3990 6294
496 327 644 393 124⁵7

1203 326 1470 394 GESTA
1498 323 1859 394 TREVER.
1893 362 1967 374 -
1999 321 2355 392 APPEND.
2387 319 2504 389 EX
2529 319 2724 388 VITA
2754 317 2822 387 Β.
2853 317 3180 388 AGRITII.

3740 317 3860 381 ως

495 483 681 540 fateor
711 483 1020 540 fenestram
1069 481 1351 548 fractam;
1382 482 1482 538 sed
1535 481 1753 538 athleta
1795 480 2008 538 Christi
2041 480 2137 551 Sy-
2165 462 2220 522 Α
2250 494 2468 536 camus.
2505 477 2669 546 Quod
2702 480 2966 550 apertum
3010 473 3403 544 dimittentes,
3440 467 3540 545 qui
3588 467 3784 540 vigiliis
3815 477 3858 527 et

498 589 682 644 meon,
733 575 1008 630 fundatus
1059 589 1233 644 supra
1286 574 1503 628 firmam
1549 577 1774 644 petram
1827 569 2137 628 immobilis

493 663 869 734 persistebat.
907 668 1080 732 atque
1114 664 1227 718 Deo
1260 663 1484 731 gratias
1517 661 1768 717 reddens
1797 677 1904 732 pro
1947 674 2140 731 perse-

499 752 808 807 cutoribus
837 751 1099 818 gaudens
1143 753 1367 805 orabat.
1415 795 1426 807 .
1476 795 1487 805 .
1535 793 1546 804 .
1593 793 1604 806 .
1653 791 1665 804 .
1712 793 1722 805 .
1771 792 1783 804 .
1829 793 1839 802 .
1888 793 1899 804 .
1947 791 1957 802 .
2005 790 2015 802 .
2064 789 2074 802 .
2122 789 2133 801 .

561 841 785 894 lnterca
815 839 1184 894 volventibus
1209 839 1375 894 annis
1396 839 1486 894 vir
1509 841 1627 894 Deo
1653 840 1894 907 Symcon
1921 835 2141 890 resolu-

477 928 692 983 tionem
719 929 804 982 sui
833 927 1099 999 praevidit
1131 927 1537 998 corporis(an.
1565 929 1738 998 1035).
1759 927 2012 996 Denique
2040 925 2144 979 do-

469 1029 660 1071 mnum
697 1017 1035 1087 episcopum
1075 1021 1626 1086 rogatutexpensas
1647 1012 2137 1085 etoperariosqui

477 1103 586 1158 sibi
621 1103 836 1159 lectum
867 1112 1218 1174 componant
1260 1105 1472 1170 mittat,
1511 1104 1633 1174 ipse
1671 1104 1724 1158 in
1749 1108 1915 1174 parte
1940 1101 2027 1157 sui
2057 1100 2142 1155 di-

483 1193 726 1247 versorii
753 1192 942 1248 locum
968 1193 1288 1263 sepultura)
1316 1198 1477 1263 parat
1509 1211 1520 1245 :
1555 1193 1712 1260 Hac,
1740 1191 2030 1260 inquiens,
2053 1205 2142 1246 γε·

489 1281 660 1351 quies
681 1295 811 1337 mea
835 1283 900 1338 in
922 1283 1200 1339 sacri/am
1230 1283 1454 1338 seculi.
1486 1281 1604 1336 Hic
1635 1279 1946 1350 ea'pectabo
1985 1279 2142 1334 diem

491 1369 774 1439 Domini;
803 1370 903 1425 liic
932 1370 1204 1426 habitabo
1237 1370 1516 1440 quoniam
1561 1369 1710 1439 elegi
1741 1384 1886 1424 eam.
1935 1368 2144 1449 Paucis

495 1459 858 1528 postmodum
875 1457 1616 1527 transactisdiebusipsum
1637 1473 1745 1525 ego
1764 1456 1998 1512 humilis
2019 1455 2109 1510 adi
2128 1457 2142 1494 ι

491 1551 751 1601 vocatus.
789 1551 846 1600 ct
877 1547 972 1615 qui
1009 1547 1218 1616 pedum
1249 1546 1407 1601 illius
1430 1547 1634 1600 esculo
1659 1561 1814 1600 cram
1845 1545 2138 1612 indignus,

2251 567 2554 640 obsequiis
2584 567 2950 624 deservirent
2983 564 3354 638 deputamus.
3393 560 3453 616 1n
3487 558 3737 617 crastino
3765 565 3854 617 tota

2249 658 2458 714 civitas
2487 657 2652 728 quasi
2683 656 2770 712 vir
2789 671 2940 712 unus
2962 655 3359 724 congregatur
3385 669 3401 717 ;
3428 649 3674 705 interior
3694 648 3856 705 domus

2249 747 2604 804 ornamentis
2634 743 3048 802 ecclesiasticis
3072 743 3409 798 decoratur.
3441 741 3583 796 Dum
3606 752 3737 808 ergo
3755 752 3854 793 exe-

2252 835 2398 906 quiae
2429 833 2812 890 communiter
2850 831 3243 887 celebrantur.
3289 869 3304 881 .
3355 868 3367 880 .
3417 868 3430 880 .
3479 867 3491 878 .
3539 867 3550 878 .
3598 866 3608 878 .
3655 866 3666 878 .
3706 824 3855 879 visum

2251 930 2335 978 est
2367 923 2652 992 omnibus,
2684 925 2743 976 ut
2779 919 2922 976 illud
2955 918 3100 974 tanti
3135 917 3243 972 viri
3292 929 3518 986 corpus
3565 927 3671 968 non
3719 912 3859 980 negli-

2251 1016 2490 1082 geretur
2519 1010 2618 1068 sed
2653 1026 2681 1066 a
2713 1009 2944 1066 clericis
2993 1022 3098 1078 per
3142 1005 3447 1077 proximos
3497 1002 3724 1072 triginta
3763 1002 3858 1056 dies

2253 1101 2550 1172 deputatis
2579 1099 2836 1156 vicissim
2865 1095 3280 1155 custodiretur.
3318 1093 3511 1162 Igitur
3543 1093 3669 1162 post
3696 1090 3859 1146 horam

2255 1205 2458 1246 nonam
2486 1188 2815 1260 sepulcrum
2839 1187 3154 1254 diligenter
3176 1181 3500 1251 clauditur,
3525 1193 3754 1250 cumque
3771 1177 3858 1234 cle-

2255 1279 2360 1334 rici
2389 1279 2517 1334 vice
2546 1278 2732 1334 suain
2763 1275 2973 1332 cellula
3017 1274 3115 1330 ubi
3162 1273 3465 1328 humatum
3516 1271 3637 1326 erat
3683 1281 3859 1337 corpus

2253 1368 2358 1422 viri
2390 1367 2509 1436 Dei,
2547 1366 2798 1438 psalmos
2839 1367 3098 1431 caneret,
3133 1375 3302 1417 unus.
3352 1401 3366 1413 .
3413 1401 3425 1414 .
3472 1401 3485 1413 .
3531 1399 3544 1412 .
3589 1399 3600 1412 .
3642 1398 3654 1410 .
3700 1398 3711 1410 .
3752 1398 3762 1410 .
3801 1397 3810 1408 .
3845 1399 3853 1408 .

2325 1476 2385 1528 In
2417 1472 2710 1529 tricesima
2739 1471 2936 1542 itaque
2968 1467 3164 1524 obitus
3197 1466 3310 1522 viri
3345 1465 3444 1521 Dei
3478 1461 3758 1534 Symeonis
3788 1460 3857 1516 die

2255 1560 2472 1617 multus
2507 1559 2756 1632 populus
2787 1573 2914 1615 cum
2949 1557 3138 1612 cereis
3169 1561 3231 1612 et
3264 1553 3402 1610 aliis
3430 1551 3595 1608 donis
3616 1550 3682 1606 ad
3701 1549 3856 1620 sepul-

493 1635 545 1689 in
581 1634 848 1690 cellulam
875 1637 946 1690 ab
969 1651 1036 1690 eo
1060 1651 1183 1691 sum
1213 1635 1600 1689 intromissus.
1628 1635 1762 1688 Post
1791 1635 2137 1707 orationem,

2262 1665 2414 1705 crum
2447 1650 2626 1720 coepit
2658 1648 2972 1703 conﬂuere.
3009 1644 3284 1712 Quaedam
3319 1657 3464 1712 ergo
3503 1655 3656 1696 anus.
3698 1680 3708 1692 .
3748 1679 3758 1690 .
3797 1679 3807 1690 .
3843 1676 3853 1689 .

493 1723 817 1794 auiplexus,
853 1723 1050 1778 oscula
1083 1727 1139 1779 et
1175 1724 1347 1778 ﬂetus
1393 1723 1779 1778 consedimus.
1829 1762 1840 1775 .
1886 1763 1897 1775 .
1945 1763 1956 1775 .
2003 1763 2016 1775 .
2063 1763 2074 1774 .
2124 1763 2136 1776 .
2255 1779 2266 1792 ο
2313 1780 2326 1792 ο
2373 1779 2387 1792 ,
2435 1781 2447 1794 ,
2493 1781 2504 1792 ,
2553 1780 2564 1792 ,
2602 1739 2682 1792 Ex
2712 1740 2849 1792 tunc
2879 1733 3212 1806 sepulcrum
3245 1725 3752 1800 viijeiapopulo
3771 1725 3854 1780 fre.

787 1853 800 1866 ο
839 1853 850 1864 ·
891 1853 902 1865 ο
942 1853 952 1865 -
994 1811 1361 1881 Ιηίοννοείιίδ
1385 1825 1523 1878 ρι’ςο
1546 1814 1778 1864 (δυιιίυιιι
1804 1814 1862 1864 εἰ
1887 1809 2140 1879 qumque
2169 1815 2222 1876 B
2255 1831 2573 1898 quentatur
2597 1842 2660 1882 ac
2678 1827 3013 1884 veneratur.
3041 1816 3854 1890 Cumergocommodusascen-

492 1900 713 1961 diebus,
745 1900 797 1954 in
825 1900 1048 1955 octavis
1076 1903 1446 1970 pentecostes
1470 1903 1616 1968 (536)
1647 1899 1991 1966 infirmatus,
2019 1899 2140 1950 Stc-

493 1990 697 2060 pliano,
727 1989 821 2060 qui
846 1990 897 2044 ei
925 1989 1238 2048 serviebat,
1269 1987 1537 2056 injungit,
1567 1991 1629 2041 ut
1649 1985 1762 2040 sibi
1791 2000 1892 2056 per
1916 1985 2140 2054 aliquot

491 2077 614 2132 dies
637 2077 891 2148 requiem
917 2079 1102 2141 daret,
1130 2082 1418 2146 quatenus
1445 2074 1574 2144 plus
1595 2074 1770 2128 solito
1783 2073 2140 2143 contempla-

493 2165 637 2222 tioni
664 2181 872 2221 vacare
899 2173 1118 2236 posset.
1137 2164 1238 2219 Ille
1258 2179 1432 2220 unum
1459 2163 1607 2217 diem
1634 2166 1927 2232 expectat.
1949 2163 2007 2216 ln
2027 2166 2140 2214 ter-

490 2255 570 2308 tia
589 2254 730 2308 feria
755 2254 823 2308 ad
841 2268 1142 2323 vesperam
1159 2253 1382 2319 signum
1410 2251 1564 2315 facit,
1583 2251 1815 2305 corbem
1840 2266 1967 2306 cum
1995 2264 2138 2320 pane

491 2340 562 2394 ad
599 2341 912 2394 fenestram
939 2340 1266 2408 suspendit.
1295 2340 1453 2393 Mane
1477 2339 1628 2392 facto
1655 2337 1808 2392 sicut
1833 2337 2140 2392 dimiserat

495 2429 775 2483 intactum
791 2427 1386 2498 reperitmultumque
1402 2425 1834 2480 anxiusadeum
1851 2425 2134 2480 ascendit.

493 2517 898 2584 Interrogatus
932 2515 1041 2570 hoc
1075 2515 1258 2570 solum
1285 2513 1579 2584 respondit
1609 2532 1620 2569 :
1653 2513 1812 2579 Quid
1833 2514 1926 2569 eis
1945 2521 1971 2570 ξ)
1991 2513 2142 2570 eode

492 2605 557 2661 in
582 2618 741 2675 pace.
779 2603 881 2658 Ille
914 2605 1144 2672 timens,
1183 2603 1454 2657 Gozcloni
1485 2601 1720 2671 clerico,
1754 2603 1850 2672 qui
1881 2601 2007 2656 viro
2040 2602 2138 2656 Dei

493 2693 641 2748 satis
693 2691 993 2747 familiaris
1043 2692 1262 2759 extitit,
1313 2706 1414 2762 per
1443 2690 1704 2746 ordinem
1751 2690 1969 2760 pandit,
2007 2691 2139 2761 quia

493 2781 740 2838 domnus
774 2780 1016 2849 Symeon
1050 2779 1218 2834 valde
1251 2779 1647 2834 intirmaretur
1680 2793 1784 2834 nec
1827 2777 1937 2833 sibi
1989 2779 2140 2834 sicut

491 2867 702 2926 solitus
750 2873 876 2923 erat
927 2868 1288 2937 loqueretur.
1327 2867 1588 2922 Clericus
1640 2867 1694 2922 in
1748 2866 1947 2937 quinta
1998 2867 2137 2922 feria

492 2956 652 3012 illum
686 2957 906 3012 visitat.
944 2955 1216 3012 Famulus
1245 2957 1342 3010 Dei
1379 2955 1599 3011 nullum
1646 2970 1992 3026 responsum
2042 2955 2141 3011 dat

494 3045 598 3102 sed
633 3051 822 3100 tamen
855 3045 924 3099 de
960 3058 1128 3100 manu
1161 3044 1289 3113 ejus
1317 3049 1516 3114 potum
1559 3044 1802 3114 suscipit
1855 3058 2031 3113 seque
2081 3043 2137 3098 in

494 3134 707 3190 lectum
742 3149 909 3190 suum
945 3133 1258 3202 recolligit.
1296 3135 1353 3187 In
1389 3133 1479 3188 die
1509 3137 1710 3188 octava
1749 3133 1882 3188 dum
1937 3133 2137 3188 revisit
2173 3163 2220 3226 Ο

493 3222 654 3279 illum
686 3222 854 3278 valde
887 3221 1168 3290 diluculo,
1200 3221 1254 3275 in
1287 3221 1566 3276 extremis
1621 3221 1836 3292 reperit
1887 3221 2140 3291 mihique

493 3315 692 3367 notum
732 3310 886 3367 facit.
924 3310 1200 3365 Concitus
1233 3310 1483 3365 cucurri.
1527 3309 1791 3366 Infirmus
1843 3315 1968 3364 toto
2016 3326 2142 3365 cor-

497 3414 634 3470 pore
665 3403 726 3454 et
757 3397 1001 3454 maxime
1034 3397 1246 3452 debilis
1279 3397 1488 3468 pedum
1541 3397 1943 3466 invalitudine,
1975 3399 2139 3468 quasi

495 3502 668 3544 sanus
701 3485 936 3541 escendi
973 3485 1094 3540 sine
1129 3485 1350 3540 dolore.
1385 3485 1596 3556 cheri
1630 3485 1818 3540 adhuc
1853 3485 2141 3542 viventem

493 3578 549 3628 et
577 3576 692 3645 jam
729 3573 992 3630 ultimum
1021 3573 1295 3644 spiritum
1319 3573 1665 3628 trahentem.
1693 3573 1982 3644 Exequias
2015 3589 2142 3644 quas

495 3677 598 3734 pro
634 3662 1006 3718 absolutione
1039 3661 1241 3718 animae
1275 3661 1638 3718 debebantur
1667 3677 1795 3718 cum
1830 3662 1971 3718 solis
2004 3663 2144 3720 duo-

497 3751 605 3806 bus
640 3751 938 3820 fratribus,
966 3749 1236 3806 Ansclmo
1265 3751 1491 3806 scilicet
1522 3756 1577 3806 et
1604 3752 1880 3820 Roberto,
1909 3751 2004 3822 qui
2031 3767 2147 3807 me-

495 3853 624 3895 cum
657 3839 1032 3909 advenerant,
1071 3843 1239 3910 prout
1278 3839 1576 3910 potuimus
1598 3839 1998 3910 expendimus.
2027 3839 2144 3896 Sic-

494 3941 604 3997 que
654 3942 803 3984 anno
852 3927 1154 3984 dominicae
1215 3927 1634 3984 incarnationis
1683 3931 1838 3997 1035,
1893 3928 2141 3984 animam

492 4021 772 4084 sanctam,
788 4016 929 4071 hora
950 4016 1117 4071 tertia
1145 4015 1448 4073 dominicae
1471 4016 1584 4072 diei
1609 4017 1664 4072 in
1682 4015 1950 4072 Kalendis
1965 4017 2139 4088 Junii,

498 4103 914 4172 benignissimo
929 4105 1020 4160 cui
1037 4119 1264 4176 semper
1278 4103 1836 4161 servieratreddidit
1859 4105 2139 4162 Creatori.

567 4208 770 4264 Subito
804 4209 866 4263 fit
916 4223 1243 4266 concursus
1294 4209 1567 4266 omnium.
1604 4211 1882 4282 Monacbi,
1919 4209 2141 4282 clerici,

491 4297 607 4352 Deo
637 4301 884 4352 sacratae
935 4297 1212 4367 virgines,
1249 4296 1459 4366 vulgus
1506 4299 1818 4368 promiscui
1866 4315 2038 4357 sexus
2083 4305 2142 4356 et

494 4385 842 4456 quicumque
875 4385 1076 4442 audire
1110 4391 1379 4458 poterant
1414 4388 1482 4442 ad
1511 4388 1656 4442 tanti
1682 4387 1788 4442 viri
1816 4389 1986 4445 funus
2014 4405 2144 4460 pro-

2253 1932 2352 1971 sus
2384 1917 2437 1972 in
2469 1915 2718 1973 aedificio
2748 1913 2935 1970 turris
2985 1913 3318 1983 pararetur,
3355 1905 3634 1979 quoddam
3676 1903 3849 1974 lignum

2254 2019 2283 2060 a
2314 2004 2512 2060 multis
2541 2003 2912 2069 trahebatur,
2939 2003 2994 2056 et
3024 2013 3153 2056 cum
3173 1997 3295 2068 jam
3316 1997 3376 2053 in
3401 1993 3745 2052 altitudinem
3763 1990 3852 2046 ele-

2252 2097 2508 2163 varetur,
2545 2095 2719 2164 rupto
2753 2091 2886 2147 fune
2919 2088 3097 2160 coepit
3129 2083 3494 2143 multitudini
3527 2095 3647 2154 quae
3682 2093 3853 2136 conve-

2251 2187 2416 2238 nerat
2451 2187 2508 2237 et
2543 2182 2753 2237 subtus
2786 2179 2976 2236 stabat
3025 2181 3274 2234 mortem
3323 2173 3545 2231 minari.
3587 2213 3598 2226 .
3641 2214 3653 2227 .
3693 2211 3704 2224 .
3743 2211 3755 2224 .
3792 2210 3803 2222 .
3839 2209 3848 2220 .

2323 2289 2424 2345 Hic
2457 2301 2686 2359 quoque
2709 2284 2802 2318 ³⁸⁸³
2827 2282 3102 2341 miracula
3129 2282 3275 2338 libet
3301 2282 3556 2337 inserere
3577 2291 3694 2350 quae
3711 2274 3847 2332 iidem

2251 2378 2358 2450 ipsi
2397 2377 2494 2448 qui
2526 2375 2712 2432 sanati
2749 2377 2882 2431 sunt
2915 2373 3320 2430 testificantur
3349 2370 3404 2426 in
3436 2369 3556 2440 ejus
3575 2367 3681 2424 vita
3701 2361 3849 2422 conti-

2249 2469 2428 2537 gisse.
2485 2467 2622 2522 Cum
2675 2478 2778 2536 per
2822 2462 3055 2533 longum
3105 2465 3341 2532 tempus
3392 2457 3637 2530 quiedem
3681 2452 3844 2511 femina

2253 2554 2481 2612 Caecilia
2517 2555 2690 2610 dicta.
2734 2595 2746 2608 .
2795 2595 2807 2608 .
2853 2594 2865 2606 .
2912 2594 2924 2606 .
2962 2551 3189 2607 Dictum
3222 2555 3318 2606 est
3358 2563 3387 2604 a
3440 2545 3667 2618 quodam
3711 2543 3846 2598 Gaze-

2252 2642 2383 2699 lone
2431 2643 2667 2699 clerico.
2715 2683 2726 2696 .
2775 2683 2786 2696 .
2836 2683 2848 2694 .
2893 2683 2906 2694 .
2955 2681 2966 2695 .
3013 2681 3025 2694 .
3063 2638 3313 2711 Quidam
3361 2634 3627 2708 puerulus
3664 2629 3845 2687 nomine

2253 2733 2577 2790 Bezelinus.
2626 2773 2638 2786 .
2685 2773 2697 2786 .
2746 2772 2758 2785 .
2805 2773 2816 2787 .
2865 2771 2876 2784 .
2921 2770 2934 2784 .
2974 2727 3254 2795 Quaedam
3291 2725 3494 2784 mulier
3525 2723 3590 2779 de
3626 2716 3842 2777 Mettensi

2250 2835 2400 2893 pago
2423 2819 2750 2892 progenita.
2799 2862 2810 2874 .
2857 2861 2870 2874 .
2917 2858 2928 2871 .
2977 2859 2988 2872 .
3037 2859 3049 2872 .
3095 2858 3106 2870 .
3157 2858 3169 2871 .
3217 2857 3229 2870 .
3286 2856 3298 2870 .
3337 2813 3519 2870 Alius.
3553 2853 3565 2866 .
3596 2805 3843 2879 cujusdam

2251 2909 2525 2967 Adelardi
2558 2907 2886 2980 presbyteri
2923 2903 3222 2978 puerulus.
3279 2946 3292 2959 .
3339 2944 3352 2958 .
3399 2943 3412 2956 .
3455 2943 3468 2956 .

2323 3017 2383 3070 In
2418 3014 2530 3070 alia
2559 3013 2853 3070 Dominica
2885 3012 2978 3068 die
3008 3010 3280 3082 quaedam
3305 3005 3508 3066 mulier
3527 3004 3593 3062 de
3613 3001 3735 3059 villa
3760 2999 3842 3056 fra-

2251 3108 2404 3160 trum
2451 3119 2578 3174 quze
2625 3106 2872 3159 vocatur
2940 3098 3348 3156 Mandiricium
3398 3098 3642 3168 (537).....
3685 3087 3840 3174 subito

2252 3173 2528 3264 parentes
2547 3191 2707 3248 illius
2732 3190 2996 3246 mulieris
3018 3194 3078 3244 et
3101 3186 3519 3245 ministeriales
3544 3183 3609 3240 de
3627 3177 3745 3238 villa
3765 3173 3840 3264 ad-

2251 3262 2606 3336 veniunt”...
2660 3277 2902 3346 Quidam
2960 3277 3356 3334 Adalmannus
3402 3273 3686 3346 presbyter
3725 3262 3840 3322 civis

2251 3367 2629 3424 Treverensis
2652 3366 2764 3422 iter
2792 3367 3120 3423 faciens.....
3139 3365 3416 3430 Quaedam
3440 3359 3632 3418 mulier
3644 3355 3705 3412 de
3719 3363 3834 3425 pago

2251 3456 2709 3512 Treverensi.....
2743 3454 2984 3521 Quidam
3018 3468 3230 3510 servus
3262 3449 3498 3524 palatini
3529 3443 3732 3504 comitis
3765 3439 3840 3494 ha-

2254 3544 2378 3601 buit
2406 3543 2788 3600 ancillam.....
2817 3543 3059 3610 Quidam
3084 3541 3256 3599 miles
3278 3541 3503 3597 nomine
3525 3539 3841 3594 Bertramnus

2254 3633 2538 3703 quandam
2574 3633 2629 3687 in
2663 3632 2907 3688 servitio
2939 3631 3141 3688 habuit
3173 3629 3444 3688 ancillam

2325 3723 2384 3776 in
2417 3720 2693 3777 Kalendis
2721 3720 3150 3777 Novembribus
3180 3733 3315 3776 cum
3347 3713 3646 3789 placuisset
3675 3706 3840 3762 domno

2253 3808 2526 3880 episcopo
2554 3808 2610 3863 in
2643 3807 2894 3864 aediﬁcio
2929 3807 3133 3876 turris,
3170 3808 3272 3864 ubi
3304 3817 3514 3876 corpus
3541 3799 3639 3856 viri
3667 3793 3748 3850 Dei
3775 3802 3839 3846 se-

2255 3895 2479 3968 pultum
2511 3901 2662 3966 erat,
2699 3911 2873 3953 unum
2907 3895 3092 3952 altare
3127 3896 3182 3951 in
3217 3896 3433 3952 honore
3479 3887 3705 3948 omnium
3743 3891 3840 3973 san-

2254 3967 2482 4041 ctorum
2513 3999 2882 4055 consecrare,
2909 3983 3130 4042 multus
3160 3984 3418 4054 undique
3443 3975 3671 4052 populus
3693 3967 3838 4036 coal)it

2255 4073 2566 4130 conﬂuere.
2603 4074 2745 4128 Dum
2776 4087 2916 4143 ergo
2945 4072 3004 4127 ﬁt
3036 4077 3360 4144 apparatus
3385 4072 3440 4126 et
3483 4067 3702 4123 domnus
3728 4066 3838 4128 ριέθ·

2256 4160 2349 4217 sul
2373 4164 2834 4233 expectatur.....

2327 4275 2568 4342 Quidam
2601 4276 2856 4333 rusticus
2885 4273 3235 4333 Godefridus
3273 4272 3601 4331 nomine.....

2328 4391 2402 4446 Ea
2437 4395 2790 4464 tempestate
2812 4407 2941 4448 cum
2969 4391 3336 4447 Trevirorum
3361 4386 3556 4445 civitas
3574 4375 3729 4437 tantis
3745 4368 3836 4444 pol-

495 4474 800 4574 perabant.
838 4475 973 4530 Ideo
1004 4475 1154 4574 sicut
1189 4475 1316 4546 ipse
1355 4475 1724 4572 disposuerat
1775 4475 1948 4532 immo
1996 4492 2142 4548 prte-
2180 4516 2225 4574 υ
2257 4477 2403 4535 leret
2438 4479 2850 4536 miraculis.....
2886 4481 3058 4534 Forte
3087 4485 3218 4536 erat
3249 4476 3396 4549 apud
3423 4469 3602 4574 nos-de

491 4560 742 4632 dixerat,
761 4563 1174 4634 corpusculum
1199 4577 1357 4618 more
1381 4576 1502 4618 sure
1524 4563 1728 4633 patria:
1743 4566 2140 4636 componimus

492 4653 550 4704 et
586 4664 714 4706 cum
748 4651 988 4722 psalmis
1016 4656 1072 4706 et
1107 4649 1380 4706 laudibus
1413 4650 1512 4706 Dei
1544 4651 1602 4705 in
1642 4650 1918 4721 sepulcro
1965 4653 2142 4710 collo-

2257 4569 2349 4623 nia
2379 4569 2717 4638 monachus,
2754 4583 2865 4624 non
2898 4568 3272 4624 mediocriter
3287 4546 3624 4620 liberalibus
3651 4546 3838 4606 institu-

2261 4663 2354 4712 tus
2387 4655 2832 4728 disciplinis.....

491 4734 3822 4770 Μ

1401 4831 1549 4919 ΕΧ
1660 4833 1920 4920 VITA
2039 4836 2424 4925 SANCTI
2536 4839 2971 4926 AGBITII

563 4976 740 5052 Hanc
767 4977 963 5034 sancti
994 4977 1229 5052 Agritii
1262 4976 1473 5047 Vitam,
1505 4989 1635 5048 qua
1662 4976 1820 5052 inter
1845 4978 2106 5052 pretiosa
2139 4980 2404 5039 histor-ia
2441 4983 2806 5040 Treverensis
2834 4982 3214 5038 mammeata
3238 4977 3455 5052 referri
3481 4970 3644 5036 debet,
3664 4959 3829 5052 ,ῃιέίρ

493 5031 787 5122 meiat;
804 5031 1348 5122 έετέέσδᾱῆῤῥεξίαηέ,
1363 5031 1556 5122 suae;
1569 5031 2170 5122 essetet-imagini
2182 5031 2800 5122 ’άίιῑιῆσῖρέάέσῖαᾷιῖέῑιῖ
2813 5031 3544 5122 άῑάῇέέξάέδνέάέὴψρνα
3558 5031 3826 5122 mam

495 5132 570 5174 ea:
594 5118 899 5194 quibusea
920 5119 986 5194 iii
1005 5117 1164 5177 notis
1185 5119 1359 5190 infra
1376 5117 1624 5175 exhibui
1644 5132 1776 5194 gare
1795 5117 2216 5194 adﬂato—77mi—
2225 5124 2638 5180 narrationem
2655 5117 3312 5194 iiiasirandmhfacm'e
3325 5120 3383 5177 υἱ

3458 5106 3665 5172 bantur.
3677 5106 3830 5172 ’Νιπο

496 5171 693 5266 ait;
709 5171 933 5266 iam
946 5171 1171 5266 aias,
1187 5171 1439 5266 satis;
1454 5171 2199 5266 immisisse;ea};
2227 5171 3526 5266 aetnaea"meamagamagam
3567 5196 3632 5239 ea
3668 5171 3826 5235 codice

493 5260 562 5316 S.
595 5259 928 5318 Maximini
956 5259 1293 5318 Boilandu-s
1325 5261 1564 5317 curavit
1591 5260 1740 5331 (Act.
1779 5262 1870 5316 SS.
1902 5262 2044 5318 Jan.
2082 5264 2134 5332 Ι,
2153 5278 2219 5335 p.
2254 5267 2406 5331 773).

1849 5360 2085 5416 VARUE
2137 5361 2544 5418 LECTIONES.

2088 5503 2292 5559 NOTAE

598 5634 722 5709 537)
749 5639 1022 5694 Fortasse
1054 5634 1382 5708 Manderen,
1415 5641 1448 5694 4
1481 5637 1679 5696 leucas
1707 5638 1780 5695 ab
1811 5644 1954 5702 urbe
1981 5659 2190 5702 versus
2223 5644 2655 5704 euro-africum.
2692 5645 3009 5700 “assensu.

563 5423 656 5459 ³⁸⁸⁸
687 5427 811 5494 Quo
839 5427 926 5484 ed.

571 5565 720 5702 £536)
754 5567 793 5622 1.
825 5581 877 5623 e.
912 5567 1038 5623 Maii
1068 5571 1156 5623 25.

598 5639 722 5702 537)
749 5639 1022 5694 Fortasse
1054 5638 1156 5693 Mai
