3990 6344
118 336 204 408 12
224 338 311 408 i9
867 337 1138 403 GESTA
1169 334 1524 404 TREVER.
1551 372 1630 384 —
1660 332 2015 400 APPEND.
2052 334 2167 398 EX
2195 335 2388 401 VITA
2420 335 2486 397 S.
2522 336 2826 400 AGRITII
3414 339 3566 402 1250

204 500 505 557 Ceterum
526 494 681 567 quod
707 492 851 552 alias
872 507 1102 564 quoque
1121 492 1341 547 Domini
1369 490 1664 562 reliquias,
1700 506 1812 546 nou
1845 474 1899 532 Α
1931 489 2161 545 minime
2192 506 2366 547 verus
2400 504 2431 545 a
2470 492 2610 549 falso
2645 508 2746 564 per
2793 492 3046 563 aliquam
3100 493 3298 549 ambus
3353 493 3582 551 intuen.

119 589 353 645 minus
377 600 546 658 quam
574 584 800 641 clavum
826 583 1013 654 ipsum
1036 580 1413 649 venerandas,
1449 584 1731 651 portaret,
1756 585 1813 635 et
1929 580 2070 634 tium
2113 578 2468 647 diligentiam
2519 582 2709 638 valeat
2741 582 3022 653 separari.
3057 584 3217 638 Hunc
3265 597 3404 651 ergo
3435 583 3571 641 dum

119 676 533 748 privilegium
556 673 900 746 praedictum
929 676 1185 725 testatur
1212 670 1379 741 (555),
1403 675 1460 724 et
1484 669 1731 725 ecclesia
1760 670 1813 724 in
1926 668 2117 738 pretio
2133 668 2345 724 ductus
2368 675 2567 725 custos
2590 671 2659 725 de
2685 687 2853 727 manu
2875 670 3138 742 episcopi
3166 671 3569 741 prasnominati

123 765 311 822 urbe
340 763 646 820 Treverica
682 761 736 816 in
770 760 987 816 honore
1014 759 1295 830 principis
1324 758 1719 829 apostolorum
1746 759 1816 813 ab
1927 758 2305 826 suscepisset,
2367 756 2614 828 dumque
2671 766 3064 829 opportunum
3125 759 3371 814 nefando
3416 761 3571 815 furto

122 854 281 925 ipso
310 852 585 908 dedicata
610 865 716 921 pro
745 848 890 920 ipsis
916 848 972 902 in
999 847 1091 904 sui
1115 847 1374 902 thesauri
1398 845 1815 917 gazophylacio

125 942 419 1000 servatis
454 941 509 995 in
560 938 796 995 Domino
843 937 1150 1007 gloriatur.
1208 936 1429 1001 Quibus
1478 948 1646 1005 quam
1697 943 1817 990 stu-

130 1032 351 1103 penda
380 1028 730 1086 reverentia)
763 1026 1102 1097 magnitudo
1136 1025 1439 1093 debeatur,
1466 1026 1735 1094 patenter
1754 1027 1815 1078 ut

127 1120 392 1176 aestimo
424 1118 786 1186 declaratur,
818 1116 869 1171 si
912 1129 1085 1170 unum
1119 1113 1275 1184 quod
1316 1128 1434 1169 sua:
1487 1112 1817 1168 sanctitatis

130 1207 459 1264 dederunt
486 1205 761 1262 indicium
800 1204 871 1259 ad
903 1203 1238 1259 memoriam
1264 1205 1589 1257 revocetur.
1627 1200 1818 1256 Veris-

130 1296 304 1352 sima
358 1309 605 1366 namque
658 1294 939 1364 majorum
975 1292 1255 1348 relatione
1301 1291 1627 1357 didicimus,
1678 1289 1815 1360 quid

134 1386 402 1455 quidam
449 1383 763 1453 religiosus
826 1381 1091 1451 multum,
1154 1380 1413 1450 ejusdem
1475 1379 1817 1450 metropolis

1927 850 2159 915 tempus
2197 859 2259 899 se
2296 845 2585 900 invenisse
2630 851 2882 917 putaret,
2915 848 3304 903 machinatum
3338 847 3434 904 diu
3479 847 3573 905 do-

1927 933 2043 989 lum
2068 933 2297 989 tandem
2331 934 2610 1005 perlicere
2642 936 2853 991 frustra
2887 942 3149 993 conatur.
3194 937 3569 1008 Transposito

1926 1035 2173 1091 namque
2206 1022 2313 1078 hoc
2347 1022 2677 1079 adulterino
2710 1023 2873 1079 clavo
2903 1025 2959 1079 in
2984 1025 3571 1082 venerabilissimido-

1927 1110 2121 1166 minici
2174 1110 2321 1166 clavi
2382 1111 2615 1180 sacello,
2668 1112 2856 1182 ipsum
2888 1113 3206 1182 pretiosum
3240 1119 3454 1170 nostrae
3485 1129 3572 1169 re-

1926 1197 2281 1268 demptionis
2316 1204 2727 1255 testamentum
2754 1200 2807 1253 in
2840 1199 3155 1269 syndonem
3192 1200 3459 1257 mundam
3488 1201 3571 1257 di-

1926 1285 2176 1355 ligenter
2206 1287 2666 1359 convolvit;quo
2700 1289 2753 1343 in
2789 1288 2919 1344 sinu
2943 1303 3049 1345 suo
3083 1287 3387 1358 collocato,
3411 1290 3569 1346 adire

1928 1380 2093 1444 parat
2132 1375 2424 1432 dominum
2448 1392 2615 1432 suum
2640 1377 2787 1433 calle
2808 1378 3010 1434 citato.
3048 1377 3157 1433 Sed
3184 1383 3245 1433 ut
3268 1382 3468 1448 aperte
3492 1378 3573 1435 in-

139 1475 505 1545 episcopus,
530 1472 663 1527 dum
698 1471 961 1527 diversas
987 1470 1277 1525 hominum
1302 1469 1722 1525 aestimationes
1746 1470 1816 1523 de

140 1562 300 1619 istis
335 1561 558 1619 Domini
589 1560 855 1629 reliquiis
877 1559 1125 1629 audiret,
1151 1559 1483 1614 dicentibus
1516 1558 1646 1613 aliis
1667 1559 1818 1613 tuni-

142 1666 291 1708 cam
317 1650 542 1706 Domini
578 1663 709 1705 esse
751 1647 1178 1717 inconsutilem,
1216 1647 1346 1701 aliis
1374 1652 1561 1702 autem
1603 1661 1818 1717 purpu-

145 1752 326 1796 ream
356 1742 582 1794 vestem
617 1751 727 1807 qua
759 1742 885 1791 erat
932 1740 1194 1806 tempore
1226 1734 1514 1805 passionis
1552 1734 1811 1801 indutus,

1930 1464 2111 1534 telligi
2147 1465 2406 1536 daretur,
2432 1482 2601 1536 quam
2619 1468 2856 1538 speciali
2892 1468 3108 1522 amoris
3126 1467 3428 1537 privilegio
3448 1470 3579 1525 Tre-

1926 1554 2177 1609 vericam
2202 1555 2509 1610 ecclesiam
2536 1570 2638 1625 per
2663 1558 2892 1611 beatum
2921 1556 3210 1625 Agricium
3235 1559 3571 1626 sponsatam

1929 1642 2158 1698 Christo
2181 1642 2656 1713 amplecteretur,
2681 1643 3020 1699 miraculum
3045 1658 3099 1699 in
3125 1644 3327 1713 primis
3354 1644 3572 1700 Domini

1930 1730 2227 1787 miraculis
2261 1735 2454 1786 mento
2490 1730 2786 1787 ferendum
2823 1746 2888 1786 ac
2920 1732 3028 1787 toti
3076 1732 3289 1787 mundo
3342 1736 3574 1803 stupen-

143 1826 514 1899 quibusdam
539 1840 677 1881 vero
704 1825 1045 1896 putantibus
1068 1823 1206 1879 illud
1253 1823 1461 1894 pignus
1486 1823 1700 1878 amoris
1724 1837 1815 1877 ca-
1845 1824 1900 1884 Β
1930 1819 2061 1873 dum
2095 1818 2146 1873 in
2182 1818 2306 1889 ipso
2340 1818 2758 1889 redemptionis
2816 1826 3035 1874 nostra:
3068 1820 3233 1875 clavo
3265 1835 3293 1874 a
3336 1820 3573 1875 Domine

145 1916 317 1986 ligas
341 1929 475 1972 esse
506 1914 702 1971 mundi
727 1911 1068 1979 Salvatoris,
1120 1912 1253 1967 dum
1296 1912 1399 1967 has
1442 1912 1671 1981 inquam
1697 1911 1817 1982 Opi-

145 2005 373 2062 niones
405 2003 669 2061 veritatis
690 2002 1084 2073 exquisitione
1107 1999 1421 2071 plurimum
1454 2000 1815 2057 desideraret

147 2091 535 2150 dissolvere:
580 2090 1005 2148 communicato
1050 2092 1169 2145 tam
1204 2089 1404 2160 populi
1456 2103 1624 2159 quam
1672 2087 1812 2143 cleri

151 2195 271 2237 nec
304 2195 421 2237 non
444 2180 669 2237 ordinis
701 2178 1022 2235 monachici
1054 2177 1319 2247 consilio,
1349 2176 1683 2233 triduanum
1716 2191 1817 2247 per

151 2275 348 2325 totam
380 2269 681 2326 civitatem
708 2267 916 2325 indixit
934 2266 1238 2337 jejunium,
1267 2280 1476 2336 rogans
1497 2280 1696 2322 omnes
1716 2265 1817 2322 hu-

152 2357 407 2427 militer,
430 2362 719 2428 quatenus
743 2371 772 2412 a
798 2357 912 2412 Deo
936 2359 1204 2427 peterent
1229 2354 1599 2423 unanimiter,
1627 2359 1687 2410 ut
1714 2370 1816 2425 pcr

150 2461 327 2502 suam
367 2461 565 2518 pacem
594 2449 651 2501 et
676 2444 968 2501 licentiam
994 2443 1166 2499 alicui
1193 2458 1263 2499 ex
1288 2443 1430 2514 ipsis
1455 2443 1599 2498 tanti
1624 2456 1818 2499 sacra-

151 2535 344 2590 menti
366 2534 718 2591 concederet
732 2533 1097 2590 intuentiam.
1120 2533 1321 2588 Peract
1336 2550 1365 2581 ι)
1382 2532 1563 2601 igitur
1573 2531 1650 2602 jej
1661 2531 1814 2599 unio,

151 2622 366 2681 clerus
388 2629 447 2680 et
470 2622 722 2695 populus
741 2627 1138 2679 convocantur
1163 2621 1217 2677 in
1251 2620 1480 2676 domum
1505 2620 1692 2675 sancti
1718 2621 1819 2675 Pe-

153 2714 261 2783 tri,
297 2728 431 2784 quae
461 2712 633 2781 hujus
668 2716 760 2768 est
787 2710 1195 2767 conservatrix
1219 2709 1502 2779 thesauri,
1546 2708 1643 2765 ubi
1670 2723 1819 2765 unus

150 2801 231 2858 de
262 2805 397 2857 tota
421 2800 797 2857 multitudine
819 2799 1114 2871 precipuae
1138 2797 1439 2867 religionis
1471 2802 1531 2852 et
1560 2798 1819 2853 devotio-

151 2890 250 2946 nis
286 2889 607 2945 monachus
640 2888 886 2957 electus,
923 2888 1215 2944 occultum
1248 2886 1467 2941 Domini
1496 2886 1730 2942 visurus
1759 2891 1817 2943 et

150 2977 407 3049 praesuli
431 2978 931 3045 manifestaturus,
959 2975 1222 3033 aréamin
1246 2990 1415 3046 quam
1440 2974 1819 3045 beatusAgri-

151 3068 290 3124 eius
310 3066 468 3123 hunc
492 3071 839 3137 reposuerat
863 3066 1198 3121 thesaurum
1223 3064 1527 3120 reseravit.
1555 3064 1662 3119 Sed
1688 3077 1817 3119 mox

156 3160 227 3212 ut
251 3154 620 3225 opertorium
644 3154 1116 3225 introspecturus
1140 3153 1373 3219 levavit,
1400 3152 1693 3208 occultum
1718 3151 1814 3207 Dei
1847 3179 1900 3238 D

150 3241 466 3312 judicium,
500 3247 707 3299 contra
730 3242 881 3313 quod
909 3241 1124 3298 nullum
1158 3244 1247 3297 est
1280 3240 1605 3307 consilium,
1631 3240 1816 3297 visum

157 3332 214 3388 ei
252 3331 474 3388 clausit
505 3330 833 3387 oculorum.
860 3330 1019 3386 Unde
1044 3332 1258 3386 factum
1288 3330 1375 3385 esi
1407 3332 1465 3385 ut
1498 3344 1698 3386 omnes
1721 3330 1817 3400 qui

160 3419 571 3493 prudentioris
604 3418 831 3475 consilii
878 3424 937 3475 et
968 3419 1214 3475 acrioris
1252 3419 1403 3489 apud
1454 3418 1616 3488 ipsos
1653 3421 1817 3474 erant

159 3508 387 3580 ingenii
425 3522 528 3578 per
552 3507 848 3564 inductam
882 3512 1046 3564 tanto
1077 3508 1202 3563 viro
1249 3506 1572 3562 cmcitatem
1606 3507 1662 3561 in
1712 3506 1821 3563 hoc

157 3598 267 3655 Dei
317 3596 651 3668 judicarent
713 3610 846 3653 esse
875 3595 1254 3664 voluntatem,
1305 3600 1368 3651 ut
1399 3609 1707 3666 numquam
1751 3594 1819 3650 ad

158 3687 278 3743 hoc
353 3685 751 3742 contuendum
820 3690 1093 3756 peccator
1164 3683 1598 3754 admitteretur,
1657 3684 1825 3753 cujus

161 3778 451 3847 aspectus
481 3788 584 3829 nec
600 3775 760 3844 justo
791 3773 1232 3841 concederetur.
1270 3774 1402 3828 Post
1436 3772 1594 3829 illius
1625 3772 1822 3843 itaque

161 3863 332 3921 hora
389 3862 797 3921 transitionem
846 3876 1016 3918 nemo
1044 3862 1418 3933 attemptavit
1467 3862 1640 3932 hujus
1673 3876 1822 3919 arcae

164 3950 555 4024 apertionem.
604 3993 658 4006 ..
694 3992 706 4006 .
747 3993 759 4006 .

240 4077 428 4132 Unum
457 4081 649 4132 tamen
679 4075 832 4147 quod
863 4074 1022 4132 dedit
1048 4075 1197 4131 idem
1230 4074 1431 4132 clavus
1452 4074 1673 4131 Domini
1702 4091 1824 4134 suae

165 4163 572 4236 pretiositatis
613 4163 837 4234 insigne
893 4162 1127 4219 sdentio
1175 4161 1447 4220 nolumus
1497 4164 1820 4234 praeterire.

165 4253 313 4307 Nam
343 4266 474 4307 cum
498 4252 679 4307 frater
712 4251 1081 4323 imperatoris
1113 4251 1389 4307 OttonisI
1423 4285 1484 4293 —
1516 4256 1640 4308 tres
1672 4254 1823 4309 enim

167 4341 409 4396 fuerunt
444 4340 727 4395 —Bruno
786 4343 1052 4410 vocatus,
1112 4338 1384 4396 meliores
1440 4339 1823 4411 Lotharingiae

166 4429 571 4500 episc0patus,
627 4430 1040 4484 Treverensem
1084 4426 1228 4498 (539)
1263 4427 1487 4484 scilicet
1542 4433 1601 4483 et
1660 4429 1825 4487 Colo-

1928 1907 2258 1962 exhibetur.
2299 1909 2438 1963 Dum
2469 1907 2616 1962 enim
2641 1913 2842 1962 custos
2875 1908 2971 1962 ille
2997 1908 3420 1977 perlidissimus
3439 1913 3575 1964 tam-

1930 2009 2099 2065 quam
2132 1997 2431 2065 transfuga
2484 1995 2823 2064 vilissimus,
2852 1996 3042 2066 pretio
3087 1996 3415 2065 iniquitatis
3444 2011 3572 2053 cor-

1928 2088 2155 2155 ruptus,
2205 2089 2370 2154 terga
2398 2084 2527 2139 fidei
2562 2084 2821 2141 dedisset
2853 2084 3097 2155 ejusque
3138 2085 3449 2155 pretiosam
3480 2101 3569 2142 ar-

1928 2179 2087 2234 rham
2121 2180 2191 2236 de
2219 2181 2439 2251 gremio
2472 2195 2700 2252 sponsis
2718 2181 3036 2236 Treverij
3070 2184 3370 2251 asportare
3404 2193 3566 2251 para-

1928 2272 2038 2337 ret,
2074 2269 2215 2323 mira
2270 2271 2378 2324 res!
2431 2269 2667 2339 sanguis
2700 2284 2809 2325 non
2844 2268 3106 2325 modicus
3145 2269 3213 2323 de
3245 2268 3410 2325 clavo
3442 2268 3569 2339 ipso

1928 2356 1982 2411 in
2013 2358 2328 2427 syndonem
2353 2359 2650 2428 profusus,
2693 2358 2828 2413 item
2853 2357 2985 2412 inde
3017 2358 3069 2413 in
3095 2357 3279 2413 sinum
3315 2356 3571 2412 camisiie

1926 2450 2042 2500 tam
2076 2446 2292 2503 multus
2320 2447 2591 2515 manavit,
2623 2454 2679 2502 ut
2706 2447 2892 2501 omnia
2943 2445 3101 2502 illius
3151 2446 3425 2501 mierrimi
3453 2461 3574 2517 por-

1929 2534 2123 2590 titoris
2155 2535 2243 2590 sui
2276 2535 2502 2590 viscera
2535 2549 2751 2605 pavore
2798 2536 3200 2603 frigescerent.
3247 2534 3367 2600 Qua
3407 2535 3478 2590 de
3511 2548 3571 2590 re

1928 2623 2228 2692 confusus,
2260 2629 2318 2677 ct
2358 2627 2581 2679 reatum
2612 2638 2778 2679 suum
2802 2628 2859 2678 et
2887 2624 3146 2693 episcopi
3182 2622 3409 2694 publice
3440 2637 3573 2678 con-

1932 2712 2080 2766 titeri
2130 2715 2390 2781 coactus,
2449 2713 2603 2767 facto
2638 2728 2769 2766 mox
2797 2711 3051 2768 omnium
3082 2716 3395 2781 conventu,
3432 2726 3575 2781 quos

1928 2800 2243 2857 diuturnus
2282 2814 2690 2871 campauarum
2732 2800 2964 2855 sonitus
3013 2800 3277 2870 tantique
3310 2799 3572 2855 miraculi

1929 2903 2128 2944 rumor
2162 2889 2435 2945 insolitus
2471 2904 2572 2945 nec
2602 2888 2841 2945 auditus
2872 2902 2901 2943 a
2936 2887 3137 2943 seculo
3169 2891 3400 2958 poterat
3445 2901 3576 2943 avo-

1929 2992 2083 3047 care,
2119 2981 2343 3034 statuto
2369 2977 2422 3033 in
2454 2976 2644 3032 medlo
2667 2977 2868 3033 eodem
2893 2976 3017 3032 fure
3037 2975 3303 3042 nefando,
3329 2978 3573 3032 extenso

1929 3079 2125 3121 coram
2150 3066 2418 3121 omnibus
2434 3064 2875 3134 sanguinolente
2902 3079 3090 3135 panno
3113 3064 3355 3135 ipsoque
3380 3064 3573 3119 fusore

1928 3153 2101 3223 hujus
2130 3154 2428 3223 sanguinis
2485 3152 2882 3210 sacratissimo
2924 3152 3108 3222 clavo,
3162 3166 3411 3208 unavox
3459 3166 3577 3208 om-

1929 3243 2085 3298 nium
2109 3241 2467 3298 laudantium
2484 3242 2766 3299 elevatur.
2787 3242 2922 3308 Quae
2935 3257 3064 3299 cum
3086 3240 3335 3312 repetita
3360 3240 3575 3311 saepius

1931 3330 2239 3387 iteratione
2263 3331 2357 3387 diu
2384 3330 2745 3402 multumque
2784 3331 2992 3388 fuisset
3016 3330 3401 3400 frequentata,
3425 3343 3576 3385 com-

1931 3418 2085 3475 muni
2115 3419 2367 3474 omnium
2401 3419 2497 3489 qui
2530 3419 2605 3474 ibi
2661 3418 2906 3475 aderant
2934 3418 3178 3475 consilio
3242 3417 3578 3489 prudentio-

1932 3522 2080 3577 rum,
2113 3511 2451 3578 competens
2482 3513 2599 3563 tam
2633 3509 2930 3579 praecipuo
2962 3507 3268 3577 sacrilegio
3299 3506 3575 3578 pmniten-

1935 3597 2030 3652 tiae
2080 3596 2368 3653 sententia
2421 3597 2478 3651 in
2508 3596 2670 3652 illum
2702 3596 2998 3666 miserum,
3049 3611 3120 3652 ne
3151 3596 3340 3653 dicam
3389 3600 3582 3653 custo-

1933 3686 2085 3755 dem,
2109 3688 2204 3740 est
2224 3684 2462 3740 dictata.
2488 3684 2621 3739 Dies
2672 3699 2901 3755 quoque
2925 3685 3050 3756 ipsa
3096 3685 3151 3740 in
3185 3700 3298 3755 qua
3328 3686 3452 3742 haec
3482 3685 3583 3740 mi-

1934 3773 2291 3829 serationum
2314 3773 2413 3827 Dei
2447 3773 2747 3829 nobiscum
2779 3779 2916 3829 sunt
2955 3773 3235 3829 divinitus
3261 3773 3579 3841 celebrata,

1933 3862 1989 3917 in
2021 3860 2456 3930 martyrologiis
2479 3862 2676 3917 statim
2700 3865 2791 3917 est
2814 3864 3033 3931 notata,
3066 3864 3127 3915 12
3151 3860 3428 3917 videlicet
3456 3862 3578 3918 Kal.

1930 3950 2094 4006 Julii.
2135 3949 2278 4005 Huic
2298 3954 2491 4005 autem
2517 3936 2781 4006 inaudito
2807 3949 2941 4005 licet
2975 3948 3199 4004 Domini
3234 3949 3513 4007 miraculo
3534 3950 3582 4007 si

1934 4039 2084 4111 quis,
2118 4037 2270 4108 quod
2305 4038 2475 4107 absit,
2512 4052 2710 4094 aurem
2747 4038 3121 4095 credulitatis
3175 4036 3404 4094 dubitat
3447 4052 3586 4111 prae.

1936 4129 2094 4197 bere,
2131 4130 2323 4199 potest
2358 4127 2548 4184 adhuc
2570 4132 2630 4183 et
2659 4127 2907 4185 eundem
2941 4126 3242 4199 sanguinis
3283 4130 3453 4184 notas
3492 4128 3591 4182 ha-

1936 4234 2165 4291 bentem
2199 4247 2448 4306 pannum
2479 4239 2540 4290 et
2569 4234 2818 4291 eundem
2851 4233 3247 4291 adulterinum
3270 4232 3497 4291 clavum
3529 4232 3583 4288 in

1933 4323 2105 4380 domo
2137 4323 2323 4380 sancti
2352 4323 2530 4393 Petri,
2565 4323 2613 4380 si
2647 4323 3032 4394 permittitur,
3068 4322 3293 4381 videre.

2005 4465 2152 4522 Illud
2213 4465 2387 4523 etiam
2439 4464 2776 4522 festivitatis
2808 4467 3100 4537 praecelsas
3130 4462 3481 4537 praeconium
3513 4463 3584 4520 de

169 4517 455 4623 nienses;
476 4529 595 4623 ,ιξςο
624 4517 1078 4623 aeneum":
1110 4516 1284 4623 νεεηί,
1305 4516 1478 4623 mis
1508 4518 1821 4623 Partfmin
1854 4539 1906 4599 Β
1936 4516 2387 4611 regiaregia;
2426 4516 2785 4609 amisii;
2808 4516 3583 4623 massinissae;

170 4619 275 4663 sua
306 4605 549 4662 haberet
576 4610 890 4678 potestate,
920 4620 1027 4662 non
1055 4608 1205 4661 bono
1229 4609 1289 4661 ut
1317 4610 1479 4677 patet
1500 4605 1712 4677 spiritu
1742 4607 1825 4663 in-

167 4695 450 4765 stinctus,
484 4696 634 4751 hunc
670 4695 858 4767 ipsum
891 4695 961 4751 dc
995 4710 1109 4765 quo
1142 4694 1436 4766 loquimur
1460 4695 1680 4753 festivae
1713 4711 1825 4753 me-

167 4784 375 4842 moriae
410 4798 476 4839 ac
532 4783 743 4840 salutis
804 4788 1017 4840 nostrae
1079 4782 1326 4855 clavum,
1387 4800 1499 4857 quo
1539 4786 1822 4857 nescitur,

166 4873 496 4930 transferre
523 4871 691 4941 clam,
735 4886 804 4928 ne
838 4872 1023 4928 dicam
1076 4872 1297 4943 furtim,
1330 4873 1581 4931 volebat.
1620 4877 1829 4931 Corru-

169 4966 274 5035 pto
330 4960 618 5032 siquidem
669 4960 838 5030 hujus
917 4961 1185 5017 dominici
1248 4963 1505 5019 thesauri
1555 4964 1824 5033 custode,

170 5048 348 5107 alium
381 5048 517 5107 huic
545 5051 665 5105 tam
695 5047 1047 5107 simillimum
1090 5049 1229 5107 fecit
1260 5052 1472 5124 parari,
1518 5057 1578 5110 ut
1610 5053 1707 5110 vix
1730 5059 1831 5111 aut

1935 4641 2025 4697 vis
2048 4658 2078 4698 a
2107 4646 2264 4699 teste
2296 4642 2655 4714 nequissimo
2683 4641 2892 4698 salutis
2921 4646 3139 4697 nostra;
3171 4641 3339 4695 hoste
3389 4653 3495 4711 per
3515 4654 3580 4696 os

1935 4729 2198 4787 mulieris
2230 4733 2302 4787 ab
2359 4731 2491 4803 ipso
2548 4744 2830 4803 possessa?
2880 4728 3260 4801 suscepimus,
3294 4726 3580 4784 silendum

1935 4833 2064 4876 esse
2105 4834 2221 4874 non
2276 4825 2576 4890 putamus.
2634 4821 2768 4876 Nam
2820 4817 3027 4875 mulier
3067 4817 3328 4887 quaedam
3352 4817 3581 4872 nomine

1936 4906 2268 4975 Winiberga
2298 4907 2369 4962 de
2400 4910 2638 4966 civitate
2672 4907 2914 4966 oriunda
2946 4921 3073 4977 quae
3121 4906 3297 4975 vulgo
3346 4904 3583 4974 Regius-

1941 4995 2124 5052 burch
2151 5000 2493 5052 vocatur...
2520 5041 2530 5053 .
2557 5040 2567 5051 .

1781 5235 1986 5291 NOTAE)

241 5396 386 5469 (538)
419 5394 511 5469 De
548 5389 880 5469 diplomate
908 5405 948 5469 _a
991 5392 1273 5449 Silvestro
1312 5404 1476 5464 papa,
1510 5397 1571 5449 ut
1605 5394 1831 5451 diceba-

171 5462 284 5539 tur,
320 5462 465 5539 dato
486 5462 797 5534 'loquitur;
826 5462 951 5518 vid.
1008 5479 1203 5539 supra.

237 5533 383 5612 (339)
415 5533 751 5612 Brunonem
804 5548 929 5612 non_
964 5533 1369 5612 episcopatum
1420 5533 1675 5612 q_uid_em_
1700 5536 1832 5612 Tre-

168 5604 474 5673 verensem
498 5605 787 5682 tenuisse,
831 5604 935 5666 sed
956 5604 1187 5666 summa
1207 5606 1263 5663 in
1288 5610 1413 5665 toto
1438 5604 1831 5679 Lotharingiae

1941 5408 2119 5464 regno
2138 5393 2446 5463 przeditnm
2472 5393 2653 5449 fuisse
2670 5398 2987 5464 potestate,
3005 5394 3150 5451 satis
3164 5393 3586 5451 consta‘t.Simi-

1940 5464 2053 5520 lem
2087 5464 2477 5520 narrationem
2526 5464 2624 5519 alii
2658 5464 2729 5521 de
2759 5464 3115 5521 Theoderico
3173 5465 3408 5521 Metensi
3466 5469 3583 5519 tra-

1942 5535 2125 5604 dunt;
2155 5550 2216 5592 v.
2251 5550 2428 5607 supra
2463 5536 2626 5592 Gest.
2665 5534 2856 5591 addit.
2898 5550 2958 5589 c.
2989 5538 3045 5591 δ.
