3990 6362
158 310 333 370 1253
821 306 1087 371 GESTA
1115 305 1469 373 TREVER.
1504 342 1581 354 —
1609 308 1945 370 APPEND
1979 308 2168 372 VITA
2199 308 2561 371 CONRADI
2592 308 2979 373 ARCHIEP.
3444 307 3591 371 1254

149 462 344 530 estis,
386 467 723 533 vestraeque
774 460 1093 516 ascribitur
1138 461 1393 530 caritati,
1449 460 1601 531 quod
1644 460 1837 515 saltim
1869 442 1924 501 Α
1956 458 2161 514 mereri
2193 460 2490 517 valeamus
2517 462 2765 529 gratiam
2795 478 2807 525 ;
2845 462 2893 516 si
2926 460 3023 515 ille
3057 461 3330 530 dignetur
3362 463 3592 532 adesse,

155 550 388 606 sedem
425 552 602 607 habet
632 549 891 620 sepulcri
930 549 984 604 in
1016 549 1361 620 episcopatu
1394 548 1487 582 ³⁸⁷⁸
1518 549 1655 603 olim
1690 564 1841 604 com-
1954 547 2077 602 sine
2107 562 2219 617 quo
2252 548 2425 603 nichil
2463 565 2770 619 possumus
2800 550 3014 619 facere,
3051 564 3080 603 a
3111 564 3225 619 quo
3254 556 3346 605 est
3404 552 3590 608 omnis

159 638 368 695 misso
410 639 543 694 sibi.
581 639 681 708 Egi
714 636 806 670 ³⁸⁷⁹
834 638 939 693 hoc
972 653 1085 693 non
1118 638 1313 708 aliquo
1346 637 1683 709 supercilio,
1738 638 1838 692 sed
1955 636 2241 708 sapientia
2273 641 2329 692 et
2364 653 2529 692 oume
2561 639 2769 694 donum
2823 640 3307 709 perfectum,-qui
3341 640 3594 695 disertas

155 726 427 784 abbatis
458 726 553 760 ³⁸⁸⁰
582 732 639 782 et
676 727 917 783 fratrum
939 726 1302 782 constrictus
1329 727 1606 797 imperio;
1631 726 1842 796 quibus
1956 725 2087 780 fecit
2115 725 2340 795 linguas
2360 725 2659 781 infantium
2679 732 2734 781 et
2760 742 2889 781 eum
2912 725 3325 782 voluitanimal
3354 727 3588 781 brutum

156 814 369 870 etiam
401 815 559 871 ultra
592 814 752 870 vires
785 814 1020 870 debitor
1048 830 1171 870 sum
1224 814 1279 869 in
1318 816 1585 870 omnibus
1614 829 1840 885 parere,
1956 813 2088 868 fecit
2120 813 2470 880 facundum;
2504 814 2570 881 si,
2628 814 2878 885 inquam,
2930 814 3026 870 ille
3076 820 3342 886 apertum
3392 830 3457 870 os
3493 830 3595 870 no-

164 902 1023 959 cummenoviterdesolatum
1051 902 1478 957 ctdcstitutum
1501 918 1605 973 pro
1626 901 1840 956 Christi
1954 906 2140 957 strum
2174 901 2446 970 dignetur
2480 902 2719 971 inplere,
2754 909 2808 957 ct
2842 919 3033 968 suum,
3075 904 3170 974 qui
3227 903 3321 958 ubi
3373 902 3497 958 vult
3534 908 3591 957 et

165 991 429 1046 nomine
458 997 516 1045 et
547 995 825 1062 respectu
855 990 1072 1059 regulae
1108 990 1161 1045 in
1192 992 1281 1046 sui
1311 991 1529 1060 dignati
1561 996 1697 1046 sunt
1728 991 1846 1045 col-
1955 989 2321 1059 qnandovult
2346 991 2551 1061 spirat,
2578 990 2852 1058 Spiritum
2870 993 3031 1047 cordi
3056 993 3593 1063 nostroinspirare:

168 1078 415 1148 legium
448 1093 788 1149 aggregare.
823 1079 1024 1148 Igitur,
1057 1094 1090 1134 ο
1122 1084 1178 1134 et
1205 1080 1539 1150 praesidium
1571 1084 1628 1133 et
1678 1079 1846 1134 dulce
1956 1085 2227 1149 optamus
2252 1094 2361 1133 non
2399 1080 2621 1150 pigrum
2647 1095 2879 1135 servum
2904 1080 3048 1134 male
3080 1080 3322 1135 ociando
3349 1080 3586 1149 imitari,

165 1168 377 1223 decus
415 1171 679 1223 nostrum
710 1169 874 1237 (lion.
912 1168 1113 1223 Carm.
1148 1170 1190 1237 Ι,
1230 1174 1278 1237 1,
1330 1171 1407 1241 2,)
1438 1200 1504 1207 -
1536 1168 1632 1237 qui
1682 1173 1743 1222 ct
1790 1168 1843 1222 in
1957 1166 2057 1223 sed
2080 1167 2279 1238 pocius
2302 1168 2725 1237 aliquantulum
2744 1183 2849 1222 nos
2871 1168 3247 1223 exercitando
3271 1184 3399 1223 eum
3425 1185 3598 1224 :emu-

166 1254 470 1324 katalogo
501 1261 719 1311 sancta
766 1256 1150 1311 Virdnnensis
1197 1256 1459 1311 ecclesiae
1512 1257 1844 1327 pontificum
1958 1246 2086 1325 lari,
2123 1257 2216 1325 qui
2252 1257 2650 1327 dupplicatum
2686 1258 2739 1311 in
2773 1258 3014 1325 ucgocio
3050 1257 3327 1311 talentum
3371 1273 3475 1312 suo
3508 1256 3598 1289 ³⁸⁸⁸

169 1359 290 1414 per
330 1344 604 1414 decalogi
635 1344 1062 1399 observantiam
1097 1350 1157 1399 ct
1194 1346 1513 1414 angelicam
1568 1346 1621 1400 in
1674 1345 1847 1400 terris
1961 1346 2193 1401 domino
2240 1345 2441 1400 retulit
2495 1352 2553 1399 et
2602 1348 2810 1401 bonum
2856 1346 3097 1412 gradum
3168 1346 3485 1414 adquisivit
3542 1352 3595 1400 et

172 1431 377 1486 vitam
417 1431 473 1486 in
506 1440 739 1488 aeternae
790 1432 1008 1501 quietis
1038 1438 1097 1487 et
1130 1432 1426 1488 libertatis
1462 1433 1707 1489 filiorum
1750 1434 1847 1487 Dei
1963 1434 2173 1503 majora
2210 1434 2447 1503 adipisci
2484 1434 2822 1504 promeruit.
2854 1434 2934 1487 Ad
2960 1436 3066 1488 hoc
3101 1434 3275 1487 ctiam
3301 1434 3604 1504 sapientis-

168 1518 417 1587 jubileo
455 1520 665 1575 divinae
690 1521 1177 1576 remunerationis
1209 1522 1506 1577 denarium
1541 1526 1595 1576 et
1646 1522 1850 1577 ultimo
1965 1522 2143 1577 simus
2166 1522 2834 1587 ecclesiastes,omniu:u
2859 1523 3032 1577 saluti
3058 1522 3394 1589 consulens,
3435 1523 3598 1593 quasi

175 1608 279 1662 die
318 1608 590 1665 bravium
622 1612 757 1664 octo
804 1609 1119 1679 suspiratis
1162 1609 1586 1665 beatitudinum
1622 1643 1707 1677 ——,
1745 1610 1853 1665 hoc

176 1694 608 1751 munusculum
634 1696 938 1767 spirituale
957 1697 1392 1753 vestriadvenae
1418 1698 1702 1767 tequivoci
1727 1711 1857 1764 gra-

1965 1610 2062 1666 uni
2083 1609 2348 1678 loquens,
2376 1610 2426 1664 in
2453 1626 2563 1665 uno
2587 1624 2784 1663 omnes
2811 1610 3327 1666 hortaturdiccus:
3360 1633 3384 1659 α
3416 1610 3605 1676 Quod-

1967 1714 2215 1768 cumque
2249 1699 2399 1754 valet
2436 1714 2637 1753 manus
2671 1706 2767 1752 tua
2794 1714 2986 1766 agere,
3011 1700 3300 1754 instanter
3334 1715 3599 1770 operare,

177 1787 396 1839 tanter
417 1784 701 1855 suscipite
720 1803 733 1850 ;
750 1791 809 1840 et
824 1785 954 1855 quia
973 1786 1028 1840 in
1047 1786 1292 1855 mystico
1308 1786 1581 1841 rationali
1601 1786 1855 1857 pectoris
1887 1794 1936 1853 Β
1971 1789 2099 1858 quia
2118 1803 2219 1842 uec
2235 1802 2382 1857 opus
2399 1802 2502 1841 nec
2520 1803 2576 1839 ra
2591 1786 2666 1840 tio
2683 1801 2787 1841 nec
2804 1786 3042 1840 scientia
3059 1788 3172 1840 erit
3187 1788 3335 1857 apud
3363 1788 3599 1855 inferos,

179 1871 382 1927 vestri
416 1871 658 1928 mirifice
686 1872 866 1941 fulget
885 1874 1152 1929 doctrina
1178 1878 1231 1930 et
1260 1875 1506 1942 veritas,
1534 1875 1850 1929 secundum

180 1957 396 2014 datam
428 1960 598 2015 vobis
621 1975 648 2015 a
673 1962 791 2016 Deo
811 1962 1155 2032 sapientiam
1176 1960 1499 2031 spiritualia
1535 1961 1853 2032 spirituali-

196 2046 317 2103 bus
341 2049 735 2119 comparando
757 2049 1055 2118 discutite,
1081 2055 1139 2104 et
1165 2050 1262 2105 ubi
1288 2050 1522 2119 quantis
1545 2050 1764 2119 vigiliis
1794 2055 1848 2104 et

194 2134 424 2191 sudore
458 2136 567 2192 hoc
598 2138 766 2193 nobis
814 2138 1146 2193 constiterit
1180 2138 1629 2208 perpenderitis,
1662 2138 1708 2193 si
1742 2153 1851 2192 non

189 2226 289 2279 est
323 2222 779 2296 obliterandum,
815 2226 1109 2296 superflua
1142 2226 1405 2293 recidite,
1454 2226 1676 2281 hiantia
1723 2242 1854 2295 sup-

193 2311 384 2383 plete,
422 2313 611 2369 minus
643 2314 896 2369 lucentia
918 2315 1258 2384 clarificate,
1288 2315 1579 2385 incompta
1604 2316 1851 2382 comite;

199 2413 273 2455 ac
315 2399 367 2457 si
421 2400 604 2470 magis
652 2402 762 2457 hoc
809 2402 1078 2457 idoneum
1120 2402 1399 2472 judicatis
1450 2402 1635 2457 tineas
1686 2418 1853 2473 quam

197 2493 437 2544 mentes
470 2504 728 2560 pascere,
763 2489 921 2547 aliud
942 2495 1122 2547 tantae
1147 2496 1305 2546 sanct
1322 2491 1477 2546 "tatis
1501 2491 1607 2545 viri
1631 2490 1719 2522 ³⁸⁸1
1743 2506 1857 2545 me-

198 2578 340 2633 ritis
368 2578 717 2648 condignum
749 2595 896 2650 opus
947 2580 1261 2649 dignemini
1309 2581 1669 2650 procudere;
1724 2580 1854 2650 quia

198 2681 323 2722 non
358 2680 708 2738 magnopere
740 2683 918 2739 super
949 2669 1242 2740 insumpto
1274 2669 1428 2724 inani
1458 2669 1659 2724 labore
1703 2668 1858 2723 dole-

197 2770 357 2824 mus,
394 2755 443 2810 si
472 2756 580 2811 sub
613 2762 727 2811 tam
750 2756 912 2826 justo
945 2762 1002 2811 et
1034 2758 1373 2828 incorrupto
1400 2757 1593 2826 judice
1622 2771 1856 2813 causam

196 2841 528 2914 perdimus.
548 2844 596 2899 si
621 2844 879 2914 pretiosa
905 2860 1011 2916 pro
1030 2844 1265 2914 vilibus,
1283 2846 1331 2901 si
1356 2861 1462 2916 pro
1478 2845 1632 2901 cocti
1656 2844 1858 2900 lateris

204 2943 453 2986 munere
485 2931 760 2986 mundum
791 2946 994 2987 aurum
1025 2931 1361 3003 recipimus.

271 3035 481 3092 Merito
535 3036 791 3092 omnium
842 3038 1139 3093 sententia
1188 3036 1671 3108 reprehensibilis
1709 3036 1859 3107 judi-

195 3128 395 3193 catur,
431 3123 600 3193 cujus
644 3123 856 3180 inertia
912 3140 1025 3181 non
1077 3127 1345 3193 habetur,
1399 3126 1548 3195 quod
1597 3126 1855 3181 habitum
1890 3144 1938 3207 ο

197 3210 415 3266 honori
449 3215 509 3266 et
534 3211 778 3267 utilitati
815 3212 1119 3285 prodesset
1155 3212 1557 3283 plurimorum.
1592 3212 1751 3268 Unde
1802 3218 1861 3267 et

200 3313 462 3369 nequam
494 3313 701 3355 servus
729 3299 826 3355 ille
875 3300 1069 3356 divino
1118 3299 1211 3333 ³⁸⁸²
1259 3300 1521 3355 examine
1574 3300 1861 3356 dominica

199 3386 400 3457 gratia
431 3387 696 3459 privatus
718 3386 830 3458 ³⁸⁸³,
868 3389 964 3459 qui
999 3388 1280 3445 talentum
1326 3389 1436 3444 sibi
1488 3390 1861 3445 commissum

203 3473 421 3531 maluit
452 3479 609 3531 terra
639 3475 959 3547 occultare,
1006 3492 1174 3547 quam
1221 3492 1289 3533 eo
1339 3476 1408 3531 ad
1454 3476 1676 3533 lucrum
1728 3479 1863 3534 dato

206 3569 333 3619 tum
365 3564 665 3619 conservis
698 3564 996 3635 prodesse,
1032 3569 1151 3621 tum
1185 3564 1489 3620 dominicis
1523 3565 1729 3621 usibus
1775 3565 1866 3621 de.

205 3651 459 3707 servire.
517 3653 589 3707 At
636 3667 743 3709 nos
790 3667 922 3710 cum
972 3654 1292 3710 habeamus
1341 3654 1396 3709 in
1448 3658 1681 3724 promtu
1732 3655 1865 3711 inde

204 3739 502 3811 torpendo
548 3740 822 3797 similiter
872 3743 1035 3813 iram,
1104 3742 1256 3798 unde
1308 3757 1513 3798 rursus
1569 3746 1864 3813 operando

1970 1891 2082 1947 quo
2111 1879 2175 1932 tu
2209 1890 2489 1945 properas
2524 1876 2642 1944 (Ec.
2683 1890 2757 1941 Ix,
2810 1874 2915 1943 10).
2964 1894 2991 1925 ››
3041 1874 3165 1938 Quo
3216 1890 3286 1929 ne
3334 1891 3603 1945 umquam

1968 1980 2073 2020 nos
2104 1965 2404 2032 contingat
2440 1978 2776 2033 properare,
2833 1962 2984 2017 beati
3030 1963 3317 2017 Cuonradi
3372 1967 3601 2034 patroni

1967 2054 2149 2109 nostri
2172 2068 2583 2108 suecurramur
2605 2051 3028 2106 intervcntionc
3054 2068 3067 2115 ;
3092 2051 3160 2105 ad
3186 2052 3352 2120 cujus
3375 2052 3603 2108 laudem

1965 2149 2022 2199 et
2057 2143 2334 2197 honorem
2366 2142 2623 2211 posteris
2669 2140 3000 2195 laboramus
3045 2140 3300 2209 mittere,
3352 2140 3607 2210 qualiter

1968 2231 2226 2301 martyrii
2254 2231 2523 2301 passione
2547 2230 2851 2285 coronavit
2875 2245 3003 2283 cum
3029 2229 3304 2284 Dominus
3326 2228 3513 2297 gloria
3537 2235 3596 2284 et

1968 2321 2223 2381 honore;
2260 2320 2355 2375 ubi
2392 2319 2575 2374 lector
2602 2319 2849 2388 cupidus
2883 2333 3161 2373 novorum
3198 2332 3310 2372 non
3346 2318 3607 2388 requirat

1969 2408 2182 2462 faleras
2212 2410 2544 2476 verborum,
2582 2408 2711 2476 quia
2748 2406 2968 2475 vulgari
3002 2413 3056 2459 ct
3102 2411 3305 2477 aperto
3346 2422 3606 2463 sermone

1967 2496 2487 2564 exindustriaquze
2513 2496 2820 2550 scribimus
2843 2495 3174 2550 studuimus
3199 2495 3445 2550 reddere
3468 2495 3608 2551 luci-

1969 2585 2039 2639 da
2063 2589 2119 2639 et
2145 2589 2344 2655 aperta
2372 2602 2384 2649 ;
2411 2584 2701 2639 interdum
2735 2590 2793 2637 et
2814 2616 2873 2622 —
2891 2584 3044 2653 quod
3070 2599 3179 2638 non
3204 2586 3609 2642 erubescimus

1972 2672 2139 2727 fateri
2163 2704 2231 2711 —
2254 2672 2677 2727 interveniente
2696 2672 2986 2741 inperitia,
3014 2672 3417 2727 consimilibus
3441 2673 3611 2729 nobis

1970 2760 2600 2817 idiotiscondescendit
2621 2759 2878 2813 latinitas
2896 2759 3114 2813 inculta
3134 2764 3191 2813 ct
3218 2760 3476 2830 inpolita.
3499 2762 3607 2815 Sed

1971 2849 2039 2903 de
2070 2849 2320 2904 nominis
2351 2849 2477 2918 ejus
2511 2848 2793 2903 varietate
2820 2848 3004 2917 primo
3029 2862 3351 2916 congruum
3378 2848 3609 2904 videtur

1970 2937 2171 2992 multis
2192 2936 2614 2992 dissidentibus
2630 2935 2992 3005 satisfacere,
3019 2935 3065 2989 si
3092 2951 3204 2989 non
3223 2939 3279 2990 et
3305 2936 3413 3007 ipsi
3453 2942 3613 2991 tene-

1971 3040 2167 3081 remur
2205 3025 2405 3080 eadem
2456 3024 2717 3095 scrupuli
2751 3024 3051 3079 dubietate
3086 3024 3252 3094 (5:31).
3303 3024 3411 3079 Alii
3458 3025 3608 3079 enim

1970 3128 2097 3169 eum
2134 3113 2540 3169 Cuonrandum
2575 3112 2890 3180 nominaut,
2940 3112 3056 3180 alii,
3084 3116 3139 3166 et
3189 3113 3480 3183 prmcipue
3513 3114 3601 3168 sui

1974 3198 2241 3269 patriotze
2264 3202 2323 3251 et
2347 3197 2785 3265 consanguinei,
2812 3199 3140 3252 Cuouonem
3164 3197 3481 3267 appellant,
3506 3197 3603 3251 alii

1972 3287 2279 3355 utriusque
2304 3286 2551 3341 nominis
2574 3286 2739 3355 quasi
2760 3286 3070 3341 binomium
3088 3286 3267 3342 fuisse
3283 3290 3607 3341 autumant.

1974 3374 2085 3429 Nos
2106 3386 2244 3427 vero
2268 3372 2631 3428 diversorum
2655 3372 2912 3443 opinioni
2935 3374 3213 3428 cedentes
3237 3373 3451 3443 Deique
3468 3371 3609 3428 illud

1975 3462 2203 3516 noticize
2227 3461 2648 3531 relinquentes,
2670 3460 2802 3515 dum
2826 3460 3248 3532 cujuscumque
3264 3463 3338 3517 sit
3365 3463 3615 3518 nominis

1976 3566 2085 3607 non
2113 3550 2423 3607 diffidimus
2442 3551 2726 3620 scriptum
2750 3550 2806 3604 in
2830 3550 3013 3618 caelis,
3042 3551 3273 3606 tandem
3307 3551 3362 3606 in
3387 3551 3614 3606 nomine

1977 3638 2197 3695 Domini
2229 3638 2637 3707 aggrediamur
2669 3641 2892 3692 textum
2927 3638 3303 3694 narrationis.

1176 3880 1591 3968 INCIPIT
1675 3882 1937 3970 VITA
2024 3884 2157 3970 ΕΤ
2272 3880 2654 3967 PASSIO

280 4024 330 4077 1.
368 4022 579 4080 Beatus
608 4028 827 4095 martyr
859 4023 1202 4081 Cuonradus
1242 4023 1354 4091 ³⁸⁸⁵,
1381 4040 1454 4080 ex
1500 4024 1681 4080 nobili
1729 4040 1859 4097 pro-
1892 4029 1941 4088 D
1973 4026 2137 4096 ejnsa
2158 4026 2395 4083 Domino
2419 4024 2771 4080 disceretur:
2798 4025 2925 4095 Ego
2944 4037 3075 4081 sum
3089 4036 3238 4095 pars
3260 4021 3618 4080 heredilatis

206 4111 374 4182 sapia
405 4112 688 4170 oriundus
717 4114 937 4184 extitit,
971 4129 1044 4170 ex
1078 4114 1281 4170 Suevia
1316 4114 1532 4186 oppido
1554 4113 1644 4147 ³⁸⁸⁸
1667 4114 1861 4170 Pulin-

201 4214 276 4269 ga
309 4199 478 4271 (552),
531 4207 700 4273 patre
747 4202 955 4259 Eilolfo
997 4201 1109 4273 ³⁸⁸⁷,
1166 4208 1351 4259 matre
1400 4205 1700 4259 Hazzecha
1746 4202 1856 4257 ³⁸⁸⁸.

206 4285 481 4354 Quicum
526 4294 726 4346 essent
767 4289 1086 4348 secundum
1133 4291 1313 4347 seculi
1355 4291 1696 4360 dignitatem
1749 4305 1862 4346 non

206 4374 413 4444 infimi,
466 4379 645 4435 rebus
688 4386 748 4435 et
797 4380 1021 4435 divitiis
1070 4380 1331 4452 Opulenti
1379 4386 1437 4435 et
1484 4378 1862 4451 amplissimis

208 4463 453 4536 przediis
480 4465 731 4540 dilatati,
768 4468 821 4524 in
851 4469 957 4525 hoc
985 4469 1234 4525 dabatur
1267 4468 1537 4538 intelligi,
1573 4469 1728 4538 quod
1768 4469 1864 4524 hic

211 4566 415 4611 eorum
448 4554 603 4612 filius
631 4571 735 4614 vas
767 4557 1100 4615 dilectionis
1127 4556 1220 4592 ³⁸⁸⁹
1249 4561 1407 4615 esset
1442 4558 1693 4628 futurus,
1729 4558 1863 4629 quia

208 4657 322 4700 non
354 4644 427 4700 ad
458 4645 582 4716 ipsa
614 4647 938 4718 saecularia,
970 4662 1097 4719 qua)
1131 4648 1266 4704 licet
1304 4646 1729 4719 temporaliter,
1780 4651 1866 4702 ta-

208 4745 340 4788 men
365 4731 569 4804 libere,
600 4740 803 4806 utpote
826 4741 1122 4793 tantorum
1149 4737 1635 4808 patrimoniorum
1667 4736 1862 4807 heres,

211 4820 294 4875 uti
330 4822 645 4893 potuisset,
680 4824 781 4880 sed
813 4823 885 4881 ad
913 4824 1312 4881 ecclesiastica
1336 4824 1528 4881 divina
1560 4824 1866 4896 praedesti-

211 4910 447 4965 natione
469 4910 785 4983 deputatus
817 4917 911 4970 est
939 4931 953 4981 ;
986 4917 1280 4984 tamquam
1329 4914 1472 4987 ipsis
1521 4913 1863 4985 parentibus

1972 4117 2102 4185 ejus
2119 4114 2311 4184 (Psal.
2328 4129 2423 4170 xv.
2439 4116 2512 4183 δ).
2530 4114 2727 4181 Itaque
2742 4110 2916 4168 datur
2929 4112 3020 4145 ³⁸⁹υ
3034 4117 3252 4168 sanctae
3285 4110 3613 4167 litterarum

1974 4202 2259 4259 doctrina}
2290 4203 2472 4273 prima
2503 4205 2646 4260 atas
2674 4199 2808 4265 illa;
2844 4216 2958 4271 quo
3007 4201 3139 4272 plus
3189 4200 3619 4273 crepitantibus

1975 4292 2084 4347 sub
2118 4290 2321 4346 ferulis
2354 4291 2550 4360 ﬂebat,
2585 4305 2652 4345 eo
2683 4289 2926 4360 amplius
2955 4291 3024 4346 de
3054 4291 3147 4346 die
3180 4291 3233 4345 in
3287 4290 3436 4346 diem
3498 4289 3620 4345 ibat

1975 4380 2045 4436 de
2074 4378 2293 4435 virtute
2325 4378 2382 4434 in
2407 4379 2683 4436 virtutem
2711 4376 2819 4446 ³⁸⁸³1,
2858 4379 3097 4435 visurus
3132 4378 3479 4449 quandoque
3529 4376 3621 4410 ³⁸⁹²

1975 4469 2150 4524 Deum
2183 4466 2425 4522 deorum
2460 4468 2515 4522 in
2545 4469 2691 4539 Syon
2715 4466 3027 4523 caelestem.
3057 4466 3232 4535 Cujus
3253 4466 3430 4521 etiam
3471 4480 3623 4521 men-

1976 4571 2129 4614 surae
2152 4554 2453 4627 philosofia
2481 4563 2667 4613 mater
2681 4572 2741 4613 se
2758 4556 3066 4627 aliquando
3082 4554 3414 4623 cohibebat,
3442 4554 3621 4611 hunc-

1976 4660 2086 4717 que
2109 4644 2236 4700 suis
2258 4641 2481 4699 laribus
2505 4645 2915 4703 obversantem
2939 4642 3032 4677 ³⁸⁹³
3053 4643 3202 4699 lacte
3234 4646 3289 4698 et
3324 4642 3617 4700 alimentis

1975 4748 2161 4805 usque
2188 4733 2260 4788 ad
2299 4731 2484 4787 virilis
2535 4733 2705 4788 animi
2758 4736 2934 4790 robur
2985 4731 3244 4788 enutrire
3292 4732 3606 4801 gestiebat.

1976 4824 2153 4889 Quem
2188 4822 2283 4875 Dei
2313 4820 2501 4889 gratia
2533 4821 2610 4874 ita
2644 4821 2855 4877 redidit
2902 4821 3241 4893 sapientem,
3293 4825 3352 4876 ut
3404 4820 3474 4877 de
3527 4820 3616 4877 his

1977 4911 2209 4965 minime
2237 4912 2393 4964 esset
2425 4908 2495 4963 de
2527 4908 2738 4977 quibus
2771 4910 2989 4968 dicitur
3024 4931 3035 4965 :
3086 4910 3193 4969 Ubi
3241 4908 3462 4979 scriba,
3512 4906 3617 4965 ubi

1571 5011 1809 5064 VARL‘E
1848 5006 2246 5064 LECTIONES.

279 5101 373 5177 "T3
403 5105 792 5177 episcliopatu
826 5112 873 5162 1.

207 5176 387 5245 rupta
406 5180 586 5233 sunt:
607 5176 778 5234 caute
801 5183 1100 5235 sectantes
1126 5176 1363 5235 vestris.

210 5248 260 5320 2_.
297 5250 353 5320 3.
384 5247 481 5318 qui
514 5254 755 5320 etgcuno
787 5249 966 5307 addit
989 5255 1037 5305 3.
1118 5250 1210 5283 ⁸⁸⁸⁸
1239 5249 1413 5320 opido
1442 5256 1491 5303 1.

216 5316 417 5391 tionis'
444 5323 495 5375 2.
516 5317 669 5391 “1‘”
713 5321 886 5377 datus
936 5326 985 5376 1.
1038 5335 1069 5376 a
1115 5316 1483 5391 genitoribus
1529 5319 1669 5375 add.
1718 5324 1766 5375 3.

215 5386 351 5446 add.
384 5393 435 5445 3.
515 5387 607 5423 ⁸⁸⁰²
637 5406 728 5462 qm
760 5394 813 5447 2.
849 5391 1010 5449 deest
1036 5396 1083 5446 3.
1118 5386 1143 5391 ⁷
1163 5390 1256 5424 ³⁸⁸³
1282 5394 1689 5447 observantem
1718 5394 1770 5447 2.

954 5107 1046 5140 ³⁸τ⁹
1075 5110 1190 5178 Ego
1222 5108 1276 5162 h.
1313 5124 1365 5163 n.
1402 5122 1455 5178 a.
1488 5123 1532 5163 s.
1570 5108 1862 5177 sectabor,
1896 5106 2000 5163 sed
2030 5110 2077 5159 3.

1442 5177 1533 5210 ³⁸⁸²
1556 5178 1750 5233 divine
1773 5172 1921 5234 corr.
1949 5177 2144 5232 divino
2165 5181 2212 5230 1.
2284 5172 2375 5205 ³⁸⁸³
2400 5175 2661 5275 privatus
2683 5178 2730 5249 Ἰ.

1442 5256 1460 5275 ι
1570 5248 1660 5275 3887
1695 5249 1907 5275 ...ειηιιοή
1943 5252 1976 5275 ι]
2031 5246 2240 5275 ηυιηιρη
2277 5251 2303 5275 9
2427 5243 2494 5275 888
2525 5258 2720 5275 nvnton

1570 5248 1660 5282 3”"
1692 5249 1909 5305 eibolfo
1943 5252 1993 5303 2.
2030 5246 2241 5316 eylolfo
2275 5251 2323 5300 3.

1846 5316 1937 5352 ³⁸⁹¹
1983 5313 2110 5374 cum
2157 5330 2431 5388 processu
2475 5314 2667 5372 aetatis
2717 5315 2785 5369 ad
2840 5316 3257 5375 incrementum
3307 5313 3620 5387 probitatis

2158 5102 2251 5135 ³⁸⁸⁰
2278 5117 2327 5157 a.
2362 5104 2419 5157 et
2454 5101 2668 5158 desunt
2689 5107 2738 5156 3.
2818 5104 2907 5137 ³⁸⁸1
2941 5105 3063 5164 hac
3084 5107 3149 5163 in
3196 5112 3243 5161 3.
3296 5104 3446 5160 mire
3493 5118 3624 5159 cor-

2801 5174 2893 5206 ³⁸⁸⁴
2916 5190 3066 5233 cum.
3104 5183 3144 5232 l.
3214 5173 3617 5230 388“conradus

2427 5243 2494 5276 ⁸⁸⁸
2525 5243 2795 5299 exizecha
2841 5248 2891 5298 2.
2942 5249 3157 5303 azccha
3203 5254 3253 5303 3.
3331 5244 3421 5277 333°
3465 5243 3622 5299 elec-

1805 5475 2006 5533 ΝΟΤιΕ
2022 5519 2033 5531 .

284 5580 428 5658 (551)
460 5579 791 5647 Auctorem.
813 5577 1184 5656 peregrinum
1213 5576 1335 5638 haec
1386 5580 1587 5651 aperte
1637 5576 1867 5637 demon-

212 5672 418 5735 sti-ant.

2049 5573 2197 5649 (552)
2223 5569 2594 5645 Pfullingen;
2627 5570 2699 5630 cf.
2738 5569 2922 5630 Stalin
2948 5570 3095 5633 Hist.
3129 5567 3437 5630 Wirtemb.
3488 5565 3528 5636 ι,
3559 5578 3628 5640 p.

1975 5666 2097 5725 566.
