3990 6310
427 322 574 383 1255

1035 317 1300 380 GESTA
1331 315 1684 380 TREVER.
1720 351 1798 362 ——
1825 307 2156 374 APPEND
2200 307 2400 374 VITA
2437 304 2793 371 CONRADI
2824 299 3206 366 ARCHIEP.

3676 295 3809 360 1256

419 465 2066 548 sapiensmbiconquisitorhujusseculi?nmmestultam
2097 445 2150 505 A
2185 467 2431 532 augusta
2465 461 2636 517 vidua
2683 463 2867 514 matre
2913 458 3086 525 (553),
3139 453 3508 512 educandum
3563 467 3814 524 suscepe-

407 566 571 637 fecit
593 567 753 621 Deus
781 563 1146 636 sapientiam
1171 561 1352 630 huius
1371 559 1581 615 mundi
1601 565 1626 614 Ρ
1651 559 1714 621 (I
1731 556 1862 613 Cor.
1890 570 1925 610 ι.
1952 553 2064 623 20.)

426 655 528 709 sed
558 669 628 710 ex
658 655 748 710 his
777 667 925 724 quos
959 653 1131 708 docet
1161 649 1485 721 apostolus,
1521 647 1755 702 dicens:
1813 644 1944 699 Volo
1970 655 2070 698 eos

421 745 721 815 sapientes
751 741 991 812 quidem
1021 741 1225 796 essein
1249 739 1409 802 bona,
1433 735 1733 806 simplices
1754 735 1951 789 autem
1981 729 2071 762 ³⁸⁹⁴

429 832 896 901 inmalo(120m.
931 845 1044 899 xw,
1085 832 1190 898 19).
1228 826 1364 882 Inde
1396 826 1449 880 bi
1495 825 1609 881 ium
1652 826 1956 893 Pytagorze
1990 819 2074 874 in-

427 937 685 992 gressus,
710 920 1010 976 sinistrum
1037 931 1258 973 ramum
1277 930 1507 983 cavens,
1537 913 1742 968 dextro
1765 910 2067 975 incedens;

425 1026 552 1066 cum
588 1015 814 1065 matura
849 1013 1025 1064 aetate
1062 1006 1284 1078 potitus
1317 1004 1405 1059 sui
1431 1002 1580 1073 juris
1608 1005 1766 1056 esset
1801 999 2068 1064 ell'ectus,

429 1115 607 1170 quare
639 1098 834 1154 natale
866 1097 1051 1152 solum
1087 1094 1413 1164 reliquerit,
1469 1090 1836 1161 qualiterque
1867 1093 2075 1141 metro-

427 1187 603 1260 polim
635 1186 957 1243 Germania:
991 1183 1284 1242 Coloniam
1317 1179 1690 1249 Aggripinam
1736 1175 2072 1246 expetierit,

425 1278 580 1334 sicut
613 1292 643 1332 a
687 1275 940 1332 diversis
984 1273 1214 1328 diversa
1258 1268 1667 1340 comperimus,
1713 1265 1941 1320 diversa
1992 1279 2076 1316 re-

428 1368 580 1422 ferre
609 1365 962 1420 censuimus.
996 1363 1207 1417 Ferunt
1243 1359 1496 1429 quidam,
1533 1355 1686 1426 quod
1716 1354 1912 1410 studio
1962 1368 2077 1408 ma-

421 1454 568 1526 joris
607 1453 898 1521 exercitii,
950 1455 1008 1506 ut
1061 1451 1157 1504 illa
1205 1449 1393 1502 minor
1443 1444 1658 1500 assolet
1709 1447 1870 1511 retas,
1923 1442 2073 1512 apud

427 1543 667 1599 eandem
694 1541 891 1597 urbem
920 1536 1276 1610 peregrinari
1300 1534 1548 1591 voluerit
1578 1551 1592 1600 ;
1624 1532 1876 1602 quidam,
1923 1529 2076 1600 quod

429 1645 625 1688 amore
662 1629 814 1685 beati
851 1627 1108 1682 Annonis
1137 1624 1395 1694 ejusdem
1429 1621 1586 1676 sedis
1628 1619 1933 1687 antistitis,
1981 1617 2077 1686 qui

427 1718 704 1774 afﬁnitate
727 1722 782 1772 et
807 1714 899 1748 ³⁸9⁵
916 1712 1348 1786 propinquitate
1367 1709 1474 1764 sibi
1503 1706 2073 1778 proximusputatur,

2185 558 2295 619 rat;
2317 552 2583 621 huncquc
2599 545 3282 603 liberalibuslitterarum
3297 541 3512 600 studiis
3530 541 3809 610 traditum,

2184 641 2236 696 in
2271 640 2482 696 divinis
2514 643 2574 694 et
2606 636 2872 694 humanis
2903 635 3222 702 imbuebat,
3257 639 3433 702 utque
3473 630 3810 700 "01'regiam

2184 730 2404 800 prolem
2421 729 2688 796 decebat,
2708 725 2986 780 decenter
3002 723 3310 778 educabat.
3331 722 3510 791 Cujus
3525 719 3813 776 occasione

2184 817 2505 887 magisterii
2527 813 2836 885 aliquando
2860 818 2916 869 et
2939 811 3097 881 regni
3123 809 3355 879 negotia
3377 809 3750 880 procurabat,
3766 814 3810 863 et

2182 907 2280 964 ubi
2317 921 2408 962 res
2440 905 2731 973 exigebat,
2768 900 3062 972 discipulo
3087 914 3316 954 manum
3366 896 3604 952 consilii
3652 895 3816 967 porri-

2184 998 2356 1066 gebat
2385 1013 2398 1060 ;
2424 1000 2759 1066 quantoque
2792 990 2932 1046 illud
2959 989 3113 1060 quod
3141 988 3424 1058 scriptum
3449 991 3544 1042 est
3565 985 3684 1042 :Ad
3705 1000 3812 1041 ma-

2178 1087 2440 1156 gistrum
2460 1082 2727 1154 respicit,
2747 1078 3051 1152 quidquid
3069 1093 3107 1134 α
3128 1075 3421 1147 discipulo
3435 1074 3604 1130 delin
3625 1073 3812 1138 mitur,

2188 1174 2507 1242 metuebat,
2536 1175 2722 1238 tanto,
2750 1183 2819 1224 ne
2849 1167 2984 1238 quid
3005 1165 3333 1234 sinistrum,
3361 1163 3515 1234 quod
3537 1162 3647 1218 sibi
3676 1176 3814 1228 esse;

2187 1261 2611 1333 imputandum,
2649 1258 2732 1313 rei
2768 1257 3016 1328 publica;
3048 1253 3332 1322 eveniret,
3358 1252 3642 1314 cavebat;
3673 1265 3816 1304 reco-

2188 1351 2428 1420 lensque
2461 1349 2620 1404 illius
2647 1345 3027 1402 Salomoniaci
3061 1341 3188 1397 39°”:
3222 1341 3482 1412 Diliyite
3517 1339 3811 1409 justiciam

2187 1438 2616 1512 quijudicatis
2647 1439 2868 1492 terram
2903 1436 3072 1503 (Sep.
3111 1448 3149 1502 ι,
3187 1437 3261 1496 1).
3290 1435 3458 1486 recto
3490 1429 3678 1498 legum
3719 1443 3817 1484 mo-

2190 1529 2486 1585 deramine
2521 1527 2716 1581 frenos
2749 1523 3028 1580 nobilium
3066 1521 3296 1578 urbium
3321 1519 3568 1588 juvabat
3615 1531 3812 1587 regere,

2185 1619 2280 1688 jus
2313 1616 2484 1673 civile
2521 1615 2690 1670 bonis
2726 1613 2993 1680 reddere,
3028 1625 3160 1666 reos
3185 1615 3438 1678 terrere,
3473 1622 3578 1663 sua
3627 1607 3812 1676 quique

2191 1713 2351 1763 recte
2375 1706 2739 1776 dispensare.
2776 1702 3147 1772 Quapropter
3190 1704 3384 1754 rectos
3435 1701 3496 1751 et
3547 1695 3808 1766 sapientes

428 1807 529 1863 i110
562 1805 904 1868 advenerit;
947 1802 1202 1873 quidam.
1237 1798 1388 1870 quod
1431 1797 1612 1852 isdem
1646 1795 1894 1850 autisles
1936 1797 2077 1846 tem-
2107 1804 2162 1864 Β
2193 1810 2454 1867 quosque
2479 1793 2546 1848 ad
2587 1791 2839 1860 regimen
2864 1789 3241 1846 ecclesiarum
3269 1785 3511 1858 provehi
3535 1785 3809 1852 suadebat,

428 1911 571 1966 pore
606 1894 865 1964 suscepti
901 1891 1138 1948 honoris
1171 1904 1363 1945 secum
1398 1887 1548 1941 hunc
1582 1882 1882 1940 advexerit
1911 1895 2076 1948 ;nam

427 1989 486 2040 et
518 1984 639 2054 ipse
693 1984 916 2039 Suevus
967 1985 1093 2036 erat
1145 1978 1396 2034 natione.
1443 1973 1590 2040 Quid
1637 1977 1825 2028 tamen
1872 1971 2078 2025 horum

433 2073 627 2130 verius
657 2072 758 2140 sit,
797 2071 920 2141 ipse
955 2068 1160 2124 melius
1191 2066 1350 2122 novit
1387 2064 1480 2134 qui
1515 2077 1645 2118 eum
1679 2059 1972 2132 praescivit
2023 2064 2082 2112 et

433 2161 884 2233 praedestinavit
905 2158 1261 2214 conformem
1289 2153 1409 2208 ﬁeri
1437 2151 1727 2223 passionis
1745 2149 1842 2203 ﬁlii
1869 2148 1990 2212 sui;
2024 2162 2084 2230 et

431 2263 601 2320 quem
649 2245 1114 2319 praedestinavit,
1169 2241 1451 2305 vocavit;
1503 2245 1560 2294 et
1613 2252 1782 2308 quem
1827 2235 2082 2315 vocavit,

433 2336 774 2406 justiﬁcavit
809 2341 864 2390 et
899 2333 1010 2402 “9°,
1046 2338 1108 2388 ut
1147 2331 1316 2384 hodie
1351 2327 1580 2384 cunctis
1623 2325 1828 2395 liquet,
1871 2322 2090 2391 magni-

433 2424 647 2482 ﬁcavit.
685 2423 846 2478 Unde
875 2421 1033 2478 nulla
1069 2421 1218 2474 inest
1241 2417 1512 2473 dubietas
1533 2414 1812 2470 cordibus
1845 2411 2086 2498 nostris,

433 2515 594 2586 quin,
633 2511 1073 2582 qualiscumque
1107 2508 1279 2564 fuerit
1327 2519 1500 2562 causa
1545 2518 1574 2558 a
1626 2501 1813 2573 patria
1867 2501 2093 2568 digres-

442 2603 648 2667 sionis,
680 2599 1059 2672 portenderet
1094 2596 1418 2666 aUSpicium
1451 2594 1636 2647 beata:
1670 2590 1976 2661 passionis.
2022 2591 2090 2644 Et

437 2692 566 2763 quis
590 2690 809 2745 diﬁidat
837 2689 970 2744 huic
996 2701 1024 2742 a
1049 2685 1310 2752 Domino,
1337 2682 1448 2738 etsi
1476 2696 1586 2737 non
1611 2683 1835 2750 aperte,
1869 2677 2086 2734 dictum

442 2785 635 2837 tamen
670 2779 726 2833 in
758 2793 859 2834 cor
890 2777 1127 2830 missum
1161 2772 1303 2828 illud
1331 2791 1342 2826 :
1377 2772 1500 2827 Exi
1533 2769 1602 2824 de
1632 2771 1793 2824 terra
1825 2767 1970 2822 etde
2002 2779 2090 2822 σος

432 2868 721 2941 gnatione
742 2868 866 2934 tua,
902 2867 958 2920 et
980 2864 1117 2919 cepi
1139 2862 1201 2917 in
1231 2863 1451 2917 terram
1479 2873 1660 2928 quam
1684 2857 2089 2912 monstrarem

433 2956 566 3024 tibi,
605 2957 664 3012 et
699 2953 1042 3011 benedicens
1089 2949 1428 3006 benedicam
1479 2946 1588 3002 tibi
1643 2947 1807 3008 (Gen.
1855 2957 1953 3012 xu,
2003 2947 2080 3012 2).

435 3048 624 3118 Ipsam
655 3044 858 3113 utique
895 3047 1108 3096 terram
1151 3038 1261 3094 sibi
1313 3035 1682 3105 omnipotens
1729 3034 1882 3087 Deus
1933 3045 2087 3085 mon-

438 3133 669 3202 stravit,
705 3133 760 3187 in
793 3146 904 3202 qua
938 3135 992 3184 et
1023 3143 1135 3183 non
1169 3140 1372 3197 parum
1396 3122 1600 3192 gratia:
1623 3121 1672 3177 ei
1715 3120 1897 3188 dedit,
1933 3120 2085 3174 sicut
2114 3167 2163 3229 Ο

438 3223 451 3229 -
606 3227 611 3229 .
704 3227 708 3229 Α
767 3225 774 3229 .
1218 3215 1228 3225 ο
1309 3215 1337 3229 ιι
1397 3227 1407 3229 -
1483 3211 1671 3229 -ᾼξιημ
1719 3211 1849 3229 \1__-_
1881 3206 2058 3229 ...η-..-ιε

437 3223 568 3280 laus
600 3225 856 3278 testatur
881 3233 1008 3290 quae
1033 3231 1182 3272 nunc
1216 3215 1271 3268 in
1308 3215 1417 3268 line
1441 3211 1689 3266 canitur.
1719 3211 1853 3263 Nam
1880 3206 2089 3278 praedi-

435 3317 568 3368 ctus
605 3309 820 3384 prmsul
857 3305 1264 3363 sanctissimus
1295 3305 1456 3356 Anno
1478 3331 1547 3339 --
1576 3297 1744 3367 cujus
1773 3295 2084 3352 laudabilia

435 3415 616 3472 opera
650 3399 762 3454 etsi
797 3395 1177 3467 quorumdam
1213 3391 1538 3448 invidorum
1592 3387 1814 3444 siluerit
1868 3385 2084 3454 lingua,

436 3489 615 3546 multa
647 3492 842 3542 tamen
879 3483 1134 3555 lapidum
1167 3481 1503 3538 clamabunt
1535 3476 1778 3533 aediﬁcia
1809 3473 1920 3542 3”",
1966 3473 2089 3543 qui-

437 3579 546 3635 bus
575 3575 886 3633 aedificavit
920 3579 978 3628 et
1013 3571 1300 3628 aediﬁcata
1334 3568 1498 3624 auxit
1524 3565 1805 3638 episcopii
1857 3562 1949 3596 ³⁸⁹⁸
1997 3561 2088 3618 sui

440 3665 793 3724 monasteria
823 3695 891 3703 —
924 3665 1156 3718 beatum
1190 3661 1342 3715 hunc
1375 3659 1656 3713 advenam
1691 3655 1815 3726 ipse
1839 3654 2086 3732 advena,

440 3757 544 3814 sed
569 3754 866 3812 exaltatus
885 3751 986 3808 Dei
1007 3750 1270 3818 dextera,
1290 3747 1534 3816 benigne
1557 3743 1814 3812 collegit,
1842 3743 2090 3797 humane

438 3844 740 3913 tractavit,
765 3847 822 3898 et
847 3857 977 3898 cum
1001 3839 1251 3895 libuitet
1281 3837 1516 3906 dignum
1545 3831 1848 3905 judicavit,
1885 3829 2088 3899 majori

437 3934 622 4008 gradu
639 3937 908 3989 evectum
929 3936 986 3987 et
1013 3932 1377 3998 assumptum
1406 3923 1636 3993 extulit,
1665 3921 1904 3993 propius
1927 3925 2087 3975 stare

433 4027 646 4097 jubens
675 4022 880 4078 ordine
915 4019 1196 4091 proximo,
1231 4017 1570 4083 honoreque
1600 4009 1948 4083 presbyterii
1996 4024 2090 4064 su—

442 4114 767 4182 blimatum,
803 4111 1058 4166 secundo
1087 4108 1213 4163 loco
1235 4112 1450 4177 postse
1471 4106 1776 4170 statutum,
1812 4099 2088 4168 majorem

444 4201 823 4276 praepositum
846 4198 1082 4269 majoris
1097 4197 1302 4252 domus
1314 4207 1435 4249 suze
1457 4189 1758 4260 sedis,hoc
1781 4193 1871 4244 est
1893 4185 2088 4242 Sancti

443 4275 626 4362 Petri,
659 4289 990 4346 collocavit.
1024 4287 1211 4342 Prima
1242 4285 1364 4338 haec
1393 4295 1532 4337 cura
1564 4279 1787 4335 credita
1819 4281 1909 4334 est
1955 4275 2086 4346 sibi,

445 4393 791 4453 quamquam
825 4382 1107 4435 strennue
1136 4378 1196 4430 et
1228 4372 1432 4426 idonee
1465 4369 1521 4423 in
1550 4372 1864 4438 conspectu
1897 4365 1996 4421 Dei
2029 4369 2086 4420 et

442 4469 736 4528 hominum
785 4460 1306 4526 administraverit,
1358 4463 1444 4514 tot
1497 4462 1678 4515 testes
1733 4456 1920 4513 adhuc
1971 4453 2090 4510 exi-

443 4560 630 4628 stunt,
661 4560 801 4626 quot
835 4569 964 4611 eum
997 4564 1173 4608 nosse
1206 4549 1542 4620 potuerunt.

511 4679 544 4731 2
573 4673 684 4728 3899.
711 4673 830 4730 Sub
861 4669 1066 4727 eodem
1091 4672 1352 4737 tempore
1374 4667 1619 4734 quartus
1642 4660 1945 4718 Heinricus
1974 4657 2086 4729 ποθ,

442 4763 631 4838 patris
663 4761 1022 4833 aaquivocus,
1055 4754 1276 4812 teneris
1308 4753 1416 4810 sub
1449 4751 1632 4821 annis,
1667 4749 1898 4805 noviter
1927 4753 2093 4820 patre

443 4857 696 4924 augusto
717 4853 788 4908 de
813 4849 1002 4905 medio
1023 4847 1492 4916 facto,strennue
1513 4841 1570 4896 in
1583 4838 1836 4911 sceptris
1858 4839 2089 4908 agebat;

441 4958 612 5016 quem
645 4941 998 5013 saepedictus
1030 4935 1288 5008 pontifex
1319 4939 1556 4989 sanctus
1590 4935 1770 4999 Anno,
1799 4927 1978 4984 veluti
2003 4927 2092 4984 vir

443 5033 635 5090 tocius
666 5029 994 5104 prudentiae
1026 5032 1085 5084 et
1118 5023 1322 5082 aulicas
1353 5020 1688 5092 nutriturae,
1739 5023 1977 5088 rogatus
2020 5018 2092 5072 ab

2119 4526 2172 4586 D

2194 1885 2326 1955 quia
2346 1883 2626 1953 scriptum
2643 1881 2862 1934 sciebat
2882 1880 2905 1901 *
2920 1896 2932 1931 :
2949 1875 3278 1932 Multitudo
3301 1873 3660 1946 sapientium
3679 1871 3818 1928 sani.

2194 1977 2287 2030 tas
2317 1975 2402 2030 est
2417 1971 2577 2027 orbis
2607 1971 2904 2026 terrarum
2935 1965 3103 2038 (Sep.
3137 1981 3213 2033 γι,
3249 1965 3355 2034 16).
3379 1963 3521 2018 Inde
3543 1968 3650 2033 est,
3682 1962 3812 2032 quod

2192 2079 2345 2131 cum,
2383 2066 2440 2117 ut
2475 2058 2566 2092 ⁸⁹⁰³
2595 2059 2705 2113 sibi
2738 2058 2926 2113 visum
2967 2058 3078 2124 est,
3130 2054 3213 2109 rei
3269 2052 3498 2109 utilitas
3547 2051 3620 2106 ita
3669 2064 3817 2122 popo-

2196 2152 2405 2207 scisset
2461 2154 2520 2205 et
2573 2149 2716 2204 urbs
2779 2145 3081 2202 Treverica
3142 2158 3248 2200 suo
3317 2147 3558 2213 pastore
3612 2139 3814 2196 viduata

2197 2243 2352 2294 esset
2380 2238 2548 2307 (554),
2585 2238 2965 2291 memoratum
2999 2233 3186 2288 virum
3230 2230 3622 2298 Cuonradum,
3672 2242 3812 2298 quem

2201 2329 2431 2398 quidem
2466 2327 2535 2382 ad
2578 2327 2688 2381 hoc
2740 2329 2935 2394 aptum
2975 2324 3219 2378 noverat
3267 2324 3323 2374 et
3373 2319 3662 2388 idoneum,
3705 2331 3813 2372 cen-

2201 2417 2318 2472 suit
2384 2414 2838 2483 subrogandum.
2906 2413 2974 2466 Et
3039 2409 3174 2466 licet
3253 2407 3622 2464 inscrutabili
3690 2405 3814 2460 Divi-

2202 2504 2404 2560 nitatis
2435 2505 2688 2558 archano
2730 2501 2866 2557 talis
2914 2500 3020 2555 viri
3069 2499 3167 2554 Dei
3222 2497 3517 2570 promotio
3564 2494 3647 2552 sui
3693 2507 3813 2548 mar-

2201 2593 2335 2664 tyrii
2367 2597 2527 2648 esset
2557 2591 2808 2660 occasio,
2837 2594 3026 2645 tamen
3057 2587 3198 2643 nulli
3229 2585 3493 2654 dubium,
3525 2584 3654 2654 quin
3676 2583 3735 2652 si,
3764 2587 3812 2636 ut

2200 2681 2436 2750 dicitur,
2473 2682 2623 2736 hunc
2657 2677 3014 2735 desideravit
3043 2676 3475 2747 episcopatum,
3499 2670 3809 2728 desideravit

2200 2786 2348 2840 opus
2372 2770 2578 2824 bonum
2601 2787 2615 2834 ;
2641 2769 2774 2838 quia
2801 2767 2906 2821 hoc
2929 2780 3056 2821 esse
3072 2764 3332 2819 moribus
3346 2757 3812 2831 aifectabat,quod

2199 2874 2328 2915 esse
2360 2859 2575 2914 debere
2608 2856 2794 2927 ipsum
2829 2867 3034 2910 nomen
3059 2852 3150 2886 ³⁰⁰⁶
3174 2851 3418 2906 indicat.
3444 2853 3642 2920 Itaque
3670 2859 3814 2918 saepe-

2201 2948 2339 3004 dicti
2368 2945 2636 3018 praesulis
2654 2944 2740 3001 sui
2762 2945 3046 2999 instinctu
3068 2949 3127 2997 et
3145 2940 3420 3010 consilio,
3448 2946 3662 3008 martyr
3686 2935 3814 2993 Chri-

2202 3039 2300 3108 sti,
2317 3043 2451 3093 ante
2468 3038 2698 3093 futurus
2723 3049 2891 3105 quam
2916 3033 3246 3104 cpisCOpus,
3264 3031 3562 3086 adductus
3584 3029 3638 3082 in
3658 3024 3811 3082 medio

2201 3133 2261 3182 et
2292 3128 2502 3197 dignus
2533 3124 2910 3191 acclamatus,
2937 3121 3199 3191 suscepit
3227 3135 3258 3174 a
3277 3133 3452 3175 manu
3475 3117 3629 3187 regia
3657 3113 3811 3186 ponti-

2203 3221 2407 3274 ﬁcatus
2429 3215 2521 3247 ³⁹⁰⁵
2551 3213 2814 3282 insignia,
2845 3210 3070 3288 scilicet
3093 3207 3452 3280 pastoralem
3472 3206 3565 3240 ³⁹⁰⁶
3585 3202 3810 3261 baculum

2199 3314 2256 3364 et
2289 3305 2612 3378 sponsalem
2646 3300 2906 3357 ecclesiae
2939 3299 3193 3368 anulum,
3229 3298 3470 3352 interim
3514 3295 3640 3351 dum
3685 3292 3806 3348 sacri

2198 3395 2492 3453 crismatis
2525 3391 2798 3449 unctione
2835 3389 3210 3444 ordinaretur
3261 3399 3519 3457 sponsus
3557 3381 3805 3439 ecclesize.

2201 3489 2314 3541 Nec
2333 3499 2510 3553 mora,
2530 3481 2872 3538 commissus
2895 3477 3079 3548 ipsius
3103 3476 3256 3546 regis
3279 3474 3587 3544 legatario,
3611 3482 3808 3528 venera-

2202 3575 2300 3629 bili
2325 3572 2549 3629 scilicet
2570 3567 2861 3640 Spirensis
2880 3567 3042 3622 urbis
3056 3565 3332 3636 episcopo
3345 3559 3691 3629 Eilardo’m,
3707 3557 3804 3614 sedi

2200 3661 2544 3728 commissae,
2580 3657 2636 3712 id
2667 3661 2762 3712 est
2808 3654 2936 3711 urbi
2985 3643 3326 3723 Trevericae,
3370 3651 3657 3722 dirigitur.
3698 3645 3806 3712 Quae

2201 3751 2340 3806 licet
2369 3745 2755 3804 sanctissimis
2783 3749 2843 3800 et
2875 3757 3154 3813 nusquam
3187 3746 3482 3797 terrarum
3532 3735 3806 3806 majoribus

2200 3838 2494 3910 episcopis
2545 3831 3162 3891 dudum-abeo'ruerit
3191 3831 3490 3900 insignita,
3527 3832 3587 3885 ut
3609 3839 3708 3882 non
3728 3825 3805 3878 im-

2203 3928 2410 3984 merito
2433 3924 2688 3981 secunda
2714 3921 3012 3978 diceretur
3033 3921 3233 3988 Roma,
3270 3918 3398 3974 suis
3428 3923 3613 3974 tamen
3641 3925 3804 3986 pecca-

2200 4018 2278 4072 tis
2299 4014 2690 4084 exigentibus,
2708 4011 2997 4079 indignam
3023 4009 3203 4064 l‘uisse
3218 4007 3308 4062 his
3330 4006 3555 4063 ultimis
3576 3999 3804 4074 tempori-

2201 4109 2310 4163 bus
2333 4104 2431 4160 tali
2457 4102 2728 4175 pontifice
2746 4099 3068 4163 credimus;
3086 4097 3239 4168 quod
3260 4101 3317 4152 et
3339 4097 3426 4152 rei
3453 4096 3647 4168 probat
3667 4103 3806 4148 even-

2201 4201 2312 4253 tus.
2347 4195 2487 4249 Nam
2518 4191 2719 4248 audito
2745 4188 2871 4259 ejus
2900 4186 3154 4244 adventu
3192 4183 3304 4256 39°“,
3336 4185 3493 4243 unde
3539 4181 3721 4238 infelix
3761 4177 3802 4232 in

2199 4285 2307 4340 hac
2343 4286 2506 4355 parte
2537 4280 2594 4335 in
2625 4279 2832 4334 melius
2863 4276 3150 4348 proﬁcere
3176 4275 3403 4345 debuit,
3439 4273 3569 4329 inde
3599 4272 3649 4326 in
3676 4268 3804 4355 dete-

2202 4374 2324 4430 rius
2344 4353 2504 4428 male
2525 4367 2792 4425 consulta
2817 4366 2952 4422 ruit.
2978 4367 3108 4420 Mox
3139 4363 3354 4436 quippe
3375 4365 3452 4420 ab
3475 4360 3636 4419 inicio
3657 4353 3804 4412 homi-

2201 4473 2330 4528 cida
2363 4467 2654 4536 diabolus,
2687 4463 3086 4535 cujusinvidia
3113 4477 3268 4518 mors
3297 4461 3537 4518 intravit
3562 4459 3611 4514 in
3641 4455 3802 4512 orbem

2204 4567 2514 4628 terrarum,
2549 4571 2716 4629 quem
2747 4554 3052 4610 imitantur
3082 4552 3180 4623 qui
3210 4557 3348 4606 sunt
3377 4565 3452 4608 ex
3484 4553 3639 4621 parte
3682 4543 3800 4612 ejus,

2205 4666 2348 4724 quos
2381 4650 2436 4704 in
2468 4663 2532 4704 ea
2553 4661 2672 4703 suae
2699 4645 2882 4718 partis
2902 4643 3092 4712 scivit,
3119 4641 3369 4698 vesania:
3389 4654 3510 4696 sua:
3528 4636 3616 4670 ³⁹⁰⁹
3643 4635 3804 4690 furore

2203 4717 2608 4801 inflammatus,
2645 4717 2716 4792 ad
2743 4735 2830 4790 sui
2866 4733 3267 4800 imitationem,
3305 4730 3362 4784 id
3387 4735 3473 4786 est
3506 4726 3573 4783 ad
3607 4717 3804 4779 homici-

2202 4831 2378 4899 dium,
2413 4825 2694 4883 incitavit.
2722 4825 2791 4879 Et
2821 4822 2916 4878 ubi
2949 4821 3089 4878 urbs
3109 4829 3242 4892 post
3265 4819 3502 4875 Romam
3521 4817 3574 4871 in
3597 4817 3712 4869 toto
3730 4819 3802 4863 or-

2203 4921 2292 4990 be,
2319 4919 2374 4974 in
2395 4931 2505 4988 qua
2528 4915 2724 4987 plures
2746 4927 2917 4984 quam
2941 4911 3018 4967 ibi
3043 4911 3180 4966 olim
3203 4909 3476 4966 habuerit
3498 4908 3616 4977 ipse
3639 4899 3802 4990 diabo-

2203 4987 2294 5068 lus
2317 5014 2374 5064 et
2395 4987 2486 5064 sui
2505 5005 2765 5062 cultores
2777 5007 2834 5060 et
2855 5017 2974 5060 suae
2989 4999 3274 5072 nequiciaa
3289 4987 3796 5056 satellites?Etlicet

1787 5117 2026 5172 VARLE
2059 5109 2439 5172 LECTIOMFS
2454 5149 2466 5162 .

515 5226 605 5260 ³⁸⁹⁴
652 5241 782 5283 esse
830 5231 880 5281 2.
960 5223 1053 5258 ³⁸9⁵
1100 5222 1190 5280 vel
1239 5226 1290 5278 2.
1368 5216 1462 5253 ⁸⁸⁸⁸
1507 5216 1669 5276 deest
1700 5219 1755 5272 2.
1830 5213 1923 5248 “’7
1967 5213 2214 5272 ediﬁlcia
2253 5226 2294 5283 _q

443 5296 1092 5370 capit-mrigdieisionem
1124 5289 1537 5370 ipseinstitrgi.
1597 5287 2008 5370 ‘”°°_henrniﬂcu‘s
2034 5289 2170 5370 223.

2303 5252 2314 5264 .
2367 5200 2682 5262 ediﬁicavit
2734 5205 2779 5254 1.
2858 5194 3369 5270 amnepiscopatui
3407 5200 3462 5270 2ἱ
3498 5185 3798 5270 ,θ’θξυῌεξς

2249 5257 2340 5314 ⁸³6³
2372 5257 2619 5334 hi‘ébir.
2647 5277 2704 5328 et
2735 5275 2798 5327 ut
2831 5275 2880 5325 1.
2957 5257 3050 5300 ³⁹⁰ί
3085 5257 3465 5324 soldmoniaci
3489 5267 3534 5319 1.
3598 5257 3688 5334 ff
3709 5257 3793 5311 sibi

447 5328 707 5370 υαιμινινιιι
737 5328 1092 5354 ιωύιοιυιιῠυυ
1124 5328 1246 5366 (11.100
1277 5328 1537 5348 υιιονονιησο
1737 5328 1869 5344 uuu-
1887 5328 2008 5342 ιυιιυ
2036 5328 2082 5342 ιι.

447 5375 510 5425 ut
541 5373 591 5424 2.
670 5368 762 5402 ³⁹⁰⁴
793 5383 846 5423 n.
883 5369 920 5422 i.
953 5370 1004 5420 2.
1042 5372 1091 5422 3.
1171 5364 1262 5398 ³⁹⁰⁶
1295 5362 1688 5435 pontitilcatus
1717 5365 1767 5418 1.
1847 5357 1939 5392 ³⁹⁰⁶
1967 5357 2082 5414 feru

2198 5328 2540 5422 iregiminis
2571 5328 2822 5401 Vindicem
2855 5345 2932 5396 3e.
3011 5337 3104 5372 ³⁹⁰⁷
3138 5336 3427 5395 Einhardo
3475 5338 3524 5390 3.
3597 5328 3680 5366 "°‘
3720 5337 3795 5380 au-

446 5439 574 5496 ditu
599 5443 650 5495 2.
729 5438 822 5472 ³⁹⁰⁹
847 5453 950 5494 suo
978 5442 1030 5492 2.

2040 5495 2262 5554 ΝΟΤΛΕ.

524 5598 672 5671 (553)
704 5597 842 5654 Haec
872 5610 904 5652 a
929 5608 1074 5654 vero
1103 5593 1274 5655 valde
1305 5595 1658 5667 discrepare,
1687 5605 1802 5650 non
1823 5588 2093 5664 estquod

449 5697 735 5746 moneam.

2275 5583 2429 5734 (5:643
2441 5575 2814 5641 Eberhardus
2825 5571 3308 5651 archiepiscopus
3319 5569 3468 5634 obiit
3485 5567 3536 5626 cl.
3551 5556 3787 5638 “Apula

2292 5678 2318 5734 1
2431 5712 2448 5734 .

2205 5689 2258 5736 a.
2292 5678 2448 5736 1066.
