3990 6296
207 360 376 464 1265

844 374 1112 465 casm
1157 401 1516 467 TREVER.
1558 437 1626 448 α
1657 399 1993 467 APPEND
2023 398 2218 465 VITA
2246 397 2609 466 comam
2635 399 3027 468 ARCHIEP.

3483 360 3640 470 uss

206 526 374 586 litica
426 526 667 586 sanitati
717 533 805 586 est
859 528 1106 587 reddita.
1161 530 1401 598 Quidam
1447 532 1621 589 etiam
1656 546 1799 604 puer
1830 546 1859 588 a
1888 507 1947 571 Α
1977 527 2172 585 saltim
2203 542 2275 584 ex
2307 529 2428 586 suis
2457 528 2576 599 uni,
2612 528 2668 586 id
2693 534 2786 587 est
2808 527 3089 587 Folcardo
3121 528 3344 602 comiti,
3378 530 3547 603 cujus
3578 530 3635 589 in

205 616 429 676 calculi
462 619 749 676 liberatus
779 624 872 676 est
901 621 1188 677 molestia.

283 706 607 764 Dicendum
632 708 743 780 hic,
774 710 944 780 cujus
975 710 1148 767 fuerit
1180 712 1438 783 pictatis,
1471 727 1602 768 cum
1632 712 1865 784 quidam

210 794 500 853 Folcardo
529 797 720 868 militi,
752 799 848 869 qui
880 815 1027 856 unus
1051 800 1155 857 fuit
1178 814 1246 858 ex
1270 800 1539 859 hostibus
1561 802 1705 871 suis,
1739 801 1865 858 red-

212 884 433 941 diderit
488 887 635 942 bona
689 903 791 958 pro
842 888 1029 944 malis.
1066 889 1172 956 Qui
1204 890 1480 948 videlicet
1509 905 1639 947 cum
1673 889 1864 947 divina

215 973 447 1030 ultione
466 973 648 1030 multo
668 974 972 1045 langueret
990 982 1274 1048 tempore,
1294 978 1522 1034 tandem
1545 978 1776 1035 rediens
1797 978 1867 1036 ad

213 1077 300 1130 se,
336 1066 393 1118 et
431 1061 486 1117 in
521 1067 785 1119 sanctum
817 1064 916 1119 Dei
949 1080 1010 1121 se
1041 1064 1299 1121 clamans
1332 1071 1390 1122 et
1420 1067 1706 1122 confitens
1739 1081 1869 1138 pec-

214 1163 407 1218 casse,
440 1149 605 1219 juxta
629 1148 826 1206 cordis
850 1167 1042 1207 veram
1068 1153 1467 1223 paenitentiam
1498 1155 1625 1225 ejus
1655 1154 1868 1210 meruit

213 1237 662 1307 indulgentiam.
691 1238 797 1306 Qui
823 1246 879 1295 ut
907 1240 1224 1307 convaluit,
1247 1256 1358 1298 non
1387 1243 1649 1313 ingratus
1668 1242 1868 1299 collati

218 1326 512 1397 beneficii,
545 1331 678 1382 vota
713 1328 948 1385 veniens
979 1328 1175 1397 solvit,
1208 1331 1428 1400 gratias
1456 1331 1597 1401 egit,
1628 1335 1684 1386 et
1719 1347 1868 1388 nunc

218 1428 406 1485 usque
426 1414 672 1483 singulis
691 1416 856 1471 annis
875 1432 1111 1473 censum
1126 1433 1245 1474 sua
1260 1418 1626 1474 liberationis
1643 1419 1869 1476 solvere

214 1518 325 1558 non
351 1503 569 1557 desinit
619 1505 675 1558 In
700 1519 766 1559 eo
790 1510 978 1560 tamen
1005 1507 1232 1575 signum
1256 1507 1598 1563 insanabilis
1628 1512 1870 1579 apparet

217 1591 607 1662 infirmitatis,
645 1598 703 1648 ut
744 1592 1018 1664 quamdiu
1070 1594 1223 1651 vivat
1278 1600 1578 1666 peccatum
1612 1596 1664 1651 in
1700 1611 1870 1652 servo

216 1680 318 1735 Dei
350 1679 724 1738 commissum
762 1682 899 1738 luat.
934 1681 1191 1738 Eundem
1223 1684 1471 1754 denique
1504 1686 1575 1739 ab
1607 1684 1872 1740 hostibus

214 1773 457 1840 captum
489 1774 547 1826 et
579 1770 960 1841 compedibus
991 1771 1247 1828 vinctum
1278 1772 1404 1841 ejus
1440 1773 1685 1828 nominis
1715 1772 1874 1829 invo-

215 1857 454 1913 catione
493 1862 727 1913 constat
757 1858 1087 1915 liberatum.

290 1945 498 2003 Mulier
544 1951 848 2003 contracta
896 1946 951 2001 in
1000 1946 1432 2019 sollempnitate
1476 1948 1873 2019 apostolorum

212 2034 379 2090 Petri
410 2040 471 2091 et
502 2034 667 2091 Pauli
692 2035 763 2090 ad
787 2034 913 2105 ejus
934 2035 1309 2107 sepulchrum
1342 2037 1613 2108 sospitati
1635 2040 1726 2093 est
1749 2037 1875 2092 red-

216 2122 364 2194 dita,
393 2128 536 2195 puto
562 2124 725 2194 quasi
753 2138 857 2195 pro
882 2124 1127 2195 quadam
1152 2126 1692 2196 recompensatione
1724 2125 1875 2184 diem

218 2211 560 2269 natalitium
613 2226 811 2267 eorum
845 2212 945 2267 tali
979 2212 1274 2268 honorans
1325 2213 1587 2269 miraculi
1641 2214 1872 2286 decore,

219 2316 471 2373 quorum
505 2300 562 2356 in
592 2299 866 2371 Agripina
899 2300 1112 2356 dudum
1148 2299 1299 2357 filius
1333 2301 1518 2357 fuerat
1552 2302 1676 2374 ipse
1707 2307 1763 2360 et
1798 2304 1878 2360 vi-

218 2389 425 2445 carius
460 2388 580 2444 fleri
614 2387 899 2445 debuerat
930 2386 985 2442 in
1016 2388 1318 2444 Treverica
1356 2389 1518 2444 urbe.

288 2476 434 2533 Filia
464 2476 763 2547 cujusdam
789 2476 907 2533 noti
942 2475 1265 2548 Reginfridi
1295 2482 1506 2547 utroqu
1535 2478 1773 2535 orbatae
1795 2478 1882 2537 lu-

217 2565 396 2635 mine,
432 2565 538 2621 sed
560 2568 616 2621 et
641 2564 850 2621 ancilla
881 2566 1181 2635 cujusdam
1215 2565 1487 2621 similiter
1518 2568 1639 2622 noti
1671 2568 1874 2625 militis

216 2653 505 2724 languore
537 2653 796 2723 detenta,
846 2653 1054 2710 mulier
1100 2653 1511 2711 nichilomiuus
1540 2655 1672 2725 alia,
1708 2656 1877 2727 cujus

216 2743 418 2800 fuerat
441 2746 661 2797 remota
686 2756 714 2797 a
742 2757 847 2798 suo
873 2741 1000 2798 loco
1027 2741 1277 2812 maxilla,
1300 2742 1522 2813 pariter
1541 2750 1874 2803 consecuta

221 2835 367 2887 sunt
398 2830 470 2886 ad
497 2831 622 2901 ejus
654 2829 1029 2901 sepulchrum
1078 2830 1347 2887 sanitatis
1392 2835 1591 2902 optata
1637 2833 1870 2904 gaudia,

218 2920 319 2976 illa
356 2918 550 2974 lumen
583 2917 903 2987 oculorum,
948 2918 1078 2976 ista
1109 2918 1560 2977 incolomitatem
1594 2922 1862 2979 membro

218 3022 377 3065 rum.

290 3095 422 3152 Tria
458 3094 516 3151 in
547 3108 659 3151 uno
690 3094 918 3151 homine
969 3107 1073 3150 sua
1123 3095 1379 3151 ostendit
1432 3095 1739 3164 beneficia;
1774 3098 1870 3169 qui

1976 618 2288 689 praesentia
2320 633 2510 675 cacus
2545 619 2700 675 alius
2730 619 2938 675 amissa
2972 619 3198 689 recepit
3236 618 3469 677 lumina.

2046 693 2097 745 8.
2134 689 2235 742 Det
2278 693 2438 743 certe
2481 690 2725 745 frontem
2770 691 2865 761 qui
2912 690 3036 746 vult
3075 690 3128 744 in
3167 690 3467 762 parietem,
3503 692 3635 762 quia

1931 766 2089 833 ‘non
2123 776 2499 833 reticebimus
2547 777 2618 833 de
2672 780 2798 849 ejus
2842 784 3220 850 persecutore
3247 779 3633 851 Theoderico,

1976 879 2105 937 qua
2139 869 2271 920 sunt
2310 868 2442 919 nota
2470 865 2749 921 universo
2791 868 2937 921 orbi.
2975 866 3186 923 Hic‘m
3208 866 3458 939 denique
3479 867 3638 925 audi-

1976 952 2054 1007 tis
2074 954 2158 1007 tot
2182 950 2594 1007 miraculorum
2623 967 2811 1023 praco
2830 954 2958 1023 niis,
2976 968 3338 1025 nequaquam
3358 955 3527 1012 ﬁdem
3548 971 3638 1012 ac-

1976 1040 2348 1097 commodans
2366 1041 2657 1096 asserenti
2678 1056 2768 1096 um
2792 1042 3004 1111 verbis,
3026 1042 3325 1099 incredulo
3346 1043 3523 1101 corde
3566 1058 3632 1100 an

1980 1127 2103 1185 hac
2128 1143 2261 1183 vera
2291 1131 2513 1198 essent,
2540 1129 2848 1184 temeravit
2874 1130 3125 1201 experiri
3145 1146 3246 1201 per
3265 1146 3344 1187 se.
3373 1132 3479 1198 Qui
3498 1132 3632 1190 dum

1978 1216 2293 1274 adveniens
2319 1232 2426 1271 non
2455 1217 2579 1272 sine
2606 1219 2757 1275 fastu
2784 1219 3073 1289 superbia
3099 1218 3296 1275 valvas
3328 1220 3638 1291 appropia-

1978 1309 2068 1360 ret
2093 1304 2370 1373 basilica,
2394 1319 2504 1375 qua
2525 1320 2692 1361 sacra
2718 1306 3009 1377 pullulant
3031 1308 3269 1378 pignora
3293 1308 3635 1364 martirizati

1980 1408 2009 1449 a
2036 1408 2119 1462 se,
2153 1408 2261 1448 non
2297 1393 2419 1448 sine
2449 1394 2536 1449 sui
2571 1395 2863 1464 persensit
2897 1395 3242 1450 verecundia
3277 1395 3386 1465 “’1’,
3423 1402 3635 1466 quanta

1983 1480 2138 1535 intro
2173 1481 2490 1537 haberetur
2521 1481 2710 1540 virtus
2745 1483 2957 1537 divina.
3004 1484 3140 1538 Nam
3174 1489 3411 1554 repente
3444 1483 3639 1541 invisi-

1988 1568 2088 1623 bili
2112 1570 2413 1625 olistaeulo
2440 1584 2640 1624 sacras
2667 1570 2888 1637 ingredi
2914 1570 3070 1625 ades
3096 1572 3517 1641 prohibebatur
3539 1573 3638 1629 im-

1984 1656 2227 1712 meritus
2246 1658 2438 1721 hamo,
2466 1658 2557 1711 cui
2584 1656 2672 1689 ⁴⁰¹⁴
2699 1672 2801 1711 nec
2826 1657 3083 1713 martiris
3108 1659 3390 1715 tumulum
3416 1660 3635 1731 videre,

1984 1758 2089 1799 nec
2110 1743 2198 1799 sui
2219 1744 2463 1798 oratorii
2486 1743 2678 1798 limina
2698 1743 3453 1816 concedebaturattingere.
3475 1748 3640 1805 Cum-

1903 1863 1956 1921 B
1988 1846 2097 1904 que
2112 1831 2347 1921 iteratis
2364 1832 2671 1921 conatibus
2687 1832 2906 1921 ingredi
2926 1831 3213 1889 niteretur
3231 1835 3462 1905 sapius,
3479 1835 3640 1893 huic-

1987 1934 2098 1991 que
2121 1934 2190 1978 ex
2213 1920 2458 1976 adverso
2478 1919 2783 1976 resisteret
2801 1919 2999 1976 eadem
3018 1920 3228 1992 virtus,
3252 1923 3484 1980 tandem
3508 1938 3638 1995 qua

1986 2008 2241 2081 experiri
2275 2007 2587 2064 advenerat
2621 2024 2749 2065 cum
2784 2008 2957 2064 nimia
2991 2009 3333 2066 confusione
3366 2012 3508 2069 abiit
3541 2027 3639 2070 ex-

1987 2099 2213 2167 pertus.
2248 2095 2426 2162 Quem
2453 2096 2607 2167 dum,
2636 2100 2701 2152 ut
2724 2110 2842 2153 sua
2866 2095 3199 2153 consuleret
3223 2096 3417 2165 saluti,
3447 2098 3615 2155 horta

1989 2186 2193 2238 rentur
2224 2182 2425 2239 fideles
2460 2188 2515 2237 et
2553 2182 2885 2255 prepinqui,
2917 2189 3120 2239 sancto
3152 2185 3382 2241 scilicet
3413 2185 3641 2243 satisfa-

1987 2269 2193 2325 ciendo
2212 2273 2268 2326 et
2292 2269 2511 2341 aliquid
2534 2270 2883 2343 pradiorum
2906 2286 3011 2343 pro
3031 2270 3346 2327 elemosina
3364 2287 3484 2329 sua
3500 2286 3641 2345 pau-

1989 2358 2113 2429 peri
2132 2357 2395 2415 ecclesia
2416 2359 2789 2430 conferendo,
2806 2359 2981 2416 surda
3000 2374 3139 2416 aure
3159 2359 3527 2433 ﬂoceipendit
3552 2360 3643 2417 vir

1988 2460 2169 2502 vanus
2188 2448 2408 2517 audire,
2425 2447 2517 2503 cui
2540 2447 2875 2504 imminebat
2896 2450 3201 2519 respectus
3225 2448 3324 2505 ira
3346 2463 3635 2520 superna.

1987 2534 2106 2589 Non
2154 2539 2283 2605 post
2335 2535 2578 2591 multum
2612 2536 2892 2607 temporis
2939 2537 3108 2607 (562),
3159 2537 3354 2593 nescio
3382 2552 3497 2608 quo
3524 2540 3642 2611 spi-

1988 2622 2125 2690 ritu,
2152 2621 2399 2678 tendens
2425 2621 2840 2692 lherosolimis,
2867 2623 3229 2693 naufragium
3262 2638 3495 2695 passus,
3523 2639 3642 2681 mo-

1985 2712 2081 2764 tus
2114 2709 2359 2765 incurrit
2395 2709 2601 2774 maris;
2633 2713 2691 2765 et
2715 2708 2787 2764 ad
2812 2709 2921 2765 ima
2948 2708 3311 2767 descendens
3339 2709 3634 2781 profundi,

1986 2795 2363 2853 inrevocabili
2402 2797 2519 2852 fato
2550 2796 2662 2867 “’1‘,
2696 2798 2811 2852 Deo
2836 2796 3053 2867 judice,
3085 2796 3262 2853 solvit
3291 2812 3515 2868 panam
3547 2797 3637 2854 sui

1985 2884 2246 2941 sceleris.
2279 2886 2356 2941 De
2386 2890 2636 2956 quatuor
2666 2885 2773 2955 his,
2811 2885 2907 2957 qui
2939 2900 3009 2942 eo
3033 2884 3278 2955 iubente
3310 2899 3440 2942 eum
3471 2900 3642 2958 pere-

1983 2984 2161 3042 mere,
2199 2974 2396 3045 potius
2419 2988 2587 3045 quam
2612 2973 2770 3044 loqui
2796 2973 3102 3030 maluimus
3133 2972 3329 3030 silere.
3364 2975 3482 3030 Hoc
3511 2977 3641 3030 tan-

1982 3064 2105 3117 tum
2138 3062 2381 3119 sufficiat
2411 3062 2630 3127 dicere,
2666 3061 2917 3118 diversis
2948 3062 3138 3133 poenis
3168 3066 3225 3118 et
3257 3060 3631 3118 evidentibus

1983 3148 2153 3206 malis
2182 3151 2254 3205 ab
2285 3150 2390 3207 hac
2422 3151 2790 3207 substractos
2824 3149 2951 3206 luce
2984 3149 3154 3219 (663).

218 3198 353 3291 3913
386 3182 1176 3291 éfsffgjcjnejé9135???
1198 3184 1739 3291 εξξεξπξιζθξρξῖιξείεξ
1767 3185 1873 3291 lin:
1903 3209 1951 3270 o
1983 3182 2254 3276 ’Ἣέῗῶ
2286 3182 3341 3291 ῗε“ιζὲιέ¹ἧῗὲ¹ε“ἴὲἕέίῐιένιῖίὲυέιῑέίιιεηαο
3371 3218 3633 3276 correxit

217 3286 349 3342 gua
381 3275 439 3328 et
473 3270 729 3340 auditus,
764 3271 833 3326 ad
870 3270 1151 3327 tumulum
1191 3272 1318 3343 ejus
1350 3273 1470 3329 hac
1503 3277 1749 3345 utraque
1781 3280 1870 3331 est

218 3361 471 3433 adeptus
484 3366 544 3418 et
561 3361 631 3415 ab
647 3361 813 3416 hoste
833 3358 1081 3431 maligno
1102 3360 1410 3417 liberatus.
1425 3362 1725 3419 —Rustici
1745 3379 1867 3435 sex,

219 3464 473 3521 quorum
494 3449 715 3521 pariter
738 3449 915 3520 pedes
939 3448 1109 3520 culpa
1134 3448 1458 3506 insolentia
1482 3450 1652 3522 cippo
1674 3451 1869 3509 stricti

216 3543 389 3596 erant
423 3538 494 3593 ab
524 3542 821 3607 exactore,
855 3538 1039 3594 sancti
1063 3537 1309 3594 nominis
1329 3539 1456 3609 ejus
1478 3539 1868 3609 invocatione,

218 3626 383 3684 nullo
431 3638 659 3681 manum
711 3631 1056 3698 apponente,
1107 3625 1255 3682 solvi
1302 3642 1587 3684 meruere.
1622 3660 1691 3670 —
1720 3631 1873 3686 Puer

218 3715 433 3772 deinde
465 3714 758 3771 lunaticus
778 3721 837 3770 et
858 3714 1008 3771 alius
1028 3715 1346 3786 cujusdam
1364 3716 1566 3774 militis
1596 3718 1869 3789 Wigeriei

216 3818 365 3875 puer
390 3802 766 3872 domesticus,
800 3801 1099 3871 eujusjam
1124 3817 1227 3873 per
1249 3817 1459 3860 annum
1483 3820 1686 3876 panem
1712 3807 1871 3863 fasti-

217 3892 417 3950 diebat
440 3892 795 3962 stomachus,
825 3891 947 3963 pari
970 3897 1106 3948 voto
1129 3892 1437 3964 advenere,
1468 3895 1675 3966 suique
1705 3911 1871 3952 recuo

217 3980 528 4053 peratione
549 3980 769 4051 pariter
789 3979 974 4035 sancti
996 3979 1268 4037 virtutem
1290 3996 1657 4052 persensere.
1676 3985 1867 4051 -_Sed

216 4073 275 4125 et
298 4084 371 4124 ex
395 4067 608 4123 familia
635 4068 787 4123 beati
810 4066 1180 4125 Willebrordi
1205 4068 1519 4125 adveniens
1542 4084 1754 4139 cacus,
1776 4073 1867 4129 sui

217 4155 644 4212 illuminatione
674 4155 881 4211 similia
925 4159 1012 4212 est
1051 4161 1358 4228 expertus;
1402 4157 1494 4213 cui
1528 4157 1665 4214 licet
1698 4158 1867 4216 facile

217 4242 402 4299 isdem
431 4244 638 4299 beatus
656 4243 958 4299 confessor
975 4241 1084 4299 hoc
1104 4242 1290 4315 ipsum
1312 4242 1560 4300 valuerit
1577 4245 1863 4317 conferre,

215 4336 410 4387 tamen
437 4330 491 4386 in
518 4331 623 4387 hoc
645 4346 753 4386 mai
771 4331 902 4387 tiris
925 4346 1037 4387 non
1062 4331 1267 4388 invidit
1285 4331 1507 4402 gloria.

285 4429 408 4484 Non
442 4433 744 4499 exspectet
778 4429 1086 4500 quisquam
1117 4444 1146 4486 a
1178 4444 1265 4486 me
1297 4433 1415 4486 tam
1447 4430 1628 4487 multa
1660 4432 1865 4491 audire

216 4532 344 4588 qua
367 4514 439 4573 ad
464 4516 741 4573 indicium
765 4517 1100 4574 sanctitatis
1119 4532 1239 4576 sua
1258 4518 1451 4575 divina
1467 4519 1657 4589 gratia
1679 4520 1864 4580 voluit

214 4604 538 4675 declarare,
572 4604 726 4676 quia,
755 4611 817 4661 ut
841 4619 1116 4678 superius
1142 4620 1229 4663 me
1253 4607 1482 4663 memini
1508 4607 1746 4679 dixrsse,
1773 4612 1867 4667 su-

215 4694 513 4766 periorum
543 4696 878 4749 nostrorum
907 4693 1129 4750 desidia
1163 4694 1341 4751 multa
1370 4702 1604 4753 manent
1631 4698 1867 4755 oblitte-

215 4786 366 4851 rata,
382 4779 551 4853 plura
574 4780 749 4836 etiam
774 4796 878 4837 nos
899 4782 1222 4839 omittimus
1239 4797 1310 4839 ex
1328 4783 1636 4855 industria,
1652 4787 1865 4858 partim

214 4868 532 4925 multorum
554 4868 801 4939 invidia,
827 4870 1037 4942 partim
1061 4870 1497 4931 incredulorum
1519 4874 1868 4933 condescen-

212 4958 423 5016 dentes
446 4957 719 5028 miseria,
740 4958 837 5030 qui
863 4974 968 5016 nec
991 4960 1232 5033 scriptis
1250 4976 1356 5019 nec
1381 4962 1577 5021 verbis
1598 4965 1865 5036 prabent

212 5059 539 5116 assensum,
582 5045 691 5102 nisi
734 5045 988 5103 viderint
1019 5048 1191 5106 oculo
1223 5050 1295 5106 ad
1326 5051 1580 5109 oculum.
1616 5054 1868 5111 Credant

1982 3308 2282 3377 signorum
2325 3309 2825 3380 increpationibus
2855 3309 3063 3365 beatus
3105 3314 3271 3379 pater
3314 3305 3631 3364 Conradus.

1983 3396 2169 3453 Semel
2202 3397 2413 3454 natalis
2445 3397 2664 3453 Domini
2698 3397 2812 3463 die.
2846 3412 2977 3454 cum
3006 3412 3077 3451 ex
3105 3396 3414 3453 custodum
3456 3394 3640 3465 negli-

1980 3484 2176 3553 gentia
2196 3499 2393 3541 coram
2419 3500 2479 3541 se
2505 3485 2696 3556 posita
2720 3500 2828 3541 non
2854 3484 3088 3541 arderet
3112 3483 3373 3554 candela,
3395 3488 3638 3556 repente

1981 3573 2263 3630 divinitus
2286 3579 2378 3629 est
2401 3588 2665 3629 accensa.
2695 3573 2874 3629 Simili
2899 3572 3090 3642 modo,
3114 3576 3174 3628 ut
3200 3574 3473 3644 superius
3494 3570 3639 3628 dixi-

1981 3674 2127 3731 mus,
2161 3675 2291 3717 cum
2321 3661 2445 3717 vice
2474 3660 2661 3716 altera
2690 3658 2889 3715 eadem
2918 3659 3088 3729 culpa
3119 3660 3262 3714 inibi
3293 3660 3522 3716 deesset
3553 3658 3639 3716 lu-

1981 3761 2175 3813 cerna,
2209 3747 2408 3803 subito
2436 3746 2652 3802 fabrica
2685 3745 2871 3802 totius
2903 3744 3200 3816 sepulchri
3225 3749 3402 3815 mota,
3434 3745 3634 3801 eadem

1980 3835 2198 3891 virtute
2226 3848 2455 3904 cereus,
2488 3834 2585 3904 qui
2615 3834 2763 3888 forte
2787 3833 3011 3901 aderat,
3046 3832 3176 3888 luce
3212 3832 3427 3888 enituit
3457 3832 3635 3888 clara.

1980 3924 2099 3980 Non
2133 3922 2418 3980 dissimile
2449 3927 2507 3977 et
2540 3920 2685 3977 illud
2717 3920 2967 3987 exstitit,
3013 3920 3166 3989 quod
3197 3934 3311 3975 non
3347 3934 3541 3975 coram
3575 3936 3637 3977 Se

1980 4012 2203 4068 firmius
2225 4012 2452 4069 harens
2473 4024 2702 4079 cereus,
2730 4009 2865 4065 dum
2888 4023 3064 4079 super
3088 4008 3456 4077 sarcofagum
3482 4007 3637 4063 vela-

1979 4100 2130 4155 mine
2154 4104 2418 4172 opertum
2442 4098 2685 4167 corruit,
2721 4096 2944 4153 diutius
2966 4094 3223 4152 ardendo
3249 4095 3454 4164 jacens
3477 4098 3533 4150 et
3555 4093 3639 4163 ja-

1979 4188 2163 4244 cendo
2184 4188 2417 4258 ardens,
2447 4188 2632 4259 ipsum
2656 4185 2930 4259 velamen
2958 4186 3211 4259 inustum
3243 4184 3523 4259 servavit.

2047 4261 2168 4315 Jam
2198 4258 2384 4315 avidis
2404 4253 2784 4316 auditoribus
2807 4258 3035 4313 modum
3060 4254 3130 4310 de
3157 4255 3244 4311 his
3268 4255 3509 4326 inponat
3533 4253 3639 4310 sti-

1979 4346 2092 4416 lus,
2123 4348 2276 4419 quia,
2304 4351 2367 4405 ut
2390 4346 2468 4403 ait
2497 4348 2707 4405 beatus
2730 4345 3067 4417 Gregorius,
3104 4345 3265 4415 signa
3300 4342 3637 4399 inﬁdelibus

1979 4435 2356 4492 monstranda
2385 4440 2540 4507 sunt,
2572 4449 2686 4492 non
2717 4434 3020 4501 fidelibus;
3051 4433 3264 4505 quibus
3289 4432 3359 4488 ad
3383 4431 3632 4489 salutem

1978 4523 2243 4581 sufficere
2267 4528 2483 4595 posset,
2500 4523 2675 4579 etiam
2699 4522 2747 4579 si
2774 4523 2963 4580 minus
2984 4521 3141 4578 dicta
3165 4525 3381 4579 essent.
3412 4519 3467 4574 Si
3493 4519 3637 4576 fides

1978 4627 2090 4671 non
2124 4611 2273 4669 desit
2310 4611 2651 4683 petentium,
2690 4624 3003 4681 numquam
3034 4609 3126 4643 ⁴⁰¹⁶
3158 4610 3325 4667 deest
3356 4608 3483 4679 ejus
3517 4609 3633 4664 suf-

1978 4701 2257 4771 fragium;
2308 4699 2440 4769 quia
2490 4696 2644 4769 quod
2695 4696 2807 4753 sibi
2859 4697 3046 4755 adhuc
3074 4697 3267 4754 carnis
3299 4696 3635 4753 infirmitate

1976 4786 2374 4847 circumdatus
2427 4784 2551 4841 fieri
2604 4781 2808 4853 noluit,
2863 4783 3064 4853 utique
3114 4783 3247 4840 aliis
3296 4785 3488 4841 facere
3520 4798 3635 4840 non

1976 4876 2211 4948 refugit.
2258 4875 2435 4945 Cujus
2476 4871 2707 4931 assidua
2744 4871 3099 4927 interventio
3129 4885 3237 4927 nos
3268 4871 3637 4928 commendet

1975 4962 2363 5037 omnipotenti
2412 4963 2529 5019 Deo
2578 4961 2852 5028 deorum;
2883 4959 2976 5016 cui
3023 4958 3101 5016 sit
3150 4957 3277 5014 laus
3327 4958 3381 5013 in
3434 4958 3631 5015 secula

1976 5052 2338 5119 seculorum;
2368 5065 2532 5108 amen
2556 5048 2664 5104 ‘0“.

1574 5150 1809 5207 VARUE
1852 5151 2249 5208 LECTIONES.

280 5239 374 5318 “1”
399 5242 522 5318 _Hoc
544 5245 596 5297 2.
659 5239 770 5318 ffff
799 5242 1148 5318 verecondia
1168 5248 1221 5318 ft1
1298 5244 1390 5318 ﬁ?“
1422 5247 1586 5318 sui“).
1666 5248 1759 5282 ⁸⁰ί⁸
1790 5250 1937 5307 satis
1960 5253 2010 5305 2.
2089 5248 2180 5282 ⁴⁰¹⁶
2211 5262 2497 5318 nonquam
2520 5250 2570 5301 2.
2651 5243 2742 5318 ‘f’l'
2772 5240 3632 5318 Ῑῃροιίε1-.ῌΙι.,(αιίαῃιαπω)

211 5312 268 5369 ει
304 5312 357 5390 1P
390 5310 566 5390 ἠωςο
592 5311 809 5390 addita
835 5314 978 5390 sunt
997 5334 1016 5370 :
1039 5313 1160 5390 Kal.
1194 5315 1346 5371 Junii
1379 5317 1574 5390 passio
1605 5321 1793 5376 sancti
1824 5320 2078 5378 Cunonis
2104 5310 2421 5390 episeop'et
2448 5314 2735 5390 martyris.
2763 5320 2794 5372 8
2820 5314 2955 5390 ldus
2985 5314 3121 5390 Julii
3151 5346 3177 5376 ο
3208 5312 3470 5390 inventio
3503 5310 3635 5390 cor:

212 5382 373 5455 poris
404 5397 452 5438 s.
491 5383 631 5455 Cun.
667 5397 698 5440 e

531 5397 631 5466 μη..
667 5382 931 5510 egisset
958 5399 1030 5439 m.
1058 5384 1127 5440 ad
1155 5401 1351 5466 rupem
1379 5382 1482 5467 ubi
1515 5387 1846 5468 decollatus
1868 5397 1987 5456 est,
2008 5397 2040 5449 8
2065 5382 2186 5448 Kal.
2214 5382 2356 5461 Aug.
2381 5382 2691 5445 translatio
2713 5386 2983 5457 corporis
3009 5402 3056 5443 s.
3085 5383 3339 5442 Cunonis
3363 5383 3631 5456 episcopi

531 5468 577 5509 IS
607 5471 665 5510 in
738 5455 937 5510 asnliea
971 5456 1072 5510 (ml
1108 5457 1261 5510 beati
1292 5458 1550 5510 Mauricii
1580 5466 1638 5510 et
1673 5475 1721 5510 s.
1753 5462 1897 5510 eius.

210 5458 266 5510 et
300 5455 577 5524 martyris
607 5455 665 5511 in
698 5455 937 5512 basilica
971 5456 1072 5527 (m)
1108 5457 1261 5513 beati
1292 5457 1550 5513 Mauricii
1580 5466 1638 5513 et
1673 5475 1721 5514 s.
1753 5462 1897 5530 ejus.

1799 5531 2027 5587 NOTIE.

282 5595 434 5666 (562)
464 5609 514 5652 a.
549 5597 718 5661 1073;
748 5610 800 5651 v.
835 5595 1181 5654 Bernoldum
1208 5598 1507 5654 Constant.
1531 5598 1584 5653 h.
1608 5613 1657 5654 a.
1684 5600 1867 5656 Minus

212 5674 377 5725 recte
408 5666 749 5737 Sigebertus
781 5683 831 5723 a.
869 5671 1006 5725 1068
1038 5666 1296 5725 indicare
1327 5668 1576 5725 videtur.

2048 5603 2195 5671 (663)
2230 5603 2318 5660 Cf.
2350 5600 2698 5661 Bernoldum
2728 5614 2779 5657 a.
2818 5599 2974 5657 1066.
