3990 6362
389 391 540 458 1267

1025 395 1295 461 GESTA
1338 396 1690 463 TREVER.
1730 434 1798 446 —
1825 394 2176 461 APPEND.
2213 394 2326 460 EX
2355 394 2564 460 HIST.
2599 393 2844 460 MART.
2879 393 3122 461 TREV.

3645 394 3793 461 1268

1741 541 2233 612 EPITAPHIUM
2267 538 2456 630 (564)

421 681 547 737 Dux
577 679 771 750 gregis
797 685 857 736 et
888 687 1089 750 portus
1119 684 1175 735 et
1208 678 1314 736 flos
1346 677 1594 735 feliciter
1627 681 1813 746 ortus,

2055 675 2110 734 A
2177 675 2530 746 Doctrinam,
2561 690 2772 745 mores,
2799 675 3082 733 virtutum
3107 689 3374 748 quosque
3393 674 3651 735 colores.

420 769 558 826 Post
577 769 994 826 incrementum
1022 770 1247 825 fructus
1267 767 1424 824 subit
1444 769 1551 824 hoc
1573 770 2024 834 monumentum,
2063 783 2087 818 ι
2177 761 2353 829 Quem
2377 765 2508 835 quia
2533 780 2833 822 servorum
2861 765 3018 822 fraus
3039 766 3376 838 conspirata
3398 765 3688 824 malorum

422 860 542 914 Hoc
571 857 1036 928 transplantatus
1063 857 1321 914 claustro
1345 857 1450 914 flos
1475 862 1952 926 prememoratus.

417 946 613 1002 Trevir
633 950 760 1001 erat
783 952 941 1015 natu,
969 945 1407 1016 Sigebergensis
1437 943 1586 1014 (565)
1617 942 1990 1008 monachatu;

419 1034 634 1090 Attulit
655 1035 767 1092 huc
791 1051 986 1092 secum
1011 1035 1344 1091 venerabile
1375 1032 1656 1088 fratribus
1684 1045 1916 1100 equum,

2175 853 2465 909 Insontem
2491 854 2722 922 stravit,
2747 853 2977 924 gladius
2999 854 3232 912 Christo
3258 855 3541 912 sociavit:

2175 941 2323 1010 Ergo
2347 943 2498 1012 quod
2522 943 2656 998 obta
2669 944 2770 998 bas
2804 947 3026 1013 martyr
3056 943 3247 1014 modo,
3275 943 3370 1014 qui
3399 943 3564 1015 prius
3585 943 3788 1014 abbas,

2173 1029 2232 1084 ln
2259 1032 2537 1088 monacho
2563 1031 2777 1088 Christi
2799 1031 2987 1099 testis,
3021 1032 3387 1104 Chounrade,
3424 1032 3610 1089 fuisti.

739 1287 897 1378 EX
995 1282 1555 1376 HISTORIA
1651 1279 2330 1372 MARTYRUM
2424 1281 3406 1377 TREVERENSIUM.

451 1469 616 1523 Amm
649 1471 781 1522 107-2
811 1465 1015 1524 tabula
1043 1466 1114 1519 de
1141 1461 1511 1532 martyribus
1531 1475 1569 1518 a
1597 1459 1932 1532 Rictiocaro
1959 1457 2130 1532 cresia
2169 1459 2408 1532 Treveri
2437 1461 2690 1532 sepultis
2717 1462 2980 1530 inventa,
3017 1461 3142 1519 tum
3165 1462 3512 1520 sanctorum
3541 1465 3797 1524 illorum

375 1539 711 1605 passionem.
734 1539 856 1593 tum
879 1536 1239 1608 inventionis
1267 1528 1534 1608 ori/irier);
1566 1528 2015 1608 tum_m_iracu/_a
2045 1529 2317 1608 quaedam
2335 1528 2762 1608 _ibidemfacta
2792 1528 3044 1608 clericus
3079 1535 3456 1608 Trererensis
3481 1539 3790 1608 narravit,

375 1600 615 1676 prologo
633 1611 955 1676 praemisso,
981 1621 1095 1674 quo
1117 1606 1279 1662 nillil
1297 1605 1368 1660 de
1387 1619 1448 1661 se
1469 1606 1596 1672 ipso
1617 1603 1715 1676 cel
1734 1601 1804 1656 de
1822 1600 2015 1676 operis
2044 1601 2307 1676 consilio
2321 1600 2599 1676 tradidit.
2630 1605 2757 1660 Sed
2779 1605 3069 1676 pleraque
3095 1605 3294 1674 ipsam
3321 1605 3548 1664 cidisse
3569 1621 3648 1663 ea:
3669 1600 3794 1666 tota

375 1665 725 1735 eam-amne
753 1665 1000 1734 abunde
1013 1678 1194 1746 patet.
1225 1691 1414 1744 neque
1447 1665 1552 1731 diu
1578 1665 2380 1746 postscripsiese‘palandas
2409 1674 2514 1740 est,
2546 1676 2765 1745 quippe
2779 1665 2892 1746 ξριὶ
2913 1665 3342 1732 ῃίἱγασάῖοτηιτη
3370 1665 3793 1736 narrationem

375 1762 490 1802 non
513 1751 676 1806 alim
697 1765 751 1805 α,
777 1754 914 1805 1072
928 1739 1343 1818 prosequatur.
1375 1739 1590 1818 Eidem
1601 1743 1760 1818 etcit
1777 1757 1860 1818 ιη
1879 1739 2338 1818 Felicisdeteri,
2357 1739 2764 1818 sapra'mvm'ai
2779 1739 2924 1818 {sed
2943 1747 3126 1802 etiam
3145 1747 3268 1804 lucc
3286 1749 3554 1807 auctoris
3576 1763 3792 1808 nomen

371 1819 428 1874 8,-
436 1821 528 1874 16,.
569 1821 840 1876 Historia
871 1811 1211 1884 martyrum
1230 1833 1324 1878 αῃ.
1357 1817 1675 1872 Hmtt/teim
1698 1813 1908 1886 Prodr.
1935 1811 2065 1886 [Ἀρ.
2097 1816 2196 1866 109
2219 1823 2294 1886 ea;
2314 1811 2443 1869 cod:
2479 1811 2841 1880 Trererensi,
2867 1817 3071 1886 postea
3101 1818 3316 1874 collato
3339 1820 3462 1875 cod.
3486 1822 3557 1878 δ’.
3583 1818 3792 1878 Mazi-

369 1891 522 1962 τῃίῃί
545 1892 668 1948 Act.
695 1894 809 1947 ss.
841 1881 1039 1946 Octob;
1055 1891 1141 1958 II,
1164 1905 1219 1958 ρ,
1242 1893 1348 1962 73773
1365 1888 1526 1943 edita
1547 1886 1650 1962 est.
1667 1883 1948 1962 goiicem
1969 1881 2496 1962 quamet/tientia
2509 1886 2816 1962 Hillarias
2835 1881 2999 1962 cidit
3016 1890 3102 1962 (ῃ.
3129 1892 3218 1956 27,
3243 1891 3367 1962 67)_
3398 1890 3556 1949 alios
3572 1893 3794 1962 procul

373 1959 549 2016 datio
571 1961 920 2019 bibliotheca
943 1963 1099 2018 conti
1107 1951 1202 2017 ne:
1229 1958 1621 2016 Treverensic.
1653 1957 1793 2012 Haec
1810 1951 2312 2023 cerofragmenta
2333 1969 2408 2010 ea:
2429 1957 2904 2014 Haut/teimiana
2925 1951 3186 2016 editione
3203 1951 3418 2032 repeto.

661 2096 807 2152 Illud
838 2111 978 2152 vero
1011 2095 1420 2165 qualicumque
1453 2095 1747 2153 scribendi
1785 2095 1993 2152 moduli

2130 2084 2490 2157 dignaretur,
2528 2103 2630 2160 per
2663 2089 2816 2161 quod
2843 2090 3210 2148 benedictum
3243 2106 3449 2149 nomen
3473 2093 3602 2164 ejus
3623 2109 3655 2150 a
3682 2110 3790 2154 sae-

369 2186 703 2254 posteritati
735 2185 1134 2241 transmittere
1159 2184 1438 2240 debemus
1468 2184 1824 2252 necessario,
1857 2186 2014 2254 quali

367 2269 578 2328 divinm
601 2273 1137 2342 prmdestinationis
1159 2273 1526 2328 ordinatione
1549 2273 1656 2330 bac
1678 2277 2013 2331 sanctorum

368 2358 649 2415 laetificati
683 2361 868 2416 simus
903 2361 1388 2418 manifestatione.

438 2455 488 2505 2.
518 2451 694 2504 Erant
720 2464 922 2520 nempe
946 2451 999 2505 in
1027 2449 1120 2505 illa
1148 2450 1332 2504 sancti
1356 2449 1581 2506 Paulini
1604 2451 2012 2508 canonicorum

365 2538 816 2604 congregatione
835 2538 1048 2592 fratres
1066 2537 1242 2606 aliqui
1264 2543 1482 2593 sanctze
1497 2538 1796 2608 religionis
1813 2539 2011 2597 studio

364 2625 779 2680 venerabiliter
801 2627 1046 2682 accensi.
1083 2627 1148 2682 Hi
1175 2641 1336 2694 ergo,
1361 2625 1494 2682 dum
1521 2627 1672 2682 inter
1696 2627 1803 2684 alia
1835 2628 2012 2699 pieta-

364 2713 440 2768 tis
467 2727 646 2784 opera
677 2728 860 2770 sacra:
891 2715 1209 2785 Scriptura;
1233 2713 1459 2783 legendi
1487 2715 1748 2786 paginam
1772 2731 2006 2788 operam

363 2816 476 2856 non
501 2802 790 2857 minimam
820 2805 1170 2872 praeberent,
1205 2803 1473 2860 solebant
1499 2805 1861 2874 frequentius
1882 2820 2010 2862 cor-

361 2889 522 2960 poris
551 2894 611 2946 et
645 2890 854 2946 mentis
895 2891 1235 2960 aspectibus
1267 2891 1363 2948 illa
1396 2897 1842 2962 repraesentare,
1881 2908 2008 2962 qua

357 2979 709 3034 videbantur
733 2978 802 3034 ad
828 2979 1101 3036 honorem
1133 2979 1399 3036 ecclesiae
1428 2980 1770 3050 Trevericae,
1806 2982 2010 3039 matris

359 3065 584 3122 scilicet
605 3082 746 3136 sua},
767 3072 1065 3138 spectare;
1093 3065 1252 3124 illius
1275 3069 1540 3126 forsitan.
1563 3069 1699 3138 quin
1724 3070 1897 3128 immo
1919 3085 2008 3128 re-

357 3170 516 3225 vera,
552 3171 663 3211 non
699 3157 1062 3212 immemores
1097 3156 1373 3227 praecepti
1416 3157 1572 3226 quod
1599 3157 1679 3212 ait
1716 3176 1728 3212 :
1759 3159 2008 3218 Honora

353 3244 585 3309 patrem
619 3245 782 3300 tuam
804 3244 861 3300 et
877 3245 1130 3300 matrem
1159 3243 1352 3308 (Deut.
1380 3259 1434 3307 v,
1463 3247 1550 3315 t6)
1580 3249 1636 3301 et
1662 3244 1909 3302 aliorum
1933 3247 2004 3304 ad

356 3331 508 3388 hunc
547 3331 779 3386 modum
815 3331 1030 3400 justam
1073 3333 1577 3390 conversationem
1609 3334 1998 3392 suadentium.

2128 2175 2260 2231 culo
2293 2176 2347 2231 in
2385 2176 2660 2235 saeculum
2707 2179 3154 2238 benediceretur
3193 2196 3260 2238 ac
3303 2181 3670 2240 laudaretur.
3714 2187 3791 2242 Ut

2127 2277 2268 2333 ergo
2294 2266 2600 2336 promissio
2622 2268 2717 2322 Dei
2746 2268 2978 2324 immota
3009 2275 3403 2340 permaneret,
3437 2287 3566 2341 qua
3598 2272 3784 2330 dicit:

2129 2352 2239 2408 Ubi
2263 2354 2376 2409 dao
2398 2355 2510 2411 aut
2525 2355 2641 2413 tres
2663 2357 3009 2426 congregati
3024 2357 3277 2428 fuerint
3291 2360 3359 2416 in
3374 2361 3615 2418 nomine
3639 2375 3784 2431 meo,

2123 2440 2190 2496 in
2207 2443 2396 2498 medio
2414 2457 2609 2499 eorum
2625 2458 2756 2501 sum
2778 2443 3020 2512 (Matth.
3046 2461 3200 2517 xw",
3221 2448 3312 2518 20)
3336 2479 3406 2488 —
3423 2451 3548 2505 tres
3565 2449 3784 2521 quippe

2125 2527 2464 2586 intentionis
2493 2531 2664 2603 hujus
2696 2534 2907 2590 fratres
2933 2565 2990 2574 -—
3020 2535 3345 2591 fuerunt—
3365 2536 3651 2594 auxilium
3683 2540 3783 2596 Dei

2124 2617 2232 2674 sibi
2267 2619 2335 2672 ad
2370 2619 2512 2676 hanc
2547 2621 2925 2677 intentionem
2963 2624 3234 2694 praeberi,
3285 2625 3406 2680 cito
3439 2631 3778 2683 senserunt.

2122 2706 2293 2762 Prius
2305 2707 2453 2762 enim
2472 2723 2638 2778 quam
2657 2709 3279 2781 triduanumjejunium
3297 2713 3473 2768 tertia
3489 2713 3618 2770 vice
3632 2729 3782 2772 com-

2122 2794 2628 2866 plevissent,misit
2648 2797 2962 2855 eisDeusin
2980 2799 3330 2868 adjutorium
3348 2801 3642 2870 quendam
3657 2817 3782 2860 san-

2121 2887 2232 2938 cta;
2263 2884 2733 2940 conversationis
2765 2885 2973 2942 laieum
3002 2888 3231 2944 nomine
3264 2889 3627 2962 Folbertum,
3665 2893 3783 2964 pri-

2119 2976 2315 3026 vatum
2339 2973 2584 3026 eundem
2611 2973 2736 3028 visu
2761 2974 3083 3044 oculorum,
3114 2991 3281 3046 quem
3308 2993 3460 3035 unus
3483 2993 3558 3035 ex
3583 2980 3780 3038 tribus

2120 3058 2380 3129 praefatis
2409 3059 2707 3124 fratribus,
2726 3063 2923 3118 Cuouo
2944 3062 3456 3129 videlicet,custos
3485 3073 3780 3124 monaste-

2119 3145 2186 3200 rii
2209 3147 2397 3203 sancti
2416 3147 2661 3217 Paulini,
2679 3149 2876 3206 studio
2899 3157 3114 3208 sanctae
3140 3151 3569 3223 hospitalitatis
3591 3156 3650 3212 in
3676 3156 3778 3214 do-

2117 3247 2268 3290 mum
2289 3250 2449 3291 suam
2475 3237 2785 3308 recipiens,
2806 3239 3110 3295 sufficienti
3131 3255 3194 3296 ac
3215 3239 3429 3312 placit
3451 3241 3536 3298 illi
3559 3244 3777 3301 ofﬁcio-

2117 3321 2288 3377 situtc
2325 3325 2712 3381 sustentabat.
2757 3325 2935 3396 Hujus
2967 3331 3159 3384 autem
3192 3329 3360 3386 cibus
3389 3333 3774 3402 vespertinus

355 3421 513 3474 Inter
544 3418 882 3474 multimoda
915 3419 1111 3490 itaque
1137 3419 1248 3476 loci
1281 3420 1454 3490 hujus
1486 3423 1772 3491 praeconia
1805 3425 2002 3494 passio
2037 3419 2082 3480 C
2115 3413 3145 3484 eratPanisilt‘l‘Pal‘Vllsmedielatem
3170 3416 3504 3488 9³³1ηὲεοοη
3525 3419 3773 3478 Vince“

355 3512 690 3563 sanctorum
715 3510 1033 3576 martyrum
1059 3508 1322 3563 Gentiani
1347 3514 1407 3564 et
1431 3509 1706 3566 Victorici
1739 3511 2002 3582 frequen-

353 3594 471 3650 tius
501 3595 589 3650 eis
617 3596 986 3650 occurrebat.
1032 3595 1170 3660 Quae
1209 3597 1478 3665 quotiens
1517 3599 1760 3656 auribus
1799 3614 1998 3657 eorum

351 3682 656 3752 corporeis
685 3683 1165 3740 innumerabilem
1189 3685 1638 3743 christianorum
1666 3692 1917 3758 stragem
1943 3689 1998 3745 in

353 3771 497 3829 urbe
519 3771 820 3828 Treverica
841 3786 870 3826 a
892 3771 1224 3829 Rictiovaro
1249 3775 1456 3830 factam
1482 3772 1760 3846 insonuit,
1786 3777 1998 3834 totiens

349 3873 452 3915 cor
501 3873 699 3917 eorum
751 3875 1000 3916 moerere
1049 3861 1220 3918 simul
1253 3869 1308 3918 et
1344 3863 1558 3932 gaudio
1607 3867 1992 3932 contremuit;

351 3961 596 4004 mmrore
621 3947 852 4018 quidem
876 3953 1120 4020 propter
1142 3951 1469 4019 ignoratum
1504 3957 1728 4008 tantum
1759 3957 1994 4024 tamque

348 4035 677 4106 preciosum
701 4041 1037 4094 sanctorum
1057 4053 1366 4108 corporum
1390 4041 1756 4106 thesaurum;
1779 4042 1994 4110 gaudio

349 4128 540 4178 autem
575 4129 817 4196 prepter
847 4141 1041 4182 rerum
1077 4127 1403 4188 veritatem.
1439 4142 1607 4198 quam
1641 4144 1741 4200 per
1773 4134 1992 4186 tantam

348 4211 665 4282 Scriptura
683 4227 865 4269 sacrm
885 4213 1212 4271 didicerant
1233 4217 1662 4272 auctoritatem.
1684 4217 1993 4276 Referebat

346 4297 498 4366 enim
525 4297 766 4354 istorum
793 4299 987 4370 passio
1011 4306 1370 4371 sanctorum,
1401 4301 1552 4372 quod
1576 4301 1841 4372 ingresso
1863 4305 1992 4362 Tre-

348 4385 512 4441 virim
537 4385 890 4452 Rictiovaro,
907 4392 1065 4444 tanta
1090 4390 1163 4444 ab
1184 4403 1253 4445 eo
1277 4389 1354 4444 s‘t
1379 4389 1526 4445 facta
1552 4389 1631 4446 ibi
1657 4397 1990 4450 sanctorum

344 4475 646 4544 sanguinis
667 4474 895 4534 effusio.
931 4482 992 4533 ut
1020 4477 1124 4532 rivi
1149 4477 1379 4534 cruoris
1408 4493 1590 4549 aquze.
1620 4479 1788 4550 juxta
1819 4496 1990 4551 quam

343 4562 522 4619 occisi
547 4567 700 4631 sunt,
729 4563 1001 4634 permixti
1023 4569 1081 4620 et
1106 4565 1161 4621 in
1187 4565 1477 4622 Musellam
1503 4565 1758 4633 deducti,
1785 4583 1907 4625 eam
1933 4569 1986 4625 in

344 4665 508 4708 suum
525 4650 776 4708 colorem
791 4656 1232 4720 converterent;
1252 4657 1333 4725 ut,
1351 4653 1602 4712 naturali
1617 4654 1888 4712 claritate
1903 4671 1991 4713 re-

342 4743 518 4805 mota,
537 4741 844 4812 peregrino
863 4740 1046 4810 magis
1066 4755 1232 4811 quam
1257 4744 1492 4814 proprio
1509 4743 1706 4801 colore
1727 4746 1981 4802 ruberet.

343 4828 449 4886 Ubi
481 4832 538 4884 et
571 4829 842 4900 sequitur
873 4847 884 4883 :
915 4829 1259 4888 Inhamatis
1286 4833 1468 4888 etiam
1498 4834 1622 4890 tam
1649 4835 1988 4892 sanctorum

339 4917 678 4990 corporibus
706 4917 870 4974 unda
887 4917 1192 4990 praebebat
1220 4921 1533 4991 tumulum,
1564 4937 1698 4994 quo,
1730 4923 1988 4982 redinte-

332 5005 519 5076 grata
533 5019 809 5077 compage
823 5021 970 5066 mem
977 5006 1231 5074 brorum,
1239 5011 1460 5082 futuro
1473 5025 1544 5068 ea
1554 5012 1990 5084 remeas-vitaret

333 5093 586 5162 judicio.
605 5126 674 5136 —
691 5097 754 5152 In
772 5096 879 5152 hac
897 5109 1038 5166 ergo
1060 5099 1236 5168 positi
1262 5099 1471 5156 mentis
1495 5100 1812 5164 anxietate,
1841 5101 1988 5158 indi-

339 5182 454 5240 ctis
475 5183 588 5239 sibi
611 5183 924 5254 aliquando
946 5185 1233 5254 biduanis,
1265 5187 1577 5258 aliquando
1598 5189 1986 5262 triduanisje-

331 5268 630 5338 juniorum
649 5271 993 5342 disciplinis,
1011 5287 1040 5328 a
1057 5272 1246 5330 divina
1268 5275 1646 5346 postulabant
1665 5277 1904 5348 pietate,
1923 5283 1984 5334 ut

337 5355 576 5428 aliquod
603 5364 721 5414 tam
751 5361 936 5418 sancti
969 5361 1220 5434 depOsiti
1255 5361 1529 5422 indicium
1553 5365 1638 5421 eis
1661 5371 1985 5424 monstrare

2113 3497 2168 3554 iu
2211 3498 2542 3569 latitudine,
2585 3502 2730 3558 (luas
2773 3508 2968 3574 partes
3011 3503 3228 3574 farinae,
3273 3506 3510 3562 tertiam
3541 3512 3771 3580 partem

2111 3587 2332 3645 habens
2352 3601 2421 3643 ex
2445 3589 2659 3654 cinere,
2691 3605 2822 3647 cum
2851 3591 3047 3662 aliquo
3074 3608 3288 3662 genere
3317 3594 3634 3653 herbarum
3669 3605 3771 3656 aut

2111 3675 2423 3732 crudarum
2443 3682 2538 3733 aut
2561 3693 2670 3732 non
2694 3679 2838 3734 bene
2856 3685 3153 3737 coctarum
3169 3681 3767 3752 etinsalsarum,cum

2111 3763 2322 3821 haustu
2357 3765 2530 3820 etiam
2565 3780 2730 3836 aquae
2762 3767 3010 3825 minimae
3041 3783 3348 3840 mensurae,
3385 3778 3553 3828 certe
3575 3787 3768 3846 neque

2111 3853 2402 3910 modulum
2427 3868 2592 3909 suum
2617 3869 2972 3912 excessurze.
2996 3856 3113 3912 Tali
3130 3872 3268 3914 vero
3281 3859 3564 3929 adjutorii
3584 3861 3766 3919 divini

2108 3941 2504 3998 consolatione
2527 3957 2638 3998 non
2664 3943 2950 4000 modicum
2976 3944 3278 4017 laetificati,
3295 3952 3354 4003 et
3374 3949 3446 4004 ad
3467 3951 3762 4020 speranda

2109 4030 2332 4100 potiora
2379 4029 2472 4085 Dei
2518 4045 2752 4087 munera
2797 4031 3066 4090 nimirum
3109 4034 3370 4106 animati,
3414 4035 3556 4094 huic
3596 4039 3764 4096 fratri

2105 4118 2435 4186 consilium,
2468 4120 2618 4190 quod
2650 4119 2718 4176 de
2751 4121 2856 4177 hac
2890 4137 2950 4177 re
2981 4129 3395 4195 conceperant,
3423 4127 3776 4186 manifesta-

2105 4206 2264 4277 bant,
2299 4207 2541 4278 ejusque
2563 4209 2894 4266 devotionis
2919 4210 3240 4282 impensius
3265 4213 3527 4271 studium
3553 4215 3669 4274 sibi
3692 4216 3764 4273 ad

2103 4295 2250 4350 hanc
2283 4308 2401 4352 rem
2434 4295 2795 4368 suppeditari
2839 4297 3232 4370 posculabant.
3271 4302 3344 4357 At
3377 4300 3496 4373 ille,
3535 4308 3604 4360 ut
3636 4309 3764 4362 erat

2105 4387 2346 4455 paratus
2374 4384 2444 4440 ad
2473 4385 2659 4442 omnia
2696 4385 2900 4443 virium
2933 4402 3168 4446 suarum
3201 4389 3614 4462 supplementa
3645 4409 3770 4450 om-

2101 4471 2274 4528 nibus
2308 4472 2638 4544 praebeuda,
2667 4473 2836 4544 juxta
2859 4475 3000 4533 illud
3025 4475 3303 4535 videlicet
3331 4478 3600 4538 doctoris
3625 4495 3766 4553 gen-

2100 4559 2244 4616 tium
2267 4561 2616 4632 exemplum,
2635 4563 2866 4633 quando
2890 4563 3056 4633 dixit,
3083 4579 3147 4622 se
3169 4565 3444 4624 omnibus
3462 4568 3657 4626 omnia
3684 4570 3768 4626 fa-

2102 4653 2258 4706 ctum
2285 4649 2486 4712 fuisse.
2511 4650 2746 4708 solitum
2768 4651 3068 4723 jejunandi
3093 4653 3326 4711 modum
3351 4655 3462 4712 hac
3490 4656 3565 4714 de
3588 4672 3769 4718 causa

2103 4738 2247 4794 adeo
2272 4738 2632 4809 intendebat,
2660 4741 2812 4811 quod
2843 4755 2944 4812 per
2964 4743 3306 4800 continuum
3331 4749 3473 4802 tunc
3495 4748 3762 4807 triduum

2101 4826 2321 4883 nullum
2338 4828 2571 4899 penitus
2583 4829 2852 4901 corporis
2873 4829 3210 4888 alimentum
3235 4834 3637 4906 suscipiebat;
3661 4838 3766 4894 sed

2100 4915 2355 4972 interdiu
2377 4918 2644 4974 omnibus
2668 4918 2834 4974 urbis
2856 4919 3027 4987 hujus
3051 4923 3445 4993 monasteriis,
3471 4925 3670 4995 nudis,
3696 4931 3760 4984 ut

2099 5003 2310 5060 solitus
2343 5009 2468 5060 erat
2501 5005 2792 5076 incedere,
2842 5007 3086 5077 pedibus
3130 5009 3518 5082 perlustrans,
3557 5020 3764 5074 noctes

2097 5091 2413 5148 eorundem
2466 5092 2686 5150 dierum
2721 5095 2775 5150 in
2808 5095 3162 5152 monasterio
3209 5098 3518 5170 smpedicti
3571 5104 3756 5174 patris

2097 5178 2321 5235 Paulini
2355 5180 2600 5253 pervigil
2632 5182 2688 5237 in
2717 5183 2980 5240 oratione
3021 5183 3294 5242 ducebat.
3337 5187 3501 5245 Unde
3534 5190 3753 5249 factum

2095 5272 2206 5338 est,
2225 5268 2364 5324 utin
2389 5269 2561 5326 tertia
2589 5275 2759 5328 nocte
2782 5273 2910 5341 post
2933 5271 3205 5343 primum,
3237 5273 3389 5332 sicut
3419 5276 3547 5347 ipse
3584 5279 3753 5336 nobis

2096 5357 2409 5427 referebat,
2442 5357 2579 5427 galli
2604 5363 2860 5430 cantum,
2885 5358 3019 5416 dum
3047 5361 3191 5418 faeie
3216 5360 3476 5421 lacrimis
3497 5365 3751 5424 ubertim

1927 5488 2150 5546 ΝΟΤίΕ.
2203 5485 2208 5488 ’

413 5585 1074 5672 (gﬁffLegiturjncod.
1110 5598 1354 5655 Vindob.
1411 5602 1472 5656 N.
1523 5601 1619 5658 791
1675 5603 1985 5672 (Lunaelao.

340 5657 407 5709 N.
445 5653 554 5720 8.).
581 5669 628 5710 s.
664 5653 742 5715 in
775 5661 871 5716 fol.
909 5669 1028 5720 ms.

2173 5605 2324 5691 .(565)
2356 5606 2776 5691 dlia‘manujn
2804 5623 2984 5691 marg.
3023 5627 3036 5667 :
3065 5610 3570 5691 «ςτέρσκρθναϐκείε
3597 5619 3758 5691 quod

2098 5677 2284 5735 situm
2313 5678 2404 5737 est
2427 5677 2502 5737 ab
2532 5679 2850 5752 Nordeliye
2879 5677 3005 5738 tria
3031 5677 3332 5742 miliaria.
