3990 6364
505 373 648 440 12³71

1157 375 1426 440 GESTA
1453 371 1807 436 TREVER.
1846 404 1917 416 -—
1949 361 2302 430 APPEND.
2342 364 2456 428 EX
2489 367 2694 430 HIST.
2732 368 2974 431 MART.
3009 369 3260 432 TREV.

3795 367 3914 435 127:

502 505 718 561 tionem
752 505 940 562 sancti
981 506 1206 562 Paulini
1246 504 1461 575 cripta.
1493 503 1613 570 Qua
1659 501 1730 559 de
1777 513 1858 569 re,
1891 510 2148 554 commu-
2182 474 2228 534 Α
2260 501 2378 560 tum
2402 501 2639 571 prapter
2656 499 2894 557 eosdem
2927 497 3289 558 infidelitatis
3311 495 3639 558 ministros
3673 496 3755 555 ad
3771 497 3914 556 ﬁden‘

501 594 695 650 nicato
726 610 854 650 cum
889 595 1254 665 principibus
1276 592 1537 648 civitatis
1555 589 1821 659 consilio,
1850 587 2140 644 licentiam

499 683 673 754 hujus
715 683 796 738 rei
827 699 856 738 a
898 683 1106 739 domno
1155 681 1600 752 archiepiscopo
1642 679 1842 736 Udone
1887 676 2143 747 postula-

503 772 661 840 bant,
691 779 748 827 et
781 773 876 827 vix
910 773 1176 827 nimirum
1208 771 1621 841 impetrabant.
1659 769 1741 824 lta
1783 781 2030 836 namque
2071 782 2143 820 ex

501 861 784 916 industria
817 861 1015 916 eadem
1050 861 1238 930 cripta
1287 859 1393 915 fu’t
1439 857 1682 920 munita,
1719 859 1782 910 ut
1813 855 1921 910 nisi
1985 857 2140 909 moto

499 948 1086 1018 principaliejusdem
1141 947 1473 1002 monasterii
1509 945 1678 1000 altari
1741 943 1935 999 nullus
1976 941 2142 999 locus

499 1035 741 1093 daretur
769 1053 891 1092 eam
933 1035 1354 1105 confringendi.
1384 1033 1542 1089 Unde
1573 1049 1679 1088 non
1710 1032 1968 1088 indebito
2013 1044 2142 1099 gra-

499 1125 666 1180 vitati
702 1140 820 1180 sum
843 1125 1089 1181 consilio
1121 1141 1231 1181 non
1269 1124 1454 1180 facilis
1483 1128 1610 1180 erat
1661 1123 1908 1179 domnus
1958 1118 2142 1176 archi-

499 1214 830 1284 episcopus,
857 1214 1002 1268 tanti
1038 1214 1352 1270 sanctuarii
1392 1213 1651 1283 fragendi
1693 1211 1984 1267 licentiam
2037 1207 2143 1264 dif-

503 1301 767 1356 ferendo.
799 1334 864 1341 —
887 1303 1088 1357 Fracta
1121 1303 1298 1372 igitur
1321 1302 1531 1373 cripta,
1560 1301 1790 1358 inventa
1816 1302 1948 1356 sunt
1986 1295 2138 1352 circa

501 1392 865 1458 sarcofagum
916 1391 1096 1446 sancti
1139 1391 1359 1447 Paulini
1393 1407 1488 1446 sex
1541 1390 1864 1458 sarcofaga,
1896 1403 2139 1458 quorum

499 1479 614 1534 duo
646 1479 928 1535 lateribus
959 1481 1083 1546 ejus
1113 1480 1373 1550 apposita
1410 1481 1662 1548 fuerunt,
1700 1483 1952 1548 quatuor
2002 1492 2140 1532 vero

499 1569 742 1639 pedibus
765 1572 982 1642 ejusita
1003 1571 1350 1628 altrinsecus
1365 1571 1754 1638 adhaeserunt,
1773 1569 1922 1640 quod
1941 1568 2143 1624 utrim-

500 1671 610 1725 que
642 1659 755 1713 duo
787 1675 858 1714 ex
888 1661 972 1716 eis
1004 1663 1306 1726 steterint;
1343 1662 1479 1717 item
1529 1662 1596 1716 ad
1651 1663 1830 1730 caput
1875 1657 2138 1726 ejusdem

499 1748 687 1804 sancti
722 1751 905 1818 patris
949 1751 1133 1806 nostri
1186 1756 1408 1822 septem
1458 1751 1757 1819 sarcofaga
1803 1753 2138 1804 sanctorum

2258 590 2470 642 rectam
2503 593 2560 642 et
2593 589 2978 648 reverentiam
3001 589 3222 646 sanctis
3243 589 3342 646 Dei
3366 587 3652 644 debitam
3677 601 3914 645 eommo

2256 675 2502 746 nendos,
2535 677 2796 734 breViter
2823 681 3115 736 notamus.
3329 743 3332 746 ,

2325 765 2582 832 Quorum
2630 767 2877 841 primum
2927 769 3072 825 adeo
3118 767 3393 838 notabile,
3425 769 3590 826 adeo
3647 781 3914 824 memora

2255 853 2389 924 bile,
2433 854 2576 912 adeo
2625 857 2799 912 etiam
2853 857 2960 914 fuit
3009 858 3293 928 mirabile,
3331 862 3396 914 ut
3439 872 3568 914 non
3628 856 3854 926 solum,
3886 873 3910 911 s

2253 957 2381 1012 quae
2419 944 2654 1000 fuerunt
2684 949 2910 1003 mentes
2939 947 3423 1017 infidelium,inde
3462 944 3770 1002 nimirum
3803 959 3914 1002 con.

2255 1031 2603 1105 tabuissent,
2647 1035 2752 1090 sed
2782 1041 2838 1092 et
2873 1036 2996 1108 ipsa
3028 1037 3283 1093 fidelium
3316 1033 3538 1093 Christi
3590 1033 3786 1093 corda
3819 1047 3914 1090 nor

2253 1120 2548 1179 minimum
2609 1123 2741 1180 inde
2799 1125 3324 1183 contremuissent.
3369 1127 3512 1182 Nam
3572 1139 3744 1194 cum,
3776 1121 3914 1180 sicut

2253 1211 2808 1283 praediximusJacta
2840 1231 2944 1288 per
2973 1215 3434 1273 misericordiam
3465 1214 3581 1272 Dei
3634 1214 3754 1270 hac
3805 1225 3914 1268 san-

2250 1293 2476 1358 ctorum
2527 1305 2906 1372 revelatione,
2939 1304 3148 1362 domno
3195 1308 3400 1362 nostro
3449 1300 3914 1374 archiepisc0pe

2250 1387 2434 1446 Udoni
2468 1392 2756 1466 hujusque
2796 1395 3157 1466 principibus
3188 1394 3581 1466 placuissent,
3621 1396 3692 1448 ut
3735 1390 3914 1459 cripta

2251 1487 2582 1541 sanctorum
2614 1500 2922 1556 corporum
2953 1485 3327 1544 collocationi
3359 1487 3792 1558 competenter
3811 1496 3914 1538 am-

2250 1572 2634 1644 pliﬁcaretur,
2679 1591 2920 1634 necesse
2969 1578 3098 1646 fuit,
3136 1583 3198 1633 ut
3243 1575 3565 1649 plurimum
3617 1579 3799 1630 terra:
3846 1586 3910 1627 ex

2253 1657 2454 1714 eodem
2481 1660 2610 1718 loco
2641 1665 2942 1734 purgando
2974 1670 3333 1737 portaretur,
3366 1667 3510 1720 Erat
3549 1667 3755 1720 autem
3787 1664 3911 1716 ante

2255 1744 2311 1800 id
2347 1747 2530 1818 ipsum
2562 1753 2864 1823 saepedicti
2901 1755 3086 1826 patris
3115 1753 3341 1810 Paulini
3375 1751 3813 1811 monasterium
3842 1764 3904 1805 ex

499 1843 836 1905 martyrum,
859 1839 1095 1896 totidem
1131 1841 1480 1911 corporibus
1507 1837 1983 1906 aromatizantia,
2023 1835 2140 1892 fue-
2168 1827 2224 1890 B
2254 1839 3362 1915 parteoccidentalipalusquzedamﬁta
3379 1843 3906 1902 viantibusnocua,

499 1931 634 1980 runt
667 1927 1015 1984 locataJla-c
1052 1930 1389 1984 veroomnia
1423 1929 1506 1984 sic
1537 1927 1916 1996 colligaverat
1951 1923 2142 1980 locan-

500 2016 639 2072 tium
673 2018 979 2086 industria,
1015 2023 1077 2074 ut
1113 2018 1280 2074 factis
1314 2018 1631 2074 fornicibus
1669 2014 1914 2084 singulis
1964 2026 2140 2084 super

494 2107 812 2177 sarcofagis
834 2107 1231 2175 binis,nullus,
1264 2111 1327 2162 ut
1380 2107 1596 2162 dictum
1634 2110 1745 2172 est,
1780 2104 1946 2160 locus
1979 2102 2144 2158 dare-

493 2196 691 2252 tureis
709 2197 1147 2265 movendis,nisi
1166 2201 1320 2251 moto
1339 2195 1499 2266 prius
1513 2195 1682 2250 altari
1704 2192 1998 2264 praecipuo
2027 2205 2142 2244 mo-

493 2285 1012 2340 nasterii.Fecerat
1044 2290 1328 2355 praeterea
1364 2299 1474 2338 non
1510 2284 1680 2353 hujus
1707 2281 1911 2352 criptt'e
1946 2278 2141 2336 condi-

496 2377 594 2430 tor
659 2389 964 2443 operosus,
1000 2373 1102 2429 sed
1163 2373 1334 2441 hujus
1365 2373 1477 2428 loci
1527 2378 1816 2428 eteorum
1885 2384 2012 2440 quas
2062 2366 2138 2421 ibi

497 2467 631 2518 sunt
661 2468 993 2518 sanctorum
1023 2477 1332 2533 corporum
1361 2461 1574 2532 aliquis
1603 2460 1924 2526 studiosus,
1954 2457 2138 2512 altare

498 2551 785 2620 quoddam
811 2567 919 2606 non
947 2567 1210 2617 magnum
1237 2551 1306 2607 ad
1328 2551 1506 2621 pedes
1527 2551 1712 2607 sancti
1747 2551 1932 2621 patris
1953 2550 2137 2606 nostri

495 2642 799 2709 sarcofago
839 2642 964 2710 ejus
985 2645 1379 2711 compactum.
1420 2640 1602 2709 Hujus
1659 2639 1848 2696 denuo
1891 2640 2137 2695 remotio

492 2733 550 2785 et
583 2729 772 2798 aliqua
809 2730 918 2783 sub
951 2729 1076 2798 ipso
1110 2734 1285 2784 terra?
1313 2729 1548 2786 effossio
1575 2728 1743 2800 plena
1781 2728 1888 2785 fuit
1919 2733 2136 2786 nostra;

493 2817 918 2886 eXpectationis
946 2817 1296 2873 consolatio.
1335 2817 1583 2873 Inventa
1605 2823 1697 2874 est
1731 2817 2014 2887 siquidem
2057 2816 2132 2872 ibi

494 2905 691 2961 tabula
743 2917 1095 2973 marmorea;
1128 2922 1236 2975 qua
1287 2906 1536 2973 sublata,
1564 2907 1830 2975 apparuit
1878 2905 2134 2974 ejusdem

497 2992 825 3050 latitudinis
860 2996 1054 3051 tabula
1096 2995 1394 3065 plumbea.
1445 2995 1576 3050 Haec
1599 2994 1735 3050 item
1769 2995 1956 3051 levata
1995 2995 2132 3050 mulo

488 3085 666 3151 taque
727 3098 890 3152 aquae
957 3084 1244 3140 infusione
1311 3083 1608 3152 multaque
1675 3088 1817 3138 setae
1884 3085 2134 3155 porcina;

2255 1931 2318 1982 ut
2346 1931 2761 1989 monasterium
2797 1931 2940 1989 illud
2989 1934 3326 2005 petentibus
3349 1938 3447 1991 aut
3471 1935 3619 1992 inde
3649 1935 3906 2008 perhanc

2253 2018 2402 2074 viam
2433 2019 2716 2091 repedare
2749 2023 3079 2081 volentibus
3110 2024 3207 2078 vix
3237 2024 3676 2094 angustissima
3712 2025 3902 2081 relicta

2255 2109 2460 2164 fuisset
2496 2124 2598 2179 per
2629 2109 2784 2166 illam
2817 2111 3040 2167 semita.
3073 2112 3192 2178 Qua
3227 2112 3298 2169 de
3329 2125 3392 2168 re
3441 2112 3753 2184 plerisque
3797 2111 3901 2168 loci

2253 2195 2411 2252 illius
2467 2197 2752 2254 fratribus
2801 2199 3177 2270 complacuit,
3212 2203 3276 2256 ut
3305 2199 3513 2256 eadem
3563 2204 3748 2268 terra,
3783 2215 3899 2268 quae

2251 2284 2326 2339 ob
2355 2285 2694 2356 praidictam
2729 2286 2999 2358 paranda:
3021 2286 3227 2358 criptze
3259 2288 3688 2344 necessitatem
3705 2289 3774 2344 de
3793 2303 3897 2344 mo-

2252 2373 2512 2429 nasterio
2542 2378 2902 2445 portaretur,
2927 2375 2997 2431 ad
3022 2375 3474 2432 exsiccationem
3513 2375 3895 2448 paludisejus-

2251 2459 2378 2516 dem
2414 2462 2724 2520 locaretur.
2762 2463 2925 2528 Quod
2957 2479 3086 2518 cum
3137 2464 3300 2519 fieret
3331 2468 3387 2520 et
3438 2468 3611 2521 terra
3663 2479 3764 2536 per
3805 2479 3891 2520 sex

2244 2548 2359 2619 jam
2393 2550 2517 2606 dies
2551 2551 2627 2606 ibi
2660 2551 2924 2623 deposita
2959 2551 3186 2620 fuisset,
3220 2553 3454 2622 accidit,
3487 2557 3557 2609 ut
3591 2554 3648 2608 in
3679 2553 3771 2609 die
3814 2568 3890 2607 se-

2249 2637 2431 2709 ptimo
2461 2655 2610 2696 unus
2650 2640 2864 2710 aliquis
2913 2655 2982 2695 ex
3045 2641 3156 2698 loci
3217 2641 3376 2698 illius
3421 2643 3746 2700 canonicis.
3771 2647 3888 2696 ante

2247 2727 2418 2796 cujus
2441 2733 2664 2797 portam
2697 2727 2864 2799 palus
2895 2730 3094 2786 eadem
3130 2730 3434 2786 maximam
3459 2730 3881 2787 inundationem

2249 2815 2726 2885 faciebat,studio
2749 2818 3187 2888 complanandae
3221 2823 3394 2875 terrae
3427 2819 3652 2877 ibidem
3675 2819 3879 2891 positae,

2248 2903 2318 2958 de
2347 2904 2517 2960 domo
2569 2920 2672 2962 sua
2721 2905 3135 2974 egrederetur;
3169 2922 3417 2977 cumque
3448 2912 3674 2964 terram
3713 2905 3877 2962 discu-

2247 2989 2448 3046 tiendo
2485 2991 2669 3046 frusta
2705 2991 2968 3061 quantam
3002 2993 3222 3049 ossium
3259 2993 3398 3048 inibi
3426 2993 3635 3062 jacere
3654 2993 3873 3052 videret.

2248 3094 2420 3135 unum
2453 3095 2524 3134 ex
2558 3079 2674 3136 illis
2707 3081 3058 3152 suscipiens,
3091 3083 3145 3137 in
3187 3098 3357 3139 manu
3398 3097 3503 3140 sua
3561 3084 3618 3139 in
3666 3083 3871 3140 domum

489 3171 908 3227 eonfricatione
942 3173 1170 3228 tandem
1195 3177 1461 3244 purgata,
1498 3171 1697 3228 retulit
1721 3172 1890 3228 nobis
1913 3177 1968 3228 et
1996 3172 2134 3228 isto-
2167 3181 2216 3245 α
2248 3166 2389 3222 illud
2426 3168 2680 3239 portavit
2738 3171 2990 3240 Accepta
3024 3170 3198 3226 etiam
3231 3185 3378 3239 aqua
3412 3170 3730 3242 diligenter
3751 3167 3872 3224 illud

489 3274 610 3314 rum
643 3265 959 3330 martyrum
985 3260 1265 3316 vocabula
1289 3267 1347 3314 et.
1371 3265 1687 3331 martyrum
1715 3264 2135 3331 tempora,per-

487 3351 819 3402 secutorum
839 3363 1069 3418 quoque
1104 3348 1588 3416 nomina,aliaquc
1604 3347 1875 3419 perplura
1911 3363 2131 3405 summa

491 3434 829 3491 festivitatis
863 3437 1151 3505 praeconia
1203 3435 1376 3507 hujus
1428 3435 1645 3506 plumbi
1698 3436 1913 3493 cecinit
1965 3438 2134 3493 nobis

487 3522 820 3593 sculptura.
863 3525 1045 3594 Hujus
1073 3539 1212 3592 ergo
1253 3529 1473 3581 textum
1531 3525 1849 3594 sculptura;
1895 3525 1988 3582 hic
2036 3541 2134 3581 vo-

486 3607 702 3665 luimus
746 3611 996 3680 pleniter
1028 3611 1316 3668 inserere.
1355 3613 1432 3670 In
1476 3624 1548 3668 ac
1601 3612 1798 3682 cripta
1851 3613 2128 3682 (568)....

557 3789 610 3840 3.
647 3787 814 3844 Lecta
843 3793 934 3847 est
969 3790 1148 3860 igitur
1186 3791 1308 3848 haec
1347 3792 1595 3864 epistola
1655 3796 1713 3849 et
1745 3791 1801 3848 in
1851 3791 2130 3862 plurimas

486 3888 616 3929 mox
641 3881 836 3934 cartas
861 3894 988 3934 cum
1025 3895 1228 3949 magno
1267 3881 1519 3938 omnium
1553 3881 1648 3937 Dei
1695 3881 1948 3938 ﬁdelium
1982 3881 2130 3936 hanc

483 3961 839 4020 audientium
873 3967 1132 4038 tripudio
1155 3970 1542 4040 transcripta,
1575 3985 1680 4026 nec
1710 3973 1900 4026 tamen
1943 3967 2130 4024 defuit

483 4051 534 4107 in
569 4053 695 4122 ipso
731 4053 982 4111 fidelium
1009 4055 1105 4110 Dei
1151 4057 1400 4126 collegio
1447 4059 1716 4116 ecclesias
1755 4058 2127 4118 malignantis

449 4141 922 4212 .dissensio,qu:c
965 4144 1087 4199 hzcc
1137 4145 1345 4203 divinae
1403 4147 1800 4204 miserationis
1846 4146 2124 4203 beneﬁcia

481 4243 588 4284 non
639 4237 850 4298 quanta
897 4231 1145 4288 debebat
1201 4235 1527 4292 reverentia
1595 4235 1950 4306 suscipiebat
2013 4235 2120 4290 Sed

479 4316 689 4386 Spiritu
725 4318 999 4389 instigata
1030 4320 1581 4390 maligno,dentibus
1599 4338 1663 4380 ea
1691 4323 1882 4379 lividis
1901 4323 2122 4379 laniare

481 4407 897 4474 praesumebat.
939 4409 1206 4466 Ceterum
1251 4411 1458 4468 dentes
1497 4427 1697 4468 eorum
1758 4414 1962 4482 utpote
1994 4424 2123 4478 pec-

2247 3256 2536 3326 purgrcvit,
2574 3262 2632 3312 et
2665 3262 2972 3328 purgat-um
3001 3259 3231 3314 cuidam
3279 3259 3509 3316 mulieri
3557 3260 3629 3316 ad
3666 3271 3873 3315 conser-

2243 3343 2707 3414 vandum,doncc
2742 3348 2796 3401 in
2828 3349 3245 3403 monasterium
3268 3349 3563 3404 referendi
3587 3349 3768 3404 locum
3792 3348 3873 3400 ba-

2247 3432 2432 3494 berct.
2477 3435 2924 3491 commendavit.
2961 3435 3122 3501 Quod
3173 3435 3272 3491 illa
3330 3435 3676 3508 despective
3713 3431 3872 3491 susci-

2247 3523 2496 3593 piens.et
2535 3537 2642 3590 cur
2665 3521 2803 3578 illud
2832 3524 3157 3579 reverentia
3183 3524 3420 3594 dignum
3447 3539 3583 3582 esse
3608 3523 3868 3594 judicarct

2244 3609 2544 3680 inquirens
2558 3611 2754 3682 posuit
2773 3619 2961 3668 tamen
2981 3612 3122 3668 illud
3147 3613 3198 3668 in
3225 3613 3442 3670 scrinio
3457 3629 3571 3670 suo
3593 3615 3741 3670 inter
3758 3624 3869 3681 pan-

2242 3697 2543 3756 niculosos
2557 3698 2822 3770 aliosque
2841 3699 3548 3773 muliebrissupellectilis
3566 3715 3699 3759 usus
3711 3699 3868 3755 diver-

2243 3801 2368 3852 sos;
2406 3786 2832 3857 pigmentorum
2849 3803 3080 3859 quoque
3104 3789 3330 3859 species
3353 3789 3571 3861 aliqum
3603 3791 3656 3846 in
3687 3786 3863 3843 eodem

2242 3872 2475 3929 fuerunt
2512 3874 2728 3930 scrinio
2751 3875 3043 3946 repositae.
3080 3878 3215 3932 Cum
3263 3883 3458 3934 autem
3507 3872 3858 3948 vespertinali

2239 3961 2606 4029 oﬂlcio,sicut
2630 3963 3148 4034 quadragesimnlis
3178 3965 3456 4037 temporis
3506 3966 3660 4022 ratio
3687 3975 3860 4035 posce-

2240 4050 2359 4119 bat,
2395 4051 2574 4107 frater
2603 4051 2699 4108 illc
2732 4067 2860 4108 cum
2894 4053 3018 4108 suis
3059 4053 3114 4108 in
3161 4053 3362 4109 eadem
3415 4053 3594 4110 domo
3641 4051 3853 4108 reﬁcere

2237 4137 2625 4210 vellet,ccepit
2653 4139 2772 4210 illa,
2802 4141 2895 4196 cui
2925 4155 2991 4197 os
3029 4141 3399 4198 connuissum
3453 4143 3661 4209 fuerat,
3688 4137 3852 4210 puella

2236 4225 2412 4282 nimio
2449 4227 2646 4284 cordis
2699 4228 2904 4284 dolore
2966 4229 3239 4298 cruciari,
3273 4230 3452 4302 cmpit
3503 4227 3760 4300 corporis
3803 4226 3853 4279 et

2236 4313 2532 4384 sanguinis
2582 4315 2854 4373 dominici
2903 4317 3387 4387 communionem,
3423 4325 3483 4374 ut
3540 4316 3631 4352 ⁴⁰²¹
3683 4313 3854 4371 exitus

2231 4401 2405 4458 vicini
2438 4404 2940 4476 praeparationem.
2966 4405 3180 4476 quibus
3210 4409 3440 4476 poterat
3475 4407 3770 4464 verborum
3789 4399 3852 4456 si-

475 4498 762 4564 catorum,
795 4497 1069 4554 Dominus
1134 4507 1443 4558 οοηιθι-θγθ
1481 4500 1872 4567 Clu-mimum
1929 4499 2114 4568 signa,
2145 4535 2202 4600 Β
2229 4490 2378 4560 gnis,
2415 4491 2546 4562 quia
2579 4493 2720 4562 ipsis
2766 4493 3025 4564 nequivit
3051 4493 3647 4561 verbis,humiliterac
3666 4492 3849 4548 devote

481 4597 592 4600 μίγη
637 4583 664 4600 .,
741 4590 750 4600 .
827 4587 866 4600 η
952 4585 988 4600 ..
1128 4589 1140 4600 .
1371 4589 1438 4600 η,
1755 4589 1800 4600 ..
1853 4587 1920 4600 η.
2235 4580 2456 4600 η--με
2491 4581 2588 4600 μη,
2624 4581 2804 4600 ...μη
3012 4581 3120 4600 τι-
3153 4581 3262 4600 ω,
3411 4597 3460 4600 --
3507 4579 3845 4600 an...

473 4597 601 4654 quae
627 4583 793 4652 juxta
827 4585 988 4641 Pauli
1021 4589 1198 4643 verba
1230 4604 1338 4644 non
1367 4587 2120 4658 ﬁdelibus,sedinﬁdelibus

471 4669 526 4740 (1
561 4671 826 4742 00mm,
857 4677 947 4744 22)
981 4675 1115 4731 data
1143 4682 1300 4746 sunt,
1337 4677 1391 4732 in
1415 4682 1729 4748 conspectu
1780 4689 1981 4733 eorum
2016 4687 2120 4745 per

468 4760 673 4816 merita
704 4768 1018 4832 martyrum
1047 4764 1469 4835 pretiosorum,
1505 4779 1749 4834 quorum
1796 4761 2115 4819 inventioni

466 4863 580 4904 non
611 4849 1076 4920 congaudebant,
1113 4851 1552 4923 multiplicavit.
1577 4853 1654 4908 Ex
1687 4851 1776 4908 his
1802 4851 1980 4922 igitur
2018 4849 2119 4904 ali-

465 4951 596 5008 qua,
625 4942 688 4996 ut
723 4939 896 4996 dictis
921 4939 1268 5011 apostolicis
1307 4939 1361 4996 in
1397 4941 1503 4998 hoc
1537 4939 2116 5008 consentiamus,non

462 5027 688 5081 tantum
738 5031 980 5098 prepter
1032 5027 1234 5085 ﬁdeles
1264 5027 1479 5084 Christi
1516 5027 1912 5097 instruendos,
1943 5040 2118 5097 quan-

2232 4580 2589 4652 precari.Cui
2624 4581 2804 4636 frater
2836 4580 2966 4636 ille:
2999 4581 3121 4639 Fac
3151 4581 3263 4640 tibi
3289 4584 3369 4639 ait
3398 4583 3686 4640 scrinium
3705 4579 3850 4635 tuum

2201 4667 2541 4738 .dsferri,et
2564 4669 2621 4726 si
2646 4684 2769 4740 qua
2797 4669 2884 4728 sit
2898 4669 2985 4727 ibi
3011 4673 3232 4741 species
3248 4665 3845 4744 pigmentariadolori

2228 4757 2426 4816 cordis
2447 4758 2774 4830 profutura
2799 4760 3058 4828 require.
3097 4761 3210 4816 Hoc
3258 4759 3405 4816 dixit
3437 4803 3451 4830 ,
3489 4767 3550 4818 et
3595 4755 3841 4817 scrinium

2229 4844 2334 4902 hac
2368 4845 2438 4900 de
2467 4861 2637 4902 causa
2697 4844 3110 4902 recludendum
3164 4847 3247 4902 illi
3280 4847 3712 4906 accomomdare
3747 4853 3838 4896 non

2230 4933 2476 4991 distulit.
2513 4935 2630 4990 Hoc
2660 4933 2856 5004 itaque
2883 4934 3120 4991 vixdum
3153 4935 3384 4993 recluso
3416 4939 3477 4993 et
3521 4928 3838 5007 cooperculo

2233 5021 2486 5078 tenuiter
2515 5021 2874 5092 levato,mira
2909 5027 3210 5080 resttanta
3253 5025 3556 5094 sanguinis
3581 5019 3834 5080 exundan-

1833 5148 2070 5207 VAPJIE
2102 5145 2502 5204 LECTIONES.

531 5245 623 5280 ⁴⁰²ί
652 5253 750 5306 aut
785 5253 846 5308 ut
879 5249 975 5308 ad.

2055 5343 2278 5400 NOTIE.

535 5465 684 5544 (568)
708 5469 862 5526 Hanc
893 5469 1149 5544 tabulam
1179 5471 1315 5544 vide
1345 5488 1522 5544 supra
1550 5475 1663 5531 eol.
1709 5477 1867 5543 1161,
1893 5487 1954 5527 n.
1985 5474 2009 5496 *
2041 5483 2114 5544 ex

467 5539 772 5595 Gestorum
805 5539 1108 5615 codicibus
1141 5544 1179 5615 Β
1210 5539 1446 5614 editam,
1483 5547 1661 5609 Quam
1717 5539 1862 5615 post
1910 5541 2117 5602 North-

467 5622 807 5664 mannorum
839 5612 1102 5678 tempora
1136 5613 1330 5670 ﬁctam
1373 5612 1520 5685 esse,
1553 5612 1858 5674 Hontheim
1907 5615 2117 5686 (Nelle-

2229 5465 2386 5536 rus?)
2416 5465 2472 5520 L.
2511 5463 2559 5520 1.
2597 5479 2650 5536 p.
2690 5469 2809 5534 100,
2859 5465 3110 5537 probare
3139 5465 3359 5535 voluit;
3406 5467 3463 5523 in
3517 5460 3820 5526 contrariam

2225 5566 2366 5611 vero
2399 5553 2746 5626 sententiam
2798 5553 2853 5609 1.
2892 5555 3082 5611 Bueus
3115 5556 3238 5612 Act.
3275 5555 3368 5611 SS.
3407 5557 3534 5614 Oct.
3569 5557 3631 5626 ll,
3659 5569 3711 5626 p.
3741 5543 3820 5602 335

2227 5637 2354 5696 sqq.
2387 5622 2730 5696 disputavit.
