3990 6314
204 321 373 387 1278

896 327 1160 394 GESTA
1190 326 1543 395 TREVER.
1583 364 1654 375 —
1687 327 2044 393 APPEND.
2082 328 2195 392 EX
2222 330 2424 394 HlST.
2458 330 2685 397 MART
2714 332 2955 397 TREV.

3458 324 3609 392 1274

202 453 296 513 tia
320 456 394 513 ab
417 471 554 515 osse
575 456 677 516 illo
699 456 866 517 valde
900 473 1077 529 parvo
1109 463 1198 513 est
1227 455 1430 523 eﬂ‘usa,
1456 459 1520 512 ut
1544 455 1720 512 facies
1746 471 1864 512 mu-
1893 437 1946 498 Α
1981 456 2122 511 libet
2154 457 2376 515 ordinis
2406 464 2464 516 et
2519 460 2713 517 aetatis
2743 460 2849 515 viri
2899 475 2964 516 ac
2999 456 3241 525 feminae,
3272 456 3514 528 juvenes
3554 456 3615 508 et

208 544 382 602 lieris
403 547 665 618 ejusdem
691 552 809 605 tota
844 553 1018 618 atque
1054 547 1293 618 pellicea
1327 547 1452 616 ejus
1487 545 1703 600 manica
1732 544 1866 601 dex-

202 637 306 691 tra
359 636 707 704 mirabiliter
765 638 842 693 sit
877 637 1007 692 inde
1070 636 1319 706 perfusa.
1360 638 1481 705 Ipsa
1545 649 1775 705 quoquc
1809 633 1864 687 in

203 723 417 780 eadem
450 725 589 781 hora
625 740 652 780 a
710 725 909 781 cordis
943 724 1143 781 dolore
1173 729 1262 779 est
1321 722 1605 779 absoluta.
1641 723 1763 789 Qua
1796 720 1865 777 de

207 826 277 866 re
311 813 487 868 nimio
539 814 801 884 percussi
861 818 1109 881 terrore,
1146 812 1471 867 lacrimosis
1531 811 1803 882 precibus
1834 824 1863 864 a

206 899 411 955 divina
440 901 836 957 misericordia
860 900 1235 973 postulabant
1255 900 1552 967 continuo,
1578 903 1866 969 quatenus

206 994 333 1044 tam
368 989 645 1047 immenso
703 990 1027 1046 divinitatis
1078 1005 1199 1046 suze
1248 989 1540 1060 praeconio
1575 988 1732 1044 nullo
1764 1002 1865 1043 eos

203 1077 483 1147 corporis
515 1082 613 1133 aut
673 1079 875 1135 animze
906 1079 1204 1134 damnaret
1252 1078 1491 1147 judicio.
1531 1077 1654 1143 Quo
1687 1078 1860 1144 facto,

209 1164 400 1220 frater
430 1166 578 1220 idem
612 1181 856 1222 currens
884 1167 1182 1223 curriculo
1214 1166 1282 1221 ad
1322 1165 1570 1235 aliquem
1599 1166 1862 1232 fratrum,

209 1267 387 1322 quem
423 1254 532 1309 sibi
565 1263 844 1325 expertus
898 1259 1023 1311 erat
1056 1270 1184 1311 esse
1219 1254 1558 1322 fideliorem,
1593 1251 1663 1307 ad
1697 1251 1863 1320 hujus

209 1341 297 1397 rei
334 1356 461 1397 cum
501 1344 769 1412 perduxit
823 1344 1399 1400 demonstrationem.
1464 1342 1571 1409 Qui
1606 1340 1860 1408 veniens,

212 1430 352 1486 dum
370 1431 569 1486 scrinii
593 1431 850 1500 ejusdem
867 1432 1203 1503 operculum
1224 1432 1693 1502 introspecturus
1716 1430 1865 1485 leva«

214 1524 331 1587 ret,
358 1518 552 1575 nullus
600 1520 751 1575 sicut
783 1522 902 1590 ipsc
934 1522 1035 1587 ait,
1062 1522 1158 1591 qui
1194 1522 1298 1575 hoc
1335 1536 1443 1575 non
1471 1520 1715 1584 videret,
1743 1532 1866 1573 cre-

214 1606 357 1663 dere
383 1622 493 1662 non
519 1609 763 1678 valeret,
791 1610 1039 1679 qualiter
1084 1611 1273 1665 adhuc
1304 1609 1540 1677 sanguis
1561 1623 1632 1663 ex
1664 1606 1864 1662 eodem

212 1708 353 1750 osse
384 1695 570 1765 ipsum
606 1696 805 1751 scrinii
838 1697 1173 1767 Opurculum
1209 1702 1511 1766 totumque
1545 1694 1698 1765 quod
1741 1694 1866 1763 ipso

215 1782 435 1838 scrinio
458 1791 581 1839 erat
608 1765 908 1839 muliebris
945 1786 1269 1855 disciplinae
1309 1765 1755 1840 instrumentum
1782 1796 1867 1835 re-
1896 1765 1948 1824 Β

212 1872 548 1942 spergcndo
582 1872 838 1928 bulliret.
887 1874 1045 1929 Unde
1103 1878 1162 1927 et
1195 1874 1318 1945 ipse
1352 1887 1459 1928 non
1514 1871 1748 1925 minimo
1779 1884 1868 1923 re-

214 1960 417 2031 pletus
470 1965 733 2031 stupore,
764 1977 892 2018 cum
952 1962 1217 2018 omnibus
1247 1978 1374 2033 qua:
1409 1962 1460 2015 in
1518 1976 1644 2031 ipso
1675 1961 1865 2026 erant,

213 2064 332 2104 non
364 2049 478 2118 jam
512 2050 788 2121 deinceps
815 2050 1195 2106 muliebribus
1219 2050 1613 2115 armamentis,
1647 2048 1746 2102 sed
1769 2061 1866 2117 po-

210 2136 337 2192 tius
365 2130 657 2207 aliquibus
681 2142 793 2192 tam
830 2139 1065 2209 pretiosi
1101 2138 1398 2208 sanguinis
1422 2152 1757 2208 aspersmnc
1790 2138 1866 2190 l‘a-

211 2225 814 2294 ctissaeramentis,in
850 2233 1261 2282 monasterium
1298 2227 1641 2281 festinanter
1676 2228 1868 2294 porta-

214 2314 322 2381 vit,
345 2313 603 2383 illudque
618 2316 954 2370 convocatis
971 2315 1123 2370 illico
1142 2315 1434 2386 pl‘iOI'iht‘S
1451 2314 1559 2369 loci
1584 2313 1867 2368 illiusom-

213 2403 393 2459 nibus
414 2403 857 2460 demonstravit.
888 2405 999 2475 ipsi
1024 2420 1184 2470 vero,
1210 2405 1546 2460 missismox
1565 2401 1864 2474 peremnia

214 2492 405 2547 totius
436 2492 692 2549 civitatis
722 2494 1074 2551 monasteria
1100 2494 1269 2565 hujus
1293 2494 1372 2548 rei
1404 2492 1639 2559 nuntiis,
1665 2505 1864 2546 omnes

214 2579 466 2636 abbates
515 2586 574 2636 et
620 2582 993 2653 praepositos,
1054 2582 1468 2652 cei-episcopos
1500 2585 1556 2636 et
1615 2580 1864 2634 decanos

212 2671 574 2736 ceterosque
608 2669 738 2724 boni
793 2669 1110 2724 testimonii
1148 2669 1358 2724 fratres
1388 2684 1496 2723 non
1547 2682 1761 2737 paucos
1795 2668 1863 2721 ad

213 2770 282 2812 se
318 2756 372 2810 in
406 2757 604 2811 eadem
662 2758 801 2813 hora
854 2759 1069 2815 faciunt
1100 2759 1317 2814 venire.
1372 2759 1646 2814 Dominus
1675 2763 1865 2812 autem

215 2844 698 2916 archiepiscopus
729 2862 840 2902 non
898 2852 1024 2903 erat
1076 2853 1215 2903 tunc
1249 2849 1300 2902 in
1337 2847 1431 2902 illa
1462 2847 1719 2902 civitate.
1758 2843 1865 2900 Alii

216 2936 413 2987 autem
440 2948 641 2988 omnes
665 2933 773 2989 loci
798 2934 971 3004 hujus
996 2934 1221 3005 priores
1255 2936 1307 2989 in
1337 2934 1656 2991 claustrum
1683 2931 1866 2989 sancti

216 3019 444 3075 Paulini
467 3020 740 3077 celeriter
761 3023 1118 3092 congregati,
1148 3023 1448 3089 magnifico
1484 3020 1743 3079 miraculi
1770 3022 1871 3075 hu-

1979 546 2252 613 Vil‘s'ines,
2308 541 2475 606 senes
2517 566 2649 607 cum
2676 549 3028 621 junioribus,
3081 547 3347 603 hilariter
3401 556 3614 600 conve—

1978 635 2227 701 nicutes,
2256 637 2411 691 finita
2438 637 2627 707 laude,
2657 639 2708 694 in
2733 654 2834 695 sua
2867 638 3185 705 redierunt,
3212 634 3510 690 Dominum
3542 632 3613 686 de

1975 724 2092 777 tam
2124 722 2366 779 inauditi
2403 726 2661 782 miraculi
2708 732 2950 799 stupore
3004 724 3435 781 benedicentes.
3474 720 3613 775 Con-

1978 810 2107 880 tigit
2140 817 2331 867 autem
2366 813 2517 868 istud
2563 816 2902 870 miraculum
2937 815 3136 885 quinta
3180 814 3369 868 Nonas
3403 806 3609 867 Martii,

1974 903 2031 953 et
2058 901 2361 957 sabbatum
2387 907 2514 957 erat
2537 903 2863 973 (569).!lora
2886 918 3023 958 vero
3056 915 3199 957 nona
3222 914 3397 956 cruor
3430 895 3525 951 ille
3542 910 3614 948 ex

1977 1003 2110 1043 osse
2140 990 2314 1059 erepit
2349 1005 2599 1057 manare,
2634 992 2726 1060 qui
2762 1007 2871 1045 non
2907 998 3038 1046 ante
3072 990 3302 1044 tertiam
3337 982 3611 1041 secundm

1979 1078 2136 1132 ferite
2167 1080 2363 1133 horam
2425 1080 2586 1136 visus
2625 1083 2716 1136 est
2765 1095 3015 1134 cessare.
3069 1080 3231 1132 Fama
3268 1091 3407 1145 ergo
3442 1072 3613 1141 hujus

1977 1166 2235 1221 miraculi
2265 1167 2433 1236 longe
2466 1167 2697 1237 lateque
2731 1168 2976 1221 volando
3006 1166 3377 1237 plurimorum
3406 1160 3614 1216 salutis

1980 1254 2124 1309 facta
2160 1260 2251 1310 est
2282 1256 2530 1325 occasio,
2585 1257 2716 1312 dum
2780 1256 3061 1311 innumeri
3099 1253 3347 1307 diversis
3380 1250 3614 1315 languo-

1976 1356 2099 1398 rum
2126 1344 2566 1412 fatigationibus
2587 1346 2873 1416 oppressi,
2902 1345 2970 1399 ad
2997 1344 3167 1412 hujus
3194 1344 3397 1396 famam
3446 1338 3616 1391 mira-

1975 1431 2091 1487 culi
2130 1433 2529 1503 undecumque
2589 1435 2785 1503 exciti,
2820 1434 3086 1489 venirent
3116 1432 3183 1487 ad
3242 1430 3392 1485 hunc
3426 1428 3612 1483 locum

1976 1521 2223 1576 humiles
2251 1529 2308 1577 et
2341 1523 2555 1578 devoti.
2591 1526 2845 1593 Cumque
2878 1538 3068 1577 coram
3095 1521 3201 1575 hoc
3229 1518 3403 1590 positi
3429 1530 3619 1571 sacra-

1978 1614 2171 1663 mento
2200 1618 2436 1681 prepter
2467 1618 2726 1682 peccata,
2754 1612 2965 1679 quibus
2990 1610 3359 1677 aliquatenus
3386 1603 3612 1659 multati

1977 1698 2581 1768 erant,plauxisscnt.
2631 1714 2953 1769 aquamque
3008 1698 3160 1753 ossis
3221 1695 3391 1763 hujus
3451 1692 3619 1746 intin-

1978 1785 2169 1840 ctione
2189 1792 2473 1841 sacratam
2510 1788 2619 1841 sibi
2646 1788 2835 1842 datam
2872 1787 3239 1856 aliquatenus
3262 1784 3614 1853 gustassent,

1977 1888 2086 1927 non
2111 1879 2199 1930 est
2226 1875 2332 1930 nisi
2369 1876 2583 1930 Christi
2617 1876 2884 1932 fidelibus
2914 1875 3215 1937 credibile,
3242 1887 3409 1942 quam
3458 1869 3618 1923 citis-

1976 1961 2565 2035 sime,aquacumque
2589 1971 2751 2035 peste
2787 1965 3200 2033 gravabantur,
3223 1959 3454 2016 liberati
3483 1958 3617 2014 fuis-

1976 2055 2124 2106 sent.
2171 2053 2226 2106 Si
2262 2054 2391 2122 quis
2424 2061 2615 2109 autem
2651 2069 2949 2109 numerum
2983 2057 3038 2107 et
3072 2052 3330 2107 ordinem
3364 2050 3611 2105 istorum

1976 2152 2005 2191 a
2041 2139 2207 2196 nobis
2237 2142 2465 2197 curiose
2490 2142 2810 2210 quaisierit,
2837 2157 2938 2212 per
2962 2143 3082 2196 haec
3108 2141 3281 2196 verba
3311 2136 3612 2207 Porphyrii

1976 2226 2084 2281 sibi
2115 2228 2316 2283 credat
2348 2230 2619 2285 satisﬁeri
2648 2249 2659 2283 :
2719 2231 2792 2285 In
2828 2244 3062 2285 mmwro
3086 2229 3243 2285 sunt.
3278 2227 3382 2284 sed
3405 2239 3519 2281 non
3550 2225 3616 2280 in

1962 2316 2160 2385 ﬁnito.

2047 2407 2096 2459 4.
2137 2406 2302 2462 Facta
2364 2412 2500 2462 sunt
2533 2412 2810 2478 praeterea
2871 2406 3147 2462 miracula
3180 2421 3288 2462 non
3352 2418 3527 2476 pauca
3562 2402 3613 2456 in

1978 2492 2072 2547 illa
2095 2494 2319 2550 scilicet
2341 2497 2530 2566 cripta
2559 2498 2651 2552 ubi
2679 2500 3009 2551 sanctorum
3035 2494 3336 2551 martirum
3359 2492 3614 2564 reposita

1976 2588 2107 2637 sunt
2142 2598 2406 2653 corpora.
2445 2586 2485 2638 E
2518 2586 2727 2654 quibus
2753 2585 2941 2653 aliqua
2978 2589 3191 2638 nostrze
3224 2598 3374 2637 nunc
3409 2595 3619 2636 memo-

1978 2670 2077 2726 ria:
2103 2672 2505 2727 suecurrentia
2541 2674 2796 2745 breviter
2840 2679 2971 2727 sunt
3007 2670 3380 2740 designanda.
3418 2671 3498 2724 Ex
3528 2670 3619 2724 his

1978 2763 2101 2812 erat
2130 2759 2234 2815 hoc
2259 2761 2523 2830 primum,
2544 2762 2695 2831 quod
2725 2762 2858 2817 licet
2882 2760 2951 2816 ad
2984 2760 3263 2830 plurimas
3284 2763 3617 2814 sanctorum

1976 2845 2275 2915 contingat
2320 2848 2646 2918 memorias,
2684 2848 2951 2903 nolumus
2978 2853 3167 2901 tamen
3194 2846 3246 2899 in
3272 2845 3359 2899 his
3391 2852 3620 2914 quoque

1981 2933 2278 2989 miraculis
2332 2935 2519 2990 locum
2555 2937 2605 2991 ci
2640 2950 2871 3004 negare,
2926 2949 3092 3005 quem
3143 2933 3351 2987 divinae
3387 2930 3620 3004 pietatis

1980 3022 2271 3078 ordinatio
2304 3024 2353 3078 ei
2419 3024 2650 3093 dignata
2685 3029 2771 3078 est
2806 3022 3256 3079 accommodare.
3318 3022 3455 3075 Nam
3488 3033 3615 3074 cum

210 3108 555 3178 jusostento
573 3124 681 3165 non
702 3111 926 3167 modico
943 3110 1867 3178 suntlaetificatiﬂelatonamque
1902 3122 1948 3178 α
1978 3110 2715 3182 domnusarchicpisro;ms
2744 3112 3142 3183 postauditam
3170 3111 3238 3165 de
3266 3109 3421 3165 ossis
3453 3106 3619 3161 mira-

222 3198 278 3251 in
312 3198 678 3268 praesentiam
711 3214 912 3253 eorum
945 3200 1184 3269 scrinio,
1212 3216 1339 3255 eum
1374 3214 1509 3255 osse
1532 3199 1866 3267 sanguinem

219 3284 346 3340 sine
378 3286 705 3341 cessatione
762 3287 1056 3351 fundente,
1094 3288 1310 3357 accepit
1355 3286 1566 3356 aliquis
1623 3302 1693 3341 cx
1726 3287 1868 3356 ipsis

221 3374 503 3429 fratribus
523 3389 587 3429 os
610 3374 1115 3444 sanguinolentqu
1152 3375 1206 3429 in
1225 3390 1446 3444 manus,
1462 3390 1709 3444 cumque
1725 3375 1864 3430 illud

216 3462 498 3531 sanguine
536 3462 588 3517 in
621 3463 897 3519 scrinium
928 3464 1218 3519 transfuso
1249 3462 1463 3533 sacpius
1496 3468 1861 3530 evacuasset,

215 3549 376 3605 dicto
406 3564 638 3620 semper
676 3550 853 3607 citius
905 3550 1104 3619 majori
1140 3550 1437 3620 sanguinis
1487 3551 1864 3607 inundatione

215 3637 575 3709 replebatur.
630 3640 799 3695 Pacta
853 3639 1033 3707 igitur
1064 3639 1215 3694 inter
1274 3640 1686 3710 prudentiores
1714 3655 1866 3709 quaa-

215 3727 428 3795 stione,
461 3742 531 3782 ex
563 3742 673 3796 qua
731 3725 998 3783 videlicet
1057 3727 1363 3783 occasione
1395 3728 1540 3783 tanti
1577 3728 1861 3795 miraculi,

216 3814 313 3884 qui
344 3814 420 3868 ibi
444 3820 857 3879 convenerant,
882 3814 1053 3884 hujus
1078 3814 1340 3871 miraculi
1376 3816 1598 3887 Spiculo
1619 3831 1646 3871 a
1669 3816 1864 3871 divino

220 3903 469 3958 fuissent
503 3903 765 3973 percussi
791 3904 1061 3973 consilio,
1088 3904 1208 3959 lnec
1237 3919 1340 3959 una
1367 3905 1638 3959 omnibus
1660 3920 1730 3958 ex
1761 3904 1864 3959 hac

216 4006 279 4046 re
304 3990 563 4045 surrexit
597 3982 909 4059 sententia,
943 3991 1013 4045 de
1047 3991 1370 4047 adhibenda
1405 3991 1628 4047 scilicet
1664 3991 1863 4060 majori

218 4083 462 4150 prOpter
494 4078 603 4134 hoc
657 4079 878 4148 signum
933 4081 1256 4135 reverentia
1290 4084 1349 4135 et
1402 4080 1541 4150 ipsis
1573 4080 1863 4135 sociorum

214 4167 456 4223 ossibus
484 4172 538 4220 ct
574 4181 775 4222 eorum
827 4168 1143 4223 cineribus.
1182 4169 1262 4223 Ad
1296 4168 1463 4238 cujus
1494 4173 1862 4237 augmentum

217 4254 566 4310 reverentia:
597 4254 868 4311 dicebant
901 4256 1215 4326 pertinere,
1244 4260 1307 4312 ut
1332 4262 1508 4325 terra,
1548 4272 1673 4325 quae
1706 4257 1863 4312 circa

214 4343 520 4412 sarcofaga
571 4357 768 4399 eorum
822 4344 1012 4414 posita
1048 4344 1099 4399 in
1137 4345 1345 4412 locum,
1385 4350 1445 4399 ut
1502 4343 1716 4399 dictum
1751 4351 1859 4413 est,

212 4446 515 4487 caenosum
549 4437 716 4487 antea
767 4432 1184 4503 proiciebatur,
1220 4432 1493 4503 deinceps
1527 4433 1580 4487 in
1614 4432 1861 4502 aliquem

216 4520 490 4576 mundum
526 4520 717 4576 locum
763 4521 1177 4577 venerabiliter
1233 4521 1666 4585 collocaretur;
1700 4520 1866 4587 cujus

216 4624 464 4663 acervus
497 4609 631 4664 dqu
676 4609 938 4678 Galaath,
976 4610 1081 4665 hoc
1114 4614 1203 4664 est
1238 4624 1484 4665 acervus
1516 4608 1866 4677 testimonii,

216 4712 328 4753 non
362 4697 654 4751 immerito
678 4702 1008 4766 vocaretur,
1059 4698 1273 4753 factum
1300 4698 1351 4752 in
1386 4697 1704 4766 osse,quod
1732 4696 1864 4751 huic

214 4785 585 4856 suppositum
620 4786 807 4842 fuerat
841 4792 1033 4855 terra),
1069 4786 1405 4842 miraculum
1435 4786 1582 4841 omni
1619 4785 1867 4855 posteri-

216 4874 323 4929 tati
358 4874 719 4942 loqueretur.
751 4875 865 4930 Hoc
899 4874 1093 4944 itaque
1122 4872 1368 4929 consilio
1398 4873 1532 4929 dato
1562 4878 1619 4928 et
1651 4873 1866 4929 collau-

213 4961 377 5029 dato,
408 4960 548 5016 illud
572 4960 745 5016 etiam
762 4961 947 5017 eidem
967 4962 1209 5017 fratrum
1224 4960 1473 5031 collegio
1486 4961 1859 5031 complacuit,

217 5056 277 5105 ut
313 5048 532 5105 scrinio
566 5049 620 5104 in
663 5050 1077 5105 monasterium
1138 5049 1325 5105 relato
1354 5056 1413 5104 et
1444 5064 1621 5121 super
1678 5050 1862 5104 altare

210 5137 425 5207 locato,
452 5137 741 5193 communi
766 5138 964 5193 cordis
996 5144 1053 5193 et
1077 5137 1195 5193 oris
1219 5152 1436 5192 necnon
1454 5152 1860 5208 campanarum

211 5225 594 5283 consonantia
640 5225 829 5281 divina
890 5227 959 5280 ab
1015 5226 1100 5282 eis
1133 5225 1473 5281 laudaretur
1532 5226 1858 5295 prudentim

212 5331 342 5386 qua)
373 5313 516 5370 nihil
541 5314 681 5368 facit
707 5314 811 5369 nisi
861 5314 912 5368 in
940 5330 1162 5383 magna,
1195 5318 1255 5369 ut
1283 5328 1383 5383 par
1405 5318 1513 5379 est,
1541 5315 1850 5382 sapientia.

213 5404 295 5458 Ad
329 5404 477 5458 hanc
510 5417 651 5471 ergo
709 5401 931 5456 laudem
966 5403 1061 5457 Dei
1121 5418 1189 5455 ex
1224 5407 1342 5456 tota
1403 5400 1642 5454 civitate
1673 5402 1863 5470 cujus-

1978 3198 2093 3253 culi
2131 3201 2334 3255 famam
2382 3202 2630 3272 primum
2666 3202 2718 3255 in
2752 3201 2891 3256 illud
2926 3200 3109 3255 sancti
3170 3196 3392 3253 Paulini
3429 3211 3620 3251 mona-

1978 3288 2220 3344 sterium
2245 3289 2527 3345 orationis
2569 3307 2741 3345 causa
2767 3290 3042 3357 venisset,
3084 3288 3383 3342 venitcum
3404 3300 3471 3339 eo
3496 3283 3617 3354 qui-

1980 3375 2105 3430 dam
2138 3378 2207 3432 de
2242 3377 2505 3448 partibus
2562 3378 2885 3447 Aquitanim
2949 3377 3255 3448 poenitcns,
3292 3375 3458 3443 cujus
3492 3374 3619 3426 bra-

1977 3466 2168 3521 chium
2215 3466 2482 3522 dextrum
2524 3468 2677 3522 ferro
2703 3467 2808 3521 fuit
2834 3466 3092 3535 ligatum.
3131 3465 3231 3519 llic
3264 3464 3458 3533 itaque
3489 3476 3615 3517 cum

1978 3553 2186 3610 domno
2219 3555 2480 3609 antistite
2544 3556 2749 3609 fossam
2796 3553 2971 3623 illam,
3006 3570 3075 3607 nc
3129 3554 3313 3609 dicam
3346 3550 3616 3621 criptam,

1977 3658 2102 3712 quae
2136 3642 2384 3697 nondum
2421 3642 2495 3696 ibi
2532 3644 2741 3711 fuerat,
2769 3626 3033 3696 intra‘vit.
3082 3683 3095 3696 .
3145 3683 3156 3695 .
3206 3682 3219 3694 .
3266 3682 3277 3693 .
3327 3682 3338 3692 .
3386 3681 3399 3693 .

2046 3732 2184 3784 Post
2213 3731 2335 3784 hmo
2385 3730 2438 3783 in
2474 3729 2564 3784 die
2618 3728 2956 3799 palmarum,
2996 3744 3124 3798 qu:e
3159 3733 3295 3783 tunc
3329 3732 3457 3783 erat
3495 3742 3624 3797 pro-

1974 3817 2143 3885 xima,
2203 3817 2461 3887 quaedam
2523 3816 2723 3871 femina
2768 3858 2780 3869 .
2843 3857 2855 3869 .
2902 3856 2913 3868 .
2962 3856 2972 3867 .
3027 3817 3177 3869 .Est
3240 3819 3429 3868 autem
3486 3827 3620 3867 cou-

1973 3905 2223 3961 suctudo
2254 3904 2363 3958 loci
2397 3903 2553 3959 illius
2611 3902 3150 3971 eougregationum,
3188 3906 3250 3957 ut
3284 3901 3337 3954 in
3372 3901 3462 3955 die
3496 3899 3620 3954 Pal-

1976 4008 2195 4049 marum
2229 3993 2283 4047 in
2312 3993 2363 4046 id
2388 3993 2575 4063 ipsum
2610 3992 2795 4045 sancti
2830 3990 3051 4045 Paulini
3101 3990 3512 4044 monasterium
3549 3987 3617 4042 ad

1976 4082 2200 4136 laudem
2229 4083 2539 4137 Deiomncs
2584 4096 2713 4135 cum
2746 4093 2944 4148 magna
2997 4080 3340 4150 populorum
3367 4076 3623 4130 multitu-

1976 4170 2108 4224 dine
2133 4170 2285 4224 omni
2328 4184 2475 4226 anno
2498 4167 2864 4225 conveniant.
2920 4170 3056 4223 Cum
3104 4182 3245 4236 ergo
3273 4166 3436 4236 juxta
3468 4164 3619 4218 hunc

1977 4259 2152 4312 ritum
2173 4257 2371 4313 eadem
2405 4257 2494 4312 die
2522 4256 2803 4311 maximus
2827 4260 2882 4310 et
2909 4256 3106 4311 clerus
3128 4259 3187 4311 et
3213 4253 3458 4325 pepnlus
3484 4251 3619 4307 illuc

1978 4346 2387 4401 convenissent
2418 4350 2476 4400 et
2518 4343 3065 4401 etmsuetudinarias
3099 4343 3174 4398 ibi
3204 4343 3405 4398 laudes
3435 4339 3622 4394 Domi-

1980 4450 2051 4487 no
2086 4433 2399 4489 dixissent.
2451 4474 2462 4485 .
2513 4477 2523 4486 .
2575 4475 2585 4485 .
2636 4474 2648 4485 .
2700 4475 2711 4487 .
2759 4476 2770 4488 .
2820 4475 2830 4486 .

2049 4524 2256 4578 Postea
2292 4526 2321 4576 5
2355 4520 2641 4578 Kalendas
2673 4521 2820 4590 Maii,
2862 4535 2973 4589 qua
3005 4520 3097 4575 die
3122 4519 3285 4587 juxta
3323 4518 3618 4573 inductum

1980 4611 2213 4666 Ekberti
2250 4609 2672 4680 arcliicpiscepi
2700 4608 2794 4678 plu
2808 4607 2961 4661 rimae
2985 4606 3497 4662 circamancntium
3522 4604 3621 4658 vil-

1978 4699 2161 4753 larum
2196 4699 2385 4752 turba)
2414 4712 2544 4751 cum
2588 4694 2864 4749 crucibus
2894 4694 3161 4748 Treviros
3195 4694 3385 4748 solent
3419 4692 3617 4746 venire

1976 4791 2036 4841 ct
2061 4783 2683 4840 mouasteriacivitatis
2709 4782 2866 4837 illius
2890 4781 3074 4836 omnia
3100 4781 3370 4845 circuire,
3391 4781 3622 4836 delatus

1975 4879 2063 4930 cst
2099 4888 2128 4927 a
2162 4872 2503 4943 parentibus
2555 4886 2696 4941 puer
2735 4869 2967 4939 quidam
3001 4883 3215 4939 parvus
3243 4869 3296 4922 in
3333 4874 3620 4924 monaste-

1977 4962 2121 5017 rium
2160 4973 2314 5029 saepe
2375 4957 2639 5027 praedicti
2693 4957 2878 5027 patris
2915 4955 3160 5024 Paulini,
3223 4954 3377 5024 quod
3410 4955 3619 5010 amodo

1974 5052 2311 5105 sanctorum
2344 5059 2574 5115 quoque
2611 5048 2921 5113 martyrum
2957 5058 3066 5099 non
3102 5042 3389 5098 immerito
3423 5046 3619 5112 potest

1973 5136 2168 5193 vocari
2209 5178 2221 5189 .
2271 5176 2283 5188 .
2328 5174 2343 5189 .
2384 5135 2521 5188 Erat
2576 5148 2715 5188 vero
2747 5132 2948 5188 eadem
2983 5133 3122 5187 bora
3154 5132 3401 5186 domnus
3435 5131 3619 5186 archi-

1974 5226 2284 5297 episcopus
2325 5238 2452 5276 eum
2506 5220 2773 5274 omnibus
2821 5220 2925 5273 loci
2992 5219 3147 5273 illius
3204 5218 3612 5275 canonicorum

1970 5310 2521 5381 congregationibus
2573 5308 2623 5360 in
2674 5307 2817 5362 code
2848 5324 2875 5359 n
2932 5307 3279 5361 monasterio
3334 5307 3615 5361 orationis

1974 5401 2208 5457 deditus
2239 5397 2425 5451 otlicio
2467 5438 2475 5447 .

1805 5524 2034 5581 ΝΟΤΑΞ.

285 5634 435 5704 (869)
474 5633 593 5686 Hoc
623 5630 701 5685 ita
734 5646 783 5686 a.
820 5635 956 5686 1072
986 5630 1111 5687 fuit.
