3990 6544
103 415 347 487 12⁵7⁸7

821 421 1089 488 GESTA
1119 421 1473 484 TREVER.
1509 455 1586 468 -—
1617 417 1948 484 APPEND
1983 420 2092 482 EX
2135 421 2409 486 MIRAC.
2447 423 2513 486 S.
2547 420 2993 488 MODOAl.DI.

3457 419 3613 485 1278

100 541 190 602 in
245 547 611 622 planctum,
650 548 812 608 chori
849 549 1226 622 psallentium
1260 548 1315 606 in
1350 548 1591 619 luctum,
1624 548 1852 605 choreae
1883 527 1936 590 Α
1965 551 2332 610 Trevirorum
2363 545 2786 626 participarent
2825 551 3192 612 beneflcio...
3229 594 3265 610 ..
3303 553 3504 623 Itaque
3535 551 3612 610 si-

99 637 526 708 puellarum
551 638 604 695 in
629 637 1076 694 lamentationes
1097 637 1579 706 migrare.’l‘otius
1595 636 1854 693 civitatis

105 724 398 784 faciem
453 728 814 784 immutatam
865 727 1116 793 videres,
1169 725 1379 783 divime
1429 725 1731 795 religionis
1759 727 1856 781 vix

101 813 422 886 aliquas
466 822 673 874 tenues
716 815 994 887 reliquias
1027 829 1345 872 remanere.
1391 816 1574 870 Porro
1616 817 1733 871 Deo
1773 814 1858 870 di-

103 909 338 963 catae
369 906 652 976 virgines,
687 920 829 976 quas
862 906 917 962 in
949 905 1210 962 oratorio
1254 905 1408 960 beati
1451 899 1854 976 Symphoriani

109 1008 188 1048 m
203 1008 247 1050 a
263 995 472 1065 rtyris
494 994 806 1052 cmnobiali
829 995 1275 1050 conversatione
1298 995 1412 1049 Deo
1432 993 1651 1050 servire
1676 1007 1852 1065 supra

107 1084 575 1152 exposuimus
605 1083 778 1154 (574),
809 1083 962 1139 inter
1003 1088 1088 1139 tot
1132 1083 1337 1138 mortis
1377 1097 1588 1153 genera
1623 1082 1692 1137 ad
1721 1096 1855 1138 con-

113 1177 360 1228 sueta
395 1172 729 1228 orationum
774 1186 930 1228 arma
972 1172 1398 1242 confugientes,
1436 1187 1540 1243 pro
1577 1170 1853 1254 castitate

117 1261 505 1330 servanda,
540 1276 710 1333 quam
743 1262 1123 1331 devoverant,
1160 1276 1270 1318 non
1307 1278 1411 1334 pro
1434 1262 1550 1318 vita
1577 1258 1853 1333 praesentl

118 1351 434 1414 tuenda,
463 1366 632 1420 quam
659 1351 1070 1422 despexerant,
1099 1366 1412 1422 supernum
1437 1364 1670 1422 coepere
1695 1347 1856 1405 auxi-

119 1439 184 1495 li
201 1456 252 1495 u
271 1454 331 1494 III
364 1439 781 1496 ardentissima
805 1440 1051 1510 Spiritus
1075 1441 1429 1496 contritione
1457 1441 1758 1504 invocare;
1787 1451 1854 1493 ac

123 1528 346 1584 beati
389 1529 675 1585 ἣίυεΙΟἱιιάἱ
723 1530 996 1600 sepulcro
1034 1544 1236 1584 omnes
1279 1527 1592 1598 advolutae,
1634 1532 1696 1584 ut
1727 1526 1853 1596 ejus

121 1617 526 1688 patrocinio
549 1620 622 1674 ab
646 1618 967 1674 imminenti
996 1618 1367 1689 eriperentur
1399 1617 1686 1688 periculo,
1723 1615 1855 1672 tali-

130 1707 302 1763 bus
339 1706 436 1762 vel
467 1707 673 1763 talium
713 1707 1002 1763 similibus
1031 1706 1239 1762 omium
1275 1707 1548 1776 precibus
1583 1707 1851 1762 feruntur

124 1801 541 1868 penetrasse
577 1814 589 1849 :
622 1795 873 1852 Domine
910 1796 1058 1852 Jesu
1099 1795 1338 1851 Christe
1379 1837 1390 1849 .
1427 1836 1438 1848 .
1479 1837 1490 1849 .
1528 1836 1540 1848 .
1580 1837 1592 1849 .
1630 1836 1640 1847 .
1680 1838 1692 1850 .
1729 1837 1741 1849 .
1781 1837 1793 1850 .
1833 1836 1846 1850 .

1967 643 2182 700 mulata
2238 642 2545 700 devotione
2599 643 2904 702 ecclesiam
2965 643 3154 701 sancti
3208 640 3606 714 Symphoriani

1967 732 2368 791 subintrantes
2398 733 2642 804 ejusque
2671 733 2860 790 omnia
2893 748 3020 804 qure
3051 733 3167 790 sibi
3203 748 3336 788 mox
3368 731 3497 788 usui
3535 732 3611 787 fo-

1967 830 2096 877 rent
2127 821 2522 894 explorantes,
2563 823 2764 879 vident
2790 823 3019 880 domum
3050 821 3349 884 incultam.
3381 819 3608 890 injuria

1964 914 2372 981 opportunam,
2415 910 2694 968 ministris
2733 912 3077 982 civibusque
3107 909 3454 980 neglectam,
3490 923 3607 964 mes

1967 997 2080 1053 rito
2107 998 2339 1068 quidem
2371 1000 2462 1056 sui
2491 999 2690 1055 Croesi
2727 1000 2948 1056 divitiis
2987 1000 3352 1068 nobiliorem,
3386 997 3487 1054 sed
3525 1012 3587 1052 ro

1965 1085 2264 1144 familiaris
2287 1087 2480 1159 inopia
2503 1087 2671 1156 longe
2694 1088 2907 1146 ceteris
2932 1088 3442 1144 obscuriorem.....
3474 1100 3603 1142 cum

1966 1173 2246 1230 matutina
2279 1173 2444 1246 plebs
2465 1175 2533 1231 ad
2559 1175 2840 1231 orandum
2869 1174 3146 1244 cmpisset
3178 1188 3250 1229 ex
3283 1187 3440 1229 more
3471 1187 3608 1228 con-

1964 1273 2317 1318 currere.....
2373 1264 2522 1334 (575)
2572 1265 2842 1320 Ceterum
2891 1264 3064 1335 hujus
3114 1261 3388 1318 facinoris
3435 1260 3607 1317 casti-

1963 1349 2138 1418 gandi
2184 1351 2393 1421 gratia,
2435 1366 2504 1407 ne
2545 1353 2682 1422 quid
2724 1352 2910 1409 simile
2957 1352 3236 1422 deinceps
3283 1349 3604 1422 perniciosa

1966 1445 2192 1496 crearet
2241 1440 2497 1510 licentia,
2547 1441 2870 1498 decernunt
2913 1442 2969 1497 in
3017 1454 3337 1506 commune,
3391 1453 3608 1509 corpus

1965 1529 2147 1586 sancti
2174 1544 2228 1585 m
2256 1529 2563 1600 propatulo
2591 1530 2859 1600 positum,
2893 1529 2965 1586 ab
2987 1529 3236 1586 ecclesia
3265 1527 3606 1594 transferre,

1963 1617 2378 1688 cmlestemque
2425 1618 2764 1674 thesaurum
2807 1618 3164 1673 firmioribus
3205 1615 3509 1688 apothecis
3548 1617 3604 1670 et

1965 1705 2167 1762 tutiori
2189 1707 2396 1763 terario
2418 1706 2838 1762 commendare.
2875 1708 3076 1776 Itaque
3109 1721 3299 1762 arcam
3333 1704 3604 1773 ligneam,

1963 1793 2311 1870 firmissimis
2353 1794 2570 1850 tabulis
2609 1801 2968 1865 compactam
3007 1795 3327 1863 ferreisque
3361 1791 3606 1848 nexibus

127 1882 538 1954 Huiusmodi
591 1884 865 1955 precibus
912 1899 1039 1940 cum
1091 1898 1293 1953 magna
1344 1883 1586 1954 spiritus
1630 1883 1930 1947 contri-B
1961 1883 3298 1954 circumquaquemunitamaccelerant;eoque
3323 1878 3604 1937 translata

135 1972 373 2032 tione.
410 1987 540 2028 cum
575 1987 780 2041 magno
811 1972 1180 2027 lacrimarum
1213 1972 1393 2028 imbre
1426 1972 1699 2042 profusis,
1734 1985 1844 2026 non

138 2059 382 2116 defuit
430 2060 698 2132 operatio
747 2075 1018 2131 supernae
1067 2061 1479 2129 exauditionis,
1517 2075 1626 2116 non
1662 2060 1847 2116 defuit

138 2149 480 2206 exhibitio
513 2149 922 2206 miraculorum
975 2149 1129 2204 beati
1180 2149 1553 2205 confessoris.
1591 2147 1669 2202 Ne
1708 2163 1848 2217 ergo

147 2239 305 2296 Deo
337 2243 588 2294 sacratae
620 2237 878 2306 virgines
901 2237 1046 2293 mala
1073 2238 1360 2300 viderent.
1392 2253 1518 2306 quze
1545 2253 1647 2308 pro
1673 2251 1850 2293 sexus

149 2325 516 2394 fragilitate
547 2328 904 2394 metuebant,
947 2340 1091 2382 neve
1135 2327 1279 2381 bona
1326 2327 1685 2392 amitterent,
1722 2341 1849 2396 quae

156 2428 296 2484 pro
325 2413 628 2470 castitatis
669 2414 1042 2469 observantia
1080 2419 1546 2484 promeruerant,
1584 2413 1850 2468 mirabile

153 2502 418 2566 auditu,
463 2502 787 2558 mirabilius
815 2502 980 2559 visu!
1018 2501 1070 2558 in
1105 2518 1245 2573 pace
1279 2503 1430 2558 lecto
1465 2503 1846 2558 decubantes.

157 2591 346 2646 intra
401 2591 531 2646 dies
589 2591 824 2660 triginta
884 2604 1084 2646 omnes
1143 2592 1421 2661 praesenti
1471 2592 1853 2646 decesserunt

159 2679 345 2742 vita;
374 2684 655 2749 tantoque
684 2677 951 2744 feliciter,
981 2684 1199 2749 quanto
1223 2679 1560 2750 perenniter
1584 2679 1848 2746 victurae,

155 2781 316 2824 cum
355 2767 582 2823 ornatis
614 2765 979 2841 lampadibus
1011 2781 1236 2838 sponso
1279 2767 1505 2823 caelesti
1545 2779 1854 2822 occurren-

161 2861 298 2925 tes,
349 2854 720 2925 sempiterna)
762 2854 1154 2924 jucunditatis
1206 2854 1520 2911 thalamum
1570 2869 1699 2911 cum
1753 2855 1852 2909 illo

159 2943 476 3014 ingressae
505 2946 659 2999 sunt.
693 2943 947 3010 Quarum
978 2957 1226 3014 corpora
1252 2943 1306 3000 in
1329 2944 1530 2999 eodem
1561 2948 1698 3000 sunt
1725 2955 1854 2998 ora-

159 3034 349 3088 torio
385 3030 712 3100 recondita,
743 3031 798 3087 in
829 3047 944 3101 quo
973 3031 1126 3087 beati
1162 3031 1447 3087 Modoaldi
1479 3031 1717 3103 pignora
1739 3073 1754 3098 ,
1791 3037 1852 3087 ut

164 3121 363 3190 cujus
383 3118 896 3190 patrocinantibus
918 3119 1144 3174 meritis
1164 3119 1367 3175 animae
1389 3118 1616 3174 illarum
1640 3118 1848 3174 ccelnm

165 3223 320 3265 cum
357 3221 463 3263 suo
496 3205 873 3277 possidebant
927 3212 1196 3278 patrono,
1249 3207 1432 3280 ipsius
1480 3207 1851 3278 exigentibus

175 3295 464 3367 reliquiis
517 3309 764 3366 corpora
800 3295 854 3350 in
888 3295 1092 3351 eodem
1142 3295 1522 3352 humarentur
1563 3293 1720 3360 loco;
1754 3293 1850 3352 ubi

178 3385 410 3440 florent
439 3383 736 3440 orationes
765 3397 985 3453 earum,
1017 3388 1077 3439 et
1103 3385 1428 3440 exuberant
1450 3383 1548 3457 Dei
1574 3381 1851 3439 beneficia

180 3473 260 3528 ad
314 3472 652 3528 memoriam
694 3471 981 3540 virginum
1014 3485 1086 3526 ex
1118 3475 1258 3528 tunc
1289 3474 1345 3527 et
1379 3470 1548 3528 modo
1577 3475 1636 3525 et
1669 3485 1853 3540 usque

177 3563 241 3617 in
278 3560 568 3617 seculum.
932 3566 944 3572 ‘

252 3653 309 3706 2.
350 3648 492 3705 Cum
544 3647 724 3718 igitur
771 3648 1030 3718 ejusdem
1083 3647 1451 3718 tempestatis
1490 3647 1679 3704 adhuc
1713 3648 1856 3704 resi-

176 3738 400 3795 dei-ent
429 3737 680 3806 vestigia
713 3737 999 3806 longaque
1027 3735 1284 3793 solitudo
1319 3736 1596 3807 pleraque
1627 3739 1855 3792 sancto-

181 3841 318 3882 rum
354 3825 662 3882 cohiberet
699 3825 845 3894 loca,
892 3825 1064 3880 fiebat
1103 3824 1390 3894 nimirum,
1425 3829 1488 3880 ut
1523 3825 1639 3882 illa;
1668 3822 1852 3881 sancti

183 3913 503 3970 familiaris
537 3912 784 3982 angulus
813 3929 921 3983 pro
945 3912 1033 3969 sui
1068 3913 1296 3984 quidem
1330 3913 1616 3983 dignitate
1647 3927 1850 3984 parum

182 4002 492 4060 obtineret
545 4001 912 4070 reverentiae,
967 4001 1236 4070 neglectu
1268 4015 1407 4058 vero
1436 4000 1648 4057 civium
1699 4003 1848 4057 omni

179 4091 459 4150 custodia
513 4089 839 4146 destitutus
867 4089 1043 4144 etiam
1075 4094 1305 4160 pateret
1346 4088 1590 4158 injuriae.
1641 4089 1749 4145 Sed
1784 4103 1849 4144 ea

185 4177 530 4236 mortalium
559 4177 780 4234 incuria
810 4183 1018 4234 nostro
1053 4177 1304 4248 pontifici
1336 4177 1616 4233 auctioris
1645 4177 1849 4246 gloriae

184 4272 343 4326 facta
369 4273 462 4322 est
484 4267 743 4322 materia.
780 4265 1021 4333 Quidam
1046 4267 1198 4322 enim
1223 4265 1352 4334 viri,
1384 4278 1598 4336 genere
1623 4264 1848 4335 Franci,

183 4374 314 4415 sme
347 4355 543 4426 gentis
577 4355 731 4411 haud
765 4355 1071 4425 ignobiles,
1109 4355 1297 4409 animo
1319 4359 1379 4409 ct
1401 4368 1646 4425 corpore
1681 4369 1850 4424 quam

183 4443 444 4501 maxime
485 4443 770 4511 valentes,
812 4446 1029 4500 sanctae
1067 4442 1399 4499 devotionis
1427 4441 1614 4512 gratia
1652 4443 1850 4498 urbem

182 4532 457 4589 Treveris
481 4536 891 4595 accesserant;
923 4546 1092 4601 quam
1124 4545 1358 4588 suorum
1391 4533 1723 4586 sanctorum
1750 4545 1852 4586 nu-

1888 3240 1929 3262 ιἿ

1889 3277 1931 3297 ιλ

1959 1972 2314 2029 confessoris
2362 1973 2624 2043 pignora,
2674 1973 2730 2028 in
2778 1972 3098 2028 oratorium
3144 1971 3329 2026 sancti
3378 1968 3602 2025 Paulini

1961 2073 2139 2130 super
2161 2061 2342 2116 altare
2369 2064 2586 2118 sanetae
2610 2061 2810 2118 Crucis
2834 2075 3052 2118 summa
3075 2075 3205 2116 cum
3228 2057 3604 2114 veneratione

1962 2147 2306 2218 deportant;
2337 2150 2608 2206 consulte
2640 2149 2885 2218 scilicet,
2924 2153 2982 2204 ut
3018 2163 3120 2220 par
3147 2147 3294 2218 pari,
3327 2145 3604 2202 sacerdos

1963 2238 2256 2294 sacerdoti
2290 2239 2656 2309 jungeretur,
2703 2237 2917 2308 illoque
2959 2237 3341 2294 adventantes
3385 2232 3605 2305 duplici

1965 2327 2290 2398 patrocinio
2322 2327 2760 2384 solatiarentur.
2792 2327 2890 2383 His
2917 2327 3154 2383 additur
3174 2341 3248 2382 ex
3270 2324 3436 2380 Pario
3460 2336 3608 2378 mar-

1965 2430 2122 2472 more
2165 2416 2382 2484 tabula,
2426 2417 2493 2471 ad
2537 2421 2852 2472 extremam
2905 2431 3132 2472 manum
3183 2413 3414 2470 decoris
3465 2411 3606 2466 mira

1965 2503 2282 2574 sculptoris
2325 2511 2450 2559 arte
2493 2505 2792 2576 perducta,
2838 2519 2964 2572 quas
3007 2507 3246 2574 propter
3277 2499 3605 2572 sepulcrum

1963 2591 2090 2660 ejus
2113 2597 2365 2662 reperta,
2394 2593 2606 2662 sepulti
2632 2609 2832 2648 nomen
2858 2597 2917 2649 et
2944 2592 3209 2648 meritum
3236 2587 3605 2661 praeferebat,

1966 2679 2072 2734 hac
2097 2679 2246 2734 serie
2270 2686 2506 2735 exarata
2537 2701 2548 2734 :
2579 2683 2703 2737 Hoc
2722 2681 2813 2736 est
2825 2680 3245 2736 sauctuarium
3266 2679 3384 2735 Deo
3405 2675 3609 2734 dilecti

1972 2767 2348 2824 Treverorum
2371 2769 2510 2824 arei
2523 2767 2800 2839 iepiscopi
2821 2768 3146 2836 Modoatdi,
3171 2767 3343 2837 eujus
3361 2778 3474 2822 rea:
3493 2766 3610 2819 Da-

1957 2855 2235 2927 gobertus
2279 2856 2672 2926 sanctitatem,
2721 2857 2904 2914 sicuti
2940 2857 3007 2912 in.
3037 2857 3166 2928 ejus
3203 2855 3496 2927 praecepto
3541 2850 3612 2909 de

1970 2944 2209 3000 Trereri
2239 2945 2585 3012 continetur,
2616 2945 2785 3002 intra
2815 2945 3079 3014 Ligerim
3106 2944 3165 3000 et
3187 2942 3460 2999 Rhenum
3484 2954 3612 2997 ma-

1957 3034 2180 3104 gni/tce
2225 3034 2449 3091 extulit
2493 3034 2552 3090 et
2595 3033 2884 3091 dilatavit
2913 3032 3080 3103 (576).
3118 3031 3281 3098 Quod
3327 3030 3504 3093 etiam
3551 3028 3604 3083 in

1964 3121 2370 3191 superioribus
2400 3126 2777 3178 memoratum
2819 3125 2929 3178 est.

2034 3213 2085 3265 3.
2121 3209 2305 3279 Igitur
2346 3211 2530 3266 sancti
2572 3209 2792 3266 Paulini
2833 3209 3078 3268 ecclesia
3121 3223 3268 3266 novo
3310 3207 3604 3266 illustrata

1964 3296 2216 3368 hospite,
2249 3298 2303 3352 in
2331 3303 2608 3368 quantum
2637 3299 2792 3354 brevi
2817 3297 3224 3354 claritudinem
3250 3296 3604 3369 pervenerit,

1965 3389 2182 3454 quanto
2213 3383 2466 3440 fidelium
2493 3386 2691 3442 studio
2716 3386 2964 3455 priorem
2986 3385 3312 3456 neglectum
3341 3395 3609 3440 correxe~

1965 3471 2062 3541 rit,
2093 3471 2226 3527 dum
2259 3489 2477 3544 pauper
2509 3489 2636 3530 cum
2669 3474 2850 3530 divite
2880 3489 2948 3530 eo
2979 3489 3115 3530 suas
3145 3470 3608 3530 necessitudines

1968 3563 2221 3616 maturat
2255 3561 2580 3632 deplorare,
2629 3570 2946 3620 memoratu
2978 3567 3064 3620 est
3098 3559 3460 3618 incredibile.
3498 3560 3606 3617 Sed

1967 3655 2275 3720 postquam
2305 3649 2580 3707 diuturna
2601 3651 2766 3721 quies
2787 3651 2986 3719 otium,
3019 3651 3123 3708 otii
3152 3665 3290 3706 vero
3319 3649 3608 3707 securitas

1965 3742 2280 3808 corruptos
2307 3753 2498 3794 mores
2533 3744 2858 3810 pepererat,
2883 3744 3183 3810 totamque
3211 3739 3376 3796 urbis
3405 3739 3606 3796 faciem

1965 3825 2326 3881 immutatam
2353 3841 2456 3896 pro
2481 3827 2759 3894 religione
2783 3827 3109 3882 divinorum
3133 3831 3508 3899 contemptus
3531 3827 3610 3881 iu-

1963 3918 2226 3970 cesserat
2254 3932 2265 3968 :
2290 3913 2630 3970 sustinenda
2665 3919 2792 3970 erat
2824 3915 3157 3970 necessario
3187 3927 3456 3986 supernas
3485 3930 3610 3972 cor-

1966 4001 2244 4058 rectionis
2267 4004 2577 4070 sententia,
2600 4018 2728 4072 quas
2757 4002 3034 4072 pollutam
3053 4002 3349 4058 licentiam
3369 4003 3478 4060 sub
3500 4002 3610 4058 fre-

1964 4105 2037 4146 no
2067 4089 2451 4147 districtionis
2479 4095 2799 4146 coerceret.
2834 4092 3035 4162 Itaque
3059 4090 3226 4160 juxta
3259 4089 3607 4146 sententiam

1965 4177 2264 4249 propheta:
2292 4198 2303 4232 :
2327 4180 2374 4236 A
2397 4179 2743 4236 sanetuario
2763 4193 2886 4236 meo
2906 4178 3154 4252 incipite
3175 4175 3404 4250 (Ezech.
3431 4191 3507 4246 lx,
3527 4181 3604 4247 6),

1965 4265 2330 4337 intempestae
2373 4267 2562 4324 noctis
2599 4267 2836 4324 silentio
2878 4267 3026 4325 idem
3058 4267 3377 4324 oratorium
3412 4266 3608 4322 subito

1963 4355 2340 4424 conflagravit
2367 4357 2637 4413 incendio
2661 4358 2831 4429 (577),
2857 4357 2910 4414 id
2935 4356 3158 4414 scilicet
3184 4359 3393 4426 agente
3415 4353 3609 4410 divina

1964 4457 2233 4512 censura,
2253 4458 2365 4514 quo
2385 4459 2454 4500 ne
2477 4460 2577 4515 per
2597 4445 2746 4502 diem
2769 4459 3074 4502 accensum
3098 4443 3248 4502 facili
3267 4457 3610 4501 concurren-

1967 4531 2110 4587 tium
2136 4531 2602 4601 restingueretur
2626 4533 2934 4590 industria.
2967 4534 3324 4589 Ferebantur
3355 4529 3609 4600 undique

187 4637 357 4678 mero
400 4621 734 4691 superbam,
769 4623 890 4674 tum
923 4599 1240 4675 vetustatis
1271 4617 1560 4686 dignitate
1591 4617 1850 4674 celebra-
1882 4599 1934 4658 Ῑ)
1967 4618 2124 4690 globi
2150 4599 2364 4690 ignium
2385 4621 2576 4678 ventis
2601 4622 2964 4692 urgentibus,
2984 4622 3238 4692 totisque
3261 4619 3503 4676 habenis
3521 4599 3610 4674 re-

189 4717 333 4778 tam,
368 4707 524 4764 omni
557 4706 738 4763 Gallia
779 4706 962 4776 magis
989 4705 1217 4762 clarere
1252 4711 1681 4776 compererant.
1721 4705 1856 4776 Ejus

187 4793 550 4868 aliquamdiu
597 4794 820 4850 laribus
859 4793 1178 4857 obversati,
1229 4791 1511 4863 religione
1553 4793 1850 4864 delectati,

191 4899 366 4941 sacra
419 4884 689 4939 terebant
739 4881 956 4951 limina,
983 4896 1064 4947 ex
1095 4882 1314 4951 ignotis
1353 4897 1502 4952 pene
1534 4881 1855 4950 notissimi;

188 4988 323 5030 cum
351 4972 573 5028 interea
597 4971 758 5026 viros
781 4975 986 5026 natura
1011 4984 1252 5040 sagaces
1277 4971 1504 5027 flamma
1529 4969 1704 5028 subiit
1735 4969 1857 5042 pul-

187 5059 470 5120 cherrimi
514 5057 810 5128 facinoris,
847 5063 907 5114 ut
945 5073 1311 5129 quocumque
1364 5061 1534 5115 modo
1581 5058 1856 5129 precibus

190 5156 294 5208 aut
345 5148 538 5222 pretio
570 5151 658 5204 tot
688 5150 1018 5204 sanctorum
1069 5146 1415 5218 pignoribus
1447 5163 1574 5204 cum
1609 5148 1855 5202 maximo

1966 4710 2179 4778 gnabat
2203 4709 2564 4766 flammarum
2585 4709 2835 4780 impetus
2851 4724 2866 4772 ;
2883 4724 3012 4764 cum
3033 4709 3254 4765 interea
3275 4707 3610 4780 expergefa-

1966 4796 2045 4851 eti
2075 4796 2353 4853 custodes
2386 4796 2580 4852 vident
2613 4810 2708 4853 res
2740 4810 2876 4852 suas
2899 4795 2955 4850 in
2975 4800 3240 4851 extremo
3271 4797 3440 4866 sitas,
3472 4808 3613 4864 opes

1969 4883 2037 4940 ad
2073 4884 2530 4940 subveniendum
2562 4884 2751 4941 ubivis
2783 4883 3116 4952 imperatas.
3153 4883 3350 4951 Itaque
3375 4882 3528 4952 quod
3555 4881 3610 4936 in

1969 4976 2132 5026 tanto
2154 4971 2496 5027 constrictis
2519 4971 2729 5027 licebat
2750 4968 3018 5036 articulo,
3047 4967 3344 5038 festinare,
3369 4982 3613 5024 concur-

1968 5074 2119 5127 rere,
2166 5060 2381 5128 ingenti
2425 5065 2580 5116 metu
2619 5059 2936 5131 trepidare,
2980 5073 3087 5117 nec
3125 5063 3332 5114 contra
3366 5057 3469 5113 niti
3503 5071 3611 5114 nec

1969 5161 2142 5218 posse
2181 5147 2503 5217 quiescere,
2555 5155 2850 5219 postremo
2892 5151 3191 5205 manerent
3230 5158 3300 5202 an
3346 5145 3613 5216 fugerent

1792 5253 2010 5309 ΝΟΤΕ.

265 5353 414 5422 (574)
461 5351 586 5407 Lib.
619 5366 704 5422 ni:
741 5353 982 5422 Interea
1017 5391 1029 5422 .
1067 5391 1077 5403 .
1123 5365 1336 5422 .super
1365 5351 1562 5422 ripam
1595 5351 1853 5408 Mosella

191 5420 526 5482 oratorium
557 5423 623 5479 in
655 5421 870 5477 honore
901 5420 1058 5478 beati
1085 5420 1524 5492 Sym'pltoriaui
1563 5423 1853 5492 martyr]!

193 5495 489 5561 extruxit,
515 5507 691 5564 opere
713 5492 953 5564 quidem
976 5490 1258 5564 eaiguum
1281 5490 1338 5547 et
1355 5491 1676 5564 artificiosi
1693 5493 1854 5564 selte-

191 5567 371 5624 matix
423 5561 634 5621 decore
681 5561 882 5620 Minus
931 5562 1313 5620 ambitiosum
1343 5603 1356 5616 .
1393 5603 1404 5616 .
1443 5561 1589 5616 {Ibi
1630 5563 1852 5632 auippe

191 5635 716 5710 congregatioueui
729 5633 1076 5710 sanctarum
1090 5634 1400 5710 piryiuuni
1432 5672 1444 5686 .
1481 5673 1509 5710 ..
1531 5672 1544 5686 .
1581 5673 1592 5686 .
1631 5674 1644 5686 .
1678 5633 1851 5710 iusti-

187 5702 327 5798 εκεῖ.
365 5752 378 5764 .
397 5702 428 5762 ⁷.
469 5748 482 5762 .
523 5747 536 5760 .
576 5705 800 5770 Quibus
819 5705 1004 5761 etiam
1023 5704 1106 5762 ad
1123 5702 1430 5776 regularis
1455 5702 1710 5774 vigorem
1731 5702 1851 5760 dis-

1959 5351 2199 5422 ciplime
2226 5353 2583 5426 seruandum
2613 5367 2865 5410 sororem
2891 5367 3063 5410 suam
3086 5351 3362 5426 prce/acii
3380 5349 3614 5407 nomine

1957 5427 2258 5478 Severum.
2295 5423 2376 5476 Cf.
2412 5424 2604 5487 Gesta,
2639 5441 2692 5479 c.
2723 5427 2808 5479 24.

2033 5492 2180 5562 (575)
2217 5493 2490 5563 Corporis
2523 5501 2745 5563 partem
2777 5493 3028 5550 ablaturi
3061 5493 3341 5563 sanguine
3367 5493 3492 5546 fuso
3517 5489 3618 5546 de-

1964 5567 2261 5631 teguntur.
2300 5563 2446 5618 llist.
2483 5563 2524 5634 I,
2561 5579 2613 5634 p.
2650 5567 2737 5620 76.

2034 5635 2182 5704 (576)
2218 5637 2342 5702 Quo
2374 5638 2636 5704 tempore
2671 5636 2883 5704 factum
2917 5648 3026 5690 non
3057 5638 3310 5690 constat.

2033 5700 2188 5775 (577)
2219 5700 2280 5762 ν.
2321 5700 2526 5762 falsum
2559 5704 2666 5762 hoc
2697 5703 2949 5775 diploma
2984 5721 3074 5776 ap.
3111 5700 3432 5760 IIontheim.
