3990 6366
128 336 264 409 1289

613 340 882 404 GESTA
939 338 1295 405 TREVER.
1329 377 1408 389 -
1435 336 1789 421 APPEND.
1973 334 2134 403 INV.
2168 336 2270 402 ET
2296 338 2466 427 Min.
2504 341 2571 408 s.
2606 312 2970 406 MATHI/E.

3354 336 3512 406 1290

126 497 336 571 spiritu,
371 513 500 555 cum
528 497 644 569 jam
673 493 939 553 caenandi
962 494 1157 552 horam
1184 493 1592 568 przeteriisset,
1616 504 1751 563 ope—
1777 471 1833 531 Α
1862 488 2094 561 bantur,
2114 490 2222 548 hoc
2239 490 2528 561 evenisse;
2555 494 2710 566 quod
2734 494 3077 552 incredibile
3097 493 3348 566 videtur,
3371 497 3508 566 quia

125 589 278 644 rariis
308 589 382 644 ab
409 601 584 659 opere
617 602 724 643 suo
756 585 986 641 domum
1020 584 1479 652 discedentibus,
1513 585 1749 652 arrepto

126 678 476 747 ferramento,
514 676 856 747 praedictum
897 673 1081 729 altare
1122 674 1491 742 confringere
1520 685 1754 741 aggres-

124 781 210 821 sus
226 770 334 821 est.
361 766 429 820 Et
450 779 579 821 cum
605 764 963 833 aliquantum
986 762 1039 816 in
1064 762 1377 831 frangendo
1400 761 1746 826 laborasset,

124 853 322 909 invenit
359 853 637 909 scrinium
673 850 1118 919 diligentissime
1152 849 1342 920 sigillo
1376 848 1751 920 superposito

124 942 503 1006 reconditum;
537 940 690 1012 quod
724 938 999 1009 sigillum,
1032 939 1162 1009 quia
1189 939 1419 994 litteras
1444 952 1555 993 non
1579 952 1751 993 nove-

123 1038 220 1105 rat,
242 1030 409 1102 cujus
430 1031 606 1099 esset,
634 1028 785 1084 scire
808 1043 919 1083 non
947 1032 1198 1098 poterat,
1234 1028 1337 1082 sed
1362 1027 1603 1098 primam
1630 1030 1753 1083 tan-

122 1126 227 1175 tum
249 1119 506 1175 litteram
532 1132 593 1173 se
616 1115 964 1185 cognovisse
988 1116 1154 1171 nobis
1178 1114 1399 1187 retulit,
1428 1130 1555 1185 qua:
1579 1120 1667 1170 est
1694 1114 1751 1170 in

120 1210 292 1280 capite
341 1205 664 1279 supradicti
716 1205 944 1261 abbatis
991 1205 1255 1273 Bertulfi,
1296 1210 1354 1259 et
1387 1205 1516 1260 ideo
1568 1204 1751 1275 ipsius

120 1294 617 1365 fuissejudicatur,
646 1291 743 1363 qui
761 1292 1045 1347 aedificata
1067 1292 1190 1362 ipsa
1214 1296 1377 1347 turre
1400 1292 1582 1346 altare
1602 1291 1753 1363 pari-

118 1388 196 1440 ter
213 1386 520 1441 statuerat.
539 1383 717 1437 Foras
736 1395 874 1450 ergo
892 1379 1186 1451 prolatum
1209 1379 1510 1451 scrinium,
1529 1379 1750 1450 rejecto

118 1472 313 1543 sigillo,
333 1470 645 1528 temeraria
671 1485 780 1525 non
808 1470 1119 1526 verebatur
1144 1470 1371 1541 aperire
1396 1484 1595 1534 manu;
1623 1470 1751 1524 bre-

118 1575 338 1632 vemque
372 1558 608 1615 titulum
644 1558 916 1613 marmori
960 1558 1305 1629 inscriptum
1340 1557 1481 1629 ipsis
1514 1557 1751 1613 ossibus

119 1649 534 1721 superpositum
578 1648 865 1711 auferens,
914 1646 1044 1716 quia
1078 1652 1280 1718 aperte
1309 1653 1433 1701 erat
1468 1646 1745 1717 scriptus,

123 1744 420 1809 utcumque
455 1736 652 1808 potuit
683 1735 926 1805 legendo
964 1736 1238 1805 cognovit
1276 1737 1445 1807 (610),
1486 1736 1752 1793 Sanctus

1861 585 1994 636 ante
2025 582 2283 638 triduum
2314 583 2461 653 ignis
2491 599 2560 641 ex
2595 590 2720 641 toto
2754 586 2831 641 ibi
2866 586 3189 647 defecerat;
3224 600 3284 640 re
3315 592 3507 641 autem

1859 684 1995 725 vera
2018 669 2211 726 divina
2236 672 2532 729 voluntate
2556 674 2662 730 hoc
2687 675 2986 730 decretum
3012 676 3221 730 fuerat.
3257 675 3389 742 Igne
3415 687 3510 729 au-

1861 762 1975 814 tem
2011 759 2268 815 ﬂammas
2293 760 2348 815 in
2373 760 2551 817 altum
2579 762 2851 832 jaciente,
2887 762 2985 818 ille
3018 762 3382 817 miserrimus
3414 776 3512 816 an-

1859 846 1993 902 xius
2018 846 2087 903 de
2112 848 2396 919 reliquiis,
2424 850 2670 906 festinus
2693 866 3028 920 accurrens,
3053 850 3283 905 domum
3309 864 3511 904 ascen-

1862 935 1966 1007 dit,
2003 951 2251 1007 pannum
2281 954 2410 995 cum
2446 939 2708 1009 reliquiis
2736 940 2851 1009 jam
2885 939 3151 996 inccndio
3184 939 3507 1010 proximum

1860 1025 2263 1097 apprehendit,
2301 1042 2469 1097 quem
2500 1042 2696 1082 secum
2729 1028 2959 1083 trahere
2988 1028 3247 1098 cupiens,
3278 1028 3509 1083 omnino

1861 1127 1970 1168 non
2016 1115 2236 1185 potuit;
2288 1130 2393 1170 nec
2435 1116 2587 1172 ultra
2631 1116 2845 1186 iniquis
2888 1116 3152 1171 manibus
3200 1116 3505 1171 tractanda

1860 1202 2064 1271 cessit,
2086 1202 2405 1274 sedpotius
2428 1204 2639 1259 ibidem
2664 1205 3055 1260 comburenda
3074 1205 3374 1259 remansit.
3402 1204 3507 1269 Qui

1861 1305 1989 1347 cum
2023 1291 2077 1345 in
2112 1291 2396 1347 trahendo
2427 1293 2641 1348 frustra
2676 1293 2773 1349 diu
2806 1293 3155 1363 laborasset,
3191 1292 3513 1363 desperans

1862 1378 2140 1433 scrinium
2169 1379 2421 1451 aperuit,
2452 1388 2515 1435 ut
2542 1379 2750 1436 saltem
2776 1381 3009 1451 aliquod
3035 1382 3354 1436 membrum
3379 1380 3513 1437 inde

1863 1467 2175 1538 acciperet,
2204 1468 2356 1537 quod
2377 1483 2497 1523 suae
2517 1467 2803 1524 voluntati
2828 1469 3255 1525 incombustum
3276 1483 3512 1524 servare

1861 1559 2080 1626 posset.
2118 1558 2187 1612 At
2217 1572 2346 1613 cum
2380 1557 2848 1628 introspexissct,
2894 1558 3091 1613 subito
3133 1558 3305 1628 ignis,
3347 1559 3509 1628 quasi

1862 1644 2053 1714 fulgor
2084 1645 2156 1700 de
2187 1646 2372 1702 sacris
2403 1646 2636 1702 ossibus
2661 1646 3000 1717 jaculatum,
3036 1646 3116 1700 ita
3151 1647 3352 1702 faciem
3384 1647 3511 1717 ejus

1862 1732 2258 1804 inflammavit,
2294 1739 2356 1791 ut
2391 1735 2703 1805 resupinus
2732 1749 3015 1791 corruens
3046 1750 3194 1806 pene
3222 1736 3511 1791 exanima-

116 1828 380 1894 Agrz'cz’us
404 1825 886 1896 arckiepiscopus
908 1825 1191 1895 scriptum
1215 1839 1363 1880 esse.
1400 1825 1589 1881 Laetus
1612 1838 1749 1894 ergo
1778 1832 1832 1892 Β
1863 1825 1959 1877 tus
1982 1826 2159 1878 esset.
2193 1822 2302 1877 Sed
2327 1837 2430 1877 ncc
2454 1828 2591 1878 tunc
2615 1823 2847 1892 quidem
2871 1838 2936 1879 os
2959 1824 3209 1895 aperuit,
3245 1828 3307 1880 ut
3337 1824 3509 1881 alicui

118 1917 360 1987 effectus,
376 1916 655 1973 scrinium
678 1915 1039 1972 descendens
1057 1930 1249 1971 secum
1271 1914 1514 1979 detulit;
1536 1919 1591 1969 et
1615 1914 1751 1985 quia

117 2000 245 2063 illud
267 2021 473 2063 secure
498 2004 769 2061 servandi
795 2004 981 2059 locum
1006 2018 1116 2059 non
1141 2003 1361 2074 habuit,
1386 2004 1439 2058 in
1461 2004 1752 2060 cimiterio

118 2096 251 2151 inter
272 2110 396 2152 ossa
426 2098 790 2150 mortuorum
814 2093 869 2149 in
893 2094 1082 2165 cripta
1107 2094 1391 2165 reposuit,
1418 2093 1604 2149 donec
1631 2098 1753 2149 tan-

117 2184 230 2240 dem
257 2187 452 2256 aptum
475 2181 582 2239 sibi
608 2180 797 2238 locum
832 2181 1184 2252 provideret,
1221 2196 1334 2252 quo
1357 2180 1500 2237 illud
1527 2181 1652 2237 sine
1679 2182 1752 2236 ti-

118 2287 275 2342 more,
291 2272 453 2329 nullo
473 2270 583 2327 sibi
602 2270 859 2340 conscio,
882 2285 1117 2326 servare
1138 2274 1353 2341 posset.
1383 2270 1544 2335 Quod
1568 2273 1625 2325 et
1648 2269 1750 2326 tri-

120 2362 219 2419 duo
240 2362 314 2418 ibi
339 2360 749 2418 absconditum
767 2355 960 2429 latuit,
987 2359 1365 2430 quoadusque
1387 2359 1444 2414 in
1467 2359 1744 2430 sacrario,

120 2452 255 2523 quia,
289 2455 352 2508 ut
382 2450 655 2519 diximus,
692 2449 955 2505 custodis
984 2448 1218 2517 adjutor
1245 2454 1393 2519 erat,
1425 2448 1618 2506 locum
1651 2462 1750 2521 ap-

120 2545 227 2598 tum
255 2539 668 2597 servandarum
702 2538 1078 2608 reliquiarum
1112 2538 1454 2594 cautissime
1486 2537 1751 2608 provide-

115 2633 213 2684 ret.
237 2631 332 2686 Est
357 2634 552 2686 autem
578 2627 819 2684 sacrarii
845 2627 1053 2683 domus
1076 2626 1317 2682 inferior
1339 2626 1631 2697 lapidibus
1655 2641 1747 2682 ca-

117 2721 335 2789 merata,
357 2717 629 2790 superior
651 2722 843 2772 autem
868 2716 1039 2786 lignis
1063 2717 1363 2787 adoperta,
1386 2716 1456 2771 ad
1481 2730 1651 2785 quam
1675 2715 1746 2772 de

115 2804 352 2862 inferiori
387 2821 495 2878 per
527 2804 824 2862 cochleam
857 2804 1216 2860 ascenditur.
1253 2805 1314 2859 In
1344 2803 1450 2859 hac
1481 2819 1621 2873 ergo
1653 2819 1748 2860 su-

114 2894 310 2965 periori
352 2894 545 2952 locum
588 2894 740 2950 inter
781 2895 979 2949 trabes
1020 2898 1076 2948 et
1120 2899 1338 2949 tectum
1372 2893 1742 2965 przeparavit,

112 2982 291 3054 ibique
324 2999 495 3042 sacra
527 2999 659 3040 ossa
693 2984 764 3039 de
791 2982 980 3054 cripta
1014 2986 1314 3053 reportata
1350 2982 1586 3052 locavit,
1631 2996 1748 3038 ma-

109 3085 378 3145 gnamque
408 3079 635 3131 struem
667 3073 955 3143 lignorum
988 3072 1205 3128 veteris
1239 3071 1468 3127 aedificii
1501 3072 1748 3127 circum-

111 3162 310 3233 posuit,
355 3162 690 3235 saepiusque
732 3162 850 3217 illic
887 3162 1098 3231 eundo,
1138 3160 1429 3217 interdum
1458 3160 1633 3216 etiam
1667 3161 1746 3216 ibi

113 3247 455 3323 dormiendo,
482 3251 676 3307 locum
701 3252 1074 3321 frequentare
1096 3265 1208 3306 non
1232 3250 1482 3305 destitit.
1519 3252 1748 3306 Interea

115 3336 218 3394 iter
235 3354 396 3398 suum
417 3341 651 3397 licentia
672 3340 953 3411 acquisita
976 3344 1164 3411 parat,
1182 3339 1571 3409 nunciumque
1591 3338 1747 3396 fideli

114 3441 209 3483 suo
234 3430 460 3499 cuidam
496 3430 682 3485 amico
721 3428 957 3499 direxit,
1001 3444 1214 3499 rogans
1252 3443 1382 3484 eum
1422 3428 1634 3484 obnixe
1674 3428 1747 3485 ad

119 3530 173 3571 se
212 3519 425 3590 venire,
469 3518 730 3575 adiciens
768 3518 920 3589 quod
950 3518 1034 3573 rei
1068 3532 1239 3588 quam
1270 3517 1449 3573 vellet
1476 3532 1605 3573 cum
1646 3516 1746 3573 illo

110 3610 349 3664 tractare
380 3607 604 3665 nullum
636 3607 863 3663 omnino
893 3606 1069 3663 alium
1097 3606 1273 3663 vellet
1304 3606 1608 3662 interesse.
1644 3607 1750 3662 Re-

116 3688 407 3764 liquiarum
442 3695 624 3767 igitur
656 3699 821 3767 parte
850 3696 921 3752 de
953 3696 1169 3751 scrinio
1199 3695 1404 3767 pannis
1431 3711 1577 3766 quos
1604 3710 1750 3766 prae-

116 3790 404 3852 paraverat
436 3784 728 3857 imposita,
757 3786 1187 3843 studiosissime
1218 3786 1518 3855 satagebat
1550 3790 1752 3855 quate-

112 3885 211 3928 nus
250 3874 325 3930 nil
369 3889 493 3932 suae
535 3875 797 3931 obstaret
841 3875 1209 3947 profectioni,
1243 3879 1307 3931 ut
1339 3874 1606 3931 omnibus
1637 3874 1749 3929 rite

119 3965 468 4035 praeparatis,
496 3977 859 4035 quacumque
883 3964 975 4019 die
999 3964 1111 4019 sibi
1135 3963 1414 4035 placeret,
1443 3963 1592 4019 liber
1613 3978 1751 4034 pos-

118 4056 197 4107 set
227 4052 549 4111 discedere.
582 4052 734 4109 Talia
762 4053 956 4123 miser,
990 4053 1241 4109 divinam
1274 4068 1384 4108 non
1418 4052 1751 4122 recogitans

123 4141 692 4213 animadversionem,
742 4145 1130 4211 tractaverat;
1169 4140 1271 4198 sed
1308 4144 1459 4198 Deus
1494 4142 1754 4213 omnipo-

122 4233 264 4302 tens,
298 4232 394 4303 qui
426 4236 693 4290 sanctum
722 4232 1014 4300 Agricium
1047 4230 1232 4287 noluit
1261 4245 1536 4303 separare
1567 4246 1596 4287 a
1629 4246 1755 4288 san-

117 4321 370 4378 ctissimo
418 4336 526 4378 suo
574 4320 860 4392 apostolo,
910 4321 1078 4390 cujus
1118 4320 1403 4391 quondam
1447 4335 1550 4392 per
1590 4325 1753 4376 tanta

115 4414 389 4469 terrarum
420 4410 611 4482 spatia
642 4414 846 4467 vector
866 4409 1199 4481 exstiterat,
1235 4410 1467 4480 impiam
1490 4410 1617 4481 ejus
1639 4410 1755 4468 dis-

108 4499 451 4569 positionem
474 4499 869 4557 manifestavit
889 4502 947 4555 et
971 4498 1242 4557 cassavit.
1268 4499 1408 4556 Cum
1430 4499 1665 4571 etenim,
1687 4506 1749 4557 ut

1861 1926 1934 1967 ex
1965 1912 2407 1969 accurrentibus
2436 1926 2565 1968 cum
2594 1912 2772 1968 armis
2795 1917 2853 1968 et
2877 1928 3024 1983 aqua
3050 1928 3169 1968 rem
3195 1913 3509 1984 panderet;

1863 2000 2017 2072 quod
2048 2002 2097 2056 si
2132 2001 2385 2071 fecisset,
2412 2002 2527 2071 jam
2561 2001 2759 2058 illaesa:
2791 2002 3056 2058 incendio
3086 2001 3350 2072 reliquiae
3381 2018 3510 2059 cre-

1861 2094 1975 2162 ptaa
2016 2090 2279 2147 fuissent.
2324 2094 2408 2146 Ita
2448 2092 2564 2148 Deo
2607 2092 2973 2162 disponente,
3017 2091 3232 2161 Agrieii
3274 2106 3410 2148 ossa
3450 2099 3507 2149 et

1856 2179 2052 2250 pulvis
2083 2180 2139 2236 in
2172 2180 2300 2237 loco
2344 2185 2809 2253 permanserunt,
2856 2195 2983 2251 quas
3027 2181 3223 2251 inique
3266 2182 3510 2238 iuranda

1858 2269 1929 2324 de
1970 2269 2098 2325 loco
2139 2270 2525 2341 requietionis
2561 2269 2791 2327 sublata
2835 2272 3083 2326 fuerant.
3130 2271 3267 2335 Quae
3306 2276 3509 2342 postea

1857 2357 2187 2414 minutatim
2221 2358 2376 2414 inter
2404 2360 2693 2415 carbones
2723 2358 3170 2429 diligentissime
3205 2360 3508 2430 requisita,

1857 2462 2060 2517 magna
2101 2463 2175 2503 ex
2215 2454 2381 2520 parte
2420 2448 2649 2505 inventa
2694 2455 2848 2512 sunt,
2893 2451 2959 2504 ut
2998 2447 3275 2518 majorem
3326 2448 3513 2519 ipsius

1856 2537 2124 2608 corporis
2155 2541 2378 2608 partem
2404 2553 2508 2593 nos
2533 2553 2643 2594 non
2675 2537 3011 2594 dubitemus
3044 2540 3282 2593 habere.
3317 2538 3515 2595 Pulvis

1855 2641 1995 2682 vero
2018 2642 2148 2683 cum
2172 2628 2471 2683 cineribus
2491 2628 2832 2683 cautissime
2856 2629 3053 2683 cribro
3080 2634 3385 2699 purgatus,
3409 2629 3517 2684 ibi-

1857 2713 1985 2770 dem
2020 2716 2075 2769 in
2110 2731 2283 2771 unum
2328 2714 2512 2771 locum
2555 2717 2878 2771 servandus
2915 2717 3214 2787 repositus
3245 2721 3358 2787 est,
3391 2717 3515 2786 qui-

1858 2803 2103 2859 busdam
2136 2803 2521 2860 suadentibus
2544 2810 2609 2860 ut
2637 2804 2692 2858 in
2718 2804 2994 2859 honorem
3026 2803 3287 2873 ejusdem
3322 2805 3512 2861 sancti

1857 2892 2072 2963 Agricii
2104 2893 2288 2948 altare
2311 2892 2388 2948 ibi
2414 2895 2797 2962 statueretur,
2830 2897 2887 2948 et
2919 2892 3295 2950 dedicaretur
3324 2894 3513 2951 eccle-

1858 2983 1963 3039 sia.
1996 2984 2107 3037 Pcr
2127 2982 2316 3039 omnia
2343 2981 2686 3038 benedictus
2710 2983 2878 3052 Deus,
2912 2981 3160 3054 quinos,
3198 2983 3334 3039 licet
3364 2982 3511 3039 indi-

1857 3087 2022 3142 gnos,
2058 3072 2245 3129 noluit
2270 3073 2502 3144 privare
2526 3076 2772 3144 patrono
2796 3071 2920 3142 tali,
2953 3072 3122 3142 cujus
3153 3088 3258 3128 nos
3293 3073 3510 3129 auxilio

1858 3162 2072 3233 ubique
2090 3162 2411 3231 gaudemus
2434 3161 2650 3234 perfrui
2671 3164 2681 3216 !
2700 3163 3010 3232 Postquam
3028 3168 3221 3218 autem
3242 3162 3362 3218 ha3c
3383 3167 3511 3218 acta

1859 3256 2016 3322 sunt,
2052 3251 2259 3307 videns
2291 3257 2497 3308 auctor
2530 3251 2701 3320 hujus
2734 3251 2973 3308 sceleris
2998 3266 3106 3306 non
3134 3268 3305 3322 posse
3331 3252 3507 3307 celari

1861 3342 2016 3414 quod
2046 3344 2196 3397 Deus
2226 3341 2406 3398 voluit
2440 3341 2816 3412 manil'cstari,
2851 3346 3059 3397 cuncta
3092 3356 3219 3412 quae
3248 3347 3510 3410 gesserat

1858 3431 1952 3488 vel
1973 3432 2337 3501 cogitaverat
2357 3430 2601 3501 protulit
2624 3431 2678 3485 in
2701 3431 2982 3497 medium;
3010 3431 3352 3486 monstravit
3376 3447 3519 3501 quos

1862 3536 1973 3592 que
1997 3521 2187 3578 locum
2212 3521 2311 3577 ubi
2335 3521 2613 3591 reliquias
2637 3519 3051 3576 collocaverat.
3091 3521 3269 3587 Quem
3300 3522 3511 3577 fratres

1862 3610 2175 3681 diligenter
2208 3613 2670 3681 perscrutantes,
2705 3609 2853 3665 sicut
2882 3610 2997 3679 jam
3031 3610 3301 3681 diximus,
3337 3624 3515 3681 quan-

1862 3704 1984 3757 tum
2036 3703 2376 3771 potuerunt,
2430 3698 2706 3753 semiusta
2748 3713 2878 3753 ossa
2921 3699 3412 3769 coadunaverunl,
3457 3706 3517 3755 et

1860 3788 2182 3844 honoriﬁce
2202 3788 2257 3841 in
2279 3786 2565 3856 reliquum
2585 3786 2848 3841 habenda
2866 3792 3385 3843 conservaverunt.
3416 3788 3518 3845 Ille

1864 3881 2057 3935 autem
2078 3876 2271 3945 miser,
2293 3874 2551 3929 dictante
2574 3874 2826 3929 omnium
2850 3874 3160 3941 sententia,
3185 3890 3312 3930 cum
3342 3875 3515 3931 licen-

1864 3967 1946 4023 tia
1965 3965 2260 4035 discessit,
2285 3963 2415 4034 quia
2441 3977 2644 4033 nempe
2667 3962 2778 4017 sibi
2803 3977 2908 4018 nec
2930 3962 3060 4017 loco
3086 3963 3216 4019 huic
3244 3963 3511 4020 habitare

1866 4055 2116 4112 ulterius
2149 4051 2513 4111 commodum
2546 4051 2714 4107 nobis
2744 4051 2934 4107 visum
2968 4051 3189 4107 fuit.....

1934 4168 1988 4219 7.
2036 4204 2049 4217 .
2096 4205 2108 4219 .
2155 4204 2167 4217 .
2214 4203 2227 4217 .
2276 4204 2290 4219 .
2333 4204 2346 4218 .
2394 4203 2407 4216 .
2455 4202 2468 4214 .
2515 4158 2649 4214 Mihi
2690 4159 2799 4215 hoc
2840 4159 2986 4215 satis
3031 4159 3237 4215 mirum
3284 4158 3519 4215 videtur

1869 4253 2022 4326 quod
2064 4252 2119 4308 in
2164 4256 2327 4307 tanto
2371 4247 2636 4321 periculo
2679 4248 2828 4317 ignis
2866 4252 2924 4305 et
2959 4248 3230 4320 incendii,
3266 4248 3322 4303 in
3353 4254 3520 4305 tanto

1863 4357 2152 4403 concursu
2203 4346 2262 4396 et
2308 4338 2682 4395 multitudine
2730 4338 3041 4409 utriusque
3092 4353 3266 4395 sexus
3317 4337 3519 4410 populi

1866 4448 2035 4491 nemo
2068 4444 2309 4503 prorsus
2340 4428 2475 4484 vitae
2507 4427 2599 4484 vel
2633 4426 2840 4483 salutis
2879 4442 3000 4484 suae
3040 4427 3405 4484 debilitatem
3440 4428 3523 4483 in-

1866 4523 2075 4592 currit,
2110 4519 2307 4577 nullus
2336 4517 2570 4575 omnino
2610 4522 2877 4574 nostrum
2916 4532 3111 4573 rerum
3153 4532 3389 4575 suarum
3423 4517 3525 4574 ali-

112 4588 499 4685 przediximus,
534 4587 727 4685 locum
746 4588 999 4685 eundem
1028 4587 1750 4685 aliquandiu-jugisollici-
1781 4572 1833 4634 D

114 4676 303 4735 tudine
323 4679 785 4750 frequentasset,
801 4677 893 4733 die
907 4680 1039 4733 ante
1058 4676 1340 4748 praedicta
1359 4676 1492 4733 inde
1512 4676 1752 4735 descen-

118 4762 255 4823 dens
290 4781 451 4824 more
481 4766 595 4823 sibi
626 4764 826 4837 solito,
861 4764 1005 4822 alias
1027 4765 1222 4822 nescio
1247 4781 1360 4837 quo
1383 4766 1467 4822 ire
1489 4768 1749 4837 paravit;

111 4867 235 4911 cum
255 4854 454 4912 subito
472 4855 598 4926 ipsa
619 4854 847 4926 domus,
864 4855 1149 4911 incertum
1168 4855 1320 4911 unde
1338 4861 1545 4912 exorto
1562 4856 1753 4914 incen-

112 4941 219 5015 dio,
252 4960 383 5002 cum
416 4944 686 5015 reliquiis
715 4949 772 5001 et
806 4944 1161 5002 monasterio
1196 4946 1502 5002 combusta
1533 4950 1655 5014 est;
1688 4947 1755 5004 li-

110 5039 199 5088 cet
231 5033 412 5106 aliqui
445 5032 519 5089 ad
546 5033 822 5090 honorem
855 5033 1232 5105 reliquiarum
1269 5049 1399 5091 eum
1438 5037 1632 5092 lumen
1674 5037 1753 5094 ibi

109 5121 376 5182 habuisse
422 5123 728 5205 aﬂlrment,
764 5125 919 5196 quod
950 5125 1073 5197 ipse
1105 5138 1177 5181 ex
1208 5128 1333 5182 toto
1366 5127 1631 5197 negavit;
1661 5127 1755 5185 vel

109 5224 336 5272 rursum
368 5214 470 5272 alii
502 5214 720 5288 dicant,
753 5216 826 5272 ab
857 5215 1008 5290 igne,
1044 5231 1158 5289 quo
1189 5216 1446 5276 candelas
1478 5218 1559 5275 ibi
1591 5232 1758 5291 para-

1938 4723 2420 4787 Hzec-utcumquc
2461 4714 2615 4771 dicta
2656 4712 2974 4777 sufficiant;
3010 4727 3160 4769 nunc
3193 4713 3385 4784 aliqua
3418 4715 3522 4771 mi-

1869 4810 2198 4866 raculorum
2234 4805 2384 4861 beati
2421 4803 2647 4859 Mathiaa
2679 4802 2960 4870 dicamus,
2998 4815 3125 4871 qua}
3158 4807 3289 4856 ante
3325 4802 3526 4858 inven-

1866 4898 2086 4954 tionem
2120 4897 2245 4966 ejus
2277 4892 2593 4961 contigissc
2624 4890 2790 4946 multi
2818 4889 3003 4945 adhuc
3038 4889 3091 4944 in
3122 4904 3369 4960 corpore
3404 4905 3522 4947 ma-

1868 4993 2077 5044 nentes
2108 4982 2369 5053 religiosi
2408 4979 2745 5052 prwdicant,
2771 4993 2800 5035 a
2824 4977 3035 5050 quibus
3058 4993 3165 5035 nos
3192 4979 3315 5036 haec
3337 4980 3525 5036 conti-

1867 5076 1955 5148 git
1989 5074 2244 5132 audisse.
2283 5113 2295 5127 .
2334 5114 2345 5127 .
2382 5112 2394 5126 .
2433 5110 2446 5124 .
2484 5111 2496 5124 .
2533 5111 2546 5125 .
2584 5111 2597 5125 .
2634 5110 2647 5124 .

2142 5214 2287 5273 Haec
2311 5211 2612 5271 miracula
2637 5209 2706 5268 in
2733 5209 2993 5269 editione
3018 5207 3246 5268 desunt.

1695 5345 1920 5407 ΝΟΤᾸΞ.

179 5433 328 5513 (610)
363 5440 502 5514 Hae
526 5439 873 5514 Lambertus
898 5441 1192 5514 eXplicare
1219 5442 1423 5500 volens
1453 5443 1533 5501 ita
1566 5444 1709 5503 dicit
1740 5467 1752 5503 :

114 5509 251 5567 Cum
265 5509 410 5589 jzoyz
446 5512 814 5589 intelligeret
834 5509 1093 5589 penitus
1138 5516 1350 5589 ipsam
1364 5516 1760 5589 scripturam,

112 5582 380 5643 scrutari
423 5583 601 5655 capit
637 5584 695 5642 si
735 5582 890 5658 quid
933 5582 1179 5658 uspiam?
1211 5587 1409 5647 simile
1452 5582 1761 5664 νὲρθγῑνθτᾷ

433 5681 698 5752 Ρλτκοι..
753 5683 962 5751 CLIV.

1882 5436 2324 5518 Quqdctfgcit.
2359 5435 2515 5518 Nam
2532 5433 2734 5518 simile
2755 5432 3203 5518 guidjrt‘qodz‘ce
3222 5431 3529 5518 ,Vitgelejug

1876 5503 2166 5586 ἀπέριτιηὶ
2184 5508 2504 5586 deueniens,
2527 5506 2733 5586 crebra
2748 5503 3142 5581 inquisitione
3158 5503 3374 5568 adnoti
3382 5503 3531 5560 tiam

1881 5577 2063 5665 ludia
2088 5579 2346 5643 nominis
2373 5577 2637 5643 accessit.

3128 5675 3203 5744 41
