  <div class='ocr_page' id='page_1' title='image "/cluster/home/n/w/nwhite01/storage/ocr_20150623/154/uva.x000829797/650.png"; bbox 0 0 3990 6354; ppageno 0'>
   <div class='ocr_carea' id='block_1_1' title="bbox 143 349 267 415">
    <p class='ocr_par' dir='ltr' id='par_1_1' title="bbox 143 349 267 415">
     <span class='ocr_line' id='line_1_1' title="bbox 143 349 267 415; baseline 0.008 -1"><span class='ocrx_word' id='word_1_1' title='bbox 143 349 267 415; x_wconf 80' lang='grc'><strong>1293</strong></span> 
     </span>
    </p>
   </div>
   <div class='ocr_carea' id='block_1_2' title="bbox 631 336 2951 411">
    <p class='ocr_par' dir='ltr' id='par_1_2' title="bbox 631 336 2951 411">
     <span class='ocr_line' id='line_1_2' title="bbox 631 336 2951 411; baseline -0.002 -1"><span class='ocrx_word' id='word_1_2' title='bbox 631 344 901 410; x_wconf 87' lang='lat' dir='ltr'>GESTA</span> <span class='ocrx_word' id='word_1_3' title='bbox 930 336 1286 411; x_wconf 71' lang='lat' dir='ltr'>TREVER.</span> <span class='ocrx_word' id='word_1_4' title='bbox 1321 382 1400 391; x_wconf 95' lang='lat'>—</span> <span class='ocrx_word' id='word_1_5' title='bbox 1428 342 1759 406; x_wconf 79' lang='lat' dir='ltr'>APPEND</span> <span class='ocrx_word' id='word_1_6' title='bbox 1806 341 2118 408; x_wconf 70' lang='lat' dir='ltr'>EXJNV.</span> <span class='ocrx_word' id='word_1_7' title='bbox 2157 342 2261 404; x_wconf 86' lang='lat' dir='ltr'>ET</span> <span class='ocrx_word' id='word_1_8' title='bbox 2287 345 2448 405; x_wconf 79' lang='lat' dir='ltr'>MlR.</span> <span class='ocrx_word' id='word_1_9' title='bbox 2486 339 2552 406; x_wconf 87' lang='lat' dir='ltr'>S.</span> <span class='ocrx_word' id='word_1_10' title='bbox 2590 343 2951 408; x_wconf 72' lang='lat' dir='ltr'>MATHI/E.</span> 
     </span>
    </p>
   </div>
   <div class='ocr_carea' id='block_1_3' title="bbox 3336 339 3491 407">
    <p class='ocr_par' dir='ltr' id='par_1_3' title="bbox 3336 339 3491 407">
     <span class='ocr_line' id='line_1_3' title="bbox 3336 339 3491 407; baseline 0.006 -1"><span class='ocrx_word' id='word_1_11' title='bbox 3336 339 3491 407; x_wconf 74' lang='grc'>1294</span> 
     </span>
    </p>
   </div>
   <div class='ocr_carea' id='block_1_4' title="bbox 193 481 3489 573">
    <p class='ocr_par' dir='ltr' id='par_1_4' title="bbox 193 481 3489 573">
     <span class='ocr_line' id='line_1_4' title="bbox 193 481 3489 573; baseline -0.001 -13"><span class='ocrx_word' id='word_1_12' title='bbox 193 501 883 573; x_wconf 86' lang='lat' dir='ltr'>Quinquagenariushomo</span> <span class='ocrx_word' id='word_1_13' title='bbox 899 501 1128 571; x_wconf 82' lang='lat' dir='ltr'>quidam</span> <span class='ocrx_word' id='word_1_14' title='bbox 1144 497 1735 568; x_wconf 84' lang='lat' dir='ltr'>Pulcri-montis(616)</span> <span class='ocrx_word' id='word_1_15' title='bbox 1765 481 1820 541; x_wconf 88' lang='grc' dir='ltr'><strong>Α</strong></span> <span class='ocrx_word' id='word_1_16' title='bbox 1850 502 2030 554; x_wconf 92' lang='lat' dir='ltr'>retur.</span> <span class='ocrx_word' id='word_1_17' title='bbox 2067 497 2186 553; x_wconf 84' lang='lat' dir='ltr'>Hoc</span> <span class='ocrx_word' id='word_1_18' title='bbox 2215 502 2517 568; x_wconf 75' lang='lat' dir='ltr'>tyrannus,</span> <span class='ocrx_word' id='word_1_19' title='bbox 2550 495 2698 554; x_wconf 90' lang='lat' dir='ltr'>sicut</span> <span class='ocrx_word' id='word_1_20' title='bbox 2732 507 2855 554; x_wconf 91' lang='lat' dir='ltr'>erat</span> <span class='ocrx_word' id='word_1_21' title='bbox 2891 498 3188 568; x_wconf 81' lang='lat' dir='ltr'>sanguinis</span> <span class='ocrx_word' id='word_1_22' title='bbox 3222 501 3489 558; x_wconf 88' lang='lat' dir='ltr'>avidissi-</span> 
     </span>
    </p>
   </div>
   <div class='ocr_carea' id='block_1_5' title="bbox 137 587 1738 662">
    <p class='ocr_par' dir='ltr' id='par_1_5' title="bbox 137 587 1738 662">
     <span class='ocr_line' id='line_1_5' title="bbox 137 587 1738 662; baseline -0.004 -14"><span class='ocrx_word' id='word_1_23' title='bbox 137 593 320 662; x_wconf 83' lang='lat' dir='ltr'>accola,</span> <span class='ocrx_word' id='word_1_24' title='bbox 353 590 501 662; x_wconf 92' lang='lat' dir='ltr'>quod</span> <span class='ocrx_word' id='word_1_25' title='bbox 533 595 621 645; x_wconf 92' lang='lat' dir='ltr'>est</span> <span class='ocrx_word' id='word_1_26' title='bbox 653 590 960 646; x_wconf 85' lang='lat' dir='ltr'>Arduennc</span> <span class='ocrx_word' id='word_1_27' title='bbox 994 589 1164 645; x_wconf 92' lang='lat' dir='ltr'>silve.</span> <span class='ocrx_word' id='word_1_28' title='bbox 1207 630 1219 642; x_wconf 95' lang='lat'>.</span> <span class='ocrx_word' id='word_1_29' title='bbox 1266 630 1278 642; x_wconf 96' lang='lat'>.</span> <span class='ocrx_word' id='word_1_30' title='bbox 1325 629 1336 642; x_wconf 90' lang='lat'>.</span> <span class='ocrx_word' id='word_1_31' title='bbox 1385 631 1396 643; x_wconf 94' lang='lat'>.</span> <span class='ocrx_word' id='word_1_32' title='bbox 1447 631 1459 643; x_wconf 92' lang='lat'>.</span> <span class='ocrx_word' id='word_1_33' title='bbox 1511 629 1522 642; x_wconf 95' lang='lat'>.</span> <span class='ocrx_word' id='word_1_34' title='bbox 1569 587 1738 657; x_wconf 79' lang='lat' dir='ltr'>.qui-</span> 
     </span>
    </p>
   </div>
   <div class='ocr_carea' id='block_1_6' title="bbox 137 675 1734 748">
    <p class='ocr_par' dir='ltr' id='par_1_6' title="bbox 137 675 1734 748">
     <span class='ocr_line' id='line_1_6' title="bbox 137 675 1734 748; baseline -0.004 -12"><span class='ocrx_word' id='word_1_35' title='bbox 137 682 238 736; x_wconf 87' lang='lat' dir='ltr'>dam</span> <span class='ocrx_word' id='word_1_36' title='bbox 267 681 534 748; x_wconf 88' lang='lat' dir='ltr'>ingenuus</span> <span class='ocrx_word' id='word_1_37' title='bbox 567 679 652 734; x_wconf 88' lang='lat' dir='ltr'>vir</span> <span class='ocrx_word' id='word_1_38' title='bbox 676 678 936 747; x_wconf 81' lang='lat' dir='ltr'>ejusdem</span> <span class='ocrx_word' id='word_1_39' title='bbox 958 676 1187 733; x_wconf 77' lang='lat' dir='ltr'>castelli</span> <span class='ocrx_word' id='word_1_40' title='bbox 1214 675 1534 746; x_wconf 82' lang='lat' dir='ltr'>municeps.</span> <span class='ocrx_word' id='word_1_41' title='bbox 1581 717 1592 729; x_wconf 95' lang='lat'>.</span> <span class='ocrx_word' id='word_1_42' title='bbox 1622 717 1634 730; x_wconf 96' lang='lat'>.</span> <span class='ocrx_word' id='word_1_43' title='bbox 1671 717 1684 730; x_wconf 94' lang='lat'>.</span> <span class='ocrx_word' id='word_1_44' title='bbox 1721 717 1734 730; x_wconf 94' lang='lat'>.</span> 
     </span>
    </p>
   </div>
   <div class='ocr_carea' id='block_1_7' title="bbox 190 765 1740 837">
    <p class='ocr_par' dir='ltr' id='par_1_7' title="bbox 190 765 1740 837">
     <span class='ocr_line' id='line_1_7' title="bbox 190 765 1740 837; baseline -0.003 -11"><span class='ocrx_word' id='word_1_45' title='bbox 190 769 508 826; x_wconf 92' lang='lat' dir='ltr'>Suburbano</span> <span class='ocrx_word' id='word_1_46' title='bbox 558 783 693 824; x_wconf 92' lang='lat' dir='ltr'>rure</span> <span class='ocrx_word' id='word_1_47' title='bbox 746 768 898 837; x_wconf 91' lang='lat' dir='ltr'>quod</span> <span class='ocrx_word' id='word_1_48' title='bbox 958 766 1197 822; x_wconf 83' lang='lat' dir='ltr'>Treveri</span> <span class='ocrx_word' id='word_1_49' title='bbox 1250 765 1473 835; x_wconf 85' lang='lat' dir='ltr'>adjacet</span> <span class='ocrx_word' id='word_1_50' title='bbox 1532 779 1740 822; x_wconf 90' lang='lat' dir='ltr'>versus</span> 
     </span>
    </p>
   </div>
   <div class='ocr_carea' id='block_1_8' title="bbox 134 854 1398 929">
    <p class='ocr_par' dir='ltr' id='par_1_8' title="bbox 134 854 1398 929">
     <span class='ocr_line' id='line_1_8' title="bbox 134 854 1398 929; baseline -0.004 -16"><span class='ocrx_word' id='word_1_51' title='bbox 134 858 422 929; x_wconf 82' lang='lat' dir='ltr'>aquilonem</span> <span class='ocrx_word' id='word_1_52' title='bbox 459 857 612 913; x_wconf 90' lang='lat' dir='ltr'>circa</span> <span class='ocrx_word' id='word_1_53' title='bbox 651 861 876 928; x_wconf 92' lang='lat' dir='ltr'>portam</span> <span class='ocrx_word' id='word_1_54' title='bbox 910 854 1198 910; x_wconf 81' lang='lat' dir='ltr'>Marciam.</span> <span class='ocrx_word' id='word_1_55' title='bbox 1234 896 1245 908; x_wconf 91' lang='lat'>.</span> <span class='ocrx_word' id='word_1_56' title='bbox 1283 895 1295 908; x_wconf 96' lang='lat'>.</span> <span class='ocrx_word' id='word_1_57' title='bbox 1337 896 1348 909; x_wconf 94' lang='lat'>.</span> <span class='ocrx_word' id='word_1_58' title='bbox 1385 895 1398 908; x_wconf 97' lang='lat'>.</span> 
     </span>
    </p>
   </div>
   <div class='ocr_carea' id='block_1_9' title="bbox 191 941 1739 1017">
    <p class='ocr_par' dir='ltr' id='par_1_9' title="bbox 191 941 1739 1017">
     <span class='ocr_line' id='line_1_9' title="bbox 191 941 1739 1017; baseline -0.002 -16"><span class='ocrx_word' id='word_1_59' title='bbox 191 946 334 1017; x_wconf 83' lang='lat' dir='ltr'>Apud</span> <span class='ocrx_word' id='word_1_60' title='bbox 366 945 619 1014; x_wconf 90' lang='lat' dir='ltr'>Fuldam,</span> <span class='ocrx_word' id='word_1_61' title='bbox 644 959 752 1015; x_wconf 91' lang='lat' dir='ltr'>que</span> <span class='ocrx_word' id='word_1_62' title='bbox 777 949 866 999; x_wconf 88' lang='lat' dir='ltr'>est</span> <span class='ocrx_word' id='word_1_63' title='bbox 891 944 1128 999; x_wconf 84' lang='lat' dir='ltr'>Francic</span> <span class='ocrx_word' id='word_1_64' title='bbox 1159 942 1506 1013; x_wconf 67' lang='lat' dir='ltr'>Teutonicas,</span> <span class='ocrx_word' id='word_1_65' title='bbox 1531 941 1739 998; x_wconf 85' lang='lat' dir='ltr'>mulier</span> 
     </span>
    </p>
   </div>
   <div class='ocr_carea' id='block_1_10' title="bbox 133 1032 1467 1105">
    <p class='ocr_par' dir='ltr' id='par_1_10' title="bbox 133 1032 1467 1105">
     <span class='ocr_line' id='line_1_10' title="bbox 133 1032 1467 1105; baseline -0.004 -15"><span class='ocrx_word' id='word_1_66' title='bbox 133 1034 345 1104; x_wconf 90' lang='lat' dir='ltr'>quedam</span> <span class='ocrx_word' id='word_1_67' title='bbox 376 1040 608 1105; x_wconf 92' lang='lat' dir='ltr'>pontem</span> <span class='ocrx_word' id='word_1_68' title='bbox 641 1032 894 1088; x_wconf 81' lang='lat' dir='ltr'>ﬂuminis</span> <span class='ocrx_word' id='word_1_69' title='bbox 924 1032 1266 1088; x_wconf 77' lang='lat' dir='ltr'>transitura.</span> <span class='ocrx_word' id='word_1_70' title='bbox 1305 1075 1316 1086; x_wconf 96' lang='lat'>.</span> <span class='ocrx_word' id='word_1_71' title='bbox 1355 1074 1366 1086; x_wconf 94' lang='lat'>.</span> <span class='ocrx_word' id='word_1_72' title='bbox 1405 1073 1417 1086; x_wconf 95' lang='lat'>.</span> <span class='ocrx_word' id='word_1_73' title='bbox 1455 1072 1467 1084; x_wconf 98' lang='lat'>.</span> 
     </span>
    </p>
   </div>
   <div class='ocr_carea' id='block_1_11' title="bbox 187 1137 1736 1212">
    <p class='ocr_par' dir='ltr' id='par_1_11' title="bbox 187 1137 1736 1212">
     <span class='ocr_line' id='line_1_11' title="bbox 187 1137 1736 1212; baseline -0.002 -16"><span class='ocrx_word' id='word_1_74' title='bbox 187 1141 307 1196; x_wconf 86' lang='lat' dir='ltr'>Erat</span> <span class='ocrx_word' id='word_1_75' title='bbox 338 1139 564 1212; x_wconf 90' lang='lat' dir='ltr'>quidam</span> <span class='ocrx_word' id='word_1_76' title='bbox 627 1139 873 1208; x_wconf 88' lang='lat' dir='ltr'>maligne</span> <span class='ocrx_word' id='word_1_77' title='bbox 906 1139 1137 1208; x_wconf 90' lang='lat' dir='ltr'>mentis,</span> <span class='ocrx_word' id='word_1_78' title='bbox 1196 1138 1349 1194; x_wconf 80' lang='lat' dir='ltr'>sicut</span> <span class='ocrx_word' id='word_1_79' title='bbox 1383 1137 1616 1193; x_wconf 92' lang='lat' dir='ltr'>diviciis</span> <span class='ocrx_word' id='word_1_80' title='bbox 1657 1138 1736 1193; x_wconf 91' lang='lat' dir='ltr'>.ic</span> 
     </span>
    </p>
   </div>
   <div class='ocr_carea' id='block_1_12' title="bbox 131 1225 1734 1298">
    <p class='ocr_par' dir='ltr' id='par_1_12' title="bbox 131 1225 1734 1298">
     <span class='ocr_line' id='line_1_12' title="bbox 131 1225 1734 1298; baseline -0.002 -14"><span class='ocrx_word' id='word_1_81' title='bbox 131 1229 436 1286; x_wconf 84' lang='lat' dir='ltr'><strong>habundans</strong></span> <span class='ocrx_word' id='word_1_82' title='bbox 485 1228 659 1284; x_wconf 89' lang='lat' dir='ltr'>etiam</span> <span class='ocrx_word' id='word_1_83' title='bbox 693 1228 891 1292; x_wconf 89' lang='lat' dir='ltr'>vieiis;</span> <span class='ocrx_word' id='word_1_84' title='bbox 927 1228 1021 1298; x_wconf 91' lang='lat' dir='ltr'>qui</span> <span class='ocrx_word' id='word_1_85' title='bbox 1057 1227 1300 1282; x_wconf 88' lang='lat' dir='ltr'>cedibus</span> <span class='ocrx_word' id='word_1_86' title='bbox 1332 1231 1391 1282; x_wconf 91' lang='lat' dir='ltr'>et</span> <span class='ocrx_word' id='word_1_87' title='bbox 1424 1226 1645 1296; x_wconf 88' lang='lat' dir='ltr'>rapinis</span> <span class='ocrx_word' id='word_1_88' title='bbox 1678 1225 1734 1280; x_wconf 91' lang='lat' dir='ltr'>in</span> 
     </span>
    </p>
   </div>
   <div class='ocr_carea' id='block_1_13' title="bbox 130 1312 1738 1387">
    <p class='ocr_par' dir='ltr' id='par_1_13' title="bbox 130 1312 1738 1387">
     <span class='ocr_line' id='line_1_13' title="bbox 130 1312 1738 1387; baseline -0.002 -15"><span class='ocrx_word' id='word_1_89' title='bbox 130 1317 320 1374; x_wconf 84' lang='lat' dir='ltr'>vicinos</span> <span class='ocrx_word' id='word_1_90' title='bbox 333 1332 467 1374; x_wconf 92' lang='lat' dir='ltr'>suos</span> <span class='ocrx_word' id='word_1_91' title='bbox 479 1321 808 1387; x_wconf 86' lang='lat' dir='ltr'>grassatus,</span> <span class='ocrx_word' id='word_1_92' title='bbox 832 1316 1119 1373; x_wconf 82' lang='lat' dir='ltr'>violenter</span> <span class='ocrx_word' id='word_1_93' title='bbox 1140 1314 1328 1371; x_wconf 87' lang='lat' dir='ltr'>omnia</span> <span class='ocrx_word' id='word_1_94' title='bbox 1343 1312 1738 1385; x_wconf 88' lang='lat' dir='ltr'>depopulaba-</span> 
     </span>
    </p>
   </div>
   <div class='ocr_carea' id='block_1_14' title="bbox 128 1401 1731 1474">
    <p class='ocr_par' dir='ltr' id='par_1_14' title="bbox 128 1401 1731 1474">
     <span class='ocr_line' id='line_1_14' title="bbox 128 1401 1731 1474; baseline -0.003 -14"><span class='ocrx_word' id='word_1_95' title='bbox 128 1410 220 1460; x_wconf 87' lang='lat' dir='ltr'>tur.</span> <span class='ocrx_word' id='word_1_96' title='bbox 252 1405 484 1473; x_wconf 84' lang='lat' dir='ltr'>Quidam</span> <span class='ocrx_word' id='word_1_97' title='bbox 517 1410 710 1462; x_wconf 88' lang='lat' dir='ltr'>autem</span> <span class='ocrx_word' id='word_1_98' title='bbox 741 1404 973 1460; x_wconf 93' lang='lat' dir='ltr'>illorum</span> <span class='ocrx_word' id='word_1_99' title='bbox 1003 1419 1152 1474; x_wconf 91' lang='lat' dir='ltr'>quos</span> <span class='ocrx_word' id='word_1_100' title='bbox 1183 1402 1397 1472; x_wconf 87' lang='lat' dir='ltr'>injuste</span> <span class='ocrx_word' id='word_1_101' title='bbox 1427 1401 1731 1471; x_wconf 81' lang='lat' dir='ltr'>alilixerat,</span> 
     </span>
    </p>
   </div>
   <div class='ocr_carea' id='block_1_15' title="bbox 127 1489 1735 1564">
    <p class='ocr_par' dir='ltr' id='par_1_15' title="bbox 127 1489 1735 1564">
     <span class='ocr_line' id='line_1_15' title="bbox 127 1489 1735 1564; baseline -0.002 -17"><span class='ocrx_word' id='word_1_102' title='bbox 127 1493 325 1551; x_wconf 92' lang='lat' dir='ltr'>domum</span> <span class='ocrx_word' id='word_1_103' title='bbox 349 1494 504 1550; x_wconf 89' lang='lat' dir='ltr'>illius</span> <span class='ocrx_word' id='word_1_104' title='bbox 534 1493 648 1564; x_wconf 84' lang='lat' dir='ltr'>igni</span> <span class='ocrx_word' id='word_1_105' title='bbox 699 1492 998 1550; x_wconf 86' lang='lat' dir='ltr'>succendit</span> <span class='ocrx_word' id='word_1_106' title='bbox 1022 1497 1081 1547; x_wconf 93' lang='lat' dir='ltr'>et</span> <span class='ocrx_word' id='word_1_107' title='bbox 1101 1491 1342 1561; x_wconf 80' lang='lat' dir='ltr'>aufugit.</span> <span class='ocrx_word' id='word_1_108' title='bbox 1371 1493 1443 1545; x_wconf 85' lang='lat' dir='ltr'>At</span> <span class='ocrx_word' id='word_1_109' title='bbox 1467 1489 1560 1545; x_wconf 92' lang='lat' dir='ltr'>ille</span> <span class='ocrx_word' id='word_1_110' title='bbox 1583 1490 1735 1545; x_wconf 87' lang='lat' dir='ltr'>sicut</span> 
     </span>
    </p>
   </div>
   <div class='ocr_carea' id='block_1_16' title="bbox 125 1577 1733 1653">
    <p class='ocr_par' dir='ltr' id='par_1_16' title="bbox 125 1577 1733 1653">
     <span class='ocr_line' id='line_1_16' title="bbox 125 1577 1733 1653; baseline -0.003 -16"><span class='ocrx_word' id='word_1_111' title='bbox 125 1583 438 1639; x_wconf 89' lang='lat' dir='ltr'>eratmentis</span> <span class='ocrx_word' id='word_1_112' title='bbox 473 1581 842 1653; x_wconf 90' lang='lat' dir='ltr'>perverse,in</span> <span class='ocrx_word' id='word_1_113' title='bbox 875 1579 1159 1650; x_wconf 88' lang='lat' dir='ltr'>quendam</span> <span class='ocrx_word' id='word_1_114' title='bbox 1182 1593 1492 1650; x_wconf 89' lang='lat' dir='ltr'>pauperem</span> <span class='ocrx_word' id='word_1_115' title='bbox 1513 1577 1733 1633; x_wconf 90' lang='lat' dir='ltr'>crimen</span> 
     </span>
    </p>
   </div>
   <div class='ocr_carea' id='block_1_17' title="bbox 125 1665 1732 1743">
    <p class='ocr_par' dir='ltr' id='par_1_17' title="bbox 125 1665 1732 1743">
     <span class='ocr_line' id='line_1_17' title="bbox 125 1665 1732 1743; baseline -0.001 -19"><span class='ocrx_word' id='word_1_116' title='bbox 125 1670 292 1740; x_wconf 89' lang='lat' dir='ltr'>injecit</span> <span class='ocrx_word' id='word_1_117' title='bbox 323 1676 380 1728; x_wconf 90' lang='lat' dir='ltr'>et</span> <span class='ocrx_word' id='word_1_118' title='bbox 411 1685 516 1743; x_wconf 91' lang='lat' dir='ltr'>pro</span> <span class='ocrx_word' id='word_1_119' title='bbox 567 1668 842 1726; x_wconf 89' lang='lat' dir='ltr'>tribunali</span> <span class='ocrx_word' id='word_1_120' title='bbox 873 1668 1056 1739; x_wconf 87' lang='lat' dir='ltr'>judici</span> <span class='ocrx_word' id='word_1_121' title='bbox 1104 1666 1266 1723; x_wconf 90' lang='lat' dir='ltr'>illum</span> <span class='ocrx_word' id='word_1_122' title='bbox 1300 1666 1532 1722; x_wconf 88' lang='lat' dir='ltr'>detulit.</span> <span class='ocrx_word' id='word_1_123' title='bbox 1568 1665 1732 1731; x_wconf 89' lang='lat' dir='ltr'>Quod</span> 
     </span>
    </p>
   </div>
   <div class='ocr_carea' id='block_1_18' title="bbox 123 1755 1728 1830">
    <p class='ocr_par' dir='ltr' id='par_1_18' title="bbox 123 1755 1728 1830">
     <span class='ocr_line' id='line_1_18' title="bbox 123 1755 1728 1830; baseline -0.002 -17"><span class='ocrx_word' id='word_1_124' title='bbox 123 1772 229 1814; x_wconf 89' lang='lat' dir='ltr'>cum</span> <span class='ocrx_word' id='word_1_125' title='bbox 247 1773 344 1830; x_wconf 89' lang='lat' dir='ltr'>per</span> <span class='ocrx_word' id='word_1_126' title='bbox 358 1761 702 1815; x_wconf 87' lang='lat' dir='ltr'>advocatum</span> <span class='ocrx_word' id='word_1_127' title='bbox 727 1772 893 1814; x_wconf 89' lang='lat' dir='ltr'>suum</span> <span class='ocrx_word' id='word_1_128' title='bbox 917 1771 1140 1828; x_wconf 89' lang='lat' dir='ltr'>pauper</span> <span class='ocrx_word' id='word_1_129' title='bbox 1162 1771 1224 1812; x_wconf 93' lang='lat' dir='ltr'>se</span> <span class='ocrx_word' id='word_1_130' title='bbox 1248 1755 1453 1811; x_wconf 86' lang='lat' dir='ltr'>fecisse</span> <span class='ocrx_word' id='word_1_131' title='bbox 1468 1760 1728 1824; x_wconf 87' lang='lat' dir='ltr'>negaret,</span> 
     </span>
    </p>
   </div>
   <div class='ocr_carea' id='block_1_19' title="bbox 123 1841 1734 1915">
    <p class='ocr_par' dir='ltr' id='par_1_19' title="bbox 123 1841 1734 1915">
     <span class='ocr_line' id='line_1_19' title="bbox 123 1841 1734 1915; baseline -0.002 -14"><span class='ocrx_word' id='word_1_132' title='bbox 123 1846 179 1901; x_wconf 87' lang='lat' dir='ltr'>ad</span> <span class='ocrx_word' id='word_1_133' title='bbox 201 1846 299 1904; x_wconf 91' lang='lat' dir='ltr'>hoc</span> <span class='ocrx_word' id='word_1_134' title='bbox 317 1847 543 1904; x_wconf 90' lang='lat' dir='ltr'>tandem</span> <span class='ocrx_word' id='word_1_135' title='bbox 593 1860 770 1903; x_wconf 89' lang='lat' dir='ltr'>causa</span> <span class='ocrx_word' id='word_1_136' title='bbox 793 1845 1044 1915; x_wconf 90' lang='lat' dir='ltr'>devenit,</span> <span class='ocrx_word' id='word_1_137' title='bbox 1074 1848 1136 1901; x_wconf 91' lang='lat' dir='ltr'>ut</span> <span class='ocrx_word' id='word_1_138' title='bbox 1160 1843 1355 1901; x_wconf 89' lang='lat' dir='ltr'>duello</span> <span class='ocrx_word' id='word_1_139' title='bbox 1385 1841 1734 1899; x_wconf 89' lang='lat' dir='ltr'>determina-</span> 
     </span>
    </p>
   </div>
   <div class='ocr_carea' id='block_1_20' title="bbox 1850 583 3489 661">
    <p class='ocr_par' dir='ltr' id='par_1_20' title="bbox 1850 583 3489 661">
     <span class='ocr_line' id='line_1_20' title="bbox 1850 583 3489 661; baseline 0.003 -20"><span class='ocrx_word' id='word_1_140' title='bbox 1850 601 1998 655; x_wconf 91' lang='lat' dir='ltr'>mus,</span> <span class='ocrx_word' id='word_1_141' title='bbox 2035 583 2151 641; x_wconf 90' lang='lat' dir='ltr'>leto</span> <span class='ocrx_word' id='word_1_142' title='bbox 2179 586 2437 657; x_wconf 90' lang='lat' dir='ltr'>suscepit</span> <span class='ocrx_word' id='word_1_143' title='bbox 2469 587 2691 653; x_wconf 91' lang='lat' dir='ltr'>animo;</span> <span class='ocrx_word' id='word_1_144' title='bbox 2726 603 2947 659; x_wconf 85' lang='lat' dir='ltr'>pauper</span> <span class='ocrx_word' id='word_1_145' title='bbox 2970 592 3161 643; x_wconf 91' lang='lat' dir='ltr'>autem</span> <span class='ocrx_word' id='word_1_146' title='bbox 3186 603 3246 644; x_wconf 89' lang='lat' dir='ltr'>se</span> <span class='ocrx_word' id='word_1_147' title='bbox 3272 605 3489 661; x_wconf 89' lang='lat' dir='ltr'>suaque</span> 
     </span>
    </p>
   </div>
   <div class='ocr_carea' id='block_1_21' title="bbox 1851 672 3490 746">
    <p class='ocr_par' dir='ltr' id='par_1_21' title="bbox 1851 672 3490 746">
     <span class='ocr_line' id='line_1_21' title="bbox 1851 672 3490 746; baseline 0.003 -18"><span class='ocrx_word' id='word_1_148' title='bbox 1851 672 2104 728; x_wconf 91' lang='lat' dir='ltr'>dominio</span> <span class='ocrx_word' id='word_1_149' title='bbox 2129 672 2285 730; x_wconf 92' lang='lat' dir='ltr'>illius</span> <span class='ocrx_word' id='word_1_150' title='bbox 2307 675 2653 730; x_wconf 85' lang='lat' dir='ltr'>submittere</span> <span class='ocrx_word' id='word_1_151' title='bbox 2679 675 2907 732; x_wconf 85' lang='lat' dir='ltr'>volebat</span> <span class='ocrx_word' id='word_1_152' title='bbox 2937 679 2994 731; x_wconf 91' lang='lat' dir='ltr'>ut</span> <span class='ocrx_word' id='word_1_153' title='bbox 3014 678 3360 746; x_wconf 81' lang='lat' dir='ltr'>quiesceret.</span> <span class='ocrx_word' id='word_1_154' title='bbox 3380 677 3490 734; x_wconf 89' lang='lat' dir='ltr'>Sed</span> 
     </span>
    </p>
   </div>
   <div class='ocr_carea' id='block_1_22' title="bbox 1850 761 3492 831">
    <p class='ocr_par' dir='ltr' id='par_1_22' title="bbox 1850 761 3492 831">
     <span class='ocr_line' id='line_1_22' title="bbox 1850 761 3492 831; baseline 0.004 -16"><span class='ocrx_word' id='word_1_155' title='bbox 1850 761 1948 817; x_wconf 92' lang='lat' dir='ltr'>ille</span> <span class='ocrx_word' id='word_1_156' title='bbox 1973 761 2222 818; x_wconf 92' lang='lat' dir='ltr'>rennuit.</span> <span class='ocrx_word' id='word_1_157' title='bbox 2242 762 2340 818; x_wconf 90' lang='lat' dir='ltr'>Die</span> <span class='ocrx_word' id='word_1_158' title='bbox 2370 763 2549 831; x_wconf 82' lang='lat' dir='ltr'>igitur</span> <span class='ocrx_word' id='word_1_159' title='bbox 2572 763 2726 819; x_wconf 90' lang='lat' dir='ltr'>dicta</span> <span class='ocrx_word' id='word_1_160' title='bbox 2762 770 3042 820; x_wconf 91' lang='lat' dir='ltr'>venerunt</span> <span class='ocrx_word' id='word_1_161' title='bbox 3075 766 3244 820; x_wconf 89' lang='lat' dir='ltr'>ambo</span> <span class='ocrx_word' id='word_1_162' title='bbox 3277 764 3492 822; x_wconf 91' lang='lat' dir='ltr'>locum-</span> 
     </span>
    </p>
   </div>
   <div class='ocr_carea' id='block_1_23' title="bbox 1851 849 3492 924">
    <p class='ocr_par' dir='ltr' id='par_1_23' title="bbox 1851 849 3492 924">
     <span class='ocr_line' id='line_1_23' title="bbox 1851 849 3492 924; baseline 0.002 -18"><span class='ocrx_word' id='word_1_163' title='bbox 1851 865 1961 921; x_wconf 90' lang='lat' dir='ltr'>que</span> <span class='ocrx_word' id='word_1_164' title='bbox 1991 849 2168 907; x_wconf 90' lang='lat' dir='ltr'>duelli</span> <span class='ocrx_word' id='word_1_165' title='bbox 2205 851 2491 906; x_wconf 92' lang='lat' dir='ltr'>intrantcs</span> <span class='ocrx_word' id='word_1_166' title='bbox 2510 853 2811 921; x_wconf 82' lang='lat' dir='ltr'>congressi</span> <span class='ocrx_word' id='word_1_167' title='bbox 2839 859 2994 923; x_wconf 91' lang='lat' dir='ltr'>sunt,</span> <span class='ocrx_word' id='word_1_168' title='bbox 3025 854 3146 924; x_wconf 90' lang='lat' dir='ltr'>pari</span> <span class='ocrx_word' id='word_1_169' title='bbox 3172 855 3492 912; x_wconf 90' lang='lat' dir='ltr'>certamine</span> 
     </span>
    </p>
   </div>
   <div class='ocr_carea' id='block_1_24' title="bbox 1849 938 3494 1014">
    <p class='ocr_par' dir='ltr' id='par_1_24' title="bbox 1849 938 3494 1014">
     <span class='ocr_line' id='line_1_24' title="bbox 1849 938 3494 1014; baseline 0.004 -21"><span class='ocrx_word' id='word_1_170' title='bbox 1849 938 2073 994; x_wconf 88' lang='lat' dir='ltr'>viribus</span> <span class='ocrx_word' id='word_1_171' title='bbox 2105 939 2376 1009; x_wconf 88' lang='lat' dir='ltr'>impares.</span> <span class='ocrx_word' id='word_1_172' title='bbox 2413 939 2656 995; x_wconf 88' lang='lat' dir='ltr'>Attrivit</span> <span class='ocrx_word' id='word_1_173' title='bbox 2679 939 2768 972; x_wconf 74' lang='lat'><strong>‘0”</strong></span> <span class='ocrx_word' id='word_1_174' title='bbox 2789 943 2937 996; x_wconf 90' lang='lat' dir='ltr'>enim</span> <span class='ocrx_word' id='word_1_175' title='bbox 2973 947 3254 1011; x_wconf 79' lang='lat' dir='ltr'>tyrannus</span> <span class='ocrx_word' id='word_1_176' title='bbox 3282 958 3494 1014; x_wconf 88' lang='lat' dir='ltr'>paupe-</span> 
     </span>
    </p>
   </div>
   <div class='ocr_carea' id='block_1_25' title="bbox 1849 1027 3493 1104">
    <p class='ocr_par' dir='ltr' id='par_1_25' title="bbox 1849 1027 3493 1104">
     <span class='ocr_line' id='line_1_25' title="bbox 1849 1027 3493 1104; baseline 0.005 -23"><span class='ocrx_word' id='word_1_177' title='bbox 1849 1041 1968 1082; x_wconf 87' lang='lat' dir='ltr'>rem</span> <span class='ocrx_word' id='word_1_178' title='bbox 2003 1041 2148 1099; x_wconf 91' lang='lat' dir='ltr'>pene</span> <span class='ocrx_word' id='word_1_179' title='bbox 2194 1042 2379 1098; x_wconf 91' lang='lat' dir='ltr'>usque</span> <span class='ocrx_word' id='word_1_180' title='bbox 2411 1027 2480 1082; x_wconf 92' lang='lat' dir='ltr'>ad</span> <span class='ocrx_word' id='word_1_181' title='bbox 2527 1027 2906 1097; x_wconf 90' lang='lat' dir='ltr'>dedicionem,</span> <span class='ocrx_word' id='word_1_182' title='bbox 2943 1029 3124 1086; x_wconf 90' lang='lat' dir='ltr'>donec</span> <span class='ocrx_word' id='word_1_183' title='bbox 3157 1033 3493 1104; x_wconf 89' lang='lat' dir='ltr'>compulsus</span> 
     </span>
    </p>
   </div>
   <div class='ocr_carea' id='block_1_26' title="bbox 1848 1115 3493 1189">
    <p class='ocr_par' dir='ltr' id='par_1_26' title="bbox 1848 1115 3493 1189">
     <span class='ocr_line' id='line_1_26' title="bbox 1848 1115 3493 1189; baseline 0.002 -19"><span class='ocrx_word' id='word_1_184' title='bbox 1848 1130 1877 1170; x_wconf 92' lang='lat' dir='ltr'>a</span> <span class='ocrx_word' id='word_1_185' title='bbox 1911 1115 2033 1171; x_wconf 90' lang='lat' dir='ltr'>suis</span> <span class='ocrx_word' id='word_1_186' title='bbox 2059 1129 2266 1171; x_wconf 89' lang='lat' dir='ltr'>nomen</span> <span class='ocrx_word' id='word_1_187' title='bbox 2290 1115 2476 1172; x_wconf 91' lang='lat' dir='ltr'>sancti</span> <span class='ocrx_word' id='word_1_188' title='bbox 2509 1115 2716 1170; x_wconf 85' lang='lat' dir='ltr'>Mathie</span> <span class='ocrx_word' id='word_1_189' title='bbox 2742 1116 3037 1173; x_wconf 88' lang='lat' dir='ltr'>invocaret</span> <span class='ocrx_word' id='word_1_190' title='bbox 3072 1132 3312 1189; x_wconf 86' lang='lat' dir='ltr'>pauper,</span> <span class='ocrx_word' id='word_1_191' title='bbox 3350 1120 3493 1174; x_wconf 90' lang='lat' dir='ltr'>divi-</span> 
     </span>
    </p>
   </div>
   <div class='ocr_carea' id='block_1_27' title="bbox 1845 1203 3492 1274">
    <p class='ocr_par' dir='ltr' id='par_1_27' title="bbox 1845 1203 3492 1274">
     <span class='ocr_line' id='line_1_27' title="bbox 1845 1203 3492 1274; baseline 0.004 -15"><span class='ocrx_word' id='word_1_192' title='bbox 1845 1206 1962 1259; x_wconf 89' lang='lat' dir='ltr'>tem</span> <span class='ocrx_word' id='word_1_193' title='bbox 1995 1218 2108 1260; x_wconf 93' lang='lat' dir='ltr'>uno</span> <span class='ocrx_word' id='word_1_194' title='bbox 2132 1203 2249 1260; x_wconf 89' lang='lat' dir='ltr'>ictu</span> <span class='ocrx_word' id='word_1_195' title='bbox 2274 1203 2558 1274; x_wconf 86' lang='lat' dir='ltr'>deiceret,</span> <span class='ocrx_word' id='word_1_196' title='bbox 2582 1205 2974 1261; x_wconf 89' lang='lat' dir='ltr'>etoccideret.</span> <span class='ocrx_word' id='word_1_197' title='bbox 3008 1207 3073 1260; x_wconf 89' lang='lat' dir='ltr'>Et</span> <span class='ocrx_word' id='word_1_198' title='bbox 3107 1206 3369 1265; x_wconf 89' lang='lat' dir='ltr'>salvatus</span> <span class='ocrx_word' id='word_1_199' title='bbox 3401 1213 3492 1265; x_wconf 87' lang='lat' dir='ltr'>est</span> 
     </span>
    </p>
   </div>
   <div class='ocr_carea' id='block_1_28' title="bbox 1846 1292 3107 1362">
    <p class='ocr_par' dir='ltr' id='par_1_28' title="bbox 1846 1292 3107 1362">
     <span class='ocr_line' id='line_1_28' title="bbox 1846 1292 3107 1362; baseline 0.004 -15"><span class='ocrx_word' id='word_1_200' title='bbox 1846 1293 2083 1362; x_wconf 77' lang='lat' dir='ltr'>sanguis</span> <span class='ocrx_word' id='word_1_201' title='bbox 2115 1292 2385 1350; x_wconf 85' lang='lat' dir='ltr'>innoxius</span> <span class='ocrx_word' id='word_1_202' title='bbox 2418 1293 2642 1348; x_wconf 87' lang='lat' dir='ltr'>meritis</span> <span class='ocrx_word' id='word_1_203' title='bbox 2673 1293 2828 1350; x_wconf 85' lang='lat' dir='ltr'>beati</span> <span class='ocrx_word' id='word_1_204' title='bbox 2861 1295 3107 1352; x_wconf 67' lang='lat' dir='ltr'>Matbiaa.</span> 
     </span>
    </p>
   </div>
   <div class='ocr_carea' id='block_1_29' title="bbox 1914 1487 3492 1561">
    <p class='ocr_par' dir='ltr' id='par_1_29' title="bbox 1914 1487 3492 1561">
     <span class='ocr_line' id='line_1_29' title="bbox 1914 1487 3492 1561; baseline 0.006 -18"><span class='ocrx_word' id='word_1_205' title='bbox 1914 1489 2086 1544; x_wconf 82' lang='lat' dir='ltr'>Juxta</span> <span class='ocrx_word' id='word_1_206' title='bbox 2120 1492 2351 1559; x_wconf 91' lang='lat' dir='ltr'>pontem</span> <span class='ocrx_word' id='word_1_207' title='bbox 2386 1487 2620 1544; x_wconf 83' lang='lat' dir='ltr'>Moselle</span> <span class='ocrx_word' id='word_1_208' title='bbox 2651 1489 2882 1559; x_wconf 91' lang='lat' dir='ltr'>quidam</span> <span class='ocrx_word' id='word_1_209' title='bbox 2914 1492 3197 1561; x_wconf 91' lang='lat' dir='ltr'>puerulus</span> <span class='ocrx_word' id='word_1_210' title='bbox 3228 1495 3492 1552; x_wconf 85' lang='lat' dir='ltr'>navicula</span> 
     </span>
    </p>
   </div>
   <div class='ocr_carea' id='block_1_30' title="bbox 1845 1575 3494 1654">
    <p class='ocr_par' dir='ltr' id='par_1_30' title="bbox 1845 1575 3494 1654">
     <span class='ocr_line' id='line_1_30' title="bbox 1845 1575 3494 1654; baseline 0.005 -22"><span class='ocrx_word' id='word_1_211' title='bbox 1845 1575 2124 1632; x_wconf 86' lang='lat' dir='ltr'>exeidens</span> <span class='ocrx_word' id='word_1_212' title='bbox 2149 1577 2489 1633; x_wconf 90' lang='lat' dir='ltr'>submersus</span> <span class='ocrx_word' id='word_1_213' title='bbox 2509 1584 2616 1633; x_wconf 93' lang='lat' dir='ltr'>est.</span> <span class='ocrx_word' id='word_1_214' title='bbox 2658 1577 2820 1642; x_wconf 89' lang='lat' dir='ltr'>Quod</span> <span class='ocrx_word' id='word_1_215' title='bbox 2847 1578 3052 1635; x_wconf 90' lang='lat' dir='ltr'>videns</span> <span class='ocrx_word' id='word_1_216' title='bbox 3071 1581 3303 1650; x_wconf 90' lang='lat' dir='ltr'>quidam</span> <span class='ocrx_word' id='word_1_217' title='bbox 3330 1584 3494 1654; x_wconf 65' lang='lat' dir='ltr'>juve-</span> 
     </span>
    </p>
   </div>
   <div class='ocr_carea' id='block_1_31' title="bbox 1845 1664 3494 1738">
    <p class='ocr_par' dir='ltr' id='par_1_31' title="bbox 1845 1664 3494 1738">
     <span class='ocr_line' id='line_1_31' title="bbox 1845 1664 3494 1738; baseline 0.005 -18"><span class='ocrx_word' id='word_1_218' title='bbox 1845 1665 1936 1720; x_wconf 91' lang='lat' dir='ltr'>nis</span> <span class='ocrx_word' id='word_1_219' title='bbox 1967 1665 2231 1721; x_wconf 89' lang='lat' dir='ltr'>vestibus</span> <span class='ocrx_word' id='word_1_220' title='bbox 2263 1664 2510 1735; x_wconf 87' lang='lat' dir='ltr'>abjectis</span> <span class='ocrx_word' id='word_1_221' title='bbox 2531 1680 2695 1736; x_wconf 79' lang='lat' dir='ltr'>aquae</span> <span class='ocrx_word' id='word_1_222' title='bbox 2719 1666 2963 1738; x_wconf 89' lang='lat' dir='ltr'>insiluit,</span> <span class='ocrx_word' id='word_1_223' title='bbox 2995 1674 3054 1724; x_wconf 93' lang='lat' dir='ltr'>et</span> <span class='ocrx_word' id='word_1_224' title='bbox 3079 1670 3371 1728; x_wconf 90' lang='lat' dir='ltr'>inventum</span> <span class='ocrx_word' id='word_1_225' title='bbox 3396 1689 3494 1729; x_wconf 88' lang='lat' dir='ltr'>ex-</span> 
     </span>
    </p>
   </div>
   <div class='ocr_carea' id='block_1_32' title="bbox 1843 1753 3491 1833">
    <p class='ocr_par' dir='ltr' id='par_1_32' title="bbox 1843 1753 3491 1833">
     <span class='ocr_line' id='line_1_32' title="bbox 1843 1753 3491 1833; baseline 0.005 -24"><span class='ocrx_word' id='word_1_226' title='bbox 1843 1753 2077 1810; x_wconf 89' lang='lat' dir='ltr'>trahere</span> <span class='ocrx_word' id='word_1_227' title='bbox 2107 1753 2324 1824; x_wconf 89' lang='lat' dir='ltr'>volens,</span> <span class='ocrx_word' id='word_1_228' title='bbox 2359 1754 2608 1824; x_wconf 87' lang='lat' dir='ltr'>maligno</span> <span class='ocrx_word' id='word_1_229' title='bbox 2659 1755 2873 1826; x_wconf 89' lang='lat' dir='ltr'>spiritu</span> <span class='ocrx_word' id='word_1_230' title='bbox 2932 1760 3290 1831; x_wconf 90' lang='lat' dir='ltr'>retrahente,</span> <span class='ocrx_word' id='word_1_231' title='bbox 3324 1777 3491 1833; x_wconf 88' lang='lat' dir='ltr'>quem</span> 
     </span>
    </p>
   </div>
   <div class='ocr_carea' id='block_1_33' title="bbox 1843 1842 3482 1917">
    <p class='ocr_par' dir='ltr' id='par_1_33' title="bbox 1843 1842 3482 1917">
     <span class='ocr_line' id='line_1_33' title="bbox 1843 1842 3482 1917; baseline 0.005 -20"><span class='ocrx_word' id='word_1_232' title='bbox 1843 1842 2172 1912; x_wconf 87' lang='lat' dir='ltr'>Neptunum</span> <span class='ocrx_word' id='word_1_233' title='bbox 2205 1845 2435 1912; x_wconf 88' lang='lat' dir='ltr'>vocant,</span> <span class='ocrx_word' id='word_1_234' title='bbox 2471 1842 2652 1900; x_wconf 91' lang='lat' dir='ltr'>semel</span> <span class='ocrx_word' id='word_1_235' title='bbox 2683 1849 2738 1899; x_wconf 92' lang='lat' dir='ltr'>et</span> <span class='ocrx_word' id='word_1_236' title='bbox 2775 1845 3032 1902; x_wconf 91' lang='lat' dir='ltr'>secundo</span> <span class='ocrx_word' id='word_1_237' title='bbox 3061 1847 3356 1917; x_wconf 89' lang='lat' dir='ltr'>perdidit.</span> <span class='ocrx_word' id='word_1_238' title='bbox 3405 1892 3417 1905; x_wconf 94' lang='lat'>.</span> <span class='ocrx_word' id='word_1_239' title='bbox 3469 1893 3482 1906; x_wconf 94' lang='lat'>.</span> 
     </span>
    </p>
   </div>
   <div class='ocr_carea' id='block_1_34' title="bbox 1377 1967 2193 2025">
    <p class='ocr_par' dir='ltr' id='par_1_34' title="bbox 1377 1967 2193 2025">
     <span class='ocr_line' id='line_1_34' title="bbox 1377 1967 2193 2025; baseline -0.001 -3"><span class='ocrx_word' id='word_1_240' title='bbox 1377 1970 1428 2022; x_wconf 79' lang='lat'>2.</span> <span class='ocrx_word' id='word_1_241' title='bbox 1474 1969 1572 2024; x_wconf 72' lang='lat' dir='ltr'>Ra:</span> <span class='ocrx_word' id='word_1_242' title='bbox 1603 1967 1799 2025; x_wconf 75' lang='lat' dir='ltr'>codice</span> <span class='ocrx_word' id='word_1_243' title='bbox 1832 1967 2193 2024; x_wconf 73' lang='lat' dir='ltr'>Treeerensz’.</span> 
     </span>
    </p>
   </div>
   <div class='ocr_carea' id='block_1_35' title="bbox 181 2091 3490 2173">
    <p class='ocr_par' dir='ltr' id='par_1_35' title="bbox 181 2091 3490 2173">
     <span class='ocr_line' id='line_1_35' title="bbox 181 2091 3490 2173; baseline 0.003 -23"><span class='ocrx_word' id='word_1_244' title='bbox 181 2097 394 2153; x_wconf 76' lang='lat' dir='ltr'>LAnno</span> <span class='ocrx_word' id='word_1_245' title='bbox 417 2094 582 2152; x_wconf 89' lang='lat' dir='ltr'>verbi</span> <span class='ocrx_word' id='word_1_246' title='bbox 605 2093 890 2151; x_wconf 92' lang='lat' dir='ltr'>incarnati</span> <span class='ocrx_word' id='word_1_247' title='bbox 917 2096 1072 2163; x_wconf 64' lang='lat'>12&#39;26,</span> <span class='ocrx_word' id='word_1_248' title='bbox 1115 2093 1302 2164; x_wconf 88' lang='lat' dir='ltr'>primo</span> <span class='ocrx_word' id='word_1_249' title='bbox 1345 2108 1494 2150; x_wconf 91' lang='lat' dir='ltr'>anno</span> <span class='ocrx_word' id='word_1_250' title='bbox 1517 2092 1730 2150; x_wconf 90' lang='lat' dir='ltr'>domini</span> <span class='ocrx_word' id='word_1_251' title='bbox 1763 2094 1816 2154; x_wconf 95' lang='lat' dir='ltr'>B</span> <span class='ocrx_word' id='word_1_252' title='bbox 1847 2091 2104 2162; x_wconf 80' lang='lat' dir='ltr'>Austrie,</span> <span class='ocrx_word' id='word_1_253' title='bbox 2138 2105 2243 2149; x_wconf 92' lang='lat' dir='ltr'>nec</span> <span class='ocrx_word' id='word_1_254' title='bbox 2301 2096 2502 2164; x_wconf 77' lang='lat' dir='ltr'>posset</span> <span class='ocrx_word' id='word_1_255' title='bbox 2535 2092 2586 2150; x_wconf 90' lang='lat' dir='ltr'>ei</span> <span class='ocrx_word' id='word_1_256' title='bbox 2621 2092 2915 2165; x_wconf 91' lang='lat' dir='ltr'>resistere,</span> <span class='ocrx_word' id='word_1_257' title='bbox 2950 2096 3081 2167; x_wconf 90' lang='lat' dir='ltr'>quia</span> <span class='ocrx_word' id='word_1_258' title='bbox 3117 2113 3318 2170; x_wconf 86' lang='lat' dir='ltr'>magna</span> <span class='ocrx_word' id='word_1_259' title='bbox 3350 2117 3490 2173; x_wconf 90' lang='lat' dir='ltr'>pars</span> 
     </span>
    </p>
   </div>
   <div class='ocr_carea' id='block_1_36' title="bbox 123 2181 1734 2256">
    <p class='ocr_par' dir='ltr' id='par_1_36' title="bbox 123 2181 1734 2256">
     <span class='ocr_line' id='line_1_36' title="bbox 123 2181 1734 2256; baseline 0.001 -20"><span class='ocrx_word' id='word_1_260' title='bbox 123 2181 355 2253; x_wconf 78' lang='lat' dir='ltr'>Gregorii</span> <span class='ocrx_word' id='word_1_261' title='bbox 386 2198 534 2256; x_wconf 90' lang='lat' dir='ltr'>pape</span> <span class='ocrx_word' id='word_1_262' title='bbox 565 2183 719 2253; x_wconf 92' lang='lat' dir='ltr'>noni,</span> <span class='ocrx_word' id='word_1_263' title='bbox 779 2187 1062 2253; x_wconf 83' lang='lat' dir='ltr'>regnante</span> <span class='ocrx_word' id='word_1_264' title='bbox 1090 2181 1346 2252; x_wconf 91' lang='lat' dir='ltr'>glorioso</span> <span class='ocrx_word' id='word_1_265' title='bbox 1379 2183 1734 2254; x_wconf 88' lang='lat' dir='ltr'>imperatore</span> 
     </span>
    </p>
   </div>
   <div class='ocr_carea' id='block_1_37' title="bbox 121 2269 1734 2343">
    <p class='ocr_par' dir='ltr' id='par_1_37' title="bbox 121 2269 1734 2343">
     <span class='ocr_line' id='line_1_37' title="bbox 121 2269 1734 2343; baseline 0.002 -19"><span class='ocrx_word' id='word_1_266' title='bbox 121 2270 402 2343; x_wconf 87' lang='lat' dir='ltr'>Friderico,</span> <span class='ocrx_word' id='word_1_267' title='bbox 427 2273 660 2329; x_wconf 82' lang='lat' dir='ltr'>favente</span> <span class='ocrx_word' id='word_1_268' title='bbox 682 2273 818 2341; x_wconf 91' lang='lat' dir='ltr'>Deo,</span> <span class='ocrx_word' id='word_1_269' title='bbox 853 2270 948 2342; x_wconf 91' lang='lat' dir='ltr'>qui</span> <span class='ocrx_word' id='word_1_270' title='bbox 984 2270 1172 2326; x_wconf 89' lang='lat' dir='ltr'>omnia</span> <span class='ocrx_word' id='word_1_271' title='bbox 1216 2286 1325 2341; x_wconf 90' lang='lat' dir='ltr'>que</span> <span class='ocrx_word' id='word_1_272' title='bbox 1357 2269 1481 2328; x_wconf 90' lang='lat' dir='ltr'>vult</span> <span class='ocrx_word' id='word_1_273' title='bbox 1510 2271 1646 2328; x_wconf 75' lang='lat' dir='ltr'>facit</span> <span class='ocrx_word' id='word_1_274' title='bbox 1677 2270 1734 2327; x_wconf 93' lang='lat' dir='ltr'>in</span> 
     </span>
    </p>
   </div>
   <div class='ocr_carea' id='block_1_38' title="bbox 117 2359 1732 2432">
    <p class='ocr_par' dir='ltr' id='par_1_38' title="bbox 117 2359 1732 2432">
     <span class='ocr_line' id='line_1_38' title="bbox 117 2359 1732 2432; baseline 0.001 -19"><span class='ocrx_word' id='word_1_275' title='bbox 117 2359 226 2417; x_wconf 89' lang='lat' dir='ltr'>celo</span> <span class='ocrx_word' id='word_1_276' title='bbox 253 2365 308 2417; x_wconf 90' lang='lat' dir='ltr'>et</span> <span class='ocrx_word' id='word_1_277' title='bbox 338 2361 394 2417; x_wconf 88' lang='lat' dir='ltr'>in</span> <span class='ocrx_word' id='word_1_278' title='bbox 429 2367 614 2431; x_wconf 91' lang='lat' dir='ltr'>terra,</span> <span class='ocrx_word' id='word_1_279' title='bbox 647 2361 702 2416; x_wconf 92' lang='lat' dir='ltr'>in</span> <span class='ocrx_word' id='word_1_280' title='bbox 735 2359 879 2415; x_wconf 89' lang='lat' dir='ltr'>mari</span> <span class='ocrx_word' id='word_1_281' title='bbox 908 2363 966 2416; x_wconf 91' lang='lat' dir='ltr'>et</span> <span class='ocrx_word' id='word_1_282' title='bbox 999 2360 1054 2414; x_wconf 90' lang='lat' dir='ltr'>in</span> <span class='ocrx_word' id='word_1_283' title='bbox 1084 2360 1354 2417; x_wconf 91' lang='lat' dir='ltr'>omnibus</span> <span class='ocrx_word' id='word_1_284' title='bbox 1371 2359 1732 2432; x_wconf 89' lang='lat' dir='ltr'>abyssis,qui</span> 
     </span>
    </p>
   </div>
   <div class='ocr_carea' id='block_1_39' title="bbox 117 2446 1732 2521">
    <p class='ocr_par' dir='ltr' id='par_1_39' title="bbox 117 2446 1732 2521">
     <span class='ocr_line' id='line_1_39' title="bbox 117 2446 1732 2521; baseline 0.002 -20"><span class='ocrx_word' id='word_1_285' title='bbox 117 2446 359 2517; x_wconf 89' lang='lat' dir='ltr'>producit</span> <span class='ocrx_word' id='word_1_286' title='bbox 379 2451 566 2508; x_wconf 90' lang='lat' dir='ltr'>nubes</span> <span class='ocrx_word' id='word_1_287' title='bbox 596 2449 667 2504; x_wconf 89' lang='lat' dir='ltr'>ab</span> <span class='ocrx_word' id='word_1_288' title='bbox 697 2447 977 2505; x_wconf 85' lang='lat' dir='ltr'>extremis</span> <span class='ocrx_word' id='word_1_289' title='bbox 1006 2452 1166 2504; x_wconf 90' lang='lat' dir='ltr'>terre</span> <span class='ocrx_word' id='word_1_290' title='bbox 1191 2447 1624 2518; x_wconf 78' lang='lat' dir='ltr'>(Psal.cxxxrv,</span> <span class='ocrx_word' id='word_1_291' title='bbox 1653 2448 1732 2521; x_wconf 90' lang='lat'>7,)</span> 
     </span>
    </p>
   </div>
   <div class='ocr_carea' id='block_1_40' title="bbox 115 2535 1736 2608">
    <p class='ocr_par' dir='ltr' id='par_1_40' title="bbox 115 2535 1736 2608">
     <span class='ocr_line' id='line_1_40' title="bbox 115 2535 1736 2608; baseline 0.002 -19"><span class='ocrx_word' id='word_1_292' title='bbox 115 2535 490 2605; x_wconf 89' lang='lat' dir='ltr'>predicatores</span> <span class='ocrx_word' id='word_1_293' title='bbox 513 2535 786 2594; x_wconf 87' lang='lat' dir='ltr'>videlicet</span> <span class='ocrx_word' id='word_1_294' title='bbox 802 2540 1002 2594; x_wconf 89' lang='lat' dir='ltr'>sancte</span> <span class='ocrx_word' id='word_1_295' title='bbox 1026 2537 1249 2607; x_wconf 88' lang='lat' dir='ltr'>Crucis,</span> <span class='ocrx_word' id='word_1_296' title='bbox 1269 2537 1362 2607; x_wconf 88' lang='lat' dir='ltr'>qui</span> <span class='ocrx_word' id='word_1_297' title='bbox 1386 2537 1736 2608; x_wconf 79' lang='lat' dir='ltr'>ubiqueter-</span> 
     </span>
    </p>
   </div>
   <div class='ocr_carea' id='block_1_41' title="bbox 115 2624 1734 2698">
    <p class='ocr_par' dir='ltr' id='par_1_41' title="bbox 115 2624 1734 2698">
     <span class='ocr_line' id='line_1_41' title="bbox 115 2624 1734 2698; baseline 0.003 -21"><span class='ocrx_word' id='word_1_298' title='bbox 115 2637 287 2682; x_wconf 90' lang='lat' dir='ltr'>rarum</span> <span class='ocrx_word' id='word_1_299' title='bbox 301 2627 700 2684; x_wconf 88' lang='lat' dir='ltr'>discurrentes</span> <span class='ocrx_word' id='word_1_300' title='bbox 713 2636 772 2682; x_wconf 91' lang='lat' dir='ltr'>et</span> <span class='ocrx_word' id='word_1_301' title='bbox 791 2626 985 2683; x_wconf 91' lang='lat' dir='ltr'>crucis</span> <span class='ocrx_word' id='word_1_302' title='bbox 1007 2625 1250 2697; x_wconf 87' lang='lat' dir='ltr'>gloriam</span> <span class='ocrx_word' id='word_1_303' title='bbox 1269 2624 1638 2698; x_wconf 89' lang='lat' dir='ltr'>predicantes</span> <span class='ocrx_word' id='word_1_304' title='bbox 1660 2641 1734 2682; x_wconf 85' lang='lat' dir='ltr'>ex</span> 
     </span>
    </p>
   </div>
   <div class='ocr_carea' id='block_1_42' title="bbox 111 2714 1733 2787">
    <p class='ocr_par' dir='ltr' id='par_1_42' title="bbox 111 2714 1733 2787">
     <span class='ocr_line' id='line_1_42' title="bbox 111 2714 1733 2787; baseline 0.003 -20"><span class='ocrx_word' id='word_1_305' title='bbox 111 2714 354 2772; x_wconf 89' lang='lat' dir='ltr'>omnibus</span> <span class='ocrx_word' id='word_1_306' title='bbox 383 2716 662 2787; x_wconf 86' lang='lat' dir='ltr'>gentibus</span> <span class='ocrx_word' id='word_1_307' title='bbox 693 2721 753 2771; x_wconf 89' lang='lat' dir='ltr'>et</span> <span class='ocrx_word' id='word_1_308' title='bbox 797 2715 1031 2786; x_wconf 90' lang='lat' dir='ltr'>populis</span> <span class='ocrx_word' id='word_1_309' title='bbox 1059 2718 1116 2771; x_wconf 92' lang='lat' dir='ltr'>et</span> <span class='ocrx_word' id='word_1_310' title='bbox 1144 2715 1415 2772; x_wconf 88' lang='lat' dir='ltr'>tribubus</span> <span class='ocrx_word' id='word_1_311' title='bbox 1438 2720 1494 2770; x_wconf 89' lang='lat' dir='ltr'>et</span> <span class='ocrx_word' id='word_1_312' title='bbox 1520 2714 1733 2784; x_wconf 84' lang='lat' dir='ltr'>linguis</span> 
     </span>
    </p>
   </div>
   <div class='ocr_carea' id='block_1_43' title="bbox 110 2799 1733 2870">
    <p class='ocr_par' dir='ltr' id='par_1_43' title="bbox 110 2799 1733 2870">
     <span class='ocr_line' id='line_1_43' title="bbox 110 2799 1733 2870; baseline 0.002 -16"><span class='ocrx_word' id='word_1_313' title='bbox 110 2799 461 2870; x_wconf 88' lang='lat' dir='ltr'>signaverunt</span> <span class='ocrx_word' id='word_1_314' title='bbox 498 2818 697 2861; x_wconf 89' lang='lat' dir='ltr'>servos</span> <span class='ocrx_word' id='word_1_315' title='bbox 728 2804 828 2860; x_wconf 87' lang='lat' dir='ltr'>Dei</span> <span class='ocrx_word' id='word_1_316' title='bbox 857 2809 915 2860; x_wconf 90' lang='lat' dir='ltr'>et</span> <span class='ocrx_word' id='word_1_317' title='bbox 946 2803 1160 2860; x_wconf 90' lang='lat' dir='ltr'>milites</span> <span class='ocrx_word' id='word_1_318' title='bbox 1194 2804 1408 2860; x_wconf 88' lang='lat' dir='ltr'>Christi</span> <span class='ocrx_word' id='word_1_319' title='bbox 1444 2803 1498 2859; x_wconf 93' lang='lat' dir='ltr'>in</span> <span class='ocrx_word' id='word_1_320' title='bbox 1532 2803 1733 2860; x_wconf 87' lang='lat' dir='ltr'>fronti-</span> 
     </span>
    </p>
   </div>
   <div class='ocr_carea' id='block_1_44' title="bbox 110 2887 1727 2963">
    <p class='ocr_par' dir='ltr' id='par_1_44' title="bbox 110 2887 1727 2963">
     <span class='ocr_line' id='line_1_44' title="bbox 110 2887 1727 2963; baseline 0.004 -21"><span class='ocrx_word' id='word_1_321' title='bbox 110 2887 429 2950; x_wconf 89' lang='lat' dir='ltr'>buseorum.</span> <span class='ocrx_word' id='word_1_322' title='bbox 448 2893 669 2950; x_wconf 91' lang='lat' dir='ltr'>Sensus</span> <span class='ocrx_word' id='word_1_323' title='bbox 698 2893 848 2950; x_wconf 91' lang='lat' dir='ltr'>enim</span> <span class='ocrx_word' id='word_1_324' title='bbox 863 2896 919 2947; x_wconf 93' lang='lat' dir='ltr'>ct</span> <span class='ocrx_word' id='word_1_325' title='bbox 953 2891 1727 2963; x_wconf 84' lang='lat' dir='ltr'>cogitaciohumanieordis,</span> 
     </span>
    </p>
   </div>
   <div class='ocr_carea' id='block_1_45' title="bbox 108 2980 1734 3053">
    <p class='ocr_par' dir='ltr' id='par_1_45' title="bbox 108 2980 1734 3053">
     <span class='ocr_line' id='line_1_45' title="bbox 108 2980 1734 3053; baseline 0.002 -19"><span class='ocrx_word' id='word_1_326' title='bbox 108 2991 207 3047; x_wconf 92' lang='lat' dir='ltr'>que</span> <span class='ocrx_word' id='word_1_327' title='bbox 237 2980 301 3036; x_wconf 88' lang='lat' dir='ltr'>ad</span> <span class='ocrx_word' id='word_1_328' title='bbox 334 2982 548 3039; x_wconf 88' lang='lat' dir='ltr'>malum</span> <span class='ocrx_word' id='word_1_329' title='bbox 579 2997 760 3053; x_wconf 89' lang='lat' dir='ltr'>prona</span> <span class='ocrx_word' id='word_1_330' title='bbox 794 2986 882 3038; x_wconf 90' lang='lat' dir='ltr'>est</span> <span class='ocrx_word' id='word_1_331' title='bbox 914 2981 1068 3036; x_wconf 91' lang='lat' dir='ltr'>omni</span> <span class='ocrx_word' id='word_1_332' title='bbox 1103 2985 1384 3053; x_wconf 85' lang='lat' dir='ltr'>tempore,</span> <span class='ocrx_word' id='word_1_333' title='bbox 1437 2983 1508 3038; x_wconf 89' lang='lat' dir='ltr'>ab</span> <span class='ocrx_word' id='word_1_334' title='bbox 1539 2981 1734 3038; x_wconf 90' lang='lat' dir='ltr'>adole-</span> 
     </span>
    </p>
   </div>
   <div class='ocr_carea' id='block_1_46' title="bbox 106 3068 1731 3142">
    <p class='ocr_par' dir='ltr' id='par_1_46' title="bbox 106 3068 1731 3142">
     <span class='ocr_line' id='line_1_46' title="bbox 106 3068 1731 3142; baseline 0.004 -21"><span class='ocrx_word' id='word_1_335' title='bbox 106 3068 310 3125; x_wconf 91' lang='lat' dir='ltr'>scentia</span> <span class='ocrx_word' id='word_1_336' title='bbox 339 3085 439 3128; x_wconf 90' lang='lat' dir='ltr'>sua</span> <span class='ocrx_word' id='word_1_337' title='bbox 503 3069 938 3142; x_wconf 87' lang='lat' dir='ltr'>promptissima</span> <span class='ocrx_word' id='word_1_338' title='bbox 989 3069 1216 3125; x_wconf 91' lang='lat' dir='ltr'>reddita</span> <span class='ocrx_word' id='word_1_339' title='bbox 1250 3074 1339 3126; x_wconf 92' lang='lat' dir='ltr'>est</span> <span class='ocrx_word' id='word_1_340' title='bbox 1373 3071 1429 3126; x_wconf 93' lang='lat' dir='ltr'>in</span> <span class='ocrx_word' id='word_1_341' title='bbox 1486 3071 1731 3140; x_wconf 86' lang='lat' dir='ltr'>gloriam</span> 
     </span>
    </p>
   </div>
   <div class='ocr_carea' id='block_1_47' title="bbox 107 3153 1733 3229">
    <p class='ocr_par' dir='ltr' id='par_1_47' title="bbox 107 3153 1733 3229">
     <span class='ocr_line' id='line_1_47' title="bbox 107 3153 1733 3229; baseline 0.005 -21"><span class='ocrx_word' id='word_1_342' title='bbox 107 3153 373 3214; x_wconf 87' lang='lat' dir='ltr'>Christiet</span> <span class='ocrx_word' id='word_1_343' title='bbox 397 3158 470 3214; x_wconf 92' lang='lat' dir='ltr'>ad</span> <span class='ocrx_word' id='word_1_344' title='bbox 505 3158 892 3214; x_wconf 88' lang='lat' dir='ltr'>reverentiam</span> <span class='ocrx_word' id='word_1_345' title='bbox 925 3163 1122 3214; x_wconf 92' lang='lat' dir='ltr'>sancte</span> <span class='ocrx_word' id='word_1_346' title='bbox 1141 3158 1364 3229; x_wconf 90' lang='lat' dir='ltr'>Crucis,</span> <span class='ocrx_word' id='word_1_347' title='bbox 1391 3158 1526 3216; x_wconf 89' lang='lat' dir='ltr'>dum</span> <span class='ocrx_word' id='word_1_348' title='bbox 1555 3159 1612 3214; x_wconf 90' lang='lat' dir='ltr'>in</span> <span class='ocrx_word' id='word_1_349' title='bbox 1644 3174 1733 3216; x_wconf 89' lang='lat' dir='ltr'>re-</span> 
     </span>
    </p>
   </div>
   <div class='ocr_carea' id='block_1_48' title="bbox 105 3243 1732 3318">
    <p class='ocr_par' dir='ltr' id='par_1_48' title="bbox 105 3243 1732 3318">
     <span class='ocr_line' id='line_1_48' title="bbox 105 3243 1732 3318; baseline 0.004 -21"><span class='ocrx_word' id='word_1_350' title='bbox 105 3243 421 3303; x_wconf 87' lang='lat' dir='ltr'>missionem</span> <span class='ocrx_word' id='word_1_351' title='bbox 452 3245 707 3302; x_wconf 90' lang='lat' dir='ltr'>omnium</span> <span class='ocrx_word' id='word_1_352' title='bbox 748 3249 1123 3317; x_wconf 89' lang='lat' dir='ltr'>peccatorum</span> <span class='ocrx_word' id='word_1_353' title='bbox 1159 3245 1504 3318; x_wconf 91' lang='lat' dir='ltr'>populorum</span> <span class='ocrx_word' id='word_1_354' title='bbox 1542 3246 1732 3304; x_wconf 91' lang='lat' dir='ltr'>multi-</span> 
     </span>
    </p>
   </div>
   <div class='ocr_carea' id='block_1_49' title="bbox 104 3332 1730 3406">
    <p class='ocr_par' dir='ltr' id='par_1_49' title="bbox 104 3332 1730 3406">
     <span class='ocr_line' id='line_1_49' title="bbox 104 3332 1730 3406; baseline 0.006 -21"><span class='ocrx_word' id='word_1_355' title='bbox 104 3332 323 3392; x_wconf 89' lang='lat' dir='ltr'>tudines</span> <span class='ocrx_word' id='word_1_356' title='bbox 376 3337 754 3406; x_wconf 88' lang='lat' dir='ltr'>signarentur</span> <span class='ocrx_word' id='word_1_357' title='bbox 782 3340 842 3392; x_wconf 93' lang='lat' dir='ltr'>et</span> <span class='ocrx_word' id='word_1_358' title='bbox 875 3335 929 3390; x_wconf 90' lang='lat' dir='ltr'>in</span> <span class='ocrx_word' id='word_1_359' title='bbox 964 3335 1176 3391; x_wconf 89' lang='lat' dir='ltr'>milicia</span> <span class='ocrx_word' id='word_1_360' title='bbox 1210 3334 1320 3392; x_wconf 92' lang='lat' dir='ltr'>celi</span> <span class='ocrx_word' id='word_1_361' title='bbox 1348 3336 1480 3393; x_wconf 91' lang='lat' dir='ltr'>boni</span> <span class='ocrx_word' id='word_1_362' title='bbox 1515 3336 1730 3394; x_wconf 90' lang='lat' dir='ltr'>milites</span> 
     </span>
    </p>
   </div>
   <div class='ocr_carea' id='block_1_50' title="bbox 1847 2179 3486 2263">
    <p class='ocr_par' dir='ltr' id='par_1_50' title="bbox 1847 2179 3486 2263">
     <span class='ocr_line' id='line_1_50' title="bbox 1847 2179 3486 2263; baseline 0.007 -27"><span class='ocrx_word' id='word_1_363' title='bbox 1847 2179 2095 2238; x_wconf 88' lang='lat' dir='ltr'>militum</span> <span class='ocrx_word' id='word_1_364' title='bbox 2124 2195 2364 2238; x_wconf 91' lang='lat' dir='ltr'>suorum</span> <span class='ocrx_word' id='word_1_365' title='bbox 2396 2197 2424 2238; x_wconf 93' lang='lat' dir='ltr'>a</span> <span class='ocrx_word' id='word_1_366' title='bbox 2459 2181 2724 2254; x_wconf 91' lang='lat' dir='ltr'>predicto</span> <span class='ocrx_word' id='word_1_367' title='bbox 2756 2184 3064 2242; x_wconf 90' lang='lat' dir='ltr'>Cuonrado</span> <span class='ocrx_word' id='word_1_368' title='bbox 3087 2187 3313 2257; x_wconf 89' lang='lat' dir='ltr'>signata</span> <span class='ocrx_word' id='word_1_369' title='bbox 3339 2200 3486 2263; x_wconf 87' lang='lat' dir='ltr'>erat,</span> 
     </span>
    </p>
   </div>
   <div class='ocr_carea' id='block_1_51' title="bbox 1845 2269 3490 2348">
    <p class='ocr_par' dir='ltr' id='par_1_51' title="bbox 1845 2269 3490 2348">
     <span class='ocr_line' id='line_1_51' title="bbox 1845 2269 3490 2348; baseline 0.007 -22"><span class='ocrx_word' id='word_1_370' title='bbox 1845 2284 1952 2326; x_wconf 91' lang='lat' dir='ltr'>nec</span> <span class='ocrx_word' id='word_1_371' title='bbox 2001 2270 2158 2326; x_wconf 91' lang='lat' dir='ltr'>vires</span> <span class='ocrx_word' id='word_1_372' title='bbox 2205 2284 2341 2327; x_wconf 91' lang='lat' dir='ltr'>suas</span> <span class='ocrx_word' id='word_1_373' title='bbox 2401 2269 2571 2327; x_wconf 90' lang='lat' dir='ltr'>bellis</span> <span class='ocrx_word' id='word_1_374' title='bbox 2628 2271 2899 2328; x_wconf 90' lang='lat' dir='ltr'>inanibus</span> <span class='ocrx_word' id='word_1_375' title='bbox 2958 2275 3112 2344; x_wconf 91' lang='lat' dir='ltr'>regis</span> <span class='ocrx_word' id='word_1_376' title='bbox 3161 2279 3490 2348; x_wconf 87' lang='lat' dir='ltr'>expendere</span> 
     </span>
    </p>
   </div>
   <div class='ocr_carea' id='block_1_52' title="bbox 1845 2357 3493 2434">
    <p class='ocr_par' dir='ltr' id='par_1_52' title="bbox 1845 2357 3493 2434">
     <span class='ocr_line' id='line_1_52' title="bbox 1845 2357 3493 2434; baseline 0.005 -19"><span class='ocrx_word' id='word_1_377' title='bbox 1845 2357 2054 2426; x_wconf 90' lang='lat' dir='ltr'>vellet;</span> <span class='ocrx_word' id='word_1_378' title='bbox 2106 2359 2304 2416; x_wconf 85' lang='lat' dir='ltr'>furere</span> <span class='ocrx_word' id='word_1_379' title='bbox 2354 2358 2529 2414; x_wconf 89' lang='lat' dir='ltr'>nimio</span> <span class='ocrx_word' id='word_1_380' title='bbox 2586 2365 2914 2417; x_wconf 88' lang='lat' dir='ltr'>commotus</span> <span class='ocrx_word' id='word_1_381' title='bbox 2945 2367 3004 2418; x_wconf 92' lang='lat' dir='ltr'>et</span> <span class='ocrx_word' id='word_1_382' title='bbox 3058 2364 3272 2434; x_wconf 89' lang='lat' dir='ltr'>spiritu</span> <span class='ocrx_word' id='word_1_383' title='bbox 3331 2367 3493 2424; x_wconf 87' lang='lat' dir='ltr'>mali-</span> 
     </span>
    </p>
   </div>
   <div class='ocr_carea' id='block_1_53' title="bbox 1844 2447 3494 2524">
    <p class='ocr_par' dir='ltr' id='par_1_53' title="bbox 1844 2447 3494 2524">
     <span class='ocr_line' id='line_1_53' title="bbox 1844 2447 3494 2524; baseline 0.007 -21"><span class='ocrx_word' id='word_1_384' title='bbox 1844 2461 1958 2517; x_wconf 89' lang='lat' dir='ltr'>gno</span> <span class='ocrx_word' id='word_1_385' title='bbox 1990 2447 2342 2518; x_wconf 84' lang='lat' dir='ltr'>exagitatus,</span> <span class='ocrx_word' id='word_1_386' title='bbox 2372 2451 2555 2505; x_wconf 89' lang='lat' dir='ltr'>totam</span> <span class='ocrx_word' id='word_1_387' title='bbox 2611 2448 2753 2504; x_wconf 90' lang='lat' dir='ltr'>iram</span> <span class='ocrx_word' id='word_1_388' title='bbox 2786 2464 2948 2506; x_wconf 91' lang='lat' dir='ltr'>suam</span> <span class='ocrx_word' id='word_1_389' title='bbox 2981 2451 3037 2506; x_wconf 90' lang='lat' dir='ltr'>in</span> <span class='ocrx_word' id='word_1_390' title='bbox 3087 2453 3278 2524; x_wconf 89' lang='lat' dir='ltr'>ipsum</span> <span class='ocrx_word' id='word_1_391' title='bbox 3311 2455 3494 2514; x_wconf 89' lang='lat' dir='ltr'>Cuon-</span> 
     </span>
    </p>
   </div>
   <div class='ocr_carea' id='block_1_54' title="bbox 1844 2535 3490 2612">
    <p class='ocr_par' dir='ltr' id='par_1_54' title="bbox 1844 2535 3490 2612">
     <span class='ocr_line' id='line_1_54' title="bbox 1844 2535 3490 2612; baseline 0.007 -21"><span class='ocrx_word' id='word_1_392' title='bbox 1844 2536 2048 2592; x_wconf 87' lang='lat' dir='ltr'>radum</span> <span class='ocrx_word' id='word_1_393' title='bbox 2099 2535 2397 2592; x_wconf 80' lang='lat' dir='ltr'>effundere</span> <span class='ocrx_word' id='word_1_394' title='bbox 2446 2535 2656 2608; x_wconf 90' lang='lat' dir='ltr'>voluit,</span> <span class='ocrx_word' id='word_1_395' title='bbox 2711 2543 2913 2609; x_wconf 87' lang='lat' dir='ltr'>utpote</span> <span class='ocrx_word' id='word_1_396' title='bbox 2956 2541 3052 2612; x_wconf 87' lang='lat' dir='ltr'>qui</span> <span class='ocrx_word' id='word_1_397' title='bbox 3102 2556 3280 2599; x_wconf 89' lang='lat' dir='ltr'>causa</span> <span class='ocrx_word' id='word_1_398' title='bbox 3311 2545 3490 2602; x_wconf 80' lang='lat' dir='ltr'>fuerit</span> 
     </span>
    </p>
   </div>
   <div class='ocr_carea' id='block_1_55' title="bbox 1845 2623 3490 2695">
    <p class='ocr_par' dir='ltr' id='par_1_55' title="bbox 1845 2623 3490 2695">
     <span class='ocr_line' id='line_1_55' title="bbox 1845 2623 3490 2695; baseline 0.008 -17"><span class='ocrx_word' id='word_1_399' title='bbox 1845 2628 2007 2680; x_wconf 84' lang='lat' dir='ltr'>tante</span> <span class='ocrx_word' id='word_1_400' title='bbox 2032 2623 2410 2682; x_wconf 89' lang='lat' dir='ltr'>discessionis</span> <span class='ocrx_word' id='word_1_401' title='bbox 2429 2624 2518 2680; x_wconf 89' lang='lat' dir='ltr'>sui</span> <span class='ocrx_word' id='word_1_402' title='bbox 2541 2625 2860 2695; x_wconf 89' lang='lat' dir='ltr'>exercitus,</span> <span class='ocrx_word' id='word_1_403' title='bbox 2886 2631 2942 2682; x_wconf 89' lang='lat' dir='ltr'>et</span> <span class='ocrx_word' id='word_1_404' title='bbox 2973 2628 3256 2687; x_wconf 89' lang='lat' dir='ltr'>inminuta</span> <span class='ocrx_word' id='word_1_405' title='bbox 3276 2633 3490 2691; x_wconf 90' lang='lat' dir='ltr'>milicia</span> 
     </span>
    </p>
   </div>
   <div class='ocr_carea' id='block_1_56' title="bbox 1845 2712 3486 2793">
    <p class='ocr_par' dir='ltr' id='par_1_56' title="bbox 1845 2712 3486 2793">
     <span class='ocr_line' id='line_1_56' title="bbox 1845 2712 3486 2793; baseline 0.006 -25"><span class='ocrx_word' id='word_1_406' title='bbox 1845 2713 2002 2782; x_wconf 91' lang='lat' dir='ltr'>regis</span> <span class='ocrx_word' id='word_1_407' title='bbox 2034 2712 2335 2769; x_wconf 89' lang='lat' dir='ltr'>minuisset</span> <span class='ocrx_word' id='word_1_408' title='bbox 2395 2714 2693 2769; x_wconf 90' lang='lat' dir='ltr'>honorem.</span> <span class='ocrx_word' id='word_1_409' title='bbox 2732 2714 2914 2782; x_wconf 83' lang='lat' dir='ltr'>Igitur</span> <span class='ocrx_word' id='word_1_410' title='bbox 2964 2719 3224 2774; x_wconf 84' lang='lat' dir='ltr'>accensis</span> <span class='ocrx_word' id='word_1_411' title='bbox 3257 2722 3486 2793; x_wconf 90' lang='lat' dir='ltr'>animis,</span> 
     </span>
    </p>
   </div>
   <div class='ocr_carea' id='block_1_57' title="bbox 1844 2801 3484 2882">
    <p class='ocr_par' dir='ltr' id='par_1_57' title="bbox 1844 2801 3484 2882">
     <span class='ocr_line' id='line_1_57' title="bbox 1844 2801 3484 2882; baseline 0.006 -26"><span class='ocrx_word' id='word_1_412' title='bbox 1844 2803 2136 2857; x_wconf 89' lang='lat' dir='ltr'>notarium</span> <span class='ocrx_word' id='word_1_413' title='bbox 2179 2817 2346 2858; x_wconf 90' lang='lat' dir='ltr'>suum</span> <span class='ocrx_word' id='word_1_414' title='bbox 2397 2801 2607 2857; x_wconf 89' lang='lat' dir='ltr'>ascivit</span> <span class='ocrx_word' id='word_1_415' title='bbox 2635 2817 2871 2858; x_wconf 90' lang='lat' dir='ltr'>munera</span> <span class='ocrx_word' id='word_1_416' title='bbox 2901 2803 3161 2873; x_wconf 87' lang='lat' dir='ltr'>ingencia</span> <span class='ocrx_word' id='word_1_417' title='bbox 3195 2809 3484 2882; x_wconf 86' lang='lat' dir='ltr'>promisit,</span> 
     </span>
    </p>
   </div>
   <div class='ocr_carea' id='block_1_58' title="bbox 1843 2890 3491 2970">
    <p class='ocr_par' dir='ltr' id='par_1_58' title="bbox 1843 2890 3491 2970">
     <span class='ocr_line' id='line_1_58' title="bbox 1843 2890 3491 2970; baseline 0.005 -25"><span class='ocrx_word' id='word_1_418' title='bbox 1843 2893 1899 2945; x_wconf 89' lang='lat' dir='ltr'>et</span> <span class='ocrx_word' id='word_1_419' title='bbox 1919 2903 2050 2945; x_wconf 93' lang='lat' dir='ltr'>eum</span> <span class='ocrx_word' id='word_1_420' title='bbox 2083 2890 2138 2946; x_wconf 89' lang='lat' dir='ltr'>in</span> <span class='ocrx_word' id='word_1_421' title='bbox 2189 2903 2386 2946; x_wconf 91' lang='lat' dir='ltr'>necem</span> <span class='ocrx_word' id='word_1_422' title='bbox 2418 2891 2708 2946; x_wconf 89' lang='lat' dir='ltr'>Cuonradi</span> <span class='ocrx_word' id='word_1_423' title='bbox 2741 2893 3007 2948; x_wconf 90' lang='lat' dir='ltr'>armavit.</span> <span class='ocrx_word' id='word_1_424' title='bbox 3056 2893 3197 2960; x_wconf 88' lang='lat' dir='ltr'>Quia</span> <span class='ocrx_word' id='word_1_425' title='bbox 3222 2911 3361 2966; x_wconf 82' lang='lat' dir='ltr'>ergo</span> <span class='ocrx_word' id='word_1_426' title='bbox 3396 2913 3491 2970; x_wconf 85' lang='lat' dir='ltr'>pe-</span> 
     </span>
    </p>
   </div>
   <div class='ocr_carea' id='block_1_59' title="bbox 1843 2976 3487 3045">
    <p class='ocr_par' dir='ltr' id='par_1_59' title="bbox 1843 2976 3487 3045">
     <span class='ocr_line' id='line_1_59' title="bbox 1843 2976 3487 3045; baseline 0.007 -11"><span class='ocrx_word' id='word_1_427' title='bbox 1843 2977 2013 3035; x_wconf 91' lang='lat' dir='ltr'>cunie</span> <span class='ocrx_word' id='word_1_428' title='bbox 2046 2976 2327 3034; x_wconf 91' lang='lat' dir='ltr'>obediunt</span> <span class='ocrx_word' id='word_1_429' title='bbox 2378 2979 2568 3035; x_wconf 88' lang='lat' dir='ltr'>omnia</span> <span class='ocrx_word' id='word_1_430' title='bbox 2617 2983 2672 3035; x_wconf 90' lang='lat' dir='ltr'>et</span> <span class='ocrx_word' id='word_1_431' title='bbox 2705 2995 2938 3037; x_wconf 87' lang='lat' dir='ltr'>munera</span> <span class='ocrx_word' id='word_1_432' title='bbox 2993 2988 3487 3045; x_wconf 89' lang='lat' dir='ltr'>excecanteciam</span> 
     </span>
    </p>
   </div>
   <div class='ocr_carea' id='block_1_60' title="bbox 1842 3065 3488 3147">
    <p class='ocr_par' dir='ltr' id='par_1_60' title="bbox 1842 3065 3488 3147">
     <span class='ocr_line' id='line_1_60' title="bbox 1842 3065 3488 3147; baseline 0.006 -25"><span class='ocrx_word' id='word_1_433' title='bbox 1842 3065 2044 3123; x_wconf 92' lang='lat' dir='ltr'>oculos</span> <span class='ocrx_word' id='word_1_434' title='bbox 2093 3067 2420 3139; x_wconf 89' lang='lat' dir='ltr'>sapientum</span> <span class='ocrx_word' id='word_1_435' title='bbox 2483 3067 2676 3138; x_wconf 76' lang='lat' dir='ltr'>(Deut.</span> <span class='ocrx_word' id='word_1_436' title='bbox 2711 3085 2823 3140; x_wconf 80' lang='lat' dir='ltr'>xvr,</span> <span class='ocrx_word' id='word_1_437' title='bbox 2861 3068 2969 3142; x_wconf 82' lang='lat'>19),</span> <span class='ocrx_word' id='word_1_438' title='bbox 3017 3077 3332 3131; x_wconf 91' lang='lat' dir='ltr'>excecatus</span> <span class='ocrx_word' id='word_1_439' title='bbox 3361 3091 3488 3147; x_wconf 84' lang='lat' dir='ltr'>pro-</span> 
     </span>
    </p>
   </div>
   <div class='ocr_carea' id='block_1_61' title="bbox 1843 3155 3489 3227">
    <p class='ocr_par' dir='ltr' id='par_1_61' title="bbox 1843 3155 3489 3227">
     <span class='ocr_line' id='line_1_61' title="bbox 1843 3155 3489 3227; baseline 0.005 -15"><span class='ocrx_word' id='word_1_440' title='bbox 1843 3155 2060 3227; x_wconf 90' lang='lat' dir='ltr'>missis,</span> <span class='ocrx_word' id='word_1_441' title='bbox 2093 3156 2307 3213; x_wconf 88' lang='lat' dir='ltr'>obtulit</span> <span class='ocrx_word' id='word_1_442' title='bbox 2330 3173 2390 3213; x_wconf 91' lang='lat' dir='ltr'>se</span> <span class='ocrx_word' id='word_1_443' title='bbox 2415 3157 2470 3212; x_wconf 94' lang='lat' dir='ltr'>in</span> <span class='ocrx_word' id='word_1_444' title='bbox 2500 3156 2950 3215; x_wconf 90' lang='lat' dir='ltr'>decollacionem</span> <span class='ocrx_word' id='word_1_445' title='bbox 2977 3160 3322 3219; x_wconf 89' lang='lat' dir='ltr'>innocentis.</span> <span class='ocrx_word' id='word_1_446' title='bbox 3351 3165 3489 3221; x_wconf 86' lang='lat' dir='ltr'>Mul-</span> 
     </span>
    </p>
   </div>
   <div class='ocr_carea' id='block_1_62' title="bbox 1841 3243 3487 3320">
    <p class='ocr_par' dir='ltr' id='par_1_62' title="bbox 1841 3243 3487 3320">
     <span class='ocr_line' id='line_1_62' title="bbox 1841 3243 3487 3320; baseline 0.005 -20"><span class='ocrx_word' id='word_1_447' title='bbox 1841 3243 2094 3301; x_wconf 92' lang='lat' dir='ltr'>titudine</span> <span class='ocrx_word' id='word_1_448' title='bbox 2119 3260 2258 3315; x_wconf 87' lang='lat' dir='ltr'>ergo</span> <span class='ocrx_word' id='word_1_449' title='bbox 2280 3245 2464 3302; x_wconf 91' lang='lat' dir='ltr'>instar</span> <span class='ocrx_word' id='word_1_450' title='bbox 2485 3262 2697 3303; x_wconf 89' lang='lat' dir='ltr'>corene</span> <span class='ocrx_word' id='word_1_451' title='bbox 2719 3247 3156 3320; x_wconf 89' lang='lat' dir='ltr'>circumstante,</span> <span class='ocrx_word' id='word_1_452' title='bbox 3184 3254 3374 3308; x_wconf 86' lang='lat' dir='ltr'>stabat</span> <span class='ocrx_word' id='word_1_453' title='bbox 3391 3253 3487 3310; x_wconf 91' lang='lat' dir='ltr'>ille</span> 
     </span>
    </p>
   </div>
   <div class='ocr_carea' id='block_1_63' title="bbox 1842 3333 3484 3408">
    <p class='ocr_par' dir='ltr' id='par_1_63' title="bbox 1842 3333 3484 3408">
     <span class='ocr_line' id='line_1_63' title="bbox 1842 3333 3484 3408; baseline 0.007 -19"><span class='ocrx_word' id='word_1_454' title='bbox 1842 3333 1997 3403; x_wconf 88' lang='lat' dir='ltr'>regis</span> <span class='ocrx_word' id='word_1_455' title='bbox 2016 3334 2280 3391; x_wconf 91' lang='lat' dir='ltr'>notarius</span> <span class='ocrx_word' id='word_1_456' title='bbox 2296 3335 2603 3405; x_wconf 89' lang='lat' dir='ltr'>evaginato</span> <span class='ocrx_word' id='word_1_457' title='bbox 2625 3335 2840 3407; x_wconf 88' lang='lat' dir='ltr'>gladio,</span> <span class='ocrx_word' id='word_1_458' title='bbox 2861 3343 2918 3392; x_wconf 93' lang='lat' dir='ltr'>et</span> <span class='ocrx_word' id='word_1_459' title='bbox 2938 3339 3271 3408; x_wconf 91' lang='lat' dir='ltr'>predicator</span> <span class='ocrx_word' id='word_1_460' title='bbox 3291 3345 3484 3400; x_wconf 92' lang='lat' dir='ltr'>crucis</span> 
     </span>
    </p>
   </div>
   <div class='ocr_carea' id='block_1_64' title="bbox 105 3419 3488 3514">
    <p class='ocr_par' dir='ltr' id='par_1_64' title="bbox 105 3419 3488 3514">
     <span class='ocr_line' id='line_1_64' title="bbox 105 3419 3488 3514; baseline 0.004 -40"><span class='ocrx_word' id='word_1_461' title='bbox 105 3419 1729 3497; x_wconf 72' lang='lat' dir='ltr'>Christiconscriberentur.Undeetgloriosusimpcrator</span> <span class='ocrx_word' id='word_1_462' title='bbox 1763 3453 1811 3514; x_wconf 69' lang='grc' dir='ltr'>Ο</span> <span class='ocrx_word' id='word_1_463' title='bbox 1843 3427 2083 3494; x_wconf 78' lang='lat' dir='ltr'>propter</span> <span class='ocrx_word' id='word_1_464' title='bbox 2100 3423 2342 3479; x_wconf 81' lang='lat' dir='ltr'>Verbum</span> <span class='ocrx_word' id='word_1_465' title='bbox 2371 3424 2563 3480; x_wconf 79' lang='lat' dir='ltr'>crucis</span> <span class='ocrx_word' id='word_1_466' title='bbox 2593 3425 2644 3479; x_wconf 86' lang='lat' dir='ltr'>in</span> <span class='ocrx_word' id='word_1_467' title='bbox 2674 3425 2902 3481; x_wconf 85' lang='lat' dir='ltr'>modum</span> <span class='ocrx_word' id='word_1_468' title='bbox 2925 3428 3120 3484; x_wconf 77' lang='lat' dir='ltr'>CI‘UClS</span> <span class='ocrx_word' id='word_1_469' title='bbox 3151 3431 3488 3502; x_wconf 81' lang='lat' dir='ltr'>totusjace-</span> 
     </span>
    </p>
   </div>
   <div class='ocr_carea' id='block_1_65' title="bbox 100 3509 1731 3586">
    <p class='ocr_par' dir='ltr' id='par_1_65' title="bbox 100 3509 1731 3586">
     <span class='ocr_line' id='line_1_65' title="bbox 100 3509 1731 3586; baseline 0.007 -24"><span class='ocrx_word' id='word_1_470' title='bbox 100 3509 414 3570; x_wconf 84' lang='lat' dir='ltr'>Fridericus</span> <span class='ocrx_word' id='word_1_471' title='bbox 459 3514 686 3584; x_wconf 90' lang='lat' dir='ltr'>signum</span> <span class='ocrx_word' id='word_1_472' title='bbox 739 3513 946 3570; x_wconf 92' lang='lat' dir='ltr'>salutis</span> <span class='ocrx_word' id='word_1_473' title='bbox 1002 3513 1349 3586; x_wconf 90' lang='lat' dir='ltr'>suscipiens,</span> <span class='ocrx_word' id='word_1_474' title='bbox 1411 3515 1641 3571; x_wconf 89' lang='lat' dir='ltr'>nonnisi</span> <span class='ocrx_word' id='word_1_475' title='bbox 1674 3517 1731 3573; x_wconf 91' lang='lat' dir='ltr'>in</span> 
     </span>
    </p>
   </div>
   <div class='ocr_carea' id='block_1_66' title="bbox 95 3602 1728 3673">
    <p class='ocr_par' dir='ltr' id='par_1_66' title="bbox 95 3602 1728 3673">
     <span class='ocr_line' id='line_1_66' title="bbox 95 3602 1728 3673; baseline 0.005 -22"><span class='ocrx_word' id='word_1_476' title='bbox 95 3611 256 3656; x_wconf 90' lang='lat' dir='ltr'>cruce</span> <span class='ocrx_word' id='word_1_477' title='bbox 276 3602 496 3659; x_wconf 90' lang='lat' dir='ltr'>domini</span> <span class='ocrx_word' id='word_1_478' title='bbox 532 3603 714 3660; x_wconf 90' lang='lat' dir='ltr'>uestri</span> <span class='ocrx_word' id='word_1_479' title='bbox 741 3603 918 3659; x_wconf 88' lang='lat' dir='ltr'>.lhesu</span> <span class='ocrx_word' id='word_1_480' title='bbox 950 3602 1164 3658; x_wconf 90' lang='lat' dir='ltr'>Christi</span> <span class='ocrx_word' id='word_1_481' title='bbox 1213 3603 1452 3673; x_wconf 89' lang='lat' dir='ltr'>gloriari</span> <span class='ocrx_word' id='word_1_482' title='bbox 1487 3603 1675 3660; x_wconf 92' lang='lat' dir='ltr'>voluit</span> <span class='ocrx_word' id='word_1_483' title='bbox 1713 3621 1728 3671; x_wconf 92' lang='lat'><strong>;</strong></span> 
     </span>
    </p>
   </div>
   <div class='ocr_carea' id='block_1_67' title="bbox 92 3688 1732 3761">
    <p class='ocr_par' dir='ltr' id='par_1_67' title="bbox 92 3688 1732 3761">
     <span class='ocr_line' id='line_1_67' title="bbox 92 3688 1732 3761; baseline 0.004 -20"><span class='ocrx_word' id='word_1_484' title='bbox 92 3699 188 3754; x_wconf 90' lang='lat' dir='ltr'>pro</span> <span class='ocrx_word' id='word_1_485' title='bbox 201 3688 363 3758; x_wconf 87' lang='lat' dir='ltr'>cujus</span> <span class='ocrx_word' id='word_1_486' title='bbox 395 3691 511 3746; x_wconf 85' lang='lat' dir='ltr'>ﬁde</span> <span class='ocrx_word' id='word_1_487' title='bbox 525 3695 582 3746; x_wconf 91' lang='lat' dir='ltr'>et</span> <span class='ocrx_word' id='word_1_488' title='bbox 600 3691 914 3747; x_wconf 89' lang='lat' dir='ltr'>devocione</span> <span class='ocrx_word' id='word_1_489' title='bbox 931 3689 1187 3746; x_wconf 86' lang='lat' dir='ltr'>universi</span> <span class='ocrx_word' id='word_1_490' title='bbox 1207 3705 1380 3746; x_wconf 90' lang='lat' dir='ltr'>cruce</span> <span class='ocrx_word' id='word_1_491' title='bbox 1397 3691 1610 3761; x_wconf 88' lang='lat' dir='ltr'>signati</span> <span class='ocrx_word' id='word_1_492' title='bbox 1636 3706 1732 3761; x_wconf 88' lang='lat' dir='ltr'>ga-</span> 
     </span>
    </p>
   </div>
   <div class='ocr_carea' id='block_1_68' title="bbox 95 3774 1730 3849">
    <p class='ocr_par' dir='ltr' id='par_1_68' title="bbox 95 3774 1730 3849">
     <span class='ocr_line' id='line_1_68' title="bbox 95 3774 1730 3849; baseline 0.007 -22"><span class='ocrx_word' id='word_1_493' title='bbox 95 3774 194 3830; x_wconf 87' lang='lat' dir='ltr'>visi</span> <span class='ocrx_word' id='word_1_494' title='bbox 227 3785 360 3834; x_wconf 91' lang='lat' dir='ltr'>sunt</span> <span class='ocrx_word' id='word_1_495' title='bbox 384 3778 601 3849; x_wconf 86' lang='lat' dir='ltr'>gaudio</span> <span class='ocrx_word' id='word_1_496' title='bbox 625 3793 829 3848; x_wconf 88' lang='lat' dir='ltr'>magno</span> <span class='ocrx_word' id='word_1_497' title='bbox 867 3777 1057 3834; x_wconf 90' lang='lat' dir='ltr'>valde.</span> <span class='ocrx_word' id='word_1_498' title='bbox 1084 3779 1192 3834; x_wconf 89' lang='lat' dir='ltr'>Cor</span> <span class='ocrx_word' id='word_1_499' title='bbox 1213 3794 1455 3844; x_wconf 90' lang='lat' dir='ltr'>pravum</span> <span class='ocrx_word' id='word_1_500' title='bbox 1480 3779 1730 3838; x_wconf 89' lang='lat' dir='ltr'>hominis</span> 
     </span>
    </p>
   </div>
   <div class='ocr_carea' id='block_1_69' title="bbox 91 3863 1730 3939">
    <p class='ocr_par' dir='ltr' id='par_1_69' title="bbox 91 3863 1730 3939">
     <span class='ocr_line' id='line_1_69' title="bbox 91 3863 1730 3939; baseline 0.004 -23"><span class='ocrx_word' id='word_1_501' title='bbox 91 3866 143 3916; x_wconf 90' lang='lat' dir='ltr'>et</span> <span class='ocrx_word' id='word_1_502' title='bbox 165 3863 547 3924; x_wconf 91' lang='lat' dir='ltr'>incrustabile</span> <span class='ocrx_word' id='word_1_503' title='bbox 581 3865 652 3922; x_wconf 92' lang='lat' dir='ltr'>de</span> <span class='ocrx_word' id='word_1_504' title='bbox 671 3868 882 3938; x_wconf 90' lang='lat' dir='ltr'>abysso</span> <span class='ocrx_word' id='word_1_505' title='bbox 929 3866 1087 3922; x_wconf 86' lang='lat' dir='ltr'>dedit</span> <span class='ocrx_word' id='word_1_506' title='bbox 1113 3882 1314 3924; x_wconf 89' lang='lat' dir='ltr'>vocem</span> <span class='ocrx_word' id='word_1_507' title='bbox 1342 3883 1526 3939; x_wconf 90' lang='lat' dir='ltr'>suam,</span> <span class='ocrx_word' id='word_1_508' title='bbox 1561 3873 1618 3924; x_wconf 92' lang='lat' dir='ltr'>et</span> <span class='ocrx_word' id='word_1_509' title='bbox 1653 3868 1730 3923; x_wconf 88' lang='lat' dir='ltr'>al-</span> 
     </span>
    </p>
   </div>
   <div class='ocr_carea' id='block_1_70' title="bbox 92 3951 1732 4025">
    <p class='ocr_par' dir='ltr' id='par_1_70' title="bbox 92 3951 1732 4025">
     <span class='ocr_line' id='line_1_70' title="bbox 92 3951 1732 4025; baseline 0.007 -22"><span class='ocrx_word' id='word_1_510' title='bbox 92 3951 272 4010; x_wconf 90' lang='lat' dir='ltr'>titudo</span> <span class='ocrx_word' id='word_1_511' title='bbox 293 3961 532 4013; x_wconf 90' lang='lat' dir='ltr'>terrene</span> <span class='ocrx_word' id='word_1_512' title='bbox 557 3955 859 4025; x_wconf 88' lang='lat' dir='ltr'>dignitatis</span> <span class='ocrx_word' id='word_1_513' title='bbox 882 3970 1084 4012; x_wconf 91' lang='lat' dir='ltr'>manus</span> <span class='ocrx_word' id='word_1_514' title='bbox 1113 3971 1250 4012; x_wconf 91' lang='lat' dir='ltr'>suas</span> <span class='ocrx_word' id='word_1_515' title='bbox 1272 3957 1342 4012; x_wconf 91' lang='lat' dir='ltr'>ad</span> <span class='ocrx_word' id='word_1_516' title='bbox 1372 3957 1559 4013; x_wconf 89' lang='lat' dir='ltr'>celum</span> <span class='ocrx_word' id='word_1_517' title='bbox 1579 3957 1732 4013; x_wconf 89' lang='lat' dir='ltr'>leva-</span> 
     </span>
    </p>
   </div>
   <div class='ocr_carea' id='block_1_71' title="bbox 89 4039 1730 4117">
    <p class='ocr_par' dir='ltr' id='par_1_71' title="bbox 89 4039 1730 4117">
     <span class='ocr_line' id='line_1_71' title="bbox 89 4039 1730 4117; baseline 0.005 -25"><span class='ocrx_word' id='word_1_518' title='bbox 89 4039 183 4095; x_wconf 83' lang='lat' dir='ltr'>vit.</span> <span class='ocrx_word' id='word_1_519' title='bbox 211 4043 290 4098; x_wconf 85' lang='lat' dir='ltr'>Ex</span> <span class='ocrx_word' id='word_1_520' title='bbox 314 4043 562 4102; x_wconf 82' lang='lat' dir='ltr'>istorum</span> <span class='ocrx_word' id='word_1_521' title='bbox 598 4045 777 4114; x_wconf 88' lang='lat' dir='ltr'>igitur</span> <span class='ocrx_word' id='word_1_522' title='bbox 809 4059 1051 4101; x_wconf 91' lang='lat' dir='ltr'>numero</span> <span class='ocrx_word' id='word_1_523' title='bbox 1082 4044 1517 4116; x_wconf 90' lang='lat' dir='ltr'>predicatorum</span> <span class='ocrx_word' id='word_1_524' title='bbox 1539 4047 1730 4117; x_wconf 89' lang='lat' dir='ltr'>predi-</span> 
     </span>
    </p>
   </div>
   <div class='ocr_carea' id='block_1_72' title="bbox 86 4132 1732 4191">
    <p class='ocr_par' dir='ltr' id='par_1_72' title="bbox 86 4132 1732 4191">
     <span class='ocr_line' id='line_1_72' title="bbox 86 4132 1732 4191; baseline 0.005 -8"><span class='ocrx_word' id='word_1_525' title='bbox 86 4135 246 4187; x_wconf 92' lang='lat' dir='ltr'>cator</span> <span class='ocrx_word' id='word_1_526' title='bbox 279 4147 430 4190; x_wconf 91' lang='lat' dir='ltr'>unus</span> <span class='ocrx_word' id='word_1_527' title='bbox 471 4132 774 4190; x_wconf 89' lang='lat' dir='ltr'>Cunradus</span> <span class='ocrx_word' id='word_1_528' title='bbox 805 4134 1034 4190; x_wconf 90' lang='lat' dir='ltr'>nomine</span> <span class='ocrx_word' id='word_1_529' title='bbox 1064 4133 1307 4190; x_wconf 90' lang='lat' dir='ltr'>nacione</span> <span class='ocrx_word' id='word_1_530' title='bbox 1340 4133 1632 4191; x_wconf 83' lang='lat' dir='ltr'>llallensis</span> <span class='ocrx_word' id='word_1_531' title='bbox 1661 4166 1732 4177; x_wconf 94' lang='lat'><strong>—</strong></span> 
     </span>
    </p>
   </div>
   <div class='ocr_carea' id='block_1_73' title="bbox 85 4221 1729 4293">
    <p class='ocr_par' dir='ltr' id='par_1_73' title="bbox 85 4221 1729 4293">
     <span class='ocr_line' id='line_1_73' title="bbox 85 4221 1729 4293; baseline 0.004 -18"><span class='ocrx_word' id='word_1_532' title='bbox 85 4233 192 4288; x_wconf 90' lang='lat' dir='ltr'>que</span> <span class='ocrx_word' id='word_1_533' title='bbox 228 4222 440 4279; x_wconf 88' lang='lat' dir='ltr'>civitas</span> <span class='ocrx_word' id='word_1_534' title='bbox 488 4223 858 4293; x_wconf 90' lang='lat' dir='ltr'>imperatoris</span> <span class='ocrx_word' id='word_1_535' title='bbox 886 4226 974 4278; x_wconf 89' lang='lat' dir='ltr'>est</span> <span class='ocrx_word' id='word_1_536' title='bbox 1020 4222 1076 4278; x_wconf 91' lang='lat' dir='ltr'>in</span> <span class='ocrx_word' id='word_1_537' title='bbox 1135 4221 1343 4278; x_wconf 89' lang='lat' dir='ltr'>Suevia</span> <span class='ocrx_word' id='word_1_538' title='bbox 1372 4254 1437 4263; x_wconf 90' lang='lat'>-—</span> <span class='ocrx_word' id='word_1_539' title='bbox 1468 4223 1629 4280; x_wconf 88' lang='lat' dir='ltr'>venit</span> <span class='ocrx_word' id='word_1_540' title='bbox 1657 4225 1729 4282; x_wconf 91' lang='lat' dir='ltr'>ad</span> 
     </span>
    </p>
   </div>
   <div class='ocr_carea' id='block_1_74' title="bbox 83 4309 1728 4384">
    <p class='ocr_par' dir='ltr' id='par_1_74' title="bbox 83 4309 1728 4384">
     <span class='ocr_line' id='line_1_74' title="bbox 83 4309 1728 4384; baseline 0.004 -22"><span class='ocrx_word' id='word_1_541' title='bbox 83 4309 350 4367; x_wconf 86' lang='lat' dir='ltr'>abbatem</span> <span class='ocrx_word' id='word_1_542' title='bbox 377 4311 664 4383; x_wconf 85' lang='lat' dir='ltr'>Cystercii</span> <span class='ocrx_word' id='word_1_543' title='bbox 684 4310 977 4367; x_wconf 90' lang='lat' dir='ltr'>ordinisin</span> <span class='ocrx_word' id='word_1_544' title='bbox 998 4310 1340 4367; x_wconf 85' lang='lat' dir='ltr'>Walrebach</span> <span class='ocrx_word' id='word_1_545' title='bbox 1371 4310 1728 4384; x_wconf 83' lang='lat' dir='ltr'>(617)—que</span> 
     </span>
    </p>
   </div>
   <div class='ocr_carea' id='block_1_75' title="bbox 82 4399 1730 4472">
    <p class='ocr_par' dir='ltr' id='par_1_75' title="bbox 82 4399 1730 4472">
     <span class='ocr_line' id='line_1_75' title="bbox 82 4399 1730 4472; baseline 0.004 -21"><span class='ocrx_word' id='word_1_546' title='bbox 82 4399 316 4456; x_wconf 89' lang='lat' dir='ltr'>abbacia</span> <span class='ocrx_word' id='word_1_547' title='bbox 345 4401 461 4457; x_wconf 91' lang='lat' dir='ltr'>sita</span> <span class='ocrx_word' id='word_1_548' title='bbox 484 4405 574 4457; x_wconf 93' lang='lat' dir='ltr'>est</span> <span class='ocrx_word' id='word_1_549' title='bbox 601 4400 656 4456; x_wconf 93' lang='lat' dir='ltr'>in</span> <span class='ocrx_word' id='word_1_550' title='bbox 687 4399 1483 4472; x_wconf 81' lang='lat' dir='ltr'>episcepatuRadesbonensi</span> <span class='ocrx_word' id='word_1_551' title='bbox 1506 4401 1563 4456; x_wconf 91' lang='lat' dir='ltr'>in</span> <span class='ocrx_word' id='word_1_552' title='bbox 1596 4415 1730 4458; x_wconf 91' lang='lat' dir='ltr'>con-</span> 
     </span>
    </p>
   </div>
   <div class='ocr_carea' id='block_1_76' title="bbox 79 4488 1728 4561">
    <p class='ocr_par' dir='ltr' id='par_1_76' title="bbox 79 4488 1728 4561">
     <span class='ocr_line' id='line_1_76' title="bbox 79 4488 1728 4561; baseline 0.003 -19"><span class='ocrx_word' id='word_1_553' title='bbox 79 4488 209 4545; x_wconf 85' lang='lat' dir='ltr'>ﬁnio</span> <span class='ocrx_word' id='word_1_554' title='bbox 236 4491 402 4561; x_wconf 89' lang='lat' dir='ltr'>regni</span> <span class='ocrx_word' id='word_1_555' title='bbox 429 4489 885 4560; x_wconf 88' lang='lat' dir='ltr'>Bocmie;——qui</span> <span class='ocrx_word' id='word_1_556' title='bbox 910 4489 1069 4546; x_wconf 83' lang='lat' dir='ltr'>vices</span> <span class='ocrx_word' id='word_1_557' title='bbox 1093 4503 1231 4545; x_wconf 90' lang='lat' dir='ltr'>suas</span> <span class='ocrx_word' id='word_1_558' title='bbox 1251 4496 1310 4545; x_wconf 93' lang='lat' dir='ltr'>et</span> <span class='ocrx_word' id='word_1_559' title='bbox 1333 4489 1728 4547; x_wconf 90' lang='lat' dir='ltr'>auctenticum</span> 
     </span>
    </p>
   </div>
   <div class='ocr_carea' id='block_1_77' title="bbox 79 4577 1729 4654">
    <p class='ocr_par' dir='ltr' id='par_1_77' title="bbox 79 4577 1729 4654">
     <span class='ocr_line' id='line_1_77' title="bbox 79 4577 1729 4654; baseline 0.003 -24"><span class='ocrx_word' id='word_1_560' title='bbox 79 4577 291 4635; x_wconf 88' lang='lat' dir='ltr'>domini</span> <span class='ocrx_word' id='word_1_561' title='bbox 324 4594 480 4654; x_wconf 88' lang='lat' dir='ltr'>pape</span> <span class='ocrx_word' id='word_1_562' title='bbox 516 4578 779 4651; x_wconf 91' lang='lat' dir='ltr'>predicto</span> <span class='ocrx_word' id='word_1_563' title='bbox 819 4578 1098 4648; x_wconf 89' lang='lat' dir='ltr'>magistro</span> <span class='ocrx_word' id='word_1_564' title='bbox 1153 4578 1416 4634; x_wconf 90' lang='lat' dir='ltr'>Cunrade</span> <span class='ocrx_word' id='word_1_565' title='bbox 1449 4578 1505 4634; x_wconf 91' lang='lat' dir='ltr'>in</span> <span class='ocrx_word' id='word_1_566' title='bbox 1538 4579 1729 4651; x_wconf 88' lang='lat' dir='ltr'>predi-</span> 
     </span>
    </p>
   </div>
   <div class='ocr_carea' id='block_1_78' title="bbox 75 4665 1729 4738">
    <p class='ocr_par' dir='ltr' id='par_1_78' title="bbox 75 4665 1729 4738">
     <span class='ocr_line' id='line_1_78' title="bbox 75 4665 1729 4738; baseline 0.001 -15"><span class='ocrx_word' id='word_1_567' title='bbox 75 4670 254 4725; x_wconf 90' lang='lat' dir='ltr'>canda</span> <span class='ocrx_word' id='word_1_568' title='bbox 279 4685 463 4726; x_wconf 90' lang='lat' dir='ltr'>cruce</span> <span class='ocrx_word' id='word_1_569' title='bbox 489 4667 777 4725; x_wconf 89' lang='lat' dir='ltr'>commisit</span> <span class='ocrx_word' id='word_1_570' title='bbox 799 4672 856 4724; x_wconf 92' lang='lat' dir='ltr'>et</span> <span class='ocrx_word' id='word_1_571' title='bbox 881 4665 1098 4723; x_wconf 90' lang='lat' dir='ltr'>litteris</span> <span class='ocrx_word' id='word_1_572' title='bbox 1121 4667 1241 4722; x_wconf 88' lang='lat' dir='ltr'>suis</span> <span class='ocrx_word' id='word_1_573' title='bbox 1271 4670 1330 4722; x_wconf 92' lang='lat' dir='ltr'>et</span> <span class='ocrx_word' id='word_1_574' title='bbox 1354 4667 1563 4738; x_wconf 82' lang='lat' dir='ltr'>sygillo</span> <span class='ocrx_word' id='word_1_575' title='bbox 1594 4684 1729 4726; x_wconf 89' lang='lat' dir='ltr'>con-</span> 
     </span>
    </p>
   </div>
   <div class='ocr_carea' id='block_1_79' title="bbox 74 4755 1728 4826">
    <p class='ocr_par' dir='ltr' id='par_1_79' title="bbox 74 4755 1728 4826">
     <span class='ocr_line' id='line_1_79' title="bbox 74 4755 1728 4826; baseline 0.002 -15"><span class='ocrx_word' id='word_1_576' title='bbox 74 4755 344 4816; x_wconf 81' lang='lat' dir='ltr'>ﬁrmavit.</span> <span class='ocrx_word' id='word_1_577' title='bbox 384 4758 672 4817; x_wconf 88' lang='lat' dir='ltr'>Veniente</span> <span class='ocrx_word' id='word_1_578' title='bbox 700 4762 892 4814; x_wconf 90' lang='lat' dir='ltr'>autem</span> <span class='ocrx_word' id='word_1_579' title='bbox 920 4755 1036 4826; x_wconf 84' lang='lat' dir='ltr'>jam</span> <span class='ocrx_word' id='word_1_580' title='bbox 1069 4756 1227 4812; x_wconf 90' lang='lat' dir='ltr'>dicto</span> <span class='ocrx_word' id='word_1_581' title='bbox 1260 4757 1528 4814; x_wconf 89' lang='lat' dir='ltr'>Cunrade</span> <span class='ocrx_word' id='word_1_582' title='bbox 1568 4758 1623 4815; x_wconf 91' lang='lat' dir='ltr'>in</span> <span class='ocrx_word' id='word_1_583' title='bbox 1650 4760 1728 4816; x_wconf 84' lang='lat' dir='ltr'>ei-</span> 
     </span>
    </p>
   </div>
   <div class='ocr_carea' id='block_1_80' title="bbox 67 4844 1729 4920">
    <p class='ocr_par' dir='ltr' id='par_1_80' title="bbox 67 4844 1729 4920">
     <span class='ocr_line' id='line_1_80' title="bbox 67 4844 1729 4920; baseline 0.001 -16"><span class='ocrx_word' id='word_1_584' title='bbox 67 4845 310 4904; x_wconf 80' lang='lat' dir='ltr'>vitatem</span> <span class='ocrx_word' id='word_1_585' title='bbox 337 4863 457 4920; x_wconf 91' lang='lat' dir='ltr'>que</span> <span class='ocrx_word' id='word_1_586' title='bbox 482 4847 728 4903; x_wconf 91' lang='lat' dir='ltr'>Cubitus</span> <span class='ocrx_word' id='word_1_587' title='bbox 753 4846 901 4918; x_wconf 90' lang='lat' dir='ltr'>(6l8)</span> <span class='ocrx_word' id='word_1_588' title='bbox 935 4844 1151 4902; x_wconf 88' lang='lat' dir='ltr'>dicitur</span> <span class='ocrx_word' id='word_1_589' title='bbox 1170 4847 1482 4916; x_wconf 87' lang='lat' dir='ltr'>Progensis</span> <span class='ocrx_word' id='word_1_590' title='bbox 1504 4847 1729 4919; x_wconf 88' lang='lat' dir='ltr'>episco-</span> 
     </span>
    </p>
   </div>
   <div class='ocr_carea' id='block_1_81' title="bbox 71 4935 1730 5010">
    <p class='ocr_par' dir='ltr' id='par_1_81' title="bbox 71 4935 1730 5010">
     <span class='ocr_line' id='line_1_81' title="bbox 71 4935 1730 5010; baseline 0.001 -16"><span class='ocrx_word' id='word_1_591' title='bbox 71 4943 244 5008; x_wconf 89' lang='lat' dir='ltr'>patus</span> <span class='ocrx_word' id='word_1_592' title='bbox 275 4941 653 5010; x_wconf 89' lang='lat' dir='ltr'>spectantem</span> <span class='ocrx_word' id='word_1_593' title='bbox 687 4935 758 4992; x_wconf 92' lang='lat' dir='ltr'>ad</span> <span class='ocrx_word' id='word_1_594' title='bbox 788 4948 1077 4992; x_wconf 90' lang='lat' dir='ltr'>cameram</span> <span class='ocrx_word' id='word_1_595' title='bbox 1096 4936 1254 5005; x_wconf 88' lang='lat' dir='ltr'>regis</span> <span class='ocrx_word' id='word_1_596' title='bbox 1287 4937 1518 4994; x_wconf 89' lang='lat' dir='ltr'>Boemie</span> <span class='ocrx_word' id='word_1_597' title='bbox 1547 4936 1640 4970; x_wconf 84' lang='grc'>⁴⁰³⁰</span> <span class='ocrx_word' id='word_1_598' title='bbox 1668 4943 1730 4996; x_wconf 89' lang='lat' dir='ltr'>et</span> 
     </span>
    </p>
   </div>
   <div class='ocr_carea' id='block_1_82' title="bbox 67 5032 1730 5108">
    <p class='ocr_par' dir='ltr' id='par_1_82' title="bbox 67 5032 1730 5108">
     <span class='ocr_line' id='line_1_82' title="bbox 67 5032 1730 5108; baseline 0.001 -17"><span class='ocrx_word' id='word_1_599' title='bbox 67 5051 306 5094; x_wconf 92' lang='lat' dir='ltr'>crucem</span> <span class='ocrx_word' id='word_1_600' title='bbox 333 5035 707 5108; x_wconf 86' lang='lat' dir='ltr'>predicante,</span> <span class='ocrx_word' id='word_1_601' title='bbox 744 5036 831 5090; x_wconf 89' lang='lat' dir='ltr'>tot</span> <span class='ocrx_word' id='word_1_602' title='bbox 863 5032 1019 5089; x_wconf 90' lang='lat' dir='ltr'>milia</span> <span class='ocrx_word' id='word_1_603' title='bbox 1053 5032 1300 5090; x_wconf 90' lang='lat' dir='ltr'>militum</span> <span class='ocrx_word' id='word_1_604' title='bbox 1324 5040 1383 5090; x_wconf 92' lang='lat' dir='ltr'>et</span> <span class='ocrx_word' id='word_1_605' title='bbox 1406 5034 1730 5093; x_wconf 89' lang='lat' dir='ltr'>multitudi-</span> 
     </span>
    </p>
   </div>
   <div class='ocr_carea' id='block_1_83' title="bbox 68 5124 1729 5199">
    <p class='ocr_par' dir='ltr' id='par_1_83' title="bbox 68 5124 1729 5199">
     <span class='ocr_line' id='line_1_83' title="bbox 68 5124 1729 5199; baseline 0.002 -19"><span class='ocrx_word' id='word_1_606' title='bbox 68 5140 169 5182; x_wconf 88' lang='lat' dir='ltr'>nes</span> <span class='ocrx_word' id='word_1_607' title='bbox 205 5125 568 5199; x_wconf 89' lang='lat' dir='ltr'>populorum</span> <span class='ocrx_word' id='word_1_608' title='bbox 600 5124 825 5194; x_wconf 89' lang='lat' dir='ltr'>signum</span> <span class='ocrx_word' id='word_1_609' title='bbox 857 5124 1052 5180; x_wconf 90' lang='lat' dir='ltr'>crucis</span> <span class='ocrx_word' id='word_1_610' title='bbox 1084 5129 1458 5196; x_wconf 91' lang='lat' dir='ltr'>acceperunt,</span> <span class='ocrx_word' id='word_1_611' title='bbox 1485 5128 1547 5183; x_wconf 91' lang='lat' dir='ltr'>ut</span> <span class='ocrx_word' id='word_1_612' title='bbox 1577 5125 1729 5183; x_wconf 89' lang='lat' dir='ltr'>idem</span> 
     </span>
    </p>
   </div>
   <div class='ocr_carea' id='block_1_84' title="bbox 65 5213 1730 5289">
    <p class='ocr_par' dir='ltr' id='par_1_84' title="bbox 65 5213 1730 5289">
     <span class='ocr_line' id='line_1_84' title="bbox 65 5213 1730 5289; baseline 0.003 -17"><span class='ocrx_word' id='word_1_613' title='bbox 65 5230 169 5273; x_wconf 86' lang='lat' dir='ltr'>rex</span> <span class='ocrx_word' id='word_1_614' title='bbox 187 5215 459 5288; x_wconf 86' lang='lat' dir='ltr'>Boemie,</span> <span class='ocrx_word' id='word_1_615' title='bbox 486 5230 616 5275; x_wconf 88' lang='lat' dir='ltr'>cum</span> <span class='ocrx_word' id='word_1_616' title='bbox 641 5219 994 5289; x_wconf 90' lang='lat' dir='ltr'>proponeret</span> <span class='ocrx_word' id='word_1_617' title='bbox 1020 5213 1237 5272; x_wconf 91' lang='lat' dir='ltr'>bellum</span> <span class='ocrx_word' id='word_1_618' title='bbox 1261 5213 1408 5271; x_wconf 89' lang='lat' dir='ltr'>inire</span> <span class='ocrx_word' id='word_1_619' title='bbox 1429 5230 1560 5272; x_wconf 90' lang='lat' dir='ltr'>cum</span> <span class='ocrx_word' id='word_1_620' title='bbox 1584 5217 1730 5277; x_wconf 92' lang='lat' dir='ltr'>duce</span> 
     </span>
    </p>
   </div>
   <div class='ocr_carea' id='block_1_85' title="bbox 1842 3509 3482 3585">
    <p class='ocr_par' dir='ltr' id='par_1_85' title="bbox 1842 3509 3482 3585">
     <span class='ocr_line' id='line_1_85' title="bbox 1842 3509 3482 3585; baseline 0.007 -20"><span class='ocrx_word' id='word_1_621' title='bbox 1842 3509 1939 3565; x_wconf 90' lang='lat' dir='ltr'>bat</span> <span class='ocrx_word' id='word_1_622' title='bbox 1973 3516 2285 3582; x_wconf 87' lang='lat' dir='ltr'>porrectus</span> <span class='ocrx_word' id='word_1_623' title='bbox 2335 3512 2390 3567; x_wconf 89' lang='lat' dir='ltr'>in</span> <span class='ocrx_word' id='word_1_624' title='bbox 2440 3517 2619 3568; x_wconf 90' lang='lat' dir='ltr'>terra.</span> <span class='ocrx_word' id='word_1_625' title='bbox 2654 3513 2696 3568; x_wconf 93' lang='grc' dir='ltr'>Ο</span> <span class='ocrx_word' id='word_1_626' title='bbox 2728 3515 3128 3585; x_wconf 82' lang='lat' dir='ltr'>Spectaculum</span> <span class='ocrx_word' id='word_1_627' title='bbox 3161 3519 3442 3576; x_wconf 80' lang='lat' dir='ltr'>nefarium</span> <span class='ocrx_word' id='word_1_628' title='bbox 3470 3523 3482 3576; x_wconf 80' lang='grc' dir='ltr'><strong>ι</strong></span> 
     </span>
    </p>
   </div>
   <div class='ocr_carea' id='block_1_86' title="bbox 1841 3598 3488 3670">
    <p class='ocr_par' dir='ltr' id='par_1_86' title="bbox 1841 3598 3488 3670">
     <span class='ocr_line' id='line_1_86' title="bbox 1841 3598 3488 3670; baseline 0.005 -15"><span class='ocrx_word' id='word_1_629' title='bbox 1841 3598 2170 3670; x_wconf 89' lang='lat' dir='ltr'>oiniquitas</span> <span class='ocrx_word' id='word_1_630' title='bbox 2193 3615 2302 3670; x_wconf 88' lang='lat' dir='ltr'>que</span> <span class='ocrx_word' id='word_1_631' title='bbox 2339 3601 2642 3670; x_wconf 85' lang='lat' dir='ltr'>egreditur</span> <span class='ocrx_word' id='word_1_632' title='bbox 2673 3615 2702 3656; x_wconf 89' lang='lat' dir='ltr'>a</span> <span class='ocrx_word' id='word_1_633' title='bbox 2726 3602 2872 3658; x_wconf 84' lang='lat' dir='ltr'>facie</span> <span class='ocrx_word' id='word_1_634' title='bbox 2910 3607 3095 3660; x_wconf 88' lang='lat' dir='ltr'>terre!</span> <span class='ocrx_word' id='word_1_635' title='bbox 3118 3606 3267 3662; x_wconf 86' lang='lat' dir='ltr'>Fons</span> <span class='ocrx_word' id='word_1_636' title='bbox 3293 3610 3488 3664; x_wconf 86' lang='lat' dir='ltr'>turba-</span> 
     </span>
    </p>
   </div>
   <div class='ocr_carea' id='block_1_87' title="bbox 1839 3687 3485 3763">
    <p class='ocr_par' dir='ltr' id='par_1_87' title="bbox 1839 3687 3485 3763">
     <span class='ocr_line' id='line_1_87' title="bbox 1839 3687 3485 3763; baseline 0.006 -21"><span class='ocrx_word' id='word_1_637' title='bbox 1839 3690 1938 3743; x_wconf 91' lang='lat' dir='ltr'>tus</span> <span class='ocrx_word' id='word_1_638' title='bbox 1960 3689 2125 3758; x_wconf 91' lang='lat' dir='ltr'>pede,</span> <span class='ocrx_word' id='word_1_639' title='bbox 2147 3689 2344 3759; x_wconf 85' lang='lat' dir='ltr'>justus</span> <span class='ocrx_word' id='word_1_640' title='bbox 2368 3687 2582 3744; x_wconf 89' lang='lat' dir='ltr'>cadens</span> <span class='ocrx_word' id='word_1_641' title='bbox 2605 3695 2737 3744; x_wconf 90' lang='lat' dir='ltr'>ante</span> <span class='ocrx_word' id='word_1_642' title='bbox 2763 3690 2964 3746; x_wconf 83' lang='lat' dir='ltr'>faciem</span> <span class='ocrx_word' id='word_1_643' title='bbox 2985 3696 3331 3763; x_wconf 77' lang='lat' dir='ltr'>peccatoris.</span> <span class='ocrx_word' id='word_1_644' title='bbox 3362 3699 3485 3753; x_wconf 86' lang='lat' dir='ltr'>Stat</span> 
     </span>
    </p>
   </div>
   <div class='ocr_carea' id='block_1_88' title="bbox 1840 3775 3488 3853">
    <p class='ocr_par' dir='ltr' id='par_1_88' title="bbox 1840 3775 3488 3853">
     <span class='ocr_line' id='line_1_88' title="bbox 1840 3775 3488 3853; baseline 0.007 -22"><span class='ocrx_word' id='word_1_645' title='bbox 1840 3775 2052 3846; x_wconf 89' lang='lat' dir='ltr'>inpius,</span> <span class='ocrx_word' id='word_1_646' title='bbox 2073 3777 2474 3847; x_wconf 87' lang='lat' dir='ltr'>jacetjustus;</span> <span class='ocrx_word' id='word_1_647' title='bbox 2497 3781 2556 3831; x_wconf 91' lang='lat' dir='ltr'>et</span> <span class='ocrx_word' id='word_1_648' title='bbox 2583 3782 2643 3832; x_wconf 95' lang='lat' dir='ltr'>ut</span> <span class='ocrx_word' id='word_1_649' title='bbox 2675 3779 3003 3848; x_wconf 87' lang='lat' dir='ltr'>caputjusti</span> <span class='ocrx_word' id='word_1_650' title='bbox 3030 3787 3312 3853; x_wconf 88' lang='lat' dir='ltr'>amputet,</span> <span class='ocrx_word' id='word_1_651' title='bbox 3333 3786 3488 3842; x_wconf 83' lang='lat' dir='ltr'>ferus</span> 
     </span>
    </p>
   </div>
   <div class='ocr_carea' id='block_1_89' title="bbox 1839 3862 3480 3940">
    <p class='ocr_par' dir='ltr' id='par_1_89' title="bbox 1839 3862 3480 3940">
     <span class='ocr_line' id='line_1_89' title="bbox 1839 3862 3480 3940; baseline 0.008 -24"><span class='ocrx_word' id='word_1_652' title='bbox 1839 3862 2958 3936; x_wconf 86' lang='lat' dir='ltr'>gladiatoradest.Prostratusitaqueet</span> <span class='ocrx_word' id='word_1_653' title='bbox 2977 3870 3143 3923; x_wconf 92' lang='lat' dir='ltr'>morti</span> <span class='ocrx_word' id='word_1_654' title='bbox 3161 3871 3480 3940; x_wconf 86' lang='lat' dir='ltr'>proximus.</span> 
     </span>
    </p>
   </div>
   <div class='ocr_carea' id='block_1_90' title="bbox 1839 3953 3479 4031">
    <p class='ocr_par' dir='ltr' id='par_1_90' title="bbox 1839 3953 3479 4031">
     <span class='ocr_line' id='line_1_90' title="bbox 1839 3953 3479 4031; baseline 0.005 -23"><span class='ocrx_word' id='word_1_655' title='bbox 1839 3955 1965 4008; x_wconf 92' lang='lat' dir='ltr'>orat</span> <span class='ocrx_word' id='word_1_656' title='bbox 1997 3957 2053 4007; x_wconf 90' lang='lat' dir='ltr'>et</span> <span class='ocrx_word' id='word_1_657' title='bbox 2089 3959 2385 4024; x_wconf 74' lang='lat' dir='ltr'>precatur,</span> <span class='ocrx_word' id='word_1_658' title='bbox 2422 3958 2482 4008; x_wconf 91' lang='lat' dir='ltr'>ut</span> <span class='ocrx_word' id='word_1_659' title='bbox 2512 3953 2806 4009; x_wconf 88' lang='lat' dir='ltr'>tantillum</span> <span class='ocrx_word' id='word_1_660' title='bbox 2840 3955 2892 4009; x_wconf 92' lang='lat' dir='ltr'>ei</span> <span class='ocrx_word' id='word_1_661' title='bbox 2926 3956 3168 4013; x_wconf 91' lang='lat' dir='ltr'>daretur</span> <span class='ocrx_word' id='word_1_662' title='bbox 3196 3961 3479 4031; x_wconf 89' lang='lat' dir='ltr'>spacium,</span> 
     </span>
    </p>
   </div>
   <div class='ocr_carea' id='block_1_91' title="bbox 1842 4042 3484 4115">
    <p class='ocr_par' dir='ltr' id='par_1_91' title="bbox 1842 4042 3484 4115">
     <span class='ocr_line' id='line_1_91' title="bbox 1842 4042 3484 4115; baseline 0.005 -18"><span class='ocrx_word' id='word_1_663' title='bbox 1842 4056 1955 4113; x_wconf 90' lang='lat' dir='ltr'>quo</span> <span class='ocrx_word' id='word_1_664' title='bbox 1976 4042 2401 4098; x_wconf 80' lang='lat' dir='ltr'>confessionem</span> <span class='ocrx_word' id='word_1_665' title='bbox 2434 4042 2623 4098; x_wconf 84' lang='lat' dir='ltr'>facere</span> <span class='ocrx_word' id='word_1_666' title='bbox 2648 4049 2707 4098; x_wconf 89' lang='lat' dir='ltr'>et</span> <span class='ocrx_word' id='word_1_667' title='bbox 2756 4059 2969 4115; x_wconf 87' lang='lat' dir='ltr'>corpus</span> <span class='ocrx_word' id='word_1_668' title='bbox 2998 4046 3218 4102; x_wconf 88' lang='lat' dir='ltr'>Domini</span> <span class='ocrx_word' id='word_1_669' title='bbox 3253 4063 3484 4106; x_wconf 90' lang='lat' dir='ltr'>sumere</span> 
     </span>
    </p>
   </div>
   <div class='ocr_carea' id='block_1_92' title="bbox 1840 4131 3483 4208">
    <p class='ocr_par' dir='ltr' id='par_1_92' title="bbox 1840 4131 3483 4208">
     <span class='ocr_line' id='line_1_92' title="bbox 1840 4131 3483 4208; baseline 0.005 -23"><span class='ocrx_word' id='word_1_670' title='bbox 1840 4135 2065 4201; x_wconf 89' lang='lat' dir='ltr'>posset.</span> <span class='ocrx_word' id='word_1_671' title='bbox 2090 4132 2230 4187; x_wconf 90' lang='lat' dir='ltr'>Dum</span> <span class='ocrx_word' id='word_1_672' title='bbox 2254 4131 2352 4186; x_wconf 91' lang='lat' dir='ltr'>ille</span> <span class='ocrx_word' id='word_1_673' title='bbox 2386 4147 2594 4202; x_wconf 91' lang='lat' dir='ltr'>preces</span> <span class='ocrx_word' id='word_1_674' title='bbox 2618 4131 2907 4202; x_wconf 82' lang='lat' dir='ltr'>funderet,</span> <span class='ocrx_word' id='word_1_675' title='bbox 2933 4139 2991 4188; x_wconf 94' lang='lat' dir='ltr'>et</span> <span class='ocrx_word' id='word_1_676' title='bbox 3015 4135 3222 4192; x_wconf 90' lang='lat' dir='ltr'>timore</span> <span class='ocrx_word' id='word_1_677' title='bbox 3242 4138 3394 4208; x_wconf 74' lang='lat' dir='ltr'>regis</span> <span class='ocrx_word' id='word_1_678' title='bbox 3416 4170 3483 4178; x_wconf 92' lang='lat'><strong>—</strong></span> 
     </span>
    </p>
   </div>
   <div class='ocr_carea' id='block_1_93' title="bbox 1840 4221 3485 4290">
    <p class='ocr_par' dir='ltr' id='par_1_93' title="bbox 1840 4221 3485 4290">
     <span class='ocr_line' id='line_1_93' title="bbox 1840 4221 3485 4290; baseline 0.004 -12"><span class='ocrx_word' id='word_1_679' title='bbox 1840 4236 2029 4278; x_wconf 90' lang='lat' dir='ltr'>sermo</span> <span class='ocrx_word' id='word_1_680' title='bbox 2059 4221 2210 4277; x_wconf 92' lang='lat' dir='ltr'>enim</span> <span class='ocrx_word' id='word_1_681' title='bbox 2256 4222 2413 4290; x_wconf 88' lang='lat' dir='ltr'>regis</span> <span class='ocrx_word' id='word_1_682' title='bbox 2465 4221 2709 4290; x_wconf 84' lang='lat' dir='ltr'>urgebat</span> <span class='ocrx_word' id='word_1_683' title='bbox 2738 4254 2807 4262; x_wconf 94' lang='lat'>—</span> <span class='ocrx_word' id='word_1_684' title='bbox 2839 4236 3007 4280; x_wconf 93' lang='lat' dir='ltr'>nemo</span> <span class='ocrx_word' id='word_1_685' title='bbox 3035 4222 3118 4279; x_wconf 91' lang='lat' dir='ltr'>illi</span> <span class='ocrx_word' id='word_1_686' title='bbox 3173 4227 3485 4286; x_wconf 86' lang='lat' dir='ltr'>subvenire</span> 
     </span>
    </p>
   </div>
   <div class='ocr_carea' id='block_1_94' title="bbox 1839 4310 3485 4389">
    <p class='ocr_par' dir='ltr' id='par_1_94' title="bbox 1839 4310 3485 4389">
     <span class='ocr_line' id='line_1_94' title="bbox 1839 4310 3485 4389; baseline 0.005 -23"><span class='ocrx_word' id='word_1_687' title='bbox 1839 4315 2206 4383; x_wconf 92' lang='lat' dir='ltr'>presumeret</span> <span class='ocrx_word' id='word_1_688' title='bbox 2233 4330 2244 4364; x_wconf 92' lang='lat'>:</span> <span class='ocrx_word' id='word_1_689' title='bbox 2270 4325 2406 4366; x_wconf 92' lang='lat' dir='ltr'>ecce</span> <span class='ocrx_word' id='word_1_690' title='bbox 2429 4310 2544 4365; x_wconf 80' lang='lat' dir='ltr'>illia</span> <span class='ocrx_word' id='word_1_691' title='bbox 2571 4311 2753 4382; x_wconf 93' lang='lat' dir='ltr'>ipsius</span> <span class='ocrx_word' id='word_1_692' title='bbox 2773 4312 2945 4382; x_wconf 89' lang='lat' dir='ltr'>regis,</span> <span class='ocrx_word' id='word_1_693' title='bbox 2975 4314 3200 4386; x_wconf 90' lang='lat' dir='ltr'>irrupta</span> <span class='ocrx_word' id='word_1_694' title='bbox 3231 4317 3485 4389; x_wconf 88' lang='lat' dir='ltr'>undique</span> 
     </span>
    </p>
   </div>
   <div class='ocr_carea' id='block_1_95' title="bbox 1839 4399 3485 4476">
    <p class='ocr_par' dir='ltr' id='par_1_95' title="bbox 1839 4399 3485 4476">
     <span class='ocr_line' id='line_1_95' title="bbox 1839 4399 3485 4476; baseline 0.004 -20"><span class='ocrx_word' id='word_1_695' title='bbox 1839 4399 2349 4456; x_wconf 88' lang='lat' dir='ltr'>circumstancium</span> <span class='ocrx_word' id='word_1_696' title='bbox 2384 4399 2778 4472; x_wconf 89' lang='lat' dir='ltr'>multitudine,</span> <span class='ocrx_word' id='word_1_697' title='bbox 2820 4401 3039 4460; x_wconf 90' lang='lat' dir='ltr'>nudato</span> <span class='ocrx_word' id='word_1_698' title='bbox 3089 4405 3282 4476; x_wconf 87' lang='lat' dir='ltr'>capite</span> <span class='ocrx_word' id='word_1_699' title='bbox 3314 4405 3485 4463; x_wconf 88' lang='lat' dir='ltr'>adve-</span> 
     </span>
    </p>
   </div>
   <div class='ocr_carea' id='block_1_96' title="bbox 1839 4488 3488 4562">
    <p class='ocr_par' dir='ltr' id='par_1_96' title="bbox 1839 4488 3488 4562">
     <span class='ocr_line' id='line_1_96' title="bbox 1839 4488 3488 4562; baseline 0.005 -18"><span class='ocrx_word' id='word_1_700' title='bbox 1839 4489 1946 4560; x_wconf 90' lang='lat' dir='ltr'>nit,</span> <span class='ocrx_word' id='word_1_701' title='bbox 1981 4488 2182 4545; x_wconf 93' lang='lat' dir='ltr'>dolens</span> <span class='ocrx_word' id='word_1_702' title='bbox 2210 4492 2269 4544; x_wconf 91' lang='lat' dir='ltr'>et</span> <span class='ocrx_word' id='word_1_703' title='bbox 2302 4489 2444 4545; x_wconf 82' lang='lat' dir='ltr'>[lens</span> <span class='ocrx_word' id='word_1_704' title='bbox 2476 4503 2650 4559; x_wconf 92' lang='lat' dir='ltr'>super</span> <span class='ocrx_word' id='word_1_705' title='bbox 2678 4490 2957 4562; x_wconf 89' lang='lat' dir='ltr'>inpietate</span> <span class='ocrx_word' id='word_1_706' title='bbox 2982 4493 3186 4562; x_wconf 90' lang='lat' dir='ltr'>patris.</span> <span class='ocrx_word' id='word_1_707' title='bbox 3221 4495 3488 4553; x_wconf 87' lang='lat' dir='ltr'>Prostra-</span> 
     </span>
    </p>
   </div>
   <div class='ocr_carea' id='block_1_97' title="bbox 1839 4575 3484 4649">
    <p class='ocr_par' dir='ltr' id='par_1_97' title="bbox 1839 4575 3484 4649">
     <span class='ocr_line' id='line_1_97' title="bbox 1839 4575 3484 4649; baseline 0.005 -19"><span class='ocrx_word' id='word_1_708' title='bbox 1839 4580 1961 4632; x_wconf 90' lang='lat' dir='ltr'>tum</span> <span class='ocrx_word' id='word_1_709' title='bbox 1978 4575 2212 4646; x_wconf 90' lang='lat' dir='ltr'>levavit,</span> <span class='ocrx_word' id='word_1_710' title='bbox 2235 4580 2294 4631; x_wconf 88' lang='lat' dir='ltr'>et</span> <span class='ocrx_word' id='word_1_711' title='bbox 2309 4576 2361 4631; x_wconf 94' lang='lat' dir='ltr'>in</span> <span class='ocrx_word' id='word_1_712' title='bbox 2375 4576 2678 4647; x_wconf 89' lang='lat' dir='ltr'>capellam,</span> <span class='ocrx_word' id='word_1_713' title='bbox 2703 4591 2814 4648; x_wconf 92' lang='lat' dir='ltr'>que</span> <span class='ocrx_word' id='word_1_714' title='bbox 2828 4579 3087 4648; x_wconf 87' lang='lat' dir='ltr'>proxima</span> <span class='ocrx_word' id='word_1_715' title='bbox 3120 4585 3266 4649; x_wconf 86' lang='lat' dir='ltr'>erat,</span> <span class='ocrx_word' id='word_1_716' title='bbox 3286 4596 3484 4638; x_wconf 91' lang='lat' dir='ltr'>secum</span> 
     </span>
    </p>
   </div>
   <div class='ocr_carea' id='block_1_98' title="bbox 1840 4664 3486 4740">
    <p class='ocr_par' dir='ltr' id='par_1_98' title="bbox 1840 4664 3486 4740">
     <span class='ocr_line' id='line_1_98' title="bbox 1840 4664 3486 4740; baseline 0.005 -19"><span class='ocrx_word' id='word_1_717' title='bbox 1840 4664 2104 4735; x_wconf 90' lang='lat' dir='ltr'>adduxit,</span> <span class='ocrx_word' id='word_1_718' title='bbox 2140 4671 2198 4722; x_wconf 92' lang='lat' dir='ltr'>et</span> <span class='ocrx_word' id='word_1_719' title='bbox 2229 4668 2600 4721; x_wconf 86' lang='lat' dir='ltr'>confessores</span> <span class='ocrx_word' id='word_1_720' title='bbox 2631 4666 2682 4720; x_wconf 92' lang='lat' dir='ltr'>ei</span> <span class='ocrx_word' id='word_1_721' title='bbox 2718 4667 2808 4736; x_wconf 92' lang='lat' dir='ltr'>pie</span> <span class='ocrx_word' id='word_1_722' title='bbox 2840 4667 3126 4736; x_wconf 91' lang='lat' dir='ltr'>providit.</span> <span class='ocrx_word' id='word_1_723' title='bbox 3166 4669 3486 4740; x_wconf 81' lang='lat' dir='ltr'>Respirans</span> 
     </span>
    </p>
   </div>
   <div class='ocr_carea' id='block_1_99' title="bbox 1842 4753 3484 4829">
    <p class='ocr_par' dir='ltr' id='par_1_99' title="bbox 1842 4753 3484 4829">
     <span class='ocr_line' id='line_1_99' title="bbox 1842 4753 3484 4829; baseline 0.003 -19"><span class='ocrx_word' id='word_1_724' title='bbox 1842 4753 2263 4826; x_wconf 88' lang='lat' dir='ltr'>aliquantulum</span> <span class='ocrx_word' id='word_1_725' title='bbox 2288 4755 2649 4824; x_wconf 88' lang='lat' dir='ltr'>Cuonradus,</span> <span class='ocrx_word' id='word_1_726' title='bbox 2668 4755 3239 4812; x_wconf 83' lang='lat' dir='ltr'>anteeonfessionem</span> <span class='ocrx_word' id='word_1_727' title='bbox 3257 4762 3484 4829; x_wconf 85' lang='lat' dir='ltr'>rogavit</span> 
     </span>
    </p>
   </div>
   <div class='ocr_carea' id='block_1_100' title="bbox 1841 4841 3481 4916">
    <p class='ocr_par' dir='ltr' id='par_1_100' title="bbox 1841 4841 3481 4916">
     <span class='ocr_line' id='line_1_100' title="bbox 1841 4841 3481 4916; baseline 0.003 -16"><span class='ocrx_word' id='word_1_728' title='bbox 1841 4843 2182 4900; x_wconf 88' lang='lat' dir='ltr'>sacerdotes</span> <span class='ocrx_word' id='word_1_729' title='bbox 2206 4847 2493 4913; x_wconf 90' lang='lat' dir='ltr'>quatenus</span> <span class='ocrx_word' id='word_1_730' title='bbox 2518 4843 2744 4897; x_wconf 91' lang='lat' dir='ltr'>nomina</span> <span class='ocrx_word' id='word_1_731' title='bbox 2761 4841 3064 4899; x_wconf 89' lang='lat' dir='ltr'>duodecim</span> <span class='ocrx_word' id='word_1_732' title='bbox 3082 4847 3481 4916; x_wconf 90' lang='lat' dir='ltr'>apostolorum</span> 
     </span>
    </p>
   </div>
   <div class='ocr_carea' id='block_1_101' title="bbox 1841 4948 3487 5028">
    <p class='ocr_par' dir='ltr' id='par_1_101' title="bbox 1841 4948 3487 5028">
     <span class='ocr_line' id='line_1_101' title="bbox 1841 4948 3487 5028; baseline 0.004 -20"><span class='ocrx_word' id='word_1_733' title='bbox 1841 4951 2188 5022; x_wconf 90' lang='lat' dir='ltr'>scriberent,</span> <span class='ocrx_word' id='word_1_734' title='bbox 2239 4955 2296 5005; x_wconf 93' lang='lat' dir='ltr'>et</span> <span class='ocrx_word' id='word_1_735' title='bbox 2322 4948 2567 5018; x_wconf 88' lang='lat' dir='ltr'>singulis</span> <span class='ocrx_word' id='word_1_736' title='bbox 2588 4949 2777 5006; x_wconf 91' lang='lat' dir='ltr'>cereis</span> <span class='ocrx_word' id='word_1_737' title='bbox 2801 4949 3023 5019; x_wconf 86' lang='lat' dir='ltr'>singula</span> <span class='ocrx_word' id='word_1_738' title='bbox 3049 4953 3278 5009; x_wconf 90' lang='lat' dir='ltr'>nomina</span> <span class='ocrx_word' id='word_1_739' title='bbox 3309 4955 3487 5028; x_wconf 86' lang='lat' dir='ltr'>adpo-</span> 
     </span>
    </p>
   </div>
   <div class='ocr_carea' id='block_1_102' title="bbox 1840 5038 3484 5116">
    <p class='ocr_par' dir='ltr' id='par_1_102' title="bbox 1840 5038 3484 5116">
     <span class='ocr_line' id='line_1_102' title="bbox 1840 5038 3484 5116; baseline 0.004 -20"><span class='ocrx_word' id='word_1_740' title='bbox 1840 5045 2067 5110; x_wconf 89' lang='lat' dir='ltr'>nerent,</span> <span class='ocrx_word' id='word_1_741' title='bbox 2088 5043 2150 5095; x_wconf 91' lang='lat' dir='ltr'>ut</span> <span class='ocrx_word' id='word_1_742' title='bbox 2165 5039 2331 5108; x_wconf 86' lang='lat' dir='ltr'>cujus</span> <span class='ocrx_word' id='word_1_743' title='bbox 2350 5053 2555 5094; x_wconf 91' lang='lat' dir='ltr'>nomen</span> <span class='ocrx_word' id='word_1_744' title='bbox 2569 5038 2801 5096; x_wconf 89' lang='lat' dir='ltr'>volente</span> <span class='ocrx_word' id='word_1_745' title='bbox 2815 5041 2931 5096; x_wconf 91' lang='lat' dir='ltr'>Deo</span> <span class='ocrx_word' id='word_1_746' title='bbox 2946 5044 3484 5116; x_wconf 89' lang='lat' dir='ltr'>assumeret,ipsum</span> 
     </span>
    </p>
   </div>
   <div class='ocr_carea' id='block_1_103' title="bbox 1839 5128 3488 5202">
    <p class='ocr_par' dir='ltr' id='par_1_103' title="bbox 1839 5128 3488 5202">
     <span class='ocr_line' id='line_1_103' title="bbox 1839 5128 3488 5202; baseline 0.003 -14"><span class='ocrx_word' id='word_1_747' title='bbox 1839 5133 2150 5202; x_wconf 88' lang='lat' dir='ltr'>patronum</span> <span class='ocrx_word' id='word_1_748' title='bbox 2180 5133 2238 5184; x_wconf 91' lang='lat' dir='ltr'>et</span> <span class='ocrx_word' id='word_1_749' title='bbox 2269 5128 2616 5187; x_wconf 90' lang='lat' dir='ltr'>advocatum</span> <span class='ocrx_word' id='word_1_750' title='bbox 2641 5129 2697 5186; x_wconf 92' lang='lat' dir='ltr'>in</span> <span class='ocrx_word' id='word_1_751' title='bbox 2723 5135 2838 5186; x_wconf 90' lang='lat' dir='ltr'>tam</span> <span class='ocrx_word' id='word_1_752' title='bbox 2868 5131 3154 5188; x_wconf 91' lang='lat' dir='ltr'>horrende</span> <span class='ocrx_word' id='word_1_753' title='bbox 3178 5133 3385 5192; x_wconf 90' lang='lat' dir='ltr'>mortis</span> <span class='ocrx_word' id='word_1_754' title='bbox 3405 5136 3488 5193; x_wconf 88' lang='lat' dir='ltr'>di-</span> 
     </span>
    </p>
   </div>
   <div class='ocr_carea' id='block_1_104' title="bbox 1840 5217 3485 5293">
    <p class='ocr_par' dir='ltr' id='par_1_104' title="bbox 1840 5217 3485 5293">
     <span class='ocr_line' id='line_1_104' title="bbox 1840 5217 3485 5293; baseline 0.004 -16"><span class='ocrx_word' id='word_1_755' title='bbox 1840 5218 2110 5277; x_wconf 90' lang='lat' dir='ltr'>scrimine</span> <span class='ocrx_word' id='word_1_756' title='bbox 2125 5221 2182 5275; x_wconf 91' lang='lat' dir='ltr'>et</span> <span class='ocrx_word' id='word_1_757' title='bbox 2198 5217 2254 5274; x_wconf 90' lang='lat' dir='ltr'>in</span> <span class='ocrx_word' id='word_1_758' title='bbox 2269 5218 2465 5277; x_wconf 85' lang='lat' dir='ltr'>futuro</span> <span class='ocrx_word' id='word_1_759' title='bbox 2479 5220 2743 5280; x_wconf 86' lang='lat' dir='ltr'>examine</span> <span class='ocrx_word' id='word_1_760' title='bbox 2768 5221 3090 5293; x_wconf 89' lang='lat' dir='ltr'>propicium</span> <span class='ocrx_word' id='word_1_761' title='bbox 3105 5224 3366 5285; x_wconf 87' lang='lat' dir='ltr'>haberet.</span> <span class='ocrx_word' id='word_1_762' title='bbox 3386 5229 3485 5284; x_wconf 90' lang='lat' dir='ltr'>Fa-</span> 
     </span>
    </p>
   </div>
   <div class='ocr_carea' id='block_1_105' title="bbox 1425 5316 2101 5377">
    <p class='ocr_par' dir='ltr' id='par_1_105' title="bbox 1425 5316 2101 5377">
     <span class='ocr_line' id='line_1_105' title="bbox 1425 5316 2101 5377; baseline 0.01 -7"><span class='ocrx_word' id='word_1_763' title='bbox 1425 5316 1663 5375; x_wconf 60' lang='lat' dir='ltr'>VARIZE</span> <span class='ocrx_word' id='word_1_764' title='bbox 1693 5319 2074 5377; x_wconf 81' lang='lat' dir='ltr'>LECTIONES</span> <span class='ocrx_word' id='word_1_765' title='bbox 2087 5362 2101 5377; x_wconf 94' lang='lat'>.</span> 
     </span>
    </p>
   </div>
   <div class='ocr_carea' id='block_1_106' title="bbox 170 5412 930 5486">
    <p class='ocr_par' dir='ltr' id='par_1_106' title="bbox 170 5412 930 5486">
     <span class='ocr_line' id='line_1_106' title="bbox 170 5412 930 5486; baseline -0.005 -12"><span class='ocrx_word' id='word_1_766' title='bbox 170 5414 397 5486; x_wconf 86' lang='lat' dir='ltr'>Atrivi,</span> <span class='ocrx_word' id='word_1_767' title='bbox 435 5427 485 5470; x_wconf 75' lang='grc' dir='ltr'>ε.</span> <span class='ocrx_word' id='word_1_768' title='bbox 526 5412 621 5448; x_wconf 82' lang='grc'>⁴⁰³⁰</span> <span class='ocrx_word' id='word_1_769' title='bbox 651 5414 850 5472; x_wconf 88' lang='lat' dir='ltr'>boecie</span> <span class='ocrx_word' id='word_1_770' title='bbox 883 5426 930 5472; x_wconf 77' lang='grc' dir='ltr'>ο.</span> 
     </span>
    </p>
   </div>
   <div class='ocr_carea' id='block_1_107' title="bbox 1687 5504 1893 5566">
    <p class='ocr_par' dir='ltr' id='par_1_107' title="bbox 1687 5504 1893 5566">
     <span class='ocr_line' id='line_1_107' title="bbox 1687 5504 1893 5566; baseline -0.005 -2"><span class='ocrx_word' id='word_1_771' title='bbox 1687 5504 1893 5566; x_wconf 59' lang='lat' dir='ltr'>NOTAE</span> 
     </span>
    </p>
   </div>
   <div class='ocr_carea' id='block_1_108' title="bbox 151 5595 672 5654">
    <p class='ocr_par' dir='ltr' id='par_1_108' title="bbox 151 5595 672 5654">
     <span class='ocr_line' id='line_1_108' title="bbox 151 5595 672 5654; baseline -0.006 0"><span class='ocrx_word' id='word_1_772' title='bbox 151 5596 286 5654; x_wconf 85' lang='lat' dir='ltr'>6l6l</span> <span class='ocrx_word' id='word_1_773' title='bbox 321 5595 672 5652; x_wconf 90' lang='lat' dir='ltr'>Beaumont.</span> 
     </span>
    </p>
   </div>
   <div class='ocr_carea' id='block_1_109' title="bbox 126 5596 717 5743">
    <p class='ocr_par' dir='ltr' id='par_1_109' title="bbox 126 5596 717 5743">
     <span class='ocr_line' id='line_1_109' title="bbox 151 5596 672 5654; baseline -0.006 0"><span class='ocrx_word' id='word_1_774' title='bbox 151 5599 261 5654; x_wconf 85' lang='lat' dir='ltr'>6l6</span> <span class='ocrx_word' id='word_1_775' title='bbox 321 5596 672 5652; x_wconf 90' lang='lat' dir='ltr'>Beaumont.</span> 
     </span>
     <span class='ocr_line' id='line_1_110' title="bbox 126 5596 717 5743; baseline -0.005 -17"><span class='ocrx_word' id='word_1_776' title='bbox 126 5596 286 5743; x_wconf 54' lang='grc' dir='ltr'>ξθι-ιξ</span> <span class='ocrx_word' id='word_1_777' title='bbox 318 5662 717 5726; x_wconf 78' lang='lat' dir='ltr'>Valderbach.</span> 
     </span>
    </p>
   </div>
   <div class='ocr_carea' id='block_1_110' title="bbox 1913 5601 2370 5678">
    <p class='ocr_par' dir='ltr' id='par_1_110' title="bbox 1913 5601 2370 5678">
     <span class='ocr_line' id='line_1_111' title="bbox 1913 5601 2370 5678; baseline 0.004 -20"><span class='ocrx_word' id='word_1_778' title='bbox 1913 5602 2061 5674; x_wconf 73' lang='lat'>(618)</span> <span class='ocrx_word' id='word_1_779' title='bbox 2095 5601 2370 5678; x_wconf 83' lang='lat' dir='ltr'>Elbogen.</span> 
     </span>
    </p>
   </div>
  </div>
