3990 6328
453 354 601 423 1295

976 347 1241 421 GESTA
1268 342 1623 419 TREVER.
1660 387 1735 399 -
1765 338 2119 415 APPEND.
2154 332 2270 411 EX
2296 330 2460 412 INV'.
2496 334 2601 409 E'I‘
2639 336 2804 410 Mm.
2860 336 2928 409 s.
2979 332 3340 410 MATHI/E.

3699 342 3855 415 1296

450 524 543 574 cla
567 513 933 574 confessione
966 509 1246 581 surrexit,
1280 506 1553 577 accessit,
1586 504 1726 563 tulit
1753 509 1813 561 et
1844 502 2006 575 legit,
2033 505 2092 561 et
2123 483 2178 545 Α
2207 503 2382 573 aptus
2399 503 2456 556 et
2489 504 2806 557 strennuus
2825 504 2953 556 erat
2975 504 3034 556 et
3064 499 3137 558 ad
3159 499 3440 560 collectas
3463 500 3765 561 faciendas
3796 506 3851 561 et

450 622 653 664 nomen
690 604 898 660 Mathie
957 600 1207 673 apostoli
1237 583 1485 670 gloriosi
1520 597 1805 667 scriptum
1839 594 2085 651 invenit.

453 698 622 752 Stans
646 702 838 750 autem
858 691 1167 759 attonitus,
1193 693 1250 745 et
1276 692 1523 758 utraque
1549 700 1716 741 manu
1742 691 1945 741 tenens
1968 684 2096 739 bre-

450 784 722 852 viculam,
750 783 803 837 in
834 779 1051 851 qua‘ou
1073 792 1281 835 nomen
1326 781 1589 832 sanctum
1624 774 1809 831 sancti
1843 771 2095 845 apostoli

451 874 734 944 scriptum
766 876 913 939 erat,
940 873 1070 925 toto
1099 867 1277 924 corde
1307 869 1363 921 et
1397 866 1587 921 animo
1612 879 1675 921 se
1705 867 1890 920 totum
1924 862 2097 918 devo-

451 977 593 1019 vens
612 959 896 1031 apostolo,
933 961 1096 1026 rogat
1122 960 1181 1012 et
1206 953 1472 1026 deposcit
1494 953 1606 1008 sibi
1626 951 1895 1009 auxiliari
1918 956 1976 1007 et
2000 951 2098 1006 ad-

447 1053 702 1124 jutorem
732 1047 981 1104 celerem
1013 1047 1068 1100 in
1116 1048 1278 1100 tanta
1308 1041 1695 1098 tribulacione
1728 1040 1880 1097 ﬁeri.
1919 1040 2094 1097 Adest

454 1138 651 1197 subito
666 1134 1068 1205 benignissuni
1091 1131 1418 1201 benignitas
1444 1128 1713 1200 apostoli,
1748 1134 1804 1185 et
1827 1130 1977 1185 facta
2005 1131 2099 1184 est

454 1230 697 1298 repente
718 1228 968 1280 mutacm
984 1222 1224 1277 dextere
1247 1218 1492 1274 Excelsi.
1515 1218 1599 1272 [ra
1622 1216 1772 1272 enim
1794 1216 1969 1286 regis,
1988 1229 2099 1286 que

456 1317 641 1372 fuerat
664 1312 912 1369 nuncius
928 1305 1148 1378 mdrtis,
1167 1305 1436 1379 apostolo
1450 1309 1654 1361 sancto
1673 1304 2098 1360 interveniente

455 1411 516 1460 et
545 1405 893 1475 protegente
924 1411 1200 1454 conversa
1230 1400 1321 1451 est
1343 1395 1397 1449 in
1427 1393 1822 1460 clemenciam,
1856 1393 2017 1449 l‘uror
2040 1393 2096 1448 in

457 1488 938 1557 misericordiam,
958 1489 1279 1557 tempestas
1303 1497 1505 1552 magna
1530 1481 1586 1537 in
1608 1480 2096 1552 tranquillitatem

457 1579 782 1636 maximam.
819 1574 1134 1632 Confestim
1183 1587 1321 1642 ergo
1363 1571 1727 1627 immutatum
1758 1573 1847 1626 est
1878 1584 1980 1626 cor
2011 1584 2100 1626 re-

454 1670 562 1739 gis,
597 1672 653 1723 et
685 1680 816 1723 eum
846 1664 936 1722 sui
994 1662 1246 1735 penituit
1283 1659 1546 1717 sceleris.
1599 1658 1869 1715 Festinus
1901 1658 2097 1729 itaque

455 1763 658 1814 etcum
674 1753 892 1825 ingenti
907 1751 1161 1808 tumultu
1175 1750 1423 1806 militum
1437 1763 1500 1805 se
1522 1747 2095 1818 circumstipancium

2207 589 2544 646 oblaciones
2572 587 2936 659 colligendas
2959 589 3208 659 diligens
3227 594 3286 648 et
3308 591 3627 663 sollicitus,
3652 593 3759 651 sed
3784 593 3854 650 ad

2207 678 2543 748 dirigendas
2571 682 2631 734 et
2656 678 3141 736 transmittendas
3156 678 3497 738 oblaciones
3523 681 3695 739 beato
3718 696 3856 754 apo-

2205 764 2356 823 stolo
2388 765 2688 836 negligens
2719 772 2778 822 et
2809 766 3116 823 remissus.
3166 810 3179 823 .
3229 809 3244 824 .
3290 810 3304 824 .
3352 811 3366 824 .

2278 877 2327 928 3.
2365 875 2567 929 Comes
2607 873 2901 945 palatinus
2956 874 3242 932 Henricus
3301 876 3532 933 nomine
3565 890 3597 933 a
3622 876 3855 935 duobus

2208 962 2333 1019 suis
2358 961 2591 1018 clericis
2623 962 2830 1034 spiritu
2856 962 3106 1033 maligno
3136 964 3377 1036 repletis
3395 965 3853 1038 circumventus,

2208 1049 2279 1106 ad
2311 1050 2418 1108 hoc
2452 1050 2728 1107 inductus
2760 1056 2848 1107 est
2877 1057 2939 1107 ut
2978 1051 3173 1109 villam
3204 1054 3490 1124 quandam
3521 1053 3746 1112 Vilmar
3778 1054 3862 1112 di-

2207 1144 2360 1196 ctam
2390 1154 2569 1210 super
2600 1141 2885 1210 Logenam
2914 1141 3150 1198 ﬂuvium
3184 1142 3379 1212 sitam,
3414 1158 3585 1214 quam
3617 1144 3715 1216 pie
3745 1158 3859 1200 me-

2209 1228 2394 1285 morie
2416 1228 2699 1286 Henricus
2713 1229 3031 1301 imperator
3049 1245 3181 1288 cum
3195 1232 3467 1289 omnibus
3489 1233 3859 1305 appendiciis

2208 1317 2331 1374 suis
2363 1332 2467 1388 pro
2497 1318 2756 1374 remedio
2787 1319 2975 1374 anime
3004 1334 3107 1376 sue
3140 1321 3310 1377 beato
3348 1320 3560 1377 Mathie
3586 1320 3860 1393 apostolo

2208 1411 2266 1463 et
2288 1409 2491 1463 sancto
2514 1407 2797 1464 Euchario
2830 1407 3236 1480 sollempniter
3256 1412 3578 1466 donaverat
3602 1411 3777 1481 (620),
3804 1411 3861 1467 in

2208 1495 2632 1568 preprietatem
2664 1496 2751 1553 sui
2789 1496 2940 1567 juris
2983 1501 3301 1555 conaretur
3330 1497 3665 1555 adtrahere.
3702 1499 3859 1557 Idem

2208 1584 2359 1640 enim
2392 1584 2505 1641 duo
2537 1584 2760 1655 clerici,
2796 1588 2858 1641 ut
2893 1585 3147 1642 favorem
3180 1587 3365 1657 ipsius
3408 1587 3648 1644 comitis
3678 1589 3861 1658 magis

2209 1673 2508 1744 magisque
2531 1673 2638 1730 sibi
2668 1673 3072 1745 conciliarent,
3098 1674 3520 1745 promittebant
3538 1675 3591 1732 ei
3624 1676 3865 1749 privile-

2208 1760 2300 1832 gia
2331 1766 2388 1817 et
2420 1761 2610 1831 sigilla
2641 1761 2743 1818 tali
2776 1766 2903 1819 arte
2934 1762 3214 1833 facturos,
3259 1764 3472 1834 quibus
3502 1765 3860 1824 intuentium

456 1844 735 1913 accurrit,
781 1846 845 1899 ut
870 1841 1020 1897 idem
1049 1839 1391 1896 Cuonradus
1420 1842 1649 1893 terrore
1678 1836 1853 1891 nimio
1884 1834 2095 1892 tumul-

2212 1848 2364 1906 oculi
2396 1848 2819 1908 deluderentur
2858 1856 2919 1906 et
2972 1851 3135 1923 quasi
3167 1856 3302 1907 ante
3333 1851 3654 1911 multorum
3687 1868 3864 1912 anno-

456 1926 679 1992 tuantis
695 1931 867 1988 turbe
882 1930 1154 1986 turbatus
1170 1928 1383 1984 iterum
1398 1941 1461 1982 se
1477 1926 1547 1981 ad
1566 1929 1811 1982 mortem
1835 1925 2095 1996 pertrahi

456 2026 771 2081 metueret.
809 2019 1060 2075 Veniens
1110 2023 1304 2073 autem
1338 2030 1457 2085 rex,
1493 2015 1564 2071 ad
1598 2014 1775 2086 pedes
1833 2012 2097 2083 magistri

457 2109 745 2169 Cuonradi
779 2107 1013 2177 cecidit,
1047 2112 1105 2163 et
1139 2109 1267 2161 toto
1300 2119 1545 2175 corpore
1568 2104 1623 2158 in
1647 2103 1878 2159 modum
1900 2101 2098 2160 crucis

456 2202 514 2256 in
548 2204 763 2257 terram
788 2199 1144 2269 prostratus,
1161 2193 1585 2263 indulgenciam
1610 2192 1722 2249 sibi
1746 2191 1870 2247 dari
1895 2189 2102 2248 humil-

458 2288 592 2346 lime
622 2292 677 2343 et
713 2284 1092 2343 devotissime
1135 2280 1416 2353 expeciit.
1466 2280 1806 2337 Cuonradus
1835 2295 1975 2336 vero
2003 2278 2101 2335 ad-

459 2377 678 2432 mirans
697 2373 945 2444 gratiam
973 2371 1069 2427 Dei
1094 2376 1151 2426 et
1172 2369 1450 2426 auxilium
1474 2368 1918 2425 celeberrimum
1945 2367 2099 2424 beati

457 2463 667 2521 Mathie
714 2460 988 2534 apostoli,
1040 2461 1230 2516 factus
1261 2463 1354 2515 est
1390 2458 1556 2529 quasi
1592 2457 1646 2513 in
1679 2456 1908 2514 exthasi
1942 2457 1999 2513 in
2030 2471 2099 2515 eo

458 2553 611 2624 quod
627 2550 957 2620 contigerat
971 2548 1102 2605 sibi.
1136 2549 1347 2617 Regem
1362 2552 1722 2619 prostratum
1749 2545 1818 2601 de
1838 2550 1998 2603 terra
2024 2545 2101 2603 le-

457 2646 574 2711 vat,
608 2645 667 2696 et
699 2637 1007 2707 indulgens
1038 2636 1152 2692 sibi
1180 2635 1379 2705 vitam,
1408 2638 1630 2691 reatum
1662 2633 1922 2691 criminis
1944 2633 2100 2692 lctus

460 2729 702 2786 relaxat.
738 2726 908 2781 Venit
929 2730 987 2781 et
1009 2723 1106 2781 ille
1134 2722 1446 2795 gladiator,
1471 2722 1738 2778 notarius
1761 2721 1986 2778 scilicet
2013 2737 2102 2779 re-

458 2819 565 2889 gis,
585 2815 809 2888 pallens
827 2820 884 2870 et
910 2818 1183 2885 tremens,
1205 2816 1261 2869 et
1290 2812 1425 2869 facti
1446 2811 1532 2868 sui
1564 2810 1850 2882 penitens,
1874 2811 2099 2867 veniam

453 2907 635 2979 peciit
660 2909 720 2962 et
756 2904 1007 2975 accepit.
1050 2901 1395 2960 Cuonradus
1422 2901 1699 2957 continuo
1720 2913 1751 2955 a
1784 2914 1921 2970 rege
1943 2914 2104 2957 assu-

455 2996 652 3065 mitur,
670 2997 943 3066 presente
958 3006 1096 3063 rege
1119 2994 1179 3048 et
1193 2990 1345 3048 omni
1382 2987 1827 3046 multitudinein
1840 2988 1960 3045 alto
1984 2994 2102 3045 sta-

452 3084 660 3152 tuitur,
683 3087 740 3138 et
766 3087 830 3137 ut
861 3081 1102 3136 verbum
1135 3078 1236 3135 Dei
1269 3078 1602 3151 predicaret
1622 3092 1651 3133 a
1671 3090 1807 3147 rege
1833 3078 2094 3147 jubetur.

2211 1953 2336 1995 rum
2360 1939 2655 1995 curricula
2681 1940 2829 1996 facta
2843 1943 3074 1997 vetusta
3093 1943 3147 1997 et
3170 1940 3582 2012 antiquissima
3594 1942 3864 2001 videren-

2206 2031 2327 2083 tur.
2363 2027 2463 2083 llis
2495 2026 2646 2084 dolis
2676 2032 2734 2085 et
2787 2028 3071 2085 versuciis
3121 2027 3470 2085 clericorum
3502 2029 3737 2088 animus
3767 2047 3861 2089 co-

2211 2115 2370 2172 mitis
2400 2115 2731 2173 abstractus
2757 2120 2814 2172 et
2852 2115 3104 2187 illectus,
3140 2116 3274 2188 quia
3304 2116 3394 2174 vir
3424 2117 3643 2175 nobilis
3671 2124 3734 2176 et
3762 2129 3864 2192 ‘po-

2213 2207 2341 2259 tens
2363 2208 2489 2259 erat
2513 2217 2614 2260 nec
2628 2204 2679 2260 ei
2696 2203 2945 2260 ecclesia
2967 2204 3195 2261 resistet
3211 2217 3243 2260 e
3258 2208 3514 2277 poterat,
3532 2205 3861 2277 predictam

2211 2291 2404 2348 villam
2438 2306 2598 2348 suam
2631 2307 2764 2348 esse
2810 2292 3070 2349 dicebat.
3109 2294 3277 2348 Fama
3323 2293 3432 2351 hec
3459 2294 3533 2351 ad
3565 2308 3743 2353 aures
3771 2309 3861 2353 ec-

2211 2379 2388 2437 clesie
2416 2380 2681 2452 pervenit
2712 2386 2771 2437 et
2818 2385 3111 2453 tamquam
3160 2382 3354 2440 sonitu
3385 2383 3578 2452 magni
3609 2385 3857 2441 tonitrui

2211 2483 2413 2526 omnes
2438 2469 2593 2527 illius
2613 2469 2866 2527 ecclesie
2888 2472 3102 2528 fratres
3128 2470 3302 2529 nimio
3327 2476 3558 2529 terrore
3580 2472 3857 2545 perculit.

2213 2557 2404 2615 Abbas
2448 2563 2799 2615 conventum
2849 2559 3147 2630 ingressus
3176 2564 3234 2616 et
3282 2560 3590 2618 universos
3621 2561 3860 2620 intuens

2211 2646 2401 2704 animo
2440 2646 2609 2704 valde
2658 2652 3085 2719 consternatos,
3144 2647 3488 2706 consolatus
3544 2655 3643 2706 est
3673 2664 3779 2708 eos
3805 2652 3858 2707 in

2210 2737 2451 2794 Domino
2473 2738 2700 2795 dicens:
2733 2739 2888 2805 Quia
2895 2738 3334 2812 prepositorum
3357 2739 3637 2799 dominus
3645 2741 3860 2813 potens

2206 2825 2636 2885 .utetcamitem
2657 2827 2990 2886 adtrectare
3001 2828 3231 2886 etvobz‘s
3250 2829 3504 2901 propria
3514 2829 3854 2888 restituere.

2208 2913 2440 2973 Fidelis
2455 2915 2560 2986 est,
2587 2916 2794 2987 inquit,
2821 2917 2998 2988 Deus,
3029 2919 3138 2988 qui
3164 2930 3280 2974 non
3295 2916 3568 2988 patietur
3593 2932 3703 2977 vos
3726 2920 3864 2976 tem-

2198 3002 2372 3073 ptari
2399 3016 2584 3075 supra
2603 3003 2672 3060 id
2689 3005 2846 3077 quod
2843 3004 3118 3077 potestis,
3135 3005 3591 3079 sedfacietcum
3614 3008 3862 3080 tempta-

2210 3091 2367 3147 tione
2383 3093 2739 3163 proventum
2775 3094 2850 3150 ut
2856 3094 3112 3165 possitis
3149 3095 3463 3152 sustinere.
3499 3095 3622 3152 Hec
3652 3095 3861 3155 dicens

451 3174 629 3229 Ενῖιηι
661 3170 761 3226 ίηο
799 3169 893 3225 die
934 3167 1190 3256 ιιιιῐιάίηθ
1229 3172 1285 3222 et
1320 3166 1503 3256 ἷοξἸιπι
1558 3179 1753 3256 rerum
1781 3164 2094 3256 νθηέιίυωι
2129 3193 2178 3256 C
2208 3180 2474 3237 comitem
2502 3181 2666 3252 adiit,
2699 3190 2759 3238 et
2790 3164 3004 3239 accidit
3038 3187 3101 3238 ut
3135 3182 3606 3255 apprehenderet
3634 3197 3776 3244 eum
3807 3186 3862 3242 in

453 3275 567 3332 quo
599 3274 630 3316 e
663 3258 913 3315 diversis
945 3255 1092 3312 locis
1126 3254 1420 3312 mercandi
1452 3254 1640 3324 gratia
1669 3253 1981 3311 convenire
2009 3269 2100 3311 so-

452 3348 569 3404 lent
606 3346 952 3419 populorum
999 3343 1290 3399 examina.
1326 3344 1456 3414 Ipsa
1488 3343 1579 3399 die
1627 3343 1743 3399 Deo
1777 3341 2007 3399 favente
2038 3346 2097 3399 et

451 3451 587 3505 rege
610 3433 901 3505 gaudente
921 3432 1166 3488 maxima
1189 3431 1516 3503 principum
1543 3436 1599 3487 et
1642 3429 1891 3487 militum
1923 3435 1981 3487 et
2015 3430 2098 3487 di-

450 3538 620 3581 verse
637 3521 813 3578 etatis
825 3526 884 3577 et
897 3534 1072 3577 sexus
1097 3519 1389 3576 hominum
1409 3519 1637 3587 signata
1652 3522 1739 3576 est
1756 3517 2092 3589 multitudo,

449 3617 510 3668 et
542 3612 691 3667 facta
721 3614 813 3665 est
844 3608 1042 3664 letieia
1092 3621 1296 3678 magna
1330 3607 1387 3663 in
1420 3606 1640 3678 populo
1679 3649 1692 3662 .
1742 3649 1755 3663 .
1803 3647 1818 3662 .
1864 3648 1879 3662 .
1924 3649 1937 3663 .
1975 3609 2096 3664 Iste

449 3700 600 3756 idem
632 3696 973 3755 Cuonradus
1022 3696 1358 3767 predicator
1393 3695 1686 3752 Treverim
1736 3695 1916 3765 venit,
1949 3700 2009 3751 et
2035 3696 2092 3751 in

446 3777 697 3836 ecclesia
723 3776 909 3832 sancti
931 3775 1200 3832 Eucharii
1226 3775 1354 3846 fuit,
1371 3778 1429 3832 et
1449 3775 1505 3830 in
1529 3772 2091 3843 cimiterioejusdem

446 3866 694 3923 ecclesie
711 3863 1033 3937 predieavit
1058 3878 1253 3919 coram
1268 3863 1470 3919 tumba
1485 3862 1640 3918 beati
1668 3861 1924 3933 apostoli
1942 3880 1957 3930 ;
1974 3864 2092 3920 Deo

444 3959 505 4012 et
537 3957 711 4011 beato
762 3952 1031 4024 apostolo
1073 3951 1376 4008 liberatori
1410 3965 1518 4007 suo
1551 3951 1842 4006 inmensas
1869 3950 2092 4020 gratias

444 4043 720 4111 reddidit,
757 4046 813 4097 et
863 4041 968 4097 hec
999 4041 1187 4097 omnia
1232 4054 1344 4111 que
1395 4039 1452 4094 in
1480 4052 1549 4095 eo
1582 4039 1734 4096 facta
1762 4043 1897 4096 sunt
1927 4054 2070 4097 enar

444 4147 601 4200 rans,
636 4131 707 4186 ad
739 4129 984 4200 gloriam
1029 4129 1129 4186 Dei
1159 4132 1219 4186 et
1278 4127 1435 4183 beati
1468 4126 1720 4198 apostoli
1773 4140 1843 4183 ea
1874 4127 2093 4184 litteris

445 4219 705 4276 mandari
737 4218 983 4288 rogavit.
1021 4220 1165 4274 Acta
1198 4219 1333 4273 sunt
1358 4215 1461 4272 hec
1490 4216 1546 4272 in
1579 4215 1822 4273 civitate
1845 4229 1957 4286 que
1989 4216 2096 4272 Cu-

444 4309 603 4367 bitus
624 4305 957 4379 appellatur
981 4306 1095 4362 sita
1127 4304 1184 4360 in
1215 4304 1559 4376 episcopatu
1590 4305 1873 4375 Pragensi
1914 4304 2094 4361 adho-

441 4412 640 4455 norem
692 4394 933 4465 gloriosi
982 4392 1232 4466 apostoli
1263 4397 1324 4449 et
1351 4391 1599 4462 gloriam
1656 4390 1877 4449 domini
1906 4397 2095 4465 nostri

440 4488 616 4545 .lhesu
642 4485 880 4543 Christi.

509 4618 560 4669 2.
595 4612 653 4668 In
684 4609 1027 4683 epis00patu
1061 4604 1318 4678 Spirensi
1350 4608 1443 4663 est
1474 4603 1687 4662 civitas
1718 4603 1965 4676 quedam
1997 4604 2096 4662 do-

439 4702 578 4759 mini
613 4699 788 4770 regis,
824 4710 935 4769 que
968 4697 1218 4753 vocatur
1249 4693 1583 4764 Gruoninge
1617 4691 1785 4765 (619),
1819 4697 2095 4765 spectans

439 4790 511 4847 ad
557 4787 875 4861 inperium;
901 4786 956 4841 in
983 4799 1094 4857 qua
1122 4782 1385 4841 civitatis
1416 4778 1953 4838 habitatores‘°"in
1983 4783 2095 4839 fra-

440 4877 718 4935 ternitate
751 4875 904 4932 beati
948 4872 1158 4930 Mathie
1208 4870 1458 4944 apostoli
1491 4885 1564 4927 ex
1612 4869 1852 4941 antiquo
1880 4869 2093 4929 fratres

435 4964 756 5038 conscripti
781 4969 849 5020 et
870 4962 1141 5021 associati
1184 4964 1323 5018 sunt
1361 5001 1376 5016 .
1423 5002 1436 5015 .
1481 5003 1496 5016 .
1544 5001 1557 5014 .
1607 5002 1621 5015 .
1651 4958 1918 5017 Universi
1948 4972 2090 5031 ergo

435 5056 740 5127 elegerunt
776 5053 1120 5123 magistrum
1147 5047 1538 5108 fraternitatis
1565 5046 1880 5106 scultetum
1906 5047 2092 5121 ipsius

434 5143 715 5213 civitatis,
742 5140 1120 5199 Godefridum
1144 5138 1399 5208 nomine,
1437 5137 1625 5194 virum
1651 5140 1993 5195 strennuum
2027 5143 2084 5195 et

434 5230 818 5301 industrium,
852 5230 952 5302 qui
981 5226 1217 5301 quidem
1245 5225 1529 5299 adopera
1561 5228 1616 5282 et
1662 5224 1903 5297 negocia
1933 5226 2088 5297 regis

2206 3284 2357 3341 equo
2388 3269 2688 3327 sedentem
2719 3275 2780 3327 et
2819 3285 2950 3328 cum
2984 3285 3189 3342 magno
3219 3272 3505 3329 comitatu
3536 3273 3655 3330 iter
3688 3289 3862 3346 agen-

2205 3362 2345 3415 tem.
2394 3359 2590 3415 Abbas
2619 3358 2816 3416 comiti
2849 3359 3344 3432 apprOpinquans,
3403 3373 3641 3418 causam
3671 3366 3735 3418 et
3769 3377 3865 3419 ne-

2206 3447 2537 3505 cessitatem
2568 3448 2815 3506 ecclesie
2864 3448 3155 3521 apperuit,
3186 3464 3296 3522 pro
3339 3450 3593 3507 ecclesia
3648 3454 3862 3523 preces

2205 3536 2780 3609 supplicationesque
2813 3536 3051 3607 obtulit,
3085 3551 3259 3595 orans
3288 3543 3347 3595 et
3364 3539 3690 3597 obsecrans
3725 3556 3864 3614 qua-

2204 3626 2362 3682 tinus
2390 3625 2604 3682 mtuitu
2636 3625 2735 3681 Dei
2768 3629 2827 3681 et
2860 3625 3014 3682 beati
3046 3625 3256 3682 Mathie
3279 3626 3537 3698 apostoli
3569 3632 3630 3683 et
3665 3630 3859 3687 sancti

2202 3713 2492 3785 Eucharii,
2529 3728 2775 3786 quorum
2808 3712 3078 3785 reliquiis
3104 3718 3165 3771 et
3197 3714 3495 3773 miraculis
3526 3717 3739 3775 eadem
3770 3718 3861 3753 ⁸⁸³³

2202 3802 2453 3861 ecclesia
2468 3802 3067 3875 insignishaberetur,
3087 3818 3184 3861 res
3195 3803 3551 3862 ecclesie‘m
3564 3821 3861 3881 usurpare

2205 3908 2320 3950 non
2353 3895 2738 3964 presumeret,
2776 3893 2910 3964 quia
2939 3892 3083 3948 iram
3110 3893 3213 3950 Dei
3242 3898 3301 3950 et
3334 3898 3677 3952 sanctorum
3709 3898 3858 3969 ejus,

2205 3981 2301 4054 qui
2326 3980 2483 4038 illius
2504 3979 2620 4071 loci
2642 3985 2777 4038 sunt
2801 3980 3016 4037 domini
3038 3984 3480 4071 etprotectores
3501 3982 3859 4071 ﬁdelissimi,

2203 4070 2459 4141 effugere
2479 4068 2815 4128 nullatenus
2836 4072 3055 4142 posset.
3084 4070 3289 4127 Comes
3313 4069 3514 4143 itaque
3530 4072 3693 4131 fastu
3716 4068 3865 4131 tem-

2205 4158 2424 4233 poralis
2453 4157 2639 4229 glorie
2669 4157 2879 4229 elatus,
2914 4172 3119 4230 preces
3151 4158 3385 4216 abbatis
3404 4160 3630 4232 sprevit
3665 4169 3732 4220 et
3762 4164 3859 4221 ab-

2204 4247 2352 4318 nuit,
2374 4246 2694 4305 secundum
2718 4245 2861 4304 illud
2878 4246 3288 4319 :Simplicitas
3311 4248 3674 4322 ἐκειὶρωὶ
3708 4252 3857 4310 lam-

2189 4349 2313 4409 pas
2324 4335 2650 4408 contempta
2662 4335 3026 4409 ante/aliam
3025 4335 3352 4409 peccatoris
3360 4338 3595 4408 parata
3607 4340 3705 4397 est
3713 4341 3855 4398 tem-

2192 4424 2617 4497 pusstatutum
2629 4422 2758 4495 (Job
2772 4439 2870 4496 xu,
2887 4426 2963 4497 lt).
2996 4425 3062 4481 Et
3078 4425 3260 4481 abbas
3275 4425 3508 4496 quidem
3541 4441 3652 4498 pro
3666 4427 3856 4485 eccle-

2207 4512 2595 4585 sialegatione
2610 4513 2961 4584 fungebatur
2982 4516 3040 4569 et
3072 4514 3632 4586 contempnebatur;
3667 4517 3862 4573 oratio

2206 4600 2504 4659 autem‘“
2517 4601 2694 4659 fiebat
2708 4615 2811 4674 pro
2823 4615 2892 4658 eo
2905 4600 3031 4658 sine
3061 4601 3494 4660 intermissione
3511 4603 3585 4660 ab
3597 4603 3857 4662 ecclesia

2206 4690 2278 4748 ad
2308 4693 2506 4748 Deum.
2538 4692 2606 4747 Et
2635 4691 2806 4762 Deus,
2838 4690 2935 4763 qui
2968 4689 3239 4764 superbis
3261 4691 3507 4763 resistit,
3534 4692 3860 4752 humilibus

2204 4784 2396 4837 autem
2426 4778 2524 4835 dat
2556 4779 2825 4850 gratiam,
2859 4779 2931 4836 de
2960 4777 3196 4837 excelso
3226 4784 3434 4837 sancto
3457 4794 3565 4838 suo
3587 4782 3859 4855 respexit

2203 4869 2260 4924 in
2290 4868 2613 4925 orationem
2644 4866 2967 4940 humilium,
3027 4872 3088 4924 et
3118 4881 3233 4925 non
3263 4868 3485 4941 sprevit
3519 4882 3737 4942 preces
3764 4869 3862 4905 ⁸⁸³⁸

2200 4971 2429 5014 eorum.
2467 4957 2606 5012 Nam
2651 4970 2782 5013 cum
2812 4956 2885 5013 ad
2938 4955 3153 5028 primas
3182 4968 3388 5028 preces
3443 4971 3647 5015 comes
3678 4959 3862 5017 abba-

2199 5050 2317 5103 tem
2349 5051 2676 5119 sperneret,
2709 5059 2939 5104 mannm
2984 5046 3086 5104 Dei
3113 5058 3293 5119 super
3322 5060 3387 5103 se
3415 5045 3725 5119 paululum
3756 5048 3859 5105 ad-

2196 5141 2497 5208 gravatam
2527 5149 2726 5194 comes
2755 5135 2972 5202 sensit;
3003 5149 3191 5207 equus
3216 5133 3312 5173 ⁴⁰⁸⁷
3342 5136 3496 5194 enim
3524 5136 3659 5209 ejus
3683 5142 3855 5196 totus

2196 5224 2547 5283 contremuit
2571 5228 2632 5282 et
2653 5239 2854 5282 casum
2876 5223 3133 5284 minatus
3154 5224 3585 5297 aliquantulum
3612 5226 3852 5287 timoris

1820 5324 2056 5382 VARIE
2105 5323 2502 5383 LEGTIONES.

503 5452 594 5487 ⁴⁰³¹
625 5467 740 5524 quo
769 5466 818 5510 ο.
851 5458 878 5508 7
928 5449 1022 5524 ‘3'?
1074 5448 1442 5524 habitatores
1471 5447 1594 5505 cod.

430 5533 481 5580 ο.
516 5524 621 5584 ubi
642 5518 815 5599 spete
845 5524 911 5582 in
941 5522 1151 5582 litura.
1193 5518 1286 5556 ⁴⁰³⁷
1310 5532 1457 5592 equs
1483 5531 1529 5576 ο.

1666 5444 1760 5481 sou
1786 5444 1878 5507 δίε
1904 5449 2197 5524 scriptum
2222 5464 2275 5509 ο,
2332 5447 2425 5482 ιοθι
2453 5446 2543 5507 bis
2573 5446 2864 5520 scriptum:
2891 5460 2938 5505 ο.
3018 5444 3112 5482 ⁸⁰³⁸
3139 5448 3280 5505 alia:
3315 5460 3367 5505 c.
3454 5445 3551 5486 ⁴⁰³⁶
3581 5448 3749 5511 deest

2025 5608 2251 5670 NOTE.

507 5676 650 5769 (eis)
692 5696 1052 5769 Gruningen.

2274 5698 2426 5774 (620)
2455 5698 2521 5758 V.
2556 5712 2734 5773 supra
2768 5698 2959 5757 Gesta.
2991 5713 3043 5758 c.
3079 5699 3166 5755 32.
