3990 6296
178 301 337 372 ἑξθτ

722 303 989 379 GESTA
1029 302 1381 371 TREVER.
1416 340 1495 355 -
1522 303 1875 370 APPEND.
1912 301 2178 371 GESTA
2216 302 2699 372 ALBERONIS
2733 300 2981 370 ARCH.

3438 298 3597 371 1298

175 462 386 524 comiti
409 461 656 523 incussit
674 462 797 533 ;sed
816 461 999 536 ipsam
1016 461 1205 522 lenem
1227 464 1832 540 castigationem,quia
1857 438 1917 505 Α
1944 473 2078 521 num
2106 463 2208 518 aut
2247 459 2476 531 mitigat
2493 463 2593 517 aut
2619 463 2950 534 exasperat.
2975 459 3177 532 Itaque
3201 470 3399 518 comes
3419 455 3596 519 casti-

175 572 206 614 a
238 558 364 614 Deo
404 555 615 627 ﬂeret,
663 569 832 612 nemo
858 570 1061 613 eorum
1086 554 1183 629 qui
1229 557 1471 615 aderant
1524 561 1832 620 advertere

173 645 398 719 potuit.
447 644 671 703 Comite
704 646 901 718 itaque
940 647 1377 720 progrediente,
1411 649 1621 707 iterum
1650 651 1833 709 abbas

170 733 383 794 comiti
411 734 789 806 adjungitur,
820 740 879 792 et
905 750 1116 808 preces
1158 738 1432 810 precibus
1472 739 1716 811 addens,
1768 745 1829 798 ut

173 829 318 884 ante
347 825 794 897 contempnitur
816 868 830 881 .
864 827 932 882 Et
971 841 1157 898 equus
1186 826 1279 861 ⁴⁰³⁷
1309 829 1542 888 comitis
1574 831 1830 888 secunda

172 915 307 972 vice
341 914 550 986 majori
580 918 810 972 terrore
846 929 1172 973 concussus
1200 916 1270 973 ad
1298 932 1485 988 genua
1516 920 1744 977 corruit
1772 923 1830 975 et

177 1016 483 1062 sessorem
507 1018 676 1061 suum
697 1004 859 1075 gravi
884 1004 1092 1062 timore
1115 1006 1462 1064 conterruit.
1485 1009 1640 1065 Tunc
1663 1008 1828 1066 amici

173 1092 437 1151 comitis.
474 1134 487 1148 .
526 1136 539 1148 .
572 1133 588 1148 .
624 1134 637 1148 .
675 1135 687 1149 .
725 1135 738 1149 .
774 1097 860 1151 tes
879 1092 972 1127 ⁸⁸³³⁸
1013 1098 1072 1151 et
1122 1094 1395 1153 timentes
1440 1111 1511 1153 ne
1544 1097 1694 1155 forte
1723 1097 1833 1157 hec

175 1181 447 1239 visitatio
493 1182 594 1238 Dei
621 1185 679 1239 et
731 1187 1062 1241 sanctorum
1110 1184 1238 1255 ejus
1282 1189 1437 1243 esset
1485 1185 1826 1258 indignatio,

174 1274 467 1343 ceperunt
500 1272 853 1328 unanimiter
877 1271 1149 1329 comitem
1189 1288 1454 1340 exorare,
1489 1280 1553 1331 ut
1584 1276 1655 1331 ab
1686 1276 1826 1347 inju-

173 1358 353 1417 sticia
376 1374 480 1417 sua
513 1358 855 1430 dignaretur
877 1360 1187 1433 desistere,
1215 1362 1347 1435 quia
1371 1363 1454 1419 ire
1483 1364 1583 1421 Dei
1614 1369 1674 1421 et
1701 1379 1832 1423 san-

172 1460 412 1507 ctorum
431 1449 561 1521 ejus
582 1465 696 1507 non
720 1457 921 1522 posset
944 1452 1239 1509 resistere.
1265 1453 1468 1510 Comes
1489 1468 1629 1524 ergo
1652 1453 1829 1513 corde

179 1538 482 1597 obdurato
513 1552 721 1611 preces
744 1539 997 1597 omnium
1020 1544 1077 1596 et
1125 1540 1369 1598 consilia
1400 1542 1644 1613 sprevit,
1678 1548 1738 1619 et
1771 1543 1828 1600 id

180 1625 341 1683 circo
366 1626 567 1684 acrius
588 1627 866 1698 castigari
900 1628 1131 1689 meruit.
1166 1630 1589 1687 correctionem
1610 1630 1829 1687 habens

178 1729 282 1771 sue
315 1714 578 1786 vesanie,
615 1715 748 1786 quia
791 1717 1196 1774 tantummodo
1236 1717 1358 1775 sola
1399 1717 1634 1775 vexatio
1662 1717 1829 1775 intel-

1942 553 2114 619 gatus
2141 553 2201 605 et
2229 548 2591 619 humiliatus,
2614 564 2783 607 versa
2802 548 2930 607 vice
2953 548 3223 607 abbatem
3248 548 3394 622 petit
3414 554 3472 607 et
3495 552 3595 610 ob-

1944 640 2136 694 secrat
2155 642 2215 694 ut
2239 637 2426 695 errori
2451 652 2558 695 suo
2576 639 2896 695 clementer
2919 639 3239 710 indulgeat,
3261 637 3590 697 libertatem

1941 725 2081 782 ville
2114 739 2283 796 quam
2313 725 2534 797 injuste
2570 743 2776 800 rapere
2821 728 3292 801 adtemptaverat
3319 727 3502 785 libere
3533 733 3590 786 et

1943 813 2212 871 absolute
2244 829 2374 871 cum
2406 816 2674 873 omnibus
2707 817 3069 889 appendiciis
3115 817 3206 851 ⁸⁰⁴²
3247 817 3371 875 suis
3411 817 3591 889 possi-

1940 900 2099 973 deat,
2129 906 2344 960 etcum
2378 902 2663 962 fratribus
2695 904 2941 964 ecclesie
2969 910 3031 963 ut
3057 921 3161 978 pro
3202 921 3270 963 eo
3296 912 3467 963 orent
3486 905 3591 964 hu-

1941 989 2160 1047 militer
2194 996 2417 1049 exorat.
2452 992 2657 1049 Grates
2690 1007 2917 1064 quoque
2944 1000 3004 1050 et
3044 994 3265 1064 gratias
3311 994 3590 1067 plurimas

1938 1077 2056 1134 Deo
2088 1081 2147 1134 et
2175 1078 2396 1137 sanctis
2417 1079 2542 1152 ejus
2575 1079 2715 1151 egit,
2743 1081 2896 1152 quod
2919 1081 3001 1138 sic
3041 1082 3134 1153 pie
3159 1082 3435 1152 castigari
3473 1097 3588 1140 me-

1939 1174 2079 1245 ruit,
2106 1190 2212 1234 nec
2235 1189 2366 1233 eum
2401 1182 2736 1236 sanctorum
2768 1178 2956 1252 pietas
2977 1178 3148 1235 morti
3173 1179 3430 1249 presenti
3471 1183 3587 1236 tra-

1941 1261 2176 1321 diderit.
2212 1266 2491 1323 Preterea
2524 1266 2638 1324 duo
2664 1266 2748 1323 illi
2779 1282 2886 1325 nec
2916 1268 3249 1324 nominandi
3282 1268 3481 1325 clerici
3511 1268 3588 1325 fa-

1940 1359 2264 1419 bricatores
2279 1362 2686 1435 mendatii,qui
2710 1365 2995 1422 adversus
3014 1364 3384 1423 innocentem
3406 1365 3589 1424 eccle-

1939 1449 2083 1506 siam
2103 1450 2271 1509 dolos
2286 1456 2401 1508 tam
2420 1451 2703 1509 nefandos
2727 1453 3214 1510 continuaverant
3238 1458 3298 1510 et
3313 1453 3585 1511 comitem

1939 1539 2009 1594 ad
2039 1539 2186 1596 hanc
2217 1539 2583 1612 iniquitatem
2619 1541 2984 1598 adduxerant
3014 1542 3127 1612 ⁴⁰⁴³,
3162 1546 3585 1599 tesaurizantes

1939 1625 2104 1697 iram,
2148 1628 2203 1684 in
2252 1628 2345 1685 die
2376 1628 2460 1685 ire
2490 1630 2632 1685 iram
2674 1630 2776 1686 Dei
2823 1633 2880 1686 et
2911 1635 3244 1687 sanctorum
3293 1630 3583 1687 horrende

1938 1714 2165 1788 experti
2190 1721 2347 1788 sunt,
2370 1721 2429 1775 et
2450 1717 2617 1775 ambo
2638 1717 2809 1775 simul
2830 1717 3135 1775 subitanea
3158 1723 3343 1776 morte
3367 1718 3579 1775 mortui

176 1800 397 1859 lectum
438 1802 579 1860 dare
617 1803 773 1860 solet
822 1804 1065 1862 auditui.
1098 1805 1290 1863 Tertia
1325 1805 1451 1863 vice
1499 1822 1631 1865 cum
1675 1806 1827 1865 idem
1855 1808 1912 1871 B
1941 1808 2078 1861 sunt
2109 1847 2122 1860 .
2156 1847 2168 1861 .
2207 1848 2220 1861 .
2257 1849 2269 1863 .
2299 1848 2311 1861 .
2346 1848 2359 1861 .

174 1893 382 1962 abbas,
410 1906 581 1963 quem
604 1891 944 1950 sollicitudo
964 1894 1147 1965 major
1168 1894 1509 1953 stimulabat
1530 1900 1586 1953 et
1611 1895 1833 1954 sollici-

175 1980 640 2047 tabat,comitem
658 1981 1061 2053 interpellaret
1076 1986 1133 2039 et
1149 1982 1387 2040 multam
1404 1984 1630 2057 patiens
1644 2000 1704 2041 re
1711 1986 1840 2058 pul.

168 2083 289 2148 sam
312 2068 411 2102 ⁴⁰³⁹
431 2068 611 2126 nichil
637 2070 978 2142 proliceret:
1002 2086 1140 2129 ecce
1165 2077 1407 2145 repente
1429 2073 1484 2129 in
1504 2082 1828 2148 conspectu

166 2144 426 2215 omnium
449 2157 754 2214 manifeste
796 2158 1029 2231 dignam
1060 2175 1164 2232 pro
1210 2144 1436 2218 meritis
1477 2161 1620 2218 iram
1644 2144 1744 2221 Dei
1768 2170 1829 2222 et

165 2251 507 2304 sanctorum
528 2247 655 2318 ejus
674 2262 869 2304 comes
891 2252 1173 2320 expertus
1197 2255 1305 2319 est,
1332 2254 1394 2306 et
1415 2250 1567 2308 sicut
1603 2251 1827 2311 locusta

169 2334 466 2392 violenter
510 2349 584 2393 ex
623 2350 775 2408 equo
800 2351 1104 2408 excussus,
1156 2352 1287 2395 cum
1318 2352 1468 2410 equo
1498 2340 1731 2411 cecidit,
1766 2346 1825 2399 et

165 2423 334 2494 gravi
367 2422 634 2481 allisione
663 2425 931 2497 corporis
972 2424 1244 2497 adtritus,
1272 2432 1646 2500 premortuus
1671 2434 1730 2488 et
1753 2445 1825 2486 ex

167 2526 348 2570 sensu
375 2512 568 2571 factus
600 2514 766 2584 quasi
788 2528 986 2571 amens
1010 2515 1067 2571 in
1094 2518 1254 2571 terra
1289 2522 1597 2587 porrectus
1614 2517 1818 2588 jacuit.

165 2601 421 2659 Tandem
454 2615 486 2657 a
538 2606 692 2659 terra
727 2601 954 2661 levatus
982 2607 1043 2660 et
1085 2602 1235 2676 alias
1267 2602 1519 2671 delatus,
1571 2619 1700 2662 cum
1750 2607 1821 2663 ad

168 2704 237 2746 se
270 2689 546 2760 redisset,
578 2690 913 2761 intelligens
934 2690 1140 2764 plagas
1164 2706 1308 2763 quas
1331 2691 1484 2750 circa
1514 2707 1642 2750 eum
1673 2694 1822 2752 Deus

166 2783 226 2836 et
261 2778 450 2835 sancti
478 2778 607 2849 ejus
642 2793 780 2837 ecce
814 2779 932 2850 jam
966 2781 1150 2837 tercio
1185 2782 1464 2852 fecerant,
1506 2781 1719 2838 timens
1750 2797 1819 2841 ne

172 2867 375 2941 pejora
422 2867 721 2939 prioribus
769 2871 1095 2940 pateretur,
1144 2869 1459 2927 amicorum
1500 2884 1734 2943 quoque
1760 2876 1821 2928 et

170 2954 460 3012 nobilium
483 2954 692 3014 blanda
712 2957 1122 3013 ammonitione
1145 2957 1514 3028 ammonitus,
1536 2963 1821 3030 protesta-

168 3051 273 3101 tus
293 3047 385 3100 est
416 3042 652 3115 publlze
701 3057 894 3101 coram
926 3045 1137 3102 abbate
1185 3048 1244 3101 et
1277 3043 1409 3103 aliis
1439 3059 1608 3116 quam
1642 3044 1821 3118 pluri-

2008 1893 2061 1949 4.
2095 1894 2370 1952 Dominus
2394 1895 2576 1954 castri
2609 1895 2679 1951 de
2701 1895 3093 1964 Merenbercb,
3120 1894 3457 1952 Hardradus
3482 1909 3581 1953 no-

1942 1981 2111 2052 mine,
2130 1982 2376 2054 quodam
2398 1987 2663 2055 tempore
2677 1984 2748 2040 ab
2764 1984 3117 2041 adversariis
3137 1984 3260 2041 suis
3282 1983 3580 2055 impugna-

1940 2069 2197 2141 batur,et
2220 2071 2541 2128 adversarii
2563 2073 2691 2144 ejus
2705 2072 3159 2144 circumquaque
3175 2071 3578 2129 discurrentes

1935 2163 2149 2217 cuncta
2180 2174 2290 2231 que
2323 2160 2412 2217 sui
2426 2160 2579 2231 juris
2600 2164 2766 2217 erant
2792 2164 2963 2232 prout
2989 2164 3261 2232 poterant
3280 2161 3497 2231 rapinis
3517 2165 3581 2217 et

1937 2255 2223 2313 incendiis
2250 2255 2654 2313 devastabant.
2688 2257 2987 2314 Venerunt
3014 2270 3154 2326 ergo
3187 2256 3255 2311 ad
3290 2254 3574 2327 quandam

1935 2351 2131 2411 villam
2164 2367 2275 2425 que
2295 2352 2543 2411 Duorlar
2565 2352 2782 2409 dicitur
2811 2366 2923 2408 non
2946 2351 3115 2421 longe
3138 2366 3168 2408 a
3198 2351 3461 2423 predicto
3485 2367 3578 2410 ca-

1935 2444 2060 2498 stro
2112 2442 2382 2513 positam,
2418 2442 2566 2498 etad
2601 2441 2846 2499 eundem
2896 2441 3258 2498 Hardradum
3281 2439 3576 2498 dominum

1932 2528 2111 2586 castri
2140 2529 2546 2602 pertinentem,
2582 2528 2783 2585 eadem
2808 2529 3019 2586 facturi
3059 2543 3169 2600 que
3192 2529 3248 2584 in
3267 2529 3398 2585 aliis
3430 2529 3575 2586 locis

1933 2617 2240 2675 faciebant.
2267 2619 2404 2675 Erat
2432 2621 2624 2674 autem
2650 2618 2706 2673 in
2729 2617 2931 2673 eadem
2955 2617 3091 2673 villa
3114 2618 3298 2674 curtis
3330 2618 3573 2689 quedam

1929 2705 2275 2762 ethorreum
2301 2706 2588 2763 frumento
2611 2705 3195 2778 plenum,collectum
3223 2710 3280 2761 et
3300 2720 3577 2776 aggrega-

1928 2806 2052 2858 tum
2080 2802 2151 2860 de
2173 2804 2418 2875 quadam
2459 2803 2663 2861 arabili
2694 2806 2875 2875 terra,
2913 2818 3083 2875 quam
3115 2803 3311 2859 senior
3335 2804 3574 2858 Hardra-

1930 2891 2060 2962 dus,
2092 2907 2236 2951 avus
2264 2893 2540 2951 videlicet
2571 2893 2745 2951 istius
2758 2892 3013 2964 junioris
3068 2892 3372 2962 Hardradi,
3402 2893 3572 2949 beato

1928 2979 2138 3038 Mathie
2169 2982 2439 3053 apostolo
2471 2982 2527 3038 in
2563 2982 2937 3038 elemosinam
2962 2996 3067 3053 pro
3103 2980 3358 3037 remedio
3384 2981 3571 3036 anime

1930 3081 2034 3125 sue
2065 3068 2382 3140 legaverat,
2411 3084 2579 3142 quam
2604 3069 2660 3126 in
2691 3069 2894 3127 eadem
2916 3068 3053 3125 villa
3077 3068 3317 3125 colonus
3338 3066 3568 3139 quidam

170 3130 652 3202 mis‘°‘°,injuste
667 3131 1025 3191 resecclesie
1049 3147 1335 3206 usurpare
1354 3132 1464 3190 sibi
1480 3133 1734 3191 voluisse
1760 3147 1819 3191 et
1849 3168 1897 3231 Ο
1928 3130 2275 3217 ιυαοῆἷίευε
2306 3130 2536 3215 no'm'ine
2567 3163 2845 3216 ,ιτθηηηθ
2892 3157 3201 3215 excolebat
3231 3159 3285 3211 ει
3332 3130 3568 3213 έθηεωη

169 3218 351 3276 nichil
373 3219 526 3291 juris
554 3219 611 3275 in
649 3221 827 3277 rebus
858 3219 1108 3279 ecclesie
1137 3235 1200 3278 se
1245 3219 1461 3279 habere
1489 3223 1813 3294 confessus,

168 3306 241 3363 ad
272 3307 642 3379 iniquitatem
666 3311 1131 3381 prosequendam
1153 3309 1487 3382 periculose
1514 3310 1815 3370 inductum

170 3394 376 3453 fuisse.
403 3396 520 3453 Hec
543 3396 793 3454 mutacio
816 3396 1058 3454 dextere
1085 3395 1336 3467 Excelsi,
1363 3397 1460 3469 qui
1484 3396 1817 3454 dominatur

168 3484 453 3555 potestati
471 3482 565 3519 ‘°“
578 3484 777 3556 maris,
797 3490 1010 3543 motum
1025 3489 1218 3543 autem
1237 3485 1518 3543 ﬂuctuum
1538 3484 1663 3555 ejus
1687 3485 1813 3556 (Ps.

166 3585 441 3643 cxxxvm,
495 3574 585 3646 10)
613 3588 719 3647 pro
749 3574 1054 3632 voluntate
1085 3587 1189 3632 sua
1239 3578 1297 3631 et
1323 3573 1607 3647 qualitate
1634 3574 1818 3631 homi-

1927 3260 2179 3304 annuum
2211 3246 2282 3304 de
2303 3245 2502 3304 eadem
2536 3246 2855 3304 elemosina
2886 3244 3135 3304 ecclesie
3172 3245 3327 3302 beati
3359 3243 3569 3302 Mathie

1925 3343 2209 3402 solvebat.
2241 3345 2426 3416 Igitur
2453 3343 2654 3403 hostes
2681 3348 2741 3401 et
2762 3343 3084 3402 adversarii
3112 3342 3352 3401 eandem
3375 3341 3568 3399 villam

1927 3442 2200 3514 ingressi,
2234 3447 2518 3515 ceperunt
2547 3441 2758 3514 predas
2789 3455 2982 3514 agere,
3026 3441 3214 3512 ignem
3252 3440 3466 3503 inicere
3512 3444 3569 3497 et

1929 3529 2120 3587 villam
2152 3545 2419 3589 exurere.
2458 3571 2510 3585 ..
2550 3572 2562 3584 .
2596 3572 2607 3585 .

1529 3673 1766 3729 VARIIE
1804 3671 2203 3728 LECTIONES.

238 3765 797 3838 4m:::::gntesc.

904 3769 996 3804 “’3’
1022 3768 1201 3827 multa
1243 3785 1278 3842 p
1334 3783 1602 3843 repusam
1633 3783 1687 3827 ο.

161 3837 257 3871 ⁶⁰⁴⁸
277 3837 603 3897 aduxerant
632 3855 681 3899 c.

769 4035 1142 4128 GESTA

1798 3769 1891 3802 tcto
1915 3768 2099 3842 pluris
2127 3788 2138 3822 ε
2166 3784 2180 3823 ς
2206 3787 2217 3823 ;
2246 3785 2258 3819 ε
2284 3786 2297 3823 ε
2319 3782 2364 3825 σ,
2449 3766 2538 3799 ‘0“
2573 3765 2884 3837 potestatis
2912 3780 2959 3824 ο.

3074 3766 3167 3799 ⁴⁰⁴²
3190 3767 3488 3838 appenciis
3520 3783 3568 3825 c.

1260 4033 1931 4127 ALBERONIS
2062 4030 2973 4125 ARCHIEPISCOPI

234 4194 385 4267 Cum
418 4195 997 4267 archiepiscoporum
1032 4195 1479 4254 I‘reoereusium
1502 4194 1772 4267 ibisloria
1809 4193 2119 4267 Gestorum
2147 4192 2594 4267 continuatione
2620 4206 2810 4267 usque
2836 4192 2919 4267 ad
2943 4189 3319 4267 Megiulgerri
3347 4190 3571 4249 obitum

159 4265 466 4339 descripta
487 4263 652 4338 esset,
683 4263 995 4325 Alberouis
1013 4269 1137 4326 oiri
1155 4267 1443 4339 illuseris,
1460 4266 1658 4339 fortis
1688 4267 1868 4338 atque
1896 4265 2190 4339 iugeuiosi
2223 4263 2485 4339 terripara
2502 4263 2884 4339 secuta—suat,
2910 4263 3046 4339 quae
3065 4264 3370 4339 ecclesiam
3392 4277 3572 4339 peuuf

153 4338 263 4394 ria
304 4336 645 4409 depressam
676 4352 829 4397 uoca

148 4408 441 4480 gerendis
467 4410 676 4479 partes
711 4408 1104 4468 contulerunt.
1146 4410 1544 4480 [decimirum
1572 4421 1696 4480 esse
1723 4408 1950 4480 nequit,

857 4339 1063 4410 gloria
1099 4335 1475 4408 extulerunt,
1497 4338 1556 4394 et
1584 4335 2034 4410 Treverensib'us
2066 4335 2416 4410 rizaguas’iu
2442 4337 2618 4395 rebus
2646 4335 3187 4410 publicis’imperii
3220 4335 3573 4410 Genuauici

1993 4405 2378 4478 quodplu/res
2405 4422 2474 4464 an
2503 4410 2634 4478 ejus
2646 4405 2843 4466 ’laude
2872 4405 3144 4465 cauenda
3171 4406 3230 4463 et
3254 4405 3572 4463 scribenda

155 4477 389 4563 cenati
408 4477 570 4563 sunt,
595 4480 753 4563 alter
770 4482 1186 4563 episcoponuisi
1200 4479 1404 4553 fallor
1421 4478 1571 4563 oioo‘,
1598 4479 1756 4563 aler
1774 4477 2149 4563 subfli'llmo.
2163 4477 2475 4563 Alberouis
2495 4477 2824 4563 successore
2843 4478 3285 4563 (mouerimus
3306 4478 3572 4563 carmine

159 4550 512 4623 heaametro
549 4546 981 4623 archiepiscopi
1030 4546 1225 4609 Vitari
1261 4565 1464 4623 usque
1478 4550 1560 4623 ad
1588 4552 1653 4605 A.
1689 4552 1746 4607 C.
1786 4552 1918 4605 1145
1959 4550 2295 4623 descripsit,
2330 4562 2469 4623 mea:
2499 4551 2802 4623 strictius,
2841 4546 2980 4605 inea}
3010 4547 3254 4623 uberius
3293 4546 3363 4623 de
3393 4547 3570 4623 rebus

246 4619 424 4692 blieis
453 4621 513 4677 et
532 4618 955 4680 ecclesiasticis
985 4623 1234 4692 locutus,
1265 4618 1371 4680 sed
1397 4620 1617 4692 ubique
1642 4634 1839 4677 eorum
1851 4633 1994 4692 grue
2017 4618 2335 4678 narranda
2358 4620 2537 4677 duxit
2567 4621 2704 4678 bene
2726 4632 2981 4692 gnarus,
3006 4618 3115 4692 qui

3197 4631 3226 4672 e
3250 4617 3357 4687 qui
3380 4617 3447 4673 iu
3470 4631 3570 4673 ur-

197 4691 619 4771 e__Ifreo_ereus_i
643 4694 864 4771 eivisse
890 4694 949 4749 et
984 4686 1275 4771 pleraque
1302 4686 1648 4771 suisﬂoéulis
1696 4686 2018 4771 auribusce
2056 4693 2393 4771 per-cepisse
2419 4686 2745 4771 videatur;
2766 4686 3571 4771 Etia’rucbariasiguasdam

156 4760 452 4839 adbibuit
474 4763 629 4839 £622)
664 4764 963 4839 totamque
984 4758 1398 4839 'uarra'tiouem
1426 4762 1623 4822 Gestis
1638 4762 1921 4839 antiquis
1941 4758 2122 4839 quasi
2153 4758 2322 4839 breve
2349 4761 2815 4839 supplemeubmu
2843 4758 3091 4839 addidit
3118 4759 3265 4828 (623)

231 4834 441 4911 Allius
456 4826 816 4911 Baldericus
831 4826 955 4891 rem
976 4848 1291 4911 aggressus
1310 4835 1413 4911 est,
1438 4847 1569 4911 cum
1588 4826 1827 4911 aliquot
1837 4826 2555 4911 pos2_{11berouis_mofleng
2577 4831 2754 4887 anuis
2766 4831 2951 4901 hujus
2985 4826 3177 4911 Vitam
3196 4826 3571 4911 narrandam

155 4906 674 4983 susciperetjpse
689 4906 829 4983 tunc
846 4897 1134 4983 magisjer
1156 4897 1656 4983 eratscb'olarum,
1673 4897 1746 4983 ab
1764 4897 2193 4983 ipso_.gtlberoue
2208 4915 2263 4958 a.
2287 4905 2425 4983 114]
2446 4903 2513 4959 iu
2523 4903 2636 4983 liae
2662 4897 2877 4983 iuuuu's
2893 4897 3569 4983 evocatusJYalt‘useuim

156 4976 228 5033 ire
241 4967 481 5033 dioecesi
498 4967 827 5047 Liodieusi,
842 4967 996 5034 villa
1005 4977 1365 5046 Floriueusi,
1382 4967 1652 5046 adpapce
1662 4967 1923 5046 Eujenii
1942 4976 2177 5047 curiam
2186 4986 2249 5030 se
2259 4971 2651 5047 applicuerat.
2675 4973 2853 5047 Quem
2864 4985 3015 5042 cum,
3043 4969 3283 5047 pagaia
3298 4967 3568 5047 Galliam

148 5047 448 5120 profecto,
470 5047 538 5104 in
564 5046 711 5120 urbe
737 5049 1080 5120 Parisieusi
1105 5067 1129 5101 ‹ι
1148 5060 1363 5120 causas
1385 5047 1674 5120 dicentem
1695 5048 1876 5120 elseep

152 5117 365 5189 cisset,
380 5131 585 5189 secum
611 5118 909 5177 Treverim
927 5118 1211 5189 adduxit,
1235 5117 1295 5175 et
1308 5117 1521 5189 soboles
1539 5119 1795 5176 ecclesia
1812 5117 1879 5175 δ’.
1906 5118 1991 5174 Pe

1824 5202 1965 5245 uam
1983 5181 2295 5244 com'itabus
2314 5184 2401 5242 est
2422 5181 2594 5255 (623),
2608 5186 2701 5242 ita
2716 5184 2895 5241 utres
2912 5182 2985 5240 ab
3015 5181 3123 5240 illo
3147 5181 3565 5255 posteageslas

152 5188 831 5264 qcopofamiliarisfuit
846 5204 1093 5264 eumque
1111 5193 1179 5250 iu
1197 5188 1820 5264 iliueribusuounuuq

1880 5060 1909 5102 e
1927 5044 2195 5172 apgosiie
2210 5038 2583 5126 perorantem
2595 5064 2621 5092 »
2634 5087 2647 5111 ,
2670 5045 2743 5099 ut
2757 5044 2885 5114 ipse
2904 5038 3145 5111 narrat,
3163 5038 3374 5097 Albero
3392 5039 3568 5121 audi-

1906 5118 1991 5174 Pe
2051 5114 2366 5186 ipreefecit
2393 5116 2567 5186 (624).
2587 5114 2739 5170 [mle
2758 5114 2832 5186 ab
2854 5114 3242 5186 Itoe_lep_zpore
3271 5109 3568 5186 are/nepi-

2167 5109 2366 5187 eejecit
2392 5116 2567 5187 (624).
2587 5109 2739 5187 [ητις
2758 5109 2832 5187 ᾀὺ
2854 5109 3242 5187 [iacterupore
3271 5109 3568 5187 archiepi-

156 5252 302 5334 bAerie
314 5252 657 5334 perspectas
679 5252 941 5333 iuberet,
957 5252 1017 5334 ei
1027 5264 1152 5321 tam
1178 5259 1458 5334 ueritatis
1472 5259 1672 5334 studio
1684 5252 1866 5334 quam
1875 5256 2196 5334 Alberouis
2206 5270 2405 5334 amore
2414 5258 2486 5314 ut
2494 5252 2594 5334 eas
2610 5257 2977 5334 posterorum
2985 5252 3279 5334 meritoria
3288 5265 3566 5334 cognmen-

158 5323 340 5389 darei
358 5323 567 5389 induci
565 5333 788 5403 posset.
826 5323 996 5394 Vicit
1008 5331 1286 5408 pluribus
1306 5331 1486 5389 armis
1499 5323 1754 5403 postsub
1773 5329 2012 5387 Hillin
2025 5327 2484 5401 archiepiscopo,
2510 5329 2583 5399 et,
2598 5323 2691 5385 cel
2706 5328 2902 5400 ipsius
2914 5325 3008 5382 vel
3026 5326 3288 5383 aliorum
3307 5323 3560 5393 chartis,

1738 5416 1940 5475 NOTE
1955 5458 1968 5472 .

230 5520 387 5662 $621)
421 5522 486 5579 V.
520 5517 682 5578 Bald.
713 5533 765 5576 c.
800 5522 864 5578 11

260 5593 390 5662 692)
424 5607 477 5650 v.
518 5590 636 5662 126,
672 5592 795 5661 136,
830 5596 853 5647 1

238 5590 390 5663 (θρα)
424 5607 477 5650 v.
518 5590 636 5664 126,
672 5592 795 5661 136,
830 5594 953 5650 ωδ.

238 5665 393 5735 (623)
425 5662 564 5731 Qum
586 5663 739 5721 enim
762 5676 938 5735 supra
963 5660 1118 5721 dicta
1141 5673 1273 5719 esse
1294 5663 1486 5717 monet
1521 5672 1575 5716 v.
1618 5659 1703 5729 19,
1725 5661 1813 5730 82,

1916 5515 1973 5572 in
2000 5513 2193 5589 Gestis
2214 5515 2595 5589 continuatis,
2621 5529 2732 5572 non
2758 5513 2814 5571 in
2837 5512 2963 5586 ipso
2986 5514 3242 5570 carmine
3263 5509 3539 5581 leguntur

1988 5585 2138 5730 £625;
2165 5600 2218 5645 c.
2248 5590 2352 5646 22.

2013 5660 2115 5714 625
2171 5671 2221 5716 c.
2254 5660 2342 5716 26.

2013 5660 2138 5716 625)
2171 5671 2221 5716 c.
2254 5660 2342 5716 26.
