3968 6306
160 351 326 417 1801

158 488 354 548 Ortus
380 488 507 545 erat
541 483 761 543 celebri
795 484 885 540 vir
915 483 985 540 de
1018 483 1254 555 regione
1292 480 1575 550 Metensi;

158 580 317 637 Post
342 581 401 636 et
435 577 493 634 in
525 574 774 634 ecclesia
805 588 952 646 puer
973 578 1064 630 est
1092 573 1354 631 nutritus
1380 572 1434 628 in
1470 571 1569 628 illa

160 671 357 741 Inque
387 667 691 724 iuventute
715 679 818 737 per
846 664 1008 734 regni
1042 663 1273 720 climata
1309 662 1427 719 late

159 756 421 815 Claruit.
453 757 521 812 Et
552 756 751 811 Romae
776 754 893 826 jam
927 757 1063 809 tunc
1094 752 1340 808 diffusus
1366 751 1580 822 ubique

161 848 360 903 Error
392 858 637 915 magnus
663 847 810 913 erat,
847 842 978 913 quia
1003 856 1207 914 papam
1241 855 1407 897 cesar
1435 839 1684 895 habebat

164 934 408 992 Fraude
436 932 573 989 dolo
604 931 959 1004 captum,sic
985 931 1314 1001 juramenta
1342 932 1632 999 coactum,

165 1026 246 1079 Ut
280 1036 599 1093 numquam
621 1035 751 1076 sese
784 1018 1073 1089 banniret,
1096 1018 1290 1089 iniqua
1323 1017 1578 1075 dedisse.

164 1110 287 1172 Sed
323 1110 492 1168 fedus
521 1113 775 1181 ruptum,
812 1108 1160 1178 cogentibus
1197 1106 1578 1163 ecclesiarum

166 1198 802 1272 Principibus,grande
831 1196 970 1253 belli
1003 1196 1388 1253 succenderet
1420 1196 1629 1265 ignem.

168 1292 419 1362 Paxque
449 1291 657 1358 negata
693 1286 858 1342 bonis
889 1285 994 1342 fuit
1025 1284 1293 1342 omnibus
1318 1284 1686 1353 ecclesianis,

168 1378 463 1436 Ecclesia:
491 1376 611 1433 nati
645 1376 873 1442 fuerant
906 1374 1001 1445 qui
1028 1374 1108 1431 sic
1140 1374 1416 1440 vocitati;

172 1468 438 1525 Cedibus
468 1480 534 1522 ac
568 1464 765 1537 predis
798 1464 1036 1520 intentis
1067 1463 1472 1534 lleimiciadis,

173 1557 279 1617 Sic
307 1553 625 1629 appellatis
662 1553 914 1610 ileinrici
944 1553 1172 1609 nomine
1202 1552 1381 1622 regis.

173 1648 296 1702 Hec
316 1644 436 1715 jam
460 1643 531 1700 de
557 1647 721 1716 parte
745 1641 990 1713 quadam
1016 1642 1469 1713 perstrinximus
1493 1644 1627 1695 ante
1650 1638 1827 1711 (640).

176 1735 379 1802 Quare
411 1747 524 1789 non
557 1746 685 1789 esse
719 1730 902 1801 liquet
932 1731 1039 1787 hec
1070 1731 1353 1802 replicare
1384 1741 1650 1786 necesse.

174 1824 338 1880 Tunc
372 1820 441 1878 de
476 1835 592 1892 quo
624 1819 922 1890 loquimur
948 1819 1112 1876 velut
1143 1818 1537 1890 insuperabile
1570 1817 1753 1872 robur
1867 1842 1915 1900 Β

179 1913 460 1968 Creverat
488 1908 722 1978 Albero,
757 1908 1030 1979 cepitque
1062 1911 1363 1979 patescere
1391 1907 1583 1972 clero;

180 1999 445 2056 Primum
485 1997 821 2065 cesariams,
850 2000 981 2067 post
1012 1995 1380 2064 magnatibus
1411 1995 1552 2066 ipsis

182 2087 468 2157 lnnotuit,
503 2086 712 2142 crebro
740 2084 1033 2142 contraria
1068 2084 1245 2140 multa
1274 2084 1548 2153 gerendo.

180 2179 300 2235 Nec
331 2190 446 2233 non
479 2174 812 2248 pontificem
844 2173 1079 2246 propria
1112 2173 1183 2229 de
1206 2172 1344 2230 sedc
1367 2173 1675 2229 Metensem

182 2264 638 2335 Adelberonem,
674 2278 785 2319 non
817 2276 964 2333 equa
994 2262 1105 2318 sibi
1134 2261 1478 2334 sapientem,

183 2354 509 2425 Officioque
534 2366 637 2410 suo
668 2352 920 2424 fecitque
948 2366 1149 2407 carere
1192 2351 1521 2422 sepulchro.

183 2444 289 2501 Cui
326 2456 732 2500 successorem
766 2444 1034 2497 sanctum
1066 2440 1250 2512 primo
1284 2440 1665 2508 Thcogerum,

184 2534 335 2590 llinc
367 2531 718 2604 Stephanum
747 2530 892 2600 fieri,
924 2533 1120 2603 spreto
1164 2529 1310 2585 satis
1341 2527 1624 2600 imperiali

180 2621 456 2679 Obtinuit
487 2619 637 2690 jure.
673 2619 794 2686 Qua
822 2634 994 2676 causa
1029 2633 1165 2689 rege
1199 2618 1448 2687 furente,

182 2709 521 2767 Mandatum
552 2708 753 2766 multis
780 2710 906 2780 ejus
934 2708 1005 2764 de
1030 2708 1229 2764 funere
1260 2706 1491 2770 mortis;

183 2798 358 2865 Quod
393 2796 595 2854 multis
620 2801 851 2867 gratum
885 2797 1012 2867 fuit,
1048 2800 1108 2851 et
1140 2795 1285 2853 satis
1309 2794 1645 2851 insidiatum

186 2890 436 2945 Romam
468 2887 739 2960 pergenti
770 2900 870 2943 seu
898 2901 1000 2958 per
1032 2899 1272 2956 regnum
1302 2883 1618 2955 gradienti.

183 2976 391 3034 Evasit
428 2989 571 3032 vero
604 2975 810 3032 mortis
837 2974 1028 3031 vicina
1064 2975 1293 3030 crebro.

184 3066 343 3137 Sepe
375 3077 483 3135 per
512 3062 756 3120 infestos
776 3061 961 3119 veluti
985 3061 1328 3135 paraliticus
1355 3061 1580 3130 hostes,

188 3152 516 3226 lmpositus
549 3166 739 3222 carro,
767 3151 970 3222 juncto
1002 3154 1340 3222 protractus
1370 3148 1572 3219 asello,

184 3241 449 3298 Transiit
480 3240 750 3310 inmunis,
787 3240 898 3296 sibi
926 3240 1181 3311 preduce
1211 3252 1463 3310 paupere
1502 3236 1726 3308 quovis.

184 3331 330 3386 Nam
361 3332 753 3385 commentato
797 3327 974 3384 facies
1006 3325 1368 3400 superoblita
1401 3325 1531 3382 fuco

193 3420 363 3475 Hunc
391 3416 819 3483 abscondebat;
845 3430 1058 3488 agapes
1091 3429 1322 3486 quoque
1354 3412 1712 3486 suscipiebat

184 3506 430 3563 Illorum
456 3505 555 3577 qui
587 3520 650 3562 se
685 3504 1119 3561 meditabantur
1141 3503 1435 3575 jugulare.

181 3596 285 3652 Sic
315 3596 576 3665 Romam,
614 3595 694 3651 sic
726 3595 847 3650 ibat
881 3608 950 3650 eo
982 3606 1347 3664 quocumque
1378 3591 1638 3649 volebat.

181 3685 253 3742 Et
286 3687 773 3755 contempnentes
798 3697 961 3754 papas
991 3681 1229 3737 decreta
1260 3682 1546 3738 Metenses

180 3772 405 3831 Taliter
436 3771 707 3841 angebat,
745 3786 816 3842 qu
837 3771 906 3825 od
941 3770 1135 3826 nullus
1166 3783 1268 3827 eos
1306 3769 1589 3841 sepelibat

188 3863 529 3923 Defunctos,
565 3859 751 3915 donec
785 3874 845 3915 se
869 3858 1038 3929 plebs
1069 3871 1277 3914 vesana
1319 3858 1577 3915 novisset

186 3953 464 4007 Romanae
493 3947 615 4005 sedi
648 3962 958 4018 numquam
993 3946 1212 4003 debere
1237 3946 1430 4001 reniti.

265 4038 370 4094 Hic
404 4036 586 4108 igitur
614 4037 805 4094 nactis
836 4034 1203 4092 Trevirorum
1235 4033 1614 4105 pontificatus

188 4126 402 4197 Sedem
451 4126 621 4198 (641),
653 4125 768 4196 jam
819 4124 1039 4181 dictum
1090 4122 1444 4194 Stephanum
1495 4136 1648 4178 nunc
1708 4126 1842 4177 ante

1431 4209 1786 4282 [Metensem,

191 4304 493 4361 Hactenus
519 4302 828 4359 adversum
855 4300 1049 4357 tribus
1078 4298 1167 4356 his
1214 4297 1683 4370 metropolitanis

190 4392 444 4461 Nostris,
480 4390 754 4459 Br*noni,
792 4387 1104 4445 Godefrido
1134 4387 1227 4444 vel
1276 4386 1627 4458 Meginliero,

191 4483 367 4538 Forte
400 4480 795 4547 resistentem,
831 4477 945 4533 sibi
979 4492 1086 4533 nec
1118 4490 1325 4547 parere
1357 4474 1670 4546 volentem,

189 4569 263 4625 L’t
298 4567 486 4624 voluit
516 4566 748 4622 tandem
780 4580 985 4635 parere
1016 4564 1209 4634 coegit
1239 4563 1511 4621 eundem.

191 4658 446 4729 Ceperat
476 4655 609 4711 inde
640 4654 724 4710 rei
761 4654 1011 4725 propriae
1038 4654 1123 4710 sic
1145 4653 1469 4723 consiliari,

196 4747 396 4801 Banno
427 4744 734 4800 refrenans
765 4758 795 4799 a
830 4741 1028 4813 prcdis
1046 4741 1498 4813 compatriotas;

190 4833 265 4891 Et
296 4847 402 4905 per
424 4830 785 4903 episcopium
818 4831 1065 4886 tendens
1095 4830 1250 4885 acies
1280 4830 1605 4898 oculorum,

191 4918 745 5046 Un‘illiquggorrasit
774 4917 885 4974 sibi
930 4916 1084 4988 quod
1112 4930 1275 4973 mens
1302 4918 1443 4975 utile
1480 4918 1689 4989 suasit.

315 5004 414 5046 ers
526 5031 539 5045 .

315 5004 414 5047 6P8
443 5004 511 5046 55
526 5031 539 5045 .

754 347 1020 413 GESTA
1043 347 1396 411 TREVER.
1433 381 1511 394 —
1536 346 1895 411 APPEND.
1942 346 2211 410 GESTA
2242 349 2710 415 ALBERONIS
2760 350 3003 416 ARCH.

3431 353 3452 417 1
3468 352 3584 416 802

1855 481 1910 541 Α
1941 484 2008 539 Et
2042 498 2147 540 nec
2178 485 2438 542 cenobiis
2470 486 2724 559 propriis
2753 488 2862 546 hac
2903 492 3071 562 parte
3104 487 3395 563 pepercit;

1940 574 2006 629 Et
2042 574 2230 630 minus
2260 576 2528 631 Eucharii
2561 576 2718 635 dicto
2752 576 2823 635 de
2852 578 3079 635 nomine
3114 579 3350 649 Christi,

1938 661 2101 728 Quod
2134 662 2305 719 nimis
2335 664 2561 720 attrivit
2594 665 2830 723 nimium
2880 668 3234 739 nimiumque
3281 668 3574 739 gravavit.

1938 750 2078 806 Hinc
2111 750 2181 806 ad
2214 752 2521 808 ccnobium
2554 754 2839 811 Maximini
2865 757 3244 828 repetendum

1938 839 2253 897 Intendens
2281 841 2553 912 animum,
2588 858 2921 913 magnarum
2957 846 3210 917 pondera
3245 861 3438 902 rerum

1940 928 2312 1000 Aggreditur,
2345 935 2404 985 et
2433 931 2586 1000 regis
2616 931 2685 989 ad
2720 934 2940 989 Italiam
2977 935 3343 1006 properantis

1942 1017 2154 1072 [.otarii
2188 1018 2509 1077 comitatur
2541 1019 2673 1091 iter,
2712 1025 3011 1093 totumque
3046 1038 3147 1095 per
3170 1039 3376 1080 annum

1940 1104 2109 1162 Illius
2143 1107 2493 1178 obsequium
2528 1123 2840 1180 numquam
2874 1111 3138 1167 defessus
3169 1112 3373 1181 agebat
3411 1113 3577 1183 (642).

1938 1194 2071 1251 Tam
2106 1209 2268 1266 papae
2303 1211 2474 1267 quam
2504 1197 2759 1268 regisibi
2784 1198 2846 1253 fit
2879 1214 3051 1256 carus
3082 1200 3310 1266 honori,

1943 1283 2367 1356 Cisalpinarum
2402 1284 2633 1355 legatus
2664 1291 2721 1343 et
2752 1287 3135 1345 ecclesiarum

1943 1372 2221 1443 Efficitur,
2255 1372 2569 1444 redituque
2598 1389 2707 1431 suo
2739 1390 2954 1448 corpus
2984 1376 3304 1447 Mcgenheri

1943 1460 2238 1526 Quondam
2273 1462 2568 1533 pontificis
2590 1468 2646 1518 et
2675 1463 3007 1521 decessoris
3038 1466 3246 1521 abinde

1941 1549 2282 1627 Transtulit,
2318 1550 2490 1622 inque
2525 1552 2693 1609 domo
2727 1553 2912 1609 sancti
2946 1555 3105 1609 Petri
3138 1554 3465 1611 tumulavit.

2015 1640 2138 1693 Mox
2177 1639 2416 1696 nimium
2450 1640 2611 1696 dura:
2651 1643 2900 1697 subeunt
2934 1641 3267 1698 discrimina
3298 1658 3474 1701 curae.

1946 1728 2167 1800 Quippe
2200 1743 2368 1785 suum
2397 1733 2656 1786 castrum
2692 1731 2845 1802 quod
2899 1731 3126 1786 nomine
3179 1732 3586 1875 dicitu(i;u§l)ra-

3196 1818 3323 1858 rum
3513 1847 3529 1873 ,

3196 1818 3323 1858 rum
3359 1818 3529 1873 (643),

1944 1889 2085 1945 Dum
2119 1888 2306 1943 fuerat
2340 1903 2600 1960 peregre,
2645 1903 2952 1960 pervasum
3005 1889 3206 1946 fraude
3251 1889 3583 1957 latronum;

1944 1978 2096 2033 Mors
2128 1992 2357 2048 quoque
2389 1977 2599 2033 Lotarii
2632 1978 2775 2047 (644)
2811 1977 2967 2047 regis
2997 1978 3206 2034 diffusa
3242 1994 3342 2049 per
3373 1979 3576 2035 urbes.

1946 2066 2045 2120 HIS
2074 2069 2507 2136 consternatus,
2536 2066 2749 2122 tacitus
2780 2066 3079 2137 paulisper
3097 2068 3336 2136 agebat;

1946 2154 2054 2210 Sed
2087 2154 2452 2211 confortatus
2481 2154 2730 2211 animum
2757 2154 3014 2225 virisque
3045 2155 3336 2224 trahebat,

1946 2242 2331 2313 Miliciamque
2363 2257 2523 2299 suam
2556 2243 2834 2315 populum
2868 2243 3026 2300 cives
3045 2243 3410 2299 Trevirorum

1950 2332 2238 2401 Aggregat
2268 2331 2323 2386 in
2355 2337 2637 2401 castrum,
2669 2330 3061 2388 circumdedit
3090 2330 3418 2400 obsidione,

1950 2422 2089 2476 Post
2112 2434 2446 2491 paucosque
2475 2419 2618 2491 dies,
2646 2422 2747 2477 sed
2772 2436 2886 2478 non
2911 2422 3038 2476 sine
3070 2420 3369 2491 sanguine,
3392 2424 3588 2492 cepit;

1948 2508 2014 2563 Et
2049 2508 2156 2564 sibi
2196 2508 2449 2565 vicinum
2481 2511 2801 2565 Nanterum
2835 2510 2981 2581 (645)
3016 2509 3244 2565 nomine
3275 2508 3518 2565 clarum.

1949 2597 2223 2652 Preterea
2257 2597 2450 2653 missis
2478 2597 2569 2653 hic
2598 2598 3055 2668 circumquaque
3087 2597 3398 2665 ministris,

1952 2684 2262 2740 Pontiﬁces
2291 2690 2350 2739 et
2383 2685 2667 2755 primores
2697 2684 2935 2753 collegit
2967 2686 3022 2740 in
3057 2700 3229 2740 unum
3274 2685 3423 2756 (646)

1951 2772 2075 2837 Quo
2108 2772 2232 2828 ﬂuit
2257 2771 2311 2826 in
2335 2773 2553 2828 Renum
2583 2772 2813 2829 Mosella
2849 2773 3028 2829 decus
3048 2773 3375 2843 fluviorum,

1951 2864 2019 2918 Et
2051 2875 2220 2931 quem
2251 2859 2477 2932 predixi
2509 2859 2657 2932 (647)
2683 2860 3049 2917 Counradum
3076 2860 3305 2916 nomine
3330 2875 3523 2931 regem

1952 2948 2384 3019 Constituitque
2408 2951 2530 3004 suis
2563 2949 2714 3005 hunc
2740 2949 2918 3005 rebus
2950 2947 3358 3005 bonoriﬁcavit

1951 3040 2019 3094 Et
2050 3041 2318 3110 sumptu;
2352 3053 2481 3093 mox
2509 3038 2660 3094 hunc
2693 3036 2761 3094 ad
2783 3038 2963 3109 Aquis
2983 3041 3243 3094 castrum
3280 3050 3596 3109 properan-

3379 3126 3538 3198 [tem,

1871 3197 1919 3258 (ἶ
1949 3218 2042 3285 Ut,
2067 3228 2171 3272 ceu
2204 3229 2326 3271 mos
2376 3218 2639 3271 veterum
2689 3219 2940 3286 constat,
2977 3214 3351 3271 benediccrct
3383 3197 3591 3285 illum,

1951 3304 2363 3375 Prosequitur;
2398 3304 2500 3360 sed
2532 3318 2645 3359 non
2669 3303 2957 3375 quondam
2991 3304 3309 3375 procedere
3338 3302 3525 3375 quivit

1950 3396 2063 3450 llac
2096 3408 2158 3449 re
2184 3393 2332 3450 velle
2364 3408 2553 3462 suum,
2590 3394 2721 3464 quia
2757 3392 2954 3464 presul
2991 3392 3353 3450 Coloniensis

1951 3485 2068 3540 lloc
2101 3482 2435 3554 interrupit,
2469 3482 2694 3554 proprii
2717 3482 2933 3540 dicens
2962 3482 3083 3539 fore
3108 3480 3259 3551 juris

1954 3572 2204 3641 Ungcret
2237 3574 2296 3627 ut
2331 3571 2746 3641 regem.Cujus
2775 3571 2821 3626 si
2854 3570 2988 3641 quis
3032 3571 3313 3626 rationem

1953 3658 2332 3715 Considerare
2361 3658 2505 3713 velit
2535 3659 2713 3714 citius
2743 3672 3103 3728 cognoscere
3137 3659 3346 3728 quibit,

1953 3747 2114 3813 Quod
2133 3746 2375 3802 rationis
2399 3746 2508 3813 ‘°“,
2525 3746 2688 3816 inops
2711 3760 3021 3815 numquam
3045 3745 3369 3801 subsistere
3386 3745 3592 3816 possit.

1954 3836 2145 3892 Clarct
2178 3834 2327 3890 enim
2373 3832 2621 3900 cunctis,
2658 3833 2928 3902 quoniam
2986 3831 3079 3865 ⁴⁰⁸³
3128 3832 3346 3902 primas
3391 3833 3601 3888 Trebe-

3335 3919 3549 3991 [rensis

1953 4010 2231 4067 Omnibus
2263 4008 2530 4066 ecclesiis
2564 4007 2854 4064 Gallorum
2875 4007 3312 4079 Germaniaeque

1952 4099 2255 4155 Presideat
2282 4098 2433 4169 jure,
2470 4112 2582 4168 quo
2616 4111 2836 4154 summa
2869 4097 3103 4168 negotia
3127 4110 3373 4169 quzeque

1952 4189 2251 4259 Disponat,
2288 4187 2443 4244 Sicut
2470 4185 2736 4258 legimus,
2771 4202 2901 4243 cum
2935 4190 3201 4243 mortuus
3231 4188 3387 4242 esset

1953 4276 2282 4347 Lotbarius,
2318 4276 2605 4347 quondam
2638 4290 2739 4332 rex
2782 4275 2947 4347 falso,
2991 4277 3094 4333 sed
3145 4290 3321 4333 verus
3369 4273 3603 4332 adulter

1952 4366 2242 4435 Existens,
2273 4365 2538 4421 Treberi;
2569 4380 2699 4422 cum
2731 4364 2925 4422 nullus
2954 4365 3268 4437 episcopus
3310 4367 3491 4432 esset,

1953 4455 2347 4525 Thietgaudus
2375 4455 2643 4526 quoniam
2670 4453 2871 4526 presul
2902 4454 3248 4525 peregrinus
3270 4451 3526 4509 obisaet:

3522 4158 3549 4187 ί

1875 4556 1925 4615 Ι)
1957 4543 2062 4610 Qui
2092 4549 2231 4601 tunc
2260 4543 2455 4615 presul
2490 4549 2616 4600 erat
2649 4542 3086 4599 Adventiusille
3119 4540 3392 4597 Metensis

1960 4633 2015 4686 In
2051 4633 2179 4688 vice
2210 4633 2480 4704 primatis
2512 4631 2780 4687 liarolum
2808 4661 2879 4670 —
2907 4630 3071 4699 quasi
3098 4628 3324 4684 tercius
3346 4625 3447 4682 illo

1958 4721 2196 4777 Nomine
2229 4718 3087 4792 pollcbat—statuitregemque
3121 4714 3377 4772 sacravit
3427 4713 3598 4786 (648).

1961 4808 2070 4865 Sed
2104 4811 2295 4866 forsan
2330 4809 2546 4876 dicent,
2583 4808 2736 4878 quod
2767 4820 2966 4862 eorum
2999 4803 3197 4877 presul
3229 4802 3473 4859 obisset.

1958 4900 2133 4969 Tunc,
2167 4898 2341 4953 etiam
2373 4898 2524 4967 quod
2561 4910 2878 4952 nosverum
2910 4895 3034 4949 fore
3056 4908 3169 4948 nou
3201 4892 3597 4963 reprobamus.

2030 4988 2191 5042 Vcrs.
2230 4989 2357 5042 103.

1556 5084 1792 5143 VARI/1‘3
1835 5085 2234 5173 LECTIONES.

263 5211 357 5247 ⁴⁰⁴⁴
386 5211 477 5269 vcl
507 5209 776 5268 veritatis
803 5222 1093 5283 superscr.
1120 5224 1168 5267 ο.
1202 5209 1294 5244 ⁸⁰⁸⁵
1322 5210 1408 5268 ita
1434 5211 1865 5269 emendandum
1894 5210 1986 5267 est
2008 5210 2078 5265 P.
2112 5239 2183 5250 -—
2211 5221 2380 5279 quam
2412 5220 2460 5265 ο.

1797 5308 2018 5364 ΝΟΤίΕ.

296 5411 425 5482 640)
455 5409 521 5464 V.
558 5408 733 5482 Gesta
764 5406 945 5464 addit.
980 5422 1032 5466 c.
1060 5410 1143 5478 10,
1178 5408 1264 5464 19.

296 5481 426 5538 641⁷)
459 5482 570 5535 An.
611 5481 768 5534 1132.

298 5553 428 5609 642)
464 5553 568 5607 An.
604 5553 926 5606 1136-1137.

298 5565 429 5693 64ης
464 5565 568 5607 An.
604 5565 926 5606 1130-1137.
1020 5619 1031 5631 _

275 5565 430 5765 ἐξῇ)
803 5619 1169 5678 Baldericum
1197 5633 1256 5677 c.
1298 5622 1382 5676 15.

300 5696 430 5764 644)
462 5694 750 5749 An.1137.

2056 5408 2181 5477 645)
2221 5402 2660 5477 Nantersburcb
2695 5416 2793 5473 ap.
2828 5398 3185 5457 Baldericum
3210 5397 3247 5456 l.
3284 5399 3321 5455 l.

2056 5476 2510 5550 646)7An.1188.
2763 5542 2797 5550 μ,
3170 5542 3180 5550 _
3305 5540 3337 5550 __
3494 5539 3566 5550 ,,

2034 5539 2353 5617 647)Ἠιιηο
2384 5548 2594 5603 auctor
2639 5542 2978 5617 neutiquam
3030 5540 3378 5608 nominavit;
3409 5539 3509 5598 sed
3555 5540 3608 5595 in

1967 5614 2159 5676 Gestis
2191 5620 2353 5675 Cont.
2379 5632 2428 5674 c.
2456 5620 2544 5687 27,
2576 5618 2646 5673 28
2673 5614 3021 5687 appellatur.

2042 5694 2193 5765 (648)
2226 5692 2291 5748 V.
2328 5689 2683 5760 Reginonem
2719 5700 2768 5742 a.
2800 5689 2932 5743 869.
