3968 6380
437 306 590 374 1303

429 466 499 522 Αἱ
533 465 644 524 sibi
673 467 959 542 subjectis
989 473 1132 533 vicis
1161 478 1285 550 ejus
1310 477 1439 550 jura
1471 479 1686 539 licebat

431 555 605 614 Ocius
629 558 888 632 implere,
923 562 1032 620 sibi
1063 564 1158 622 lex
1191 567 1238 624 si
1275 570 1466 640 prisca
1503 572 1760 645 favisset,

427 645 607 712 Quam
640 649 810 707 modo
841 652 1062 711 divitiis
1092 655 1316 714 calcant
1349 659 1618 732 fastuque
1642 664 1925 736 moderni,

425 735 516 803 Ut,
551 737 682 808 quia
712 742 1020 812 pauperior
1049 748 1142 800 est
1168 745 1273 803 hec
1305 749 1476 806 sedes
1497 752 1896 824 Treberensis,

421 825 738 898 Propterea
771 829 844 886 sit
877 837 934 886 et
966 832 1206 891 inferior
1239 834 1632 908 locupletibus
1661 840 1799 899 illis.

419 914 534 970 Hec
563 917 734 973 modo
764 919 1292 980 suiliciant.Albero
1323 929 1516 982 tamen
1548 932 1850 999 satagebat

417 1002 593 1072 Regis
623 1005 694 1060 ad
725 1007 1067 1080 obsequium
1101 1027 1203 1082 pre
1238 1015 1466 1070 eunetis
1498 1031 1632 1072 esse
1668 1025 1908 1091 paratus

417 1090 540 1148 Rex
569 1108 800 1166 quoque
831 1111 934 1169 pre
976 1098 1223 1171 reliquis
1253 1101 1405 1159 hunc
1447 1090 1680 1177 semper
1729 1109 1948 1166 honore
1969 1127 2064 1168 cos

1807 1197 2008 1272 [lebat,

415 1269 551 1340 Ejus
581 1271 844 1330 consiliis
875 1275 1084 1334 crebro
1110 1276 1360 1336 feliciter
1392 1297 1550 1351 usus,

414 1359 697 1432 Precipue
731 1365 961 1434 quando
991 1367 1248 1423 Saxones
1278 1382 1435 1424 arma
1467 1373 1748 1430 movendo

411 1446 648 1508 Viribus
673 1451 952 1510 inmensis
985 1455 1136 1513 hunc
1169 1456 1442 1515 infestare
1466 1463 1769 1531 parabant.

411 1537 535 1604 Quo
560 1546 794 1612 sumptu
823 1557 1027 1612 magno
1059 1547 1299 1602 veniens
1329 1554 1384 1604 et
1418 1551 1602 1606 milite
1638 1552 1840 1624 multo,

411 1626 677 1686 Obtinuit
710 1629 898 1688 laudis
931 1633 1293 1707 palmamque
1318 1653 1439 1694 sua:
1468 1641 1803 1710 probitatis.

407 1715 524 1772 Hoc
559 1719 849 1776 mediante
881 1726 1073 1779 tamen
1109 1739 1208 1796 per
1238 1727 1398 1798 pacis
1430 1730 1832 1787 condicionem

405 1803 689 1863 Omissum
724 1809 960 1880 bellum,
999 1813 1364 1886 populusque
1397 1817 1629 1874 domum
1677 1823 1982 1878 remeavit.

474 1895 585 1951 Pro
615 1897 828 1968 quibus
855 1914 918 1954 ac
955 1900 1084 1958 aliis
1129 1903 1200 1958 ab
1233 1906 1433 1960 eodem
1477 1913 1592 1963 tam
1654 1911 1798 1966 bene
1847 1913 2055 1981 gestis,

402 1981 467 2037 Et
495 1984 626 2054 quia
659 2001 772 2041 non
801 1988 959 2058 justc
981 1991 1282 2048 subtracta
1311 1994 1416 2050 fuit
1440 1997 1784 2053 'l‘reberensi

403 2071 702 2143 Ecclesiae,
737 2077 1025 2146 quondam
1059 2078 1130 2135 de
1159 2082 1328 2152 cujus
1365 2086 1727 2155 proprietate
1821 2129 1831 2138 .

401 2161 470 2214 Et
513 2162 689 2220 fundo
720 2180 854 2220 vere
889 2165 1105 2235 legitur
1133 2175 1473 2228 constructa
1509 2175 1711 2246 fuisse,

399 2249 469 2303 [ἰ
507 2255 857 2310 testamenta
893 2254 1038 2324 (649)
1073 2259 1330 2315 referunt
1364 2263 1471 2316 sub
1505 2266 1733 2322 nomine
1778 2284 1976 2338 regum

400 2335 506 2401 Qui
539 2340 905 2408 Dagobertus
929 2344 1169 2414 l’ipinus
1202 2349 1561 2420 Karolusque
1597 2335 1855 2422 fuerunt,

398 2426 554 2480 lianc
585 2428 875 2484 abbatiam
909 2432 1195 2489 Maximini
1231 2436 1456 2492 nomine
1477 2439 1690 2497 dictam

396 2514 518 2568 Rex
544 2514 652 2570 sibi
686 2517 970 2586 restituit,
999 2521 1171 2576 Petro
1201 2538 1306 2594 per
1328 2540 1575 2596 cumque
1603 2530 1771 2587 beato
1795 2535 1968 2602 (650).

395 2603 504 2659 Sed
538 2605 819 2674 monachi,
854 2606 1023 2677 pulso
1051 2611 1253 2680 paucis
1296 2613 1506 2670 abbate
1541 2618 1837 2677 Gerliardo

392 2693 540 2746 Ante
572 2691 800 2763 diebus,
834 2695 885 2749 ei
935 2712 1065 2752 mox
1100 2701 1383 2768 quendam
1419 2705 1878 2781 substituerunt,

390 2779 654 2849 Ignotum
689 2798 932 2853 prorsus
967 2800 1236 2858 persona,
1273 2790 1585 2859 religione;

391 2869 553 2925 llunc
585 2875 644 2925 et
673 2871 960 2928 distracto
993 2876 1193 2946 templi
1227 2878 1447 2936 duxere
1481 2884 1713 2941 metallo

391 2957 665 3015 Vestibus
698 2968 872 3030 atque
905 2964 1090 3019 sacris
1121 2967 1394 3023 Romanis
1426 2969 1634 3042 hisque
1657 2979 1961 3049 coemptis,

389 3046 548 3102 llunc
581 3049 652 3103 ab
681 3051 1007 3120 apostolico
1032 3057 1398 3113 mercedibus
1425 3061 1810 3122 obtinuerunt

390 3135 674 3192 Abbatem
711 3138 832 3194 fieri
867 3140 936 3196 de
966 3157 1123 3198 more
1155 3143 1382 3215 sibique
1415 3151 1658 3206 sacrari.

387 3225 457 3278 Et
487 3225 892 3283 confirmatum
930 3230 1117 3286 banno
1144 3236 1580 3306 metropolitani

385 3313 733 3385 Exumptum
763 3316 877 3386 juri
901 3316 1352 3392 libertatemque
1383 3328 1558 3396 tueri,

386 3402 618 3458 Acriter
649 3410 977 3475 exposcunt
1009 3407 1180 3480 (651),
1214 3411 1662 3487 exultantesque
1719 3422 2027 3499 reducunt,

385 3489 665 3560 Huncque
697 3506 818 3548 sua:
841 3493 964 3550 sedi
995 3497 1504 3569 superimposucre
1549 3505 1820 3564 latenter.

385 3578 486 3632 llis
519 3581 943 3638 certaminibus
976 3588 1322 3655 pertransiit
1353 3591 1581 3662 integer
1609 3610 1824 3655 annus.

454 3666 578 3732 Quo
607 3669 847 3738 grandis
883 3671 1034 3729 facto
1064 3676 1249 3730 crevit
1281 3682 1734 3751 metr0p0litano

381 3755 551 3826 Cura,
588 3758 742 3828 quod
777 3759 881 3816 hec
908 3764 1070 3817 tanta
1104 3764 1215 3820 sibi
1250 3767 1338 3822 vis
1363 3768 1524 3825 illata
1561 3773 1766 3830 fuisset

378 3845 879 3919 Contemptusque
911 3851 1108 3919 gravis
1140 3854 1212 3908 ab
1243 3855 1330 3911 eis
1362 3871 1508 3927 quos
1539 3875 1769 3933 semper
1807 3869 2020 3924 amavit

373 3932 668 4004 Romanis,
697 3951 942 4007 quorum
975 3954 1102 3996 sese
1134 3941 1353 4000 virtute
1389 3949 1612 4016 putavit

374 4022 587 4079 Omnes
615 4025 711 4095 qui
745 4026 966 4084 vellent
998 4043 1059 4086 se
1089 4030 1286 4090 ledere
1315 4035 1549 4093 vincere
1573 4054 1769 4110 posse.

372 4109 482 4164 Sed
515 4110 612 4180 qui
645 4113 716 4168 ad
747 4113 854 4170 hec
888 4120 1486 4186 ageretmecastrum
1529 4109 1826 4200 rumperet
1849 4131 2015 4207 illud,

371 4197 510 4262 Quae
535 4200 647 4255 sibi
683 4201 1020 4263 detulerant
1051 4223 1216 4280 papze
1241 4213 1509 4268 mandata
1561 4197 1871 4288 vetabant;

367 4286 768 4359 lntroitusque
801 4292 1042 4365 suisque
1075 4295 1184 4352 sibi
1216 4299 1476 4368 nonjure
1502 4311 1774 4372 negatus.

365 4364 505 4436 Ipse
538 4371 732 4426 tamen
767 4371 924 4429 cives
948 4364 1017 4430 ad
1054 4375 1192 4432 talia
1231 4364 1380 4435 bella
1417 4364 1679 4441 furentes

363 4456 583 4513 Crebro
613 4458 784 4515 minis
817 4463 1210 4534 precibusque
1241 4467 1361 4523 suis
1393 4470 1462 4523 ab
1495 4471 1580 4528 eis
1618 4479 1932 4534 revocavit.

363 4543 550 4602 Motus
581 4553 850 4618 preterea
885 4566 988 4607 sua
1022 4553 1174 4622 quod
1214 4554 1428 4624 legatio
1454 4566 1650 4630 spreta

359 4633 528 4689 Esset
562 4635 634 4691 ab
664 4637 937 4694 ecclesiis
966 4639 1058 4696 hic
1083 4645 1532 4717 presulibusque
1561 4651 1930 4728 quibusdam,

363 4721 646 4781 Omnibus
678 4725 957 4797 impensis
980 4729 1217 4787 Romam
1249 4733 1494 4792 festinus
1515 4738 1716 4810 adivit,

356 4809 771 4886 Expositisque
793 4817 902 4875 viae
932 4819 1146 4886 causis,
1173 4836 1436 4894 papaque
1466 4826 1715 4900 favente,

357 4897 621 4956 Obtinuit
657 4917 785 4972 quia
817 4907 958 4962 tunc
988 4906 1192 4978 voluit,
1223 4909 1525 4984 victorque
1556 4897 1798 4974 redivit.

420 4987 592 5046 Vers.
634 4996 760 5050 153.

991 315 1257 386 GESTA
1289 323 1642 392 THEVER.
1675 363 1754 378 --
1799 327 2157 404 APPEND.
2207 333 2479 407 GESTA
2511 344 2980 418 ALBERONIS
3017 353 3264 422 ARCH.

3682 369 3828 437 1804

2101 482 2157 542 Α
2191 494 2498 584 Atquesui
2531 499 2650 558 voti
2680 518 2916 576 compos
2948 507 3212 584 effectus,
3245 518 3311 570 ut
3337 512 3483 576 illud

2189 582 2501 642 Cenobium
2537 601 2767 661 semper
2799 593 2911 650 sibi
2943 582 3391 662 successoribus
3419 612 3602 679 atque

2184 669 2353 726 Esset
2386 675 2734 751 subjectum,
2766 697 2869 754 per
2896 688 3404 764 apostolicumque
3435 669 3698 768 sigillum

2183 760 2298 817 ll'ac
2333 777 2392 818 re
2427 763 2709 824 firmatam
2735 773 2994 832 referens
3019 793 3123 848 pro
3149 760 3387 840 munere
3409 760 3637 846 cartam
3664 793 3828 864 (652).

2253 852 2358 906 Sed
2391 857 2660 922 graviora
2695 861 2859 917 malis
2886 870 3020 920 sunt
3052 874 3178 924 orta
3212 872 3510 942 prioribus
3533 878 3690 936 exin.

2180 939 2314 994 Nam
2349 947 2648 1004 monachis
2681 950 2897 1008 factum
2932 955 3122 1012 fuerat
3151 939 3530 1030 presentibus
3574 969 3761 1028 istud.

2178 1027 2274 1084 llis
2301 1035 2356 1084 et
2391 1037 2752 1104 apostolicus
2775 1039 2959 1110 jussit
3001 1027 3437 1121 metropolitani

2178 1117 2360 1176 Dictis
2390 1136 2616 1194 parere,
2653 1127 2826 1186 simul
2855 1133 3053 1191 abbati
3097 1117 3210 1208 per
3231 1141 3470 1200 eosdem

2174 1209 2452 1269 Ecclesize
2484 1215 2716 1275 domum
2748 1219 3107 1282 demandans
3134 1231 3575 1303 suscipiendum

2175 1297 2326 1355 Nutu
2358 1303 2652 1372 pontificis
2683 1309 2961 1381 sedisque
2993 1329 3164 1373 manu
3191 1297 3595 1382 Treberensis.

2173 1385 2280 1442 Sed
2325 1404 2452 1446 cum
2485 1392 2722 1452 decreto
2761 1399 3018 1458 Romano
3059 1406 3292 1475 presule
3342 1409 3567 1485 spreto,

2173 1474 2422 1534 Rursum
2450 1485 2789 1554 conspirant
2826 1489 2960 1546 huic
3007 1474 3431 1570 introitumque
3487 1474 3821 1577 negabant;

2175 1563 2258 1619 Ob
2289 1568 2455 1637 cujus
2487 1573 2676 1629 meriti
2702 1590 2821 1632 rem
2853 1584 2990 1635 sunt
3021 1584 3525 1646 anathematizati.

2175 1652 2283 1708 Sed
2315 1670 2566 1726 querens
2597 1665 2820 1722 veniam
2855 1669 2926 1724 de
2957 1670 3148 1730 banno
3180 1675 3432 1735 solvitur
3463 1682 3673 1742 abbas.

2177 1742 2244 1796 At
2281 1749 2540 1804 monachi
2575 1765 2838 1822 magnum
2862 1771 3040 1829 super
3077 1761 3182 1820 hoc
3231 1765 3424 1824 fecere
3477 1773 3818 1848 tumultum,

2089 1847 2142 1909 Β
2176 1830 2243 1884 Et
2277 1836 2545 1894 comitem
2579 1843 2756 1898 castri
2789 1846 3226 1910 Lucelenburhc
3257 1861 3427 1913 antea
3459 1859 3622 1933 dicti,

2177 1918 2283 1984 Qui
2315 1921 2642 1985 defensoris
2673 1946 2877 1990 nomen
2911 1947 3255 2010 susceperat
3289 1944 3494 2005 horum

2171 2007 2554 2082 Pontiﬁcique
2585 2016 2753 2076 ﬁdem
2779 2007 3535 2109 juraveratiauxiliumque,

2169 2095 2304 2150 Cum
2338 2101 2727 2172 septingentis
2751 2117 3090 2183 corruptum
3125 2133 3270 2188 pene
3300 2095 3560 2197 talentis,

2165 2183 2389 2242 Fraude
2418 2189 2668 2263 doloque
2703 2195 2814 2253 fide
2847 2201 3030 2271 prima
3061 2183 3152 2262 vel
3186 2207 3382 2267 federe
3408 2183 3606 2288 rupto,

2163 2273 2430 2332 Etiiciunt
2465 2289 2792 2354 promptum
2827 2304 2941 2359 quo
2975 2292 3125 2350 bella
3157 2305 3415 2356 moveret
3450 2273 3514 2360 ent
3544 2273 3705 2365 arma

2165 2363 2268 2426 Qui
2299 2365 2478 2422 veluti
2513 2373 2701 2430 nostis
2731 2381 2791 2431 ut
2815 2380 3264 2444 crudelissimus
3295 2388 3504 2463 hostis,

2160 2452 2412 2510 Cedibus
2443 2471 2509 2512 ac
2544 2463 2739 2529 predis
2767 2470 3032 2538 capturis
3063 2472 3331 2543 pluribus
3362 2452 3532 2548 actis,

2157 2541 2326 2598 Sacra
2363 2547 2712 2620 profanavit,
2748 2554 2920 2613 villas
2943 2573 3009 2615 ac
3039 2541 3254 2634 templa
3279 2571 3583 2628 cremavit.

2156 2631 2274 2686 Heu
2310 2634 2483 2702 pudet
2519 2645 2773 2698 armatas
2805 2645 2957 2704 acies
2987 2631 3334 2726 hostemque
3363 2663 3688 2732 superbum

2153 2717 2234 2772 Ad
2270 2727 2492 2790 portam
2519 2726 2718 2784 Martis
2750 2735 3056 2806 sanctique
3083 2717 3573 2817 fores.Syme‘onis

2153 2806 2456 2878 Clavigero
2490 2815 2596 2870 celi
2632 2823 2927 2879 contraria
2962 2826 3124 2896 signa
3156 2806 3404 2890 tulisse!

2150 2895 2270 2950 Non
2306 2896 2468 2956 locus
2503 2903 2593 2960 hic
2628 2921 2792 2964 muro
2825 2912 2927 2967 sed
2959 2895 3058 2970 vili
3093 2919 3274 2989 prelia
3299 2923 3474 2996 vallo,

2149 2983 2544 3059 llostilemqne
2578 3008 2803 3052 manum
2838 2983 3112 3072 perpauci
3147 3011 3516 3072 sustinuere.

2147 3071 2266 3128 Non
2298 3079 2489 3133 tamen
2537 3080 2790 3142 inmunis
2820 3089 2890 3144 de
2918 3071 3084 3149 clade
3124 3101 3418 3168 superfuit
3449 3103 3668 3180 hostis,

2147 3160 2254 3218 Sed
2288 3179 2504 3234 majore
2535 3172 2625 3226 sui
2657 3173 2907 3248 dampno
2937 3160 3219 3242 multatus
3241 3188 3442 3246 adivit.

2145 3250 2408 3312 Vidimus
2439 3258 2509 3313 ad
2541 3265 2772 3326 pontem
2801 3270 3000 3325 vesani
3034 3275 3288 3343 presulis
3337 3291 3546 3348 agmen

2143 3339 2278 3408 Igne
2315 3343 2532 3418 furens,
2561 3349 2613 3404 in
2649 3356 2800 3410 tecta
2826 3339 3108 3430 ruens,_et
3144 3364 3271 3420 fana
3298 3369 3650 3438 profanans.

2141 3430 2286 3489 Aula
2314 3434 2410 3488 Dei
2444 3439 2664 3509 matris,
2703 3457 2872 3512 quam
2917 3451 3205 3518 quondam
3263 3430 3366 3512 rex
3421 3461 3802 3531 Dagobertus

2142 3521 2432 3593 Condidit,
2469 3525 2694 3598 irrupta
2723 3533 3084 3608 ﬂammisque
3113 3544 3431 3603 voracibus
3457 3555 3612 3622 usta,

2139 3607 2478 3668 Sanctorum
2501 3615 2877 3692 thecas,quas
2900 3607 3117 3698 reperit
3141 3629 3236 3688 hic
3258 3646 3440 3704 super
3473 3635 3569 3671 ⁴⁰⁴⁶
3598 3607 3792 3715 Ἴἕψεις»,

2137 3696 2418 3756 Districto
2447 3702 2645 3771 gladio
2677 3709 2844 3768 miles
2874 3696 3091 3772 occidit
3122 3733 3350 3791 avarus,

2133 3785 2246 3840 Par
2278 3789 2595 3862 habuitque
2618 3797 2803 3856 solum
2840 3802 3119 3862 factorem
3159 3787 3580 3885 reliquiasque.

2134 3873 2395 3934 Vidimus
2424 3879 2652 3952 impleri
2683 3889 2838 3958 quod
2870 3893 2943 3948 ab
2970 3895 3272 3954 Ezechiele
3290 3873 3580 3976 refertur,

2133 3961 2297 4030 Quod
2328 3965 2653 4029 violaturus
2683 3973 2793 4034 hoc
2819 3981 3162 4040 emissarius
3193 3991 3352 4045 esset

2129 4052 2458 4112 Archanum
2514 4061 2738 4120 Domini
2796 4067 3014 4137 (Ezeclt
3065 4088 3162 4144 vn,
3195 4078 3316 4148 22).
3355 4078 3466 4136 Sed
3515 4096 3631 4140 non
3681 4083 3787 4143 im-

3272 4163 3449 4240 [pune
3483 4174 3784 4240 patratum

2125 4221 2246 4278 Hoc
2277 4223 2500 4281 scelus.
2539 4225 2610 4280 Ut
2645 4224 2815 4283 villas
2846 4227 3176 4300 aliquantas
3206 4221 3612 4313 ecclesiasqu

2124 4311 2322 4386 Hostis
2348 4314 2670 4371 combussit
2701 4321 2762 4372 et
2795 4315 2994 4388 plures
3027 4336 3196 4378 urere
3221 4323 3424 4398 jussit,

2121 4397 2329 4456 Presul
2360 4416 2490 4458 eum
2523 4417 2652 4459 cum
2686 4403 2895 4461 milicia
2933 4414 3062 4478 post
3095 4413 3259 4482 terga
3284 4397 3532 4474 secutus

2121 4487 2402 4560 Occupat,
2437 4493 2495 4546 et
2528 4489 2726 4548 multis
2757 4507 2828 4548 ex
2849 4494 2978 4564 ejus
3009 4497 3237 4566 agmine
3271 4503 3489 4576 captis,

2035 4560 2088 4620 D
2119 4576 2393 4634 Pluribus
2425 4579 2652 4650 occisis,
2684 4560 3001 4652 aliquantis
3030 4560 3378 4661 debilitatis,

2119 4663 2464 4720 Accelerare
2496 4667 2686 4735 fugam
2714 4669 2954 4726 Domino
2982 4672 3302 4733 miserante
3350 4680 3545 4751 coegit
3596 4680 3769 4758 (653).

2111 4754 2235 4807 Jam
2269 4753 2456 4809 fuerat
2489 4755 2729 4824 quintus
2759 4757 2934 4827 hujus
2963 4764 3307 4823 certaminis
3336 4781 3550 4841 annus,

2111 4841 2469 4912 Expulsique
2497 4842 2628 4900 loco
2659 4849 2792 4902 sunt
2817 4846 2899 4902 illi
2935 4850 3167 4908 maximi
3191 4854 3378 4927 juste,

2111 4928 2465 5001 Sui’fectique
2497 4932 2610 4989 sibi
2643 4935 2904 4992 monachi
2935 4943 3072 4995 sunt
3112 4941 3423 5014 religiosi;

2181 5018 2350 5076 Vers.
2386 5025 2516 5078 203.

1718 5135 1951 5192 VARIE
1982 5139 2276 5200 LECTION
2283 5145 2382 5201 ES.

414 5211 508 5246 ⁶⁰⁵⁰
539 5229 712 5288 supra
743 5218 822 5275 0.?

1933 5337 2155 5396 NOTE.

409 5441 934 5540 (gypnyzrc‘hartas
974 5465 1174 5540 regum
1235 5469 1332 5540 ap:
1381 5457 1698 5537 'llontheim
1747 5463 1897 5523 Hist.
1940 5470 1982 5540 Ι,

336 5466 1391 5586 ρ.ἳὲἕξγρόζιἓὲδὲῗὲθέθὲἓίἷέωθὲάρί

687 5583 851 5668 regis
879 5591 1132 5668 diploma
1166 5595 1266 5666 ib.,
1293 5613 1346 5668 p.
1379 5603 1501 5655 541.

404 5653 548 5726 (651)
576 5659 642 5714 V.
683 5653 1007 5719 Innocentii
1039 5653 1306 5724 chartam
1555 5669 1683 5728 543.

2173 5471 2323 5566 (ῷδξὶξ
2377 5475 2812 5566 V.ulnnocentii
2869 5479 3085 5540 bullam
3145 5484 3396 5547 alteram
3447 5506 3548 5566 ap.
3596 5493 3748 5550 Hon-

2097 5542 2341 5630 wall”,
2358 5565 2423 5630 P:
2451 5549 2571 5630 557:
2595 5619 2608 5630 .
2687 5620 2698 5630 .

2167 5615 2316 5688 (653)
2351 5615 2430 5678 Cf.
2471 5619 2833 5680 Balderieum
2867 5637 2919 5680 c.
2952 5627 3048 5682 20.
