3968 6306
176 309 337 380 1305

175 465 327 536 Quis
353 480 384 524 a
419 461 692 540 pontiﬁce
723 464 1066 539 preponitur
1095 464 1240 522 abba
1275 464 1511 536 Sigerus
1541 465 1688 539 (654)

175 557 291 624 Qui
325 557 494 630 prius
522 553 750 613 electus
781 555 850 610 ab
881 553 1318 626 apostolicoque
1350 561 1633 627 sacratus,

173 648 327 704 Post
360 643 852 702 aaatematizatus
881 647 1084 713 estque
1116 644 1550 702 reconciliatus.

174 737 305 792 Ista
335 736 450 791 sub
484 737 802 804 autumpno
833 737 967 788 sunt
999 733 1180 804 prelia
1213 737 1374 803 gesta
1411 733 1635 802 bienni;

177 824 346 890 Quos
377 823 598 879 hiemes
629 821 804 878 validi
838 821 995 877 venti
1030 821 1353 894 pluviaeque
1389 824 1548 880 fuere

180 915 328 970 Cum
363 926 569 982 magno
605 910 794 982 plebis
823 910 1071 982 dampno
1102 911 1436 983 gemituque
1467 914 1690 982 secuti;

176 1003 431 1073 Jamque
465 1001 783 1072 putabatur
817 1015 927 1071 pax
957 1005 1124 1070 parta
1159 1001 1440 1071 quiesque
1473 1003 1687 1060 futura.

257 1091 372 1147 Sed
424 1104 598 1146 secus
649 1089 756 1145 hoc
805 1089 1006 1155 cessit,
1057 1090 1188 1161 quia
1235 1096 1494 1148 castrum
1547 1093 1697 1151 forte
1747 1109 1835 1151 re-

1601 1183 1832 1256 [mansit

180 1267 447 1324 Predicti
475 1266 723 1335 comitis,
758 1266 910 1338 quod
941 1268 1102 1322 abest
1137 1269 1248 1324 tria
1280 1269 1436 1326 milia
1465 1271 1653 1341 nobis,

180 1355 430 1414 Nomine
462 1354 786 1411 Butolicum
817 1353 909 1388 ⁴⁰⁴⁷
941 1355 1088 1428 (655)
1122 1356 1277 1428 quod
1317 1357 1568 1430 presulis
1608 1360 1834 1430 agmine

1598 1448 1833 1520 [dudum

183 1534 504 1591 Obsessum
541 1533 748 1601 fuerat,
783 1533 884 1589 sed
919 1534 989 1589 ab
1020 1534 1321 1591 obsidione
1353 1536 1629 1607 solutum,

184 1623 329 1680 Cum
349 1620 554 1694 presul
571 1621 799 1678 comitis
815 1628 1108 1694 premeret
1126 1629 1354 1694 tergum
1373 1626 1646 1696 fugientis
1662 1627 1829 1699 (656).

184 1711 301 1768 Sed
333 1710 639 1768 castellani
672 1709 954 1768 dederant
985 1727 1047 1768 se
1080 1713 1171 1768 vel
1203 1729 1306 1770 sua
1338 1716 1496 1787 paci;

181 1800 372 1871 Inque
405 1798 536 1867 fuga
571 1797 706 1853 belli
734 1813 929 1856 comes
953 1800 1097 1858 hanc
1126 1799 1365 1858 laudare
1391 1807 1650 1861 coactus.

183 1888 261 1944 Ut
293 1902 438 1944 vero
479 1887 667 1960 patuit
703 1886 874 1958 paulo
906 1893 1037 1960 post
1068 1889 1268 1946 fraude
1299 1891 1549 1962 doloque

183 1976 390 2048 Rupit,
425 1990 668 2046 eamque
701 1975 790 2032 sui
822 1975 1117 2034 violarunt
1147 1979 1410 2049 cedibus,
1446 1981 1580 2050 igni.

187 2065 284 2121 Sic
317 2063 528 2134 vulgus
561 2063 832 2121 miserum
865 2066 1054 2137 patrio
1087 2067 1157 2122 de
1192 2067 1374 2125 limite
1402 2069 1652 2141 pulsum,

186 2154 483 2226 Profugus
515 2157 688 2224 atque
720 2167 900 2222 vagus
935 2155 1080 2226 perit
1116 2156 1168 2211 in
1202 2156 1433 2214 diversa
1468 2162 1726 2226 rotatus;

189 2241 420 2313 Quique
453 2249 859 2298 remanserunt
889 2243 1048 2313 operi
1084 2243 1241 2300 nullo
1275 2245 1654 2312 studuerunt;

187 2332 434 2388 Tantum
466 2345 606 2387 cura
641 2330 748 2388 fuit
779 2330 896 2388 illis
926 2337 985 2387 ut
1021 2333 1090 2387 ab
1122 2332 1289 2389 hoste
1322 2335 1592 2392 laterent.

188 2421 314 2476 iam
348 2434 529 2492 pecus
557 2419 873 2477 abductum
905 2421 1066 2490 regio
1094 2427 1438 2494 vastataque
1467 2424 1706 2496 circum,

193 2507 484 2578 Agricolae
517 2507 704 2580 raptis
737 2523 947 2564 annum
980 2509 1192 2565 ﬂevere
1217 2510 1516 2580 juveucis;

193 2597 382 2652 Cessit
418 2595 650 2652 cultura
682 2599 858 2653 terra:
891 2611 994 2668 per
1027 2597 1254 2668 Belgica
1289 2615 1442 2658 rura.

189 2687 375 2742 Hoste
407 2685 619 2742 malum
649 2685 914 2754 faciente,
948 2687 1136 2744 minus
1167 2689 1314 2744 Deus
1339 2693 1425 2746 est
1456 2696 1764 2763 operatus;

191 2775 452 2846 Namque
473 2788 675 2847 pecus,
709 2774 863 2846 quod
887 2776 958 2832 ab
980 2775 1146 2832 hoste
1173 2780 1363 2834 metus
1396 2776 1488 2835 vel
1517 2784 1711 2837 terror
1743 2782 1839 2839 ab-

1696 2871 1810 2926 egit

189 2951 376 3008 Nocte
407 2951 581 3023 lupus
611 2949 881 3008 laniando
913 2953 1070 3009 ferus
1096 2957 1360 3010 vastator
1387 2956 1620 3014 ademit.
1675 2869 1833 2942 [egw

191 3039 301 3108 Qui
347 3055 530 3113 prope
573 3055 676 3097 nos
715 3041 924 3099 fluvius
963 3047 1051 3098 est
1095 3043 1252 3114 Kylia
1296 3043 1444 3117 (657)
1485 3047 1712 3105 nomine
1758 3049 1840 3105 di-

750 305 1014 376 GESTA
1043 305 1398 376 TREVER.
1433 341 1511 356 —-
1541 302 1899 371 APPEND.
1931 300 2200 370 GESTA
2227 302 2698 370 ALBERONIS
2729 301 2979 372 ARCH.

1862 441 1918 502 Α
1948 468 2220 524 Pretcrea
2255 461 2530 537 quicquid
2564 467 2702 520 tunc
2733 459 2950 534 reperit
2983 457 3039 516 in
3071 468 3248 522 cruce
3279 469 3482 528 magna

3427 299 3584 372 £806

1947 556 2123 624 Quam
2159 554 2444 628 quondam
2471 554 2603 609 felix
2627 552 2951 608 Ekebertus
2981 546 3232 606 contulit
3263 544 3382 604 illic
3413 544 3585 620 (658),

1944 648 2196 704 Rursum
2228 645 2551 702 Butolicum
2581 646 2707 698 toto
2737 640 3040 698 conamine
3080 640 3336 695 castrum

1946 735 2328 805 Aggreditur;
2361 731 2460 790 sed
2495 730 2726 787 difﬁcile
2758 727 2914 800 cepit
2945 727 3080 784 licet
3116 723 3281 794 illud,

1945 825 2106 890 Quod
2141 839 2250 880 non
2284 823 2392 879 tida
2425 821 2534 877 sibi
2567 820 2855 877 sociorum
2899 819 3132 888 pectora
3163 811 3371 883 sensit,

1945 914 2052 980 Qui
2085 912 2455 980 castellanos,
2486 911 2602 981 jam
2631 924 2777 980 quos
2803 905 3071 976 angustia
3107 903 3270 976 panis

1945 1002 2164 1058 Dedere
2193 1001 2461 1072 cogebat,
2492 998 2640 1055 clam
2665 1011 2812 1068 pane
2840 995 2977 1051 dato
3011 993 3371 1055 retinebant;

1944 1093 2009 1148 Et
2042 1091 2135 1148 cui
2168 1089 2440 1147 tormenti
2474 1087 2628 1160 quod
2657 1086 2830 1155 vulgo
2864 1097 3062 1154 manga
3097 1085 3340 1137 vocatur

1946 1181 2177 1236 Credita
2209 1193 2348 1236 sura
2383 1179 2508 1247 fuit,
2539 1177 2790 1248 jaeiendi
2819 1174 2998 1231 cessit
3027 1173 3098 1228 ab
3127 1174 3272 1239 arte,

1947 1271 2106 1338 Quod
2141 1271 2420 1326 seductus
2451 1272 2579 1324 erat
2611 1264 2982 1323 mercedibus
3014 1257 3388 1332 accipiendis.

1944 1360 2190 1418 Tandem
2224 1375 2352 1416 cum
2384 1372 2543 1427 cura,
2578 1372 2708 1412 cum
2741 1351 3136 1411 sollicitudine
3165 1363 3408 1416 summa,

1945 1451 2086 1506 Post
2118 1453 2332 1506 mortes
2363 1446 2654 1503 hominum
2685 1442 2898 1499 multas
2932 1442 3206 1511 fusosque
3234 1451 3495 1507 cruores,

1945 1539 2208 1609 Undique
2238 1535 2521 1605 conclusi,
2555 1532 2718 1590 vetiti
2753 1529 2962 1586 dandis
2990 1526 3302 1597 alimentis,

1943 1629 2064 1682 Jam
2098 1625 2392 1697 desperati
2427 1623 2783 1679 meditantur
2819 1617 3196 1684 deditionem,

1947 1717 2376 1786 Egressumque
2407 1717 2612 1785 petunt
2650 1726 2780 1768 cum
2815 1709 2989 1765 rebus
3019 1704 3240 1776 sospite
3267 1701 3405 1758 vita.

1863 1801 1916 1862 Β
1949 1805 2160 1861 Annuit
2194 1803 2282 1860 his
2319 1801 2513 1874 prcsul
2544 1805 2603 1856 ct
2629 1799 2981 1857 conductum
3009 1793 3170 1851 dedit
3199 1791 3335 1848 illis.

2017 1897 2154 1952 Tum
2186 1910 2324 1952 vero
2356 1893 2588 1965 quidam
2620 1891 2692 1947 de
2723 1887 3086 1962 principibus
3122 1879 3512 1945 Trevirorum,

1947 1987 2053 2052 Qui
2087 1985 2325 2043 modica:
2355 1983 2486 2040 ﬂdei
2519 1981 2760 2038 multum
2792 1977 2953 2050 prius
2983 1971 3374 2046 impediebant

1947 2076 2304 2146 Pontificem,
2335 2073 2436 2132 sed
2467 2073 2614 2130 clam
2645 2067 3115 2134 castellanosque
3140 2058 3445 2134 juvabant,

1949 2168 2127 2224 Orant
2157 2172 2220 2224 ut
2247 2165 2466 2223 salvum
2501 2163 2749 2218 donetur
2779 2160 2887 2214 hoc
2920 2154 3030 2212 sibi
3058 2155 3335 2209 castrum.

1948 2259 2202 2328 Cumque
2235 2261 2431 2312 notum
2464 2251 2718 2308 Treviris
2743 2250 2892 2304 foret
2913 2245 3023 2300 hoc
3048 2237 3414 2298 sermonibus
3434 2230 3589 2301 istis,

1947 2327 2302 2403 Intremuere
2336 2343 2526 2408 nimis,
2557 2344 2614 2396 et
2646 2334 2988 2395 vociferatio
3017 2327 3254 2402 grandis

1947 2437 2007 2490 In
2039 2435 2249 2491 castris
2280 2433 2470 2490 oritur
2501 2429 2717 2504 passim
2750 2435 3108 2497 magnusque
3141 2414 3446 2482 tumultus,

1949 2526 2236 2593 Armaque
2268 2521 2572 2592 diripiunt.
2610 2518 2738 2574 Hoc
2763 2517 2821 2572 si
2849 2513 3130 2580 castrum,
3167 2506 3334 2564 modo
3364 2504 3590 2576 dicunt,

1947 2611 2311 2668 Permaneat
2325 2608 2580 2677 salvum,
2610 2619 2714 2664 cur
2741 2617 2846 2660 nos
2873 2599 3202 2658 obsedimus
3224 2595 3416 2653 illud?

1953 2700 2076 2758 C'ur
2103 2701 2280 2757 tocies
2313 2695 2576 2754 domibus
2604 2693 2828 2750 nostris
2856 2689 3139 2760 natisque
3164 2685 3397 2742 relictis

1949 2787 2128 2846 Nocte
2155 2786 2366 2857 dieque
2389 2787 2524 2842 vias
2555 2779 2946 2838 transivimus
2969 2777 3151 2846 atque
3179 2773 3451 2830 timores?

1957 2875 2361 2946 Esuriemque,
2401 2874 2590 2942 sitim,
2612 2869 2862 2942 pluvias
2889 2864 3152 2936 solisque
3175 2861 3421 2930 calores,

1966 2967 2245 3035 Vulnera,
2276 2964 2509 3030 livores,
2542 2961 2599 3017 et
2622 2957 2790 3015 mille
2812 2953 3106 3029 pericula,
3139 2949 3376 3019 mortes,

1953 3056 2278 3126 Impensas,
2307 3051 2592 3118 studium,
2635 3060 2812 3106 curas
2842 3045 3116 3113 estusque
3149 3038 3418 3096 laborum

1689 3137 1840 3210 [οίυδ
1873 3159 1922 3222 C
1954 3146 2264 3204 Incassum
2294 3141 2560 3208 tulimus,
2593 3134 2789 3194 nichil
2823 3135 2936 3191 hac
2964 3132 3020 3188 si
3039 3129 3215 3202 parte
3252 3129 3581 3184 lucramur.

193 3221 388 3290 Teque
419 3217 654 3276 Mosella
689 3219 855 3290 petit,
889 3221 1160 3276 momenti
1195 3225 1457 3293 tempore
1487 3224 1696 3297 crevit,

197 3306 491 3363 imbribus
519 3305 722 3364 effusis
757 3307 928 3364 tectis
958 3307 1344 3380 domibusque
1375 3310 1601 3383 solutis,

195 3395 376 3451 Omne
407 3409 595 3465 genus
630 3395 857 3467 pecoris
889 3395 980 3452 vel
1011 3397 1169 3456 alitis
1212 3397 1365 3456 intro
1400 3405 1697 3472 repertum

193 3485 454 3554 Cumque
486 3483 630 3540 viris
663 3499 877 3556 pueros
910 3485 1186 3543 mulieres
1219 3491 1394 3559 atque
1425 3489 1650 3562 puellas

190 3571 466 3640 Pertulit,
501 3574 812 3644 absorptos
845 3574 1008 3632 famae
1039 3575 1276 3644 majoris
1307 3577 1363 3632 in
1397 3593 1640 3635 amnem.

186 3662 418 3718 Interea
452 3660 684 3717 Treveri
716 3676 987 3719 curarum
1023 3664 1277 3736 pondere
1310 3666 1516 3738 pressi,

184 3749 422 3806 Talibus
457 3749 671 3804 insueti
709 3749 878 3806 bellis
908 3751 1213 3808 intendere
1241 3753 1376 3824 nisi,

189 3837 628 3908 Aggrediuntur
657 3853 805 3909 opus
835 3839 960 3896 sine
993 3855 1180 3898 muro.
1213 3843 1468 3914 Namque
1493 3845 1731 3916 patebat

190 3925 362 3997 lfrbs,
397 3925 506 3982 nisi
539 3927 832 3998 pontificis
865 3943 1035 3998 quam
1066 3929 1353 4000 quondam
1383 3946 1523 3988 cura
1553 3933 1840 3991 Brunonis

190 4013 355 4072 Fecit
385 4013 458 4070 ad
489 4014 805 4072 australem
835 4015 1005 4087 longe
1036 4017 1348 4075 munimine
1375 4018 1623 4092 plagam.

190 4102 359 4161 Vallo
390 4103 758 4161 circumdant
789 4105 879 4162 vel
911 4121 1076 4162 muro
1109 4107 1298 4164 menia
1330 4107 1581 4181 ﬁrmant,

192 4193 486 4250 Custodes
517 4192 839 4264 vigilesque
873 4193 1068 4251 locant
1095 4195 1188 4252 vel
1219 4195 1380 4269 lapsa
1404 4203 1768 4268 restaurant;

192 4284 369 4339 Arma
389 4286 617 4354 parant,
635 4282 942 4355 sociosque
963 4287 1192 4354 vocant,
1211 4285 1551 4358 hostemque
1575 4283 1836 4360 fatigant.

191 4368 302 4437 Qui
328 4369 500 4426 nimis
521 4369 715 4426 elatus
739 4371 944 4442 spoliis
971 4373 1263 4444 rebusque
1293 4375 1568 4432 secundis

187 4456 316 4514 Jam
347 4457 459 4515 sibi
489 4471 788 4516 cessuram
815 4461 1048 4528 gentem
1079 4467 1415 4532 speraverat
1449 4477 1694 4520 omnem.

193 4545 306 4602 Sed
339 4545 518 4604 facies
549 4560 742 4603 rerum
775 4561 1054 4605 conversa
1088 4549 1244 4605 vices
1273 4549 1434 4606 dedit
1465 4550 1582 4608 illis
1611 4569 1625 4618 ;

195 4633 332 4690 Cum
365 4634 597 4691 Treveri
628 4635 856 4692 crebris
887 4637 1235 4694 excursibus
1265 4637 1373 4694 hoc
1408 4643 1766 4712 repetentes,

191 4718 500 4776 Nobilibus
532 4721 738 4778 borum
769 4722 960 4794 captis
989 4723 1305 4795 gladioque
1340 4725 1676 4796 peremptis,

195 4813 487 4882 Acceptas
519 4808 718 4866 clades
752 4811 844 4867 his
874 4810 1140 4868 cladibus
1171 4814 1617 4886 equiparabant.

267 4899 393 4955 Mox
433 4897 528 4954 ubi
576 4900 852 4972 temperie
893 4900 1206 4972 prodibant
1245 4885 1482 4972 gramen
1523 4909 1578 4960 et
1623 4885 1837 4975 herbae,

195 4985 424 5058 Presul,
467 5002 705 5046 corraso
736 4989 890 5060 quod
926 4990 982 5047 in
1012 4990 1283 5048 ecclesiis
1313 4992 1420 5048 fuit
1450 5005 1592 5049 auro

270 5077 432 5133 Vers.
475 5079 598 5132 251.

1951 3234 2079 3290 Hoc
2105 3230 2309 3289 manet
2333 3229 2622 3301 eﬂ’ugium
2649 3224 2842 3282 cuivis
2871 3222 2942 3279 de
2963 3219 3140 3292 gente
3170 3216 3469 3274 latronum

1950 3321 2190 3378 Exulut
2213 3321 2312 3378 llic
2339 3318 2499 3376 tutus
2527 3315 2635 3388 qui
2653 3311 2968 3386 grassator
2990 3305 3358 3380 populorum.

1951 3411 2079 3468 Hoc
2107 3408 2242 3466 urbi
2269 3407 2484 3465 nostra
2497 3405 2654 3478 fuit,
2687 3403 2793 3460 liae
2819 3397 3094 3472 patribus
3117 3392 3448 3460 inimicum,

1949 3501 2078 3557 Hoc
2101 3498 2402 3570 vetuitque
2428 3477 2589 3552 vium
2621 3494 2742 3550 tam
2765 3489 2935 3548 nobis
2960 3499 3142 3559 quam
3166 3477 3518 3570 peregrinis.

1949 3589 2072 3646 Hic
2079 3589 2272 3661 fusus
2290 3567 2553 3656 sanguis
2581 3583 2797 3650 noster,
2827 3578 3138 3649 nostrique
3155 3567 3487 3661 propinqui

1948 3675 2034 3732 Et
2057 3660 2204 3734 socii
2229 3674 2463 3746 pariter
2489 3673 2590 3730 llic
2612 3668 2901 3727 mortibus
2932 3660 3348 3723 occubuerunt.

1947 3765 2072 3822 Sed
2093 3745 2291 3835 magis
2319 3763 2401 3820 ite
2427 3762 2570 3829 viri,
2593 3761 2730 3830 jam
2757 3755 2968 3814 solvite
2995 3751 3240 3809 vincula
3267 3745 3430 3811 colli,

1949 3855 2104 3912 Dum
2129 3851 2324 3920 vacat,
2355 3864 2394 3908 a
2419 3849 2643 3907 cervice
2660 3849 2882 3918 juq-um
2907 3839 3176 3914 deponite
3203 3837 3450 3894 durum!

1955 3943 2119 4011 Quod
2163 3940 2457 4014 quantum
2497 3935 2736 4010 premat
2775 3931 3063 4004 ignotum,
3122 3930 3273 4002 quia
3315 3929 3487 3987 venit
3525 3929 3594 3986 in

3368 4019 3561 4090 [usum
3569 4033 3596 4086 ,-

1948 4123 2073 4182 Sed
2097 4137 2234 4180 mox
2261 4119 2589 4192 depositum
2616 4113 2888 4174 concedet
2906 4109 3140 4185 grande
3171 4109 3460 4166 levamen.
3496 4137 3497 4141 η

1950 4213 2072 4270 Nec
2089 4211 2240 4284 quid
2257 4210 2512 4282 quisque
2532 4218 2714 4264 comes
2737 4203 2902 4261 dicat
2917 4203 3014 4258 vel
3025 4199 3174 4276 quid
3187 4197 3456 4256 velitaut
3470 4196 3596 4256 dua:

1955 4302 2224 4371 Cernite;
2251 4299 2355 4357 sed
2381 4297 2590 4354 vestra
2596 4295 2832 4368 faciem
2859 4291 3180 4364 cognoscite
3209 4287 3412 4348 turba.

1949 4391 2113 4448 Sunt
2137 4389 2321 4446 multo
2339 4386 2552 4460 plures
2577 4384 2685 4456 qui
2713 4397 2818 4442 nos
2847 4383 2904 4438 et
2931 4380 3139 4440 nostra
3165 4376 3492 4450 sequentur

1952 4480 2172 4552 Siqua,
2203 4478 2302 4536 vel
2325 4465 2606 4535 adversos
2635 4473 2744 4545 qui
2757 4471 3014 4546 fortiter
3043 4483 3178 4527 ense
3203 4465 3514 4539 repellent.

1873 4533 1923 4593 D
1953 4533 2070 4627 Esvt
2089 4533 2292 4626 rerum
2323 4566 2594 4624 dominus
2611 4533 2841 4636 presul,
2874 4559 2982 4634 qui
3007 4558 3207 4616 nostra
3226 4533 3479 4628 juvabit

1964 4659 2106 4716 Vota
2132 4671 2238 4714 suo
2266 4656 2437 4725 nutu,
2469 4655 2525 4712 si
2553 4653 2767 4724 lingua
2778 4649 2949 4722 forte
2979 4645 3211 4706 tacebit.

1953 4747 2044 4803 Sic
2073 4744 2367 4802 exhortati
2399 4743 2688 4800 scandunt
2720 4738 2946 4808 fastigia
2975 4734 3190 4794 montis

1953 4833 2192 4905 Agmine
2221 4833 2534 4901 condensa,
2567 4830 2854 4900 victisque
2884 4826 3034 4883 viam
3069 4823 3414 4892 tribuentes,

1952 4925 2260 4980 Portarum
2289 4926 2534 4978 cunctos
2565 4918 2760 4976 aditus
2789 4921 2845 4974 et
2880 4929 3078 4972 muros
3107 4926 3490 4985 occupavere.

1953 5013 2068 5070 Nec
2098 5024 2276 5080 mora,
2312 5009 2580 5080 subjecto
2611 5007 2759 5065 clam
2787 5008 2908 5064 lato
2936 5004 3198 5062 menibus
3229 5002 3381 5074 igne,

2003 5112 2168 5168 Vers.
2218 5111 2343 5165 302.

1559 5207 1795 5262 νΑΡιΙΑῑ
1841 5209 2130 5267 LECTION
2137 5207 2236 5264 ES.

267 5301 360 5337 ‘°"’
388 5303 480 5362 ita
509 5300 692 5360 codex
715 5318 743 5373 ;
753 5301 1029 5374 fortasse
1051 5299 1383 5376 Butolicum
1416 5301 1725 5374 legendum
1756 5307 1860 5364 est.

1783 5394 1984 5451 NOT/E
2004 5439 2013 5447 .

270 5481 420 5622 (654;
462 5482 567 5537 An.
605 5482 770 5536 1142.

270 5557 393 5625 (655
461 5552 616 5625 Idem
666 5565 799 5608 esse
849 5548 1226 5625 debet_quod
1277 5547 1430 5620 apud
1472 5547 1846 5625 paldericum

197 5639 247 5680 c.
275 5619 354 5682 '20
382 5619 608 5680 Rodolfi
643 5637 828 5691 mons,
864 5619 1000 5677 alibi
1031 5619 1342 5677 Reulmont
1370 5619 1560 5692 audit,
1587 5623 1738 5692 quod
1775 5624 1846 5680 ab

193 5696 472 5770 episcOpo
505 5695 596 5751 bis
622 5708 753 5750 esse
781 5690 1086 5751 obsessum
1108 5696 1166 5749 et
1190 5696 1328 5750 tunc
1351 5690 1580 5750 demum
1604 5690 1844 5766 captum

1960 5482 2060 5539 ille
2092 5479 2352 5538 breviter
2387 5481 2608 5534 narrat.

2053 5555 2180 5622 656)
2213 5553 2275 5606 V.
2303 5549 2677 5622 (Baldericum
2709 5548 2746 5606 Ι.
2784 5549 2821 5604 l.

2052 5619 2178 5693 657)
2217 5619 2361 5693 Kyll.

2030 5627 2178 5766 (657;
2217 5627 2361 5693 Kyll.

2029 5697 2155 5766 (658
2203 5695 2268 5750 V.
2305 5692 2472 5751 Gesta
2505 5707 2556 5750 c.
2590 5695 2678 5748 29.
