3968 6370
334 425 486 493 130⁸7

333 580 568 642 Exultat
601 579 820 656 presul,
851 582 1030 654 gemit
1060 582 1266 654 hostis,
1303 582 1540 654 fumigat
1574 581 1760 642 omnis

333 673 510 746 Mons,
544 688 772 746 unaque
805 672 896 729 die
927 672 1083 746 capit
1115 672 1222 731 hec
1250 672 1547 730 contentio
1579 672 1768 731 finem.

405 763 642 820 Octobri
677 775 875 818 mense
915 761 1103 818 medio
1136 761 1256 818 fere
1288 765 1663 834 preterennte
1695 763 1864 834 (659).

332 851 605 908 Autumni
636 865 810 908 causa
844 849 1069 907 diffusis
1099 850 1327 908 civibus
1355 857 1541 921 extra,

331 939 398 996 Hi
428 938 731 996 castellani
765 939 918 1011 pulsi
955 939 1266 995 munimine
1302 939 1422 1010 tali,

332 1030 470 1085 Cum
505 1028 648 1085 duce
684 1028 908 1100 prelato
939 1032 1218 1099 spargunt
1252 1029 1415 1099 ignes
1448 1028 1679 1099 iterato,

334 1117 446 1173 Nec
479 1117 637 1188 piget
669 1116 896 1173 infestis
928 1117 998 1174 ad
1029 1123 1264 1188 pontem
1297 1131 1536 1174 currere
1569 1116 1769 1188 signis.

335 1205 612 1262 Protinus
643 1204 868 1260 intenta
901 1205 1071 1262 bellis
1105 1207 1325 1261 urbana
1348 1206 1623 1277 juventa;

339 1293 446 1350 Sed
481 1309 590 1350 non
622 1293 891 1350 consulte
923 1294 1047 1350 sine
1079 1295 1324 1350 consilio
1363 1295 1625 1364 sapiente

339 1381 521 1438 Obvia
554 1382 789 1438 ferratis
822 1381 881 1438 fit
917 1381 1066 1438 nuda
1101 1384 1396 1454 pedesque
1432 1381 1712 1454 tyrannis.

336 1469 612 1542 Precipiti
643 1485 820 1527 cursu
855 1471 1050 1527 vesani
1085 1471 1335 1542 presidis
1367 1485 1567 1540 agmen

337 1561 397 1615 lu
431 1573 592 1614 raros
623 1559 817 1628 agitur
847 1574 1065 1616 cuneos
1098 1560 1424 1630 sternitque
1458 1561 1750 1630 fugatque.

340 1647 443 1704 Hic
475 1650 704 1718 equites
737 1647 901 1718 pauci
939 1648 1166 1704 fuerant
1201 1647 1503 1718 primoque
1538 1647 1740 1717 fugati,

341 1736 410 1791 Et
443 1735 669 1807 pedites
701 1735 894 1792 miseri
928 1741 1146 1791 mortes
1179 1742 1234 1791 et
1271 1736 1510 1792 vulnera
1544 1737 1695 1807 passi

343 1825 506 1893 Sunt,
543 1823 751 1894 reliqui
785 1825 974 1896 portis
1007 1826 1205 1894 fugere
1243 1825 1500 1896 pericula
1532 1824 1766 1882 clausis.

342 1913 501 1969 Mane
535 1927 786 1984 sequens
818 1918 1002 1970 totum
1032 1913 1317 1984 valdeque
1353 1913 1458 1969 fuit
1489 1912 1864 1981 nebulosum;

343 2001 550 2058 Custos
580 2016 691 2058 non
721 2001 920 2058 aderat
952 2002 1170 2074 pontis,
1202 2008 1506 2074 portzeque
1541 2003 1835 2074 patebant.

411 2091 577 2146 Vers.
619 2093 740 2146 319.

898 426 1164 492 GESTA
1201 427 1556 493 TREVER.
1591 462 1668 474 —
1697 427 2056 494 APPEND.
2103 429 2370 494 GESTA
2410 428 2880 495 ALDERONIS
2927 428 3179 495 ARCH.

2007 568 2060 626 Α
2095 584 2296 643 Hostis
2329 587 2446 642 tum
2475 583 2630 644 lctus
2660 584 2728 642 de
2759 582 3151 657 prosperitate
3182 581 3382 658 priori,

3597 431 3748 497 1308

2097 673 2364 745 Advolat,
2397 680 2456 731 et
2493 675 2678 746 portis
2715 676 2910 730 urbem
2945 673 3201 746 cepisset
3235 673 3483 746 apertis,

2090 762 2157 818 Ni
2187 763 2256 819 de
2284 763 2579 819 canonicis
2615 763 2845 834 quidam
2882 763 3032 818 foret
3064 763 3272 819 obvius
3304 763 3421 829 illi;

2091 850 2198 916 Qui
2229 850 2481 908 clamore.
2516 867 2623 908 suo
2657 851 2860 923 paucis
2893 851 3003 907 sibi
3037 850 3409 923 consociatis,

2089 940 2251 996 Hunc
2281 939 2457 997 celeri
2488 955 2668 997 cursu
2701 940 2922 996 firibus
2944 939 3164 996 clausis
3187 941 3530 1012 repulisset.

2090 1027 2199 1084 Sed
2229 1041 2510 1101 spargens
2541 1028 2720 1097 ignes,
2753 1034 2998 1084 cunctas
3031 1027 3109 1084 ibi
3147 1029 3378 1085 subruit
3405 1029 3567 1099 edes,

2090 1117 2348 1188 llincque
2380 1124 2620 1174 secutus
2651 1133 2754 1174 eos
2787 1132 2934 1188 quos
2967 1117 3220 1174 diximus
3255 1122 3423 1173 antea
3456 1118 3641 1188 cives,

2090 1206 2206 1262 Hos
2236 1205 2573 1263 confiscavit
2609 1205 2920 1276 villamque
2954 1205 3252 1262 solotenus
3283 1205 3450 1263 ussit.

2091 1293 2297 1350 Presul
2316 1295 2465 1350 enim
2489 1309 2680 1365 regem
2707 1294 2986 1351 conduxit
3007 1295 3061 1350 in
3086 1295 3230 1350 hanc
3255 1295 3551 1365 regionem
3573 1293 3750 1368 (660).

2091 1383 2162 1440 Et
2189 1389 2385 1440 turres
2417 1387 2473 1440 et
2507 1387 2702 1441 castra
2737 1384 2904 1455 petit,
2941 1383 3331 1454 comitemque
3363 1387 3621 1454 coartat,

2093 1471 2158 1528 Et
2192 1469 2300 1529 sibi
2332 1471 2637 1528 commissa
2674 1470 2923 1543 privavit
2959 1486 3088 1528 eum
3121 1471 3424 1537 eomitiva;

2094 1559 2272 1625 Quam
2307 1559 2378 1616 de
2412 1559 2776 1632 principibus
2814 1559 3098 1630 regnique
3129 1558 3402 1616 fidelibus
3435 1561 3534 1617 uni

2095 1646 2384 1720 Subdidit,
2437 1649 2576 1704 haut
2626 1646 2717 1681 ⁴⁰⁴⁸
2763 1649 2896 1720 quia
2935 1663 3040 1706 nec
3083 1647 3178 1704 diu
3219 1647 3403 1705 multo
3441 1654 3582 1720 post
3623 1649 3755 1706 obit

3597 1736 3752 1810 [illc,

2096 1827 2164 1882 Et
2197 1823 2444 1881 redeunt
2479 1839 2712 1882 rursum
2747 1824 3026 1882 beneficia
3056 1830 3223 1896 grata
3258 1825 3460 1895 priori.

2015 1923 2064 1982 Β
2098 1913 2208 1970 Sed
2237 1916 2430 1968 tamen
2466 1911 2569 1969 hec
2603 1912 2798 1984 presul
2831 1913 3121 1970 concessit
3154 1922 3334 1970 corde
3368 1914 3642 1984 benigno,

2098 2002 2271 2058 Letus
2303 2001 2356 2057 in
2387 2001 2496 2058 hoc
2528 2001 2740 2059 bellum
2766 2001 2880 2073 jam
2911 2001 3166 2058 finivisse
3197 2007 3531 2058 cruentum.

2170 2091 2334 2146 Vers.
2377 2093 2502 2146 385.

1803 2177 2184 2239 EXPLJCIT
2199 2177 2268 2214 ‘°‘

1703 2285 1938 2340 νΑΒΙίΕ
1977 2283 2374 2339 LECTIONES.

409 2382 503 2417 ⁴⁰⁴⁸
527 2383 666 2442 haut
691 2385 822 2456 quia
855 2384 1005 2457 quid
1029 2383 1148 2442 sibi
1177 2383 1366 2440 velint
1393 2383 1604 2441 nescio.
1647 2381 1739 2414 ‘°"
1769 2381 1858 2439 bis
1885 2381 2176 2454 scriptum
2197 2380 2302 2438 est.

1921 2496 2122 2553 ΝΟΤίΕ
2135 2537 2149 2552 .

419 2611 568 2686 (sua)
601 2615 706 2672 An.
753 2615 926 2672 11441

970 2961 1345 3057 GESTA

2093 2607 2673 2756 “sagmagémnnn.
2718 2609 2993 2683 Sigiberti
3025 2612 3316 2671 Gemblae.
3352 2627 3406 2672 ει.
3442 2617 3604 2689 ms,
3638 2617 3750 2674 SS.

1453 2957 2126 3054 ALBERONIS
2217 2960 3126 3058 ARCHIEPISCOPI

1461 3120 1960 3212 AUCTOBE
2032 3119 2634 3216 BALDERICO

422 3315 729 3377 Alberonis
748 3317 1115 3376 Trevirorum
1139 3316 1562 3390 archiepiseOpi
1583 3316 1734 3375 facta
1755 3319 1814 3375 et
1837 3314 1991 3372 dicta
2025 3285 2074 3349 C
2103 3315 2182 3374 nii
2212 3319 2389 3390 atque
2417 3316 2648 3378 consilii
2686 3317 2780 3378 sui
2819 3317 2999 3378 armis
3035 3331 3169 3378 esse
3209 3316 3499 3377 ecclesias
3537 3323 3764 3380 sanctas

352 3406 748 3464 memorabilia
790 3411 1156 3476 narraturus,
1191 3422 1309 3463 rem
1343 3405 1651 3476 aggredior
1681 3404 1832 3476 apud
1867 3418 1996 3476 pos-

349 3499 507 3550 teros
539 3495 730 3552 minus
765 3495 896 3551 fidei
929 3495 1258 3551 habituram
1283 3509 1450 3566 quam
1475 3493 1760 3552 miraculi.
1796 3494 1854 3548 In
1881 3506 1993 3563 qua

349 3597 430 3652 re,
475 3583 648 3654 scias,
693 3583 900 3652 lector,
941 3597 1048 3640 nec
1090 3583 1246 3640 laudi
1291 3599 1394 3640 nec
1435 3581 1853 3655 vituperationi
1906 3596 1994 3636 me

347 3671 606 3740 studere,
643 3671 744 3728 sed
777 3671 1033 3727 veritati.

423 3764 468 3815 1.
535 3759 919 3816 Ammiramur
977 3759 1261 3831 quosdam
1321 3773 1526 3830 magna
1587 3758 1828 3828 fecisse,
1891 3757 1996 3815 sed

353 3847 668 3905 multorum
721 3849 916 3904 favore
956 3854 1015 3906 et
1055 3847 1274 3906 auxilio
1321 3853 1496 3920 atque
1544 3845 1994 3919 cooperatione;

355 3936 837 4008 quemadmodum
880 3937 1170 4008 principes
1207 3937 1488 4008 gentium,
1536 3936 1634 4007 qui
1674 3935 1998 3992 existentes

357 4029 728 4096 paternorum
755 4041 1064 4095 regnorum
1089 4024 1337 4084 heredes
1356 4029 1412 4080 et
1438 4038 1830 4094 successores,
1865 4023 1998 4080 sub-

355 4111 606 4170 ditarum
652 4113 911 4183 gentium
953 4113 1130 4170 armis
1169 4128 1335 4171 suum
1383 4111 1777 4168 dilataverunt
1822 4111 1998 4182 impe-

356 4200 525 4271 rium,
563 4205 624 4257 ut
659 4201 1005 4264 Alexander.
1048 4201 1256 4272 Julius,
1296 4204 1618 4270 Augustus,
1661 4198 1908 4256 Karolus
1939 4203 1996 4256 et

354 4287 620 4360 plerique
649 4289 766 4359 alii,
799 4289 896 4360 qui
922 4289 1219 4346 materiam
1246 4302 1506 4359 magnam
1530 4287 1654 4344 suis
1678 4287 1848 4344 factis
1874 4303 2002 4358 pre-

357 4377 608 4434 buerunt
629 4378 886 4448 antiquis
909 4377 1301 4450 hysteriarnm
1325 4375 1739 4448 scriptoribus.
1770 4375 1871 4448 llic
1901 4391 1999 4433 au-

355 4471 470 4521 tem
501 4463 879 4536 singulariter
917 4465 971 4521 in
1015 4465 1126 4520 hoc
1165 4468 1356 4520 exstat
1394 4464 1806 4534 ammirandus,
1844 4464 1994 4534 quod

357 4553 518 4611 solus
537 4553 708 4612 homo
731 4559 906 4626 atque
929 4553 1210 4625 privatus,
1237 4553 1410 4608 immo
1437 4555 1612 4609 etiam
1644 4551 1832 4610 adhuc
1861 4567 2000 4625 pau-

2105 3405 2393 3466 defensor.
2434 3408 2505 3464 Ut
2532 3411 2724 3465 autem
2755 3407 2986 3480 plenius
3009 3411 3186 3480 atque
3207 3406 3442 3480 planius
3465 3407 3769 3480 intelligas

2107 3509 2233 3566 qua:
2254 3500 2316 3552 et
2337 3495 2529 3566 qualia
2552 3500 2613 3552 et
2634 3495 2890 3568 qualiter
2917 3501 2976 3553 et
3009 3495 3080 3552 ad
3111 3495 3249 3568 quid
3279 3495 3454 3554 homo
3487 3497 3602 3554 iste
3635 3511 3772 3570 per-

2107 3583 2308 3641 fecerit
2342 3584 2397 3640 in
2431 3583 2772 3642 defensioue
2811 3582 3094 3642 aecclesiw
3135 3589 3340 3641 contra
3381 3583 3772 3657 imperatoris

2105 3672 2393 3742 injuriam.
2417 3671 2833 3744 predicendnm
2859 3671 3031 3729 michi
3055 3671 3310 3742 videtur,
3331 3687 3463 3744 quas
3489 3677 3550 3730 et
3576 3672 3772 3745 qualis

2107 3761 2284 3818 fuerit
2313 3774 2490 3816 causa
2522 3759 2694 3830 hujus
2727 3759 3042 3818 scismatis.
3079 3762 3122 3816 Α
3155 3764 3420 3833 tempore
3443 3761 3645 3819 Karoli
3670 3761 3773 3818 im-

2107 3847 2398 3921 peratoris
2446 3862 2629 3920 usque
2668 3847 2739 3906 ad
2781 3853 3048 3921 tempora
3091 3847 3345 3906 Heinrici
3389 3849 3771 3920 imperatoris

2109 3935 2272 3994 tercii
2305 3949 2472 4006 reges
2502 3937 2578 3992 ob
2610 3951 2714 3993 sua
2745 3935 2972 4006 merita,
3009 3935 3143 4007 quia
3170 3936 3294 3992 suis
3317 3936 3628 3994 beneflciis
3655 3950 3770 3992 am-

2110 4024 2365 4097 pliabant
2407 4030 2466 4080 et
2508 4023 2890 4082 defensabant
2922 4023 3244 4094 aecclesias,
3279 4039 3350 4080 ex
3383 4025 3769 4083 concessione

2107 4115 2496 4170 Romanorum
2533 4112 2872 4186 pontificum
2906 4111 3286 4170 investituras
3318 4111 3769 4184 episcOpatuum

2109 4200 2320 4258 dabant
2341 4206 2402 4258 et
2419 4201 2798 4258 ecclesiarum
2820 4200 3244 4274 providentiam
3265 4201 3556 4271 gerebant
3573 4219 3588 4266 ;
3605 4202 3772 4258 [lein-

2109 4290 2268 4347 ricus
2307 4293 2502 4346 autem
2543 4289 2784 4360 tercius,
2828 4289 3015 4359 cujus,
3061 4292 3126 4345 ut
3153 4303 3480 4360 speramus,
3526 4297 3772 4362 propter

2108 4377 2388 4450 pleraque
2423 4377 2571 4434 bona
2604 4390 2782 4448 opera
2814 4375 2984 4434 valde
3014 4389 3240 4446 magna,
3273 4379 3436 4434 tecta
3471 4381 3612 4434 sunt
3643 4391 3771 4450 pec-

2109 4470 2260 4536 cata,
2299 4465 2468 4522 nimis
2502 4465 2608 4524 fuit
2653 4465 2967 4523 infamatus
2999 4464 3069 4522 de
3101 4462 3436 4522 venditione
3465 4465 3772 4539 episcopa-

2109 4559 2294 4612 tuum.
2327 4552 2489 4611 Unde
2516 4552 2838 4626 praedictus
2863 4565 3010 4625 papa
3033 4551 3322 4626 septimus
3347 4552 3669 4624 Gregorius
3694 4553 3772 4610 iu-

355 4655 480 4714 per,
515 4643 792 4700 maximas
816 4658 910 4699 res
935 4641 1198 4714 perfecit.
1236 4643 1374 4698 Cum
1406 4642 1558 4698 enim
1591 4640 1781 4698 adhuc
1804 4641 1859 4698 in
1887 4641 2000 4713 pri-
2029 4639 2080 4700 D
2113 4642 2430 4700 vestituras
2460 4641 2904 4714 episcopatuum
2934 4639 3122 4698 eidem
3159 4640 3281 4713 regi
3314 4640 3651 4699 conabatur
3677 4657 3774 4699 au-

356 4745 444 4788 ma
469 4730 778 4802 juventute
797 4729 954 4787 nulla
982 4728 1228 4800 fulgeret
1261 4729 1547 4800 dignitate
1577 4727 2000 4786 aecclesiastica

351 4819 444 4878 vel
492 4819 764 4890 seculari,
805 4833 908 4891 pro
947 4817 1226 4874 libertate
1275 4816 1580 4887 aeoclesize,
1633 4817 1797 4874 solus
1846 4817 2000 4874 inter

352 4925 556 4969 omnes
594 4911 903 4980 Metenscs,
948 4907 1272 4980 imperialis
1313 4906 1637 4978 maiestatis
1666 4907 1903 4964 culmini
1936 4921 2000 4965 se

353 4999 650 5072 opposuit.
687 5000 763 5055 Ea
797 5000 1171 5070 tempestate,
1219 5011 1328 5068 qua
1374 5010 1613 5067 regnum
1645 4999 1702 5052 et
1736 4994 2002 5054 sacerdo-

351 5089 499 5144 tium
538 5087 881 5158 gravissimo
923 5085 1286 5144 dissidebant
1327 5083 1604 5142 scismate
1644 5115 1715 5126 —-
1755 5084 1910 5156 quod
1943 5085 1999 5142 in

355 5173 567 5232 diebus
605 5173 870 5244 Gregorii
911 5187 1076 5245 papa:
1113 5171 1368 5244 septimi,
1410 5171 1506 5244 qui
1547 5171 1727 5244 priori
1770 5172 2001 5230 nomine

353 5261 783 5320 Hildebrandus
807 5261 1136 5331 dicebatur,
1159 5267 1335 5333 atque
1354 5259 1606 5318 Heinrici
1627 5261 1800 5318 tercii
1825 5261 2003 5334 impe-

352 5349 570 5406 ratoris
589 5353 844 5421 ceptum,
878 5363 984 5421 per
1017 5354 1275 5420 tempora
1302 5347 1518 5405 Urbani
1541 5348 1838 5406 Paschalis
1869 5364 2004 5422 apo-

351 5435 696 5495 stolicorum
719 5451 910 5508 usque
929 5435 999 5492 ad
1019 5438 1284 5508 tempora
1309 5436 1517 5493 Calixti
1540 5452 1610 5508 pa
1619 5452 1704 5510 pas
1723 5437 2006 5510 perdura-

348 5524 433 5581 vit
456 5555 513 5564 —
545 5524 660 5581 iste
681 5523 851 5582 homo
873 5538 1058 5582 novus
1079 5525 1238 5596 cepit
1258 5524 1426 5583 miles
1447 5525 1812 5584 mirabilibus
1847 5527 2004 5598 inge-

2113 4731 2264 4787 ferre
2287 4727 2454 4802 (661).
2494 4727 2658 4796 Quod
2689 4742 2820 4785 eum
2853 4728 3137 4802 perficere
3167 4742 3282 4784 non
3316 4731 3546 4801 posset,
3581 4729 3769 4800 coegit

2109 4821 2304 4876 tamen
2329 4831 2458 4874 eum
2487 4815 2732 4874 ﬁrmiter
2755 4817 3101 4890 promittere
3130 4815 3286 4889 quod
3313 4829 3419 4874 eos
3443 4820 3652 4873 omnes
3678 4831 3776 4872 ex-

2113 4905 2360 4980 pelleret
2381 4919 2412 4962 a
2435 4904 2560 4962 suis
2581 4905 2822 4962 sedibus
2851 4906 3158 4978 episcopos
3188 4921 3337 4977 quos
3361 4905 3570 4978 precio
3593 4905 3773 4962 sciret

2113 4994 2386 5066 intrasse,
2402 4998 2462 5050 et
2479 4993 2550 5050 de
2569 4997 2770 5050 cetero
2794 4995 2990 5066 precio
3013 4993 3155 5050 nulli
3174 4993 3588 5066 episcopatum
3611 4993 3768 5050 dare.

2113 5081 2293 5150 Quam
2319 5097 2438 5140 rem
2468 5097 2597 5140 cum
2633 5082 2938 5154 predictus
2968 5081 3293 5154 imperator
3321 5081 3770 5152 aggrederetur,

2113 5173 2340 5228 tantum
2382 5170 2630 5228 incurrit
2665 5170 2784 5226 fere
2816 5169 3070 5226 omnium
3103 5169 3301 5226 odium
3333 5168 3769 5241 episcoporum,

2114 5259 2267 5332 quod
2285 5264 2486 5316 contra
2508 5259 2694 5331 ipsum
2715 5272 2910 5330 regem
2926 5257 3208 5328 Gregorio
3224 5272 3292 5329 pa
3303 5273 3388 5329 pa:
3411 5255 3768 5315 adheserunt

2112 5354 2320 5408 etcum
2338 5362 2468 5406 cum
2489 5347 2724 5404 domino
2743 5361 2886 5419 papa
2907 5346 3586 5404 excommunicaverunt.
3615 5342 3768 5404 Multi

2115 5441 2308 5496 autem
2337 5450 2406 5493 ex
2434 5433 2834 5492 cardinalibns
2866 5433 2989 5504 regi
3021 5434 3406 5504 adbeserunt,
3439 5438 3502 5490 et
3524 5433 3598 5492 de
3619 5431 3769 5491 clero

2117 5529 2500 5584 Romanorum
2542 5527 2718 5594 atque
2749 5521 2821 5578 de
2853 5521 3088 5594 populo.
3136 5523 3395 5589 Quorum
3439 5527 3652 5579 contra
3682 5533 3770 5593 pa-

1958 5643 2179 5699 NOT/E.

429 5733 576 5803 (661)
609 5733 927 5804 Scriptoris
955 5745 1160 5790 errore
1192 5737 1403 5806 cuique
1436 5735 1611 5794 facile
1643 5739 1946 5808 patebunt.
1982 5743 2152 5797 Certe
2180 5737 2510 5796 Heinricum
2538 5736 2611 5792 Ill
2635 5739 2688 5793 et
2720 5734 2786 5790 IV
2819 5747 2930 5789 non
2965 5733 3112 5790 satis
3144 5733 3442 5790 distinxit.
