3968 6316
188 344 350 411 1309

757 344 1026 412 GESTA
1054 345 1406 411 TREVER.
1455 381 1511 393 -
1560 344 1915 411 APPEND.
1970 345 2233 410 GESTA
2273 344 2741 412 ALBERONIS
2782 344 3027 411 ARCH.

3434 336 3589 408 1810

185 513 321 572 pam
355 494 812 557 Hildebrandnm
834 498 1078 572 plurima
1097 504 1331 557 exstant
1362 498 1579 572 scripta
1612 497 1840 556 morda-
1870 487 1921 548 Α
1953 499 2309 558 auctoritate
2354 500 2462 559 sub
2512 501 2893 559 anathemate
2949 500 3297 573 conﬁrmare
3368 496 3425 557 et
3468 512 3591 558 cor-

185 578 279 636 cia
313 580 489 653 (662.)
526 580 627 638 llic
659 586 849 636 autem
878 581 1161 636 Henricus
1197 580 1349 636 tilius
1407 586 1530 636 erat
1589 579 1837 636 Conradi

187 667 601 739 imperatoris.
637 668 810 737 Cujus
839 668 992 723 filius
1040 668 1341 731 Henricus,
1377 669 1471 739 qui
1535 669 1840 725 dicebatur

187 756 699 828 senior,paternre
735 758 907 813 bercs
941 758 1250 814 discordia)
1274 774 1400 813 cum
1418 759 1689 814 Romanis
1706 774 1842 829 pon-

189 844 479 913 tiﬁcibus,
502 845 785 901 imitando
808 848 1323 917 patremgravalaat
1356 848 1405 901 in
1433 850 1653 902 tantum
1681 862 1845 918 quos-

186 933 324 988 dam
362 934 700 1004 episcopos,
736 935 886 1004 quod
912 950 1108 991 eorum
1146 936 1569 991 [machinatione
1627 944 1682 990 et
1738 937 1845 989 Ro-

188 1022 352 1077 mani
380 1023 675 1093 pontiﬁcis
703 1025 1058 1079 auctoritate
1084 1039 1113 1079 a
1132 1025 1246 1080 ﬁlio
1268 1040 1372 1080 suo
1395 1025 1639 1080 Henrico
1666 1038 1843 1093 regno

189 1110 404 1182 pulsus
432 1116 548 1180 est,
571 1113 749 1166 Ltlll0
769 1112 931 1181 regni
956 1113 1043 1168 sui
1070 1129 1236 1183 anno,
1261 1120 1317 1170 et
1356 1114 1529 1184 paulo
1559 1114 1845 1184 postLeo-

188 1199 274 1255 dii
308 1200 624 1255 defunctus
656 1208 767 1257 est.
807 1203 905 1258 Cui
940 1218 1069 1259 cum
1108 1203 1158 1257 in
1187 1219 1424 1271 regnum
1460 1202 1845 1258 successisset

188 1289 484 1344 Henricus
520 1289 676 1346 tilias
715 1292 841 1361 ejus
885 1292 1100 1361 junior,
1158 1294 1273 1363 jam
1316 1299 1442 1363 post
1483 1292 1839 1360 Gregorium,

188 1377 432 1433 Urbano
456 1393 600 1449 papa
627 1377 921 1449 defuncto,
942 1382 1181 1436 sedebat
1201 1381 1535 1451 apostolicae
1554 1379 1842 1436 memorize

190 1465 463 1522 Pascalis
503 1482 666 1538 papa,
705 1468 799 1538 qui
826 1470 975 1537 quod
1012 1469 1280 1525 dominus
1323 1470 1635 1537 Gregorius
1684 1468 1845 1522 Vllus

192 1559 444 1625 ceperat
471 1555 597 1610 zelo
630 1557 733 1611 Dei
760 1568 1082 1613 Succensus
1116 1559 1395 1629 perlicere
1419 1558 1668 1613 volebat.
1707 1559 1843 1611 Cum

192 1645 351 1698 enim
388 1645 673 1701 Henricus
698 1646 894 1715 junior
928 1647 997 1702 ad
1028 1648 1527 1703 consecrationem
1581 1646 1846 1717 imperia-

197 1729 314 1787 lem
340 1732 577 1788 Romam
601 1734 881 1805 venisset,
903 1736 1233 1791 unctionem
1259 1736 1309 1790 ei
1332 1750 1474 1806 papa
1496 1736 1841 1803 denegabat,

1949 581 2262 651 roborare;
2274 582 2487 638 nostris
2502 585 2519 637 ί
2529 583 2705 639 tidem
2706 581 3119 654 ﬁrmantibus,
3133 582 3188 638 si
3210 580 3333 650 hoc,
3349 580 3441 636 uti
3453 591 3591 651 pre-

1950 672 2201 726 missum
2222 671 2326 739 est,
2352 672 2692 741 complesset
2700 704 2766 711 -ο
2781 672 2839 728 et
2856 671 3015 742 quod
3039 671 3233 727 tamen
3245 668 3407 725 nullo
3425 668 3592 725 modo

1940 773 2115 830 posse
2130 760 2261 821 ﬁeri
2280 759 2552 816 sciebant
2566 792 2649 829 —,
2674 776 2761 816 me
2772 774 3004 832 quoque
3019 758 3409 817 inoestituras
3421 757 3593 815 eccle-

1950 850 2200 917 siarum,
2233 849 2324 903 uti
2348 849 2647 921 querebat,
2680 849 3291 923 refutaturum,sicut
3323 848 3388 903 in
3417 847 3592 903 carta

1953 937 2351 995 conrentionis
2372 938 2607 1008 plenius
2617 938 2892 1007 poteritis
2918 939 3136 995 cidere.
3157 939 3241 993 De
3264 936 3592 993 traditione

1952 1040 2083 1081 cero
2104 1028 2168 1083 in
2194 1040 2299 1083 nos
2313 1028 2367 1083 et
2391 1026 2453 1082 in
2477 1028 2708 1084 nostros
2722 1027 2810 1083 sic
2820 1042 2915 1083 res
2932 1041 2990 1082 se
3006 1026 3196 1082 habet.
3238 1028 3351 1082 Via:
3376 1024 3590 1095 portas

1953 1115 2224 1171 ciritatis
2244 1115 2501 1186 ingressi
2528 1130 2752 1183 smnus,
2792 1130 2916 1171 cum
2948 1116 3169 1171 nostris
3200 1115 3371 1173 infra
3389 1111 3592 1168 menia

1951 1204 2415 1274 securecaganti
2424 1204 2547 1272 bus,
2566 1205 2813 1275 quidam
2838 1203 3159 1271 culnerati,
3195 1200 3312 1259 alii
3348 1215 3482 1258 cera
3502 1201 3593 1256 in-

1955 1292 2418 1361 terfectimnznes
2444 1308 2572 1347 τίει-ο
2587 1294 2833 1363 spoliati
2855 1293 2965 1347 aut
2982 1293 3140 1361 capti
3151 1290 3309 1347 sunt.
3349 1290 3473 1359 Ego
3505 1289 3594 1367 taf

1952 1396 2076 1435 men
2104 1378 2280 1451 quasi
2293 1394 2405 1450 pro
2438 1380 2553 1435 teri
2574 1394 2757 1436 causa
2782 1394 2895 1436 non
2915 1381 3127 1447 motus,
3163 1379 3311 1434 bona
3346 1378 3404 1433 et
3438 1377 3596 1432 tran-

1954 1468 2147 1540 quilla
2170 1469 2362 1524 mente
2380 1482 2565 1539 usque
2583 1470 2906 1538 a'tjanuas
2933 1468 3087 1524 beati
3109 1468 3278 1523 Petri
3314 1478 3443 1522 cum
3456 1478 3597 1536 pro-

1954 1557 2305 1627 cessi/meper
2326 1557 2471 1612 rent.
2506 1556 2630 1625 Ubi,
2658 1556 3097 1613 utosten-lerem.
3128 1557 3361 1611 nullam
3378 1554 3488 1609 Dei
3503 1550 3595 1585 ⁴⁰⁶³

1957 1645 2445 1702 disturbationem
2466 1646 2644 1700 curet
2649 1647 2699 1700 le
2712 1645 2906 1701 nostro
2913 1646 3244 1715 procedere,
3270 1644 3337 1699 in
3366 1643 3597 1699 cuncto-

1954 1748 2083 1789 rum
2117 1735 2447 1790 astantium
2469 1734 2656 1791 oculis
2681 1734 2739 1789 ct
2756 1733 3004 1790 auribus
3034 1735 3141 1789 [ioc
3157 1733 3594 1801 decretumpro-

196 1820 316 1876 nisi
348 1820 588 1877 cederet
617 1837 647 1877 a
667 1824 797 1894 jure
823 1824 978 1893 quod
1000 1825 1054 1879 in
1080 1825 1383 1881 vestituris
1403 1825 1841 1895 episcopatunm
1875 1850 1926 1909 Β
1955 1824 2241 1892 mulgeri:
2266 1825 2424 1893 «Ego
2442 1822 3187 1893 Heinricus‘WDeigratia
3204 1823 3596 1877 Romanorum

195 1907 767 1968 videbaturhabere.
797 1912 934 1978 Qum
960 1928 1053 1968 res
1072 1929 1239 1983 quem
1266 1918 1535 1968 eventum
1552 1912 1842 1980 habuerit,

198 2010 275 2051 ex
307 1997 558 2068 epistola
591 2013 621 2054 a
646 2014 781 2069 rego
808 2001 1076 2057 lleinrico
1100 2004 1273 2057 Roma
1302 2002 1581 2056 redeunte
1607 2016 1706 2072 per
1726 2000 1849 2057 uni-

198 2090 441 2132 versum
478 2092 716 2148 regnum
750 2081 1093 2137 transmissa
1126 2088 1313 2149 ian.“
1336 2088 1413 2152 H)
1440 2080 1723 2153 perpendi
1754 2096 1850 2152 po-

200 2166 343 2220 test.

278 2253 610 2314 Heinricus
633 2256 780 2329 (663)
801 2258 932 2321 {Dei
950 2258 1160 2329 gratia
1183 2259 1577 2318 Romanorum
1602 2260 1853 2327 impera-

202 2346 312 2404 τον
332 2346 644 2418 angustus,
669 2346 941 2404 omnibus
958 2347 1186 2404 Ulzristi
1206 2348 1261 2403 et
1277 2345 1849 2417 ecclesiaﬁdclibus.

202 2438 423 2498 Notum
439 2434 839 2493 esseoolumus
859 2435 1165 2493 dilectioni
1186 2436 1241 2490 et
1254 2436 1603 2492 discrecioni
1625 2436 1851 2506 esti-ce,

203 2538 278 2583 ea
289 2537 421 2597 quae
436 2524 592 2581 inter
604 2535 708 2579 nos
722 2523 779 2578 et
793 2522 986 2580 domin
998 2538 1093 2579 um
1107 2525 1279 2580 illum
1296 2523 1647 2579 Pasclialem
1662 2523 1852 2591 erant,

206 2608 499 2683 quomodo
529 2609 785 2680 incepta,
813 2610 1074 2666 tractata
1099 2623 1169 2665 ac
1179 2610 1423 2680 peracta
1437 2607 1593 2678 sint;
1626 2608 1858 2665 scilicet

203 2698 280 2757 dc
313 2696 690 2757 conventione
706 2697 864 2753 inter
882 2711 972 2753 me
988 2697 1049 2752 et
1064 2698 1276 2767 ipsum,
1305 2697 1373 2753 de
1388 2697 1713 2754 traditione
1748 2698 1858 2753 Ito-

199 2799 521 2846 manorum
541 2785 610 2842 in
628 2798 719 2841 me
742 2786 978 2855 etmeos,
1000 2787 1068 2842 ut
1094 2787 1309 2842 audita
1336 2786 1661 2856 intelligat,
1685 2787 1858 2842 intel-

204 2876 365 2934 lecta
394 2872 710 2944 examinet,
761 2874 1114 2931 examinata
1149 2875 1459 2944 diiudicet.
1487 2876 1689 2943 Igitur
1728 2889 1858 2931 cum

202 2967 276 3023 in
305 2977 369 3021 eo
412 2962 567 3019 totus
600 2975 781 3020 essem
804 2964 874 3018 ut
903 2976 993 3018 me
1018 2963 1099 3019 ad
1137 2964 1391 3020 ecclesia:
1430 2962 1757 3018 utilitatem
1804 2963 1863 3019 et

203 3052 406 3122 ipsius
426 3049 643 3119 totum,
680 3050 734 3106 si
748 3050 985 3121 justum
1011 3050 1177 3118 esset,
1212 3063 1608 3119 componerem
1636 3048 1746 3119 ιοδο,
1773 3064 1857 3105 σθ-

192 3139 303 3212 pit
325 3137 747 3194 dilatationem
777 3137 833 3193 et
863 3138 1292 3194 exattationem
1314 3137 1483 3208 regni
1536 3151 1719 3208 supra
1744 3153 1857 3194 cm-

204 3206 315 3284 nes
339 3224 734 3282 antecessores
757 3238 910 3281 meos
931 3225 1193 3282 studiose
1220 3206 1581 3296 promittere,
1601 3206 1859 3282 subdole
1888 3206 1935 3267 Ο

208 3315 412 3372 tamen
449 3313 731 3386 quomodo
767 3326 1018 3384 regnum
1066 3315 1123 3370 et
1143 3315 1497 3373 ecclesiama
1538 3315 1707 3372 statu
1750 3330 1855 3372 suo

207 3403 514 3462 sc.nderet
540 3401 823 3458 tractare.
855 3401 1020 3467 Quod
1031 3402 1247 3475 facere
1266 3403 1355 3460 sic
1383 3416 1702 3476 aggressus
1748 3404 1850 3462 est.

209 3494 415 3564 Regna
445 3491 646 3546 nostro
677 3488 787 3558 ‘0“,
804 3491 941 3561 jam
970 3504 1010 3548 a
1032 3490 1258 3547 Karolo
1290 3496 1396 3547 300
1423 3492 1478 3548 et
1507 3506 1568 3548 eo
1597 3491 1858 3562 amplius

210 3581 399 3638 annis
422 3579 476 3635 ei
501 3577 608 3634 sub
621 3579 939 3649 sexaginta
972 3578 1164 3635 tribus
1190 3580 1531 3651 apostolicis
1552 3581 1858 3645 tricestitu-

205 3681 316 3726 ras
346 3667 785 3739 episcopatum):
810 3667 869 3722 et
895 3666 1278 3723 abbatiarum
1309 3668 1623 3725 eorundem
1662 3669 1859 3725 aucto-

204 3756 399 3814 ritate
420 3755 477 3811 et
502 3754 958 3826 pricilegiorum
978 3756 1426 3826 confirmatione
1461 3757 1705 3827 tenenti,
1730 3748 1857 3829 abs-

209 3858 327 3917 que
349 3843 670 3901 audientia
694 3844 939 3915 auferre
954 3843 1186 3901 colebat
1211 3863 1223 3909 ;
1243 3846 1299 3901 et
1317 3860 1446 3902 cum
1463 3860 1577 3916 per
1613 3840 1859 3901 nuncios

209 3933 446 3990 nostros
477 3932 843 4004 quereretur,
859 3931 1084 4002 quidde
1097 3932 1263 3991 nobis
1271 3934 1453 4005 ﬂeret
1475 3934 1743 3990 omnibus
1764 3933 1860 3990 liis

212 4019 464 4091 ablatis,
481 4021 548 4075 in
568 4034 683 4091 quo
695 4034 944 4092 regnum
964 4022 1229 4078 nostrum
1248 4022 1559 4092 constaret,
1578 4022 1861 4092 quoniam

194 4111 344 4186 fere
380 4108 582 4166 omnia
614 4109 1007 4167 antecessores
1043 4111 1235 4168 nostri
1267 4111 1535 4167 ecclesiis
1574 4123 1861 4167 concesse-

208 4198 364 4256 runt
398 4198 456 4254 et
484 4196 882 4266 tradiderunt,
909 4196 1260 4268 subj/unxit:
1292 4198 1585 4255 «Fratres
1608 4199 1863 4255 ecclesia

211 4284 464 4343 decimis
529 4284 586 4340 et
628 4282 1029 4341 oblationibus
1098 4284 1227 4341 suis
1266 4285 1522 4340 contenti
1553 4285 1720 4355 sint;
1749 4298 1862 4341 rea:

208 4389 351 4434 vero
397 4374 598 4431 omnia
614 4373 834 4445 predia
847 4373 1176 4444 etregalia,
1203 4386 1335 4444 qua
1367 4388 1405 4430 a
1427 4374 1652 4430 Karolo
1676 4374 1733 4431 et
1761 4375 1862 4430 ιυ-

213 4464 412 4536 dogco,
451 4463 655 4519 Ottone
697 4463 756 4517 et
799 4462 1086 4519 Heinrico
1126 4462 1388 4518 ecclesiis
1429 4461 1652 4517 collata
1698 4463 1857 4531 sunt,

1958 1912 2278 1981 imperator
2302 1912 2611 1982 angustus,
2634 1914 2910 1981 conﬁrmo
2946 1913 3065 1967 Deo
3084 1912 3144 1966 et
3158 1910 3362 1966 sancto
3394 1908 3589 1973 Petro,

1957 2000 2224 2056 omnibus
2242 2002 2549 2071 episcopis,
2583 2000 2898 2057 abbatibus
2916 2000 2974 2055 et
2999 1998 3266 2055 omnibus
3307 1995 3589 2064 ecclesiis,

1958 2088 2155 2144 omnia
2174 2103 2304 2159 qua
2321 2092 2713 2145 antecessores
2726 2091 2839 2145 mei
2851 2103 3016 2159 reges
3036 2088 3092 2144 et
3106 2088 3333 2158 impera
3342 2086 3493 2141 tores
3510 2086 3597 2141 eis

1960 2178 2482 2234 concesseruntcel
2515 2177 2970 2247 traddiderunt;
2992 2176 3048 2233 et
3071 2191 3200 2248 qure
3226 2175 3323 2231 illi
3344 2187 3456 2246 pro
3497 2185 3600 2243 spe

1961 2265 2622 2323 ceternccrctributionis
2666 2264 3004 2321 obtuleruut
3029 2265 3166 2329 Deo,
3202 2278 3303 2334 ego
3329 2261 3599 2333 peccator

1957 2370 2064 2426 pro
2088 2356 2297 2411 timore
2321 2353 2613 2410 terribilis
2645 2353 3014 2423 judiciiulto
3044 2353 3212 2407 modo
3248 2349 3600 2409 subtrahere

1960 2457 2181 2500 recuso.
2208 2464 2232 2493 ››
2261 2445 2387 2498 Hoc
2404 2444 2630 2499 decreto
2663 2441 2754 2475 ‘0”
2777 2442 2834 2497 et
2850 2440 3177 2511 subscripto
3212 2439 3362 2512 petii
3395 2437 3468 2495 ab
3514 2451 3597 2507 eo,

1962 2534 2033 2587 ut
2049 2532 2208 2588 sicut
2226 2532 2291 2587 in
2313 2532 2484 2587 curta
2502 2545 2600 2587 con
2612 2531 2901 2587 rentionis
2925 2533 3053 2602 ejus
3084 2530 3369 2601 scriptum
3392 2528 3477 2584 est
3496 2526 3603 2583 mi-

1966 2621 2029 2677 bi
2046 2620 2413 2691 adinzpteret.
2441 2621 2582 2677 Haec
2600 2621 2771 2676 curta
2800 2619 2893 2651 ‘0“
2934 2619 3336 2677 contentionis
3363 2619 3488 2688 ejus
3523 2615 3606 2672 ad

1961 2722 2052 2765 me
2072 2727 2091 2762 .-
2113 2707 2203 2740 ⁴⁰³τ
2231 2728 2241 2761 :
2260 2728 2285 2757 »
2305 2710 2445 2763 Dom
2456 2722 2563 2763 nus
2566 2722 2731 2779 papa
2753 2709 2917 2777 preci
2913 2706 3048 2778 piet
3065 2707 3352 2776 episcopis
3364 2717 3600 2775 presen-

1967 2797 2121 2853 tibus
2140 2796 2203 2851 in
2225 2797 2320 2852 die
2341 2798 2741 2853 coronationis
2761 2797 2938 2866 regis,
2964 2792 3603 2863 utdimittantregalia

1963 2886 2111 2954 regi,
2139 2887 2197 2940 et
2215 2899 2394 2953 regno
2416 2899 2546 2957 qure
2563 2884 2643 2940 ad
2673 2898 2918 2955 regnum
2936 2881 3318 2954 pertinebant
3355 2880 3606 2951 tempore

1965 2973 2201 3039 It'aroli,
2230 2974 2481 3043 Lodogci
2506 2973 2575 3028 0t
2583 2972 2734 3030 tonis
2753 2973 2809 3028 et
2820 2973 3120 3039 Heinrici,
3137 2970 3192 3025 et
3208 2971 3467 3025 aliorum
3475 2981 3607 3038 pre-

1967 3063 2328 3119 decessurum
2352 3062 2499 3131 ejus,
2523 3062 2578 3116 et
2599 3059 3104 3131 scripto/irmabit
3125 3058 3231 3116 sub
3260 3057 3608 3114 anathema-

1966 3152 2040 3215 te,
2063 3165 2134 3206 ne
2161 3165 2354 3207 eorum
2375 3151 2741 3221 presentium
2777 3149 2870 3205 cel
2911 3148 3244 3205 absentium
3283 3147 3608 3218 quisquam

1963 3239 2058 3296 cel
2076 3254 2433 3297 successores
2461 3253 2659 3295 eorum
2680 3237 3082 3295 intromittant
3102 3251 3163 3293 se
3182 3236 3278 3292 vel
3312 3233 3611 3291 invadant

1967 3329 2169 3385 eadem
2190 3330 2447 3399 regalia,
2473 3328 2539 3385 id
2551 3330 2637 3383 est
2657 3326 2838 3384 cirita
2852 3328 2955 3396 tes,
2984 3326 3253 3395 ducatus,
3277 3320 3604 3390 marchias,

1966 3418 2300 3487 comitatus,
2329 3417 2607 3485 monetas,
2632 3416 2980 3484 tlzeloncum,
3001 3410 3477 3471 marebatum‘m
3507 3410 3609 3467 ad-

1964 3506 2252 3575 rocatias,
2278 3508 2477 3562 omnia
2489 3507 2638 3576 jura
2662 3505 3091 3572 centurionum,
3108 3501 3323 3573 ίιίωδιι)
3347 3499 3611 3559 estrilli-

1968 3610 2184 3663 eorum,
2219 3595 2415 3651 curtes
2437 3595 2494 3649 et
2512 3594 2697 3649 rillus
2717 3606 2848 3665 quae
2866 3594 3038 3663 regni
3055 3591 3248 3661 erant,
3277 3604 3408 3648 cum
3436 3589 3613 3645 omni-

1971 3682 2074 3737 bus
2088 3682 2419 3753 pertinenti
2428 3683 2480 3737 is
2500 3681 2646 3748 suis,
2668 3679 2963 3753 miliciani
2988 3680 3045 3753 et
3069 3681 3273 3753 castra
3291 3696 3322 3753 ,ζ
3352 3691 3457 3753 nec
3476 3678 3613 3753 ipse

1965 3747 2162 3823 regem
2184 3754 2238 3807 et
2256 3766 2502 3821 regnum
2523 3747 2699 3819 super
2721 3751 2817 3805 bis
2856 3749 3113 3805 ulterius
3148 3747 3531 3817 inquietabit,
3559 3748 3615 3803 et

1957 3840 2286 3913 priuilegio
2308 3839 2415 3895 sub
2449 3837 2830 3894 anathemate
2879 3836 3256 3897 confirmabit
3286 3848 3357 3891 ne
3389 3835 3614 3905 posteri

1970 3928 2065 3985 sui
2086 3925 2344 3997 amplius
2369 3924 2711 3994 inquietare
2736 3923 3087 3995 presumant
3117 3924 3330 3992 Regem
3367 3921 3615 3992 benigne

1970 4015 2032 4074 et
2055 4015 2374 4086 lionoriﬂce
2391 4013 2693 4083 suscipiet,
2728 4013 2784 4067 et
2802 4025 2963 4068 more
2982 4011 3462 4082 predecessorum
3483 4011 3615 4080 ejus

1971 4101 2661 4162 cat/iol-icorumscienter
2682 4115 2798 4156 non
2815 4100 3139 4169 subtracto,
3187 4097 3529 4166 coronabit;
3559 4097 3621 4153 et

1971 4193 2052 4249 ad
2074 4192 2376 4248 tenendum
2398 4189 2489 4223 ⁴⁰⁵⁰
2526 4204 2655 4245 cum
2680 4191 2773 4247 Itis
2822 4191 2977 4245 enini
2986 4187 3090 4245 bus
3111 4186 3301 4259 officii
3321 4187 3418 4242 sui
3440 4187 3617 4241 auai-

1974 4280 2324 4351 liojurab.‘t.
2348 4281 2423 4335 Si
2448 4280 2695 4335 domnus
2717 4292 2877 4349 papa
2900 4278 3020 4333 liceo
3038 4279 3169 4348 regi
3189 4290 3305 4332 non
3333 4275 3618 4345 adimple-

1971 4371 2143 4439 rerit,
2169 4384 2269 4440 ego
2292 4368 2511 4425 Petrus
2534 4369 2744 4425 Leonis
2754 4369 2923 4439 jure,
2944 4367 3102 4438 quod
3122 4380 3253 4423 cum
3273 4364 3396 4421 tota
3415 4363 3618 4434 poten-

1974 4460 2065 4516 tia
2084 4472 2213 4514 mea
2232 4457 2429 4514 tenebo
2452 4456 2534 4513 ad
2555 4456 2856 4513 dominum.
2875 4470 3088 4527 regem.
3121 4453 3365 4511 Obsides
3394 4452 3612 4520 autem,

209 4549 334 4611 sibi
378 4551 439 4608 et
489 4548 923 4609 successoribus
969 4551 1103 4607 suis
1148 4564 1247 4606 rec
1262 4551 1407 4620 piat
1436 4551 1493 4605 et
1518 4550 1800 4606 detineat.
1831 4574 1855 4598 ιο
1892 4561 1943 4619 1)
1974 4547 2450 4621 nisiefugerint,
2472 4547 2787 4603 reddemus
2810 4546 3005 4601 altera
3026 4544 3124 4600 die
3138 4541 3615 4614 postcoronatio-

211 4640 311 4700 Ad
360 4640 480 4697 liae
511 4653 644 4697 cum
690 4639 887 4697 nostri
950 4638 1411 4708 responderent:
1472 4652 1578 4695 nos
1622 4638 1862 4710 quidem

213 4729 377 4787 nolle
400 4727 753 4784 uiolentiam
783 4725 1046 4784 ecclesiis
1076 4728 1323 4799 inferre,
1364 4741 1436 4783 ne
1474 4727 1594 4784 ista
1628 4727 1864 4784 subtra-

213 4817 407 4876 hendo
455 4816 542 4873 tot
596 4816 923 4886 sacrilegia
983 4817 1347 4871 incurrerent
1387 4816 1496 4885 ‘0",
1540 4816 1595 4872 et
1643 4817 1740 4872 sui
1769 4830 1864 4872 sa-

213 4905 518 4963 cramento
562 4918 679 4976 pro
736 4904 863 4975 ipso
906 4903 1331 4975 ﬁrmaverunt,
1385 4903 1683 4959 dominica
1726 4905 1863 4958 Esto

219 4992 360 5049 mihi
420 4993 476 5049 in
538 4994 734 5061 Deum,
783 5005 845 5048 se
890 4993 1092 5047 omnia
1157 4992 1278 5048 bac
1321 5007 1451 5049 cum
1488 4992 1751 5063 justicia
1809 4996 1863 5047 et

1972 4652 2101 4693 nem
2122 4636 2303 4706 regis.
2329 4637 2403 4692 Si
2416 4649 2526 4706 per
2527 4647 2755 4705 papam
2773 4632 3138 4688 remanserit
3154 4632 3223 4687 ut
3242 4645 3355 4687 non
3387 4643 3616 4687 corone-

1975 4728 2092 4796 tur,
2119 4726 2407 4783 similiter
2427 4724 2755 4779 reddemus.
2785 4722 2897 4777 Die
2913 4721 3203 4777 dominico
3241 4733 3373 4777 cum
3390 4732 3503 4776 rea:
3539 4719 3621 4775 ad

1966 4816 2397 4886 processionem
2419 4811 2662 4878 venerit,
2698 4808 2925 4865 obsides
2968 4806 3117 4864 dzbo
3155 4805 3527 4863 Gracianum
3549 4809 3621 4876 ﬂ-

1977 4905 2124 4959 liunz
2150 4914 2360 4969 meum,
2388 4898 2660 4969 etﬁlium
2695 4896 3093 4967 Wizonis/tlii
3122 4896 3260 4963 mei,
3290 4894 3389 4949 cel
3419 4892 3621 4962 [ilium

1973 4991 2215 5056 sororis,
2234 5001 2393 5057 mere,
2416 4986 2472 5043 si
2495 4999 2625 5041 eum
2645 4984 2863 5041 habere
2871 4985 3137 5055 potuero,
3161 5001 3188 5034 ‹‹
3210 4983 3353 5037 Haec
3366 4980 3510 5038 sunt
3526 4995 3622 5039 sa-

287 5159 383 5194 mo
412 5173 761 5229 “monerem
786 5174 833 5214 ίό
860 5157 952 5229 ⁸9⁸⁸
984 5174 1015 5229 (1
1027 5160 1134 5214 uod
1158 5173 1203 5215 c.
1238 5159 1329 5191 “’5’
1361 5159 1466 5215 hoc
1485 5088 1856 5225 navigia.

1962 5085 2532 5229 ἓῖιὶῗέῗίῖμοὶθιὶιθι·
2566 5151 2832 5229 promisit
2875 5152 3063 5229 epist.
3107 5148 3200 5183 ⁴⁰⁶³
3233 5149 3622 5229 ecclesiarum

217 5232 311 5289 dei
345 5221 516 5302 epist.
547 5229 639 5265 ⁴⁰³⁴
664 5232 726 5285 1-1.
763 5228 927 5302 ο.ν⁴⁰⁸⁸
959 5221 1014 5286 δ’
1041 5247 1127 5302 me
1162 5229 1312 5302 lecto
1338 5235 1395 5283 ct
1420 5245 1487 5300 ep
1517 5231 1591 5285 st.
1624 5221 1715 5302 ξοδδ
1750 5231 1809 5283 ll.
1847 5236 1934 5284 est
1975 5243 2059 5298 ep.
2094 5226 2185 5302 ωδ]
2245 5226 2297 5302 §i
2364 5223 2916 5302 rex__adimpl_everit
2951 5223 3162 5302 domn-0
3216 5235 3399 5302 papa),
3438 5221 3621 5302 “sicut

219 5303 276 5359 in
309 5290 420 5358 alia
455 5301 861 5358 conventionis
895 5301 1120 5357 cartula
1156 5290 1576 5369 scriptum‘est,
1615 5300 1856 5355 domnus
1891 5316 1943 5370 p.
1978 5290 2062 5370 ep.
2100 5296 2195 5353 ed.
2236 5298 2410 5367 Legg.
2446 5295 2535 5359 II,
2558 5308 2621 5364 p.
2674 5290 2760 5348 67.
2797 5291 2890 5326 ⁸0⁵⁸
2924 5290 3241 5349 mercatum
3283 5290 3369 5349 ed.
3435 5290 3527 5324 ⁴⁰⁸⁹
3579 5291 3616 5346 t.

1821 5439 2022 5495 NOTAE

217 5388 463 5445 regnum
498 5372 694 5428 ofﬁcii.
728 5372 815 5430 ed.

291 5531 442 5603 (662)
476 5530 811 5587 Prmsertim
844 5530 1131 5586 Bennonis
1164 5529 1373 5585 librum
1408 5527 1735 5597 intelligere
1784 5527 1865 5582 vi-

219 5602 448 5743 ἀθέἓέἐ)
482 5672 615 5743 Haec
636 5672 888 5743 epistola
920 5671 1220 5743 encyclica
1239 5685 1310 5743 ως
1338 5667 1606 5743 Udalrico
1651 5668 1868 5743 Bubon-

220 5738 499 5815 bergensi
523 5746 579 5797 et
616 5738 937 5800 Annalibus
958 5743 1011 5798 S.
1036 5738 1312 5814 Dysibodi
1331 5740 1447 5809 jam
1472 5741 1640 5811 Legg.
1668 5738 1771 5795 Vol
1796 5740 1865 5810 Il,

1980 5529 2134 5604 ιμ’-70
2164 5524 2475 5604 editanest.
2515 5524 2571 5577 ln
2623 5521 2868 5591 singulis
2920 5522 3115 5579 verbis
3156 5520 3249 5577 hic
3301 5524 3502 5575 textus
3550 5520 3620 5574 ab

1977 5595 2412 5680 édiEQIePGdi‘:
3099 5662 3140 5680 .-

1980 5738 2010 5794 ἀ
2052 5667 2269 5794 ($664013.
2303 5679 2349 5721 e.
2381 5678 2436 5721 υ.
2474 5662 2727 5733 scriptor
2769 5662 3145 5719 Treverensis
3188 5659 3482 5720 addidisse
3546 5659 3624 5712 vi-

2019 5752 2049 5794 e
2086 5753 2178 5793 ur.
