3968 6330
363 335 512 410 1811

931 337 1204 408 GESTA
1242 334 1601 405 TREVER.
1627 371 1709 386 —-
1735 327 2092 400 APPEND.
2137 323 2406 396 GESTA
2445 319 2916 392 ALBERONIS
2955 313 3204 392 ARCH.

3615 310 3779 384 1812

359 497 697 558 crementa:
733 519 759 548 ιι
792 496 918 570 Ego
933 495 1156 554 Petrus
1192 492 1402 553 Leonis
1438 493 1586 566 juro
1630 486 1815 560 vobis,
1853 485 2006 559 quia
2033 459 2090 518 Α
2119 482 2214 542 tia
2232 483 2632 542 Romanorum
2654 477 3004 570 imperator,
3032 477 3090 535 et
3107 488 3288 550 regno
3301 471 3544 570 regalia
3569 471 3782 570 dimit-

357 589 606 648 domnus
622 601 791 662 papa
802 587 1082 660 proximo
1104 585 1202 643 die
1229 583 1518 642 dominico
1539 576 1898 654 adimplebit
1920 589 2008 634 re-

351 679 442 752 gi,
465 677 625 750 quod
646 677 714 735 in
741 676 913 736 carta
932 675 1330 734 conventionis
1351 673 1646 746 scriptum
1675 669 1778 728 est.
1809 691 1833 717 ο
1863 666 2007 724 Hac

355 767 502 826 sunt
517 766 897 826 sacramenta
924 779 1000 822 ea
1017 764 1227 822 nostra
1247 762 1420 835 parte
1437 782 1456 820 :
1481 783 1508 812 «ι
1528 762 1654 830 Ego
1671 770 1856 816 comes
1887 756 2006 812 He-

354 857 689 915 rimannus.
713 853 842 926 Ego
859 867 1042 912 comes
1055 852 1441 924 Godefridus.
1458 852 1585 922 Ego
1599 861 1786 906 comes
1800 844 2006 902 Fride-

352 944 672 1014 ricus.Ego
693 941 1019 999 Folmarus.
1045 942 1176 1013 Ego
1214 937 1574 998 Adalbertus
1602 932 2006 994 cancellarius

348 1029 684 1104 jurovobis,
725 1033 872 1104 quia
903 1030 1154 1087 domnus
1182 1042 1295 1085 reo;
1329 1027 1612 1099 proaima
1647 1019 2010 1104 quartavel

357 1101 576 1186 quinta
602 1101 778 1188 feria
793 1111 888 1170 ita
893 1109 1200 1182 principes
1231 1105 1656 1182 j-urarefaciet
1683 1103 1741 1160 et
1771 1101 2004 1160 obsides

357 1199 546 1271 dabit,
579 1200 743 1258 sicut
775 1199 843 1256 in
879 1198 1051 1256 carta
1094 1195 1496 1256 conventionis
1526 1192 1812 1264 scriptum
1841 1189 1944 1247 est.
1973 1210 1998 1237 ι

359 1289 510 1347 Cum
537 1302 674 1360 ergo
693 1288 1056 1360 supradicta
1068 1285 1466 1358 postulationi
1504 1281 1862 1350 insisterem,
1893 1279 2006 1360 sci-

359 1369 502 1426 licet
525 1369 598 1425 ut
613 1382 746 1427 cum
761 1359 1020 1440 justicia
1041 1367 1100 1423 et
1117 1365 1477 1423 auctoritate
1508 1361 1868 1434 promissam
1894 1359 2004 1416 mi-

299 1462 314 1477 '
359 1455 460 1515 chi
508 1457 942 1514 conventionem
963 1453 1267 1526 ﬁrmaret,
1316 1452 1616 1510 universis
1667 1453 1733 1510 in
1771 1449 2006 1522 faciem

358 1545 490 1617 ejus
527 1544 947 1603 resistentibus
969 1543 1029 1600 et
1063 1543 1291 1600 decreto
1313 1555 1418 1599 suo
1452 1541 1708 1612 planam
1751 1535 2008 1595 heresim

355 1634 852 1701 inclamanlibus,
887 1631 1123 1690 scilicet
1155 1629 1461 1702 episcopis,
1509 1626 1845 1696 abbatibus,
1885 1626 2008 1683 tam

359 1723 491 1779 suis
519 1735 703 1792 quam
721 1722 963 1790 nostris,
995 1721 1050 1776 et
1071 1718 1338 1777 omnibus
1374 1718 1633 1776 ecclesia
1675 1715 1847 1786 ﬁliis,
1877 1713 2002 1783 hoc,

360 1810 416 1867 si
439 1811 614 1868 salva
625 1823 772 1881 pace
791 1809 1048 1867 ecclesia
1074 1807 1194 1865 dici
1208 1807 1425 1880 potest,
1462 1804 1864 1878 privilegium
1871 1815 2008 1874 pro-

345 1899 530 1970 ferre
547 1873 744 1956 voluit
772 1918 784 1952 :
813 1917 842 1951 α
860 1897 1186 1956 Paschalis
1206 1873 1528 1967 cpiscopus,
1566 1873 1774 1950 servius
1815 1873 2006 1950 serco-
2033 1873 2088 1934 Β

357 1993 493 2037 rum
524 1981 658 2050 Dei,
683 1977 1038 2050 dilecto/ilio
1061 1977 1348 2034 Heinrico
1363 1976 1494 2046 regi
1517 1975 1764 2046 ejusque
1783 1984 2005 2029 succes-

362 2066 614 2126 soribus.
651 2069 731 2126 Et
752 2066 971 2125 divina
1002 2066 1150 2138 legis
1175 2063 1554 2124 institutione
1567 2059 1891 2120 sanctitum
1919 2057 2011 2116 est

2117 571 2690 646 tendaprecipimus,
2713 584 2846 641 qua
2866 567 2949 626 ad
2963 581 3218 640 regnum
3243 562 3631 638 pertinebant
3645 575 3782 620 ma-

2113 661 2277 734 nifes
2289 661 2602 733 tetempore
2613 657 2783 718 Kar’o
2791 659 2856 728 li,
2881 655 3138 729 Lodogci
3155 655 3215 713 et
3227 653 3552 712 ceterorum
3565 650 3782 724 prede-

2115 764 2404 810 cessorum
2415 749 2666 806 tuorum.
2683 745 3113 806 Interdicimus
3126 743 3311 802 etiam
3323 743 3380 800 et
3391 741 3500 801 sub
3523 740 3782 800 anathe-

2111 837 2398 897 matis‘°°’
2423 837 2802 896 districtione
2801 833 3210 908 prohibemus,
3234 847 3304 889 ne
3324 833 3464 904 quis
3478 830 3780 903 episcepo-

2110 941 2250 986 ruon
2267 927 2364 984 vel
2368 925 2668 995 abbatum,
2673 925 3050 997 presentium
3061 923 3158 980 vel
3163 921 3549 994 futurorum,
3564 919 3783 977 eadem

2110 1016 2351 1087 regalia
2379 1015 2468 1050 ⁸⁸⁸³
2480 1015 2753 1083 invadat,
2779 1013 2850 1070 id
2863 1013 2951 1072 est
2962 1011 3263 1081 civitates,
3305 1009 3580 1080 ducatus,
3608 1022 3780 1066 mar-

2113 1105 2305 1176 chias,
2329 1103 2664 1172 comitatus,
2687 1101 2974 1172 monetas,
3021 1099 3374 1160 thelaneum.
3415 1097 3774 1164 mercatum,

2114 1193 2485 1263 advocatias,
2501 1195 2657 1265 jura
2679 1189 3111 1258 centurionum,
3141 1189 3200 1246 et
3216 1187 3412 1246 curtes
3439 1199 3575 1259 qua
3590 1185 3776 1258 regni

2115 1283 2308 1352 erant,
2333 1296 2464 1340 cum
2466 1278 2860 1354 perlinentiis
2871 1279 3022 1348 suis,
3035 1277 3334 1336 miliciam
3345 1275 3403 1332 et
3421 1274 3648 1344 castra,
3667 1287 3780 1331 nec

2112 1384 2176 1430 se
2187 1371 2479 1444 deinceps,
2495 1370 2622 1428 nisi
2632 1382 2738 1441 per
2741 1369 3016 1441 gratiam
3025 1367 3208 1437 regis,
3226 1365 3297 1422 de
3329 1365 3526 1436 ipsius
3545 1363 3776 1436 regali-

2117 1459 2224 1518 bus
2237 1459 2622 1518 intromittat.
2647 1458 2887 1516 Sednec
2919 1455 3174 1528 posteris
3185 1453 3412 1512 nostris
3443 1452 3650 1520 liceat,
3663 1453 3777 1524 qui

2107 1550 2356 1621 postnos
2371 1549 2436 1606 in
2447 1545 2772 1620 apostolica
2783 1545 2918 1604 sede
2933 1541 3449 1612 successerint‘m,
3466 1541 3579 1599 aut
3593 1541 3648 1598 te
3660 1539 3780 1597 aut

2113 1651 2549 1709 regnumsuper
2584 1637 2691 1694 hoc
2714 1634 3057 1706 inquietare
3085 1633 3336 1704 negotio.
3362 1631 3553 1687 Porro
3583 1630 3776 1688 acele-

2115 1727 2244 1786 sias
2261 1740 2392 1784 cum
2403 1723 2803 1784 oblationibus
2819 1721 2953 1792 Dei,
2976 1720 3366 1780 heridztariis
3382 1718 3774 1790 possessioni-

2119 1816 2242 1886 bus,
2258 1828 2391 1887 qua
2409 1814 2489 1872 ad
2496 1827 2747 1885 regnum
2760 1810 3086 1883 mani/este
3103 1823 3220 1866 non
3237 1807 3331 1842 ⁴⁰⁶⁸
3351 1807 3770 1880 pertinebant,

2119 1904 2335 1963 liberas
2344 1917 2584 1960 manere
2596 1901 2988 1970 decernimus,
3004 1897 3165 1957 sicut
3173 1900 3239 1955 in
3252 1897 3350 1954 die
3363 1896 3774 1954 coronationis

2118 1993 2232 2050 tua
2241 1991 2628 2062 omnipotenti
2641 1990 2889 2046 Domino
2900 1987 2970 2046 in
2981 1986 3292 2056 conspectu
3305 1986 3481 2043 totius
3490 1983 3776 2042 acclesia

2110 2081 2462 2155 promisisti.
2491 2079 2732 2151 Oportet
2742 2077 3038 2150 episcopos
3072 2075 3239 2133 curis
3263 2072 3644 2132 secularibus
3679 2085 3774 2130 ea-

365 2158 425 2216 et
441 2159 636 2216 sacris
665 2155 990 2215 canonibus
1026 2154 1434 2222 interdictum,
1462 2166 1535 2243 ne
1561 2149 1892 2243 sacerdotes
1911 2161 2006 2243 cu-
2103 2149 2341 2243 },edim
2356 2149 2565 2226 cum",
2597 2149 2838 2224 suorum
2867 2179 3045 2236 ag,"
3065 2162 3440 2236 populorum,
3461 2175 3573 2220 περ
3601 2161 3773 2219 “de,

359 2247 452 2305 ris
481 2245 854 2304 secularibus
872 2249 1245 2316 occupentur.
1277 2255 1419 2298 neve
1429 2241 1513 2298 ad
1529 2237 1891 2308 comitatum,
1915 2237 2009 2296 ni-

360 2337 418 2393 si
448 2333 794 2406 dampnatis
815 2333 908 2367 ⁴⁰⁶⁰
939 2332 1216 2390 eruendis
1261 2331 1370 2388 aut
1387 2343 1502 2402 pro
1530 2327 1678 2385 aliis
1712 2327 1819 2398 qui
1843 2326 2007 2397 inju-

360 2423 523 2481 riam
531 2423 880 2495 patiuntur,
906 2419 1208 2480 accedant.
1238 2419 1403 2476 Unde
1432 2417 1491 2474 et
1525 2414 1826 2488 apostolus
1847 2414 2008 2471 Pau-

367 2512 494 2569 lus:
544 2534 570 2560 α
609 2511 954 2580 Secularia,
1011 2509 1235 2582 inquit,
1260 2505 1511 2578 judicia
1546 2506 1604 2562 si
1645 2502 2004 2574 habueritis,

364 2597 837 2671 contemptibiles
857 2599 966 2670 qui
983 2597 1203 2656 suntin
1223 2595 1491 2654 acclesia
1505 2594 1645 2651 illos
1664 2591 2009 2650 constituite

365 2687 880 2760 adjudicandum.
905 2709 930 2735 ιι
952 2687 1030 2744 In
1073 2685 1249 2756 regni
1292 2683 1494 2741 autem
1526 2681 1712 2738 vestri
1735 2679 2010 2752 partibus

369 2777 630 2849 episcopi
657 2776 754 2832 vel
783 2774 1025 2833 abbates
1052 2774 1197 2832 adeo
1227 2773 1390 2831 curis
1436 2768 1811 2829 secularibus
1847 2782 2012 2826 occu-

363 2865 609 2939 pantur,
644 2865 714 2922 ut
741 2865 1086 2924 comitatum
1103 2862 1346 2920 assidue
1355 2859 1760 2934 frequentare
1777 2866 1830 2914 et
1850 2857 2013 2915 mili-

368 2956 527 3014 ciam
548 2967 814 3011 exercere
826 2953 1118 3026 cogantur
1141 2969 1156 3018 ;
1179 2965 1308 3023 qua
1327 2950 1619 3006 nimirum
1647 2947 1758 3004 aut
1771 2948 1878 3004 via
1905 2947 2016 3004 aut

366 3043 532 3100 nullo
551 3043 717 3100 modo
739 3041 1138 3114 sinerapinis,
1165 3038 1528 3108 sacrilegiis,
1559 3035 1875 3102 incendiis,
1905 3035 2018 3092 aut

366 3131 724 3201 homicidiis,
758 3129 1128 3188 eahibentur.
1162 3126 1440 3186 Ministri
1465 3126 1625 3182 enim
1653 3123 1876 3182 altaris
1903 3127 2013 3184 mi-

2113 2258 2228 2317 siis
2238 2260 2368 2317 suis
2381 2257 2584 2314 abesse
2601 2255 2852 2313 diutius.
2868 2255 2998 2326 Ipsi
3011 2257 3170 2311 enim
3191 2251 3572 2324 pervigilant
3575 2251 3771 2323 juata

2114 2347 2440 2422 apostolum
2469 2347 2756 2414 Paulum,
2779 2345 2961 2418 quasi
2979 2342 3283 2402 racionem
3301 2356 3418 2414 pro
3451 2340 3774 2399 animabus

2115 2435 2650 2496 eorumreddiburi.
2679 2457 2705 2483 ι

2187 2549 2220 2602 8
2232 2585 2248 2602 .
2283 2546 2356 2601 Ut
2383 2546 2576 2601 autem
2599 2554 2672 2598 ex
2688 2542 2891 2597 tenore
2903 2535 3171 2610 epistolae
3185 2537 3557 2609 perpendere
3573 2541 3768 2610 potes,

2117 2650 2152 2692 ο
2173 2633 2377 2702 lector,
2409 2645 2506 2688 res
2533 2629 2641 2687 ista
2669 2628 2746 2686 ad
2774 2627 2946 2684 tinem
2976 2641 3088 2682 non
3117 2634 3206 2684 est
3243 2625 3550 2698 perducta,
3570 2625 3670 2682 sed
3688 2625 3772 2682 ei-

2121 2721 2454 2780 ﬁcientibus
2484 2717 2576 2776 his
2598 2717 2696 2790 qui
2727 2730 2860 2773 cum
2885 2728 3021 2785 rege
3054 2718 3226 2771 erant
3253 2718 3418 2770 tanta
3466 2729 3544 2770 ex
3575 2715 3687 2771 hac
3710 2727 3774 2770 re

2121 2809 2401 2869 discrevit
2431 2805 2750 2876 discordia,
2783 2803 2940 2876 quod
2976 2803 3130 2859 inter
3151 2802 3309 2873 regis
3338 2801 3671 2860 exercitum
3712 2807 3778 2858 et

2119 2905 2414 2959 Romanos
2447 2897 2667 2956 acriter
2694 2895 2766 2952 ad
2796 2893 3016 2964 gradus
3040 2893 3237 2950 Sancti
3260 2892 3418 2948 Petri
3443 2895 3770 2965 pugnatum

2120 2985 2232 3052 est,
2249 2984 2309 3036 et
2328 2994 2432 3036 rex
2448 2990 2653 3049 papam
2675 2973 2971 3047 captivum
2998 2987 3184 3044 usque
3207 2973 3510 3029 Viterbum
3527 2973 3779 3030 adduxit

2121 3075 2184 3129 et
2214 3066 2491 3141 quosdam
2525 3063 2872 3122 cardinales.
2907 3061 3016 3119 Ubi
3040 3075 3164 3132 rex,
3189 3065 3254 3118 ut
3284 3060 3528 3130 dicitur,
3564 3061 3775 3118 cumin

2122 3156 2394 3218 ecclesia
2427 3153 2750 3227 respiceret
2777 3151 3056 3224 picturas,
3081 3149 3289 3206 videns
3315 3151 3498 3206 Iacob
3542 3149 3771 3207 luctan-

363 3221 562 3314 7158‘":
589 3221 778 3314 ρανίιε
819 3219 1163 3314 “ﬁt/9?“:
1216 3217 1366 3290 qui“
1410 3213 1702 3314 θίυίῖαίῶ)
1737 3212 2016 3314 ﬁxam":
2044 3227 2094 3291 Ο
2122 3212 2240 3306 tem
2423 3212 2648 3314 angelo,
2678 3212 2912 3298 domino
2941 3212 3105 3312 papae
3135 3239 3378 3296 eandem
3413 3253 3648 3310 quoque
3668 3239 3768 3296 de-

363 3309 997 3379 marchias,monetas,
1035 3301 1596 3374 theloneum,curtes
1630 3301 1692 3358 et
1714 3301 1905 3360 cetera
1934 3303 2016 3360 ad

364 3399 540 3470 regni
559 3397 878 3456 serviciu/m
891 3394 1264 3468 pertinentia
1290 3407 1329 3451 a
1353 3390 1597 3464 regibus
1641 3393 2008 3462 acceperunt.

373 3485 539 3542 Unde
565 3485 750 3542 etiam
775 3499 900 3543 mos
921 3484 1200 3543 acclesia
1216 3477 1624 3542 intolerabilis
1655 3479 1924 3552 inolevit,
1950 3487 2016 3538 ut

367 3573 536 3632 electi
559 3573 815 3646 episcopi
845 3573 1013 3630 nullo
1051 3573 1220 3630 modo
1257 3573 1757 3633 consecrationem
1791 3573 2014 3644 accipe-

361 3663 517 3734 rent,
542 3662 666 3721 nisi
673 3661 858 3735 prius
881 3675 989 3734 per
1016 3675 1263 3720 manum
1289 3663 1522 3735 regiam
1558 3661 2008 3721 investirentur.

370 3751 500 3818 Qua
519 3764 600 3808 ea
616 3764 803 3810 causa
825 3752 885 3808 et
899 3753 1256 3825 symoniaca
1275 3751 1503 3810 heresis
1511 3751 1797 3823 pravitas
1823 3750 1881 3808 et
1893 3763 2015 3808 am-

367 3839 514 3899 bitio
533 3855 980 3914 nonnumquam
1023 3841 1196 3898 tanta
1219 3841 1553 3913 prevaluit,
1594 3841 1668 3898 ut
1689 3839 1866 3898 nulla
1905 3839 2017 3897 ele-

363 3929 557 3988 ctione
572 3931 869 4002 premissa
881 3930 1235 4002 episcopales
1255 3929 1559 3988 cathedra
1584 3928 2020 3986 invaderentur

363 4017 697 4089 aliquando
718 4019 902 4076 etiam
918 4019 1082 4076 vivis
1103 4018 1390 4090 episcopis
1409 4017 1686 4076 investiti
1705 4017 1862 4075 sunt.
1901 4018 2021 4075 His

363 4107 587 4164 etaliis
621 4107 906 4178 plurimis
931 4107 1133 4176 malis,
1159 4119 1291 4179 qua
1305 4119 1414 4178 per
1441 4105 1867 4164 investituram
1893 4106 2022 4177 ple-

359 4208 614 4265 rumque
633 4195 1056 4266 contingerent,
1070 4195 1515 4266 predecessores
1556 4193 1768 4264 nostri,
1799 4194 2024 4264 Grcgo-

361 4283 496 4341 rius
532 4283 700 4340 VII“
720 4283 780 4340 et
807 4283 1085 4341 Urbanus
1102 4283 1250 4352 ῙῙιιε,
1261 4281 1480 4355 felicis
1511 4283 1808 4340 memoria
1825 4283 2023 4354 ponti-

360 4373 520 4442 ]tces,
547 4373 819 4443 excitati,
843 4373 1104 4430 collectis
1120 4371 1484 4443 frequenter
1503 4369 1780 4428 conciliis
1800 4373 2019 4444 episeo-

358 4457 624 4534 palibus,
643 4459 1040 4518 investituras
1060 4458 1201 4516 illas
1217 4471 1434 4516 manus
1467 4457 1638 4516 laica
1659 4457 2030 4530 dampnave~

363 4549 543 4617 runt;
583 4548 644 4606 et
667 4550 724 4606 si
761 4549 871 4620 qui
909 4547 1261 4606 clericorum
1289 4559 1397 4618 per
1443 4559 1574 4604 eam
1609 4545 2022 4606 obtinuissent

364 4636 668 4708 ecclesias,
687 4635 1072 4710 deponendos,
1099 4635 1334 4694 datores
1354 4648 1584 4708 quoque
1598 4647 1806 4692 earum
1824 4648 2016 4694 comu-

362 4725 540 4784 nione
552 4725 886 4799 privandos
899 4724 1388 4796 percensuerunt,
1397 4723 1592 4796 juata
1611 4721 1772 4780 illud
1789 4723 2018 4794 aposto-

368 4815 620 4874 licoruon
660 4814 960 4872 hanonum
999 4811 1349 4884 capitulum,
1394 4810 1556 4884 quod
1572 4809 1666 4870 ita
1697 4824 1761 4869 se
1798 4810 2014 4870 habet:

371 4924 399 4956 ι
423 4905 503 4963 Si
527 4903 668 4975 quis
687 4903 1008 4975 episcozms,
1037 4899 1224 4975 seculi
1245 4897 1641 4972 potestatibus
1658 4912 1824 4971 usus,
1848 4899 2018 4958 eccle-

366 4993 525 5051 siam
531 5005 639 5065 per
647 4991 808 5064 ipsos
817 4989 909 5025 ⁴⁰⁶¹
921 4989 1209 5063 optineat,
1235 4987 1564 5062 deponatur
1579 4987 1638 5046 et
1650 4989 2010 5061 segregetur,

371 5093 685 5152 omnesque
695 5079 918 5151 guiilli
929 5077 1384 5138 communicant.
1418 5095 1449 5130 »
1475 5075 1735 5142 Quorum
1751 5077 2016 5148 vestigia

368 5165 810 5240 subsequentes,
844 5166 902 5225 et
936 5179 1042 5224 nos
1075 5177 1276 5222 eorum
1302 5162 1662 5222 sententiam
1689 5162 2016 5236 episcopali

371 5254 624 5314 concilio
638 5253 1142 5327 conﬁrmavimus.
1163 5249 1648 5324 Tibiitaque,jtli
1667 5245 2011 5322 has'issime,

373 5343 662 5402 Heinrice
669 5355 802 5410 rea,
817 5342 874 5400 et
883 5354 1156 5414 nuncper
1167 5341 1440 5415 off/icium
1473 5339 1744 5399 nostrum
1757 5339 2016 5412 Deigra-

2123 3333 2468 3394 monstravit
2497 3331 2810 3406 picturam,
2843 3327 3046 3386 dicens
3066 3327 3337 3400 exemplo
3377 3327 3559 3385 Jacob
3589 3346 3610 3384 :
3633 3328 3773 3386 Non

2121 3425 2428 3486 dimittam
2457 3423 2530 3494 te,
2551 3419 2679 3480 nisi
2710 3417 3090 3479 benedictio-is
3106 3415 3264 3476 mihi
3284 3417 3452 3490 (Gen.
3469 3433 3654 3487 χχιιι,
3679 3421 3775 3490 26)

2123 3516 2293 3586 (665).
2326 3512 2694 3583 Tandemque
2725 3522 2756 3565 a
2793 3510 3000 3566 coacto
3032 3505 3268 3564 domino
3329 3520 3476 3578 papa
3507 3521 3626 3562 non
3683 3520 3778 3563 so-

2124 3603 2240 3667 lum
2273 3601 2605 3660 unctionem
2633 3594 2994 3670 imperialem
3017 3593 3272 3652 extorsit
3293 3593 3458 3666 (Apr.
3507 3597 3624 3667 13),
3677 3594 3780 3651 im-

2125 3707 2217 3749 mo
2241 3690 2415 3748 etiam
2426 3689 2776 3758 iuramenta,
2796 3684 2950 3758 quod
2965 3695 3279 3754 numquam
3295 3681 3352 3740 in
3377 3696 3512 3740 eum
3543 3697 3777 3740 excom-

2127 3777 2538 3838 municationis
2607 3773 2960 3832 sententiam
3024 3770 3337 3844 proferret.
3399 3770 3570 3838 Quod
3641 3775 3774 3828 cuin

2127 3869 2254 3940 ipse
2282 3866 2552 3924 dominus
2585 3877 2754 3936 papa,
2787 3867 2852 3918 ut
2888 3861 2980 3918 vir
3035 3859 3136 3916 Dei
3195 3859 3465 3917 timorem
3523 3859 3772 3930 habens,

2129 3955 2376 4014 ﬁrmiter
2396 3953 2764 4020 observaret,
2801 3947 3009 4022 prelati
3042 3952 3237 4006 tamen
3258 3947 3667 4018 ecclesiarum,
3693 3949 3777 4003 vi-

2127 4060 2253 4104 cem
2283 4042 2364 4116 pii
2399 4040 2585 4114 patris
2615 4037 2957 4109 dolentes,a
3002 4035 3408 4094 communione
3460 4035 3778 4108 imperato~

2131 4133 2213 4188 ris
2243 4130 2675 4188 abstinuerunt.
2707 4126 2850 4184 Hinc
2872 4125 3193 4197 imperator
3220 4127 3426 4182 contra
3445 4123 3776 4192 aecclesias,

2129 4221 2264 4278 hinc
2298 4217 2580 4277 tecclesiai
2607 4219 2814 4274 contra
2844 4214 3278 4286 imperatorem.
3302 4243 3374 4254 -
3421 4211 3536 4270 Sed
3565 4213 3780 4271 fortas-

2129 4310 2212 4366 sis
2240 4324 2274 4366 ο
2305 4308 2518 4366 lector!
2554 4305 2752 4363 verbis
2782 4317 2873 4361 me
2890 4301 3188 4360 deridebis
3210 4299 3458 4373 Horatii,
3480 4301 3772 4360 dicendo:

2206 4409 2210 4414 λ
2906 4373 3208 4448 Amphora
3229 4371 3388 4444 cepit

2195 4466 2452 4527 [nstitui
2476 4485 2502 4538 ,-
2518 4464 2794 4539 vergente
2815 4463 2972 4534 rota,
3007 4475 3116 4520 cur
3138 4473 3355 4520 urcms
3380 4459 3555 4518 escit?

2805 4562 2810 4566 ·
3123 4549 3366 4622 (Deart.
3384 4549 3541 4622 poet.
3568 4563 3625 4605 v.
3660 4551 3776 4620 2L)

2127 4648 2238 4706 hoc
2257 4643 2615 4718 signiﬁcans,
2647 4641 2805 4716 quod
2843 4655 2977 4700 cum
3034 4639 3348 4698 Alberonis
3400 4639 3774 4712 promiserim

2125 4739 2290 4808 gesta
2321 4746 2584 4804 narrare,
2614 4731 2685 4789 ad
2707 4731 3098 4789 Romanorum
3130 4727 3471 4802 pontiﬁcum
3494 4732 3678 4800 atque
3693 4743 3776 4784 re-

2123 4839 2258 4897 gum
2293 4824 2442 4881 facta
2471 4836 2562 4878 me
2593 4819 3020 4878 transtulerim.
3055 4816 3167 4874 Sed
3211 4831 3323 4888 ego
3356 4815 3460 4874 tibi
3511 4815 3774 4888 ejusdem

2122 4913 2320 4972 verbis
2346 4909 2574 4968 Horatii
2609 4908 2776 4966 facile
2806 4907 3168 4982 respondeo:

2191 5003 2315 5062 Nec
2327 4999 2601 5072 primum
2619 4996 2830 5068 medio,
2854 4994 3116 5054 medium
3149 5007 3256 5053 nec
3301 4992 3615 5128 dislgrep‘at
3629 4993 3774 5134 ἐξιξοᾶ

3444 5105 3484 5134 .,
3576 5103 3590 5118 .
3735 5105 3747 5116 .

3444 5105 3484 5136 .,
3543 5103 3590 5120 ν.
3635 5103 3747 5119 ιν...

2122 5163 2279 5220 Tunc
2295 5160 2448 5218 enim
2473 5157 2742 5217 dominus
2758 5154 2993 5226 Albero,
3018 5152 3296 5213 Metensis
3309 5151 3586 5224 clericus,
3613 5151 3773 5209 solus

2123 5251 2280 5308 inter
2301 5263 2522 5318 omnes,
2555 5247 2728 5304 immo
2747 5249 2954 5303 contra
2985 5257 3190 5301 omnes
3209 5243 3522 5313 Metenses,
3539 5241 3773 5298 domino

2125 5353 2290 5414 papas
2319 5337 2534 5408 astitit,
2567 5333 2874 5406 vivacique
2893 5335 3021 5388 arte
3034 5335 3096 5388 et
3112 5329 3363 5388 consilio
3387 5328 3573 5386 multa
3589 5328 3662 5385 ad
3679 5329 3773 5384 ho-

1733 5435 1972 5492 VARIIE
2009 5435 2410 5495 LECTIONES.

431 5509 665 5584 ‘9f?_pro
705 5508 762 5584 d.
787 5507 1472 5584 ed.{“1illos_superscr.
1514 5507 1610 5565 vel
1636 5505 1797 5580 ipsos
1825 5507 2000 5565 61““.
2056 5507 2428 5565 anathemate
2457 5517 2504 5563 c.
2538 5501 2630 5537 ⁴⁰⁶³
2663 5500 2754 5560 bis
2787 5500 3080 5572 scriptum
3131 5512 3183 5556 c.
3234 5497 3328 5533 ⁸⁰⁸⁸
3377 5495 3766 5554 successerint

1950 5648 2170 5705 NOTE.

365 5588 399 5631 c
451 5580 740 5640 m'deest
767 5581 857 5638 ed.
887 5581 1062 5652 Legg.
1095 5580 1186 5652 ΙΙ,
1207 5580 1267 5654 ρῖ
1299 5583 1390 5637 69.

452 5718 582 5785 (665
621 5759 636 5774 .
668 5719 733 5772 ν.
767 5717 1168 5773 Ekkehardum
1197 5734 1248 5774 a.
1281 5722 1436 5774 1111.
