3968 6362
153 354 300 418 1321

729 350 997 419 GESTA
1026 354 1381 421 TREVER.
1413 393 1494 405 -—
1519 356 1874 421 APPEND.
1913 359 2179 423 GESTA
2211 358 2681 425 ALBERONIS
2724 360 2995 423 ARCHI.

3400 363 3553 425 1322

146 509 249 568 sed
255 507 657 582 prudentiam
669 507 919 566 consilii
949 509 1042 566 tm’
1055 522 1236 581 penes
1266 509 1795 582 teipsumnsorva.
1831 496 1882 556 Α
1914 513 2141 571 reditus
2154 514 2522 589 episcOpales
2546 530 2654 573 non
2674 515 3101 587 potuittantum
3129 514 3375 586 reperiri
3400 516 3550 573 unde

145 596 231 655 Ob
261 596 511 654 similem
542 610 777 669 quoque
798 611 1037 654 causam
1070 596 1403 655 Hildericus
1419 614 1523 655 rex
1556 599 1803 657 Franco-

148 702 272 744 rum
304 700 338 743 a
364 699 545 757 regno
604 684 911 757 depositus
942 691 1054 757 est,
1089 690 1148 743 ct
1179 687 1233 742 ei
1264 687 1360 743 cui
1395 687 1516 759 ipse
1539 688 1805 745 commis-

145 779 270 832 erat
329 774 650 846 regendum
706 774 907 830 datum
927 778 1036 845 est,
1072 774 1287 846 Pipino
1322 774 1549 833 scilicet
1598 770 1801 847 majori

148 863 378 934 domus,
404 862 637 920 domino
671 877 817 936 papa
860 861 1115 920 Adriano
1161 864 1541 937 approbante.
1566 865 1636 921 Et
1666 878 1805 936 quo-

148 952 301 1010 niam
326 951 680 1008 Alberonem
711 952 900 1009 virum
932 952 1317 1023 acrisingenii
1352 956 1413 1008 et
1448 952 1503 1008 in
1535 954 1806 1011 omnibus

149 1041 461 1114 providum
490 1045 551 1097 et
581 1039 820 1097 sibinon
838 1041 1095 1098 futurum
1120 1042 1433 1098 obnoxium
1471 1042 1804 1113 presciebat

147 1130 471 1201 Lodoycus,
501 1133 562 1186 et
585 1129 717 1200 quia
744 1145 855 1186 non
889 1130 1039 1187 l‘erre
1055 1129 1349 1187 dominum
1385 1130 1486 1187 sed
1520 1130 1803 1187 dominari

148 1218 461 1288 didicerat,
494 1218 752 1290 ideoipsi
780 1220 1133 1291 opponebat.
1170 1219 1281 1276 Sed
1314 1219 1472 1276 visne
1515 1219 1687 1289 hujus
1720 1220 1804 1275 rei

149 1305 357 1363 audire
382 1304 601 1363 tinem?
631 1305 765 1362 audi
794 1325 807 1361 :

223 1390 524 1463 Necjuga
545 1391 759 1447 taurus
790 1389 989 1458 amat;
1026 1402 1160 1461 qua
1180 1389 1379 1446 tamen
1426 1389 1573 1461 odit,
1608 1388 1801 1449 habet.

549 1476 734 1549 (Ovm.
767 1480 895 1535 Am.
936 1493 1018 1547 ιη,
1068 1482 1149 1548 11,
1180 1493 1230 1532 v.
1293 1478 1409 1551 36.)

219 1568 341 1623 Hac
369 1567 520 1623 enim
535 1566 942 1637 conjuratione
967 1564 1576 1637 comperta,dominus
1593 1565 1807 1623 Albero

147 1655 658 1726 archiepiscopus,
679 1667 809 1709 cum
843 1652 1025 1725 prius,
1043 1660 1319 1725 tanquam
1353 1655 1809 1726 episcopalisol‘.

146 1742 265 1799 ﬁcii
296 1758 446 1800 onus
478 1742 934 1813 subterfugiens,
955 1756 1085 1799 sese
1110 1757 1140 1797 a
1171 1743 1485 1800 commissa
1521 1743 1633 1800 sibi
1668 1743 1807 1799 civi-

147 1837 271 1887 tate
304 1830 701 1901 subtraheret,
736 1844 885 1887 nunc
918 1830 1072 1887 haud
1108 1829 1283 1889 aliter
1335 1846 1506 1902 quam
1568 1831 1800 1903 ﬂuvius,

151 1921 251 1991 qui
282 1919 451 1977 obice
480 1918 717 1976 clausus
740 1933 870 1976 cum
895 1920 1059 1991 prius
1092 1918 1293 1976 silenti
1340 1922 1537 1977 tractu
1570 1920 1807 1991 quietus

148 2007 477 2076 incederet,
503 2006 793 2064 obstaculi
812 2006 976 2078 quasi
1012 2007 1323 2079 indignans
1344 2007 1802 2080 obpositionem,

152 2096 412 2168 strepitu
445 2095 823 2152 tumultuanti
855 2095 1145 2167 undisque
1178 2095 1803 2168 spumantibuslittora

150 2176 361 2246 fatigat
390 2175 768 2246 claustraque
791 2175 1200 2247 disrumpit,ut
1224 2176 1313 2233 vis
1333 2174 1808 2248 inexpugnabilis

147 2269 208 2320 et
240 2264 684 2335 inperterritus,
708 2262 959 2321 collecto
994 2264 1178 2321 multo
1242 2262 1449 2335 milite,
1513 2264 1807 2321 Treverim

152 2353 320 2409 adiit.
361 2352 463 2409 Cui
496 2351 696 2409 clerici
731 2352 802 2407 ad
839 2351 1037 2408 Albam
1087 2358 1315 2424 portam
1348 2353 1496 2425 (686)
1528 2367 1658 2409 cum
1693 2352 1810 2409 sol-

154 2441 367 2514 lempni
404 2440 781 2512 processione
804 2441 1110 2498 obviantes
1138 2441 1456 2498 honoriﬁce
1489 2456 1618 2498 cum
1651 2441 1811 2513 hym-

153 2531 246 2588 nis
269 2536 327 2587 et
353 2529 629 2587 laudibus
660 2530 857 2587 studio
881 2544 1088 2600 magno
1104 2544 1233 2586 eum
1260 2535 1666 2601 susceperunt.
1708 2529 1810 2585 Lo-

154 2620 379 2692 doyeus
405 2634 548 2676 vero
582 2626 640 2674 et
674 2618 763 2675 sui
793 2619 1082 2690 conjurati
1116 2618 1391 2676 similiter
1421 2618 1472 2673 ei
1498 2631 1810 2675 occurren-

153 2714 267 2780 tes,
295 2722 428 2765 eum
460 2707 743 2764 vidissent
779 2721 907 2763 eum
936 2712 1053 2763 tam
1095 2720 1302 2777 magna
1332 2720 1503 2763 manu
1562 2705 1809 2763 militum

158 2798 470 2869 stipatum,
491 2797 973 2867 obstupescentes
1004 2800 1060 2851 et
1086 2799 1279 2851 mente
1329 2795 1575 2865 confusi,
1610 2807 1810 2866 pacem

161 2886 370 2943 statim
403 2883 825 2941 simulaverunt
846 2888 905 2939 et
940 2884 1095 2939 inter
1111 2898 1312 2941 omnes
1343 2883 1566 2956 primus
1598 2883 1813 2953 Lodoy-

162 2991 272 3032 cus
304 2973 378 3030 ad
404 2972 774 3029 salutandum
800 2970 1009 3029 blanda
1041 2977 1100 3029 et
1131 2971 1332 3028 humili
1373 2986 1514 3029 voce
1529 2969 1600 3028 ad
1635 2970 1814 3028 domi-

165 3078 304 3121 num
337 3077 508 3119 suum
542 3060 862 3128 festinavit,
896 3062 1040 3119 etad
1082 3062 1210 3132 ejus
1225 3060 1491 3118 osculum
1540 3060 1807 3118 accessit.

235 3155 322 3208 13.
346 3149 813 3206 Pretereundum
860 3160 972 3205 nan
1017 3153 1108 3206 est
1140 3148 1295 3220 quod
1347 3165 1476 3206 eum
1545 3149 1812 3208 dominus

1836 1876 1889 1936 Β

1914 593 2098 664 prima
2123 594 2214 651 die
2242 601 2439 667 posset
2494 597 2544 651 ei
2599 596 2912 653 servicium
2964 595 3287 667 preparari.
3352 596 3550 652 Omnia

1913 672 2064 729 enim
2099 673 2171 729 ad
2202 675 2600 747 episcopatum
2628 675 2979 748 pertinentia
3013 679 3109 731 aut
3169 674 3551 746 Oppignerata

1913 766 2099 834 erant,
2124 768 2224 820 aut
2267 765 2571 836 predictus
2605 767 2980 837 Lodoycusct
3030 764 3117 821 sui
3161 763 3452 834 conjurati
3486 780 3551 822 ea

1916 866 1978 908 se
2008 853 2060 907 in
2098 852 2378 910 beneﬁcio
2403 859 2601 910 tenere
2634 854 3259 924 dicebant.Eapropter
3283 852 3552 909 dominus

1915 941 2392 1013 archiepiscopus
2424 942 2639 1013 aliquid
2674 947 2877 998 contra
2930 945 3336 1013 paupertatem
3366 943 3552 1013 provi-

1917 1028 2115 1099 dens,a
2143 1030 2376 1086 domino
2396 1044 2538 1102 papa
2570 1031 2909 1086 Innocentio
2933 1030 3366 1100 impetraverat,
3399 1031 3551 1101 quod

1916 1118 2143 1174 reditus
2162 1118 2782 1189 ecclesiasticos,quos
2798 1122 2929 1174 ante
2943 1119 3341 1189 episcopatum
3364 1124 3454 1174 ten
3467 1134 3555 1175 ue-

1919 1211 2141 1277 rat,per
2172 1206 2431 1277 spacium
2457 1207 2628 1263 trium
2644 1220 2924 1262 annorum
2946 1206 2994 1262 ei
3024 1209 3221 1260 tenere
3236 1208 3549 1261 concessit.

1915 1294 2173 1364 Cumque
2196 1294 2391 1350 vinum
2413 1298 2470 1350 et
2505 1308 2787 1351 annonam
2810 1309 2975 1351 suam
3001 1298 3059 1349 et
3109 1297 3306 1349 cetera
3354 1293 3423 1349 ad
3477 1295 3557 1350 vi-

1915 1387 2071 1438 ctum
2101 1397 2266 1439 suum
2308 1382 2660 1454 pertinentia
2703 1381 3019 1438 secundum
3071 1382 3365 1452 antiquam
3424 1398 3560 1438 con-

1917 1471 2285 1527 suetudinem
2319 1471 2375 1526 in
2440 1470 2719 1542 palatium
2775 1471 3067 1526 deferrent
3119 1470 3423 1541 predictus
3461 1471 3560 1525 Lo-

1918 1559 2138 1629 doycus
2171 1560 2359 1615 omnia
2401 1558 2727 1628 includens,
2782 1572 2890 1615 non
2954 1558 3064 1613 nisi
3118 1562 3395 1628 quantum
3445 1559 3556 1614 sibi

1917 1645 2210 1718 placebat,
2243 1646 2395 1703 sicut
2428 1661 2559 1703 cum
2583 1645 3058 1702 antecessoribus
3091 1646 3214 1701 suis
3242 1661 3559 1703 consueve-

1921 1735 2091 1805 rat,ei
2117 1749 2218 1807 per
2247 1734 2512 1806 singulos
2543 1734 2667 1790 dies
2695 1734 3110 1805 distribuebat;
3165 1741 3361 1791 cetera
3419 1750 3559 1791 vero

1921 1823 2046 1894 ipse
2069 1838 2197 1880 cum
2233 1823 2358 1880 suis
2388 1823 2775 1895 expendebat.
2803 1822 2966 1889 Quod
3010 1837 3140 1879 cum
3202 1822 3449 1879 domnus
3489 1838 3557 1878 ar

1920 1911 2330 1984 chiepiscopus
2353 1910 2691 1982 aliquandiu
2710 1911 3046 1979 tolerasset,
3065 1909 3162 1966 ille
3180 1910 3482 1981 Lodoycus
3500 1913 3556 1967 in

1921 2006 2145 2058 tantum
2165 2001 2441 2073 patientia
2456 2000 2818 2071 ejusabusus
2849 2003 2960 2070 est,
2997 1999 3151 2070 quod
3195 2000 3441 2070 quadam
3464 2000 3558 2057 die

1919 2090 1976 2146 in
2011 2090 2489 2163 postmeridiano,
2524 2105 2653 2148 cum
2677 2090 2937 2146 extranei
2976 2089 3205 2159 quidam
3237 2088 3307 2144 ad
3337 2090 3556 2146 curiam

1918 2178 2678 2250 venissentarchiepiseopi,
2711 2182 2771 2234 et
2796 2177 2938 2248 ipse,
2965 2182 3026 2232 ut
3074 2181 3421 2233 consuetum
3442 2183 3554 2245 est,

1917 2267 2100 2323 curiis
2125 2266 2361 2336 juberet
2393 2266 2711 2338 propinari,
2737 2270 2950 2322 etcum
2974 2265 3270 2321 venissent
3307 2266 3556 2322 ministri

1919 2355 2046 2424 ejus
2075 2354 2147 2411 ad
2180 2354 2457 2426 palatium
2479 2370 2586 2426 pro
2639 2354 2792 2424 vino,
2829 2357 3175 2425 procurator
3201 2352 3441 2424 Lodoyci
3475 2369 3563 2410 re-

1921 2444 2153 2514 spondit
2186 2458 2248 2499 se
2273 2442 2449 2499 nichil
2484 2443 2622 2499 dare
2656 2442 2795 2513 illis,
2821 2442 2930 2499 nisi
2980 2441 3224 2499 domnus
3266 2442 3564 2514 Lodoycus

1921 2532 2273 2604 preciperet.
2312 2534 2443 2589 Haec
2466 2536 2523 2587 et
2549 2532 2638 2587 his
2671 2530 2881 2587 similia
2901 2546 3031 2587 cum
3061 2545 3197 2602 sepe
3249 2546 3456 2603 passus
3477 2546 3566 2589 es-

1921 2620 2269 2689 set,tandem
2294 2620 2482 2676 visum
2515 2625 2608 2674 est
2634 2620 2687 2673 ei
2742 2619 2853 2674 hoc
2904 2619 3114 2674 malum
3156 2619 3555 2677 intolerabile.

1920 2711 2247 2781 Eapropter
2270 2706 2645 2777 Palaciolum,
2674 2706 2808 2763 Julii
2835 2707 3061 2763 Cesaris
3089 2712 3371 2778 castrum,
3398 2709 3563 2779 juxta

1920 2797 2215 2854 civitatem
2249 2796 2448 2866 situm,
2473 2810 2542 2851 eo
2577 2799 2839 2866 tempore
2861 2795 2988 2852 'situ
3011 2799 3069 2851 et
3093 2799 3386 2852 vetustate
3409 2796 3566 2854 diru-

1923 2890 2045 2943 tum
2076 2891 2133 2941 et
2153 2883 2556 2954 inbabitabile,
2578 2883 2777 2940 multis
2808 2884 3138 2955 sumptibus
3166 2884 3473 2954 restruxit,
3504 2889 3563 2942 et

1922 2972 2200 3031 victualia
2234 2988 2337 3030 sua
2357 2972 2494 3029 illuc
2509 2971 2722 3029 deferri
2732 2972 2908 3042 jussit
2928 2989 2941 3038 ;
2963 2976 3019 3027 et
3050 2976 3190 3028 tunc
3206 2985 3563 3030 sarcasmum

1924 3062 2099 3118 talem
2132 3062 2378 3134 protulit
2406 3062 2609 3120 :Nunc
2629 3060 2850 3118 lmbeat
2868 3061 3169 3133 Lodoycus
3198 3076 3373 3118 suum
3388 3063 3564 3134 pala-

1925 3152 2093 3209 tium.
2116 3151 2324 3207 Postea
2354 3164 2495 3207 vero
2521 3164 2623 3222 per
2649 3150 2958 3207 triennium
2984 3150 3338 3206 mansionem
3384 3151 3463 3206 ibi
3490 3152 3567 3207 fa-

168 3240 393 3298 Alhero
421 3238 903 3311 archiepiscopus
931 3238 1193 3295 venisset
1246 3238 1595 3309 Aquisgrani
1616 3238 1687 3294 ad
1717 3253 1816 3297 cu-
1845 3235 1894 3299 C
1924 3240 2101 3307 ciens,
2154 3239 2409 3296 studium
2430 3254 2599 3296 suum
2648 3240 2719 3295 ad
2768 3239 2876 3295 hoc
2899 3240 3131 3296 omnino
3155 3240 3441 3310 adhibuit,
3503 3247 3567 3297 ut

163 3332 313 3388 riam
347 3325 867 3400 imperatoris(An.
925 3330 1082 3396 1132,
1118 3327 1309 3400 Apr),
1345 3326 1653 3383 Lotharius
1710 3341 1814 3385 rex

157 3417 356 3477 noluit
377 3430 509 3474 eum
543 3416 827 3474 investire
860 3416 1180 3487 regalibus,
1215 3430 1285 3472 eo
1316 3415 1472 3487 quod
1511 3420 1817 3475 anterece-

122 3527 129 3535 '
158 3510 352 3583 pisset
374 3506 882 3563 consecrationem
909 3505 1326 3577 episcopalem,
1345 3520 1516 3577 quam
1535 3519 1696 3562 suam
1730 3519 1817 3563 re-

160 3595 379 3671 quisivi
389 3597 510 3651 sset
536 3594 973 3664 investituram;
1000 3599 1061 3651 et
1082 3594 1337 3661 omnino,
1356 3598 1420 3650 ut
1442 3594 1813 3665 credebatur,

160 3701 272 3744 rex
301 3699 366 3741 se
397 3683 448 3739 ei
474 3682 874 3755 opposuisset,
900 3682 1010 3740 nisi
1031 3684 1181 3754 quod
1217 3682 1407 3754 ipsum
1432 3682 1608 3740 talem
1629 3683 1817 3740 virum

160 3788 301 3832 esse
315 3772 567 3842 sciebat,
584 3770 681 3842 qui
706 3770 874 3828 facile
898 3775 1087 3829 totum
1110 3772 1312 3828 orbem
1329 3772 1419 3829 sui
1444 3772 1672 3844 imperii
1686 3787 1821 3829 con-

163 3868 260 3919 tra
288 3861 481 3932 ipsum
497 3864 893 3916 commoveret
923 3877 947 3928 ;
975 3859 1127 3915 unde
1167 3864 1227 3915 et
1265 3858 1449 3916 levem
1473 3859 1820 3917 satisfactio-

164 3964 300 4008 nem
321 3950 396 4006 ab
428 3949 556 4020 ipso
608 3948 847 4019 recepit.
885 3947 1187 4004 Cumenim
1217 3962 1289 4004 ex
1305 3949 1535 4005 comuni
1575 3948 1819 4005 consilio

166 4037 507 4113 principum
561 4035 954 4106 juramentum
980 4037 1102 4107 regi
1158 4037 1496 4107 obtulisset,
1522 4037 1673 4109 quod
1708 4051 1820 4093 non

168 4128 247 4185 ad
272 4124 717 4182 diminutionem
751 4124 841 4180 sui
869 4125 1107 4182 honoris
1137 4125 1245 4182 hoc
1278 4125 1494 4183 factum
1517 4129 1696 4197 esset,
1721 4125 1822 4183 sed

167 4233 198 4274 a
228 4214 466 4273 domino
480 4227 627 4285 papa
648 4216 891 4269 coaetus
919 4213 991 4269 ad
1020 4213 1521 4271 consecrationem
1537 4214 1824 4271 accessis~

170 4310 291 4373 set,
327 4302 599 4359 dominus
628 4315 733 4357 rex
758 4300 1150 4371 juramentum
1174 4301 1266 4337 ⁴⁰⁸⁸
1297 4303 1350 4359 ei
1380 4302 1628 4373 remisit,
1652 4308 1708 4360 et
1736 4317 1825 4359 re-

169 4389 333 4460 galia
362 4393 604 4460 sceptro
630 4388 792 4458 regni
822 4388 873 4445 ei
901 4390 1218 4447 concessit.
1254 4392 1312 4446 In
1362 4390 1564 4446 eadem
1591 4405 1823 4461 quoque

166 4481 341 4539 curia
388 4477 777 4549 Lotharingite
822 4477 1029 4536 ducem
1081 4481 1404 4552 Symonem,
1450 4481 1689 4536 fratrem
1736 4494 1827 4536 re-

1926 3329 2196 3385 redditus
2238 3327 2602 3400 episcopales
2630 3327 2939 3384 absolutos
2982 3329 3221 3398 faceret,
3256 3333 3315 3384 et
3345 3329 3565 3387 curiam

1925 3418 2183 3475 Humahc
2200 3417 2348 3489 (689)
2382 3432 2488 3490 pro
2511 3421 2618 3473 300
2635 3418 2849 3474 marcis
2872 3418 3141 3486 redemit,
3166 3432 3332 3488 quam
3365 3418 3570 3490 prede-

1924 3523 2125 3566 cessor
2153 3508 2278 3579 ejus
2309 3507 2576 3563 dominus
2607 3507 2896 3563 Meinerus
2943 3507 3368 3573 invadiaverat;
3398 3513 3456 3564 et
3478 3523 3571 3565 ce-

1929 3602 2052 3653 tera
2067 3596 2188 3654 fere
2206 3595 2394 3651 omnia
2421 3596 2490 3651 ad
2510 3595 2913 3667 episcopatum
2947 3596 3299 3667 pertinentia
3325 3597 3573 3654 domnus

1928 3684 2143 3742 Albero
2162 3684 2426 3753 redemit,
2462 3698 2493 3739 a
2527 3684 2760 3739 domino
2795 3683 3107 3740 Godefrido
3127 3685 3572 3756 archiepiscopo

1929 3780 2031 3833 aut
2063 3773 2358 3831 invadiata
2391 3772 2560 3829 autin
2622 3771 2965 3828 beneﬁcium
2998 3772 3151 3828 data.
3199 3774 3445 3829 Tandem
3470 3775 3572 3831 Lo-

1932 3866 2151 3935 doyeus
2174 3876 2419 3918 vacuum
2450 3861 2573 3917 suis
2615 3859 2946 3931 sumptibus
2989 3874 3228 3916 servans
3260 3860 3567 3931 palacium,

1931 3951 2003 4009 ad
2031 3955 2251 4007 tantam
2277 3949 2511 4005 devenit
2536 3947 3111 4019 humilitatem,quod
3136 3948 3309 4004 nudis
3326 3949 3572 4021 pedibus

1932 4041 1988 4097 in
2020 4038 2205 4097 laneis
2234 4035 2529 4095 Palaciolo
2590 4036 2661 4093 ad
2709 4035 2890 4107 pedes
2947 4051 3010 4093 se
3052 4035 3343 4108 provolvit
3388 4037 3576 4093 archi-

1931 4128 2214 4201 episcopi,
2267 4125 2729 4183 misericordiam
2765 4129 3049 4197 petenset
3098 4124 3377 4198 palatium
3435 4126 3576 4182 resi-

1933 4231 2218 4345 “iisiis
2241 4286 2448 4342 diebus
2468 4286 2734 4343 dominus
2750 4285 3229 4357 archiepisc0pus
3256 4285 3435 4344 multa
3460 4288 3577 4345 col-

1936 4376 2171 4448 ligendo
2204 4377 2392 4433 factus
2418 4381 2507 4432 est
2538 4375 2708 4433 valde
2727 4375 3073 4432 habundans
3098 4376 3152 4431 in
3177 4377 3374 4447 rebus,
3394 4382 3453 4432 et
3482 4393 3576 4434 co-

1936 4466 2079 4523 tidie
2102 4465 2585 4526 succrescens.ad
2611 4465 2857 4537 quedam
2877 4480 3080 4536 magna
3106 4477 3234 4535 quae
3259 4469 3451 4521 mente
3482 4481 3578 4535 ge-

167 4569 267 4641 gis
295 4567 469 4641 (687),
500 4565 1064 4624 excommunicatum
1089 4567 1521 4649 pronupeiavit,
1553 4571 1615 4623 et
1646 4568 1699 4623 in
1733 4567 1810 4624 die

1938 4559 2105 4614 rebat
2123 4554 2590 4628 preparatiouem
2612 4553 3197 4612 faciebat.Abbatiam
3212 4552 3363 4608 enim
3386 4556 3575 4611 sancti

168 4661 390 4715 sancto
454 4656 706 4728 paschae,
740 4655 875 4712 dum
931 4655 1230 4727 legeretur
1276 4655 1661 4728 evangelium,
1694 4670 1824 4713 eum

168 4746 341 4804 exire
363 4742 688 4801 aecclesiam
704 4741 988 4815 compulit
1017 4744 1185 4817 (688).
1212 4744 1344 4815 (An.
1379 4748 1535 4816 1132,
1551 4745 1695 4816 Apr.
1713 4746 1825 4817 10.)

252 4828 343 4896 14,
368 4824 484 4882 Nec
515 4823 625 4880 hoc
647 4822 885 4879 silentio
909 4823 1183 4895 dandum,
1206 4825 1381 4897 quod,
1414 4840 1544 4883 cum
1563 4825 1825 4897 acceptis

170 4911 486 4986 regalibus
514 4910 807 4969 Treverim
856 4910 1187 4971 intraturus
1239 4916 1416 4985 esset,
1438 4912 1593 4970 inter
1624 4927 1828 4971 omnes

1938 4645 2326 4715 Maximini,ex
2357 4643 2615 4715 antiquis
2636 4642 2962 4715 privilegiis
2983 4641 3130 4713 (690)
3153 4639 3434 4697 aecclesiae
3458 4656 3577 4700 suae

1938 4735 1995 4790 in
2030 4733 2207 4791 fundo
2234 4734 2388 4789 beati
2446 4730 2606 4787 Petri
2629 4731 2798 4787 sitam
2836 4733 2892 4786 et
2951 4727 3021 4784 de
3070 4728 3203 4798 jure
3236 4728 3475 4800 antiquo
3507 4731 3575 4786 ad

1938 4837 2099 4881 suam
2118 4822 2413 4894 pertinere
2466 4818 2913 4891 dispositionem
2964 4816 3319 4887 intelligens,
3346 4819 3579 4876 omnino

1938 4912 2191 4970 animmu
2223 4908 2817 4982 apposuit,quomodo
2847 4921 2973 4965 eam
3003 4905 3074 4963 de
3107 4909 3398 4979 potestate
3423 4908 3579 4979 regis

1547 5011 1784 5069 VARUS
1813 5008 2214 5068 LECTIONES.

1773 5150 1996 5210 ΝΟΤᾸΞ.

248 5080 347 5116 ⁴⁰⁸⁶
374 5079 454 5137 ei.
491 5079 526 5135 i.
558 5078 705 5138 ei.c.

279 5224 411 5292 686)
428 5223 508 5279 De
530 5235 640 5292 qua
662 5236 716 5277 v.
754 5222 927 5278 Gesta
958 5236 1009 5279 c.
1038 5226 1088 5278 3.

279 5229 389 5280 686
428 5229 508 5279 De
530 5235 640 5292 qua
662 5236 716 5277 v.
754 5229 927 5278 Gesta
958 5236 1009 5279 c.
1038 5229 1088 5278 3.

279 5229 411 5363 687;
442 5292 650 5363 Natum
672 5293 1030 5349 Theoderico
1090 5293 1237 5350 duce
1257 5297 1319 5350 et
1348 5294 1629 5352 Hadwide
1655 5295 1829 5353 vidua

179 5362 480 5422 Gebhardi
506 5362 578 5419 de
594 5362 1031 5435 ,Supplenburg.

260 5437 413 5507 (688)
444 5431 1188 5507 Deejus‘reconcili'atione
1217 5449 1248 5507 a
1282 5438 1437 5507 11,32,
1471 5450 1532 5492 v.
1583 5436 1830 5494 Simonis

177 5512 245 5566 et
266 5504 583 5563 Alberonis
598 5504 833 5563 chartas
863 5520 954 5578 ap.
994 5505 1299 5563 Hontheim
1331 5504 1480 5562 HiSt.
1512 5508 1555 5577 l,
1614 5524 1667 5579 p.
1726 5512 1830 5564 519

258 5649 408 5723 (689)
442 5647 713 5724 Fortasse
739 5646 1018 5724 Πῦρ-δειρῇ
1038 5647 1095 5705 in
1126 5648 1420 5724 Popponis
1449 5648 1673 5720 charta,
1731 5662 1821 5722 ap.

510 5718 772 5784 ΡΑτηοι..
804 5719 1017 5783 CLIV.

1939 5221 2200 5305 Cunther
2229 5220 2274 5292 Ι,
2304 5236 2366 5293 p.
2404 5220 2527 5287 124;
2558 5216 3069 5275 llontheimminus
3110 5220 3273 5274 recte
3313 5216 3581 5277 Limbach
3621 5242 3630 5253 -

1940 5293 2164 5437 ιθῗὲῗο)
2193 5363 2254 5420 In
2271 5360 2736 5437 falsoDagoberti
2750 5342 2918 5430 regis
2934 5359 3582 5437 diplomateﬁontheim

1942 5430 2092 5495 Hist.
2127 5430 2184 5508 I,
2208 5452 2262 5508 p.
2296 5430 2640 5508 76,ecclesia
2675 5432 2775 5488 «in
2806 5430 3028 5508 praedio
3062 5432 3115 5487 S.
3133 5430 3290 5508 Petri
3318 5436 3587 5508 constru-

1942 5479 2110 5587 ξῖεῖ
2123 5479 2640 5587 amisisse;
2659 5479 3301 5587 at't'ratsgigcat‘o's's
3321 5479 3583 5561 ams

1940 5576 2040 5634 diu
2072 5576 2347 5648 litigasse
2378 5576 2748 5635 notissimum
2779 5578 2890 5634 est.

3352 5715 3433 5783 42
