3968 6346
122 391 284 459 1325

744 388 1013 454 GESTA
1042 387 1394 454 TREVER.
1457 425 1530 437 —-
1558 386 1914 453 APPEND.
1951 388 2221 453 GESTA
2250 387 2720 452 ALBERONIS
2750 388 2995 453 ARCH.

3388 390 3542 452 4326

121 547 441 617 derunt,ut
463 559 623 602 arma
648 541 952 602 auxiliaria
981 543 1069 600 eis
1097 544 1363 613 ferret,et
1387 541 1519 615 quia
1542 542 1788 599 advoca-
1814 527 1872 585 Α
1901 529 2301 599 Confluentina
2331 555 2458 599 eum
2490 557 2720 613 quoque
2755 542 3030 599 infestare
3072 548 3373 614 ceperunt.
3410 547 3543 601 Pre-

120 641 224 693 tus
238 639 404 692 esset
422 633 1170 704 ecclesize(700),dominum
1190 632 1606 703 archiepiscopi
1620 636 1677 687 et
1696 647 1791 703 po-

119 729 410 780 testatem
427 725 500 780 ab
521 724 609 780 eis
625 723 747 779 suis
759 722 986 779 viribus
1006 725 1349 777 removeret.
1367 721 1528 776 Nunc
1540 734 1686 792 cpus
1701 725 1793 776 est

121 813 346 869 animis
379 812 560 885 (701);
592 826 746 868 nunc
799 824 925 868 sese
958 809 1124 867 nobis
1170 807 1585 881 insuperabilis
1622 807 1793 864 oll‘ert

120 902 404 972 materia,
430 906 488 959 et
515 916 642 973 qua;
672 915 783 956 non
814 913 1001 956 meum
1044 897 1389 955 dissolutum
1431 894 1655 967 stilum,
1692 896 1796 952 sed

122 1007 407 1063 magnum
434 990 762 1063 quempiam
786 989 1044 1060 requirat
1082 992 1336 1061 poetam.
1374 985 1512 1053 Quis
1542 985 1691 1041 enim
1718 983 1798 1039 di-

123 1082 247 1139 ctis
265 1095 487 1153 equare
522 1078 712 1152 possit
746 1077 916 1134 fortia
952 1077 1102 1133 facta
1134 1076 1306 1147 hujus
1336 1074 1447 1131 viri
1489 1070 1798 1129 Alberonis

126 1176 316 1242 atque
367 1184 603 1225 suorum
654 1170 860 1223 contra
920 1167 1212 1221 tirannum
1267 1163 1614 1236 predictum,
1646 1166 1794 1231 arte,

123 1267 316 1331 ferro,
354 1258 601 1329 ﬂamma,
649 1257 795 1312 fame
828 1259 1003 1326 atque
1048 1252 1559 1325 inexplicabilibus
1599 1249 1798 1306 Martis

124 1349 377 1406 casibus
409 1362 513 1419 per
545 1350 769 1417 septem
802 1358 982 1400 annos
1011 1341 1472 1399 decertantium?
1509 1343 1637 1397 "ac
1664 1337 1798 1396 viri-

128 1440 246 1495 bus
280 1434 512 1493 Homeri
542 1434 836 1491 sufﬁciens
868 1436 1024 1489 esset
1061 1431 1326 1501 materia,
1356 1430 1403 1487 si
1445 1432 1637 1486 tamen
1669 1427 1795 1500 ipse

130 1526 404 1583 materia:
452 1524 764 1581 sufficeret.
800 1522 963 1588 Quod
996 1521 1044 1577 si
1095 1519 1458 1591 singulorum
1499 1517 1632 1574 hinc
1662 1516 1795 1573 inde

131 1618 293 1673 facta
323 1615 580 1671 virorum
614 1611 814 1668 inclita
845 1614 900 1667 et
934 1609 988 1665 in
1022 1609 1245 1665 Martiis
1283 1605 1795 1678 congressionibus

130 1705 337 1763 varios
359 1700 499 1759 belli
521 1704 765 1759 eventus
782 1703 838 1754 et
863 1713 1012 1755 nunc
1033 1697 1239 1753 horum
1262 1711 1413 1754 nunc
1438 1694 1673 1752 illorum
1704 1709 1793 1752 ce-

135 1792 406 1851 dentium
429 1789 519 1848 vel
546 1786 949 1860 inpellentium
974 1785 1239 1842 diversas
1270 1785 1534 1840 fortunas
1565 1782 1790 1856 poetica

1904 632 2152 705 positum
2184 631 2332 687 enim
2365 635 2568 687 contra
2623 631 2768 705 [ejus
2795 630 2906 703 ⁴⁰⁹Ἶ
2966 630 3325 687 voluntatem
3358 633 3546 703 elego-

1904 725 2059 790 runt,
2093 718 2281 775 virum
2312 719 2563 776 nobilem
2591 720 2887 776 dominum
2916 719 3243 792 Lodoycum
3275 721 3347 776 de
3378 722 3547 778 Ysen-

1906 810 2084 879 burg;
2116 822 2246 865 cum
2298 822 2411 878 quo
2453 809 2689 864 Romam
2722 808 2944 879 magnis
2999 809 3273 882 expensis
3300 823 3546 882 pergen-

1906 902 2018 966 tes,
2053 897 2286 953 litteras
2330 896 2683 967 apostolicas
2729 898 3059 955 retulerunt
3092 898 3324 955 domino
3359 898 3546 955 archi-

1907 985 2181 1058 episcopo
2198 999 2319 1042 suaa
2337 985 2619 1043 voluntati
2642 986 3147 1054 contrarias.Quas
3162 1002 3290 1044 cum
3314 987 3545 1046 domino

1909 1074 2351 1148 archiepiscopo
2411 1076 2465 1131 in
2545 1074 2750 1131 sinodo
2827 1075 3107 1131 residenti
3167 1076 3540 1149 obtulissent,

1908 1162 2034 1235 ipse
2061 1178 2133 1219 ex
2164 1163 2336 1219 animi
2365 1163 2753 1221 commotione
2789 1162 2947 1234 ipsas
2978 1162 3034 1218 in
3063 1166 3279 1220 terram
3312 1164 3541 1237 dejecit.

1908 1250 2069 1308 Unde
2093 1252 2246 1323 apud
2292 1252 2584 1309 dominum
2641 1265 2845 1324 papam
2892 1253 3285 1310 innocentium
3317 1267 3549 1312 accusa-

1906 1343 2025 1411 tus,
2060 1341 2131 1396 ab
2162 1339 2289 1413 ipso
2319 1345 2412 1397 est
2459 1344 2703 1398 vocatus
2734 1341 2806 1397 ad
2849 1341 2999 1397 diem
3033 1342 3442 1415 prescriptum.
3478 1345 3546 1401 Et

1907 1447 2035 1489 cum
2068 1429 2137 1488 ad
2165 1429 2317 1486 dicm
2371 1443 2485 1487 non
2517 1429 2797 1501 venisset,
2857 1430 3176 1504 episcopali
3237 1438 3328 1489 est
3360 1435 3546 1493 ofﬁcio

1906 1520 2399 1592 suspensusjimc
2425 1518 2575 1575 mala
2623 1518 2813 1576 omnia
2838 1525 3127 1578 venerunt
3165 1523 3338 1582 simul
3370 1541 3547 1602 super

1906 1609 2087 1681 illum,
2122 1614 2179 1665 et
2208 1608 2280 1665 de
2324 1608 2593 1666 omnibus
2640 1607 2733 1665 his
2768 1607 3041 1666 liberavit
3071 1624 3198 1668 eum
3233 1614 3539 1678 Dominus.

1904 1700 2141 1757 Romam
2171 1697 2323 1754 enim
2373 1696 2611 1754 veniens
2657 1696 2873 1769 effecit,
2927 1700 3083 1770 quod
3124 1700 3304 1761 abbas
3350 1704 3547 1766 Sancti

1904 1786 2191 1845 Maximini
2224 1785 2615 1842 obedientiam
2643 1785 2695 1842 ei
2750 1786 3017 1857 promisit
3052 1796 3108 1843 et
3132 1789 3462 1861 juramento
3494 1800 3547 1856 ei

131 1881 352 1938 vellem
382 1884 508 1935 arte
540 1874 834 1946 simulare,
882 1874 970 1931 vel
1005 1872 1322 1931 secundum
1362 1871 1790 1945 hystoricorum
1819 1880 1875 1941 B
1907 1877 2248 1935 fidelitatem
2274 1876 2411 1932 fecit
2428 1881 2487 1932 et
2504 1875 2853 1933 electionem
2879 1877 3551 1945 Conﬂuentinorumcas-

135 1965 679 2044 peritiam,singula
703 1964 913 2022 callida
934 1963 1265 2020 narratione
1296 1960 1650 2033 renovando,
1681 1965 1797 2021 tan.

137 2073 317 2131 quam
342 2071 411 2113 ea
459 2061 594 2112 ante
616 2053 817 2111 oculos
845 2052 1048 2110 videas
1079 2052 1224 2120 fieri,
1256 2050 1384 2121 tibi,
1416 2066 1449 2105 ο
1478 2048 1683 2121 lector,
1717 2064 1801 2107 re-

140 2152 515 2221 presentem:
555 2148 654 2199 aut
684 2142 871 2211 oneri,
909 2140 1062 2211 quod
1094 2155 1295 2196 verum
1325 2144 1435 2207 est,
1459 2138 1799 2196 succumbe-

145 2249 272 2290 rem
296 2230 410 2301 “'9,
446 2235 548 2288 aut
577 2244 690 2286 non
716 2231 901 2301 impar
930 2227 1176 2297 Virgilio
1206 2224 1298 2282 vel
1330 2225 1684 2297 Stacio,Tito
1713 2224 1799 2281 Li-

136 2323 237 2379 vio
260 2320 357 2355 “9°
376 2317 467 2376 vel
493 2317 743 2390 Josepho
774 2316 1088 2372 invenirer.
1148 2314 1310 2382 Quod
1346 2314 1391 2373 si
1443 2314 1617 2371 etiam
1648 2311 1801 2371 suffl-

140 2423 364 2476 oerem,
398 2424 509 2465 non
543 2413 699 2464 esset
761 2405 901 2462 tibia
926 2405 1072 2461 tanti
1094 2403 1205 2461 ‘0“.
1240 2404 1427 2461 Minus
1456 2403 1608 2460 enim
1640 2406 1800 2460 esset

142 2501 255 2557 hoc
287 2512 485 2571 opere,
525 2500 764 2569 propter
815 2493 969 2566 quod
1001 2493 1085 2564 fit,
1120 2508 1287 2565 opus.
1350 2491 1460 2549 Sed
1501 2505 1607 2549 nec
1636 2496 1799 2565 puto,

140 2602 279 2646 eum
313 2587 520 2657 solum,
544 2584 641 2656 qui
673 2584 781 2640 hoc
812 2583 956 2639 bene
992 2582 1321 2655 perficeret,
1349 2581 1537 2638 minus
1569 2579 1806 2638 laudan-

145 2677 285 2733 dum
317 2688 487 2746 quam
519 2686 719 2730 omnes
765 2686 865 2728 eos
915 2684 1158 2742 quorum
1218 2675 1387 2741 gesta
1419 2669 1655 2743 proprie
1710 2682 1806 2725 ex-

144 2764 487 2837 pressisset.
521 2762 628 2817 Sed
661 2774 812 2817 nunc
831 2757 1007 2816 nichil
1033 2757 1191 2815 aliud
1214 2772 1244 2814 a
1268 2772 1356 2815 me
1374 2762 1668 2830 expectes,
1696 2756 1807 2814 nisi

142 2852 306 2928 quod
339 2851 669 2908 summatim
719 2845 944 2918 singula
1003 2846 1413 2919 perstringam,
1448 2859 1519 2902 ne
1575 2846 1809 2919 penitus

142 2947 351 2999 eterna
384 2939 677 2997 oblivione
708 2936 1032 2993 deleantur.

220 3034 307 3088 17.
326 3029 406 3085 Eo
427 3026 607 3098 igitur
623 3031 909 3098 tempore,
931 3039 1063 3082 cum
1087 3029 1324 3082 vacaret
1341 3021 1591 3082 ecclesia
1618 3025 1807 3082 sancti

143 3117 443 3177 Maximini
486 3121 746 3189 pastore,
794 3113 1104 3186 elegerunt
1138 3112 1812 3171 monachiahbatemmc-

1908 1967 2058 2025 savit
2092 1966 2214 2036 (an.
2248 1966 2426 2038 1160).
2476 1965 2576 2022 His
2609 1964 2915 2037 absolutis,
2949 1966 3022 2023 ad
3052 1968 3320 2028 comitem
3350 1974 3549 2036 redea-

1911 2071 2055 2114 IDUS.

1978 2147 2065 2201 19.
2101 2146 2302 2202 Comes
2329 2143 2527 2216 itaque
2547 2143 2602 2200 in
2627 2144 2917 2216 principio
2942 2145 3113 2217 hujus
3133 2146 3446 2210 discordiae
3478 2169 3550 2212 ex

1910 2233 2227 2306 inproviso,
2261 2237 2570 2304 antequam
2603 2232 2836 2290 domino
2867 2248 2975 2291 suo
3028 2235 3371 2296 fidelitatem
3417 2257 3552 2299 con-

1910 2322 2275 2392 tradixisset,
2324 2336 2452 2378 cum
2486 2320 2641 2378 mille
2673 2322 3007 2393 quingentis
3041 2325 3323 2384 militibus
3348 2328 3554 2388 Treve-

1912 2412 2069 2470 rensi
2116 2410 2546 2482 apprOpinquat
2579 2410 2836 2477 civitati;
2891 2414 2951 2467 et
2981 2413 3213 2470 Treveri
3243 2430 3356 2473 non
3385 2424 3551 2477 erant

1913 2499 2250 2573 premuniti,
2300 2514 2408 2555 nec
2456 2497 2608 2555 vallo
2656 2514 2762 2555 nec
2814 2515 2979 2559 muro
3028 2502 3215 2560 adhuc
3263 2504 3459 2579 cincti,
3494 2515 3554 2566 et

1915 2587 2086 2659 longa
2121 2602 2259 2659 pace
2291 2585 2446 2644 bello
2502 2586 2769 2657 dissueti,
2804 2592 2861 2645 et
2895 2589 3021 2661 ipse
3079 2592 3555 2669 archiepiscopus

1918 2676 2139 2746 aberat,
2172 2676 2227 2731 in
2251 2674 2413 2732 curia
2436 2674 2589 2745 regis
2612 2676 2889 2734 existens.
2914 2678 3329 2752 Potuissetque
3351 2683 3462 2740 civi
3473 2690 3555 2742 ta-

1919 2768 2034 2820 tem
2057 2769 2197 2820 tunc
2220 2762 2462 2820 multum
2484 2777 2779 2833 gravasse,
2822 2765 2869 2820 si
2893 2765 3044 2822 Deus
3065 2767 3176 2825 hoc
3207 2772 3419 2827 malum
3442 2787 3558 2831 non

1920 2852 2249 2910 avertisset.
2282 2850 2392 2908 Sed
2441 2866 2638 2908 comes
2670 2853 2999 2911 Fridericus
3030 2855 3100 2911 de
3158 2856 3375 2917 Vianna
3406 2859 3556 2934 (705)

1918 2945 2059 2998 tunc
2087 2942 2238 2997 forte
2290 2939 2539 2997 fortuitu
2585 2945 2713 2997 erat
2743 2940 2801 2997 in
2829 2941 3090 3013 civitate,
3124 2950 3180 3001 et
3240 2961 3561 3009 occurrens

1920 3030 2288 3100 Namucensi,
2306 3028 2506 3086 multis
2521 3029 3002 3101 persuasionibus
3030 3045 3161 3089 eum
3175 3034 3367 3092 redire
3395 3037 3553 3109 fecit,

1921 3117 2334 3176 demonstrans
2365 3132 2627 3188 magnam
2660 3119 2782 3175 fore
2815 3119 2926 3190 ipsi
2958 3126 3018 3175 et
3048 3127 3386 3193 perpetuam
3418 3126 3561 3184 infa-

146 3222 356 3266 nacum
390 3206 677 3278 quendam
727 3204 797 3261 de
841 3203 1093 3261 ecclesia
1151 3203 1510 3275 Leodicensi,
1569 3202 1807 3260 fratrem
1841 3230 1890 3293 α
1920 3206 2111 3278 miam,
2135 3207 2184 3264 si
2218 3205 2357 3278 quid
2385 3205 2502 3263 tale
2535 3210 2742 3263 contra
2775 3208 3068 3265 dominum
3100 3224 3267 3267 suum
3299 3215 3562 3271 commit-

150 3296 515 3372 quorundam
549 3293 647 3365 qui
681 3291 1002 3350 consiliarii
1033 3298 1198 3349 erant
1230 3291 1465 3349 comitis
1492 3292 1809 3349 Namucen-

151 3387 252 3456 sis,
287 3384 420 3441 ideo
474 3388 537 3440 ut
598 3382 830 3439 illorum
887 3380 1152 3439 consiliis
1212 3381 1405 3439 acrius
1443 3381 1500 3437 in
1552 3380 1809 3438 furorem

154 3490 327 3533 suum
358 3487 555 3531 comes
586 3471 804 3529 cotidie
835 3470 1284 3528 accenderetur.
1326 3469 1505 3536 Quem
1530 3469 1677 3543 (702)
1701 3471 1811 3529 Ro-

156 3579 305 3621 mam
339 3562 564 3633 magnis
611 3560 945 3632 sumptibus
987 3559 1290 3630 ducentes,
1320 3562 1523 3616 contra
1548 3557 1811 3617 volunta-

159 3660 275 3712 tem
311 3652 739 3725 archiepiscopi
769 3665 800 3706 a
833 3650 1068 3707 domino
1100 3665 1251 3723 papa
1282 3650 1615 3708 innocentia
1639 3651 1811 3710 bene-

163 3743 280 3802 dici
313 3742 584 3799 fecerunt
613 3739 669 3796 in
716 3739 1018 3808 abbatem;
1050 3743 1110 3795 et
1142 3737 1289 3813 (703)
1321 3739 1641 3797 ammirataa
1672 3742 1808 3796 sunt

162 3834 359 3892 turbae
386 3830 456 3886 de
476 3834 591 3885 tam
615 3828 809 3885 subita
829 3842 1022 3885 rerum
1047 3827 1388 3900 mutatione,
1406 3828 1629 3886 scilicet
1655 3827 1811 3899 quod

163 3924 423 3979 Romana
447 3918 713 3975 aecclesia
746 3917 922 3974 talem
950 3921 1293 3988 tantumque
1313 3917 1501 3975 virum
1537 3922 1653 3973 tam
1683 3932 1813 3988 gra-

158 4012 318 4071 viter
340 4009 693 4078 molestavit,
720 4007 815 4079 qui
841 4011 927 4063 tot
943 4006 1178 4063 labores
1199 4010 1403 4076 totque
1428 4005 1685 4077 pericula
1705 4020 1810 4079 pro

158 4102 290 4175 ipsa
321 4099 707 4166 sustinuerat,
741 4101 800 4153 et
834 4096 929 4168 qui
959 4099 1076 4152 tam
1106 4109 1291 4168 nuper
1322 4094 1375 4150 in
1408 4099 1574 4151 tanta
1618 4095 1810 4167 gratia

158 4187 509 4264 apostolicae
540 4186 695 4243 sedis
745 4184 1078 4256 exstiterat,
1112 4183 1207 4257 qui
1239 4188 1298 4240 et
1330 4199 1436 4258 pro
1467 4199 1613 4256 papa
1646 4186 1813 4243 Inno-

159 4277 367 4337 centio
399 4276 675 4334 Lothario
733 4276 855 4345 regi
889 4275 944 4332 in
1000 4278 1225 4331 tantum
1257 4287 1319 4330 se
1372 4277 1725 4345 opposuerat
1754 4273 1813 4331 in

161 4365 544 4440 expeditione
576 4378 751 4437 supra
784 4362 962 4435 dicta,
994 4361 1149 4435 quod
1180 4360 1302 4435 ipse
1333 4360 1811 4435 archiepiscOpus

162 4460 227 4515 et
256 4470 364 4512 rex
395 4454 467 4511 ab
498 4453 746 4514 invicem
777 4466 894 4512 non
953 4465 1161 4510 sereno
1192 4450 1381 4508 animo
1411 4448 1812 4509 discesserant

165 4546 343 4618 (794).

244 4637 333 4691 19.
367 4633 645 4692 Preterea
700 4636 966 4705 tempore
1013 4629 1187 4702 hujus
1243 4644 1472 4702 guerrte
1504 4645 1632 4703 quas
1685 4633 1812 4689 erat

172 4724 333 4781 inter
347 4720 848 4795 archiepiscopum
861 4724 921 4778 et
936 4719 1229 4792 comitem,
1247 4718 1460 4780 fratres
1478 4717 1549 4777 de
1562 4718 1812 4778 ecclesia

1920 3300 2410 3368 teret,antequam
2425 3295 2679 3354 dominio
2694 3313 2801 3356 suo
2818 3299 3560 3373 renunciasset;presertim

1918 3390 2125 3444 contra
2147 3386 2508 3457 maiestatem
2523 3387 2741 3457 regiam
2764 3387 2873 3443 hoc
2894 3387 3037 3459 fore,
3054 3388 3100 3445 si
3122 3389 3562 3467 archiepiscopo

1919 3488 1992 3530 ex
2010 3475 2279 3533 mandato
2294 3475 2449 3545 regis
2476 3474 2530 3531 in
2549 3474 2708 3532 curia
2742 3476 3065 3533 comoranti
3083 3477 3293 3535 malum
3323 3479 3560 3554 aliquop

1919 3564 2182 3621 inferret.
2214 3564 2507 3622 Reversus
2555 3569 2749 3620 autem
2781 3579 2812 3620 a
2843 3566 3005 3622 curia
3058 3567 3558 3642 archiepiscopus,

1920 3652 2189 3709 omnibus
2210 3652 2397 3709 modis
2420 3652 2488 3708 ad
2513 3666 2713 3723 pacem
2739 3652 2895 3722 cepit
2919 3652 3187 3711 lahoraro
3208 3662 3270 3711 et
3291 3657 3561 3715 comitem

1919 3740 2151 3813 incepto
2164 3754 2437 3797 revocare
2460 3741 2677 3797 furore.
2704 3738 2803 3795 ille
2826 3744 3018 3797 autem
3041 3755 3146 3813 per
3162 3743 3562 3817 episcopatum

1921 3830 2205 3901 incendia,
2235 3829 2487 3900 rapinas,
2518 3828 2691 3885 cedes
2727 3830 3061 3886 exercebat.
3096 3832 3345 3888 Tandem
3378 3834 3566 3892 archi-

1919 3919 2235 3990 episcopus
2264 3916 2420 3988 cepit
2447 3930 2579 3973 sese
2636 3915 2976 3973 defendere.
3044 3919 3113 3974 Et
3144 3919 3278 3990 quia
3310 3933 3462 3977 nunc
3492 3920 3565 3978 ad

1923 4008 2091 4064 ﬁnem
2124 4020 2394 4078 propero,
2421 4004 2600 4062 multa
2620 4006 3036 4079 pertransiens,
3061 4021 3339 4064 summam
3370 4013 3566 4081 gesto-

1923 4109 2050 4153 rum
2077 4094 2224 4151 hauc
2255 4092 2494 4165 colligo.

1993 4186 2063 4240 90
2125 4181 2349 4240 Rodolﬁ
2405 4186 2657 4239 montem
2690 4183 2838 4256 (706)
2872 4183 2960 4242 bis
2985 4184 3189 4256 cinxit,
3220 4191 3281 4243 et
3311 4185 3567 4246 secunda

1923 4272 2223 4330 obsidione
2245 4271 2559 4343 destruxit,
2576 4277 2835 4330 castrum
2860 4273 3110 4345 scilicet,
3130 4276 3282 4346 quod
3300 4276 3571 4333 omnibus

1926 4362 2112 4420 modis
2129 4361 2523 4434 insuperabile
2537 4361 2867 4419 videbatur.
2886 4365 3104 4421 Novum
3122 4365 3567 4435 castrum,quod

1925 4452 2192 4509 Mercurii
2228 4465 2393 4508 mons
2420 4450 2640 4507 dicitur
2689 4451 2861 4523 (707),
2891 4452 3203 4523 ediﬁcavit,
3236 4453 3447 4508 timens
3496 4468 3569 4508 ne

1925 4540 2305 4599 Namucensis
2325 4544 2578 4598 montem
2603 4540 2762 4597 illum
2784 4545 3120 4613 occuparet,
3144 4539 3298 4611 quod
3321 4539 3487 4610 quasi
3511 4540 3569 4596 in

1927 4632 2104 4688 corde
2136 4636 2311 4687 terras
2339 4645 2460 4688 sure
2490 4634 2638 4686 erat.
2672 4629 3071 4686 Mandersceat
3110 4627 3396 4697 castrum(
3419 4629 3568 4699 708),

1930 4726 2137 4778 natura
2159 4720 2272 4777 loci
2295 4718 2768 4790 munitissimum,
2790 4718 2948 4790 cepit
2969 4721 3025 4773 et
3048 4730 3231 4789 usque
3253 4716 3322 4774 ad
3346 4715 3571 4775 obitum

1478 4818 1715 4875 γΑιωΕ
1746 4820 2127 4879 LECTIONES
2142 4862 2154 4875 .

246 4919 342 4957 ⁴⁰⁸⁹
373 4918 758 4980 succumbere
788 4930 842 4975 ο.

959 4914 1054 4949 ⁴⁰⁹⁰
1083 4916 1217 4972 lvvo
1246 4928 1295 4973 c.
1322 4918 1394 4985 (ι.
1420 4915 1618 4989 eam).
1731 4916 1824 4951 ⁴⁰⁹¹
1854 4918 2129 4989 quaedam
2157 4916 2353 4974 deesse
2372 4912 2669 4972 videam.

2783 4911 2874 4945 ‘°”
2905 4910 3086 4970 deut.

1764 4989 1967 5047 NOTIE
1981 5029 1995 5045 .

253 5090 403 5171 (700)
434 5089 513 5171 De
542 5101 655 5171 qua
685 5082 1109 5171 cf..Zyllesinus:
1141 5082 1411 5143 Defensio
1440 5084 1690 5145 abbatias
1723 5085 1824 5144 im-

174 5159 423 5237 perialis
447 5160 514 5237 _S_.
554 5159 866 5237 Maximini,
901 5172 952 5213 c.
988 5161 1039 5213 3.

250 5232 404 5302 (701)
438 5231 524 5302 Cf.
574 5230 739 5297 Virg.
775 5230 898 5302 En.
930 5242 1009 5302 vi,
1042 5230 1165 5284 261.

250 5299 403 5373 (702)
434 5301 730 5373 Sigerum;
782 5299 881 5373 cui
928 5299 1303 5373 Innocentius
1356 5312 1611 5373 papaua.
1651 5300 1813 5373 1110.

222 5369 492 5442 rivilegia
508 5369 573 5429 et
594 5370 1069 5428 communitatem
1091 5369 1489 5436 confirmavit;
1517 5370 1823 5427 Hontheim
1933 5369 2077 5442 viris

198 5444 336 5500 list.
378 5444 518 5569 μέ).
561 5445 683 5498 543.

252 5514 405 5569 (703)
491 5528 562 5569 uc
596 5528 683 5569 uel

252 5514 405 5586 (703)
438 5514 524 5586 Hu

178 5581 701 5658 11£Oscripta,qua
717 5581 1029 5658 Al_bero_itis
1044 5589 1242 5658 partes
1255 5583 1409 5658 apud
1430 5581 1828 5658 Innocentium

178 5657 230 5714 ιι
262 5651 478 5788 ρθὲἓηί
503 5651 733 5712 tuetur.
773 5651 1060 5736 Ejusdem'
1086 5651 1411 5737 argumenti
1459 5658 1555 5736 est
1582 5651 1830 5725 epistola

178 5731 308 5788 180.
413 5740 542 5787 ῐπ.
607 5727 761 5788 Quas
789 5726 922 5785 vnde
981 5742 1080 5788 an.
1127 5726 1435 5785 Hontheim
1491 5727 1647 5783 Hist.
1687 5726 1729 5788 Ι.
1761 5738 1822 5788 p.

178 5726 308 5792 180.
341 5726 542 5788 W111.
607 5727 761 5795 Quas
789 5726 922 5785 vide
981 5742 1080 5801 ap.
1127 5726 1435 5785 Hontheim
1491 5726 1647 5783 Hist.
1687 5726 1729 5798 Ι,
1761 5738 1822 5800 p.

530 5528 562 5570 c
595 5512 850 5595 pertinet
906 5512 1163 5595 epistola
1188 5517 1290 5570 179
1346 5514 1408 5595 S:
1430 5509 1724 5595 .Bernardi
1758 5526 1819 5567 a.

1933 5090 2153 5227 “67°00
2210 5153 2297 5209 cr.
2339 5153 2508 5208 Gesta
2539 5156 2715 5209 metr.
2753 5166 2807 5209 ν.
2841 5151 2943 5207 140
2971 5164 3106 5222 sqq.

2028 5230 2149 5294 705)
2181 5223 2478 5280 Viandem.

2004 5158 2154 5369 £706)
2185 5294 2576 5369 Rudolfsberg
2600 5293 3106 5369 arx_erat_Luxeml

2028 5223 2149 5294 705)
2181 5223 2478 5280 Viandem.

2027 5291 2154 5363 706)
2185 5294 2576 5363 Rudolfsberg
2606 5308 2709 5349 arx
2735 5297 2862 5349 erat
2885 5291 3426 5362 Luxemburgensis,
3452 5293 3584 5351 Tre-

2179 5367 2309 5437 aud,
2346 5365 2551 5437 procul
2582 5365 2789 5421 dissita
2816 5363 2892 5437 ad
2945 5366 3127 5436 ripam
3187 5364 3343 5422 Sara)
3378 5367 3581 5437 ,wm,

1934 5440 2248 5497 Roulmont
2282 5435 2520 5510 dicitur,
2580 5435 2885 5492 Rontheim
2916 5437 2957 5510 1,
2988 5435 3126 5510 pag.
3169 5439 3310 5506 551.;
3371 5435 3586 5494 Rodul-

1937 5512 2175 5580 ﬂsbcrg,
2211 5508 2471 5580 Gunther
2499 5508 2541 5578 Ι,
2572 5523 2624 5580 p.
2656 5510 2777 5564 336.

2033 5576 2169 5653 707⁷)
2190 5576 2534 5653 Montmédy.

2033 5648 2158 5728 708)
2189 5648 2655 5712 Manderscheid.
