  <div class='ocr_page' id='page_1' title='image "/cluster/home/n/w/nwhite01/storage/ocr_20150623/154/uva.x000829797/667.png"; bbox 0 0 3968 6378; ppageno 0'>
   <div class='ocr_carea' id='block_1_1' title="bbox 389 407 540 476">
    <p class='ocr_par' dir='ltr' id='par_1_1' title="bbox 389 407 540 476">
     <span class='ocr_line' id='line_1_1' title="bbox 389 407 540 476; baseline -0.013 -1"><span class='ocrx_word' id='word_1_1' title='bbox 389 407 540 476; x_wconf 75' lang='grc'>132⁸7</span> 
     </span>
    </p>
   </div>
   <div class='ocr_carea' id='block_1_2' title="bbox 992 389 3196 470">
    <p class='ocr_par' dir='ltr' id='par_1_2' title="bbox 992 389 3196 470">
     <span class='ocr_line' id='line_1_2' title="bbox 992 389 3196 470; baseline -0.004 0"><span class='ocrx_word' id='word_1_2' title='bbox 992 407 1258 470; x_wconf 78' lang='lat' dir='ltr'>GESTA</span> <span class='ocrx_word' id='word_1_3' title='bbox 1290 403 1644 467; x_wconf 79' lang='lat' dir='ltr'><strong>TREVER.</strong></span> <span class='ocrx_word' id='word_1_4' title='bbox 1682 437 1755 447; x_wconf 93' lang='lat'>—</span> <span class='ocrx_word' id='word_1_5' title='bbox 1784 392 2138 462; x_wconf 86' lang='lat' dir='ltr'><strong>APPEND.</strong></span> <span class='ocrx_word' id='word_1_6' title='bbox 2175 395 2450 459; x_wconf 87' lang='lat' dir='ltr'><strong>GUSTA</strong></span> <span class='ocrx_word' id='word_1_7' title='bbox 2475 389 2942 462; x_wconf 84' lang='lat' dir='ltr'><strong>ALBERONIS</strong></span> <span class='ocrx_word' id='word_1_8' title='bbox 2971 398 3196 464; x_wconf 80' lang='lat' dir='ltr'><strong>ARCH</strong></span> 
     </span>
    </p>
   </div>
   <div class='ocr_carea' id='block_1_3' title="bbox 3647 397 3798 466">
    <p class='ocr_par' dir='ltr' id='par_1_3' title="bbox 3647 397 3798 466">
     <span class='ocr_line' id='line_1_3' title="bbox 3647 397 3798 466; baseline 0.013 -2"><span class='ocrx_word' id='word_1_9' title='bbox 3647 397 3798 466; x_wconf 77' lang='lat'><strong>1328</strong></span> 
     </span>
    </p>
   </div>
   <div class='ocr_carea' id='block_1_4' title="bbox 387 531 3801 627">
    <p class='ocr_par' dir='ltr' id='par_1_4' title="bbox 387 531 3801 627">
     <span class='ocr_line' id='line_1_4' title="bbox 387 531 3801 627; baseline -0.002 -4"><span class='ocrx_word' id='word_1_10' title='bbox 387 580 556 623; x_wconf 87' lang='lat' dir='ltr'><strong>suum</strong></span> <span class='ocrx_word' id='word_1_11' title='bbox 588 562 856 620; x_wconf 85' lang='lat' dir='ltr'><strong>retinuit.</strong></span> <span class='ocrx_word' id='word_1_12' title='bbox 919 559 1260 616; x_wconf 87' lang='lat' dir='ltr'><strong>Gerlandam</strong></span> <span class='ocrx_word' id='word_1_13' title='bbox 1321 559 1492 627; x_wconf 91' lang='lat'><strong>(709),</strong></span> <span class='ocrx_word' id='word_1_14' title='bbox 1525 555 1823 611; x_wconf 89' lang='lat' dir='ltr'><strong>Zolveram</strong></span> <span class='ocrx_word' id='word_1_15' title='bbox 1882 553 2028 623; x_wconf 91' lang='lat'><strong>(710)</strong></span> <span class='ocrx_word' id='word_1_16' title='bbox 2061 531 2117 590; x_wconf 86' lang='grc' dir='ltr'><strong>Α</strong></span> <span class='ocrx_word' id='word_1_17' title='bbox 2148 548 2504 607; x_wconf 90' lang='lat' dir='ltr'><strong>municiones</strong></span> <span class='ocrx_word' id='word_1_18' title='bbox 2523 551 2649 620; x_wconf 89' lang='lat' dir='ltr'><strong>ejus</strong></span> <span class='ocrx_word' id='word_1_19' title='bbox 2672 551 2918 610; x_wconf 90' lang='lat' dir='ltr'><strong>domnus</strong></span> <span class='ocrx_word' id='word_1_20' title='bbox 2937 553 3420 627; x_wconf 93' lang='lat' dir='ltr'><strong>archiepiscopus</strong></span> <span class='ocrx_word' id='word_1_21' title='bbox 3447 557 3653 612; x_wconf 88' lang='lat' dir='ltr'><strong>comiti</strong></span> <span class='ocrx_word' id='word_1_22' title='bbox 3675 558 3801 615; x_wconf 81' lang='lat' dir='ltr'><strong>red°</strong></span> 
     </span>
    </p>
   </div>
   <div class='ocr_carea' id='block_1_5' title="bbox 387 642 2033 738">
    <p class='ocr_par' dir='ltr' id='par_1_5' title="bbox 387 642 2033 738">
     <span class='ocr_line' id='line_1_5' title="bbox 387 642 2033 738; baseline -0.009 -28"><span class='ocrx_word' id='word_1_23' title='bbox 387 654 564 726; x_wconf 83' lang='lat' dir='ltr'><strong>cepit,</strong></span> <span class='ocrx_word' id='word_1_24' title='bbox 598 658 658 709; x_wconf 89' lang='lat' dir='ltr'><strong>et</strong></span> <span class='ocrx_word' id='word_1_25' title='bbox 716 655 785 707; x_wconf 88' lang='lat'><strong>30</strong></span> <span class='ocrx_word' id='word_1_26' title='bbox 835 649 1188 705; x_wconf 76' lang='lat' dir='ltr'><strong>munitiones</strong></span> <span class='ocrx_word' id='word_1_27' title='bbox 1241 645 1474 702; x_wconf 86' lang='lat' dir='ltr'><strong>comitis</strong></span> <span class='ocrx_word' id='word_1_28' title='bbox 1525 642 1903 738; x_wconf 83' lang='lat' dir='ltr'><strong>Namucensis</strong></span> <span class='ocrx_word' id='word_1_29' title='bbox 1932 644 2033 738; x_wconf 79' lang='lat' dir='ltr'><strong>aut</strong></span> 
     </span>
    </p>
   </div>
   <div class='ocr_carea' id='block_1_6' title="bbox 387 731 2030 814">
    <p class='ocr_par' dir='ltr' id='par_1_6' title="bbox 387 731 2030 814">
     <span class='ocr_line' id='line_1_6' title="bbox 387 731 2030 814; baseline -0.01 -15"><span class='ocrx_word' id='word_1_30' title='bbox 387 742 544 814; x_wconf 90' lang='lat' dir='ltr'><strong>cepit</strong></span> <span class='ocrx_word' id='word_1_31' title='bbox 577 745 692 797; x_wconf 90' lang='lat' dir='ltr'><strong>aut.</strong></span> <span class='ocrx_word' id='word_1_32' title='bbox 723 737 1044 795; x_wconf 72' lang='lat' dir='ltr'><strong>destruxit.</strong></span> <span class='ocrx_word' id='word_1_33' title='bbox 1083 737 1471 806; x_wconf 88' lang='lat' dir='ltr'><strong>Epternacum</strong></span> <span class='ocrx_word' id='word_1_34' title='bbox 1503 747 1734 802; x_wconf 90' lang='lat' dir='ltr'><strong>quoque</strong></span> <span class='ocrx_word' id='word_1_35' title='bbox 1763 731 1939 800; x_wconf 88' lang='lat' dir='ltr'><strong>cepit,</strong></span> <span class='ocrx_word' id='word_1_36' title='bbox 1975 731 2030 783; x_wconf 91' lang='lat' dir='ltr'><strong>in</strong></span> 
     </span>
    </p>
   </div>
   <div class='ocr_carea' id='block_1_7' title="bbox 389 818 2031 902">
    <p class='ocr_par' dir='ltr' id='par_1_7' title="bbox 389 818 2031 902">
     <span class='ocr_line' id='line_1_7' title="bbox 389 818 2031 902; baseline -0.01 -15"><span class='ocrx_word' id='word_1_37' title='bbox 389 845 502 902; x_wconf 92' lang='lat' dir='ltr'><strong>quo</strong></span> <span class='ocrx_word' id='word_1_38' title='bbox 515 843 710 886; x_wconf 90' lang='lat' dir='ltr'><strong>comes</strong></span> <span class='ocrx_word' id='word_1_39' title='bbox 725 825 987 883; x_wconf 84' lang='lat' dir='ltr'><strong>militiam</strong></span> <span class='ocrx_word' id='word_1_40' title='bbox 1001 830 1204 881; x_wconf 90' lang='lat' dir='ltr'><strong>tenere</strong></span> <span class='ocrx_word' id='word_1_41' title='bbox 1226 822 1474 879; x_wconf 85' lang='lat' dir='ltr'><strong>solebat.</strong></span> <span class='ocrx_word' id='word_1_42' title='bbox 1495 819 1604 876; x_wconf 87' lang='lat' dir='ltr'><strong>Sed</strong></span> <span class='ocrx_word' id='word_1_43' title='bbox 1627 821 1778 874; x_wconf 90' lang='lat' dir='ltr'><strong>inter</strong></span> <span class='ocrx_word' id='word_1_44' title='bbox 1793 818 2031 889; x_wconf 85' lang='lat' dir='ltr'><strong>primam</strong></span> 
     </span>
    </p>
   </div>
   <div class='ocr_carea' id='block_1_8' title="bbox 387 907 2034 976">
    <p class='ocr_par' dir='ltr' id='par_1_8' title="bbox 387 907 2034 976">
     <span class='ocr_line' id='line_1_8' title="bbox 387 907 2034 976; baseline -0.01 0"><span class='ocrx_word' id='word_1_45' title='bbox 387 923 446 976; x_wconf 91' lang='lat' dir='ltr'><strong>et</strong></span> <span class='ocrx_word' id='word_1_46' title='bbox 476 917 788 975; x_wconf 89' lang='lat' dir='ltr'><strong>secundam</strong></span> <span class='ocrx_word' id='word_1_47' title='bbox 820 912 1048 970; x_wconf 84' lang='lat' dir='ltr'><strong>Rodulfl</strong></span> <span class='ocrx_word' id='word_1_48' title='bbox 1077 912 1294 968; x_wconf 91' lang='lat' dir='ltr'><strong>montis</strong></span> <span class='ocrx_word' id='word_1_49' title='bbox 1323 909 1686 966; x_wconf 86' lang='lat' dir='ltr'><strong>obsidionem</strong></span> <span class='ocrx_word' id='word_1_50' title='bbox 1723 907 1876 963; x_wconf 83' lang='lat' dir='ltr'><strong>bello</strong></span> <span class='ocrx_word' id='word_1_51' title='bbox 1899 920 2034 962; x_wconf 87' lang='lat' dir='ltr'><strong>con-</strong></span> 
     </span>
    </p>
   </div>
   <div class='ocr_carea' id='block_1_9' title="bbox 387 996 2034 1076">
    <p class='ocr_par' dir='ltr' id='par_1_9' title="bbox 387 996 2034 1076">
     <span class='ocr_line' id='line_1_9' title="bbox 387 996 2034 1076; baseline -0.01 -13"><span class='ocrx_word' id='word_1_52' title='bbox 387 1006 574 1076; x_wconf 81' lang='lat' dir='ltr'><strong>gressi</strong></span> <span class='ocrx_word' id='word_1_53' title='bbox 633 1009 769 1060; x_wconf 91' lang='lat' dir='ltr'><strong>sunt</strong></span> <span class='ocrx_word' id='word_1_54' title='bbox 815 1000 1290 1072; x_wconf 86' lang='lat' dir='ltr'><strong>archiepiscOpus</strong></span> <span class='ocrx_word' id='word_1_55' title='bbox 1345 1003 1404 1053; x_wconf 86' lang='lat' dir='ltr'><strong>et</strong></span> <span class='ocrx_word' id='word_1_56' title='bbox 1458 1010 1654 1053; x_wconf 89' lang='lat' dir='ltr'><strong>comes</strong></span> <span class='ocrx_word' id='word_1_57' title='bbox 1716 996 1770 1050; x_wconf 91' lang='lat' dir='ltr'><strong>in</strong></span> <span class='ocrx_word' id='word_1_58' title='bbox 1830 997 2034 1066; x_wconf 88' lang='lat' dir='ltr'><strong>aperto</strong></span> 
     </span>
    </p>
   </div>
   <div class='ocr_carea' id='block_1_10' title="bbox 389 1083 2034 1164">
    <p class='ocr_par' dir='ltr' id='par_1_10' title="bbox 389 1083 2034 1164">
     <span class='ocr_line' id='line_1_10' title="bbox 389 1083 2034 1164; baseline -0.008 -14"><span class='ocrx_word' id='word_1_59' title='bbox 389 1108 612 1164; x_wconf 90' lang='lat' dir='ltr'><strong>campo.</strong></span> <span class='ocrx_word' id='word_1_60' title='bbox 647 1091 811 1160; x_wconf 86' lang='lat' dir='ltr'><strong>Quod</strong></span> <span class='ocrx_word' id='word_1_61' title='bbox 842 1089 958 1146; x_wconf 89' lang='lat' dir='ltr'><strong>tale</strong></span> <span class='ocrx_word' id='word_1_62' title='bbox 993 1089 1121 1144; x_wconf 90' lang='lat' dir='ltr'><strong>fuit.</strong></span> <span class='ocrx_word' id='word_1_63' title='bbox 1157 1089 1296 1144; x_wconf 89' lang='lat' dir='ltr'><strong>Cum</strong></span> <span class='ocrx_word' id='word_1_64' title='bbox 1337 1086 1522 1158; x_wconf 88' lang='lat' dir='ltr'><strong>primo</strong></span> <span class='ocrx_word' id='word_1_65' title='bbox 1556 1083 2034 1155; x_wconf 85' lang='lat' dir='ltr'><strong>archiepisc0pus</strong></span> 
     </span>
    </p>
   </div>
   <div class='ocr_carea' id='block_1_11' title="bbox 387 1171 2036 1244">
    <p class='ocr_par' dir='ltr' id='par_1_11' title="bbox 387 1171 2036 1244">
     <span class='ocr_line' id='line_1_11' title="bbox 387 1171 2036 1244; baseline -0.01 -4"><span class='ocrx_word' id='word_1_66' title='bbox 387 1181 613 1240; x_wconf 77' lang='lat' dir='ltr'><strong>Rodolfi</strong></span> <span class='ocrx_word' id='word_1_67' title='bbox 646 1183 900 1236; x_wconf 88' lang='lat' dir='ltr'><strong>montem</strong></span> <span class='ocrx_word' id='word_1_68' title='bbox 937 1175 1291 1244; x_wconf 82' lang='lat' dir='ltr'><strong>obsedisset,</strong></span> <span class='ocrx_word' id='word_1_69' title='bbox 1342 1188 1537 1230; x_wconf 91' lang='lat' dir='ltr'><strong>comes</strong></span> <span class='ocrx_word' id='word_1_70' title='bbox 1568 1171 1922 1228; x_wconf 84' lang='lat' dir='ltr'><strong>Palaciolum</strong></span> <span class='ocrx_word' id='word_1_71' title='bbox 1957 1171 2036 1224; x_wconf 85' lang='lat' dir='ltr'><strong>in-</strong></span> 
     </span>
    </p>
   </div>
   <div class='ocr_carea' id='block_1_12' title="bbox 387 1257 2035 1339">
    <p class='ocr_par' dir='ltr' id='par_1_12' title="bbox 387 1257 2035 1339">
     <span class='ocr_line' id='line_1_12' title="bbox 387 1257 2035 1339; baseline -0.01 -12"><span class='ocrx_word' id='word_1_72' title='bbox 387 1269 562 1339; x_wconf 87' lang='lat' dir='ltr'><strong>vasit,</strong></span> <span class='ocrx_word' id='word_1_73' title='bbox 589 1273 648 1325; x_wconf 90' lang='lat' dir='ltr'><strong>et</strong></span> <span class='ocrx_word' id='word_1_74' title='bbox 699 1267 887 1338; x_wconf 84' lang='lat' dir='ltr'><strong>ignem</strong></span> <span class='ocrx_word' id='word_1_75' title='bbox 940 1265 995 1320; x_wconf 92' lang='lat' dir='ltr'><strong>in</strong></span> <span class='ocrx_word' id='word_1_76' title='bbox 1042 1262 1346 1320; x_wconf 86' lang='lat' dir='ltr'><strong>ecclesiam</strong></span> <span class='ocrx_word' id='word_1_77' title='bbox 1405 1265 1620 1318; x_wconf 63' lang='lat' dir='ltr'><strong>sanctae</strong></span> <span class='ocrx_word' id='word_1_78' title='bbox 1672 1260 1862 1315; x_wconf 67' lang='lat' dir='ltr'><strong>Mariae</strong></span> <span class='ocrx_word' id='word_1_79' title='bbox 1912 1257 2035 1327; x_wconf 90' lang='lat' dir='ltr'><strong>inji-</strong></span> 
     </span>
    </p>
   </div>
   <div class='ocr_carea' id='block_1_13' title="bbox 383 1348 2034 1428">
    <p class='ocr_par' dir='ltr' id='par_1_13' title="bbox 383 1348 2034 1428">
     <span class='ocr_line' id='line_1_13' title="bbox 383 1348 2034 1428; baseline -0.009 -12"><span class='ocrx_word' id='word_1_80' title='bbox 383 1359 566 1428; x_wconf 90' lang='lat' dir='ltr'><strong>ciens,</strong></span> <span class='ocrx_word' id='word_1_81' title='bbox 601 1355 981 1413; x_wconf 89' lang='lat' dir='ltr'><strong>munieionem</strong></span> <span class='ocrx_word' id='word_1_82' title='bbox 1021 1366 1252 1424; x_wconf 90' lang='lat' dir='ltr'><strong>quoque</strong></span> <span class='ocrx_word' id='word_1_83' title='bbox 1301 1348 1726 1419; x_wconf 84' lang='lat' dir='ltr'><strong>archiepiscopi</strong></span> <span class='ocrx_word' id='word_1_84' title='bbox 1765 1361 2034 1402; x_wconf 90' lang='lat' dir='ltr'><strong>cremare</strong></span> 
     </span>
    </p>
   </div>
   <div class='ocr_carea' id='block_1_14' title="bbox 387 1436 2035 1518">
    <p class='ocr_par' dir='ltr' id='par_1_14' title="bbox 387 1436 2035 1518">
     <span class='ocr_line' id='line_1_14' title="bbox 387 1436 2035 1518; baseline -0.008 -15"><span class='ocrx_word' id='word_1_85' title='bbox 387 1447 683 1518; x_wconf 79' lang='lat' dir='ltr'><strong>sperabat.</strong></span> <span class='ocrx_word' id='word_1_86' title='bbox 718 1444 856 1510; x_wconf 76' lang='lat' dir='ltr'><strong>Quae</strong></span> <span class='ocrx_word' id='word_1_87' title='bbox 905 1441 1053 1496; x_wconf 88' lang='lat' dir='ltr'><strong>fama</strong></span> <span class='ocrx_word' id='word_1_88' title='bbox 1083 1454 1213 1496; x_wconf 88' lang='lat' dir='ltr'><strong>cum</strong></span> <span class='ocrx_word' id='word_1_89' title='bbox 1245 1437 1316 1494; x_wconf 92' lang='lat' dir='ltr'><strong>ad</strong></span> <span class='ocrx_word' id='word_1_90' title='bbox 1367 1436 1870 1508; x_wconf 86' lang='lat' dir='ltr'><strong>archiepiscopum</strong></span> <span class='ocrx_word' id='word_1_91' title='bbox 1909 1449 2035 1506; x_wconf 88' lang='lat' dir='ltr'><strong>per-</strong></span> 
     </span>
    </p>
   </div>
   <div class='ocr_carea' id='block_1_15' title="bbox 388 1525 2033 1602">
    <p class='ocr_par' dir='ltr' id='par_1_15' title="bbox 388 1525 2033 1602">
     <span class='ocr_line' id='line_1_15' title="bbox 388 1525 2033 1602; baseline -0.009 -10"><span class='ocrx_word' id='word_1_92' title='bbox 388 1533 666 1602; x_wconf 85' lang='lat' dir='ltr'><strong>venisset,</strong></span> <span class='ocrx_word' id='word_1_93' title='bbox 683 1529 986 1588; x_wconf 88' lang='lat' dir='ltr'><strong>obsidione</strong></span> <span class='ocrx_word' id='word_1_94' title='bbox 1001 1527 1343 1597; x_wconf 89' lang='lat' dir='ltr'><strong>soluta,tota</strong></span> <span class='ocrx_word' id='word_1_95' title='bbox 1358 1532 1530 1581; x_wconf 91' lang='lat' dir='ltr'><strong>nocte</strong></span> <span class='ocrx_word' id='word_1_96' title='bbox 1551 1525 1880 1596; x_wconf 88' lang='lat' dir='ltr'><strong>preperavit</strong></span> <span class='ocrx_word' id='word_1_97' title='bbox 1902 1539 1970 1580; x_wconf 86' lang='lat' dir='ltr'><strong>eu</strong></span> <span class='ocrx_word' id='word_1_98' title='bbox 1983 1538 2033 1578; x_wconf 93' lang='lat' dir='ltr'><strong>m</strong></span> 
     </span>
    </p>
   </div>
   <div class='ocr_carea' id='block_1_16' title="bbox 391 1612 2036 1690">
    <p class='ocr_par' dir='ltr' id='par_1_16' title="bbox 391 1612 2036 1690">
     <span class='ocr_line' id='line_1_16' title="bbox 391 1612 2036 1690; baseline -0.007 -10"><span class='ocrx_word' id='word_1_99' title='bbox 391 1621 602 1680; x_wconf 89' lang='lat' dir='ltr'><strong>milicia</strong></span> <span class='ocrx_word' id='word_1_100' title='bbox 627 1634 752 1690; x_wconf 87' lang='lat' dir='ltr'><strong>sua,</strong></span> <span class='ocrx_word' id='word_1_101' title='bbox 780 1623 843 1675; x_wconf 93' lang='lat' dir='ltr'><strong>ut</strong></span> <span class='ocrx_word' id='word_1_102' title='bbox 876 1616 1172 1689; x_wconf 88' lang='lat' dir='ltr'><strong>inproviso</strong></span> <span class='ocrx_word' id='word_1_103' title='bbox 1196 1613 1350 1671; x_wconf 86' lang='lat' dir='ltr'><strong>hosti</strong></span> <span class='ocrx_word' id='word_1_104' title='bbox 1375 1614 1815 1685; x_wconf 81' lang='lat' dir='ltr'><strong>superveniens,</strong></span> <span class='ocrx_word' id='word_1_105' title='bbox 1855 1612 2036 1684; x_wconf 85' lang='lat' dir='ltr'><strong>inopi-</strong></span> 
     </span>
    </p>
   </div>
   <div class='ocr_carea' id='block_1_17' title="bbox 392 1701 2035 1769">
    <p class='ocr_par' dir='ltr' id='par_1_17' title="bbox 392 1701 2035 1769">
     <span class='ocr_line' id='line_1_17' title="bbox 392 1701 2035 1769; baseline -0.008 0"><span class='ocrx_word' id='word_1_106' title='bbox 392 1717 528 1769; x_wconf 89' lang='lat' dir='ltr'><strong>nato</strong></span> <span class='ocrx_word' id='word_1_107' title='bbox 553 1716 776 1767; x_wconf 89' lang='lat' dir='ltr'><strong>terrore</strong></span> <span class='ocrx_word' id='word_1_108' title='bbox 795 1719 1086 1764; x_wconf 76' lang='grc'>0011011880</span> <span class='ocrx_word' id='word_1_109' title='bbox 1108 1717 1245 1760; x_wconf 91' lang='lat' dir='ltr'><strong>suas</strong></span> <span class='ocrx_word' id='word_1_110' title='bbox 1267 1703 1422 1759; x_wconf 88' lang='lat' dir='ltr'><strong>vires</strong></span> <span class='ocrx_word' id='word_1_111' title='bbox 1444 1701 1798 1758; x_wconf 90' lang='lat' dir='ltr'><strong>ostenderet.</strong></span> <span class='ocrx_word' id='word_1_112' title='bbox 1832 1702 2035 1758; x_wconf 86' lang='lat' dir='ltr'><strong>Comes</strong></span> 
     </span>
    </p>
   </div>
   <div class='ocr_carea' id='block_1_18' title="bbox 390 1789 2033 1870">
    <p class='ocr_par' dir='ltr' id='par_1_18' title="bbox 390 1789 2033 1870">
     <span class='ocr_line' id='line_1_18' title="bbox 390 1789 2033 1870; baseline -0.009 -13"><span class='ocrx_word' id='word_1_113' title='bbox 390 1813 529 1857; x_wconf 89' lang='lat' dir='ltr'><strong>vero</strong></span> <span class='ocrx_word' id='word_1_114' title='bbox 559 1813 663 1870; x_wconf 90' lang='lat' dir='ltr'><strong>per</strong></span> <span class='ocrx_word' id='word_1_115' title='bbox 705 1795 1118 1868; x_wconf 82' lang='lat' dir='ltr'><strong>exploratores</strong></span> <span class='ocrx_word' id='word_1_116' title='bbox 1146 1793 1273 1862; x_wconf 88' lang='lat' dir='ltr'><strong>ejus</strong></span> <span class='ocrx_word' id='word_1_117' title='bbox 1327 1791 1691 1863; x_wconf 87' lang='lat' dir='ltr'><strong>prcsentiens</strong></span> <span class='ocrx_word' id='word_1_118' title='bbox 1723 1789 2033 1846; x_wconf 84' lang='lat' dir='ltr'><strong>adventum</strong></span> 
     </span>
    </p>
   </div>
   <div class='ocr_carea' id='block_1_19' title="bbox 2147 637 3803 719">
    <p class='ocr_par' dir='ltr' id='par_1_19' title="bbox 2147 637 3803 719">
     <span class='ocr_line' id='line_1_19' title="bbox 2147 637 3803 719; baseline 0.008 -28"><span class='ocrx_word' id='word_1_119' title='bbox 2147 637 2314 708; x_wconf 88' lang='lat' dir='ltr'><strong>didit,</strong></span> <span class='ocrx_word' id='word_1_120' title='bbox 2341 643 2400 694; x_wconf 88' lang='lat' dir='ltr'><strong>et</strong></span> <span class='ocrx_word' id='word_1_121' title='bbox 2426 639 2496 694; x_wconf 91' lang='lat' dir='ltr'><strong>de</strong></span> <span class='ocrx_word' id='word_1_122' title='bbox 2523 639 2838 711; x_wconf 83' lang='lat' dir='ltr'><strong>beneflciis,</strong></span> <span class='ocrx_word' id='word_1_123' title='bbox 2865 656 2993 712; x_wconf 67' lang='lat' dir='ltr'><strong>qua:</strong></span> <span class='ocrx_word' id='word_1_124' title='bbox 3017 643 3070 698; x_wconf 91' lang='lat' dir='ltr'><strong>in</strong></span> <span class='ocrx_word' id='word_1_125' title='bbox 3094 648 3428 701; x_wconf 90' lang='lat' dir='ltr'><strong>casamento</strong></span> <span class='ocrx_word' id='word_1_126' title='bbox 3457 658 3664 702; x_wconf 89' lang='lat' dir='ltr'><strong>comes</strong></span> <span class='ocrx_word' id='word_1_127' title='bbox 3687 645 3803 719; x_wconf 88' lang='lat' dir='ltr'><strong>plu-</strong></span> 
     </span>
    </p>
   </div>
   <div class='ocr_carea' id='block_1_20' title="bbox 2148 727 3804 808">
    <p class='ocr_par' dir='ltr' id='par_1_20' title="bbox 2148 727 3804 808">
     <span class='ocr_line' id='line_1_20' title="bbox 2148 727 3804 808; baseline 0.008 -28"><span class='ocrx_word' id='word_1_128' title='bbox 2148 727 2286 782; x_wconf 92' lang='lat' dir='ltr'><strong>rima</strong></span> <span class='ocrx_word' id='word_1_129' title='bbox 2318 732 2588 784; x_wconf 89' lang='lat' dir='ltr'><strong>tenuerat</strong></span> <span class='ocrx_word' id='word_1_130' title='bbox 2636 731 2708 787; x_wconf 89' lang='lat' dir='ltr'><strong>ab</strong></span> <span class='ocrx_word' id='word_1_131' title='bbox 2738 731 2986 788; x_wconf 88' lang='lat' dir='ltr'><strong>ecclesia</strong></span> <span class='ocrx_word' id='word_1_132' title='bbox 3009 733 3372 805; x_wconf 87' lang='lat' dir='ltr'><strong>Treverensi,</strong></span> <span class='ocrx_word' id='word_1_133' title='bbox 3406 735 3804 808; x_wconf 84' lang='lat' dir='ltr'><strong>archiepisco-</strong></span> 
     </span>
    </p>
   </div>
   <div class='ocr_carea' id='block_1_21' title="bbox 2149 817 3804 893">
    <p class='ocr_par' dir='ltr' id='par_1_21' title="bbox 2149 817 3804 893">
     <span class='ocr_line' id='line_1_21' title="bbox 2149 817 3804 893; baseline 0.008 -23"><span class='ocrx_word' id='word_1_134' title='bbox 2149 831 2254 887; x_wconf 92' lang='lat' dir='ltr'><strong>pus</strong></span> <span class='ocrx_word' id='word_1_135' title='bbox 2275 832 2350 890; x_wconf 84' lang='lat' dir='ltr'><strong>ea</strong></span> <span class='ocrx_word' id='word_1_136' title='bbox 2381 817 2636 874; x_wconf 89' lang='lat' dir='ltr'><strong>reddidit</strong></span> <span class='ocrx_word' id='word_1_137' title='bbox 2671 834 2798 890; x_wconf 71' lang='lat' dir='ltr'><strong>quas</strong></span> <span class='ocrx_word' id='word_1_138' title='bbox 2839 826 3104 893; x_wconf 91' lang='lat' dir='ltr'><strong>tempore</strong></span> <span class='ocrx_word' id='word_1_139' title='bbox 3135 821 3310 893; x_wconf 88' lang='lat' dir='ltr'><strong>hujus</strong></span> <span class='ocrx_word' id='word_1_140' title='bbox 3339 821 3658 882; x_wconf 76' lang='lat' dir='ltr'><strong>discordiae</strong></span> <span class='ocrx_word' id='word_1_141' title='bbox 3683 827 3804 884; x_wconf 84' lang='lat' dir='ltr'><strong>suis</strong></span> 
     </span>
    </p>
   </div>
   <div class='ocr_carea' id='block_1_22' title="bbox 2148 905 3800 980">
    <p class='ocr_par' dir='ltr' id='par_1_22' title="bbox 2148 905 3800 980">
     <span class='ocr_line' id='line_1_22' title="bbox 2148 905 3800 980; baseline 0.006 -20"><span class='ocrx_word' id='word_1_142' title='bbox 2148 919 2256 960; x_wconf 94' lang='lat' dir='ltr'><strong>non</strong></span> <span class='ocrx_word' id='word_1_143' title='bbox 2273 905 2517 962; x_wconf 89' lang='lat' dir='ltr'><strong>dederat</strong></span> <span class='ocrx_word' id='word_1_144' title='bbox 2543 907 2892 966; x_wconf 82' lang='lat' dir='ltr'><strong>fautoribus.</strong></span> <span class='ocrx_word' id='word_1_145' title='bbox 2919 909 3128 980; x_wconf 89' lang='lat' dir='ltr'><strong>Sicque</strong></span> <span class='ocrx_word' id='word_1_146' title='bbox 3147 914 3207 966; x_wconf 91' lang='lat' dir='ltr'><strong>et</strong></span> <span class='ocrx_word' id='word_1_147' title='bbox 3223 911 3517 968; x_wconf 89' lang='lat' dir='ltr'><strong>abbatiam</strong></span> <span class='ocrx_word' id='word_1_148' title='bbox 3541 913 3800 972; x_wconf 88' lang='lat' dir='ltr'><strong>obtinuit</strong></span> 
     </span>
    </p>
   </div>
   <div class='ocr_carea' id='block_1_23' title="bbox 2146 992 3802 1066">
    <p class='ocr_par' dir='ltr' id='par_1_23' title="bbox 2146 992 3802 1066">
     <span class='ocr_line' id='line_1_23' title="bbox 2146 992 3802 1066; baseline 0.008 -19"><span class='ocrx_word' id='word_1_149' title='bbox 2146 992 2306 1049; x_wconf 90' lang='lat' dir='ltr'><strong>etde</strong></span> <span class='ocrx_word' id='word_1_150' title='bbox 2349 995 2561 1051; x_wconf 88' lang='lat' dir='ltr'><strong>comite</strong></span> <span class='ocrx_word' id='word_1_151' title='bbox 2608 995 2920 1066; x_wconf 77' lang='lat' dir='ltr'><strong>gloriosam</strong></span> <span class='ocrx_word' id='word_1_152' title='bbox 2965 999 3300 1056; x_wconf 85' lang='lat' dir='ltr'><strong>victoriam.</strong></span> <span class='ocrx_word' id='word_1_153' title='bbox 3356 1000 3501 1058; x_wconf 87' lang='lat' dir='ltr'><strong>Post</strong></span> <span class='ocrx_word' id='word_1_154' title='bbox 3546 1001 3659 1059; x_wconf 90' lang='lat' dir='ltr'><strong>hoc</strong></span> <span class='ocrx_word' id='word_1_155' title='bbox 3688 1003 3802 1060; x_wconf 88' lang='lat' dir='ltr'><strong>alia</strong></span> 
     </span>
    </p>
   </div>
   <div class='ocr_carea' id='block_1_24' title="bbox 2149 1080 2891 1154">
    <p class='ocr_par' dir='ltr' id='par_1_24' title="bbox 2149 1080 2891 1154">
     <span class='ocr_line' id='line_1_24' title="bbox 2149 1080 2891 1154; baseline 0.005 -19"><span class='ocrx_word' id='word_1_156' title='bbox 2149 1094 2378 1150; x_wconf 90' lang='lat' dir='ltr'><strong>quoque</strong></span> <span class='ocrx_word' id='word_1_157' title='bbox 2413 1080 2593 1138; x_wconf 89' lang='lat' dir='ltr'><strong>multa</strong></span> <span class='ocrx_word' id='word_1_158' title='bbox 2625 1084 2891 1154; x_wconf 92' lang='lat' dir='ltr'><strong>perfecit.</strong></span> 
     </span>
    </p>
   </div>
   <div class='ocr_carea' id='block_1_25' title="bbox 2217 1172 3802 1236">
    <p class='ocr_par' dir='ltr' id='par_1_25' title="bbox 2217 1172 3802 1236">
     <span class='ocr_line' id='line_1_25' title="bbox 2217 1172 3802 1236; baseline 0.009 -14"><span class='ocrx_word' id='word_1_159' title='bbox 2217 1172 2304 1223; x_wconf 70' lang='lat'><strong>21.</strong></span> <span class='ocrx_word' id='word_1_160' title='bbox 2341 1172 2518 1225; x_wconf 89' lang='lat' dir='ltr'><strong>Arraz</strong></span> <span class='ocrx_word' id='word_1_161' title='bbox 2565 1172 2718 1228; x_wconf 87' lang='lat' dir='ltr'><strong>enim</strong></span> <span class='ocrx_word' id='word_1_162' title='bbox 2747 1178 3004 1230; x_wconf 89' lang='lat' dir='ltr'><strong>castrum</strong></span> <span class='ocrx_word' id='word_1_163' title='bbox 3035 1190 3203 1232; x_wconf 88' lang='lat' dir='ltr'><strong>suum</strong></span> <span class='ocrx_word' id='word_1_164' title='bbox 3231 1191 3430 1234; x_wconf 85' lang='lat' dir='ltr'><strong>comes</strong></span> <span class='ocrx_word' id='word_1_165' title='bbox 3463 1179 3802 1236; x_wconf 81' lang='lat' dir='ltr'><strong>Fridericus</strong></span> 
     </span>
    </p>
   </div>
   <div class='ocr_carea' id='block_1_26' title="bbox 2147 1257 3800 1339">
    <p class='ocr_par' dir='ltr' id='par_1_26' title="bbox 2147 1257 3800 1339">
     <span class='ocr_line' id='line_1_26' title="bbox 2147 1257 3800 1339; baseline 0.008 -28"><span class='ocrx_word' id='word_1_166' title='bbox 2147 1257 2216 1312; x_wconf 91' lang='lat' dir='ltr'><strong>de</strong></span> <span class='ocrx_word' id='word_1_167' title='bbox 2241 1257 2624 1330; x_wconf 86' lang='lat' dir='ltr'><strong>Vianna,cum</strong></span> <span class='ocrx_word' id='word_1_168' title='bbox 2651 1261 2822 1318; x_wconf 92' lang='lat' dir='ltr'><strong>unius</strong></span> <span class='ocrx_word' id='word_1_169' title='bbox 2837 1263 3020 1320; x_wconf 91' lang='lat' dir='ltr'><strong>turris</strong></span> <span class='ocrx_word' id='word_1_170' title='bbox 3042 1269 3246 1322; x_wconf 90' lang='lat' dir='ltr'><strong>custos</strong></span> <span class='ocrx_word' id='word_1_171' title='bbox 3259 1267 3332 1322; x_wconf 92' lang='lat' dir='ltr'><strong>ab</strong></span> <span class='ocrx_word' id='word_1_172' title='bbox 3347 1265 3800 1339; x_wconf 89' lang='lat' dir='ltr'><strong>archiepiscopo</strong></span> 
     </span>
    </p>
   </div>
   <div class='ocr_carea' id='block_1_27' title="bbox 2146 1347 3800 1426">
    <p class='ocr_par' dir='ltr' id='par_1_27' title="bbox 2146 1347 3800 1426">
     <span class='ocr_line' id='line_1_27' title="bbox 2146 1347 3800 1426; baseline 0.005 -24"><span class='ocrx_word' id='word_1_173' title='bbox 2146 1350 2304 1402; x_wconf 85' lang='lat' dir='ltr'><strong>esset</strong></span> <span class='ocrx_word' id='word_1_174' title='bbox 2333 1347 2697 1406; x_wconf 88' lang='lat' dir='ltr'><strong>constitutus</strong></span> <span class='ocrx_word' id='word_1_175' title='bbox 2727 1349 2897 1422; x_wconf 87' lang='lat'><strong>(713),</strong></span> <span class='ocrx_word' id='word_1_176' title='bbox 2934 1355 3118 1408; x_wconf 90' lang='lat' dir='ltr'><strong>totum</strong></span> <span class='ocrx_word' id='word_1_177' title='bbox 3149 1353 3262 1408; x_wconf 90' lang='lat' dir='ltr'><strong>sibi</strong></span> <span class='ocrx_word' id='word_1_178' title='bbox 3295 1360 3715 1426; x_wconf 87' lang='lat' dir='ltr'><strong>usurpaverat,</strong></span> <span class='ocrx_word' id='word_1_179' title='bbox 3739 1361 3800 1412; x_wconf 89' lang='lat' dir='ltr'><strong>et</strong></span> 
     </span>
    </p>
   </div>
   <div class='ocr_carea' id='block_1_28' title="bbox 2149 1434 3800 1510">
    <p class='ocr_par' dir='ltr' id='par_1_28' title="bbox 2149 1434 3800 1510">
     <span class='ocr_line' id='line_1_28' title="bbox 2149 1434 3800 1510; baseline 0.007 -21"><span class='ocrx_word' id='word_1_180' title='bbox 2149 1434 2380 1505; x_wconf 88' lang='lat' dir='ltr'><strong>rapinas</strong></span> <span class='ocrx_word' id='word_1_181' title='bbox 2397 1435 2611 1492; x_wconf 91' lang='lat' dir='ltr'><strong>multas</strong></span> <span class='ocrx_word' id='word_1_182' title='bbox 2642 1437 2698 1492; x_wconf 91' lang='lat' dir='ltr'><strong>in</strong></span> <span class='ocrx_word' id='word_1_183' title='bbox 2731 1437 2965 1496; x_wconf 87' lang='lat' dir='ltr'><strong>ﬂumine</strong></span> <span class='ocrx_word' id='word_1_184' title='bbox 2995 1440 3232 1497; x_wconf 84' lang='lat' dir='ltr'><strong>Mosella</strong></span> <span class='ocrx_word' id='word_1_185' title='bbox 3255 1443 3592 1499; x_wconf 85' lang='lat' dir='ltr'><strong>exercebat.</strong></span> <span class='ocrx_word' id='word_1_186' title='bbox 3630 1443 3800 1510; x_wconf 87' lang='lat' dir='ltr'><strong>Quod</strong></span> 
     </span>
    </p>
   </div>
   <div class='ocr_carea' id='block_1_29' title="bbox 2148 1522 3796 1602">
    <p class='ocr_par' dir='ltr' id='par_1_29' title="bbox 2148 1522 3796 1602">
     <span class='ocr_line' id='line_1_29' title="bbox 2148 1522 3796 1602; baseline 0.005 -25"><span class='ocrx_word' id='word_1_187' title='bbox 2148 1522 2357 1579; x_wconf 87' lang='lat' dir='ltr'><strong>iterum</strong></span> <span class='ocrx_word' id='word_1_188' title='bbox 2375 1537 2748 1596; x_wconf 91' lang='lat' dir='ltr'><strong>recuperans,</strong></span> <span class='ocrx_word' id='word_1_189' title='bbox 2769 1529 3041 1584; x_wconf 88' lang='lat' dir='ltr'><strong>comitem</strong></span> <span class='ocrx_word' id='word_1_190' title='bbox 3065 1529 3422 1587; x_wconf 87' lang='lat' dir='ltr'><strong>Fridericum</strong></span> <span class='ocrx_word' id='word_1_191' title='bbox 3438 1530 3573 1586; x_wconf 90' lang='lat' dir='ltr'><strong>inde</strong></span> <span class='ocrx_word' id='word_1_192' title='bbox 3596 1532 3796 1602; x_wconf 89' lang='lat' dir='ltr'><strong>ejecit.</strong></span> 
     </span>
    </p>
   </div>
   <div class='ocr_carea' id='block_1_30' title="bbox 2151 1611 3802 1694">
    <p class='ocr_par' dir='ltr' id='par_1_30' title="bbox 2151 1611 3802 1694">
     <span class='ocr_line' id='line_1_30' title="bbox 2151 1611 3802 1694; baseline 0.007 -30"><span class='ocrx_word' id='word_1_193' title='bbox 2151 1611 2286 1666; x_wconf 90' lang='lat' dir='ltr'><strong>Post</strong></span> <span class='ocrx_word' id='word_1_194' title='bbox 2340 1611 2448 1668; x_wconf 91' lang='lat' dir='ltr'><strong>hec</strong></span> <span class='ocrx_word' id='word_1_195' title='bbox 2493 1612 2688 1669; x_wconf 85' lang='lat' dir='ltr'><strong>omnia</strong></span> <span class='ocrx_word' id='word_1_196' title='bbox 2737 1615 2984 1672; x_wconf 90' lang='lat' dir='ltr'><strong>multum</strong></span> <span class='ocrx_word' id='word_1_197' title='bbox 3035 1615 3361 1676; x_wconf 87' lang='lat' dir='ltr'><strong>exhaustus</strong></span> <span class='ocrx_word' id='word_1_198' title='bbox 3409 1618 3504 1654; x_wconf 81' lang='grc'><strong>⁴⁰⁹⁸</strong></span> <span class='ocrx_word' id='word_1_199' title='bbox 3552 1625 3802 1694; x_wconf 87' lang='lat' dir='ltr'><strong>propter</strong></span> 
     </span>
    </p>
   </div>
   <div class='ocr_carea' id='block_1_31' title="bbox 2151 1702 3801 1779">
    <p class='ocr_par' dir='ltr' id='par_1_31' title="bbox 2151 1702 3801 1779">
     <span class='ocr_line' id='line_1_31' title="bbox 2151 1702 3801 1779; baseline 0.008 -27"><span class='ocrx_word' id='word_1_200' title='bbox 2151 1712 2386 1768; x_wconf 87' lang='lat' dir='ltr'><strong>magnas</strong></span> <span class='ocrx_word' id='word_1_201' title='bbox 2413 1703 2471 1754; x_wconf 90' lang='lat' dir='ltr'><strong>et</strong></span> <span class='ocrx_word' id='word_1_202' title='bbox 2503 1702 2700 1756; x_wconf 89' lang='lat' dir='ltr'><strong>varias</strong></span> <span class='ocrx_word' id='word_1_203' title='bbox 2729 1715 3021 1774; x_wconf 87' lang='lat' dir='ltr'><strong>expensas</strong></span> <span class='ocrx_word' id='word_1_204' title='bbox 3055 1720 3199 1776; x_wconf 85' lang='lat' dir='ltr'><strong>quas</strong></span> <span class='ocrx_word' id='word_1_205' title='bbox 3221 1706 3276 1762; x_wconf 91' lang='lat' dir='ltr'><strong>in</strong></span> <span class='ocrx_word' id='word_1_206' title='bbox 3303 1720 3520 1778; x_wconf 86' lang='lat' dir='ltr'><strong>guerra</strong></span> <span class='ocrx_word' id='word_1_207' title='bbox 3554 1709 3801 1779; x_wconf 84' lang='lat' dir='ltr'><strong>fecerat,</strong></span> 
     </span>
    </p>
   </div>
   <div class='ocr_carea' id='block_1_32' title="bbox 2151 1786 3804 1866">
    <p class='ocr_par' dir='ltr' id='par_1_32' title="bbox 2151 1786 3804 1866">
     <span class='ocr_line' id='line_1_32' title="bbox 2151 1786 3804 1866; baseline 0.008 -24"><span class='ocrx_word' id='word_1_208' title='bbox 2151 1801 2350 1856; x_wconf 87' lang='lat' dir='ltr'><strong>pacem</strong></span> <span class='ocrx_word' id='word_1_209' title='bbox 2375 1786 2446 1844; x_wconf 93' lang='lat' dir='ltr'><strong>de</strong></span> <span class='ocrx_word' id='word_1_210' title='bbox 2479 1793 2682 1846; x_wconf 88' lang='lat' dir='ltr'><strong>cetero</strong></span> <span class='ocrx_word' id='word_1_211' title='bbox 2709 1790 2945 1858; x_wconf 86' lang='lat' dir='ltr'><strong>habuit;</strong></span> <span class='ocrx_word' id='word_1_212' title='bbox 2979 1793 3114 1863; x_wconf 89' lang='lat' dir='ltr'><strong>quia</strong></span> <span class='ocrx_word' id='word_1_213' title='bbox 3148 1801 3277 1866; x_wconf 91' lang='lat' dir='ltr'><strong>post</strong></span> <span class='ocrx_word' id='word_1_214' title='bbox 3309 1795 3416 1852; x_wconf 89' lang='lat' dir='ltr'><strong>hec</strong></span> <span class='ocrx_word' id='word_1_215' title='bbox 3443 1811 3613 1854; x_wconf 89' lang='lat' dir='ltr'><strong>nemo</strong></span> <span class='ocrx_word' id='word_1_216' title='bbox 3641 1796 3804 1856; x_wconf 90' lang='lat' dir='ltr'><strong>bello</strong></span> 
     </span>
    </p>
   </div>
   <div class='ocr_carea' id='block_1_33' title="bbox 391 1875 3805 1960">
    <p class='ocr_par' dir='ltr' id='par_1_33' title="bbox 391 1875 3805 1960">
     <span class='ocr_line' id='line_1_33' title="bbox 391 1875 3805 1960; baseline -0.001 -14"><span class='ocrx_word' id='word_1_217' title='bbox 391 1885 842 1960; x_wconf 89' lang='lat' dir='ltr'><strong>archiepiscopi,</strong></span> <span class='ocrx_word' id='word_1_218' title='bbox 895 1885 950 1940; x_wconf 92' lang='lat' dir='ltr'><strong>in</strong></span> <span class='ocrx_word' id='word_1_219' title='bbox 998 1883 1186 1952; x_wconf 82' lang='lat' dir='ltr'><strong>fugam</strong></span> <span class='ocrx_word' id='word_1_220' title='bbox 1227 1895 1570 1949; x_wconf 87' lang='lat' dir='ltr'><strong>conversus,</strong></span> <span class='ocrx_word' id='word_1_221' title='bbox 1630 1882 1800 1936; x_wconf 91' lang='lat' dir='ltr'><strong>nocte</strong></span> <span class='ocrx_word' id='word_1_222' title='bbox 1847 1877 1945 1934; x_wconf 90' lang='lat' dir='ltr'><strong>illa</strong></span> <span class='ocrx_word' id='word_1_223' title='bbox 1977 1877 2032 1933; x_wconf 93' lang='lat' dir='ltr'><strong>in</strong></span> <span class='ocrx_word' id='word_1_224' title='bbox 2067 1885 2118 1945; x_wconf 80' lang='grc' dir='ltr'>Β</span> <span class='ocrx_word' id='word_1_225' title='bbox 2151 1875 2338 1945; x_wconf 90' lang='lat' dir='ltr'><strong>ipsum</strong></span> <span class='ocrx_word' id='word_1_226' title='bbox 2395 1875 2691 1934; x_wconf 88' lang='lat' dir='ltr'><strong>lacessere</strong></span> <span class='ocrx_word' id='word_1_227' title='bbox 2747 1881 3162 1952; x_wconf 89' lang='lat' dir='ltr'><strong>attemptavit;</strong></span> <span class='ocrx_word' id='word_1_228' title='bbox 3197 1888 3259 1938; x_wconf 92' lang='lat' dir='ltr'><strong>et</strong></span> <span class='ocrx_word' id='word_1_229' title='bbox 3307 1883 3558 1954; x_wconf 89' lang='lat' dir='ltr'><strong>plurima</strong></span> <span class='ocrx_word' id='word_1_230' title='bbox 3604 1885 3805 1943; x_wconf 86' lang='lat' dir='ltr'><strong>denuo</strong></span> 
     </span>
    </p>
   </div>
   <div class='ocr_carea' id='block_1_34' title="bbox 389 1967 2035 2047">
    <p class='ocr_par' dir='ltr' id='par_1_34' title="bbox 389 1967 2035 2047">
     <span class='ocr_line' id='line_1_34' title="bbox 389 1967 2035 2047; baseline -0.007 -13"><span class='ocrx_word' id='word_1_231' title='bbox 389 1975 586 2034; x_wconf 82' lang='lat' dir='ltr'><strong>villam</strong></span> <span class='ocrx_word' id='word_1_232' title='bbox 614 1972 876 2047; x_wconf 90' lang='lat' dir='ltr'><strong>episcopi</strong></span> <span class='ocrx_word' id='word_1_233' title='bbox 919 1969 1188 2027; x_wconf 86' lang='lat' dir='ltr'><strong>Witelich</strong></span> <span class='ocrx_word' id='word_1_234' title='bbox 1237 1984 1298 2026; x_wconf 91' lang='lat' dir='ltr'><strong>se</strong></span> <span class='ocrx_word' id='word_1_235' title='bbox 1329 1968 1584 2039; x_wconf 88' lang='lat' dir='ltr'><strong>recepit;</strong></span> <span class='ocrx_word' id='word_1_236' title='bbox 1633 1981 1816 2038; x_wconf 90' lang='lat' dir='ltr'><strong>equos</strong></span> <span class='ocrx_word' id='word_1_237' title='bbox 1846 1971 1905 2020; x_wconf 91' lang='lat' dir='ltr'><strong>et</strong></span> <span class='ocrx_word' id='word_1_238' title='bbox 1937 1967 2035 2022; x_wconf 82' lang='lat' dir='ltr'><strong>llO-</strong></span> 
     </span>
    </p>
   </div>
   <div class='ocr_carea' id='block_1_35' title="bbox 391 2053 2033 2128">
    <p class='ocr_par' dir='ltr' id='par_1_35' title="bbox 391 2053 2033 2128">
     <span class='ocr_line' id='line_1_35' title="bbox 391 2053 2033 2128; baseline -0.008 -7"><span class='ocrx_word' id='word_1_239' title='bbox 391 2063 575 2121; x_wconf 88' lang='lat' dir='ltr'><strong>mines</strong></span> <span class='ocrx_word' id='word_1_240' title='bbox 601 2061 842 2119; x_wconf 87' lang='lat' dir='ltr'><strong>reficere</strong></span> <span class='ocrx_word' id='word_1_241' title='bbox 875 2059 1095 2128; x_wconf 90' lang='lat' dir='ltr'><strong>volens,</strong></span> <span class='ocrx_word' id='word_1_242' title='bbox 1122 2062 1178 2114; x_wconf 91' lang='lat' dir='ltr'><strong>et</strong></span> <span class='ocrx_word' id='word_1_243' title='bbox 1237 2056 1414 2112; x_wconf 91' lang='lat' dir='ltr'><strong>nichil</strong></span> <span class='ocrx_word' id='word_1_244' title='bbox 1445 2055 1806 2127; x_wconf 88' lang='lat' dir='ltr'><strong>repperiens,</strong></span> <span class='ocrx_word' id='word_1_245' title='bbox 1841 2053 2033 2110; x_wconf 87' lang='lat' dir='ltr'><strong>villam</strong></span> 
     </span>
    </p>
   </div>
   <div class='ocr_carea' id='block_1_36' title="bbox 2151 1961 3804 2038">
    <p class='ocr_par' dir='ltr' id='par_1_36' title="bbox 2151 1961 3804 2038">
     <span class='ocr_line' id='line_1_36' title="bbox 2151 1961 3804 2038; baseline 0.01 -22"><span class='ocrx_word' id='word_1_246' title='bbox 2151 1961 2522 2035; x_wconf 88' lang='lat' dir='ltr'><strong>recolligens,</strong></span> <span class='ocrx_word' id='word_1_247' title='bbox 2577 1964 2854 2038; x_wconf 84' lang='lat' dir='ltr'><strong>palatium</strong></span> <span class='ocrx_word' id='word_1_248' title='bbox 2905 1983 3074 2026; x_wconf 91' lang='lat' dir='ltr'><strong>suum</strong></span> <span class='ocrx_word' id='word_1_249' title='bbox 3125 1977 3186 2026; x_wconf 92' lang='lat' dir='ltr'><strong>et</strong></span> <span class='ocrx_word' id='word_1_250' title='bbox 3231 1972 3420 2028; x_wconf 89' lang='lat' dir='ltr'><strong>omnia</strong></span> <span class='ocrx_word' id='word_1_251' title='bbox 3467 1979 3662 2031; x_wconf 85' lang='lat' dir='ltr'><strong>castra</strong></span> <span class='ocrx_word' id='word_1_252' title='bbox 3695 1989 3804 2033; x_wconf 85' lang='lat' dir='ltr'><strong>sua</strong></span> 
     </span>
    </p>
   </div>
   <div class='ocr_carea' id='block_1_37' title="bbox 2151 2050 3802 2136">
    <p class='ocr_par' dir='ltr' id='par_1_37' title="bbox 2151 2050 3802 2136">
     <span class='ocr_line' id='line_1_37' title="bbox 2151 2050 3802 2136; baseline 0.01 -32"><span class='ocrx_word' id='word_1_253' title='bbox 2151 2050 2333 2108; x_wconf 89' lang='lat' dir='ltr'><strong>multo</strong></span> <span class='ocrx_word' id='word_1_254' title='bbox 2367 2051 2500 2109; x_wconf 89' lang='lat' dir='ltr'><strong>vino</strong></span> <span class='ocrx_word' id='word_1_255' title='bbox 2530 2059 2586 2110; x_wconf 94' lang='lat' dir='ltr'><strong>et</strong></span> <span class='ocrx_word' id='word_1_256' title='bbox 2620 2054 2873 2112; x_wconf 91' lang='lat' dir='ltr'><strong>omnium</strong></span> <span class='ocrx_word' id='word_1_257' title='bbox 2897 2057 3242 2116; x_wconf 90' lang='lat' dir='ltr'><strong>victualium</strong></span> <span class='ocrx_word' id='word_1_258' title='bbox 3261 2073 3478 2131; x_wconf 90' lang='lat' dir='ltr'><strong>genere</strong></span> <span class='ocrx_word' id='word_1_259' title='bbox 3509 2061 3802 2136; x_wconf 86' lang='lat' dir='ltr'><strong>implevit,</strong></span> 
     </span>
    </p>
   </div>
   <div class='ocr_carea' id='block_1_38' title="bbox 393 2139 3800 2223">
    <p class='ocr_par' dir='ltr' id='par_1_38' title="bbox 393 2139 3800 2223">
     <span class='ocr_line' id='line_1_38' title="bbox 393 2139 3800 2223; baseline 0 -14"><span class='ocrx_word' id='word_1_260' title='bbox 393 2157 572 2210; x_wconf 90' lang='lat' dir='ltr'><strong>totam</strong></span> <span class='ocrx_word' id='word_1_261' title='bbox 602 2148 1035 2214; x_wconf 89' lang='lat' dir='ltr'><strong>concremavit;</strong></span> <span class='ocrx_word' id='word_1_262' title='bbox 1069 2151 1124 2202; x_wconf 90' lang='lat' dir='ltr'><strong>et</strong></span> <span class='ocrx_word' id='word_1_263' title='bbox 1174 2145 1309 2200; x_wconf 87' lang='lat' dir='ltr'><strong>inde</strong></span> <span class='ocrx_word' id='word_1_264' title='bbox 1339 2143 1656 2212; x_wconf 88' lang='lat' dir='ltr'><strong>transiens,</strong></span> <span class='ocrx_word' id='word_1_265' title='bbox 1709 2157 1840 2200; x_wconf 92' lang='lat' dir='ltr'><strong>cum</strong></span> <span class='ocrx_word' id='word_1_266' title='bbox 1867 2141 2035 2211; x_wconf 86' lang='lat' dir='ltr'><strong>juxta</strong></span> <span class='ocrx_word' id='word_1_267' title='bbox 2147 2151 2240 2208; x_wconf 85' lang='lat' dir='ltr'><strong>nc,</strong></span> <span class='ocrx_word' id='word_1_268' title='bbox 2274 2139 2322 2195; x_wconf 89' lang='lat' dir='ltr'><strong>si</strong></span> <span class='ocrx_word' id='word_1_269' title='bbox 2357 2140 2488 2211; x_wconf 89' lang='lat' dir='ltr'><strong>quis</strong></span> <span class='ocrx_word' id='word_1_270' title='bbox 2533 2154 2664 2198; x_wconf 87' lang='lat' dir='ltr'><strong>eum</strong></span> <span class='ocrx_word' id='word_1_271' title='bbox 2707 2142 2921 2200; x_wconf 90' lang='lat' dir='ltr'><strong>iterum</strong></span> <span class='ocrx_word' id='word_1_272' title='bbox 2950 2144 3158 2216; x_wconf 87' lang='lat' dir='ltr'><strong>injuria</strong></span> <span class='ocrx_word' id='word_1_273' title='bbox 3195 2146 3388 2219; x_wconf 87' lang='lat' dir='ltr'><strong>aliqua</strong></span> <span class='ocrx_word' id='word_1_274' title='bbox 3420 2157 3800 2223; x_wconf 81' lang='lat' dir='ltr'><strong>provocaret,</strong></span> 
     </span>
    </p>
   </div>
   <div class='ocr_carea' id='block_1_39' title="bbox 391 2223 2858 2308">
    <p class='ocr_par' dir='ltr' id='par_1_39' title="bbox 391 2223 2858 2308">
     <span class='ocr_line' id='line_1_39' title="bbox 391 2223 2858 2308; baseline -0.004 -12"><span class='ocrx_word' id='word_1_275' title='bbox 391 2239 683 2296; x_wconf 86' lang='lat' dir='ltr'><strong>abbatiam</strong></span> <span class='ocrx_word' id='word_1_276' title='bbox 698 2251 826 2308; x_wconf 62' lang='lat' dir='ltr'><strong>quae</strong></span> <span class='ocrx_word' id='word_1_277' title='bbox 841 2234 1174 2292; x_wconf 91' lang='lat' dir='ltr'><strong>Claustrum</strong></span> <span class='ocrx_word' id='word_1_278' title='bbox 1196 2231 1414 2288; x_wconf 90' lang='lat' dir='ltr'><strong>dicitur</strong></span> <span class='ocrx_word' id='word_1_279' title='bbox 1429 2232 1509 2300; x_wconf 88' lang='lat'><strong>(71</strong></span> <span class='ocrx_word' id='word_1_280' title='bbox 1527 2231 1576 2302; x_wconf 90' lang='lat'><strong>1)</strong></span> <span class='ocrx_word' id='word_1_281' title='bbox 1595 2243 1839 2302; x_wconf 87' lang='lat' dir='ltr'><strong>pausare</strong></span> <span class='ocrx_word' id='word_1_282' title='bbox 1859 2229 2036 2286; x_wconf 88' lang='lat' dir='ltr'><strong>vellet</strong></span> <span class='ocrx_word' id='word_1_283' title='bbox 2150 2223 2452 2296; x_wconf 87' lang='lat' dir='ltr'><strong>inparatus</strong></span> <span class='ocrx_word' id='word_1_284' title='bbox 2478 2227 2858 2286; x_wconf 89' lang='lat' dir='ltr'><strong>inveniretur.</strong></span> 
     </span>
    </p>
   </div>
   <div class='ocr_carea' id='block_1_40' title="bbox 389 2314 3801 2399">
    <p class='ocr_par' dir='ltr' id='par_1_40' title="bbox 389 2314 3801 2399">
     <span class='ocr_line' id='line_1_40' title="bbox 389 2314 3801 2399; baseline 0 -15"><span class='ocrx_word' id='word_1_285' title='bbox 389 2325 1060 2399; x_wconf 84' lang='lat' dir='ltr'><strong>etpanemfrangeret—</strong></span> <span class='ocrx_word' id='word_1_286' title='bbox 1084 2319 2038 2388; x_wconf 85' lang='lat' dir='ltr'><strong>famelicuscnimerat—,exerci-</strong></span> <span class='ocrx_word' id='word_1_287' title='bbox 2217 2317 2304 2370; x_wconf 72' lang='lat'><strong>2&#39;2.</strong></span> <span class='ocrx_word' id='word_1_288' title='bbox 2341 2315 2400 2370; x_wconf 90' lang='lat' dir='ltr'><strong>In</strong></span> <span class='ocrx_word' id='word_1_289' title='bbox 2471 2314 2678 2374; x_wconf 89' lang='lat' dir='ltr'><strong>diebus</strong></span> <span class='ocrx_word' id='word_1_290' title='bbox 2745 2317 2862 2376; x_wconf 90' lang='lat' dir='ltr'><strong>illis</strong></span> <span class='ocrx_word' id='word_1_291' title='bbox 2915 2318 3099 2394; x_wconf 77' lang='grc'>(1147)</span> <span class='ocrx_word' id='word_1_292' title='bbox 3158 2323 3439 2395; x_wconf 83' lang='lat' dir='ltr'><strong>contigit,</strong></span> <span class='ocrx_word' id='word_1_293' title='bbox 3503 2325 3801 2384; x_wconf 88' lang='lat' dir='ltr'><strong>dominum</strong></span> 
     </span>
    </p>
   </div>
   <div class='ocr_carea' id='block_1_41' title="bbox 391 2399 3804 2487">
    <p class='ocr_par' dir='ltr' id='par_1_41' title="bbox 391 2399 3804 2487">
     <span class='ocr_line' id='line_1_41' title="bbox 391 2399 3804 2487; baseline 0.003 -17"><span class='ocrx_word' id='word_1_294' title='bbox 391 2407 2033 2484; x_wconf 84' lang='lat' dir='ltr'><strong>tusarchiepiscopijamsibiinminereprcnunciabatur;</strong></span> <span class='ocrx_word' id='word_1_295' title='bbox 2149 2399 2461 2470; x_wconf 75' lang='lat' dir='ltr'><strong>Eugenium</strong></span> <span class='ocrx_word' id='word_1_296' title='bbox 2517 2417 2720 2476; x_wconf 80' lang='lat' dir='ltr'><strong>papam</strong></span> <span class='ocrx_word' id='word_1_297' title='bbox 2781 2406 2838 2462; x_wconf 82' lang='lat' dir='ltr'><strong>in</strong></span> <span class='ocrx_word' id='word_1_298' title='bbox 2892 2407 3194 2465; x_wconf 84' lang='lat' dir='ltr'><strong>Franciam</strong></span> <span class='ocrx_word' id='word_1_299' title='bbox 3241 2411 3472 2478; x_wconf 80' lang='lat' dir='ltr'><strong>venire;</strong></span> <span class='ocrx_word' id='word_1_300' title='bbox 3525 2414 3618 2470; x_wconf 88' lang='lat' dir='ltr'><strong>cui</strong></span> <span class='ocrx_word' id='word_1_301' title='bbox 3670 2415 3804 2487; x_wconf 81' lang='lat' dir='ltr'><strong>ipse</strong></span> 
     </span>
    </p>
   </div>
   <div class='ocr_carea' id='block_1_42' title="bbox 391 2489 3804 2575">
    <p class='ocr_par' dir='ltr' id='par_1_42' title="bbox 391 2489 3804 2575">
     <span class='ocr_line' id='line_1_42' title="bbox 391 2489 3804 2575; baseline -0 -15"><span class='ocrx_word' id='word_1_302' title='bbox 391 2503 588 2575; x_wconf 84' lang='lat' dir='ltr'><strong>etipse</strong></span> <span class='ocrx_word' id='word_1_303' title='bbox 602 2499 1021 2557; x_wconf 89' lang='lat' dir='ltr'><strong>velocitercum</strong></span> <span class='ocrx_word' id='word_1_304' title='bbox 1039 2497 1364 2566; x_wconf 86' lang='lat' dir='ltr'><strong>suisfugam</strong></span> <span class='ocrx_word' id='word_1_305' title='bbox 1379 2495 1689 2568; x_wconf 90' lang='lat' dir='ltr'><strong>arripiens,</strong></span> <span class='ocrx_word' id='word_1_306' title='bbox 1713 2493 1940 2552; x_wconf 88' lang='lat' dir='ltr'><strong>cuidam</strong></span> <span class='ocrx_word' id='word_1_307' title='bbox 1965 2494 2036 2550; x_wconf 90' lang='lat' dir='ltr'><strong>de</strong></span> <span class='ocrx_word' id='word_1_308' title='bbox 2148 2489 2491 2548; x_wconf 78' lang='lat' dir='ltr'><strong>Proviniaco</strong></span> <span class='ocrx_word' id='word_1_309' title='bbox 2516 2495 2663 2565; x_wconf 77' lang='grc'>(714)</span> <span class='ocrx_word' id='word_1_310' title='bbox 2686 2509 2816 2551; x_wconf 91' lang='lat' dir='ltr'><strong>cum</strong></span> <span class='ocrx_word' id='word_1_311' title='bbox 2848 2497 3229 2569; x_wconf 88' lang='lat' dir='ltr'><strong>occurrisset,</strong></span> <span class='ocrx_word' id='word_1_312' title='bbox 3258 2499 3475 2570; x_wconf 87' lang='lat' dir='ltr'><strong>pascha</strong></span> <span class='ocrx_word' id='word_1_313' title='bbox 3505 2516 3636 2558; x_wconf 88' lang='lat' dir='ltr'><strong>cum</strong></span> <span class='ocrx_word' id='word_1_314' title='bbox 3667 2503 3804 2575; x_wconf 89' lang='lat' dir='ltr'><strong>ipso</strong></span> 
     </span>
    </p>
   </div>
   <div class='ocr_carea' id='block_1_43' title="bbox 397 2577 3802 2658">
    <p class='ocr_par' dir='ltr' id='par_1_43' title="bbox 397 2577 3802 2658">
     <span class='ocr_line' id='line_1_43' title="bbox 397 2577 3802 2658; baseline 0.001 -11"><span class='ocrx_word' id='word_1_315' title='bbox 397 2588 679 2647; x_wconf 82' lang='lat' dir='ltr'><strong>fratribus</strong></span> <span class='ocrx_word' id='word_1_316' title='bbox 712 2586 781 2643; x_wconf 92' lang='lat' dir='ltr'><strong>ad</strong></span> <span class='ocrx_word' id='word_1_317' title='bbox 805 2601 864 2644; x_wconf 89' lang='lat' dir='ltr'><strong>se</strong></span> <span class='ocrx_word' id='word_1_318' title='bbox 886 2591 1096 2643; x_wconf 91' lang='lat' dir='ltr'><strong>vocato</strong></span> <span class='ocrx_word' id='word_1_319' title='bbox 1120 2598 1224 2656; x_wconf 90' lang='lat' dir='ltr'><strong>per</strong></span> <span class='ocrx_word' id='word_1_320' title='bbox 1247 2582 1672 2654; x_wconf 87' lang='lat' dir='ltr'><strong>adjurationcm</strong></span> <span class='ocrx_word' id='word_1_321' title='bbox 1697 2587 2039 2640; x_wconf 86' lang='lat' dir='ltr'><strong>contestans</strong></span> <span class='ocrx_word' id='word_1_322' title='bbox 2149 2577 2404 2635; x_wconf 87' lang='lat' dir='ltr'><strong>Parisius</strong></span> <span class='ocrx_word' id='word_1_323' title='bbox 2433 2580 2754 2638; x_wconf 87' lang='lat' dir='ltr'><strong>celebravit</strong></span> <span class='ocrx_word' id='word_1_324' title='bbox 2805 2582 2971 2655; x_wconf 77' lang='lat' dir='ltr'><strong>(Apr.</strong></span> <span class='ocrx_word' id='word_1_325' title='bbox 3007 2588 3119 2658; x_wconf 83' lang='lat'><strong>20),</strong></span> <span class='ocrx_word' id='word_1_326' title='bbox 3165 2590 3224 2642; x_wconf 91' lang='lat' dir='ltr'><strong>et</strong></span> <span class='ocrx_word' id='word_1_327' title='bbox 3255 2587 3332 2643; x_wconf 93' lang='lat' dir='ltr'><strong>ibi</strong></span> <span class='ocrx_word' id='word_1_328' title='bbox 3379 2589 3649 2648; x_wconf 64' lang='lat' dir='ltr'><strong>ecclesiae</strong></span> <span class='ocrx_word' id='word_1_329' title='bbox 3681 2607 3802 2652; x_wconf 64' lang='lat' dir='ltr'><strong>sua</strong></span> 
     </span>
    </p>
   </div>
   <div class='ocr_carea' id='block_1_44' title="bbox 395 2665 3804 2750">
    <p class='ocr_par' dir='ltr' id='par_1_44' title="bbox 395 2665 3804 2750">
     <span class='ocr_line' id='line_1_44' title="bbox 395 2665 3804 2750; baseline 0 -15"><span class='ocrx_word' id='word_1_330' title='bbox 395 2678 664 2750; x_wconf 88' lang='lat' dir='ltr'><strong>injunxit,</strong></span> <span class='ocrx_word' id='word_1_331' title='bbox 699 2681 762 2734; x_wconf 93' lang='lat' dir='ltr'><strong>ut</strong></span> <span class='ocrx_word' id='word_1_332' title='bbox 797 2674 1241 2746; x_wconf 90' lang='lat' dir='ltr'><strong>archiepiscopo</strong></span> <span class='ocrx_word' id='word_1_333' title='bbox 1273 2686 1334 2728; x_wconf 90' lang='lat' dir='ltr'><strong>se</strong></span> <span class='ocrx_word' id='word_1_334' title='bbox 1357 2671 1692 2740; x_wconf 89' lang='lat' dir='ltr'><strong>insequenti</strong></span> <span class='ocrx_word' id='word_1_335' title='bbox 1721 2671 1826 2728; x_wconf 90' lang='lat' dir='ltr'><strong>hec</strong></span> <span class='ocrx_word' id='word_1_336' title='bbox 1857 2671 2036 2727; x_wconf 90' lang='lat' dir='ltr'><strong>verba</strong></span> <span class='ocrx_word' id='word_1_337' title='bbox 2152 2665 2453 2736; x_wconf 89' lang='lat' dir='ltr'><strong>privilegia</strong></span> <span class='ocrx_word' id='word_1_338' title='bbox 2486 2668 2636 2725; x_wconf 88' lang='lat' dir='ltr'><strong>etde</strong></span> <span class='ocrx_word' id='word_1_339' title='bbox 2663 2669 2916 2742; x_wconf 88' lang='lat' dir='ltr'><strong>primatu</strong></span> <span class='ocrx_word' id='word_1_340' title='bbox 2938 2671 3224 2731; x_wconf 62' lang='lat' dir='ltr'><strong>ecclesiae</strong></span> <span class='ocrx_word' id='word_1_341' title='bbox 3246 2689 3366 2733; x_wconf 64' lang='lat' dir='ltr'><strong>sua</strong></span> <span class='ocrx_word' id='word_1_342' title='bbox 3389 2682 3450 2733; x_wconf 88' lang='lat' dir='ltr'><strong>et</strong></span> <span class='ocrx_word' id='word_1_343' title='bbox 3471 2679 3544 2734; x_wconf 89' lang='lat' dir='ltr'><strong>de</strong></span> <span class='ocrx_word' id='word_1_344' title='bbox 3565 2678 3804 2736; x_wconf 77' lang='lat' dir='ltr'><strong>abbatis</strong></span> 
     </span>
    </p>
   </div>
   <div class='ocr_carea' id='block_1_45' title="bbox 395 2754 3804 2841">
    <p class='ocr_par' dir='ltr' id='par_1_45' title="bbox 395 2754 3804 2841">
     <span class='ocr_line' id='line_1_45' title="bbox 395 2754 3804 2841; baseline 0 -18"><span class='ocrx_word' id='word_1_345' title='bbox 395 2767 672 2824; x_wconf 88' lang='lat' dir='ltr'><strong>referret:</strong></span> <span class='ocrx_word' id='word_1_346' title='bbox 715 2766 872 2822; x_wconf 75' lang='lat' dir='ltr'><strong>Deus</strong></span> <span class='ocrx_word' id='word_1_347' title='bbox 918 2777 1036 2820; x_wconf 71' lang='lat' dir='ltr'><strong>non</strong></span> <span class='ocrx_word' id='word_1_348' title='bbox 1063 2761 1366 2818; x_wconf 73' lang='lat' dir='ltr'><strong>meliorem</strong></span> <span class='ocrx_word' id='word_1_349' title='bbox 1396 2759 1552 2816; x_wconf 79' lang='lat' dir='ltr'><strong>diem</strong></span> <span class='ocrx_word' id='word_1_350' title='bbox 1594 2760 1692 2816; x_wconf 65' lang='lat' dir='ltr'><strong>vel</strong></span> <span class='ocrx_word' id='word_1_351' title='bbox 1714 2758 1936 2816; x_wconf 81' lang='lat' dir='ltr'><strong>noctem</strong></span> <span class='ocrx_word' id='word_1_352' title='bbox 1959 2759 2034 2827; x_wconf 71' lang='lat' dir='ltr'><strong>ei,</strong></span> <span class='ocrx_word' id='word_1_353' title='bbox 2150 2754 2335 2809; x_wconf 84' lang='lat' dir='ltr'><strong>sancti</strong></span> <span class='ocrx_word' id='word_1_354' title='bbox 2361 2755 2650 2812; x_wconf 83' lang='lat' dir='ltr'><strong>Maximini</strong></span> <span class='ocrx_word' id='word_1_355' title='bbox 2691 2760 3028 2818; x_wconf 91' lang='lat' dir='ltr'><strong>renovando</strong></span> <span class='ocrx_word' id='word_1_356' title='bbox 3061 2763 3361 2820; x_wconf 89' lang='lat' dir='ltr'><strong>roboravit</strong></span> <span class='ocrx_word' id='word_1_357' title='bbox 3392 2765 3575 2838; x_wconf 75' lang='lat'><strong>(715);</strong></span> <span class='ocrx_word' id='word_1_358' title='bbox 3604 2767 3804 2841; x_wconf 82' lang='lat' dir='ltr'><strong>ibique</strong></span> 
     </span>
    </p>
   </div>
   <div class='ocr_carea' id='block_1_46' title="bbox 393 2843 3803 2928">
    <p class='ocr_par' dir='ltr' id='par_1_46' title="bbox 393 2843 3803 2928">
     <span class='ocr_line' id='line_1_46' title="bbox 393 2843 3803 2928; baseline 0.001 -16"><span class='ocrx_word' id='word_1_359' title='bbox 393 2854 618 2914; x_wconf 81' lang='lat' dir='ltr'><strong>scilicet</strong></span> <span class='ocrx_word' id='word_1_360' title='bbox 645 2851 1108 2924; x_wconf 88' lang='lat' dir='ltr'><strong>archiepiscopo,</strong></span> <span class='ocrx_word' id='word_1_361' title='bbox 1133 2848 1429 2918; x_wconf 78' lang='lat' dir='ltr'><strong>concedat,</strong></span> <span class='ocrx_word' id='word_1_362' title='bbox 1464 2861 1648 2918; x_wconf 72' lang='lat' dir='ltr'><strong>quam</strong></span> <span class='ocrx_word' id='word_1_363' title='bbox 1675 2847 1820 2904; x_wconf 79' lang='lat' dir='ltr'><strong>duos</strong></span> <span class='ocrx_word' id='word_1_364' title='bbox 1837 2847 1964 2903; x_wconf 77' lang='lat' dir='ltr'><strong>dies</strong></span> <span class='ocrx_word' id='word_1_365' title='bbox 1985 2846 2045 2902; x_wconf 84' lang='lat' dir='ltr'><strong>et</strong></span> <span class='ocrx_word' id='word_1_366' title='bbox 2150 2855 2180 2898; x_wconf 89' lang='lat' dir='ltr'><strong>a</strong></span> <span class='ocrx_word' id='word_1_367' title='bbox 2201 2843 2434 2899; x_wconf 90' lang='lat' dir='ltr'><strong>domino</strong></span> <span class='ocrx_word' id='word_1_368' title='bbox 2457 2858 2606 2916; x_wconf 88' lang='lat' dir='ltr'><strong>papa</strong></span> <span class='ocrx_word' id='word_1_369' title='bbox 2654 2851 2714 2902; x_wconf 90' lang='lat' dir='ltr'><strong>et</strong></span> <span class='ocrx_word' id='word_1_370' title='bbox 2736 2861 2764 2902; x_wconf 94' lang='lat' dir='ltr'><strong>a</strong></span> <span class='ocrx_word' id='word_1_371' title='bbox 2791 2861 2927 2918; x_wconf 88' lang='lat' dir='ltr'><strong>rege</strong></span> <span class='ocrx_word' id='word_1_372' title='bbox 2959 2849 3216 2908; x_wconf 78' lang='lat' dir='ltr'><strong>Franciae</strong></span> <span class='ocrx_word' id='word_1_373' title='bbox 3251 2853 3514 2925; x_wconf 83' lang='lat' dir='ltr'><strong>Lodoyeo</strong></span> <span class='ocrx_word' id='word_1_374' title='bbox 3561 2861 3744 2928; x_wconf 88' lang='lat' dir='ltr'><strong>atque</strong></span> <span class='ocrx_word' id='word_1_375' title='bbox 3773 2871 3803 2914; x_wconf 85' lang='lat' dir='ltr'><strong>a</strong></span> 
     </span>
    </p>
   </div>
   <div class='ocr_carea' id='block_1_47' title="bbox 303 2931 3805 3007">
    <p class='ocr_par' dir='ltr' id='par_1_47' title="bbox 303 2931 3805 3007">
     <span class='ocr_line' id='line_1_47' title="bbox 303 2931 3805 3007; baseline 0.001 -7"><span class='ocrx_word' id='word_1_376' title='bbox 303 2949 311 2956; x_wconf 83' lang='lat'><strong>&#39;</strong></span> <span class='ocrx_word' id='word_1_377' title='bbox 393 2941 1038 3002; x_wconf 72' lang='lat' dir='ltr'><strong>duasnoctescontinue</strong></span> <span class='ocrx_word' id='word_1_378' title='bbox 1058 2935 1264 2994; x_wconf 76' lang='lat' dir='ltr'><strong>habui.</strong></span> <span class='ocrx_word' id='word_1_379' title='bbox 1303 2936 1567 3000; x_wconf 77' lang='lat' dir='ltr'><strong>Quicum</strong></span> <span class='ocrx_word' id='word_1_380' title='bbox 1589 2935 1812 2994; x_wconf 71' lang='lat' dir='ltr'><strong>duobus</strong></span> <span class='ocrx_word' id='word_1_381' title='bbox 1833 2933 2039 2992; x_wconf 72' lang='lat' dir='ltr'><strong>diebus</strong></span> <span class='ocrx_word' id='word_1_382' title='bbox 2150 2931 2364 2988; x_wconf 91' lang='lat' dir='ltr'><strong>comite</strong></span> <span class='ocrx_word' id='word_1_383' title='bbox 2391 2933 2722 2991; x_wconf 88' lang='lat' dir='ltr'><strong>Theobaldo</strong></span> <span class='ocrx_word' id='word_1_384' title='bbox 2754 2935 2904 3007; x_wconf 83' lang='lat'><strong>(716)</strong></span> <span class='ocrx_word' id='word_1_385' title='bbox 2931 2937 3102 2994; x_wconf 91' lang='lat' dir='ltr'><strong>valde</strong></span> <span class='ocrx_word' id='word_1_386' title='bbox 3131 2939 3476 3001; x_wconf 81' lang='lat' dir='ltr'><strong>decentibus</strong></span> <span class='ocrx_word' id='word_1_387' title='bbox 3505 2943 3678 3002; x_wconf 88' lang='lat' dir='ltr'><strong>donis</strong></span> <span class='ocrx_word' id='word_1_388' title='bbox 3706 2945 3805 3002; x_wconf 86' lang='lat' dir='ltr'><strong>ho-</strong></span> 
     </span>
    </p>
   </div>
   <div class='ocr_carea' id='block_1_48' title="bbox 381 3021 3802 3106">
    <p class='ocr_par' dir='ltr' id='par_1_48' title="bbox 381 3021 3802 3106">
     <span class='ocr_line' id='line_1_48' title="bbox 381 3021 3802 3106; baseline 0.002 -15"><span class='ocrx_word' id='word_1_389' title='bbox 381 3031 808 3106; x_wconf 74' lang='lat' dir='ltr'><strong>jejunaeerim,</strong></span> <span class='ocrx_word' id='word_1_390' title='bbox 833 3028 1017 3086; x_wconf 78' lang='lat' dir='ltr'><strong>etiam</strong></span> <span class='ocrx_word' id='word_1_391' title='bbox 1039 3027 1213 3083; x_wconf 78' lang='lat' dir='ltr'><strong>tertio</strong></span> <span class='ocrx_word' id='word_1_392' title='bbox 1229 3024 1906 3096; x_wconf 73' lang='lat' dir='ltr'><strong>diepauzillopam‘sme</strong></span> <span class='ocrx_word' id='word_1_393' title='bbox 1923 3025 2040 3082; x_wconf 80' lang='grc' dir='ltr'><strong>υει-</strong></span> <span class='ocrx_word' id='word_1_394' title='bbox 2152 3025 2392 3076; x_wconf 80' lang='lat' dir='ltr'><strong>noratus</strong></span> <span class='ocrx_word' id='word_1_395' title='bbox 2421 3025 2530 3076; x_wconf 72' lang='lat' dir='ltr'><strong>est.</strong></span> <span class='ocrx_word' id='word_1_396' title='bbox 2566 3021 2821 3094; x_wconf 84' lang='lat' dir='ltr'><strong>Indeque</strong></span> <span class='ocrx_word' id='word_1_397' title='bbox 2852 3038 3213 3098; x_wconf 79' lang='lat' dir='ltr'><strong>recessurus,</strong></span> <span class='ocrx_word' id='word_1_398' title='bbox 3265 3028 3562 3088; x_wconf 84' lang='lat' dir='ltr'><strong>dominum</strong></span> <span class='ocrx_word' id='word_1_399' title='bbox 3595 3046 3802 3106; x_wconf 76' lang='lat' dir='ltr'><strong>papam</strong></span> 
     </span>
    </p>
   </div>
   <div class='ocr_carea' id='block_1_49' title="bbox 393 3107 3803 3194">
    <p class='ocr_par' dir='ltr' id='par_1_49' title="bbox 393 3107 3803 3194">
     <span class='ocr_line' id='line_1_49' title="bbox 393 3107 3803 3194; baseline 0.004 -30"><span class='ocrx_word' id='word_1_400' title='bbox 393 3114 2039 3194; x_wconf 57' lang='lat' dir='ltr'><strong>mure/oculare,abeononsumpermissus.Consequens</strong></span> <span class='ocrx_word' id='word_1_401' title='bbox 2151 3107 2221 3163; x_wconf 91' lang='lat' dir='ltr'><strong>ad</strong></span> <span class='ocrx_word' id='word_1_402' title='bbox 2251 3107 2478 3165; x_wconf 91' lang='lat' dir='ltr'><strong>domum</strong></span> <span class='ocrx_word' id='word_1_403' title='bbox 2509 3123 2671 3166; x_wconf 88' lang='lat' dir='ltr'><strong>suam</strong></span> <span class='ocrx_word' id='word_1_404' title='bbox 2713 3110 3003 3169; x_wconf 87' lang='lat' dir='ltr'><strong>invitavit.</strong></span> <span class='ocrx_word' id='word_1_405' title='bbox 3041 3113 3328 3173; x_wconf 89' lang='lat' dir='ltr'><strong>Clericum</strong></span> <span class='ocrx_word' id='word_1_406' title='bbox 3355 3132 3594 3190; x_wconf 91' lang='lat' dir='ltr'><strong>quoque</strong></span> <span class='ocrx_word' id='word_1_407' title='bbox 3624 3135 3803 3193; x_wconf 82' lang='lat' dir='ltr'><strong>quen-</strong></span> 
     </span>
    </p>
   </div>
   <div class='ocr_carea' id='block_1_50' title="bbox 391 3195 3800 3281">
    <p class='ocr_par' dir='ltr' id='par_1_50' title="bbox 391 3195 3800 3281">
     <span class='ocr_line' id='line_1_50' title="bbox 391 3195 3800 3281; baseline 0 -15"><span class='ocrx_word' id='word_1_408' title='bbox 391 3224 532 3281; x_wconf 90' lang='lat' dir='ltr'><strong>ergo</strong></span> <span class='ocrx_word' id='word_1_409' title='bbox 589 3206 1070 3278; x_wconf 82' lang='lat' dir='ltr'><strong>archiepiscOpus</strong></span> <span class='ocrx_word' id='word_1_410' title='bbox 1123 3201 1417 3270; x_wconf 90' lang='lat' dir='ltr'><strong>comitem,</strong></span> <span class='ocrx_word' id='word_1_411' title='bbox 1477 3215 1605 3257; x_wconf 90' lang='lat' dir='ltr'><strong>cum</strong></span> <span class='ocrx_word' id='word_1_412' title='bbox 1664 3216 1733 3258; x_wconf 93' lang='lat' dir='ltr'><strong>eo</strong></span> <span class='ocrx_word' id='word_1_413' title='bbox 1793 3216 2036 3273; x_wconf 78' lang='lat' dir='ltr'><strong>pugnam</strong></span> <span class='ocrx_word' id='word_1_414' title='bbox 2072 3233 2120 3281; x_wconf 62' lang='grc' dir='ltr'><strong>η</strong></span> <span class='ocrx_word' id='word_1_415' title='bbox 2151 3195 2280 3252; x_wconf 85' lang='lat' dir='ltr'><strong>dam</strong></span> <span class='ocrx_word' id='word_1_416' title='bbox 2331 3195 2660 3254; x_wconf 80' lang='lat' dir='ltr'><strong>Baldl‘icum</strong></span> <span class='ocrx_word' id='word_1_417' title='bbox 2709 3200 2938 3256; x_wconf 90' lang='lat' dir='ltr'><strong>nomine</strong></span> <span class='ocrx_word' id='word_1_418' title='bbox 2973 3200 3143 3274; x_wconf 91' lang='grc'>(717),</span> <span class='ocrx_word' id='word_1_419' title='bbox 3189 3203 3462 3274; x_wconf 89' lang='lat' dir='ltr'><strong>juvenem</strong></span> <span class='ocrx_word' id='word_1_420' title='bbox 3507 3212 3696 3280; x_wconf 84' lang='lat' dir='ltr'><strong>etate,</strong></span> <span class='ocrx_word' id='word_1_421' title='bbox 3731 3211 3800 3268; x_wconf 84' lang='lat' dir='ltr'><strong>de</strong></span> 
     </span>
    </p>
   </div>
   <div class='ocr_carea' id='block_1_51' title="bbox 391 3283 3798 3370">
    <p class='ocr_par' dir='ltr' id='par_1_51' title="bbox 391 3283 3798 3370">
     <span class='ocr_line' id='line_1_51' title="bbox 391 3283 3798 3370; baseline -0.001 -15"><span class='ocrx_word' id='word_1_422' title='bbox 391 3313 582 3355; x_wconf 86' lang='lat' dir='ltr'><strong>acrem</strong></span> <span class='ocrx_word' id='word_1_423' title='bbox 603 3294 912 3354; x_wconf 90' lang='lat' dir='ltr'><strong>commisit.</strong></span> <span class='ocrx_word' id='word_1_424' title='bbox 940 3293 1262 3360; x_wconf 82' lang='lat' dir='ltr'><strong>Comesque</strong></span> <span class='ocrx_word' id='word_1_425' title='bbox 1285 3295 1449 3359; x_wconf 76' lang='lat' dir='ltr'><strong>terga</strong></span> <span class='ocrx_word' id='word_1_426' title='bbox 1471 3293 1726 3357; x_wconf 88' lang='lat' dir='ltr'><strong>vertens,</strong></span> <span class='ocrx_word' id='word_1_427' title='bbox 1753 3289 2038 3346; x_wconf 82' lang='lat' dir='ltr'><strong>beneficio</strong></span> <span class='ocrx_word' id='word_1_428' title='bbox 2076 3283 2120 3294; x_wconf 77' lang='lat'><strong><em>&quot;</em></strong></span> <span class='ocrx_word' id='word_1_429' title='bbox 2149 3283 2494 3356; x_wconf 83' lang='lat' dir='ltr'><strong>episcOpatu</strong></span> <span class='ocrx_word' id='word_1_430' title='bbox 2524 3285 2862 3344; x_wconf 88' lang='lat' dir='ltr'><strong>Leodicensi</strong></span> <span class='ocrx_word' id='word_1_431' title='bbox 2914 3304 2985 3345; x_wconf 85' lang='lat' dir='ltr'><strong>ex</strong></span> <span class='ocrx_word' id='word_1_432' title='bbox 3013 3289 3258 3349; x_wconf 89' lang='lat' dir='ltr'><strong>castello</strong></span> <span class='ocrx_word' id='word_1_433' title='bbox 3287 3291 3618 3352; x_wconf 83' lang='lat' dir='ltr'><strong>Florinensi</strong></span> <span class='ocrx_word' id='word_1_434' title='bbox 3649 3297 3798 3370; x_wconf 84' lang='lat'><strong>(718)</strong></span> 
     </span>
    </p>
   </div>
   <div class='ocr_carea' id='block_1_52' title="bbox 391 3374 3796 3456">
    <p class='ocr_par' dir='ltr' id='par_1_52' title="bbox 391 3374 3796 3456">
     <span class='ocr_line' id='line_1_52' title="bbox 391 3374 3796 3456; baseline 0 -12"><span class='ocrx_word' id='word_1_435' title='bbox 391 3385 610 3444; x_wconf 89' lang='lat' dir='ltr'><strong>velocis</strong></span> <span class='ocrx_word' id='word_1_436' title='bbox 639 3383 774 3454; x_wconf 90' lang='lat' dir='ltr'><strong>equi</strong></span> <span class='ocrx_word' id='word_1_437' title='bbox 809 3381 904 3438; x_wconf 91' lang='lat' dir='ltr'><strong>vix</strong></span> <span class='ocrx_word' id='word_1_438' title='bbox 959 3379 1205 3448; x_wconf 83' lang='lat' dir='ltr'><strong>aufugit,</strong></span> <span class='ocrx_word' id='word_1_439' title='bbox 1240 3391 1477 3434; x_wconf 89' lang='lat' dir='ltr'><strong>suorum</strong></span> <span class='ocrx_word' id='word_1_440' title='bbox 1531 3375 1796 3448; x_wconf 89' lang='lat' dir='ltr'><strong>plurimis</strong></span> <span class='ocrx_word' id='word_1_441' title='bbox 1823 3379 2032 3450; x_wconf 90' lang='lat' dir='ltr'><strong>captis,</strong></span> <span class='ocrx_word' id='word_1_442' title='bbox 2148 3376 2360 3442; x_wconf 86' lang='lat' dir='ltr'><strong>ortum,</strong></span> <span class='ocrx_word' id='word_1_443' title='bbox 2385 3388 2516 3430; x_wconf 92' lang='lat' dir='ltr'><strong>cum</strong></span> <span class='ocrx_word' id='word_1_444' title='bbox 2541 3374 2859 3432; x_wconf 89' lang='lat' dir='ltr'><strong>audivisset</strong></span> <span class='ocrx_word' id='word_1_445' title='bbox 2884 3377 3122 3435; x_wconf 88' lang='lat' dir='ltr'><strong>incuria</strong></span> <span class='ocrx_word' id='word_1_446' title='bbox 3155 3380 3370 3437; x_wconf 88' lang='lat' dir='ltr'><strong>domini</strong></span> <span class='ocrx_word' id='word_1_447' title='bbox 3392 3397 3564 3456; x_wconf 67' lang='lat' dir='ltr'><strong>papa:</strong></span> <span class='ocrx_word' id='word_1_448' title='bbox 3585 3399 3796 3444; x_wconf 84' lang='lat' dir='ltr'><strong>causas</strong></span> 
     </span>
    </p>
   </div>
   <div class='ocr_carea' id='block_1_53' title="bbox 391 3458 3795 3541">
    <p class='ocr_par' dir='ltr' id='par_1_53' title="bbox 391 3458 3795 3541">
     <span class='ocr_line' id='line_1_53' title="bbox 391 3458 3795 3541; baseline 0.005 -12"><span class='ocrx_word' id='word_1_449' title='bbox 391 3473 590 3530; x_wconf 86' lang='lat' dir='ltr'><strong>multis</strong></span> <span class='ocrx_word' id='word_1_450' title='bbox 649 3471 824 3528; x_wconf 89' lang='lat' dir='ltr'><strong>etiam</strong></span> <span class='ocrx_word' id='word_1_451' title='bbox 879 3467 1044 3524; x_wconf 89' lang='lat' dir='ltr'><strong>cesis.</strong></span> <span class='ocrx_word' id='word_1_452' title='bbox 1113 3465 1370 3535; x_wconf 84' lang='lat' dir='ltr'><strong>Indeque</strong></span> <span class='ocrx_word' id='word_1_453' title='bbox 1433 3463 1910 3536; x_wconf 86' lang='lat' dir='ltr'><strong>archiepiscopus</strong></span> <span class='ocrx_word' id='word_1_454' title='bbox 1964 3466 2034 3522; x_wconf 92' lang='lat' dir='ltr'><strong>ad</strong></span> <span class='ocrx_word' id='word_1_455' title='bbox 2147 3458 2435 3517; x_wconf 66' lang='lat' dir='ltr'><strong>dicentem</strong></span> <span class='ocrx_word' id='word_1_456' title='bbox 2485 3473 2543 3516; x_wconf 74' lang='grc' dir='ltr'><strong>θῑ</strong></span> <span class='ocrx_word' id='word_1_457' title='bbox 2589 3477 2729 3534; x_wconf 73' lang='grc' dir='ltr'>εθρθ</span> <span class='ocrx_word' id='word_1_458' title='bbox 2777 3465 3046 3536; x_wconf 66' lang='grc' dir='ltr'><strong>θΡΡοείίθ</strong></span> <span class='ocrx_word' id='word_1_459' title='bbox 3099 3473 3492 3541; x_wconf 58' lang='lat' dir='ltr'><strong>Damnatam»</strong></span> <span class='ocrx_word' id='word_1_460' title='bbox 3527 3487 3734 3532; x_wconf 74' lang='grc' dir='ltr'><strong>εθοῐιω</strong></span> <span class='ocrx_word' id='word_1_461' title='bbox 3765 3489 3795 3531; x_wconf 75' lang='grc'>³</span> 
     </span>
    </p>
   </div>
   <div class='ocr_carea' id='block_1_54' title="bbox 389 3553 3794 3637">
    <p class='ocr_par' dir='ltr' id='par_1_54' title="bbox 389 3553 3794 3637">
     <span class='ocr_line' id='line_1_54' title="bbox 389 3553 3794 3637; baseline 0.004 -20"><span class='ocrx_word' id='word_1_462' title='bbox 389 3559 614 3617; x_wconf 80' lang='lat' dir='ltr'><strong>Rodolﬁ</strong></span> <span class='ocrx_word' id='word_1_463' title='bbox 666 3561 917 3614; x_wconf 91' lang='lat' dir='ltr'><strong>montem</strong></span> <span class='ocrx_word' id='word_1_464' title='bbox 968 3559 1296 3622; x_wconf 88' lang='lat' dir='ltr'><strong>revertens,</strong></span> <span class='ocrx_word' id='word_1_465' title='bbox 1331 3558 1394 3608; x_wconf 90' lang='lat' dir='ltr'><strong>ut</strong></span> <span class='ocrx_word' id='word_1_466' title='bbox 1442 3567 1618 3624; x_wconf 90' lang='lat' dir='ltr'><strong>supra</strong></span> <span class='ocrx_word' id='word_1_467' title='bbox 1651 3553 1870 3610; x_wconf 90' lang='lat' dir='ltr'><strong>dictum</strong></span> <span class='ocrx_word' id='word_1_468' title='bbox 1919 3558 2030 3624; x_wconf 90' lang='lat' dir='ltr'><strong>est,</strong></span> <span class='ocrx_word' id='word_1_469' title='bbox 2144 3557 2406 3616; x_wconf 87' lang='lat' dir='ltr'><strong>Parisius</strong></span> <span class='ocrx_word' id='word_1_470' title='bbox 2437 3559 2726 3616; x_wconf 83' lang='lat' dir='ltr'><strong>Treverim</strong></span> <span class='ocrx_word' id='word_1_471' title='bbox 2758 3561 3024 3635; x_wconf 90' lang='lat' dir='ltr'><strong>adduxit,</strong></span> <span class='ocrx_word' id='word_1_472' title='bbox 3047 3569 3103 3620; x_wconf 86' lang='lat' dir='ltr'><strong>et</strong></span> <span class='ocrx_word' id='word_1_473' title='bbox 3128 3567 3473 3637; x_wconf 88' lang='lat' dir='ltr'><strong>magistrum</strong></span> <span class='ocrx_word' id='word_1_474' title='bbox 3495 3570 3794 3630; x_wconf 79' lang='lat' dir='ltr'><strong>scalarum</strong></span> 
     </span>
    </p>
   </div>
   <div class='ocr_carea' id='block_1_55' title="bbox 389 3641 3789 3732">
    <p class='ocr_par' dir='ltr' id='par_1_55' title="bbox 389 3641 3789 3732">
     <span class='ocr_line' id='line_1_55' title="bbox 389 3641 3789 3732; baseline 0.003 -26"><span class='ocrx_word' id='word_1_475' title='bbox 389 3647 682 3706; x_wconf 89' lang='lat' dir='ltr'><strong>destruxit</strong></span> <span class='ocrx_word' id='word_1_476' title='bbox 731 3645 858 3716; x_wconf 79' lang='lat' dir='ltr'><strong>(an.</strong></span> <span class='ocrx_word' id='word_1_477' title='bbox 919 3645 1155 3714; x_wconf 70' lang='grc'>1164⁸1).</span> <span class='ocrx_word' id='word_1_478' title='bbox 1221 3641 1468 3698; x_wconf 88' lang='lat' dir='ltr'><strong>Tandem</strong></span> <span class='ocrx_word' id='word_1_479' title='bbox 1517 3656 1712 3698; x_wconf 90' lang='lat' dir='ltr'><strong>comes</strong></span> <span class='ocrx_word' id='word_1_480' title='bbox 1765 3643 2033 3700; x_wconf 90' lang='lat' dir='ltr'><strong>omnibus</strong></span> <span class='ocrx_word' id='word_1_481' title='bbox 2146 3645 2200 3700; x_wconf 92' lang='lat' dir='ltr'><strong>in</strong></span> <span class='ocrx_word' id='word_1_482' title='bbox 2223 3645 2395 3703; x_wconf 90' lang='lat' dir='ltr'><strong>domo</strong></span> <span class='ocrx_word' id='word_1_483' title='bbox 2417 3647 2606 3704; x_wconf 89' lang='lat' dir='ltr'><strong>sancti</strong></span> <span class='ocrx_word' id='word_1_484' title='bbox 2648 3649 2806 3704; x_wconf 91' lang='lat' dir='ltr'><strong>Petri</strong></span> <span class='ocrx_word' id='word_1_485' title='bbox 2829 3652 3173 3722; x_wconf 89' lang='lat' dir='ltr'><strong>constituit;</strong></span> <span class='ocrx_word' id='word_1_486' title='bbox 3222 3659 3278 3710; x_wconf 90' lang='lat' dir='ltr'><strong>et</strong></span> <span class='ocrx_word' id='word_1_487' title='bbox 3310 3657 3597 3726; x_wconf 88' lang='lat' dir='ltr'><strong>quamdiu</strong></span> <span class='ocrx_word' id='word_1_488' title='bbox 3627 3661 3789 3732; x_wconf 82' lang='lat' dir='ltr'><strong>vixit,</strong></span> 
     </span>
    </p>
   </div>
   <div class='ocr_carea' id='block_1_56' title="bbox 389 3729 2032 3804">
    <p class='ocr_par' dir='ltr' id='par_1_56' title="bbox 389 3729 2032 3804">
     <span class='ocr_line' id='line_1_56' title="bbox 389 3729 2032 3804; baseline -0.004 -10"><span class='ocrx_word' id='word_1_489' title='bbox 389 3737 614 3794; x_wconf 90' lang='lat' dir='ltr'><strong>viribus</strong></span> <span class='ocrx_word' id='word_1_490' title='bbox 640 3733 936 3804; x_wconf 81' lang='lat' dir='ltr'><strong>deficiens,</strong></span> <span class='ocrx_word' id='word_1_491' title='bbox 972 3747 1075 3804; x_wconf 89' lang='lat' dir='ltr'><strong>per</strong></span> <span class='ocrx_word' id='word_1_492' title='bbox 1104 3745 1300 3802; x_wconf 88' lang='lat' dir='ltr'><strong>regem</strong></span> <span class='ocrx_word' id='word_1_493' title='bbox 1333 3729 1679 3802; x_wconf 88' lang='lat' dir='ltr'><strong>Conradum,</strong></span> <span class='ocrx_word' id='word_1_494' title='bbox 1709 3730 1765 3786; x_wconf 94' lang='lat' dir='ltr'><strong>in</strong></span> <span class='ocrx_word' id='word_1_495' title='bbox 1797 3732 2032 3803; x_wconf 83' lang='lat' dir='ltr'><strong>expedi-</strong></span> 
     </span>
    </p>
   </div>
   <div class='ocr_carea' id='block_1_57' title="bbox 388 3819 2025 3890">
    <p class='ocr_par' dir='ltr' id='par_1_57' title="bbox 388 3819 2025 3890">
     <span class='ocr_line' id='line_1_57' title="bbox 388 3819 2025 3890; baseline -0.005 -8"><span class='ocrx_word' id='word_1_496' title='bbox 388 3827 604 3884; x_wconf 90' lang='lat' dir='ltr'><strong>tionem</strong></span> <span class='ocrx_word' id='word_1_497' title='bbox 633 3821 1166 3881; x_wconf 86' lang='lat' dir='ltr'><strong>Jerosolimitanam</strong></span> <span class='ocrx_word' id='word_1_498' title='bbox 1190 3825 1331 3876; x_wconf 92' lang='lat' dir='ltr'><strong>tunc</strong></span> <span class='ocrx_word' id='word_1_499' title='bbox 1354 3819 1592 3888; x_wconf 88' lang='lat' dir='ltr'><strong>iturum,</strong></span> <span class='ocrx_word' id='word_1_500' title='bbox 1620 3822 1758 3890; x_wconf 90' lang='lat' dir='ltr'><strong>aput</strong></span> <span class='ocrx_word' id='word_1_501' title='bbox 1783 3819 2025 3890; x_wconf 87' lang='lat' dir='ltr'><strong>Spiram,</strong></span> 
     </span>
    </p>
   </div>
   <div class='ocr_carea' id='block_1_58' title="bbox 387 3907 2032 3987">
    <p class='ocr_par' dir='ltr' id='par_1_58' title="bbox 387 3907 2032 3987">
     <span class='ocr_line' id='line_1_58' title="bbox 387 3907 2032 3987; baseline -0.004 -15"><span class='ocrx_word' id='word_1_502' title='bbox 387 3915 632 3987; x_wconf 89' lang='lat' dir='ltr'><strong>gratiam</strong></span> <span class='ocrx_word' id='word_1_503' title='bbox 657 3912 873 3970; x_wconf 89' lang='lat' dir='ltr'><strong>domini</strong></span> <span class='ocrx_word' id='word_1_504' title='bbox 901 3908 1332 3981; x_wconf 88' lang='lat' dir='ltr'><strong>archiepiscopi</strong></span> <span class='ocrx_word' id='word_1_505' title='bbox 1355 3922 1558 3978; x_wconf 88' lang='lat' dir='ltr'><strong>magno</strong></span> <span class='ocrx_word' id='word_1_506' title='bbox 1583 3907 1784 3964; x_wconf 90' lang='lat' dir='ltr'><strong>labore</strong></span> <span class='ocrx_word' id='word_1_507' title='bbox 1807 3909 2032 3965; x_wconf 84' lang='lat' dir='ltr'><strong>multis-</strong></span> 
     </span>
    </p>
   </div>
   <div class='ocr_carea' id='block_1_59' title="bbox 388 3996 2030 4076">
    <p class='ocr_par' dir='ltr' id='par_1_59' title="bbox 388 3996 2030 4076">
     <span class='ocr_line' id='line_1_59' title="bbox 388 3996 2030 4076; baseline -0.005 -13"><span class='ocrx_word' id='word_1_508' title='bbox 388 4018 498 4076; x_wconf 90' lang='lat' dir='ltr'><strong>que</strong></span> <span class='ocrx_word' id='word_1_509' title='bbox 527 4000 839 4062; x_wconf 89' lang='lat' dir='ltr'><strong>conatibus</strong></span> <span class='ocrx_word' id='word_1_510' title='bbox 871 3998 1200 4070; x_wconf 90' lang='lat' dir='ltr'><strong>requisivit,</strong></span> <span class='ocrx_word' id='word_1_511' title='bbox 1225 4003 1431 4053; x_wconf 90' lang='lat' dir='ltr'><strong>etcum</strong></span> <span class='ocrx_word' id='word_1_512' title='bbox 1461 4010 1660 4066; x_wconf 87' lang='lat' dir='ltr'><strong>magna</strong></span> <span class='ocrx_word' id='word_1_513' title='bbox 1688 3996 2030 4054; x_wconf 78' lang='lat' dir='ltr'><strong>difﬁcultate</strong></span> 
     </span>
    </p>
   </div>
   <div class='ocr_carea' id='block_1_60' title="bbox 387 4083 2028 4164">
    <p class='ocr_par' dir='ltr' id='par_1_60' title="bbox 387 4083 2028 4164">
     <span class='ocr_line' id='line_1_60' title="bbox 387 4083 2028 4164; baseline -0.003 -15"><span class='ocrx_word' id='word_1_514' title='bbox 387 4089 748 4164; x_wconf 86' lang='lat' dir='ltr'><strong>impetravit;</strong></span> <span class='ocrx_word' id='word_1_515' title='bbox 767 4086 1149 4159; x_wconf 87' lang='lat' dir='ltr'><strong>jurisjurandi</strong></span> <span class='ocrx_word' id='word_1_516' title='bbox 1173 4085 1455 4156; x_wconf 91' lang='lat' dir='ltr'><strong>religione</strong></span> <span class='ocrx_word' id='word_1_517' title='bbox 1477 4083 1849 4158; x_wconf 87' lang='lat' dir='ltr'><strong>confirmans,</strong></span> <span class='ocrx_word' id='word_1_518' title='bbox 1875 4087 2028 4158; x_wconf 91' lang='lat' dir='ltr'><strong>quod</strong></span> 
     </span>
    </p>
   </div>
   <div class='ocr_carea' id='block_1_61' title="bbox 387 4172 2029 4252">
    <p class='ocr_par' dir='ltr' id='par_1_61' title="bbox 387 4172 2029 4252">
     <span class='ocr_line' id='line_1_61' title="bbox 387 4172 2029 4252; baseline -0.002 -16"><span class='ocrx_word' id='word_1_519' title='bbox 387 4195 492 4252; x_wconf 90' lang='lat' dir='ltr'><strong>pro</strong></span> <span class='ocrx_word' id='word_1_520' title='bbox 532 4180 639 4235; x_wconf 77' lang='lat' dir='ltr'><strong>hac</strong></span> <span class='ocrx_word' id='word_1_521' title='bbox 687 4190 865 4234; x_wconf 88' lang='lat' dir='ltr'><strong>causa</strong></span> <span class='ocrx_word' id='word_1_522' title='bbox 911 4181 1113 4232; x_wconf 90' lang='lat' dir='ltr'><strong>contra</strong></span> <span class='ocrx_word' id='word_1_523' title='bbox 1157 4172 1466 4230; x_wconf 89' lang='lat' dir='ltr'><strong>ecclesiam</strong></span> <span class='ocrx_word' id='word_1_524' title='bbox 1514 4173 1926 4230; x_wconf 88' lang='lat' dir='ltr'><strong>Treverenscm</strong></span> <span class='ocrx_word' id='word_1_525' title='bbox 1960 4173 2029 4234; x_wconf 72' lang='lat' dir='ltr'><strong>de</strong></span> 
     </span>
    </p>
   </div>
   <div class='ocr_carea' id='block_1_62' title="bbox 384 4261 2027 4330">
    <p class='ocr_par' dir='ltr' id='par_1_62' title="bbox 384 4261 2027 4330">
     <span class='ocr_line' id='line_1_62' title="bbox 384 4261 2027 4330; baseline -0.004 -6"><span class='ocrx_word' id='word_1_526' title='bbox 384 4274 586 4326; x_wconf 87' lang='lat' dir='ltr'><strong>cetero</strong></span> <span class='ocrx_word' id='word_1_527' title='bbox 636 4279 793 4327; x_wconf 90' lang='lat' dir='ltr'><strong>arma</strong></span> <span class='ocrx_word' id='word_1_528' title='bbox 851 4263 1184 4322; x_wconf 90' lang='lat' dir='ltr'><strong>nullatenus</strong></span> <span class='ocrx_word' id='word_1_529' title='bbox 1237 4261 1436 4329; x_wconf 86' lang='lat' dir='ltr'><strong>ferret,</strong></span> <span class='ocrx_word' id='word_1_530' title='bbox 1487 4265 1545 4317; x_wconf 92' lang='lat' dir='ltr'><strong>et</strong></span> <span class='ocrx_word' id='word_1_531' title='bbox 1596 4263 1748 4330; x_wconf 89' lang='lat' dir='ltr'><strong>quod</strong></span> <span class='ocrx_word' id='word_1_532' title='bbox 1801 4261 2027 4320; x_wconf 82' lang='lat' dir='ltr'><strong>Rudolﬂ</strong></span> 
     </span>
    </p>
   </div>
   <div class='ocr_carea' id='block_1_63' title="bbox 387 4348 2023 4426">
    <p class='ocr_par' dir='ltr' id='par_1_63' title="bbox 387 4348 2023 4426">
     <span class='ocr_line' id='line_1_63' title="bbox 387 4348 2023 4426; baseline -0.002 -14"><span class='ocrx_word' id='word_1_533' title='bbox 387 4361 640 4413; x_wconf 87' lang='lat' dir='ltr'><strong>montem</strong></span> <span class='ocrx_word' id='word_1_534' title='bbox 654 4351 1260 4412; x_wconf 84' lang='lat' dir='ltr'><strong>necreedificaretnec</strong></span> <span class='ocrx_word' id='word_1_535' title='bbox 1287 4348 1611 4406; x_wconf 87' lang='lat' dir='ltr'><strong>rcediiicari</strong></span> <span class='ocrx_word' id='word_1_536' title='bbox 1635 4351 2023 4426; x_wconf 89' lang='lat' dir='ltr'><strong>permitteret,</strong></span> 
     </span>
    </p>
   </div>
   <div class='ocr_carea' id='block_1_64' title="bbox 383 4439 2030 4516">
    <p class='ocr_par' dir='ltr' id='par_1_64' title="bbox 383 4439 2030 4516">
     <span class='ocr_line' id='line_1_64' title="bbox 383 4439 2030 4516; baseline -0.003 -15"><span class='ocrx_word' id='word_1_537' title='bbox 383 4450 442 4502; x_wconf 91' lang='lat' dir='ltr'><strong>ct</strong></span> <span class='ocrx_word' id='word_1_538' title='bbox 475 4443 628 4516; x_wconf 90' lang='lat' dir='ltr'><strong>quod</strong></span> <span class='ocrx_word' id='word_1_539' title='bbox 663 4442 1057 4498; x_wconf 86' lang='lat' dir='ltr'><strong>Mandcrsceat</strong></span> <span class='ocrx_word' id='word_1_540' title='bbox 1088 4452 1378 4508; x_wconf 89' lang='lat' dir='ltr'><strong>nunquam</strong></span> <span class='ocrx_word' id='word_1_541' title='bbox 1421 4453 1524 4508; x_wconf 91' lang='lat' dir='ltr'><strong>per</strong></span> <span class='ocrx_word' id='word_1_542' title='bbox 1555 4439 1668 4493; x_wconf 90' lang='lat' dir='ltr'><strong>vim</strong></span> <span class='ocrx_word' id='word_1_543' title='bbox 1713 4439 1805 4495; x_wconf 91' lang='lat' dir='ltr'><strong>vel</strong></span> <span class='ocrx_word' id='word_1_544' title='bbox 1835 4444 2030 4496; x_wconf 89' lang='lat' dir='ltr'><strong>extor-</strong></span> 
     </span>
    </p>
   </div>
   <div class='ocr_carea' id='block_1_65' title="bbox 383 4527 2023 4603">
    <p class='ocr_par' dir='ltr' id='par_1_65' title="bbox 383 4527 2023 4603">
     <span class='ocr_line' id='line_1_65' title="bbox 383 4527 2023 4603; baseline -0.004 -13"><span class='ocrx_word' id='word_1_545' title='bbox 383 4534 605 4590; x_wconf 87' lang='lat' dir='ltr'><strong>sionem</strong></span> <span class='ocrx_word' id='word_1_546' title='bbox 656 4531 906 4603; x_wconf 87' lang='lat' dir='ltr'><strong>aliquam</strong></span> <span class='ocrx_word' id='word_1_547' title='bbox 958 4531 1252 4598; x_wconf 88' lang='lat' dir='ltr'><strong>repeteret</strong></span> <span class='ocrx_word' id='word_1_548' title='bbox 1308 4527 1456 4596; x_wconf 75' lang='lat'><strong>(712)</strong></span> <span class='ocrx_word' id='word_1_549' title='bbox 1517 4527 1618 4596; x_wconf 80' lang='lat' dir='ltr'><strong>(an</strong></span> <span class='ocrx_word' id='word_1_550' title='bbox 1673 4529 1828 4598; x_wconf 71' lang='grc'>1146,</span> <span class='ocrx_word' id='word_1_551' title='bbox 1865 4529 2023 4600; x_wconf 87' lang='lat' dir='ltr'><strong>Dec.,</strong></span> 
     </span>
    </p>
   </div>
   <div class='ocr_carea' id='block_1_66' title="bbox 384 4616 2026 4694">
    <p class='ocr_par' dir='ltr' id='par_1_66' title="bbox 384 4616 2026 4694">
     <span class='ocr_line' id='line_1_66' title="bbox 384 4616 2026 4694; baseline -0.003 -16"><span class='ocrx_word' id='word_1_552' title='bbox 384 4625 540 4694; x_wconf 72' lang='lat' dir='ltr'><strong>1M7,</strong></span> <span class='ocrx_word' id='word_1_553' title='bbox 571 4621 763 4690; x_wconf 55' lang='lat' dir='ltr'><strong>Jan).</strong></span> <span class='ocrx_word' id='word_1_554' title='bbox 799 4620 1187 4688; x_wconf 89' lang='lat' dir='ltr'><strong>Epternacum</strong></span> <span class='ocrx_word' id='word_1_555' title='bbox 1210 4628 1347 4671; x_wconf 89' lang='lat' dir='ltr'><strong>vero</strong></span> <span class='ocrx_word' id='word_1_556' title='bbox 1378 4619 1662 4686; x_wconf 31' lang='lat' dir='ltr'><strong>ethcetera</strong></span> <span class='ocrx_word' id='word_1_557' title='bbox 1685 4619 1878 4672; x_wconf 88' lang='lat' dir='ltr'><strong>castra</strong></span> <span class='ocrx_word' id='word_1_558' title='bbox 1903 4616 2026 4674; x_wconf 83' lang='lat' dir='ltr'><strong>sive</strong></span> 
     </span>
    </p>
   </div>
   <div class='ocr_carea' id='block_1_67' title="bbox 2141 3733 3790 3820">
    <p class='ocr_par' dir='ltr' id='par_1_67' title="bbox 2141 3733 3790 3820">
     <span class='ocr_line' id='line_1_67' title="bbox 2141 3733 3790 3820; baseline 0.012 -32"><span class='ocrx_word' id='word_1_559' title='bbox 2141 3733 2311 3790; x_wconf 89' lang='lat' dir='ltr'><strong>valde</strong></span> <span class='ocrx_word' id='word_1_560' title='bbox 2342 3749 2472 3793; x_wconf 90' lang='lat' dir='ltr'><strong>eum</strong></span> <span class='ocrx_word' id='word_1_561' title='bbox 2503 3749 2702 3794; x_wconf 88' lang='lat' dir='ltr'><strong>carum</strong></span> <span class='ocrx_word' id='word_1_562' title='bbox 2750 3735 2809 3795; x_wconf 80' lang='lat' dir='ltr'><strong>et</strong></span> <span class='ocrx_word' id='word_1_563' title='bbox 2841 3739 3184 3798; x_wconf 89' lang='lat' dir='ltr'><strong>familiarem</strong></span> <span class='ocrx_word' id='word_1_564' title='bbox 3215 3742 3440 3800; x_wconf 88' lang='lat' dir='ltr'><strong>habuit.</strong></span> <span class='ocrx_word' id='word_1_565' title='bbox 3475 3745 3597 3804; x_wconf 84' lang='lat' dir='ltr'><strong>Nec</strong></span> <span class='ocrx_word' id='word_1_566' title='bbox 3623 3747 3790 3820; x_wconf 78' lang='lat' dir='ltr'><strong>longo</strong></span> 
     </span>
    </p>
   </div>
   <div class='ocr_carea' id='block_1_68' title="bbox 2143 3821 3790 3898">
    <p class='ocr_par' dir='ltr' id='par_1_68' title="bbox 2143 3821 3790 3898">
     <span class='ocr_line' id='line_1_68' title="bbox 2143 3821 3790 3898; baseline 0.011 -22"><span class='ocrx_word' id='word_1_567' title='bbox 2143 3821 2452 3892; x_wconf 89' lang='lat' dir='ltr'><strong>interjecto</strong></span> <span class='ocrx_word' id='word_1_568' title='bbox 2481 3828 2747 3898; x_wconf 90' lang='lat' dir='ltr'><strong>tempore</strong></span> <span class='ocrx_word' id='word_1_569' title='bbox 2779 3827 3083 3898; x_wconf 89' lang='lat' dir='ltr'><strong>predictus</strong></span> <span class='ocrx_word' id='word_1_570' title='bbox 3112 3843 3217 3886; x_wconf 85' lang='lat' dir='ltr'><strong>rex</strong></span> <span class='ocrx_word' id='word_1_571' title='bbox 3250 3831 3511 3890; x_wconf 64' lang='lat' dir='ltr'><strong>Francia</strong></span> <span class='ocrx_word' id='word_1_572' title='bbox 3545 3841 3609 3892; x_wconf 89' lang='lat' dir='ltr'><strong>et</strong></span> <span class='ocrx_word' id='word_1_573' title='bbox 3640 3837 3790 3895; x_wconf 78' lang='lat' dir='ltr'><strong>ﬁlius</strong></span> 
     </span>
    </p>
   </div>
   <div class='ocr_carea' id='block_1_69' title="bbox 2141 3911 3787 3984">
    <p class='ocr_par' dir='ltr' id='par_1_69' title="bbox 2141 3911 3787 3984">
     <span class='ocr_line' id='line_1_69' title="bbox 2141 3911 3787 3984; baseline 0.01 -18"><span class='ocrx_word' id='word_1_574' title='bbox 2141 3911 2453 3968; x_wconf 88' lang='lat' dir='ltr'><strong>Theobaldi</strong></span> <span class='ocrx_word' id='word_1_575' title='bbox 2501 3913 2732 3971; x_wconf 90' lang='lat' dir='ltr'><strong>comitis</strong></span> <span class='ocrx_word' id='word_1_576' title='bbox 2763 3915 3069 3974; x_wconf 84' lang='lat' dir='ltr'><strong>Heinricus</strong></span> <span class='ocrx_word' id='word_1_577' title='bbox 3114 3919 3427 3978; x_wconf 88' lang='lat' dir='ltr'><strong>transitum</strong></span> <span class='ocrx_word' id='word_1_578' title='bbox 3457 3923 3787 3984; x_wconf 83' lang='lat' dir='ltr'><strong>habuerunt</strong></span> 
     </span>
    </p>
   </div>
   <div class='ocr_carea' id='block_1_70' title="bbox 2143 3999 3792 4079">
    <p class='ocr_par' dir='ltr' id='par_1_70' title="bbox 2143 3999 3792 4079">
     <span class='ocr_line' id='line_1_70' title="bbox 2143 3999 3792 4079; baseline 0.012 -24"><span class='ocrx_word' id='word_1_579' title='bbox 2143 4014 2244 4071; x_wconf 91' lang='lat' dir='ltr'><strong>per</strong></span> <span class='ocrx_word' id='word_1_580' title='bbox 2273 3999 2467 4056; x_wconf 90' lang='lat' dir='ltr'><strong>villam</strong></span> <span class='ocrx_word' id='word_1_581' title='bbox 2500 4002 2687 4059; x_wconf 89' lang='lat' dir='ltr'><strong>sancti</strong></span> <span class='ocrx_word' id='word_1_582' title='bbox 2721 4003 2995 4060; x_wconf 85' lang='lat' dir='ltr'><strong>Arnualis</strong></span> <span class='ocrx_word' id='word_1_583' title='bbox 3025 4006 3210 4078; x_wconf 90' lang='lat'><strong>(719);</strong></span> <span class='ocrx_word' id='word_1_584' title='bbox 3237 4009 3395 4079; x_wconf 89' lang='lat' dir='ltr'><strong>quod</strong></span> <span class='ocrx_word' id='word_1_585' title='bbox 3425 4011 3680 4072; x_wconf 90' lang='lat' dir='ltr'><strong>domnus</strong></span> <span class='ocrx_word' id='word_1_586' title='bbox 3708 4029 3792 4072; x_wconf 79' lang='lat' dir='ltr'><strong>sr-</strong></span> 
     </span>
    </p>
   </div>
   <div class='ocr_carea' id='block_1_71' title="bbox 2141 4087 3788 4170">
    <p class='ocr_par' dir='ltr' id='par_1_71' title="bbox 2141 4087 3788 4170">
     <span class='ocr_line' id='line_1_71' title="bbox 2141 4087 3788 4170; baseline 0.01 -26"><span class='ocrx_word' id='word_1_587' title='bbox 2141 4087 2548 4160; x_wconf 89' lang='lat' dir='ltr'><strong>chiepiscopus</strong></span> <span class='ocrx_word' id='word_1_588' title='bbox 2578 4090 2905 4162; x_wconf 90' lang='lat' dir='ltr'><strong>presciens,</strong></span> <span class='ocrx_word' id='word_1_589' title='bbox 2936 4093 3243 4150; x_wconf 87' lang='lat' dir='ltr'><strong>servitium</strong></span> <span class='ocrx_word' id='word_1_590' title='bbox 3271 4097 3510 4170; x_wconf 88' lang='lat' dir='ltr'><strong>utrique</strong></span> <span class='ocrx_word' id='word_1_591' title='bbox 3529 4115 3788 4160; x_wconf 86' lang='lat' dir='ltr'><strong>seorsum</strong></span> 
     </span>
    </p>
   </div>
   <div class='ocr_carea' id='block_1_72' title="bbox 2139 4177 3788 4262">
    <p class='ocr_par' dir='ltr' id='par_1_72' title="bbox 2139 4177 3788 4262">
     <span class='ocr_line' id='line_1_72' title="bbox 2139 4177 3788 4262; baseline 0.011 -31"><span class='ocrx_word' id='word_1_592' title='bbox 2139 4183 2256 4233; x_wconf 91' lang='lat' dir='ltr'><strong>tam</strong></span> <span class='ocrx_word' id='word_1_593' title='bbox 2284 4177 2505 4246; x_wconf 88' lang='lat' dir='ltr'><strong>grande</strong></span> <span class='ocrx_word' id='word_1_594' title='bbox 2562 4181 2621 4234; x_wconf 91' lang='lat' dir='ltr'><strong>et</strong></span> <span class='ocrx_word' id='word_1_595' title='bbox 2671 4181 2786 4234; x_wconf 84' lang='lat' dir='ltr'><strong>tam</strong></span> <span class='ocrx_word' id='word_1_596' title='bbox 2831 4180 3198 4252; x_wconf 82' lang='lat' dir='ltr'><strong>magniﬁcum</strong></span> <span class='ocrx_word' id='word_1_597' title='bbox 3247 4188 3605 4262; x_wconf 85' lang='lat' dir='ltr'><strong>transmisit,</strong></span> <span class='ocrx_word' id='word_1_598' title='bbox 3641 4191 3788 4262; x_wconf 89' lang='lat' dir='ltr'><strong>quod</strong></span> 
     </span>
    </p>
   </div>
   <div class='ocr_carea' id='block_1_73' title="bbox 2140 4265 3783 4350">
    <p class='ocr_par' dir='ltr' id='par_1_73' title="bbox 2140 4265 3783 4350">
     <span class='ocr_line' id='line_1_73' title="bbox 2140 4265 3783 4350; baseline 0.011 -30"><span class='ocrx_word' id='word_1_599' title='bbox 2140 4265 2284 4338; x_wconf 81' lang='lat' dir='ltr'><strong>ipsis</strong></span> <span class='ocrx_word' id='word_1_600' title='bbox 2305 4279 2410 4322; x_wconf 91' lang='lat' dir='ltr'><strong>nec</strong></span> <span class='ocrx_word' id='word_1_601' title='bbox 2435 4265 2867 4338; x_wconf 87' lang='lat' dir='ltr'><strong>prescientibus</strong></span> <span class='ocrx_word' id='word_1_602' title='bbox 2888 4283 2962 4326; x_wconf 85' lang='lat' dir='ltr'><strong>ex</strong></span> <span class='ocrx_word' id='word_1_603' title='bbox 2978 4271 3280 4342; x_wconf 87' lang='lat' dir='ltr'><strong>inproviso</strong></span> <span class='ocrx_word' id='word_1_604' title='bbox 3296 4273 3434 4332; x_wconf 90' lang='lat' dir='ltr'><strong>dum</strong></span> <span class='ocrx_word' id='word_1_605' title='bbox 3453 4277 3783 4350; x_wconf 82' lang='lat' dir='ltr'><strong>offerretur,</strong></span> 
     </span>
    </p>
   </div>
   <div class='ocr_carea' id='block_1_74' title="bbox 2138 4353 2817 4411">
    <p class='ocr_par' dir='ltr' id='par_1_74' title="bbox 2138 4353 2817 4411">
     <span class='ocr_line' id='line_1_74' title="bbox 2138 4353 2817 4411; baseline 0.003 -2"><span class='ocrx_word' id='word_1_606' title='bbox 2138 4353 2311 4411; x_wconf 89' lang='lat' dir='ltr'><strong>valde</strong></span> <span class='ocrx_word' id='word_1_607' title='bbox 2340 4359 2479 4410; x_wconf 89' lang='lat' dir='ltr'><strong>sunt</strong></span> <span class='ocrx_word' id='word_1_608' title='bbox 2508 4354 2817 4411; x_wconf 89' lang='lat' dir='ltr'><strong>ammirati.</strong></span> 
     </span>
    </p>
   </div>
   <div class='ocr_carea' id='block_1_75' title="bbox 2211 4442 3782 4522">
    <p class='ocr_par' dir='ltr' id='par_1_75' title="bbox 2211 4442 3782 4522">
     <span class='ocr_line' id='line_1_75' title="bbox 2211 4442 3782 4522; baseline 0.009 -24"><span class='ocrx_word' id='word_1_609' title='bbox 2211 4446 2298 4498; x_wconf 78' lang='grc'><strong>23.</strong></span> <span class='ocrx_word' id='word_1_610' title='bbox 2325 4442 2538 4499; x_wconf 88' lang='lat' dir='ltr'><strong>Eodem</strong></span> <span class='ocrx_word' id='word_1_611' title='bbox 2561 4457 2698 4500; x_wconf 90' lang='lat' dir='ltr'><strong>vero</strong></span> <span class='ocrx_word' id='word_1_612' title='bbox 2721 4457 2890 4516; x_wconf 88' lang='lat' dir='ltr'><strong>anno,</strong></span> <span class='ocrx_word' id='word_1_613' title='bbox 2926 4446 3218 4506; x_wconf 90' lang='lat' dir='ltr'><strong>dominica</strong></span> <span class='ocrx_word' id='word_1_614' title='bbox 3245 4465 3361 4522; x_wconf 90' lang='lat' dir='ltr'><strong>qua</strong></span> <span class='ocrx_word' id='word_1_615' title='bbox 3378 4459 3675 4514; x_wconf 88' lang='lat' dir='ltr'><strong>cantatur.</strong></span> <span class='ocrx_word' id='word_1_616' title='bbox 3701 4455 3782 4512; x_wconf 76' lang='lat' dir='ltr'><strong>Ad</strong></span> 
     </span>
    </p>
   </div>
   <div class='ocr_carea' id='block_1_76' title="bbox 2143 4529 3782 4614">
    <p class='ocr_par' dir='ltr' id='par_1_76' title="bbox 2143 4529 3782 4614">
     <span class='ocr_line' id='line_1_76' title="bbox 2143 4529 3782 4614; baseline 0.01 -28"><span class='ocrx_word' id='word_1_617' title='bbox 2143 4535 2201 4588; x_wconf 85' lang='lat' dir='ltr'><strong>te</strong></span> <span class='ocrx_word' id='word_1_618' title='bbox 2231 4530 2438 4602; x_wconf 90' lang='lat' dir='ltr'><strong>levavi,</strong></span> <span class='ocrx_word' id='word_1_619' title='bbox 2475 4529 2721 4589; x_wconf 92' lang='lat' dir='ltr'><strong>domnus</strong></span> <span class='ocrx_word' id='word_1_620' title='bbox 2772 4546 2921 4606; x_wconf 89' lang='lat' dir='ltr'><strong>papa</strong></span> <span class='ocrx_word' id='word_1_621' title='bbox 2951 4535 3250 4606; x_wconf 85' lang='lat' dir='ltr'><strong>Eugenius</strong></span> <span class='ocrx_word' id='word_1_622' title='bbox 3280 4540 3580 4599; x_wconf 83' lang='lat' dir='ltr'><strong>Treverim</strong></span> <span class='ocrx_word' id='word_1_623' title='bbox 3609 4543 3782 4614; x_wconf 87' lang='lat' dir='ltr'><strong>venit,</strong></span> 
     </span>
    </p>
   </div>
   <div class='ocr_carea' id='block_1_77' title="bbox 2142 4619 3783 4702">
    <p class='ocr_par' dir='ltr' id='par_1_77' title="bbox 2142 4619 3783 4702">
     <span class='ocr_line' id='line_1_77' title="bbox 2142 4619 3783 4702; baseline 0.007 -25"><span class='ocrx_word' id='word_1_624' title='bbox 2142 4622 2294 4677; x_wconf 90' lang='lat' dir='ltr'><strong>sicut</strong></span> <span class='ocrx_word' id='word_1_625' title='bbox 2328 4619 2612 4676; x_wconf 90' lang='lat' dir='ltr'><strong>invitatus</strong></span> <span class='ocrx_word' id='word_1_626' title='bbox 2654 4635 2684 4676; x_wconf 87' lang='lat' dir='ltr'><strong>a</strong></span> <span class='ocrx_word' id='word_1_627' title='bbox 2715 4621 2956 4678; x_wconf 91' lang='lat' dir='ltr'><strong>Domino</strong></span> <span class='ocrx_word' id='word_1_628' title='bbox 3005 4625 3458 4702; x_wconf 78' lang='lat' dir='ltr'><strong>archiepiSCOpo</strong></span> <span class='ocrx_word' id='word_1_629' title='bbox 3489 4632 3695 4702; x_wconf 87' lang='lat' dir='ltr'><strong>fuerat,</strong></span> <span class='ocrx_word' id='word_1_630' title='bbox 3727 4638 3783 4688; x_wconf 88' lang='lat' dir='ltr'><strong>et</strong></span> 
     </span>
    </p>
   </div>
   <div class='ocr_carea' id='block_1_78' title="bbox 1745 4713 2417 4779">
    <p class='ocr_par' dir='ltr' id='par_1_78' title="bbox 1745 4713 2417 4779">
     <span class='ocr_line' id='line_1_78' title="bbox 1745 4713 2417 4779; baseline 0.004 -8"><span class='ocrx_word' id='word_1_631' title='bbox 1745 4713 1980 4772; x_wconf 74' lang='lat' dir='ltr'><strong>VARLE</strong></span> <span class='ocrx_word' id='word_1_632' title='bbox 2017 4719 2417 4779; x_wconf 85' lang='lat' dir='ltr'><strong>LECTIONES.</strong></span> 
     </span>
    </p>
   </div>
   <div class='ocr_carea' id='block_1_79' title="bbox 452 4815 944 4876">
    <p class='ocr_par' dir='ltr' id='par_1_79' title="bbox 452 4815 944 4876">
     <span class='ocr_line' id='line_1_79' title="bbox 452 4815 944 4876; baseline -0.012 0"><span class='ocrx_word' id='word_1_633' title='bbox 452 4815 547 4852; x_wconf 83' lang='grc'><strong>⁸⁰⁸³</strong></span> <span class='ocrx_word' id='word_1_634' title='bbox 569 4816 860 4876; x_wconf 85' lang='lat' dir='ltr'><strong>exhautus</strong></span> <span class='ocrx_word' id='word_1_635' title='bbox 889 4827 944 4872; x_wconf 81' lang='grc' dir='ltr'>ο.</span> 
     </span>
    </p>
   </div>
   <div class='ocr_carea' id='block_1_80' title="bbox 471 4980 1706 5064">
    <p class='ocr_par' dir='ltr' id='par_1_80' title="bbox 471 4980 1706 5064">
     <span class='ocr_line' id='line_1_80' title="bbox 471 4980 1706 5064; baseline 0 0"><span class='ocrx_word' id='word_1_636' title='bbox 471 4987 596 5064; x_wconf 64' lang='grc'><strong>209)</strong></span> <span class='ocrx_word' id='word_1_637' title='bbox 630 4983 806 5064; x_wconf 63' lang='lat' dir='ltr'><strong>Euius</strong></span> <span class='ocrx_word' id='word_1_638' title='bbox 838 4982 1011 5064; x_wconf 53' lang='lat' dir='ltr'><strong>Enim</strong></span> <span class='ocrx_word' id='word_1_639' title='bbox 1045 4995 1213 5064; x_wconf 66' lang='grc' dir='ltr'><strong>οεέῐηρ</strong></span> <span class='ocrx_word' id='word_1_640' title='bbox 1247 4980 1490 5064; x_wconf 52' lang='lat' dir='ltr'><strong>indi“?-</strong></span> <span class='ocrx_word' id='word_1_641' title='bbox 1577 5053 1607 5064; x_wconf 92' lang='lat'><strong>..</strong></span> <span class='ocrx_word' id='word_1_642' title='bbox 1693 5052 1706 5064; x_wconf 95' lang='lat'><strong>.</strong></span> 
     </span>
    </p>
   </div>
   <div class='ocr_carea' id='block_1_81' title="bbox 451 4991 2022 5126">
    <p class='ocr_par' dir='ltr' id='par_1_81' title="bbox 451 4991 2022 5126">
     <span class='ocr_line' id='line_1_81' title="bbox 471 4991 1585 5061; baseline -0.006 -19"><span class='ocrx_word' id='word_1_643' title='bbox 471 4991 596 5056; x_wconf 87' lang='lat'><strong>709)</strong></span> <span class='ocrx_word' id='word_1_644' title='bbox 630 4991 806 5054; x_wconf 84' lang='lat' dir='ltr'><strong>Cujus</strong></span> <span class='ocrx_word' id='word_1_645' title='bbox 838 4991 1011 5039; x_wconf 82' lang='lat' dir='ltr'><strong>situm</strong></span> <span class='ocrx_word' id='word_1_646' title='bbox 1045 4995 1213 5037; x_wconf 91' lang='lat' dir='ltr'><strong>nemo</strong></span> <span class='ocrx_word' id='word_1_647' title='bbox 1247 4991 1490 5038; x_wconf 80' lang='lat' dir='ltr'><strong>indicat.</strong></span> <span class='ocrx_word' id='word_1_648' title='bbox 1577 5053 1585 5061; x_wconf 87' lang='lat'><strong>_</strong></span> 
     </span>
     <span class='ocr_line' id='line_1_82' title="bbox 451 4991 2022 5126; baseline 0.003 -17"><span class='ocrx_word' id='word_1_649' title='bbox 451 4991 598 5126; x_wconf 56' lang='grc'>(710)</span> <span class='ocrx_word' id='word_1_650' title='bbox 631 5055 814 5125; x_wconf 81' lang='lat' dir='ltr'><strong>Vulgo</strong></span> <span class='ocrx_word' id='word_1_651' title='bbox 844 5053 1049 5126; x_wconf 81' lang='lat' dir='ltr'><strong>Zolver</strong></span> <span class='ocrx_word' id='word_1_652' title='bbox 1081 5052 1322 5126; x_wconf 83' lang='lat' dir='ltr'><strong>dictum,</strong></span> <span class='ocrx_word' id='word_1_653' title='bbox 1355 5053 1412 5106; x_wconf 92' lang='lat' dir='ltr'><strong>in</strong></span> <span class='ocrx_word' id='word_1_654' title='bbox 1443 5052 1745 5126; x_wconf 78' lang='lat' dir='ltr'><strong>territorio</strong></span> <span class='ocrx_word' id='word_1_655' title='bbox 1764 5054 2022 5126; x_wconf 80' lang='lat' dir='ltr'><strong>ducatus</strong></span> 
     </span>
    </p>
   </div>
   <div class='ocr_carea' id='block_1_82' title="bbox 378 5123 2021 5196">
    <p class='ocr_par' dir='ltr' id='par_1_82' title="bbox 378 5123 2021 5196">
     <span class='ocr_line' id='line_1_83' title="bbox 378 5123 2021 5196; baseline 0.001 -13"><span class='ocrx_word' id='word_1_656' title='bbox 378 5123 928 5196; x_wconf 65' lang='lat' dir='ltr'><strong>Lusem&#39;burgensis,</strong></span> <span class='ocrx_word' id='word_1_657' title='bbox 982 5128 1234 5196; x_wconf 78' lang='lat' dir='ltr'><strong>quatuor</strong></span> <span class='ocrx_word' id='word_1_658' title='bbox 1282 5123 1493 5196; x_wconf 70' lang='lat' dir='ltr'><strong>leucas</strong></span> <span class='ocrx_word' id='word_1_659' title='bbox 1523 5127 1588 5180; x_wconf 90' lang='lat' dir='ltr'><strong>et</strong></span> <span class='ocrx_word' id='word_1_660' title='bbox 1635 5123 1931 5196; x_wconf 85' lang='lat' dir='ltr'><strong>dimidiam</strong></span> <span class='ocrx_word' id='word_1_661' title='bbox 1989 5142 2021 5184; x_wconf 92' lang='lat' dir='ltr'><strong>a</strong></span> 
     </span>
    </p>
   </div>
   <div class='ocr_carea' id='block_1_83' title="bbox 380 5193 2023 5265">
    <p class='ocr_par' dir='ltr' id='par_1_83' title="bbox 380 5193 2023 5265">
     <span class='ocr_line' id='line_1_84' title="bbox 380 5193 2023 5265; baseline 0.001 -14"><span class='ocrx_word' id='word_1_662' title='bbox 380 5193 782 5265; x_wconf 81' lang='lat' dir='ltr'><strong>Luxemburgo</strong></span> <span class='ocrx_word' id='word_1_663' title='bbox 849 5193 1054 5265; x_wconf 81' lang='lat' dir='ltr'><strong>situm.</strong></span> <span class='ocrx_word' id='word_1_664' title='bbox 1127 5193 1312 5265; x_wconf 79' lang='lat' dir='ltr'><strong>supra</strong></span> <span class='ocrx_word' id='word_1_665' title='bbox 1385 5193 1844 5265; x_wconf 12' lang='lat' dir='ltr'><strong>collem,rhodie</strong></span> <span class='ocrx_word' id='word_1_666' title='bbox 1917 5198 2023 5256; x_wconf 89' lang='lat' dir='ltr'><strong>der</strong></span> 
     </span>
    </p>
   </div>
   <div class='ocr_carea' id='block_1_84' title="bbox 374 5262 2020 5338">
    <p class='ocr_par' dir='ltr' id='par_1_84' title="bbox 374 5262 2020 5338">
     <span class='ocr_line' id='line_1_85' title="bbox 374 5262 2020 5338; baseline 0.002 -14"><span class='ocrx_word' id='word_1_667' title='bbox 374 5262 814 5338; x_wconf 80' lang='lat' dir='ltr'><strong>Zollwergnopf</strong></span> <span class='ocrx_word' id='word_1_668' title='bbox 852 5264 1093 5338; x_wconf 80' lang='lat' dir='ltr'><strong>dictum,</strong></span> <span class='ocrx_word' id='word_1_669' title='bbox 1129 5262 1265 5338; x_wconf 81' lang='lat' dir='ltr'><strong>olim</strong></span> <span class='ocrx_word' id='word_1_670' title='bbox 1293 5262 1470 5338; x_wconf 79' lang='lat' dir='ltr'><strong>hujus</strong></span> <span class='ocrx_word' id='word_1_671' title='bbox 1501 5264 2020 5338; x_wconf 15' lang='lat' dir='ltr'><strong>familiaeicastrum</strong></span> 
     </span>
    </p>
   </div>
   <div class='ocr_carea' id='block_1_85' title="bbox 377 5333 2020 5406">
    <p class='ocr_par' dir='ltr' id='par_1_85' title="bbox 377 5333 2020 5406">
     <span class='ocr_line' id='line_1_86' title="bbox 377 5333 2020 5406; baseline 0.001 -14"><span class='ocrx_word' id='word_1_672' title='bbox 377 5333 689 5405; x_wconf 73' lang='lat' dir='ltr'><strong>existebat,</strong></span> <span class='ocrx_word' id='word_1_673' title='bbox 716 5333 885 5404; x_wconf 77' lang='lat' dir='ltr'><strong>cujus</strong></span> <span class='ocrx_word' id='word_1_674' title='bbox 904 5333 1403 5406; x_wconf 51' lang='lat' dir='ltr'><strong>hodic&#39;ncquidem</strong></span> <span class='ocrx_word' id='word_1_675' title='bbox 1429 5334 1640 5392; x_wconf 87' lang='lat' dir='ltr'><strong>rudera</strong></span> <span class='ocrx_word' id='word_1_676' title='bbox 1671 5337 1762 5394; x_wconf 92' lang='lat' dir='ltr'><strong>vel</strong></span> <span class='ocrx_word' id='word_1_677' title='bbox 1787 5337 2020 5396; x_wconf 89' lang='lat' dir='ltr'><strong>minima</strong></span> 
     </span>
    </p>
   </div>
   <div class='ocr_carea' id='block_1_86' title="bbox 376 5409 828 5463">
    <p class='ocr_par' dir='ltr' id='par_1_86' title="bbox 376 5409 828 5463">
     <span class='ocr_line' id='line_1_87' title="bbox 376 5409 828 5463; baseline 0.002 -2"><span class='ocrx_word' id='word_1_678' title='bbox 376 5413 628 5463; x_wconf 70' lang='lat' dir='ltr'><strong>exstant.</strong></span> <span class='ocrx_word' id='word_1_679' title='bbox 665 5409 828 5462; x_wconf 79' lang='lat' dir='ltr'><strong>Wv&#39;n‘</strong></span> 
     </span>
    </p>
   </div>
   <div class='ocr_carea' id='block_1_87' title="bbox 449 5475 2020 5546">
    <p class='ocr_par' dir='ltr' id='par_1_87' title="bbox 449 5475 2020 5546">
     <span class='ocr_line' id='line_1_88' title="bbox 449 5475 2020 5546; baseline 0.003 -14"><span class='ocrx_word' id='word_1_680' title='bbox 449 5481 596 5546; x_wconf 72' lang='grc'>(711)</span> <span class='ocrx_word' id='word_1_681' title='bbox 630 5475 865 5531; x_wconf 87' lang='lat' dir='ltr'><strong>Scilicet</strong></span> <span class='ocrx_word' id='word_1_682' title='bbox 898 5475 1294 5542; x_wconf 83' lang='lat' dir='ltr'><strong>Himmerode;</strong></span> <span class='ocrx_word' id='word_1_683' title='bbox 1321 5477 1396 5532; x_wconf 93' lang='lat' dir='ltr'><strong>cf.</strong></span> <span class='ocrx_word' id='word_1_684' title='bbox 1426 5475 1738 5535; x_wconf 87' lang='lat' dir='ltr'><strong>Alberonis</strong></span> <span class='ocrx_word' id='word_1_685' title='bbox 1759 5477 2020 5537; x_wconf 83' lang='lat' dir='ltr'><strong>chartam</strong></span> 
     </span>
    </p>
   </div>
   <div class='ocr_carea' id='block_1_88' title="bbox 375 5547 2019 5618">
    <p class='ocr_par' dir='ltr' id='par_1_88' title="bbox 375 5547 2019 5618">
     <span class='ocr_line' id='line_1_89' title="bbox 375 5547 2019 5618; baseline 0.006 -18"><span class='ocrx_word' id='word_1_686' title='bbox 375 5559 431 5618; x_wconf 83' lang='lat' dir='ltr'><strong>a.</strong></span> <span class='ocrx_word' id='word_1_687' title='bbox 475 5550 630 5618; x_wconf 88' lang='lat'><strong>1138,</strong></span> <span class='ocrx_word' id='word_1_688' title='bbox 663 5559 762 5615; x_wconf 91' lang='lat' dir='ltr'><strong>ap.</strong></span> <span class='ocrx_word' id='word_1_689' title='bbox 830 5547 1045 5602; x_wconf 81' lang='lat' dir='ltr'><strong>llonth.</strong></span> <span class='ocrx_word' id='word_1_690' title='bbox 1097 5547 1248 5618; x_wconf 70' lang='lat' dir='ltr'><strong>ilist.</strong></span> <span class='ocrx_word' id='word_1_691' title='bbox 1286 5549 1327 5618; x_wconf 92' lang='lat' dir='ltr'><strong>l,</strong></span> <span class='ocrx_word' id='word_1_692' title='bbox 1366 5563 1442 5618; x_wconf 12' lang='lat' dir='ltr'><strong>7p.</strong></span> <span class='ocrx_word' id='word_1_693' title='bbox 1499 5551 1602 5604; x_wconf 74' lang='lat'><strong>539</strong></span> <span class='ocrx_word' id='word_1_694' title='bbox 1634 5568 1648 5604; x_wconf 91' lang='lat'><strong>:</strong></span> <span class='ocrx_word' id='word_1_695' title='bbox 1685 5568 1714 5602; x_wconf 86' lang='lat'>«</span> <span class='ocrx_word' id='word_1_696' title='bbox 1743 5555 1802 5606; x_wconf 87' lang='lat' dir='ltr'><strong>et</strong></span> <span class='ocrx_word' id='word_1_697' title='bbox 1835 5549 2019 5610; x_wconf 81' lang='lat' dir='ltr'><strong>locum</strong></span> 
     </span>
    </p>
   </div>
   <div class='ocr_carea' id='block_1_89' title="bbox 373 5589 1590 5688">
    <p class='ocr_par' dir='ltr' id='par_1_89' title="bbox 373 5589 1590 5688">
     <span class='ocr_line' id='line_1_90' title="bbox 373 5589 1590 5688; baseline 0.002 -22"><span class='ocrx_word' id='word_1_698' title='bbox 373 5589 1248 5688; x_wconf 44' lang='lat' dir='ltr'><strong>iiiuiﬁféiga&#39;éjrdfﬁ&#39;féﬁpefiéﬁ&#39;</strong></span> <span class='ocrx_word' id='word_1_699' title='bbox 1269 5589 1590 5675; x_wconf 64' lang='grc' dir='ltr'><strong>ῑέοίὲιύεἶῖ</strong></span> 
     </span>
    </p>
   </div>
   <div class='ocr_carea' id='block_1_90' title="bbox 445 5681 2014 5768">
    <p class='ocr_par' dir='ltr' id='par_1_90' title="bbox 445 5681 2014 5768">
     <span class='ocr_line' id='line_1_91' title="bbox 445 5681 2014 5768; baseline 0.003 -23"><span class='ocrx_word' id='word_1_700' title='bbox 445 5685 586 5766; x_wconf 79' lang='grc'>(712)</span> <span class='ocrx_word' id='word_1_701' title='bbox 621 5683 685 5744; x_wconf 80' lang='grc' dir='ltr'>ν.</span> <span class='ocrx_word' id='word_1_702' title='bbox 723 5681 1156 5759; x_wconf 82' lang='lat' dir='ltr'><strong>Conradi&#39;r&#39;egis</strong></span> <span class='ocrx_word' id='word_1_703' title='bbox 1175 5687 1429 5764; x_wconf 86' lang='lat' dir='ltr'><strong>diploma</strong></span> <span class='ocrx_word' id='word_1_704' title='bbox 1463 5689 1569 5751; x_wconf 83' lang='lat' dir='ltr'><strong>hac</strong></span> <span class='ocrx_word' id='word_1_705' title='bbox 1598 5687 1669 5750; x_wconf 87' lang='lat' dir='ltr'><strong>de</strong></span> <span class='ocrx_word' id='word_1_706' title='bbox 1701 5703 1764 5752; x_wconf 88' lang='lat' dir='ltr'><strong>re</strong></span> <span class='ocrx_word' id='word_1_707' title='bbox 1795 5690 2014 5768; x_wconf 80' lang='lat' dir='ltr'><strong>datam,</strong></span> 
     </span>
    </p>
   </div>
   <div class='ocr_carea' id='block_1_91' title="bbox 1960 4889 2184 4948">
    <p class='ocr_par' dir='ltr' id='par_1_91' title="bbox 1960 4889 2184 4948">
     <span class='ocr_line' id='line_1_92' title="bbox 1960 4889 2184 4948; baseline 0.004 -3"><span class='ocrx_word' id='word_1_708' title='bbox 1960 4889 2184 4948; x_wconf 70' lang='lat' dir='ltr'><strong>NOTAE.</strong></span> 
     </span>
    </p>
   </div>
   <div class='ocr_carea' id='block_1_92' title="bbox 2133 4985 2940 5060">
    <p class='ocr_par' dir='ltr' id='par_1_92' title="bbox 2133 4985 2940 5060">
     <span class='ocr_line' id='line_1_93' title="bbox 2133 4985 2940 5060; baseline -0.002 -16"><span class='ocrx_word' id='word_1_709' title='bbox 2133 4987 2437 5060; x_wconf 82' lang='lat' dir='ltr'><strong>Hontheim</strong></span> <span class='ocrx_word' id='word_1_710' title='bbox 2469 4985 2613 5060; x_wconf 74' lang='lat' dir='ltr'><strong>Hist.</strong></span> <span class='ocrx_word' id='word_1_711' title='bbox 2646 4993 2698 5058; x_wconf 91' lang='lat'><strong>1,</strong></span> <span class='ocrx_word' id='word_1_712' title='bbox 2734 5003 2788 5060; x_wconf 86' lang='lat' dir='ltr'><strong>p.</strong></span> <span class='ocrx_word' id='word_1_713' title='bbox 2820 4990 2940 5060; x_wconf 67' lang='grc'>554.</span> 
     </span>
    </p>
   </div>
   <div class='ocr_carea' id='block_1_93' title="bbox 2205 5056 3777 5140">
    <p class='ocr_par' dir='ltr' id='par_1_93' title="bbox 2205 5056 3777 5140">
     <span class='ocr_line' id='line_1_94' title="bbox 2205 5056 3777 5140; baseline 0.008 -26"><span class='ocrx_word' id='word_1_714' title='bbox 2205 5058 2352 5140; x_wconf 54' lang='grc'>(719)</span> <span class='ocrx_word' id='word_1_715' title='bbox 2386 5059 2448 5140; x_wconf 55' lang='grc' dir='ltr'>γ.</span> <span class='ocrx_word' id='word_1_716' title='bbox 2482 5056 2864 5140; x_wconf 63' lang='lat' dir='ltr'><strong>diploma&#39;hac</strong></span> <span class='ocrx_word' id='word_1_717' title='bbox 2893 5057 3060 5140; x_wconf 55' lang='lat' dir='ltr'><strong>dare</strong></span> <span class='ocrx_word' id='word_1_718' title='bbox 3081 5059 3289 5123; x_wconf 88' lang='lat' dir='ltr'><strong>datum</strong></span> <span class='ocrx_word' id='word_1_719' title='bbox 3313 5070 3520 5125; x_wconf 80' lang='lat' dir='ltr'><strong>notata</strong></span> <span class='ocrx_word' id='word_1_720' title='bbox 3552 5067 3777 5140; x_wconf 83' lang='lat' dir='ltr'><strong>dignum</strong></span> 
     </span>
    </p>
   </div>
   <div class='ocr_carea' id='block_1_94' title="bbox 2133 5128 3074 5202">
    <p class='ocr_par' dir='ltr' id='par_1_94' title="bbox 2133 5128 3074 5202">
     <span class='ocr_line' id='line_1_95' title="bbox 2133 5128 3074 5202; baseline 0.003 -18"><span class='ocrx_word' id='word_1_721' title='bbox 2133 5140 2223 5202; x_wconf 84' lang='lat' dir='ltr'><strong>ap.</strong></span> <span class='ocrx_word' id='word_1_722' title='bbox 2264 5128 2570 5202; x_wconf 77' lang='lat' dir='ltr'><strong>Hontheim</strong></span> <span class='ocrx_word' id='word_1_723' title='bbox 2602 5129 2748 5186; x_wconf 83' lang='lat' dir='ltr'><strong>Hist.</strong></span> <span class='ocrx_word' id='word_1_724' title='bbox 2789 5131 2832 5195; x_wconf 84' lang='grc' dir='ltr'>Ι,</span> <span class='ocrx_word' id='word_1_725' title='bbox 2865 5146 2918 5202; x_wconf 93' lang='lat' dir='ltr'><strong>p.</strong></span> <span class='ocrx_word' id='word_1_726' title='bbox 2952 5133 3074 5187; x_wconf 75' lang='lat'><strong>557.</strong></span> 
     </span>
    </p>
   </div>
   <div class='ocr_carea' id='block_1_95' title="bbox 2203 5199 2646 5270">
    <p class='ocr_par' dir='ltr' id='par_1_95' title="bbox 2203 5199 2646 5270">
     <span class='ocr_line' id='line_1_96' title="bbox 2203 5199 2646 5270; baseline 0 -16"><span class='ocrx_word' id='word_1_727' title='bbox 2203 5200 2352 5270; x_wconf 74' lang='grc'>(714)</span> <span class='ocrx_word' id='word_1_728' title='bbox 2387 5199 2646 5270; x_wconf 90' lang='lat' dir='ltr'><strong>Provins.</strong></span> 
     </span>
    </p>
   </div>
   <div class='ocr_carea' id='block_1_96' title="bbox 2203 5269 3792 5351">
    <p class='ocr_par' dir='ltr' id='par_1_96' title="bbox 2203 5269 3792 5351">
     <span class='ocr_line' id='line_1_97' title="bbox 2203 5269 3792 5351; baseline 0.008 -26"><span class='ocrx_word' id='word_1_729' title='bbox 2203 5269 2352 5351; x_wconf 53' lang='lat' dir='ltr'><strong>(71d)</strong></span> <span class='ocrx_word' id='word_1_730' title='bbox 2383 5269 2621 5341; x_wconf 88' lang='lat' dir='ltr'><strong>Eugenii</strong></span> <span class='ocrx_word' id='word_1_731' title='bbox 2653 5269 2867 5327; x_wconf 88' lang='lat' dir='ltr'><strong>bullam</strong></span> <span class='ocrx_word' id='word_1_732' title='bbox 2897 5272 3028 5330; x_wconf 89' lang='lat' dir='ltr'><strong>vide</strong></span> <span class='ocrx_word' id='word_1_733' title='bbox 3052 5276 3209 5346; x_wconf 89' lang='lat' dir='ltr'><strong>apud</strong></span> <span class='ocrx_word' id='word_1_734' title='bbox 3233 5278 3542 5338; x_wconf 83' lang='lat' dir='ltr'><strong>Hontheim</strong></span> <span class='ocrx_word' id='word_1_735' title='bbox 3570 5282 3704 5339; x_wconf 78' lang='lat' dir='ltr'><strong>Hist.</strong></span> <span class='ocrx_word' id='word_1_736' title='bbox 3729 5281 3792 5351; x_wconf 83' lang='grc'>1,·</span> 
     </span>
    </p>
   </div>
   <div class='ocr_carea' id='block_1_97' title="bbox 2128 5344 2352 5410">
    <p class='ocr_par' dir='ltr' id='par_1_97' title="bbox 2128 5344 2352 5410">
     <span class='ocr_line' id='line_1_98' title="bbox 2128 5344 2352 5410; baseline 0.004 -15"><span class='ocrx_word' id='word_1_737' title='bbox 2128 5353 2193 5410; x_wconf 89' lang='lat' dir='ltr'><strong>p.</strong></span> <span class='ocrx_word' id='word_1_738' title='bbox 2231 5344 2352 5396; x_wconf 73' lang='lat' dir='ltr'><strong>use.</strong></span> 
     </span>
    </p>
   </div>
   <div class='ocr_carea' id='block_1_98' title="bbox 2230 5409 3473 5494">
    <p class='ocr_par' dir='ltr' id='par_1_98' title="bbox 2230 5409 3473 5494">
     <span class='ocr_line' id='line_1_99' title="bbox 2230 5409 3473 5494; baseline 0.01 -30"><span class='ocrx_word' id='word_1_739' title='bbox 2230 5414 2355 5494; x_wconf 67' lang='lat' dir='ltr'><strong>71g)</strong></span> <span class='ocrx_word' id='word_1_740' title='bbox 2389 5409 2670 5494; x_wconf 60' lang='lat' dir='ltr'><strong>plcsensi,</strong></span> <span class='ocrx_word' id='word_1_741' title='bbox 2703 5415 3047 5494; x_wconf 78' lang='lat' dir='ltr'><strong>Carnotensi</strong></span> <span class='ocrx_word' id='word_1_742' title='bbox 3079 5432 3149 5476; x_wconf 88' lang='lat' dir='ltr'><strong>ac</strong></span> <span class='ocrx_word' id='word_1_743' title='bbox 3176 5419 3473 5479; x_wconf 87' lang='lat' dir='ltr'><strong>Trecensi.</strong></span> 
     </span>
    </p>
   </div>
   <div class='ocr_carea' id='block_1_99' title="bbox 2228 5481 3144 5557">
    <p class='ocr_par' dir='ltr' id='par_1_99' title="bbox 2228 5481 3144 5557">
     <span class='ocr_line' id='line_1_100' title="bbox 2228 5481 3144 5557; baseline 0.009 -21"><span class='ocrx_word' id='word_1_744' title='bbox 2228 5483 2354 5557; x_wconf 78' lang='lat'><strong>717)</strong></span> <span class='ocrx_word' id='word_1_745' title='bbox 2387 5481 2542 5557; x_wconf 49' lang='lat' dir='ltr'><strong>gibri</strong></span> <span class='ocrx_word' id='word_1_746' title='bbox 2571 5481 2744 5553; x_wconf 86' lang='lat' dir='ltr'><strong>hujus</strong></span> <span class='ocrx_word' id='word_1_747' title='bbox 2773 5484 3144 5557; x_wconf 89' lang='lat' dir='ltr'><strong>scriptorem.</strong></span> 
     </span>
    </p>
   </div>
   <div class='ocr_carea' id='block_1_100' title="bbox 2227 5552 2668 5610">
    <p class='ocr_par' dir='ltr' id='par_1_100' title="bbox 2227 5552 2668 5610">
     <span class='ocr_line' id='line_1_101' title="bbox 2227 5552 2668 5610; baseline 0.007 -3"><span class='ocrx_word' id='word_1_748' title='bbox 2227 5552 2353 5610; x_wconf 77' lang='grc'>718)</span> <span class='ocrx_word' id='word_1_749' title='bbox 2387 5552 2668 5610; x_wconf 83' lang='lat' dir='ltr'><strong>Florines.</strong></span> 
     </span>
    </p>
   </div>
   <div class='ocr_carea' id='block_1_101' title="bbox 2203 5553 2876 5701">
    <p class='ocr_par' dir='ltr' id='par_1_101' title="bbox 2203 5553 2876 5701">
     <span class='ocr_line' id='line_1_102' title="bbox 2203 5553 2711 5694; baseline 0.008 -88"><span class='ocrx_word' id='word_1_750' title='bbox 2203 5553 2353 5694; x_wconf 47' lang='grc'>(718)</span> <span class='ocrx_word' id='word_1_751' title='bbox 2387 5553 2668 5610; x_wconf 83' lang='lat' dir='ltr'><strong>Florines.</strong></span> <span class='ocrx_word' id='word_1_752' title='bbox 2697 5621 2711 5635; x_wconf 43' lang='lat'><strong><em>‘</em></strong></span> 
     </span>
     <span class='ocr_line' id='line_1_103' title="bbox 2227 5623 2876 5701; baseline 0.011 -25"><span class='ocrx_word' id='word_1_753' title='bbox 2227 5625 2353 5701; x_wconf 86' lang='lat'><strong>719)</strong></span> <span class='ocrx_word' id='word_1_754' title='bbox 2388 5623 2448 5680; x_wconf 82' lang='lat' dir='ltr'><strong>in</strong></span> <span class='ocrx_word' id='word_1_755' title='bbox 2481 5623 2876 5700; x_wconf 83' lang='lat' dir='ltr'><strong>Lotharmgia.</strong></span> 
     </span>
    </p>
   </div>
  </div>
