3968 6312
175 329 336 396 1829

785 330 1057 397 GESNA
1096 331 1448 399 TREVEB.
1482 371 1561 384 --
1591 331 1952 398 APPEND.
1990 331 2259 400 GESTA
2287 328 2758 398 ALBERONIS
2785 327 3033 396 ARCH.

3443 333 3468 396 1
3480 331 3596 398 330

171 485 430 543 sabbato
468 485 649 558 (Nov.
681 487 774 559 29)
823 491 956 544 ante
1007 487 1326 560 predictam
1379 487 1727 548 dominicam
1779 489 1835 546 in
1866 469 1920 530 Α
1952 468 2048 540 Sit,
2084 468 2333 560 ίηάθαιιρ
2363 473 2686 560 ξ’θνθνῐθηξτ
2729 466 3037 560 πηίεδθμΐυηὶ
3079 465 3424 560 εᾳιξθιηριιίε
3463 483 3593 560 cun?

167 574 431 632 ecclesia
467 575 655 632 sancti
697 576 966 632 Eucharii
1002 577 1321 635 honorifice
1355 579 1688 650 hospitatus
1720 583 1831 636 est.

167 665 233 720 In
288 665 417 738 ipsa
471 671 665 722 autem
716 666 1003 723 dominica
1053 668 1220 738 (Nov.
1269 670 1358 740 30)
1410 684 1539 727 cum
1592 670 1836 727 maxima

167 753 560 809 veneratione
609 766 640 807 a
687 752 848 810 clero
899 758 958 810 et
1016 755 1232 826 populo
1291 772 1420 812 eum
1481 756 1838 813 inconsueta

173 840 585 912 processionis
643 845 852 896 ornatu
914 847 1087 912 atque
1151 843 1500 899 recordabili
1564 843 1838 916 sollemp-

171 929 367 984 nitate
402 929 458 984 in
493 929 772 1000 templum
805 933 893 986 est
927 929 1324 1002 introductus,
1372 933 1839 989 conducentibus

173 1031 312 1074 eum
358 1031 388 1072 a
431 1017 658 1074 dextris
708 1018 919 1075 domno
965 1018 1275 1091 Alberone,
1320 1037 1350 1078 a
1394 1021 1654 1079 sinistris
1703 1037 1840 1078 vero

178 1103 432 1162 Arnulfo
481 1105 911 1163 Coloniensium
963 1109 1422 1182 archiepiscopo,
1476 1110 1840 1183 precedenti'

177 1194 291 1248 bus
357 1208 498 1250 vero
558 1193 759 1250 multis
813 1195 1111 1268 episcopis
1165 1198 1508 1268 Germania,
1572 1199 1838 1270 Belgica,

175 1281 466 1352 Francia,
503 1281 742 1354 Anglia,
788 1285 1156 1356 Burgundia,
1201 1287 1560 1356 Lonbardia,
1596 1288 1836 1358 Tuscia,

172 1376 235 1425 et
265 1384 346 1427 ex
377 1370 534 1426 omni
577 1371 812 1427 natione
847 1387 975 1442 qua
1002 1375 1109 1430 sub
1136 1375 1266 1431 celo
1295 1381 1402 1432 est.
1442 1376 1552 1433 Sed
1585 1391 1686 1432 nec
1717 1391 1842 1432 car-

173 1457 408 1515 dinales
460 1473 804 1517 enumerare
854 1461 1036 1532 piget,
1087 1464 1184 1534 qui
1237 1481 1366 1520 cum
1418 1465 1652 1522 domino
1693 1480 1838 1537 papa

169 1547 440 1616 Eugenio
471 1547 566 1580 ⁴⁰⁹⁴
597 1549 887 1605 Treverim
944 1557 1247 1608 venerunt.
1301 1553 1420 1608 Viri
1475 1553 1624 1608 enim
1680 1555 1838 1611 fuere

171 1634 368 1705 vultu,
394 1635 621 1706 habitu,
643 1641 837 1706 gestu,
863 1639 1131 1710 scientia,
1155 1641 1416 1698 moribus
1439 1641 1836 1713 honorabiles,

171 1728 232 1778 et
262 1739 372 1795 pro
397 1738 502 1780 sua
526 1739 729 1794 magna
754 1725 1062 1782 honestate
1088 1727 1396 1785 immortali
1424 1731 1840 1788 recordatione

1949 562 2109 614 tanta
2136 559 2334 630 populi
2361 557 2686 629 frequentia
2720 557 2966 628 peregit,
3002 557 3156 628 quod
3180 557 3235 613 in
3260 561 3380 613 tota
3405 556 3593 615 sancti

1947 647 2106 704 Petri
2139 646 2403 703 acclesia
2435 661 2541 702 nee
2573 646 2831 718 spaeium
2867 645 3030 718 pedis
3056 661 3304 702 vacuum
3335 645 3595 718 reperire

1951 750 2174 806 posses.
2209 733 2356 802 Quid
2380 735 2428 791 si
2453 735 2728 804 dicerem,
2762 735 3015 806 qualiter
3037 735 3092 790 in
3117 734 3208 791 die
3232 739 3458 804 sancto,
3485 734 3597 790 sol-

1950 824 2162 894 lempm
2198 827 2438 894 peracto
2469 823 2680 892 officio,
2713 837 2786 879 ex
2828 837 2937 879 una
2974 827 3136 894 parte
3169 823 3418 880 domnus
3449 837 3596 895 papa

1951 928 2079 968 cum
2105 913 2228 969 suis
2251 912 2668 981 cardinalibus,
2693 917 2751 967 et
2775 927 2841 968 ex
2866 913 3133 983 obposita
3161 917 3326 984 parte
3349 912 3596 970 domnus

1951 1001 2428 1073 archiepiSCOpus
2457 1014 2584 1056 cum
2615 1000 2732 1056 illis
2759 1001 2853 1070 qui
2886 1001 3025 1077 illuc
3055 1004 3446 1058 convenerant
3477 1001 3598 1072 epi-

1951 1089 2164 1160 scopis,
2193 1089 2422 1146 int‘ulati
2446 1089 2499 1144 in
2525 1089 2742 1145 mensis
2765 1104 2832 1144 ex
2855 1089 3103 1144 adverso
3131 1091 3422 1161 oppositis
3453 1091 3595 1147 resi-

1953 1178 2204 1233 debant?
2241 1177 2361 1244 Qua
2405 1182 2531 1234 arte
2571 1177 2784 1248 aliquis
2815 1182 2902 1233 tot
2933 1180 2988 1232 ct
3021 1181 3218 1233 tantas
3256 1183 3596 1250 computare

1952 1274 2123 1338 queat
2149 1269 2471 1340 expensas?
2495 1268 2754 1324 Dicerem
2781 1267 3033 1338 quidem,
3060 1266 3213 1338 quod
3231 1271 3364 1323 ante
3383 1267 3597 1324 domini

1954 1372 2116 1430 papa
2140 1357 2454 1414 adventum
2483 1357 2594 1427 ‘0“,
2629 1357 2859 1413 domum
2883 1371 3011 1427 qua
3035 1371 3197 1429 papa
3223 1355 3458 1428 dicitur,
3487 1357 3598 1412 tria

1950 1445 2260 1503 habentem
2301 1445 2626 1502 intersticia
2666 1444 2984 1502 secundum
3027 1444 3416 1515 altitudinem,
3451 1445 3597 1501 infra

1953 1549 2056 1590 sex
2102 1534 2455 1590 ebdomadas
2503 1534 2854 1603 construxit,
2888 1539 2948 1589 et
2979 1533 3209 1590 domum
3259 1549 3390 1605 qua
3436 1536 3601 1590 Jeru-

1953 1621 2131 1679 salem
2157 1623 2374 1679 dicitur
2399 1624 2516 1679 fere
2541 1623 2898 1679 destructam
2921 1622 3234 1694 reparavit.
3269 1623 3379 1679 Sed
3404 1636 3600 1694 quam-

1951 1711 2041 1768 vis
2075 1716 2317 1782 taceam,
2349 1725 2444 1767 res
2468 1711 2589 1784 ipsa
2615 1710 2890 1782 loquetur
2910 1715 2966 1766 et
2991 1710 3046 1766 in
3073 1711 3407 1768 memoriam
3434 1726 3600 1769 revo-

173 1813 360 1882 digni.
398 1815 531 1871 Hac
562 1818 754 1870 autem
785 1830 987 1872 eorum
1019 1822 1156 1874 sunt
1187 1819 1441 1889 nomina,
1481 1835 1608 1891 qua
1634 1820 1840 1893 meliu?
1873 1830 1922 1888 Β
1952 1801 2136 1893 cami-

171 1902 231 1956 in
281 1901 436 1958 libro
476 1902 612 1959 vita
652 1902 872 1959 utinam
920 1906 1136 1977 scripta
1187 1907 1299 1964 sint
1343 1907 1490 1978 (720)
1530 1928 1542 1962 :
1578 1899 1836 1981 episeop‘

171 1988 514 2047 cardinales
549 2008 561 2042 :
595 1989 902 2048 Albericus
937 1992 1286 2061 Hostiensis,
1324 1996 1592 2053 llimerus
1623 1998 1841 2054 Tuscu-

171 2075 378 2142 lanus;
432 2077 746 2148 presbiteri
781 2098 793 2133 :
827 2079 1011 2136 Guido
1061 2083 1426 2154 Summanus,
1485 2085 1838 2141 llaribertus

173 2167 229 2220 S.
272 2165 622 2237 Anastasia,
653 2168 931 2236 magister
970 2169 1322 2237 Guidodens,
1355 2172 1443 2227 vir
1471 2172 1640 2230 valde
1673 2172 1840 2230 litte-

173 2259 366 2324 ratus,
407 2253 598 2324 legum
639 2260 700 2310 et
731 2257 882 2327 juris
930 2258 1174 2329 peritus,
1225 2259 1414 2317 Julius
1450 2261 1504 2316 S.
1550 2262 1834 2318 Marcelli,

177 2345 346 2412 llugo
367 2342 762 2414 Novariensis,
798 2345 1075 2415 magister
1104 2348 1428 2419 Hubaldus,
1466 2349 1836 2407 Gislebcrtus

173 2431 229 2487 S.
260 2431 456 2501 Marci,
480 2432 768 2489 Iohannes
790 2433 1028 2506 Papiro;
1057 2451 1128 2492 ex
1151 2437 1410 2494 moribus
1435 2438 1709 2509 nobilior,
1737 2440 1840 2496 ho-

174 2523 410 2576 nestate
441 2523 500 2576 et
532 2519 890 2578 liberalitate
929 2524 1240 2593 notandus,
1285 2525 1561 2597 specialis
1609 2531 1834 2583 amator

173 2608 688 2678 Theutonicorum,
716 2609 900 2667 Guido
923 2611 1270 2684 Cremensis,
1295 2613 1384 2670 vir
1407 2613 1506 2670 alti
1534 2615 1831 2685 sanguinis

173 2695 466 2767 valdeque
484 2697 726 2755 curialis
746 2703 803 2754 et
825 2699 1106 2757 honestus
1126 2699 1400 2772 dulcique
1418 2701 1688 2774 eloquio;
1711 2702 1834 2760 Odo

176 2785 339 2841 Bone
361 2798 516 2855 ease,
539 2787 1045 2846 mansuetissimus
1067 2789 1258 2860 homo,
1281 2803 1352 2846 ex
1370 2791 1644 2848 Romanis
1666 2797 1834 2849 ortus

173 2871 496 2944 nobilibus,
531 2874 798 2931 omnibus
825 2875 1074 2934 affabilis
1097 2883 1153 2934 et
1178 2878 1343 2949 pius;
1375 2880 1665 2936 Johannes
1697 2895 1835 2952 quo—

175 2977 292 3033 que
332 2961 386 3017 S.
429 2962 622 3019 Maria
669 2978 851 3034 nova,
906 2965 994 3022 vir
1043 2966 1395 3026 dulcissima
1446 2968 1830 3038 aﬂ‘abilitatis,

178 3049 570 3107 sanctimonia
637 3067 978 3125 morumque
1038 3055 1422 3112 exornatione
1484 3056 1831 3124 decoratus;

179 3139 500 3210 Gregorius
551 3155 780 3212 quoque
825 3143 878 3197 S.
922 3143 1146 3214 Angeli,
1191 3145 1280 3200 vir
1321 3145 1535 3216 ingenii
1590 3147 1829 3212 vivacis,

179 3233 492 3299 promptus
519 3232 578 3285 et
607 3230 919 3301 expeditus
945 3231 1018 3288 ad
1049 3233 1238 3290 omnia
1281 3248 1408 3304 qua
1448 3234 1743 3292 honestati
1775 3243 1834 3293 et

176 3315 446 3373 ecclesia
469 3318 568 3374 Dei
593 3317 834 3374 utilitati
863 3321 1237 3379 conveniunt.
1270 3322 1416 3388 Quid
1443 3324 1628 3380 dicam
1655 3324 1724 3381 de
1744 3327 1834 3382 Ja-

173 3405 392 3475 cincto,
415 3405 512 3477 qui
533 3419 757 3464 omnem
775 3408 1091 3479 jacinctum
1115 3409 1426 3482 splendore
1447 3427 1568 3468 sua
1590 3414 1834 3470 virtutis

172 3493 470 3564 vincebat,
507 3494 605 3564 qui
635 3495 852 3568 eloquii
887 3497 977 3554 sui
1009 3498 1318 3556 dulcedine
1350 3514 1551 3558 omnes
1584 3502 1640 3557 in
1679 3516 1834 3559 amo-

170 3597 297 3638 rem
339 3582 432 3640 sui
475 3583 769 3655 trahebat,
814 3599 983 3656 quem
1026 3587 1229 3644 audire
1273 3591 1448 3659 atque
1479 3589 1700 3660 videre,
1737 3591 1835 3648 ho-

170 3673 465 3728 nestatem
499 3671 728 3730 discere
759 3675 920 3730 erat?
962 3676 1069 3731 Sed
1113 3690 1219 3734 nec
1263 3677 1580 3734 Guidonem
1625 3680 1833 3736 tacebo

168 3759 472 3828 Pisanum,
502 3759 689 3818 virum
715 3762 1235 3833 prudentissimum
1261 3771 1317 3822 et
1347 3766 1710 3838 breviloquio
1738 3783 1834 3824 no-

173 3845 437 3904 tabilem.
469 3847 570 3905 His
597 3851 866 3908 omnibus
895 3853 1372 3927 archiepiscOpus
1400 3869 1502 3927 per
1525 3855 1831 3912 duodecim

169 3935 536 3993 ebdomadas
559 3939 834 3996 continue
854 3940 1103 4012 largitus
1121 3947 1212 4000 est
1230 3944 1559 4000 necessaria
1587 3946 1644 4000 in
1671 3950 1832 4002 tanta

167 4022 596 4097 habundantia,
631 4028 787 4098 quod
814 4029 924 4102 ipsi
953 4045 1182 4102 quoque
1215 4031 1571 4097 fatebantur,
1603 4033 1830 4105 copiam

169 4113 350 4185 pleno
379 4128 563 4170 cornu
595 4117 828 4174 venisse
859 4118 929 4174 ad
963 4120 1142 4192 ipsos.
1179 4119 1326 4185 Quid
1359 4121 1607 4177 referam
1636 4121 1706 4178 de
1732 4137 1830 4178 su-

172 4201 661 4272 pervenientibus
707 4206 1190 4280 archiepiscopis,
1240 4208 1554 4280 episcopis,
1607 4211 1837 4266 abbati-

172 4290 308 4357 bus,
342 4290 868 4364 archidiaconibus,
915 4296 1252 4368 propositis,
1301 4297 1569 4367 ducibus,
1612 4299 1836 4356 comiti-

168 4377 302 4447 bus,
331 4377 403 4434 ad
427 4378 698 4438 domuum
727 4397 932 4456 papam
957 4385 1248 4442 Treverim
1275 4386 1667 4458 venientibus,
1697 4403 1838 4458 quo-

169 4479 299 4520 rum
324 4479 396 4523 ne
418 4481 594 4524 unum
627 4470 859 4540 quidem
893 4471 1186 4543 largitatis
1215 4473 1454 4545 reliquit
1485 4475 1835 4532 immunem?

2023 1875 2108 1927 24.
2141 1873 2301 1928 Nunc
2331 1871 2402 1926 ad
2428 1872 2536 1928 hoc
2569 1877 2818 1942 transeo,
2851 1870 3006 1941 quod
3031 1870 3298 1928 dominus
3321 1884 3468 1942 papa
3490 1871 3600 1928 Eu-

1950 1961 2157 2031 genius
2175 1974 2202 2015 a
2221 1960 2489 2016 Treveris
2511 1959 2806 2029 recedens,
2832 1958 3026 2016 Remis
3042 1957 3449 2016 celebraturus
3467 1971 3599 2015 con-

1951 2047 2151 2105 cilium
2196 2048 2484 2106 mediante
2526 2048 2967 2118 quadragesima
3005 2048 3270 2120 pervenit
3302 2046 3406 2117 (an
3438 2048 3597 2115 1148,

1948 2134 2132 2193 Mart.
2163 2139 2270 2207 17).
2308 2135 2390 2192 Ad
2423 2137 2574 2206 quod
2600 2135 2910 2193 concilium
2935 2135 3181 2192 domnus
3205 2135 3598 2208 archiepisco-

1953 2240 2059 2296 pus
2091 2225 2304 2281 Albero
2346 2229 2461 2280 tam
2504 2223 2806 2294 magnifice
2840 2224 3123 2296 pervenit,
3158 2225 3312 2295 quod
3343 2224 3596 2280 omnium

1947 2314 2150 2370 oculos
2190 2315 2244 2370 in
2283 2329 2344 2370 se
2393 2318 2449 2370 et
2499 2328 2599 2370 ora
2651 2314 2902 2384 aperuit.
2953 2313 3015 2368 In
3062 2312 3353 2370 camerula
3403 2318 3596 2369 autem

1949 2401 2020 2460 de
2061 2403 2222 2458 corio
2262 2403 2434 2472 facta,
2485 2402 2636 2458 lineo
2678 2415 2869 2473 panno
2918 2401 3271 2458 intrinsecus
3321 2401 3600 2458 decenter

1948 2491 2224 2560 obducta,
2260 2490 2412 2546 inter
2443 2489 2592 2546 duos
2624 2491 2925 2547 ferebatur
2951 2504 3155 2560 equos,
3187 2489 3340 2560 quod
3366 2489 3598 2546 cunctis

1948 2578 2074 2634 visu
2105 2586 2231 2633 erat
2267 2578 2551 2634 mirabile.
2590 2580 2901 2633 Senectute
2939 2579 3090 2634 enim
3117 2591 3232 2648 jam
3269 2577 3596 2647 laborabat,

1947 2657 2252 2727 longisque
2276 2658 2498 2713 fractus
2523 2657 2832 2712 deﬁciebat
2857 2657 3180 2713 laboribus.
3206 2658 3267 2712 In
3291 2657 3397 2713 hoc
3423 2657 3600 2728 igitur

1947 2745 2194 2802 concilio
2221 2747 2378 2816 prior
2402 2746 2456 2800 in
2483 2745 2688 2800 ordine
2718 2745 2949 2801 cunctis
2983 2745 3248 2802 residens
3277 2745 3594 2817 episcopis,

1949 2835 2128 2904 relegi
2152 2834 2221 2890 de
2245 2835 2495 2906 primatu
2529 2833 2687 2890 sedis
2711 2848 2832 2890 sua
2858 2833 3102 2905 plurima
3130 2835 3263 2890 fecit
3293 2833 3597 2905 privilegia

1945 2938 2122 2995 super
2144 2938 2370 2979 onmem
2395 2922 2702 2992 Belgicam,
2733 2920 2970 2978 Galliam
3006 2929 3180 2992 atque
3211 2923 3594 2978 Germaniam.

1946 3012 2168 3080 Quibus
2206 3011 2440 3080 auditis,
2487 3011 2784 3068 Remensis
2826 3010 3303 3082 archiepiscopus
3339 3025 3450 3066 non
3483 3025 3598 3066 me-

1946 3101 2231 3158 diocriter
2261 3101 2533 3158 turbatus
2561 3105 2671 3156 est.
2708 3099 2868 3157 Unde
2897 3103 2955 3156 et
2986 3099 3248 3155 homines
3278 3097 3436 3156 illius
3465 3113 3596 3156 cum

1867 3185 1914 3246 Ο
1948 3190 2277 3246 hominibus
2297 3189 2418 3246 suis
2441 3189 2831 3246 turbationem
2855 3188 3154 3257 facientes,
3183 3187 3410 3258 aliquos
3425 3201 3496 3243 ex
3514 3188 3600 3245 eis

1947 3279 2422 3336 vulneraverunt.
2471 3277 2634 3344 Quod
2669 3278 2792 3349 ipse
2824 3276 3090 3333 dominus
3123 3276 3601 3349 archiepiscopus

1948 3357 2161 3414 Albcro
2181 3357 2349 3414 valde
2372 3358 2562 3415 ferens
2581 3357 2834 3427 indigne,
2857 3357 3210 3426 minabatur,
3233 3355 3597 3429 lvodio(7‘21)

1947 3462 2010 3502 se
2033 3461 2328 3504 sessurum
2349 3450 2407 3504 et
2427 3449 2766 3503 Remensem
2786 3449 3150 3502 vastaturum
3171 3445 3595 3516 episcopatum.

1945 3536 2314 3606 Tandemque
2355 3534 2425 3590 ad
2463 3535 2614 3592 hunc
2657 3534 2824 3591 finem
2860 3549 2953 3591 res
2983 3538 3071 3590 est
3103 3533 3406 3606 perducta,
3443 3533 3599 3604 quod

1947 3625 2248 3680 Remensis
2292 3623 2772 3694 archiepiscopus
2803 3638 2934 3679 cum
2963 3621 3368 3678 Suessionensi
3400 3620 3469 3678 ad
3505 3621 3602 3677 ho-

1947 3712 2196 3784 spicium
2232 3710 2496 3781 pervenit
2518 3714 2576 3764 et
2603 3710 2864 3766 homines
2889 3709 2986 3780 qui
3010 3709 3156 3764 hanc
3187 3708 3416 3780 culpam
3447 3723 3602 3765 com-

1947 3801 2224 3856 miserant
2255 3799 2311 3853 in
2336 3797 2462 3865 ejus
2484 3800 2837 3867 potestatem
2861 3796 3044 3852 dedit.

2017 3876 2102 3926 23.
2133 3869 2345 3924 Eodem
2371 3865 2520 3922 anno
2545 3881 2740 3922 mense
2765 3865 3129 3938 Septembrio
3151 3880 3278 3920 cum
3306 3865 3600 3936 palatinus

1947 3958 2331 4013 llerimannus
2371 3959 2626 4010 castrum
2667 3955 2793 4011 Tris
2825 3953 2976 4024 (722)
3008 3957 3362 4025 occupasset
3392 3957 3446 4008 et
3481 3953 3600 4009 edi-

1950 4047 2096 4103 ficiis
2121 4044 2430 4113 ﬁrmasset,
2463 4044 2600 4098 Otto
2626 4057 2822 4098 comes
2841 4042 2914 4098 de
2936 4042 3162 4098 Reneca
3183 4045 3444 4098 castrum
3469 4057 3599 4113 pre-

1948 4136 2166 4192 dictum
2212 4149 2342 4189 cum
2385 4137 2541 4188 terra
2589 4132 2861 4188 attinenti
2895 4131 3026 4188 huic
3059 4129 3504 4202 archiepiscopo
3535 4134 3594 4186 et

1947 4225 2215 4280 ecclesia
2237 4237 2356 4278 sua
2380 4221 2562 4293 dedit,
2601 4226 2656 4278 ut
2694 4221 2816 4294 ipse
2850 4219 2992 4276 illud
3025 4224 3423 4290 recuperaret.
3451 4218 3600 4286 Qua-

1948 4309 2192 4376 prOptcr
2223 4303 2480 4357 castrum
2513 4301 2843 4372 predictum
2877 4298 3126 4358 obsedit.
3170 4297 3471 4356 Palatinus
3497 4313 3595 4355 au-

1949 4400 2063 4449 tem
2104 4390 2374 4448 collectis
2416 4389 2684 4446 omnibus
2722 4389 2947 4446 viribus
2979 4387 3100 4446 suis
3130 4387 3201 4442 ad
3231 4385 3596 4443 liberandum

1947 4486 2204 4539 castrum
2236 4478 2424 4544 venit;
2469 4477 2539 4534 ad
2573 4478 2876 4534 introitum
2909 4476 3091 4546 silva,
3127 4489 3254 4546 qua
3281 4479 3476 4530 castro
3503 4471 3597 4507 ⁴⁰⁹⁷

172 4553 398 4610 Natalis
426 4555 652 4612 Domini
686 4559 1182 4632 sollempnitatem
1215 4572 1353 4619 tunc
1381 4564 1652 4620 Treveris
1685 4563 1834 4620 cele-
1865 4547 1915 4606 Ῑ)
1947 4570 2197 4640 adjacet,
2220 4571 2415 4624 castra
2442 4571 2694 4622 metatus
2717 4570 2828 4622 est.
2858 4564 3347 4634 Archiepiscopus
3363 4575 3505 4618 vero
3523 4577 3595 4616 ex

171 4643 403 4698 bratam
429 4644 560 4714 quis
579 4645 656 4701 ita
679 4647 855 4704 dictis
875 4649 1166 4720 explicare
1191 4657 1366 4722 queat
1385 4651 1496 4722 “’5,
1522 4656 1606 4722 ut,
1626 4657 1713 4723 tu,
1736 4655 1833 4724 qui

169 4745 286 4786 non
317 4731 560 4803 videris,
593 4733 922 4806 intelligere
946 4739 1038 4794 vel
1063 4739 1365 4810 imagmari
1398 4742 1624 4813 possis?
1653 4741 1833 4808 Quam

167 4822 348 4890 putas
367 4835 631 4894 pompam
652 4827 1045 4894 processionis
1065 4829 1117 4883 in
1141 4829 1233 4885 die
1255 4837 1460 4886 sancto
1482 4830 1685 4900 fuisse,
1703 4844 1832 4886 cum

169 4907 444 4966 dominus
487 4925 630 4982 papa
662 4928 790 4970 eum
824 4927 1000 4972 nacco
1035 4917 1327 4986 equitans,
1377 4917 1832 4990 procedentibus

165 4996 574 5055 cardinalibus
606 5005 666 5056 et
697 5003 1108 5074 episcoporum
1141 5004 1536 5076 multitudine,
1574 5007 1628 5061 in
1662 5005 1831 5076 cquis

167 5084 306 5140 albo
341 5089 658 5160 coopertis,
688 5090 758 5146 ad
783 5091 1088 5149 ecclesiam
1119 5094 1304 5152 sancti
1339 5095 1561 5152 Paulini
1596 5108 1830 5168 proces-

1945 4658 2211 4730 opposita
2236 4661 2420 4729 parte,
2448 4655 2570 4712 acie
2597 4655 2882 4710 instructa
2907 4651 3166 4723 equitum
3193 4649 3590 4730 peditumque,

1944 4727 2039 4809 per
2079 4744 2200 4794 tres
2230 4727 2354 4791 dies
2379 4735 2507 4804 ejus
2535 4733 2968 4804 prestolabatur
2997 4730 3329 4786 adventum.
3363 4727 3488 4784 Illic
3510 4729 3590 4784 vi-

1943 4829 2114 4884 deres
2143 4825 2340 4896 galeas
2371 4823 2646 4890 nitentes,
2679 4819 2892 4876 loricas
2915 4817 3224 4890 splendore
3247 4816 3397 4872 diem
3421 4831 3592 4888 supe-

1944 4920 2162 4984 rantes,
2189 4912 2410 4984 clipeos
2431 4909 2717 4966 coruseho
2739 4907 2862 4964 sole
2883 4905 3338 4977 circumpositos
3360 4909 3591 4960 montes

1941 5003 2329 5060 illustrantes.
2358 5001 2402 5055 0
2423 5013 2590 5070 quam
2612 4995 2936 5068 intrepidos
2956 4995 3155 5052 vultus
3175 4993 3430 5050 virorum
3451 5008 3584 5050 con-

1939 5091 2226 5162 spiceres!
2263 5089 2442 5154 Quam
2475 5084 2853 5156 impacienter
2883 5096 3101 5140 moram
3130 5081 3318 5138 hostis
3350 5081 3582 5139 tardan-

1545 5220 1633 5274 VA
1647 5217 1785 5272 ΒΙᾸΞ
1831 5215 2225 5271 LECTlONES.

248 5329 337 5362 “’9‘
373 5329 431 5382 Ε.
466 5343 514 5387 σ.
595 5329 685 5364 ί⁰⁹⁸
718 5337 856 5402 quat
887 5347 934 5390 ο.
1015 5332 1106 5365 ⁴⁰⁹⁶
1139 5331 1390 5390 adventu
1423 5345 1469 5390 ο.
1549 5331 1641 5366 ⁸⁰⁹⁷
1670 5337 1866 5388 costro
1897 5345 1943 5388 ο.

1777 5446 1998 5502 ΝΟΤίΕ.

246 5592 402 5664 (720)
439 5589 791 5664 Quibuscum
843 5591 917 5647 cf.
967 5589 1438 5660 subscriptiones
1489 5591 1542 5646 in
1592 5589 1831 5658 Eugenii

175 5662 429 5728 chartis,
465 5675 556 5732 ap.
593 5662 850 5721 Giinther
881 5665 922 5728 Ι,
957 5677 1011 5736 ρ.
1047 5665 1168 5730 311,
1203 5666 1316 5718 etc.

2017 5588 2165 5670 (2'3!)
2197 5584 2370 5670 Ξνοίβ·

2019 5659 2166 5732 (722)
2197 5659 2375 5714 Treis.
