3968 6380
17 913 36 1002 i

19 1009 36 1100 71‘

29 1165 38 1204 ὲ

25 1225 38 1294 Ξ

21 1307 36 1468 l

23 1645 32 1664 ξ

13 2403 22 2494 ἰ

15 2495 20 2520 l

13 2175 50 2936 ³

0 4979 54 5966 ἱ

263 1 542 24 .-.εκί-ὼθ-π-τοικκ
563 17 584 26 ,ε

267 21 580 40 *ου-Η
595 23 864 46 ..νὼὲνυλᾙη

393 53 400 60 ⁴
703 53 706 56 ’
857 49 866 58 ³
899 59 906 62 -
1141 57 1150 64 ε
1179 61 1234 68 ,ιι
1291 61 1340 78 μ’.
1399 59 1402 62 ’
1457 61 1542 78 -τιν-
1597 67 1600 70 .

445 341 590 408 1331
1027 346 1297 412 GESTA
1325 349 1680 415 TREVER.
1711 385 1789 400 -—
1818 349 2172 415 APPEND.
2202 348 2470 416 GESTA
2500 349 2974 418 ALBERONIS
3003 351 3245 422 ARCH.
3698 353 3844 424 1882

442 503 518 558 tis
538 503 984 574 ferebantlQute
1000 505 1523 580 preludiamilitum
1543 522 1817 566 cerneres
1839 525 2086 582 pugnam
2115 484 2172 544 Α
2200 513 2314 572 cite
2344 513 2720 586 peccatorum
2755 514 3086 573 vestrorum
3125 514 3590 590 confessionem;
3627 517 3688 577 et
3719 532 3842 592 ego,

441 593 838 652 simulantium
875 597 927 652 in
961 599 1170 654 armis!
1215 599 1393 665 Quam
1438 599 1600 656 brevi
1641 599 1839 670 spacio
1877 615 2088 670 equum

443 685 694 742 ferocem
717 685 1078 742 circumferri
1103 687 1360 744 videres!
1387 688 1598 755 Quales
1624 687 1871 745 militum
1895 689 2090 746 obvia-

443 773 634 830 tiones
666 775 718 830 in
753 777 936 845 equis.
974 775 1128 847 quali
1172 779 1368 832 hastas
1411 779 1640 846 fragore
1677 778 1928 834 discindi
1963 793 2090 849 per-

443 863 730 934 spiceres!
759 863 973 929 Quales
995 866 1230 921 audires
1251 865 1537 924 clamores
1563 866 1764 923 horum
1789 866 2092 938 insequen-

443 952 605 1021 tium,
642 952 870 1008 illorum
909 959 1068 1024 terga
1102 957 1486 1012 vertentium!
1535 956 1653 1022 Qua
1695 961 1821 1012 arte
1861 957 2094 1013 simula-

443 1046 558 1096 tam
590 1043 930 1100 attenderes
962 1044 1174 1112 fugam,
1207 1060 1375 1115 quam
1410 1045 1635 1102 subitas
1670 1046 1840 1101 modo
1873 1046 2093 1113 fugien-

441 1129 586 1186 tium
608 1131 970 1201 rellexiones,
989 1133 1333 1204 etprecipiti
1353 1148 1530 1190 cursu
1553 1149 1780 1190 versam
1803 1135 2088 1190 fortunam

443 1234 640 1276 eorum
667 1237 762 1290 qui
783 1221 898 1287 jam
923 1221 1320 1291 sequebantur
1344 1228 1506 1290 terga
1535 1222 1981 1294 impellentium!
2009 1223 2090 1277 lbi

446 1313 682 1365 notares
701 1309 915 1365 milites
933 1311 1102 1366 modo
1120 1299 1534 1374 condensatos,
1554 1311 1722 1366 modo
1744 1311 1940 1366 subito
1962 1325 2092 1366 sese

447 1407 696 1477 aperire,
714 1407 1224 1479 incursantemun
1245 1409 1469 1464 hostem
1494 1409 1790 1478 ingeniose
1814 1410 1978 1480 quasi
2003 1425 2093 1466 ee-

447 1495 636 1552 dendo
661 1497 714 1552 in
739 1498 925 1553 sinum
958 1499 1242 1570 recipere,
1279 1499 1625 1570 reﬂexisque
1656 1499 1932 1556 cornibus
1963 1515 2091 1554 cum

447 1584 828 1650 concludere;
873 1586 1028 1642 mille
1071 1587 1149 1642 ibi
1189 1592 1365 1656 artes,
1409 1587 1566 1643 mille
1611 1587 1845 1644 fallendi
1891 1588 2092 1644 modos

446 1671 670 1730 discere
703 1674 968 1730 dabatur.
1016 1675 1251 1732 Interim
1285 1675 1712 1748 archiepiSCOpi
1755 1676 2094 1748 explorator

447 1763 648 1834 capias
673 1764 911 1834 palatini
937 1771 1343 1836 perscrutatus
1367 1765 1622 1835 advenit,
1659 1767 1753 1838 qui
1788 1765 1946 1821 illu-n
1977 1765 2090 1834 jam

2194 603 2484 676 potestate
2501 617 2541 660 a
2567 605 2680 660 Deo
2699 603 2866 662 nobis
2889 605 3140 676 tradita,
3157 607 3400 678 faciam
3423 607 3594 666 vobis
3611 623 3717 680 per
3736 610 3844 680 aﬂ-

2200 693 2355 750 cium
2369 707 2472 750 nos
2480 694 2634 751 trum
2647 693 3088 766 indulgentiam
3099 697 3158 752 et
3163 699 3576 756 remissionem
3595 699 3846 757 omnium

2199 781 2546 840 delictorum
2571 783 2917 853 vestrorum,
2939 785 3026 854 ut,
3051 787 3108 842 si
3133 787 3270 858 quis
3291 785 3466 844 hodie
3485 801 3563 844 ea:
3585 787 3701 846 hac
3721 789 3847 846 tem-

2187 873 2396 944 porali
2425 871 2485 928 et
2509 873 2740 930 incerta
2765 873 2896 931 rita
2924 875 3218 945 evocatur,
3257 877 3534 933 transeat
3554 877 3640 934 ad
3659 878 3846 934 melio-

2198 975 2324 1017 rem
2351 961 2558 1032 citam,
2591 961 2823 1020 scilicet
2846 963 3143 1020 (sternam.
3174 965 3330 1020 Tunc
3362 980 3492 1022 cum
3523 967 3846 1038 accepisset

2202 1049 2454 1106 omnium
2473 1065 2832 1106 communem
2851 1052 3300 1123 confessionem,
3321 1052 3684 1125 indulgentia
3706 1056 3848 1112 facta

2201 1143 2260 1194 et
2279 1137 2666 1208 absolutione,
2692 1139 3160 1197 benedictionem
3180 1156 3358 1213 super
3379 1157 3484 1200 eos
3509 1143 3750 1212 faciens,
3775 1144 3846 1199 ita

2203 1242 2403 1284 omnes
2424 1227 2722 1298 animavit,
2743 1229 2895 1299 quod
2920 1244 3030 1285 nec
3052 1230 3107 1286 in
3131 1245 3244 1288 uno
3269 1231 3496 1302 signum
3521 1232 3853 1291 timiditatis

2203 1317 2492 1388 apparuit.
2520 1318 2647 1388 Ipse
2671 1333 2808 1374 vero
2833 1318 3314 1391 archiepiscopus
3344 1320 3627 1378 vexillum
3655 1321 3852 1378 comiti

2205 1406 2547 1462 Namuct-nsi
2573 1406 2882 1477 commisit,
2909 1421 3138 1464 crucem
3165 1413 3359 1466 autem
3387 1409 3646 1482 propriis
3666 1415 3854 1481 gesta-

2206 1494 2303 1550 bat
2325 1495 2611 1551 manibus.
2637 1495 2768 1552 Haec
2787 1510 2916 1552 cum
2939 1496 3013 1552 ita
3036 1512 3098 1554 se
3117 1496 3420 1569 haberent,
3445 1499 3852 1572 palatinusque

2207 1598 2310 1655 per
2338 1583 2748 1655 exploratores
2777 1585 3060 1642 rescisset
3085 1600 3148 1642 se
3170 1601 3285 1643 non
3309 1587 3578 1644 sufﬁcere
3605 1587 3678 1644 ad
3705 1602 3854 1645 com-

2209 1671 2548 1728 mittendam
2583 1687 2828 1745 pugnam
2857 1679 3062 1731 contra
3081 1674 3238 1732 acies
3262 1677 3340 1732 ita
3365 1675 3668 1745 animatas,
3701 1677 3852 1733 misit

2209 1761 2436 1832 legatos
2458 1761 2527 1818 ad
2549 1762 3076 1834 archiepiscopum,
3095 1768 3156 1821 et
3177 1764 3357 1820 verba
3377 1765 3683 1836 precantia
3705 1779 3856 1821 man-

451 1853 857 1909 advcntantem
895 1860 954 1909 et
1005 1855 1074 1910 ad
1119 1871 1365 1926 pugnam
1421 1861 1684 1928 paratum
1739 1855 2090 1927 prenuntiat.
2123 1838 2179 1900 Β
2211 1851 2341 1918 dat;
2371 1855 2428 1907 et
2458 1855 2518 1906 ut
2547 1851 2667 1906 cito
2701 1851 2769 1906 ad
2798 1851 2966 1908 finem
2996 1855 3244 1922 veniam,
3273 1852 3384 1909 hoc
3415 1851 3774 1926 impetravit,
3798 1859 3858 1910 ut

453 1941 607 1995 Tunc
639 1939 871 1998 videres
911 1955 1106 1998 senem
1141 1941 1323 2012 illum,
1350 1943 1466 2013 jam
1502 1947 1626 2000 toto
1659 1942 1944 2000 defectum
1973 1957 2097 1998 cor-

456 2043 616 2097 pore,
649 2031 805 2087 acies
837 2031 1094 2103 peditum
1128 2033 1422 2102 ordinare,
1455 2033 1685 2103 equites
1711 2033 1945 2089 militari
1970 2037 2096 2087 arte

451 2115 780 2187 diSponere,
799 2124 968 2176 notos
986 2135 1054 2177 ex
1076 2121 1303 2178 nomine
1324 2122 1664 2191 singillatim
1687 2119 2003 2192 appellare,
2027 2119 2096 2176 de

449 2205 666 2274 ignotis
694 2207 790 2278 qui
822 2209 940 2265 sint
969 2211 1051 2266 ita
1083 2210 1469 2280 interrogare,
1502 2215 1563 2266 ut
1594 2226 1662 2266 ex
1696 2209 1819 2280 ipsa
1852 2209 2100 2264 interro-

445 2294 679 2361 gatione
721 2310 834 2350 non
875 2295 1238 2353 solummodo
1277 2299 1570 2364 noticiam,
1606 2298 1778 2352 immo
1810 2295 1984 2352 etiam
2018 2294 2099 2350 fa-

449 2382 844 2440 miliaritatem
879 2386 1023 2440 tanti
1058 2386 1342 2456 principis
1375 2385 1485 2441 sibi
1521 2384 1914 2455 adquisivisse
1945 2383 2101 2438 vide-

451 2476 675 2526 rentur.
709 2473 863 2528 Tunc
900 2473 1360 2530 exhortatoriam
1391 2473 1482 2507 ⁴⁰⁹⁸
1513 2473 1857 2542 orationem,
1893 2477 2098 2526 tenens

451 2573 684 2614 erucem
718 2560 1274 2632 archiepiscopalem
1308 2563 1364 2618 in
1398 2562 1684 2628 manibus,
1719 2561 1877 2631 cepit
1909 2559 1980 2615 ad
2013 2573 2102 2614 ar-

454 2652 638 2702 matas
683 2650 841 2704 ac'es
888 2649 988 2705 tali
1041 2650 1208 2706 modo
1256 2651 1448 2706 facere
1483 2670 1494 2704 :
1532 2652 1576 2708 0
1604 2665 1704 2707 cos
1734 2651 1916 2707 amici
1949 2647 2106 2704 beati

450 2735 656 2794 Petri!
679 2739 724 2794 Ο
741 2739 960 2796 sancta
981 2739 1318 2812 defensores
1340 2740 1626 2797 ecclesiae!
1659 2741 1770 2812 qui
1801 2738 1974 2794 hodie
1999 2751 2106 2806 pro

446 2824 567 2880 Deo
589 2827 769 2896 atque
776 2841 890 2898 pro
899 2828 1161 2899 justicia
1185 2827 1470 2885 mortalia
1500 2843 1748 2900 corpora
1778 2827 1980 2883 nostra
2009 2825 2108 2880 ho-

445 2912 578 2970 stili
591 2914 800 2984 gladio
817 2917 1196 2986 apposuistis,
1214 2915 1765 2974 nuncoeniatrobis
1779 2916 1840 2972 in
1856 2914 2108 2970 mentem

451 3000 648 3060 beatus
661 3004 894 3074 Petrus,
911 3006 1082 3076 cujus
1096 3007 1177 3062 mi
1187 3006 1320 3063 lites
1333 3005 1507 3062 hodie
1519 3005 1822 3074 existitis;
1843 3003 2108 3061 credatis

453 3105 579 3146 eum
593 3105 723 3148 cum
733 3105 953 3163 magna
967 3095 1304 3151 sanctorum
1319 3096 1558 3151 caterra
1577 3091 1987 3152 inoisibilibus
2001 3091 2108 3146 cli-

2211 1940 2296 1997 sui
2317 1941 2413 2011 qui
2432 1945 2598 1996 erant
2619 1940 2673 1996 in
2695 1945 2890 1997 castro
2909 1941 3058 1999 illesi
3079 1941 3332 2012 abirent,
3355 1947 3413 1998 et
3439 1942 3510 1998 de
3533 1947 3734 1999 castro
3756 1957 3858 2000 suo

2211 2027 2690 2099 archiepiscopus
2713 2043 2874 2084 suam
2897 2029 3160 2101 expleret
3194 2029 3574 2088 voluntatem.

2279 2120 2366 2172 26.
2421 2117 2580 2174 Nunc
2629 2117 2700 2174 de
2749 2118 3007 2174 moribus
3052 2118 3180 2188 ejus
3227 2122 3288 2175 et
3334 2119 3862 2176 consuetudinibus

2211 2221 2392 2277 pauca
2420 2219 2656 2262 narrare
2681 2205 2852 2262 michi
2877 2205 3050 2274 libet;
3083 2206 3303 2264 alienos
3333 2208 3485 2264 enim
3509 2208 3567 2264 in
3590 2207 3859 2264 omnibus

2209 2295 2483 2363 gerendis
2502 2298 2559 2350 et
2579 2295 2748 2352 valde
2762 2291 3078 2352 inusitatos
3099 2311 3293 2354 mores
3311 2297 3585 2353 habebat.
3605 2297 3861 2369 Corpore

2212 2383 2417 2440 tardus
2445 2388 2506 2438 et
2537 2397 2714 2454 opere
2739 2389 2798 2441 et
2822 2399 3092 2442 sermone
3113 2389 3259 2442 erat.
3296 2385 3500 2441 Omnia
3530 2384 3862 2442 diutissime

2215 2473 2592 2544 pertrabebat
2608 2491 2622 2537 ;
2639 2488 2932 2544 nunquam
2951 2472 3043 2530 vel
3063 2473 3372 2530 admodum
3393 2488 3529 2530 raro
3549 2487 3864 2546 properan-

2215 2561 2289 2618 do
2305 2559 2520 2632 aliquid
2539 2562 2767 2632 agebat,
2785 2561 2887 2618 sed
2905 2561 3174 2618 omnibus
3193 2565 3410 2618 tantam
3433 2575 3653 2618 moram
3676 2562 3866 2619 innec-

2218 2650 2396 2719 tebat,
2424 2651 2574 2722 quod
2605 2652 2800 2722 gravis
2828 2650 2996 2708 valde
3025 2656 3084 2707 et
3115 2666 3380 2708 morosus
3409 2651 3686 2709 omnibus
3715 2651 3869 2708 vide-

2219 2739 2390 2794 batur
2413 2744 2470 2795 et
2492 2739 2713 2797 tedium
2738 2744 2854 2796 tam
2880 2740 3006 2796 suis
3029 2755 3198 2811 quam
3225 2739 3431 2796 alienis
3459 2739 3782 2807 inferebat;
3812 2745 3868 2796 et

2219 2844 2348 2884 cum
2394 2844 2497 2900 pro
2539 2830 2712 2885 nimia
2746 2844 2848 2886 sua
2881 2829 3209 2887 tardatione
3242 2843 3338 2885 res
3369 2828 3657 2899 quelibet,
3701 2843 3870 2900 quam

2220 2917 2564 2988 incepturus
2587 2924 2734 2986 erat,
2767 2917 3075 2990 desperata
3099 2923 3280 2989 esset,
3311 2923 3506 2974 tamen
3531 2922 3739 2989 optato
3764 2917 3872 2973 ﬁne

2219 3005 2665 3062 terminabatur.
2701 3007 2814 3064 Nec
2837 3007 2894 3062 in
2917 3005 3291 3076 ambulando,
3317 3020 3421 3062 nec
3448 3005 3504 3061 in
3527 3005 3871 3077 equitando,

2221 3108 2326 3151 nec
2359 3094 2414 3150 in
2448 3095 2809 3164 dormiendo,
2851 3109 2956 3152 nec
2988 3095 3045 3151 in
3078 3093 3372 3166 vigilando
3409 3093 3664 3150 aliorum
3694 3094 3876 3152 homi-

445 3180 575 3250 peis
589 3179 1572 3254 hodieoosproteqere;certiestote
1587 3182 1940 3240 deoiotoria.
1969 3181 2110 3236 Res-
2142 3203 2190 3265 Ο
2221 3199 2354 3241 num
2378 3189 2656 3241 consueta
2683 3185 2938 3242 tenebat.
2971 3185 3033 3240 In
3055 3184 3406 3241 ambulando
3429 3185 3500 3240 ad
3527 3198 3739 3241 manus
3761 3190 3876 3240 tra-

440 3270 572 3340 pici
579 3270 632 3326 te
641 3271 748 3329 hoc
757 3273 996 3342 signum
1016 3273 1232 3341 crucis,
1249 3272 1374 3341 hoc,
1391 3275 1659 3344 inquam,
1675 3273 1915 3344 signum
1940 3268 2112 3326 terri.

453 3357 571 3416 bile
587 3359 958 3417 adversariis
973 3361 1160 3416 Jhesu
1186 3360 1436 3418 C’hristi.
1467 3361 1590 3418 Hec
1607 3361 1697 3418 est
1712 3374 1882 3428 crux,
1901 3361 1967 3416 in
1989 3371 2112 3428 qua

449 3449 862 3506 Herimannus
876 3463 1060 3506 comes
1075 3449 1299 3520 palatii
1315 3449 1438 3505 mih
1450 3452 1469 3505 i
1475 3451 1510 3519 j
1518 3449 1898 3520 uraritﬂrleli
1906 3448 2107 3516 tatem,

453 3538 550 3593 die
564 3537 678 3593 itta
691 3551 811 3610 qua
828 3537 1180 3594 adeocatum
1193 3538 1449 3595 ecclesia
1463 3540 1677 3595 nostra
1691 3540 1881 3607 ipsum
1897 3535 2110 3594 consti-

453 3627 566 3694 tui,
583 3627 680 3682 die
700 3641 820 3696 qua
839 3625 983 3683 illas
999 3627 1154 3682 vires
1171 3627 1466 3698 illamque
1479 3627 1800 3698 potentiam
1817 3628 1871 3683 ei
1885 3625 2110 3683 contuli

447 3729 554 3786 per
575 3729 755 3786 quam
775 3715 942 3771 modo
961 3729 1053 3771 me
1073 3715 1345 3787 infestat.
1388 3717 1546 3773 Tunc
1569 3715 1817 3786 predici
1839 3716 1893 3771 ei
1913 3716 1977 3772 in
1998 3715 2112 3772 hac

449 3817 621 3861 cruce
642 3817 764 3861 esse
781 3804 852 3860 de
873 3805 1034 3876 ligno
1055 3804 1316 3873 Domini,
1338 3803 1403 3861 in
1418 3819 1532 3876 quo
1551 3805 1675 3875 ille,
1697 3807 1870 3876 cujus
1891 3803 1996 3861 hec
2015 3817 2110 3861 sa-

451 3893 760 3951 crosancta
779 3893 1274 3966 refulgetimago,
1303 3893 1372 3950 (te
1401 3893 1564 3951 hoste
1593 3893 1843 3951 humani
1868 3894 2108 3964 generis

453 3982 872 4054 triumphavit,
903 3982 1344 4053 mu’torumque
1370 3983 1710 4040 sanctorum
1741 3981 2109 4039 cenerabiles

447 4071 749 4144 reliquias
771 4073 838 4128 in
858 4070 970 4129 hac
992 4085 1162 4130 cruce
1181 4072 1448 4131 indicari
1475 4073 1784 4129 contineri.
1817 4071 1954 4142 Ipse
1973 4085 2109 4128 cera

447 4159 764 4232 palatinas
783 4161 984 4218 tenens
999 4175 1140 4218 man
1154 4175 1430 4231 vmsuper
1443 4160 1598 4218 hanc
1609 4161 1878 4218 sanetam
1896 4160 2112 4231 imagi-

449 4263 582 4306 nem
593 4249 848 4319 furatus
869 4249 960 4307 est
974 4249 1159 4306 michi
1182 4249 1250 4306 in
1271 4249 1392 4307 hac
1418 4249 1593 4306 verba
1619 4269 1630 4304 :
1660 4269 1688 4301 «
1710 4251 1888 4306 Hunc
1914 4249 2113 4306 Domi-

450 4351 612 4408 num,
630 4337 786 4396 hunc
786 4353 901 4409 pro
911 4338 1080 4396 nobis
1093 4338 1470 4409 cruci/imum,
1490 4337 1756 4408 donabis,
1775 4339 2003 4396 domine
2017 4351 2115 4394 ar-

450 4427 834 4499 chiepiscope,
851 4427 1292 4501 jldejussorem,
1311 4427 1368 4482 et
1378 4430 1522 4497 jura
1545 4427 1707 4485 vobis
1715 4441 1830 4499 per
1849 4430 1978 4500 ejus
1994 4428 2113 4484 cir-

452 4518 654 4582 tutem,
671 4515 828 4588 quod
843 4529 1152 4586 nunquam
1173 4515 1418 4586 aliquid
1439 4516 1641 4573 centra
1661 4516 2029 4589 cosfaciam,
2056 4515 2118 4572 et

447 4605 608 4678 quod
626 4607 692 4663 in
713 4603 984 4662 erunibus
1004 4603 1220 4661 vestris
1241 4602 1693 4660 necessitatibus
1714 4604 1942 4662 cunctis
1962 4604 2112 4661 ciri-

452 4696 558 4754 bus
575 4694 720 4752 meis
737 4695 1015 4764 omnique
1029 4692 1298 4764 potentia
1313 4705 1444 4748 mea
1460 4691 1622 4749 nobis
1635 4692 1906 4765 ﬁdeliter
1930 4693 2112 4752 assis-

453 4795 592 4853 tam.
609 4811 638 4846 »
653 4794 829 4852 Nunc
848 4806 986 4864 ergo
1003 4791 1216 4850 sciatis
1237 4805 1433 4848 omnes
1451 4789 1611 4863 quod
1631 4789 1787 4848 hunc
1794 4793 2115 4864 ﬁdeiusso-

445 4897 592 4953 rem,
629 4879 939 4940 Christum
961 4879 1189 4939 scilicet
1211 4879 1530 4947 dominum,
1555 4879 1621 4935 in
1651 4879 1767 4937 hac
1793 4893 1908 4938 sua
1933 4893 2114 4938 sacra

447 4971 716 5044 imagine
733 4969 978 5043 portabo
999 4971 1140 5028 ante
1158 4969 1356 5040 illum,
1379 4969 1655 5040 ingeram
1675 4982 1808 5026 eum
1832 4970 2018 5026 oculis
2041 4969 2114 5027 it-

455 5070 595 5140 lius,
630 5067 786 5126 hunc
815 5069 914 5126 sui
928 5067 1270 5140 juramenti
1300 5065 1504 5123 testem
1533 5065 1634 5124 illi
1666 5065 2100 5124 demonstrabo.

452 5157 578 5217 Sed
597 5171 772 5227 nunc,
797 5156 1054 5228 ojldetes
1073 5156 1262 5213 Jhesu
1286 5155 1538 5226 Christi,
1565 5153 1673 5225 qui
1692 5155 1880 5212 citam
1903 5156 1960 5210 et
1974 5169 2113 5214 san-

448 5248 696 5319 guinem
707 5246 968 5303 oestrum
979 5261 1082 5318 pro
1102 5245 1444 5318 defensione
1462 5243 1720 5302 ecclesia
1729 5257 1850 5301 sua
1861 5243 2108 5316 ofertis,

445 5335 774 5406 preparate
793 5335 974 5393 corda
991 5335 1192 5392 vestra
1217 5335 1488 5404 Domino,
1517 5332 1800 5390 mundata
1819 5336 2114 5392 conscien-

459 5423 581 5481 tias
596 5424 847 5492 oestras,
869 5423 926 5478 et
943 5425 1094 5495 quia
1113 5437 1229 5480 non
1248 5423 1430 5480 cacat
1445 5423 1514 5479 ut
1531 5422 1900 5491 singillatim
1907 5423 2112 5496 facia-

461 5511 540 5568 tis
560 5510 978 5584 confessiones,
997 5511 1334 5584 generalem
1353 5509 1539 5569 michi
1547 5510 1788 5583 pastori
1807 5512 1997 5568 oestro
2003 5511 2112 5584 fa-

2139 4561 2193 4622 D

2221 3271 2497 3338 hebatur;
2548 3273 2823 3331 sciaticus
2868 3272 3020 3329 enim
3069 3276 3228 3338 erat;
3261 3277 3320 3328 et
3350 3276 3598 3344 propter
3629 3271 3873 3329 eandem

2220 3359 2615 3417 infirmitatem
2645 3367 2882 3434 strepas
2915 3363 2972 3417 in
3005 3375 3146 3419 arcu
3178 3360 3360 3426 sellae,
3390 3375 3522 3418 cum
3552 3361 3875 3432 equitaret,

2221 3449 2540 3522 pendentes
2564 3451 2838 3520 habebat,
2869 3455 2930 3506 et
2954 3449 3207 3520 jambam
3235 3449 3536 3506 sinistram
3559 3463 3744 3521 super
3765 3448 3882 3508 col-

2222 3539 2336 3594 lum
2369 3539 2502 3610 equi
2537 3541 2793 3609 tenebat,
2825 3539 2980 3610 quod
3008 3553 3138 3596 cum
3171 3537 3354 3595 morbi
3383 3539 3699 3595 coactione
3733 3539 3882 3596 face-

2221 3631 2332 3694 ret,
2356 3628 2428 3683 ab
2451 3627 2584 3684 aliis
2608 3643 2714 3699 pro
2737 3630 2981 3696 raritate
3017 3628 3208 3684 facere
3238 3627 3572 3684 videbatur.
3606 3626 3805 3684 Noctu
3827 3627 3879 3684 in

2219 3713 2478 3771 consiliis
2503 3715 2626 3770 sive
2651 3715 2706 3770 in
2729 3713 3146 3771 collationibus
3169 3728 3300 3771 esse
3326 3712 3555 3770 solebat
3591 3729 3790 3785 usque
3811 3713 3881 3770 ad

2220 3802 2598 3859 conticinium
2619 3803 2738 3860 sive
2757 3803 2827 3860 ad
2847 3803 2984 3874 galli
3004 3809 3260 3872 cantum,
3279 3817 3420 3876 sepe
3435 3817 3676 3874 quoque
3694 3817 3879 3875 usque

2219 3891 2274 3947 in
2325 3890 2668 3962 diluculum,
2723 3891 3169 3963 dormiebatque
3219 3891 3528 3964 sepissime
3576 3906 3773 3963 usque
3813 3891 3879 3947 ad

2221 3979 2364 4036 duas
2389 3979 2503 4037 diei
2526 3980 2718 4038 horas.
2754 3979 2836 4036 Ad
2869 3995 3119 4038 mensam
3147 3984 3278 4053 post
3303 3982 3507 4038 horam
3528 3987 3878 4039 consuetam

2218 4069 2387 4127 tarde
2423 4069 2758 4141 accedebat,
2793 4075 2848 4126 et
2885 4070 2983 4128 diu
3016 4069 3184 4126 valde
3228 4069 3284 4126 in
3323 4084 3390 4126 ea
3432 4069 3876 4140 demorabatur,

2222 4157 2576 4230 disputando
2601 4163 2660 4216 et
2681 4157 3033 4216 conferendo
3055 4157 3224 4215 valde
3247 4158 3532 4230 hylariter
3555 4174 3692 4218 cum
3715 4159 3887 4218 cleri-

2221 4248 2308 4305 cis
2339 4247 2461 4304 suis
2493 4247 2564 4304 de
2595 4247 2782 4305 sacris
2821 4247 3133 4320 scripturis
3171 4252 3230 4304 et
3261 4251 3606 4304 sanctorum
3649 4251 3883 4320 patrum

2224 4336 2554 4394 sententiis.
2610 4337 2865 4406 Magnam
2907 4336 3058 4392 enim
3097 4335 3534 4394 multitudinem
3573 4335 3884 4408 religioso-

2223 4440 2351 4481 rum
2371 4428 2427 4482 et
2447 4425 2845 4482 litteratorum
2868 4439 3065 4482 secum
3087 4425 3303 4482 habere
3328 4424 3583 4482 solebat.
3611 4427 3673 4481 In
3699 4424 3884 4484 sacris

2227 4514 2518 4584 mysteriis
2566 4513 2770 4572 altaris
2820 4513 2950 4586 plus
2997 4528 3166 4584 quam
3217 4514 3390 4570 homo
3434 4514 3778 4584 videbatur,
3811 4512 3882 4569 ad

2226 4617 2354 4674 quas
2399 4615 2690 4674 nunquam
2741 4602 2864 4660 sine
2915 4601 3174 4658 lacrimis
3219 4606 3278 4660 et
3326 4602 3579 4659 maxima
3626 4616 3885 4675 conpun-

2224 4691 2419 4749 ctione
2457 4691 2792 4748 accedebat.
2833 4691 3277 4748 Pontificalibus
3319 4691 3478 4748 enim
3520 4691 3886 4748 ornamentis

2227 4781 2488 4850 indutus,
2522 4781 2766 4851 angelus
2796 4780 3018 4837 Domini
3049 4780 3396 4848 videbatur;
3429 4781 3700 4850 angelico
3730 4780 3884 4837 enim

2223 4869 2386 4928 vultu
2413 4869 2734 4940 relucebat,
2765 4873 2821 4926 et
2851 4873 3014 4925 tanta
3039 4869 3347 4925 devotione
3370 4869 3624 4926 celestia
3645 4869 3750 4926 illa
3771 4873 3887 4923 tra-

2224 4961 2423 5016 ctabat
2439 4963 2822 5030 sacramenta,
2849 4958 3003 5030 quod
3022 4973 3152 5015 cum
3174 4957 3230 5014 in
3249 4959 3508 5016 secretis
3527 4963 3880 5026 moraretur,

2224 5049 2716 5120 contemplatione
2739 5053 2799 5106 et
2819 5047 3080 5106 oratione
3105 5047 3290 5105 cmlos
3316 5052 3635 5121 penetrare
3657 5048 3886 5105 videre-

2220 5145 2340 5195 tur.
2377 5139 2512 5194 Cum
2535 5152 2862 5195 sermonem
2887 5137 2958 5194 ad
2986 5136 3260 5210 populum
3293 5137 3543 5210 faceret,
3577 5143 3724 5197 tunc
3755 5137 3884 5210 quia

2224 5225 2429 5283 tardus
2451 5231 2578 5283 erat
2602 5227 2655 5282 in
2682 5241 2968 5295 sermone,
2988 5230 3132 5282 tunc
3154 5226 3288 5298 quia
3314 5227 3540 5284 Gallica
3566 5227 3769 5299 lingua
3794 5239 3886 5282 na-

2221 5321 2319 5372 tus
2352 5315 2406 5371 in
2438 5315 2786 5372 Teuthonica
2835 5330 2945 5370 nou
2995 5319 3124 5370 erat
3168 5315 3511 5388 expeditus,
3565 5320 3711 5374 tunc
3755 5315 3883 5389 quia

2224 5404 2394 5460 nimis
2425 5404 2708 5476 profunda
2743 5405 3056 5473 tractabat,
3089 5402 3394 5476 eXplicare
3425 5406 3524 5462 vix
3557 5411 3792 5479 poterat
3819 5417 3880 5459 ea

2225 5508 2352 5564 qum
2391 5497 2651 5566 ceperat.
2687 5495 2748 5548 In
2781 5491 3112 5566 proverbiis
3140 5498 3198 5549 et
3233 5493 3740 5554 similitudinibus
3771 5495 3880 5550 fere

1823 5609 1991 5664 VARI
2001 5612 2060 5667 .‘E
2102 5610 2500 5668 LECTIONES.

529 5694 619 5731 mos
650 5693 1048 5750 exhortariazn
1083 5712 1126 5749 c.
