3968 6348
192 318 341 420 isse

779 357 1047 422 GESTA
1076 356 1422 423 TREVES.
1459 393 1533 409 -ι
1564 357 1917 425 APPEND.
1950 357 2216 428 GESTA
2243 362 2709 435 ALBERONIS
2738 368 2984 437 ARCH.

3433 368 3586 439 1884

187 525 313 569 omn
343 524 374 570 ε
402 508 639 571 dicebat
675 528 689 579 ς
716 526 961 585 quorum
992 529 1166 588 supra
1208 528 1406 573 omnes
1461 513 1558 586 qui
1618 514 1675 571 ίη
1736 530 1834 573 ηο.
1860 497 1916 553 Α
1946 499 2436 574 staturierant,se
2468 505 2592 578 ipse
2611 521 2717 565 suo
2732 506 2980 567 consilio
3005 524 3116 566 non
3146 508 3581 584 intervenisset,

187 607 367 659 stram
406 608 695 660 venerunt
733 594 1538 676 noticiamhominescepiam
1573 606 1829 663 tenebat.

185 692 548 750 Elemosinas
584 706 753 764 quam
772 693 1100 764 largissime
1115 699 1173 749 et
1196 695 1409 751 cotidie
1429 694 1834 750 faciebat.Phi-

188 780 514 838 sionimiam
547 780 854 839 admodum
888 783 1132 849 sciebat,
1183 784 1329 840 adeo
1371 788 1430 840 ut
1472 784 1832 839 diversorum

187 880 428 943 aspectu
462 871 729 928 vultuum
762 877 991 928 secreta
1026 873 1389 929 discerneret
1438 873 1714 929 mentium
1774 876 1835 928 et

189 975 432 1018 morum.
453 960 535 1016 Ad
569 960 796 1031 regales
823 962 1018 1019 curias
1038 961 1269 1033 quando
1284 964 1578 1031 veniebat,
1607 966 1834 1033 specta-

189 1050 382 1107 culum
414 1051 683 1107 omnibus
712 1054 839 1106 erat
876 1051 1081 1116 ;solus
1116 1052 1498 1108 admiratione
1531 1052 1739 1121 dignus
1755 1051 1831 1106 vi-

191 1137 461 1206 debatur;
478 1140 792 1196 comitatus
807 1146 865 1195 et
887 1154 1156 1211 expensas
1181 1141 1605 1211 magnificentia
1629 1154 1828 1196 omnes

190 1227 338 1284 alios
373 1228 668 1300 principes
690 1230 1043 1285 obscurabat
1076 1247 1090 1295 ;
1119 1229 1369 1299 joconda
1399 1230 1740 1301 loquutione
1772 1234 1829 1283 et

192 1316 563 1388 hylarissima
617 1318 1062 1389 proverbiorum
1098 1333 1337 1374 suorum
1380 1318 1827 1389 interpositione

190 1409 301 1462 tam
338 1421 716 1477 regemquam
743 1406 1039 1478 principes
1064 1406 1831 1464 letiﬁcarcsolebat.Novis-

190 1494 370 1551 simus
401 1501 459 1550 et
488 1494 586 1551 diu
610 1501 986 1566 exspectatus
1009 1498 1316 1552 adeuriam
1348 1498 1439 1551 vel
1470 1498 1541 1552 ad
1569 1497 1827 1567 quelibet

191 1584 459 1640 veniebat
485 1584 1161 1655 colloquia,ultimusque
1187 1587 1522 1651 recedebat;
1541 1601 1829 1655 nunquam

194 1674 246 1729 in
278 1674 527 1744 singulis
557 1674 1478 1753 eonventibus,_nisiauditisaliis,
1509 1690 1675 1730 suum
1700 1690 1831 1745 ape-

192 1764 377 1820 riebat
402 1763 732 1819 consilium.
767 1764 887 1833 Ego
920 1763 1237 1833 Baldricus,
1271 1764 1364 1834 qui
1409 1765 1554 1819 banc
1598 1763 1831 1835 scripti-

192 1852 456 1908 uneulam
492 1852 620 1922 feci,
658 1851 753 1908 uni
779 1852 956 1908 curim
982 1853 1239 1921 interfui,
1276 1868 1444 1922 quam
1482 1855 1826 1909 Franeovor-
1854 1869 1911 1930 Β

187 1941 346 1998 dium
368 1940 539 2012 petiit
573 1941 682 1996 sub
708 1955 842 2009 rege
878 1942 1140 1996 Conrado
1186 1942 1313 2012 723)
1346 1955 1475 1996 cum
1501 1944 1567 1995 40
1586 1942 1828 1998 navibus

183 2028 523 2099 cameratis,
554 2029 1077 2100 exceptisliburnis
1101 2037 1159 2085 et
1192 2030 1515 2086 honerariis
1536 2034 1711 2100 atque
1734 2047 1829 2087 co-

187 2119 477 2190 quinariis
511 2119 756 2175 ratibus.
786 2121 845 2174 In
880 2134 989 2190 qua
1013 2120 1173 2175 curia
1199 2124 1231 2176 8
1260 2119 1506 2175 comites
1547 2120 1827 2176 etducem

186 2208 579 2277 Lotharingiae
611 2208 897 2264 Matheum
930 2214 1106 2277 atque
1144 2208 1471 2264 lleinricum
1504 2208 1708 2265 ducem
1760 2210 1829 2265 de

186 2297 498 2366 Lenburgo
529 2311 723 2353 secum
757 2296 1463 2367 habuit,elericorumquc
1480 2301 1654 2367 atque
1688 2298 1832 2353 mili-

185 2391 308 2444 tum
344 2384 779 2441 multitudinem
811 2389 1056 2454 tantam,
1078 2384 1232 2454 quod
1257 2385 1525 2440 omnibus
1553 2386 1651 2455 qui
1676 2386 1832 2441 vide-

189 2473 805 2532 bantammirationem
829 2473 1443 2542 faciebat.Magistrum
1461 2489 1690 2544 quoque
1712 2477 1833 2529 Jar-

190 2562 426 2618 landum
450 2560 796 2617 Bisintinum
830 2562 978 2632 (724)
1000 2566 1055 2615 et
1091 2562 1431 2631 magistrum
1455 2562 1831 2619 Tcodcricum

194 2652 611 2708 Carnotensem
643 2651 817 2723 (725),
868 2651 1016 2707 duos
1051 2651 1193 2705 fama
1227 2654 1287 2705 et
1340 2652 1528 2721 gloria
1562 2652 1834 2709 doctores

190 2740 378 2797 nostri
415 2740 696 2811 temporis
724 2739 1489 2811 excellentissimos,secum
1516 2742 1568 2796 in
1595 2757 1694 2797 sua
1739 2741 1836 2797 du-

191 2844 331 2887 cens
362 2828 553 2885 navali
587 2833 965 2899 cammenata,
994 2828 1049 2883 in
1084 2828 1316 2885 illorum
1349 2829 1747 2900 disputatione
1776 2836 1831 2886 et

196 2918 507 2975 collatione
537 2917 705 2975 valde
738 2917 1064 2973 delectatus
1096 2921 1207 2988 est,
1261 2922 1320 2973 et
1352 2932 1381 2973 a
1412 2918 1571 2973 curia
1604 2920 1831 2975 domum

196 3022 485 3077 reversus,
522 3005 868 3062 decentibus
914 3006 1081 3061 donis
1114 3005 1356 3074 largiter
1382 3006 1700 3062 honoratos
1762 3009 1831 3064 ad

193 3095 419 3167 propria
454 3094 721 3151 1etos‘°”
743 3094 987 3151 remisit.
1025 3096 1144 3150 lloc
1177 3098 1368 3150 tamen
1389 3097 1586 3152 nescio
1619 3111 1688 3151 an
1721 3113 1833 3154 me-

197 3184 376 3240 moria
392 3184 465 3240 sit
484 3183 741 3253 dignum,
765 3182 918 3254 quod
937 3198 1064 3239 cum
1083 3198 1113 3238 a
1142 3183 1402 3254 predieta
1430 3191 1833 3241 reverteretur

191 3273 520 3343 curia,ideo
543 3273 814 3344 quoniam
830 3273 1198 3341 Mogontiuos
1232 3274 1717 3330 exososhabebat
1750 3281 1832 3331 at-

188 3394 303 3452 que
336 3379 575 3436 forsitan
605 3383 936 3449 suspectos,
970 3379 1195 3436 civitati
1259 3379 1492 3435 illorum
1522 3382 1832 3453 appropin-

184 3467 612 3541 quans,vexilla
645 3467 892 3537 singulis
920 3483 992 3523 ex
1035 3469 1280 3525 navibus
1325 3469 1491 3539 erigi,
1527 3470 1743 3527 milites
1774 3472 1828 3527 in

182 3557 398 3629 clipeis
431 3572 571 3613 auro
629 3556 1006 3627 fulgentibus,
1035 3557 1254 3628 loricis,
1288 3558 1490 3629 galeis,
1526 3566 1829 3627 argentum

182 3648 381 3703 nitore
413 3646 851 3717 superantibus.
877 3650 1177 3702 ostentare
1211 3662 1344 3703 sese
1371 3648 1830 3719 prccepit;tubis

184 3742 243 3792 et
277 3735 561 3792 cornibus
591 3750 997 3805 armorumque
1022 3736 1275 3807 strepitu
1315 3735 1408 3768 “0°
1434 3741 1493 3793 et
1528 3737 1830 3792 horrisono

184 3824 450 3881 virorum
475 3827 765 3880 concentu
788 3824 1110 3879 adventans
1130 3828 1311 3880 totam
1330 3826 1833 3895 permovitcivita-

181 3918 326 3970 tem.
368 3911 491 3969 [llic
523 3926 595 3968 ex
619 3916 741 3967 tota
765 3912 907 3967 urbe
929 3911 1191 3969 homines
1224 3927 1595 3983 concurrere,
1633 3914 1832 3970 mulie-

184 4017 283 4059 res
316 4000 701 4070 conclamare,
745 4004 800 4055 et
854 4001 1016 4070 quasi
1076 4002 1218 4057 urbs
1264 4001 1488 4072 “Mjam
1551 4002 1830 4074 capienda

186 4090 360 4160 foret,
396 4089 654 4160 undique
706 4089 1021 4145 tumultum
1051 4094 1226 4160 atque
1278 4104 1549 4161 pavorem
1604 4091 1833 4163 conspi-

181 4193 353 4236 CBI‘OS
368 4221 380 4234 .

255 4302 345 4355 27.
381 4294 631 4352 Tandem
661 4294 828 4350 finem
858 4293 1180 4350 narrationi
1224 4294 1508 4364 facturus,
1542 4295 1612 4351 de
1637 4296 1745 4351 fine
1774 4300 1832 4351 et

188 4385 442 4442 transitu
463 4389 520 4439 et
553 4387 911 4439 testamento
952 4383 1077 4453 ejus
1096 4396 1277 4453 pauca
1303 4382 1507 4439 dicam.
1537 4384 1835 4440 Conﬂuen-

185 4475 282 4531 tize
318 4474 377 4529 in
411 4470 719 4544 epiphania
752 4470 972 4527 Domini
1007 4470 1228 4527 curiam
1253 4485 1514 4541 magnam
1543 4476 1831 4542 tenuerat,

187 4570 245 4619 et
278 4569 523 4629 treugas
555 4558 990 4614 intercomitem
1024 4558 1093 4614 de
1116 4557 1376 4614 Molbach
1401 4560 1548 4631 (726)
1571 4565 1631 4615 et
1662 4560 1835 4615 comi-

188 4658 305 4708 tem
332 4650 405 4706 de
434 4648 770 4719 Zeina(727)
795 4652 1101 4718 acceperat
1125 4646 1245 4715 (an.
1271 4652 1425 4717 1152,
1456 4651 1605 4705 Jan.
1633 4651 1714 4719 6.)
1748 4650 1835 4706 Hii

182 4756 293 4813 pro
323 4736 614 4794 Bunnensi
644 4736 927 4792 comitatu
958 4735 1056 4792 diu
1088 4751 1360 4805 guerram
1380 4737 1448 4792 ad
1476 4738 1721 4793 invicem
1742 4737 1836 4795 ha-

185 4832 462 4887 buerant,
491 4826 703 4896 quibus
732 4824 863 4882 hine
894 4824 1028 4880 inde
1056 4826 1175 4882 fere
1204 4828 1391 4884 omnis
1432 4827 1724 4884 inferioris
1751 4843 1836 4884 re-

181 4916 383 4987 gionis
419 4914 648 4971 nobiles
678 4912 1073 4985 favebant‘m,
1096 4915 1432 4987 terramque
1485 4930 1708 4972 omnem
1742 4931 1837 4972 va-

1944 592 2061 646 Hoc
2095 592 2245 647 enim
2280 592 2333 648 in
2367 598 2795 655 consuetudine
2822 600 3091 669 habebat,
3113 600 3450 672 frequenter
3469 602 3587 659 suf-

1945 678 2248 747 fraganeos
2274 697 2414 740 suos
2443 691 2497 740 et
2537 687 2831 758 principes
2865 704 2929 743 ac
2949 688 3177 745 nobiles
3196 689 3265 744 de
3286 690 3583 760 provincia

1942 780 2044 823 sua
2078 784 2454 840 congregare,
2491 780 2546 829 et
2582 776 2871 847 stipendia
2907 776 3149 847 largiter
3188 778 3306 833 illis
3330 779 3586 835 ammini-

1943 860 2219 927 strare,et
2253 875 2356 931 pro
2387 866 2544 918 statu
2577 865 2845 921 ecclesia}
2875 872 2930 920 et
2961 882 3100 937 pace
3131 868 3480 937 patriaecum
3504 868 3583 939 ip-

1942 945 2022 1000 sis
2053 949 2329 1004 tractare.
2368 952 2435 1005 Et
2465 954 2617 1021 quod
2651 968 2797 1010 nunc
2834 956 3028 1011 dicere
3060 972 3351 1028 ceperam,
3379 958 3581 1013 statim

1940 1038 2073 1104 post
2106 1036 2472 1106 epiphaniam
2508 1041 2686 1096 febris
2710 1048 2895 1097 acuta)
2941 1043 3085 1100 diris
3143 1045 3454 1101 ardoribus
3493 1060 3585 1102 ac-

1937 1124 2130 1179 censis
2154 1131 2211 1180 et
2245 1126 2531 1197 plereusis
2557 1128 2647 1162 “03
2681 1130 2951 1200 passione
2967 1134 3345 1203 constrictus,
3368 1134 3436 1189 de
3462 1135 3576 1191 vita

1939 1212 2209 1270 dubitare
2236 1215 2540 1287 incipiens,
2560 1218 2717 1275 viros
2771 1219 3101 1291 religiosos,
3126 1222 3395 1278 abbatem
3416 1224 3585 1280 Sanc-

1938 1304 2014 1356 tze
2031 1303 2218 1358 Maria:
2239 1304 2306 1359 de
2322 1306 2825 1376 Spriulumebarch
2845 1309 2993 1380 (728)
3013 1310 3387 1379 Richardum,
3414 1310 3586 1366 abba-

1941 1394 2053 1445 tem
2085 1393 2277 1450 Sancti
2312 1396 2579 1450 Eucharii
2624 1397 2966 1467 Bertolfum,
3003 1404 3059 1453 et
3096 1400 3412 1470 plerosque
3438 1399 3584 1457 alios

1939 1482 2318 1548 convocavit;
2353 1483 2621 1553 factaque
2654 1484 2907 1540 omnium
2966 1492 3341 1556 peccatorum
3363 1489 3588 1545 confes-

1940 1566 2120 1636 sione,
2148 1569 2276 1625 oleo
2315 1576 2520 1627 unctus
2544 1577 2633 1627 est
2662 1574 2978 1629 secundum
3014 1575 3167 1629 beati
3201 1578 3399 1632 Jacobi
3425 1576 3587 1634 insti-

1939 1655 2249 1725 tucionem,
2287 1663 2341 1714 et
2373 1666 3043 1733 sacrosanctiuncorpus
3068 1664 3281 1720 Christi
3323 1670 3586 1737 sumptu-

1941 1758 2286 1813 rus,magnze
2314 1748 2613 1805 tidehtatis
2640 1756 2695 1805 et
2722 1764 2873 1807 vera:
2899 1766 2964 1807 ac
2982 1752 3288 1809 catholica:
3341 1754 3472 1809 fidei
3514 1755 3588 1811 si-

1940 1832 2271 1900 gniticativa
2292 1839 2465 1893 verba
2493 1839 2756 1909 protulit.
2777 1839 2865 1895 Sic
2890 1840 3041 1895 enim
3070 1842 3468 1911 magnanimus
3492 1844 3588 1899 he-

1941 1937 2060 1990 ros,
2080 1925 2403 1981 catholicus
2423 1934 2646 1997 pastor,
2666 1930 3034 1985 memoranda
3053 1946 3193 1986 voco
3208 1946 3455 1987 exorsus
3470 1936 3582 1987 est:

1940 2011 2172 2081 Audite,
2212 2014 2456 2085 fratres
2492 2018 2602 2071 mei
2637 2017 2970 2074 [rarissimi
3005 2019 3108 2074 Vos
3148 2018 3389 2078 abbates
3411 2021 3468 2076 et
3500 2022 3587 2078 ci-

1935 2111 2034 2154 ros
2046 2101 2354 2172 religiosos
2370 2104 2464 2158 ido
2478 2106 2806 2173 coucocari,
2830 2108 2899 2161 at
2910 2108 2970 2163 in
2974 2107 3243 2175 presenti
3266 2109 3513 2166 ecclesia
3530 2108 3590 2165 et

1936 2196 2003 2252 in
2027 2191 2356 2248 unicersa/i
2373 2192 2782 2261 iur/iriernuudi
2798 2208 2872 2249 ea:
2893 2195 3119 2251 sanctis
3142 2197 3378 2266 angelis
3402 2198 3461 2253 et
3489 2196 3589 2253 lio-

1935 2281 2200 2339 miuibus
2224 2294 2321 2336 ceu
2324 2295 2551 2351 qreqau
2563 2282 2638 2337 da
2670 2283 2916 2339 ecclesia
2943 2283 3115 2340 testes
3128 2286 3210 2340 mi
3217 2284 3313 2340 citi
3336 2299 3474 2342 mea
3496 2300 3582 2342 oe-

1936 2369 2180 2441 rceﬂlei
2205 2369 2531 2437 assistutis,
2550 2370 3113 2442 etoratiouecestra,
3139 2373 3479 2445 lutltecﬂdes
3496 2389 3588 2432 me

1939 2458 2465 2529 salvetadjucetis.
2507 2459 2634 2515 Hoc
2650 2461 2806 2529 quod
2826 2474 3076 2531 presens
3116 2476 3287 2519 cerno
3311 2466 3374 2519 in
3398 2464 3589 2535 specie

1934 2563 2054 2620 pan
2066 2550 2115 2603 is
2131 2547 2299 2602 credo
2315 2560 2438 2603 esse
2450 2562 2651 2602 rerum
2668 2549 3039 2620 Cliristijilii
3052 2551 3164 2606 Dei
3181 2565 3410 2623 corpus,
3435 2553 3596 2623 quod

1942 2638 2009 2693 in
2021 2653 2049 2691 τ
2062 2636 2221 2705 irqiu
2231 2650 2265 2689 (ι
2276 2636 2319 2691 li
2334 2635 2397 2689 at
2403 2650 2464 2689 το
2484 2636 3068 2695 illarieeiutemeratre
3102 2640 3381 2711 cirqiuis,
3399 2640 3594 2698 obum-

1946 2725 2086 2782 brau
2098 2725 2151 2779 te
2166 2725 2355 2793 ipsum
2371 2724 2479 2795 S1)!
2487 2725 2612 2780 ritu
2625 2726 2847 2795 sancto,
2882 2727 3253 2784 sicutmauet
3274 2730 3336 2784 in
3355 2744 3591 2800 presen-

1945 2815 2008 2883 ti,
2038 2815 2142 2868 aui
2152 2812 2550 2868 tumestrerbo
2564 2813 2695 2883 Dei,
2714 2828 2847 2869 cero
2860 2814 3019 2870 Filio
3037 2816 3249 2872 Patris
3274 2818 3586 2888 altissimi,

1942 2903 2100 2976 quod
2101 2917 2213 2973 pro
2231 2900 2393 2958 uobis
2410 2903 2468 2957 iu
2487 2916 2654 2959 cruce
2668 2903 2978 2973 temporali
2993 2904 3260 2963 morteab
3273 2908 3480 2964 anima
3493 2909 3587 2964 de-

1939 2992 2217 3048 relictum
2236 2991 2348 3047 est:
2375 3007 2449 3047 au
2461 2994 2579 3047 ima
2594 3005 2726 3047 cere
2742 2992 3118 3049 descendente
3130 2995 3212 3050 ad
3225 2995 3472 3068 inferos,
3496 2998 3583 3052 di-

1940 3080 2223 3138 vinitatis
2254 3081 2543 3137 consortio
2569 3080 2628 3135 iu
2654 3082 2919 3150 sepulcro
2954 3096 3068 3137 non
3091 3083 3179 3139 est
3208 3084 3582 3155 destitutum,

1940 3170 2211 3227 sicutuec
2223 3171 2429 3226 anima
2450 3169 2468 3223 i
2477 3186 2511 3224 κε.
2527 3168 2783 3241 inferno,
2800 3170 3119 3227 secundum
3132 3171 3291 3242 quod
3300 3173 3503 3229 David
3516 3173 3586 3229 de

1865 3230 1912 3291 Ο
1942 3259 2067 3329 ipso
2108 3260 2357 3314 testatur
2392 3258 2623 3314 dicens:
2660 3282 2684 3306 α
2739 3259 3027 3323 Quoniam
3060 3274 3176 3316 non
3212 3261 3586 3332 derelinquas

1942 3349 2207 3403 animam
2229 3362 2417 3403 meum
2447 3349 2509 3402 iu
2529 3348 2786 3418 iri/eruo,
2805 3362 2908 3404 nec
2932 3348 3103 3405 dabis
3124 3351 3397 3407 sanctum
3423 3351 3590 3408 tuam

1939 3436 2140 3491 videre
2152 3436 2583 3506 corruptionem
2619 3436 2811 3501 (Psal.
2832 3442 3039 3515 xv,.10)
3056 3454 3121 3505 ;»
3149 3438 3272 3507 Ιιοσ,
3312 3439 3584 3511 inquam,

1941 3538 2149 3595 comas
2166 3525 2321 3580 illud
2342 3525 2427 3579 est
2452 3523 2703 3593 Christi,
2723 3525 2882 3593 quod
2912 3525 3085 3581 tertio
3111 3526 3206 3584 die
3234 3527 3586 3597 redivivam,

1942 3614 2150 3669 anima
2174 3614 2454 3668 redeunte
2497 3613 2577 3668 ad
2607 3614 2819 3684 ipsum,
2868 3614 3196 3683 coufraetis
3230 3616 3435 3673 dicina
3467 3632 3590 3689 qua

1940 3692 2218 3748 utebatur
2248 3693 2466 3748 rirlute
2500 3692 2789 3747 tartareis
2821 3691 3133 3763 claustris,
3181 3697 3514 3767 ereptasque
3552 3711 3593 3754 a

1944 3780 2241 3838 diabolica
2245 3782 2509 3852 potestat
2515 3778 2837 3851 eﬂdelibus
2847 3781 3077 3850 prioris
3088 3783 3293 3850 seculi,
3316 3784 3386 3840 de
3400 3785 3592 3855 sepul-

1943 3869 2460 3944 clzroresurrexil,
2486 3871 2554 3925 de
2577 3868 2759 3924 cetero
2780 3868 3113 3944 immortale
3130 3870 3186 3944 et
3196 3871 3586 3944 inpossibile,

1944 3941 2124 4010 quale
2147 3942 2454 3997 etiucu’uu
2482 3940 2981 4011 autepassiouem,
3017 3940 3296 3997 inanibus
3328 3940 3588 4001 sacrisse

1942 4030 2140 4100 ipsum
2164 4030 2464 4091 teueus.in
2492 4032 2600 4085 tali
2627 4030 2806 4101 panis
2845 4027 3036 4096 specie
3068 4028 3386 4099 discipulis
3421 4032 3587 4089 eden-

1945 4118 2081 4174 dum
2103 4118 2433 4187 distribuit,
2469 4120 2617 4175 (laus
2641 4116 2989 4189 inqmtibile,
3019 4118 3209 4174 tamen
3243 4118 3593 4191 adliucpas-

1942 4220 2140 4275 suras,
2168 4206 2490 4277 decensque
2514 4208 2649 4262 illos
2692 4207 2875 4277 [cujus
2903 4206 3267 4261 sacramenti
3301 4208 3592 4278 mysteria

1944 4293 2258 4351 celebrare.
2295 4295 2439 4361 Hoc,
2466 4296 2733 4366 i‘lqlttt'm,
2777 4306 2985 4365 corpus
3006 4293 3093 4349 est
3136 4292 3389 4365 C’liristi,
3431 4297 3594 4366 quod

1942 4383 2078 4454 post
2107 4382 2595 4439 resurrectionem
2612 4398 2726 4453 per
2746 4383 3159 4455 quadraginta
3183 4382 3310 4440 dies
3333 4384 3594 4457 discipu-

1949 4473 2026 4528 lis
2047 4470 2329 4541 apparuit
2346 4472 2461 4526 risi
2469 4470 2583 4527 bile
2595 4472 2776 4542 atque
2789 4470 3101 4541 tangibile,
3119 4470 3174 4526 et
3192 4471 3388 4527 tamen
3399 4472 3594 4529 incor-

1865 4590 1917 4651 D
1944 4559 2251 4630 ruptibile,
2275 4559 2595 4615 secundum
2616 4560 2946 4617 voluntatis
2971 4574 3092 4617 sure
3099 4560 3445 4631 potentiam,
3466 4576 3592 4632 qua

1947 4650 2147 4705 omnia
2168 4661 2534 4719 quocumque
2551 4648 2917 4719 coluitfecit.
2951 4650 3070 4706 Hoc
3102 4649 3188 4706 est
3220 4663 3351 4704 cere
3366 4649 3597 4722 glori/l-

1948 4738 2141 4795 calum
2167 4737 2227 4792 et
2252 4734 2499 4807 inefabi
2508 4734 2645 4790 liter
2661 4737 2993 4807 gloriosum
3029 4751 3257 4809 corpus,
3286 4738 3444 4808 quod
3464 4752 3595 4810 apo-

1945 4826 2117 4884 stolis
2144 4823 2487 4882 ridentibus
2509 4824 2874 4881 mirabiliter
2897 4827 3259 4898 assumptum
3285 4826 3372 4883 est
3390 4828 3594 4898 iugla-

1943 4918 2063 4981 ria,
2088 4914 2366 4985 sedetque
2386 4914 2674 4971 Dominus
2695 4927 2820 4970 cum
2832 4915 3102 4985 Domino,
3116 4916 3316 4975 Filius
3330 4930 3459 4973 eam
3474 4915 3596 4975 Pa-

1556 5031 1790 5087 VARHS
1822 5029 2219 5088 LECTIONES.

252 5119 352 5154 ‘0"
380 5118 464 5176 let
494 5132 540 5176 ο.
574 5115 667 5151 ⁴¹⁰⁰
694 5118 1007 5190 strepitum
1030 5132 1076 5177 ο.
1109 5116 1201 5152 ⁴ί⁰¹
1234 5118 1376 5176 urbs
1414 5132 1469 5177 c.
1507 5118 1599 5153 ⁴¹⁰¹
1628 5121 1858 5176 favebat
1890 5135 1936 5177 e.
1974 5117 2066 5153 ⁴¹⁰³
2097 5119 2187 5176 ita
2220 5131 2274 5175 ο.

1780 5216 2001 5272 ΝΟΤίΕ.

250 5306 404 5376 (723)
438 5304 552 5359 Aut
578 5306 809 5376 ῃ.1147,
840 5303 1083 5376 Martio;
1125 5306 1221 5358 aut
1257 5316 1305 5358 a.
1352 5306 1507 5374 1149,
1568 5308 1832 5375 Augusto

182 5374 392 5433 mense
424 5393 437 5441 ;
465 5391 516 5429 v.
553 5374 712 5444 Jatl'e,
752 5374 793 5430 Ι.
839 5374 899 5441 1.,
936 5378 1129 5444 p.118,
1168 5379 1294 5444 171.

180 5444 793 5576 ΧΙ(724)Υ.511181011Ὅ
849 5443 1137 5501 littéraire
1175 5443 1245 5499 de
1279 5447 1331 5500 la
1391 5445 1626 5513 France,
1691 5450 1831 5502 tom.

286 5563 301 5576 .
342 5535 396 5576 ο.
432 5523 499 5572 ‘7
545 5558 556 5570 .

385 5560 396 5572 .
432 5523 556 5572 275.

256 5535 1321 5661 (³1291)ῗέῖἷᾷηηθξδᾳιιοεῡθνίεηείε111).
1343 5602 1377 5661 Δι
1407 5586 1832 5661 Metalog..eap.

182 5669 236 5732 5,
267 5658 345 5718 Vde
380 5658 492 5716 hoc
520 5658 879 5732 Theoderico
913 5662 1242 5727 notat,eum
1276 5658 1458 5715 fuisse
1491 5658 1841 5715 artiumstu-

181 5728 589 5791 diosissimum
624 5728 717 5785 inv
731 5729 1137 5800 estigaterem.
1181 5732 1370 5786 err.

2021 5307 2163 5376 (726)
2201 5302 2475 5376 Albertus
2504 5313 2713 5376 comes
2732 5299 2802 5355 de
2834 5298 3096 5376 Molbach
3131 5316 3187 5376 a,
3212 5309 3513 5362 1158-1175
3534 5305 3593 5361 in

1946 5370 2165 5431 chartis
2197 5375 2527 5430 nominatur
2550 5388 2640 5443 ap.
2678 5370 2956 5441 Gunther,
2982 5373 3274 5445 cod.,dipl.
3299 5377 3497 5433 Rheno
3526 5406 3596 5418 --

1946 5446 2165 5501 Moscll.
2201 5445 2321 5501 vol.
2376 5449 2420 5499 1.

2020 5518 2167 5593 (727)
2199 5520 2365 5593 Sarn-
2405 5590 2412 5593 _
2498 5583 2507 5593 .

2020 5582 2168 5658 (728)
2202 5582 2607 5642 Monasterium
2659 5599 2707 5640 a.
2774 5587 2907 5639 1107
2959 5582 3300 5651 fundatum;
3336 5600 3387 5641 ν.
3453 5588 3601 5642 11οη-

1952 5658 2149 5730 theim,
2184 5660 2226 5730 l,
2263 5674 2315 5729 p.
2342 5660 2460 5713 483.
3352 5692 3358 5697 ς
