3968 6322
377 360 531 428 1348

1369 363 1844 431 CHRONICON
1871 361 1937 429 S.
1973 359 2338 429 HUBERTI
2373 361 2740 432 ANDAGIN

3620 364 3766 432 1844

368 516 502 574 dum
536 533 712 592 super
742 534 1014 578 acervum
1059 518 1312 593 lapidum
1355 517 1436 575 ibi
1469 519 1614 574 forte
1665 521 2005 588 congestum
2036 502 2089 560 Α
2119 517 2302 588 Magni
2335 522 2615 589 regnante
2662 519 2854 576 divina
2903 518 3212 593 dispositio
3261 519 3450 579 locum
3502 521 3765 579 eumdem

367 608 680 678 resideret,
739 609 1022 666 cartulam
1081 609 1384 680 quamdam
1442 608 1676 664 ccelitus
1727 607 2006 679 allapsam

366 696 671 770 obstupuit
691 714 885 755 coram
901 715 961 754 se
976 699 1154 754 eaden
1167 704 1298 753 tem.
1316 698 1494 764 Quam
1512 697 1645 752 licet
1667 696 1868 767 pavida
1883 711 2010 752 cor-

371 787 573 858 ripuit,
607 793 664 842 et
697 788 908 844 nemini
941 788 1216 844 comitum
1249 801 1388 844 ausa
1419 786 1662 842 credere
1694 789 2008 853 secretum,

373 877 443 931 ad
497 877 683 933 virum
725 878 1074 948 quantocius
1115 876 1373 932 decrevit
1427 874 1858 930 revertendum.
1911 873 2012 929 Cui

373 979 500 1020 cum
537 981 640 1036 per
668 967 932 1021 ordinem
960 965 1264 1021 retulisset
1291 970 1561 1020 eventum
1588 962 1870 1030 miraculi,
1895 962 2010 1029 ille,

325 1097 338 1109 .
373 1059 615 1109 evocato
638 1055 912 1122 Beregiso
941 1053 1066 1110 viro
1099 1051 1438 1121 venerabili,
1460 1053 1553 1120 qui
1577 1059 1714 1107 tunc
1736 1052 1788 1106 in
1810 1051 1901 1106 die
1931 1064 2018 1106 re-

376 1143 486 1199 bus
501 1144 934 1213 obsequebatur
953 1143 1060 1212 eis,
1080 1141 1362 1197 cartalam
1389 1140 1470 1195 illi
1497 1140 1711 1195 obtulit
1729 1153 2018 1210 exponen-

379 1230 508 1286 dam
533 1231 661 1286 sibi.
687 1230 1002 1286 Consultus
1032 1229 1304 1286 sacerdos
1336 1229 1432 1283 Dei
1468 1227 1793 1298 respondit,
1826 1227 2016 1282 locum

380 1333 494 1388 quo
514 1320 715 1374 eadem
736 1318 962 1374 cartula
983 1319 1302 1386 deciderat,
1326 1332 1353 1372 a
1374 1318 1489 1371 Deo
1508 1331 1638 1371 esse
1657 1316 1930 1383 electum,
1947 1329 2019 1369 ex

383 1422 496 1475 quo
545 1405 858 1462 multorum
908 1406 1112 1460 anima)
1163 1404 1411 1460 transire
1443 1403 1819 1459 debercntad
1845 1417 2021 1472 regna

376 1495 682 1550 C(elorum.
716 1495 921 1564 Pipino
955 1508 1091 1549 vero
1121 1494 1527 1562 subjungente,
1573 1491 1708 1561 quid
1744 1491 1852 1547 sibi
1888 1490 2021 1545 inde

380 1583 682 1638 videretur
715 1582 1020 1650 agendum,
1052 1581 1355 1649 Beregisus
1384 1585 1546 1650 rapta
1578 1579 1905 1646 occasione,
1935 1583 2023 1633 ut-

383 1678 519 1743 pote
551 1670 649 1741 qui
678 1670 792 1739 jam
823 1671 920 1726 diu
954 1669 1103 1740 apud
1139 1685 1200 1724 sc
1235 1668 1658 1724 deliberaverat
1693 1666 1904 1722 mundo
1938 1680 2025 1720 re-

384 1757 526 1814 licto
570 1758 814 1814 liberius
851 1761 966 1812 Deo
1011 1773 1239 1826 vacare,
1273 1755 1585 1812 subintulit
1625 1754 1896 1827 principi,
1933 1769 2020 1822 ne,

2120 607 2418 680 ampliavit
2449 608 2558 664 hoc
2596 607 2820 664 ordine.

2189 699 2243 752 2.
2279 697 2381 767 (4.)
2421 698 2557 767 Ejus
2585 696 2699 765 (19)
2735 701 2996 768 tempore
3036 703 3284 769 praeerat
3329 698 3600 757 ecclesia":
3642 699 3772 755 Leo-

2123 785 2306 842 diensi
2329 785 2560 856 quidam
2579 785 2926 842 venerandae
2949 787 3243 844 memoriae
3267 789 3592 861 cpiscopus
3610 787 3773 846 Gual-

2123 874 2345 931 eaudus
2369 875 2426 930 in
2451 874 2852 931 instaurandis
2869 875 2892 908 τ
2916 877 3092 933 rebus
3116 877 3540 934 ecclesiasticis
3565 893 3773 934 ammo-

2125 963 2258 1020 dum
2292 963 2592 1019 studiosus
2619 964 2656 1017 ⁸.
2695 965 2764 1020 Et
2799 968 2858 1021 ut
2896 979 2999 1036 per
3036 981 3344 1023 excessum
3375 967 3448 1022 de
3481 966 3610 1039 ipsa
3644 967 3774 1024 Leo-

2129 1051 2312 1107 diensi
2366 1051 2506 1106 sede
2555 1051 2749 1122 aliqua
2782 1055 3118 1110 necessario
3169 1054 3460 1126 dicantur,
3515 1056 3774 1112 eamdem

2128 1139 2408 1210 episeopii
2440 1139 2634 1196 sedem
2670 1142 2877 1199 beatus
2907 1143 3168 1214 pontifex
3201 1144 3498 1200 Hubertus
3530 1145 3605 1200 ab
3637 1145 3776 1200 urbe

2127 1227 2438 1296 Tongrcnsi
2465 1227 2601 1282 olim
2624 1229 2870 1298 Trajecti
2893 1236 3301 1300 permutatam,
3326 1234 3398 1288 ab
3421 1231 3632 1288 eodem
3655 1233 3776 1290 vico

2130 1316 2438 1371 transtulit
2468 1317 2714 1388 Legiam,
2753 1323 2816 1374 ut
2848 1319 2980 1388 quia
3013 1334 3121 1375 suo
3155 1325 3414 1393 tempore
3447 1335 3677 1390 magna)
3706 1321 3782 1376 in-

2132 1403 2370 1460 dustria:
2403 1409 2462 1459 et
2496 1406 2805 1476 potestatis
2845 1407 3052 1476 viguit,
3097 1409 3378 1465 modicam
3420 1409 3685 1466 villulam
3727 1411 3780 1465 in

2133 1491 2554 1549 nobilissimam
2573 1494 2871 1550 civitatem
2891 1501 2948 1551 et
2968 1495 3161 1551 sedem
3186 1498 3580 1569 episcopalem
3605 1499 3783 1555 susci-

2136 1581 2298 1650 tavit,
2324 1581 2652 1651 ibidemque
2675 1583 2834 1651 leges
2855 1584 3076 1654 public:
3094 1585 3244 1654 juris
3261 1593 3322 1641 et
3342 1587 3613 1642 forenses
3637 1602 3788 1643 men-

2136 1684 2325 1739 suras,
2355 1685 2480 1740 quze
2505 1671 2692 1726 adhuc
2715 1677 3052 1743 supersunt,
3083 1675 3413 1731 constituit.
3449 1675 3580 1742 Quo
3611 1677 3782 1732 etiam

2137 1775 2266 1814 cum
2302 1772 2403 1830 per
2433 1759 2847 1816 revelationem
2881 1761 3134 1818 divinam
3166 1779 3292 1818 ossa
3327 1763 3786 1834 prmdecessoris

383 1853 662 1918 quantum
695 1848 748 1902 in
783 1863 844 1903 sc
875 1852 1054 1915 esset,
1101 1847 1312 1902 divinae
1353 1846 1726 1917 dispositioni
1769 1845 2022 1912 deesset,
2057 1869 2110 1928 Β
2140 1847 2228 1902 sui
2262 1847 2414 1904 beati
2453 1848 2736 1904 Lamberti
2778 1851 3050 1920 martyris
3089 1852 3416 1920 retulisset,
3449 1867 3704 1923 eumque
3735 1854 3785 1908 in

383 1942 651 2008 paratum
694 1953 754 1992 se
789 1936 1164 1991 solitudinem
1215 1934 1371 1989 illam
1422 1934 1796 1990 excolendam
1846 1932 2028 1988 susci-

386 2041 542 2097 pere,
570 2025 616 2080 si
643 2040 767 2080 eam
793 2023 887 2080 ille
912 2025 1022 2079 sibi
1046 2023 1414 2080 concederet.
1443 2022 1664 2079 Placuit
1693 2023 1804 2092 (16)
1829 2021 2030 2092 Pipino

385 2114 644 2184 Beregisi
671 2115 1062 2186 propositum,
1098 2112 1236 2169 licet
1266 2118 1612 2182 gravaretur
1641 2111 1966 2166 ammodum
2001 2125 2029 2165 a

385 2218 446 2258 se
480 2219 646 2260 suum
699 2203 972 2258 emittere
1025 2202 1413 2256 karissimum.
1450 2199 1555 2255 lllo
1595 2205 1784 2255 tamen
1816 2199 2032 2270 saepius

386 2291 695 2347 insistente
724 2295 785 2347 ut
819 2306 938 2345 rem
974 2289 1322 2360 quantocius
1367 2289 1746 2358 acceleraret,
1794 2287 2033 2358 Pipinus

387 2393 516 2437 cum
549 2379 832 2434 comitatu
863 2377 1168 2433 curialium
1200 2390 1434 2432 suorum
1464 2376 1619 2432 venit
1647 2376 1716 2430 ad
1743 2375 1930 2431 locum
1955 2375 2037 2429 in-

388 2471 578 2523 ventae
607 2465 844 2522 coclitus
873 2470 1070 2521 certae.
1107 2465 1190 2521 Ibi
1226 2466 1371 2520 facta
1405 2463 1576 2532 legali
1609 2463 1945 2531 donatione,
1977 2467 2034 2518 et

393 2563 517 2610 rata
564 2569 782 2612 coram'
811 2553 1174 2626 principibus
1204 2553 1324 2609 suis
1354 2551 1794 2623 astipulatione,
1848 2551 2033 2606 locum

393 2643 580 2715 ipsum
609 2647 894 2714 perpetuo
915 2641 1239 2697 habendum
1265 2641 1536 2710 Beregiso
1557 2640 1812 2709 donavit,
1834 2644 1890 2695 et
1912 2654 2039 2710 pcr-

391 2733 660 2790 luslratis
704 2733 916 2787 ﬁnibus
943 2731 1199 2800 ejusdem
1241 2730 1592 2798 donationis,
1629 2733 1823 2786 certas
1854 2734 2038 2784 metas

395 2837 498 2892 per
528 2823 840 2877 subnotata
873 2819 1124 2876 confinia
1160 2818 1593 2874 dis-terminavit
1631 2838 1642 2872 :
1677 2818 1747 2873 ad
1775 2817 2041 2873 meridia-

396 2924 525 2964 nam
558 2908 784 2980 plagam
829 2908 980 2962 intcr
1021 2905 1391 2962 Divisiones‘
1423 2906 1557 2975 (17),
1593 2905 1662 2959 ad
1697 2905 2038 2960 orientalem

396 2997 621 3068 plagam
679 2996 900 3052 Mollem
961 2994 1328 3066 campellum,
1385 2994 1456 3048 ad
1507 2993 1835 3063 aquilonem
1888 2992 2040 3048 inter

395 3085 786 3156 Campilonem
829 3089 887 3140 ct
929 3084 1217 3151 Halotum,
1282 3083 1835 3152 Fcrreummontem,
1888 3080 2042 3136 inter

393 3172 697 3230 Nasaniam
728 3177 784 3229 et
821 3176 1094 3229 Awanam
1117 3171 1158 3241 °,
1191 3170 1420 3228 Tabulae
1451 3171 1764 3236 fontanam,
1796 3170 1867 3225 ad
1895 3170 2044 3226 occi-

394 3263 628 3318 dentem
661 3278 862 3334 rupem
895 3261 1356 3317 Sulmoniensem
1389 3263 1445 3314 et
1479 3258 1716 3315 ﬂuvium
1748 3259 2038 3315 Lumnam.

394 3352 468 3406 At
501 3350 809 3420 Beregisus
837 3349 1133 3405 continuis
1161 3347 1443 3403 insistens
1473 3345 1792 3415 laboribus,
1818 3345 2045 3403 solatiis

394 3437 569 3493 etiam
607 3436 984 3507 quorumdam
1016 3435 1271 3492 ﬁdelium
1301 3434 1557 3505 adjutus,
1591 3434 1924 3490 silvestrem
1955 3450 2048 3492 so-

397 3522 704 3580 litudinem
747 3523 1020 3595 purgavit
1051 3529 1106 3579 et
1142 3521 1519 3578 habitabilem
1555 3522 1710 3592 fecit,
1743 3537 1850 3580 nec
1883 3523 2046 3595 prius

395 3612 648 3682 abstitit,
697 3628 866 3684 quam
908 3612 1216 3668 ecclesiam
1257 3611 1412 3668 beati
1456 3611 1615 3667 Petri
1647 3612 2049 3684 apostolorum

397 3701 700 3772 principis,
755 3717 884 3773 quae
939 3702 994 3756 in
1042 3701 1289 3774 praefato
1349 3705 1548 3757 castro
1599 3699 1734 3756 olim
1787 3700 2048 3757 funditus

396 3804 599 3845 eversa
628 3791 837 3857 fuerat,
863 3805 890 3845 a
912 3789 1306 3846 fundamentis
1331 3793 1677 3858 restrueret,
1701 3794 1762 3846 et
1783 3787 2050 3846 collectis

397 3893 594 3934 secum
636 3879 933 3948 religiosis
973 3877 1208 3934 clericis
1248 3878 1480 3934 abbatis
1511 3877 1740 3933 nomine
1769 3881 1828 3931 et
1861 3877 2048 3933 oﬁlcio

399 3966 614 4022 ibidem
641 3969 754 4022 Deo
779 3967 1168 4024 militantibus
1196 3970 1496 4038 praesset.
1542 3964 1805 4036 (Transl.
1829 3966 1897 4022 S.
1922 3966 2049 4021 Hu-

401 4052 598 4125 ῡσνιὶ.)
632 4055 756 4118 Quo
793 4061 924 4125 post
966 4056 1198 4111 labores
1243 4054 1414 4124 hujus
1460 4053 1950 4125 peregrinationis
1979 4053 2051 4109 ad

402 4142 705 4198 Dominum
748 4142 1032 4212 migrante
1075 4145 1211 4214 (18),
1257 4142 1430 4210 longo
1463 4146 1598 4212 post
1629 4147 1893 4212 tempore
1923 4155 2052 4197 suc-

403 4244 670 4286 cessores
711 4230 838 4299 ejus
868 4231 945 4287 ibi
982 4233 1509 4304 perseveraverant
1544 4229 1599 4285 in
1631 4229 1889 4286 clericali
1931 4245 2052 4287 sce-

405 4323 582 4385 mate,
621 4317 806 4376 donec
851 4320 1140 4376 Ludovico
1185 4320 1284 4374 Ριο
1323 4318 1674 4389 imperatore
1707 4317 1826 4374 illio
1855 4319 2046 4375 Karoli

2075 3217 2124 3279 C

2142 1935 2268 1990 loco
2288 1935 2546 2004 martyrii
2567 1935 2694 2004 ejus
2715 1937 3022 2007 sepelicns,
3039 1939 3344 1994 ecclesiam
3366 1940 3787 1996 condeecntem

2142 2037 2318 2094 super
2339 2037 2470 2079 eum
2497 2023 2868 2094 aedificasset,
2895 2026 2950 2082 in
2972 2027 3120 2098 pede
3143 2043 3373 2098 quoque
3398 2028 3792 2086 Publicimon-

2141 2112 2220 2167 tis
2241 2111 2296 2166 in
2323 2111 2537 2167 honore
2565 2113 2714 2168 beati
2741 2114 2897 2168 Petri
2921 2116 3166 2186 apostoli
3194 2116 3476 2186 templum
3506 2117 3786 2182 extruxit,

2145 2199 2242 2255 ubi
2276 2199 2634 2268 migraturus
2666 2200 2736 2256 ad
2768 2203 3068 2259 Dominum
3107 2203 3340 2276 sepeliri
3372 2219 3598 2276 corpus
3627 2219 3790 2261 suum

2145 2287 2480 2343 destinavit.
2514 2288 2690 2359 Cujus
2717 2291 3089 2347 sanctitatem
3114 2307 3245 2348 cum
3271 2293 3478 2348 crebra
3512 2293 3792 2350 miracula

2147 2375 2535 2447 declararent,
2567 2378 2660 2432 16°
2689 2392 2836 2434 anno
2868 2379 3231 2449 migrationis
3262 2396 3381 2438 sua:
3407 2382 3525 2452 (20)
3549 2381 3797 2438 transla-

2146 2470 2246 2521 tus
2271 2465 2326 2520 in
2354 2465 2658 2522 ecclesiam
2692 2468 2844 2523 beati
2879 2469 3166 2526 Lamberti
3193 2485 3222 2526 a
3249 2471 3516 2543 prodicta
3541 2471 3796 2528 ecclesia

2150 2553 2305 2610 beati
2338 2555 2495 2609 Petri
2531 2555 2634 2624 (an
2659 2558 2808 2625 743),
2844 2557 3055 2614 ibidem
3087 2566 3405 2617 veneratus
3433 2565 3530 2616 est
3571 2575 3676 2632 per
3707 2575 3800 2616 an-

2150 2656 2254 2697 nos
2290 2643 2664 2713 septuaginta
2698 2645 2970 2716 quinque.

2220 2735 2270 2785 3.
2310 2732 2408 2800 (ὅ.)
2439 2731 2701 2800 (Transl.
2732 2734 2802 2790 S.
2824 2733 3129 2807 Huberti.)
3162 2738 3326 2793 Anno
3347 2753 3489 2795 vero
3515 2738 3798 2795 mcarnati

2154 2819 2322 2874 Verbi
2352 2823 2476 2888 8'25,
2523 2827 2800 2890 regnante
2831 2829 2892 2878 ut
2927 2823 3147 2880 dictum
3194 2831 3286 2882 est
3339 2826 3634 2883 Ludovico
3682 2827 3797 2895 Pio,

2153 2922 2280 2963 cum
2310 2906 2458 2962 idem
2483 2909 2756 2980 princeps
2786 2911 3210 2969 ecclesiasticis
3241 2903 3419 2970 rebus
3449 2915 3722 2970 studeret
3747 2916 3798 2970 in

2154 3009 2332 3064 regno
2357 3010 2482 3065 suo,
2507 2999 2992 3068 congregationes
3017 3006 3353 3058 sanctorum
3378 3003 3469 3057 vel
3495 3007 3802 3059 construc-

2154 3089 2244 3139 ret
2295 3083 2385 3139 vel
2435 3084 2568 3140 olim
2621 3092 2994 3144 constructas
3042 3089 3370 3163 ampliaret,
3405 3091 3478 3146 ad
3511 3091 3624 3148 hoc
3657 3092 3798 3148 idem

2154 3173 2437 3242 agendum
2467 3175 2734 3246 exemplo
2756 3191 2862 3234 suo
2886 3176 3233 3235 informahat
3255 3184 3316 3235 et
3335 3179 3640 3237 civitatem
3671 3195 3802 3251 pono

2155 3260 2344 3318 titices
2381 3266 2440 3317 et
2483 3263 2911 3333 provinciarum
2957 3267 3272 3340 princnpes.
3325 3269 3556 3324 Interea
3604 3268 3803 3325 clerici

2153 3349 2414 3421 praefata:
2437 3350 2602 3409 cellze
2624 3351 2778 3409 beati
2811 3355 3071 3426 Beregisi
3103 3371 3233 3413 cum
3256 3357 3372 3427 jam
3403 3371 3572 3428 pmne
3603 3355 3807 3413 deiice-

2156 3441 2308 3509 rent,
2342 3443 2550 3510 utpote
2583 3441 2638 3496 in
2672 3447 2786 3498 tam
2820 3449 2984 3500 vasta
3015 3449 3076 3501 et
3106 3445 3289 3501 sterili
3325 3447 3565 3503 heremo
3596 3445 3806 3502 consti-

2157 3526 2289 3596 tuti,
2313 3531 2556 3599 accepta
2578 3531 2885 3587 occasione
2908 3532 3020 3588 sibi
3042 3533 3411 3604 consulendi,
3433 3534 3507 3590 ad
3531 3532 3807 3590 Gualcau-

2156 3613 2291 3670 dum
2315 3615 2690 3674 Leodiensem
2713 3620 3051 3693 episcopum
3074 3635 3138 3678 se
3161 3621 3570 3693 contulerunt,
3593 3627 3655 3678 et
3679 3638 3809 3694 quo-

2158 3703 2328 3759 modo
2372 3706 2715 3776 przedictum
2755 3708 2945 3766 locum
2977 3703 3178 3767 eorum
3212 3710 3406 3768 divina
3443 3711 3806 3781 providentia

2159 3791 2440 3861 elegisset
2483 3809 2746 3866 quasque
2777 3796 2833 3852 in
2865 3811 2934 3853 eo
2967 3802 3314 3868 paterentur
3346 3799 3695 3867 necessitas,
3730 3797 3808 3852 illi

2158 3880 2513 3938 retulerunt.
2534 3883 2788 3940 Laetatus
2805 3885 2901 3940 ille
2921 3899 2980 3942 se
2999 3886 3290 3943 invenisse
3303 3887 3807 3958 opportunitatem

2160 3967 2334 4025 saluti
2376 3984 2496 4026 suae
2529 3972 2893 4044 providendi,
2927 3974 2974 4030 si
3009 3975 3065 4030 in
3095 3975 3296 4031 eodem
3327 3973 3458 4031 loco
3489 3975 3813 4032 collabora-

2162 4060 2252 4114 ret
2283 4057 2570 4115 voluntati
2605 4060 2834 4132 divinae,
2871 4062 3203 4119 omnimoda
3241 4063 3569 4120 intentione
3602 4064 3658 4119 id
3689 4078 3812 4118 exe-

2161 4146 2376 4216 quendi
2405 4162 2604 4204 curam
2636 4150 2928 4221 concepit,
2961 4153 3022 4206 et
3045 4151 3288 4222 juvante
3320 4153 3438 4208 Deo
3471 4151 3528 4206 in
3567 4167 3812 4224 praesen-

2160 4237 2276 4290 tem
2307 4240 2523 4293 statum
2553 4238 2882 4295 suscitavit.
2909 4241 3046 4296 Nam
3069 4246 3431 4297 commutato
3465 4240 3674 4298 ordine
3702 4241 3814 4297 cle-

2161 4321 2350 4394 ricali,
2382 4339 2530 4382 anno
2555 4326 2861 4384 dominicm
2887 4328 3312 4384 incarnationis
3333 4333 3459 4400 817,
3495 4334 3527 4386 4
3551 4331 3688 4386 ldus
3709 4332 3815 4385 Au-

1772 4470 2008 4526 VARUE
2040 4470 2440 4530 LECTIONES.

474 4584 496 4617 ⁵
529 4585 828 4642 diusiones
864 4589 918 4639 1.
1003 4583 1025 4616 ⁶
1050 4586 1364 4640 Awannam
1391 4582 1560 4654 prie.

417 4671 568 4714 nuus
593 4667 896 4728 superscr.
941 4654 1028 4710 vel
1059 4654 1361 4711 studiosus
1392 4659 1446 4710 1.

1642 4581 1664 4615 "
1689 4583 2086 4642 ministrandis
2114 4596 2408 4660 superscr.
2445 4591 2648 4648 eadem
2666 4606 2853 4650 manu
2883 4592 2974 4650 vel
3005 4593 3410 4650 instaurandis
3449 4600 3501 4650 1.

3622 4593 3645 4627 '
3675 4599 3814 4650 stre-

1991 4772 2214 4829 NOT/E.

478 4900 592 4970 (16)
624 4895 937 4970 sequentia
969 4901 1174 4970 auctor
1195 4895 1340 4970 Vita;
1365 4895 1605 4970 brevius
1625 4898 1855 4960 narrat;
1887 4895 2057 4970 plura

410 4966 693 5040 additqui
718 4966 1336 5040 privilegiumPippini
1357 4966 1658 5040 confinxit,
1680 4966 1976 5040 servatum
2001 4967 2054 5022 in

409 5039 540 5096 eod.
593 5037 733 5095 olim
770 5040 823 5094 S.
861 5038 1124 5104 lIuberti,
1178 5037 1327 5095 nunc
1377 5039 1645 5093 Namurc.
1680 5052 1734 5091 n.
1769 5041 1821 5107 ὅ,
1859 5037 1954 5092 fol.
1990 5041 2058 5091 89

407 5111 628 5165 editum
663 5111 716 5165 in
749 5110 924 5165 Mirzei
962 5111 1106 5179 Opp.
1141 5108 1288 5180 Dipl.
1337 5110 1400 5177 ll,
1437 5113 1594 5164 112:5.

481 5182 593 5250 (17)
629 5204 645 5230 ι
685 5182 796 5236 Des
832 5177 1144 5236 borne’s‘en
1182 5177 1372 5251 p‘ierre
1407 5179 1712 5251 formaient
1742 5177 1794 5234 la
1828 5177 2058 5251 separa-

413 5250 533 5322 tion
561 5257 727 5306 entre
752 5251 803 5306 la
829 5251 1158 5322 seigneuric
1183 5250 1252 5307 de
1277 5250 1675 5322 Neufchateau
1693 5255 1751 5304 et
1776 5250 2058 5318 quelques

411 5320 654 5393 villages
687 5322 757 5377 de
789 5322 839 5377 la
876 5320 1118 5393 prevetc
1151 5322 1220 5376 de
1255 5323 1563 5390 Bastogne.
1597 5339 1625 5372 »
1661 5321 1949 5393 Romam,
1986 5335 2058 5374 ex

415 5391 647 5462 Antiqq.
673 5391 930 5461 Andagg.
959 5392 1148 5447 medio
1171 5393 1388 5448 saeculo
1411 5393 1659 5462 septimo
1683 5391 1908 5462 decimo
1927 5406 2062 5445 con-

413 5460 670 5533 scriptis.
693 5461 842 5533 Idem
866 5460 1169 5533 sequentia
1194 5464 1417 5518 nomina
1439 5460 1694 5532 esplicat
1716 5481 1727 5515 :
1748 5461 2060 5533 Mocltamp

413 5559 476 5568 —-
499 5529 821 5602 Ciminii/mi
837 5563 904 5570 -
919 5529 1394 5602 Helicae—rma
1425 5529 1584 5602 lighe
1614 5534 1840 5589 d’amas
1863 5532 1933 5588 de
1951 5529 2060 5588 mi-

417 5601 586 5674 νιθνᾳί
605 5599 788 5670 defer
804 5603 975 5674 eam;
987 5601 1303 5674 g’lzqmplon
1321 5604 1378 5659 et
1394 5599 1742 5674 Hrilleuw—g
1756 5603 2062 5674 Nassogm

417 5698 482 5708 —-
502 5669 758 5727 chn’ne
774 5699 840 5708 —
864 5673 922 5726 la
939 5669 1274 5738 Masble‘tte,
1294 5675 1572 5730 i-uz'sseau
1588 5675 1694 5742 qui
1717 5669 1979 5730 traversa
2001 5673 2063 5730 la

2163 4901 2356 4958 valle?
2383 4903 2455 4959 de
2483 4901 2912 4961 Font-d-Bulat
2938 4935 3008 4945 —
3035 4903 3102 4960 la.
3139 4903 3318 4963 rocks
3353 4905 3644 4964 Sulmo“
3665 4933 3733 4946 --
3759 4904 3819 4960 Ia

2167 4977 2412 5032 Lomme.

2239 5043 2352 5115 (18)
2386 5043 2586 5117 Adhuc
2617 5059 2766 5101 anno
2800 5045 3004 5116 quinto
3035 5045 3405 5117 Theoderici,
3441 5047 3478 5102 i.
3513 5063 3566 5103 e.
3600 5051 3703 5102 724
3731 5045 3816 5101 vel

2167 5119 2290 5184 725,
2325 5116 2696 5188 donationem
2727 5117 2954 5188 accepit
2978 5131 3006 5172 a
3032 5118 3371 5174 Grimberto
3392 5116 3640 5188 comite,
3676 5123 3816 5174 teste

2167 5193 2408 5258 auctore
2436 5187 2582 5242 Vita:
2614 5186 2668 5242 in
2705 5186 2969 5258 prologo.

2240 5256 2353 5328 (19)
2387 5259 2503 5314 Hoc
2537 5256 2716 5328 caput
2745 5273 2776 5314 e
2807 5259 2860 5312 S.
2899 5259 3140 5313 Ilnberti
3175 5259 3304 5316 Vita
3330 5267 3388 5314 et
3413 5259 3814 5322 translatione,

2169 5329 2432 5398 Herigeri
2463 5345 2512 5384 c.
2558 5333 2646 5398 28,
2681 5333 2737 5383 ct
2773 5329 3027 5386 Anselmi
3061 5344 3112 5385 c.
3150 5334 3218 5385 16
3246 5332 3647 5388 concinnavit.

2240 5401 2367 5472 (20)
2389 5402 2552 5456 Anno
2581 5405 2612 5456 3
2642 5399 3034 5472 Carlomanni;
3071 5401 3207 5454 anni
3237 5407 3331 5467 75,
3363 5417 3511 5472 quos
3541 5418 3614 5458 ex
3645 5408 3819 5472 trans-

2171 5470 2406 5526 lationis
2467 5471 2706 5527 historia
2767 5471 3039 5540 sumpsit,
3101 5469 3420 5528 terminum
3481 5475 3694 5529 habent
3743 5469 3819 5524 in-

2172 5542 2542 5599 stitutionem
2581 5541 3018 5608 monachorum,
3060 5556 3175 5596 non
3208 5543 3659 5602 translationem
3689 5541 3820 5598 alte-

2172 5626 2318 5668 ram.
