3968 6302
181 360 339 427 1345

1183 367 1657 433 CHRONICON
1687 369 1752 429 S.
1790 356 2151 431 HUBERTI
2182 368 2571 434 ANDAGIN.

3430 375 3584 435 1346

167 516 331 586 gusti
355 516 412 571 in
437 516 532 572 die
556 518 743 572 sancti
768 516 1061 574 Laurentii
1094 520 1387 589 martyris,
1415 521 1827 576 monachorum
1858 503 1911 557 Α
1940 521 2238 577 Trinitate.
2257 523 2608 594 Supererant
2636 525 2749 582 duo
2772 526 2957 583 totius
2980 525 3113 581 anni
3135 526 3439 596 omeliarii,
3462 528 3585 597 qui-

169 605 249 659 ibi
285 605 629 675 religionem
652 606 978 675 constituit,
1015 606 1318 678 dispositis
1337 609 1423 664 eis
1445 608 1831 680 possessioni-

171 693 287 749 bus
311 698 369 748 et
397 692 664 763 legaliter
688 694 1044 751 confirmatis
1076 695 1130 750 in
1164 702 1480 767 posterum,
1517 711 1643 767 quae
1673 696 1833 752 suill-

170 785 384 837 cerent
408 780 613 837 usibus
643 782 723 837 ibi
745 783 861 837 Deo
884 783 1281 839 servientium.
1317 785 1712 841 Constitutum
1740 788 1828 840 est

170 869 355 924 etiam
380 884 452 924 ex
470 869 759 926 communi
793 870 1032 927 decreto
1065 874 1130 927 ut
1150 871 1220 927 de
1254 872 1542 929 reditibus
1568 872 1830 928 donatio-

172 972 316 1012 num
350 971 478 1028 qua;
512 957 677 1014 factm
710 959 938 1014 fuerant
997 960 1167 1015 beato
1202 960 1494 1030 Beregiso,
1528 961 1600 1016 ab
1631 975 1829 1017 eorum

174 1045 665 1115 procuratoribus
690 1045 761 1102 ad
786 1044 973 1102 locum
997 1046 1186 1118 ipsum
1205 1046 1536 1103 deferretur
1554 1047 1608 1103 in
1630 1047 1830 1103 eadem

175 1131 276 1186 die
303 1132 595 1188 annuatim
620 1131 860 1202 oblatio,
878 1137 939 1189 ut
963 1148 1035 1189 ex
1052 1134 1161 1189 hoc
1187 1134 1242 1189 in
1276 1139 1575 1206 posterum
1599 1138 1655 1189 et
1681 1134 1834 1206 prio-

176 1218 264 1276 ris
297 1220 708 1290 acquisitionis
735 1226 789 1276 et
830 1223 1170 1291 posterioris
1197 1222 1513 1293 adjumenti
1540 1222 1833 1279 discerne-

177 1312 351 1364 retur
373 1308 773 1365 ecclesiastica
799 1311 1120 1381 possessio.
1156 1311 1280 1376 Quo
1313 1312 1447 1368 dum
1474 1312 1671 1383 plures
1698 1326 1833 1368 con-

176 1401 514 1466 currerent,
548 1402 609 1452 ut
641 1397 698 1451 in
730 1402 846 1454 tam
880 1402 1103 1454 remota
1134 1399 1369 1455 heremo
1393 1404 1557 1456 tanto
1588 1399 1832 1455 liberius

178 1488 405 1554 quanto
426 1491 484 1540 et
506 1486 794 1543 secretius
817 1489 933 1561 Deo
956 1492 1253 1557 vacarent,
1283 1489 1513 1559 quidam
1537 1489 1710 1544 etiam
1738 1503 1834 1543 no-

181 1570 428 1627 biliores
451 1572 651 1628 clerici
677 1573 746 1629 de
768 1574 1021 1630 ecclesia
1048 1575 1203 1630 beati
1227 1576 1514 1631 Lamberti
1538 1590 1607 1631 eo
1629 1588 1836 1631 conve-

180 1665 420 1730 nerunt,
467 1665 807 1732 mutatoque
856 1663 1060 1719 habitu
1095 1663 1166 1719 ad
1206 1668 1604 1735 contemptum
1638 1662 1834 1719 mundi

181 1761 249 1803 se
282 1746 444 1818 ipsos
471 1748 723 1804 viriliter
745 1750 1142 1807 accinxerunt.
1182 1751 1270 1806 Hii
1294 1766 1486 1808 secum
1512 1751 1836 1807 deliberate

1944 609 2382 679 busrenovatis,
2417 610 2679 670 hiemalis
2692 614 2865 670 datus
2878 620 2972 670 est
2988 614 3041 669 in
3073 613 3586 670 elemosinaeccle-

1942 695 2043 752 siae
2066 696 2453 755 Giviniacensi
2478 702 2589 773 (22)
2614 702 2895 758 zcstivalis
2915 717 3053 758 vero
3076 703 3286 758 missus
3311 707 3403 757 est
3422 700 3586 757 cellae

1942 785 2167 841 Pirensi
2186 785 2318 856 (23).
2338 787 2414 842 De
2436 789 2819 846 translatione
2848 796 3041 847 autem
3064 792 3215 846 beati
3232 790 3472 847 Huberti
3496 806 3588 845 ce-

1943 879 2069 929 tera
2094 874 2343 929 reticere
2365 877 2722 947 censuimus,
2740 880 2890 948 quod
2907 879 3306 936 evidentiuset
3322 878 3500 935 latius
3519 894 3586 934 ea

1943 962 2517 1032 enumeratejusdcm
2539 966 2941 1023 translationis
2958 968 3228 1039 proprius
3243 971 3457 1023 textus.
3475 964 3586 1021 Sed

1943 1056 2001 1106 et
2027 1049 2135 1107 hoc
2156 1051 2426 1109 nimirum
2458 1068 2588 1110 cum
2625 1054 2703 1109 sit
2734 1060 2924 1110 actum
2956 1056 3149 1111 divina
3178 1056 3367 1125 gratia
3399 1055 3590 1125 dispo—

1944 1144 2140 1209 nente,
2177 1140 2337 1196 credi
2396 1142 2784 1212 probabiliter
2814 1146 3032 1213 potest,
3064 1144 3326 1199 eumdem
3356 1144 3589 1199 beatum

1943 1227 2273 1298 pontificem
2290 1228 2344 1283 in
2359 1228 2487 1285 loco
2503 1245 2615 1300 quo
2635 1231 2985 1287 venerabilis
3005 1231 3312 1300 Beregisus
3334 1231 3591 1300 quiesce-

1946 1316 2064 1385 bat,
2095 1330 2158 1371 se
2186 1331 2414 1387 quoque
2454 1317 2712 1374 voluisse
2742 1324 3047 1389 gratanter
3089 1320 3415 1390 quiescere.
3454 1320 3593 1374 Fue-

1948 1408 2080 1459 runt
2113 1404 2362 1474 denique
2392 1408 2863 1478 contemporales
2892 1408 3151 1477 ejusdem
3193 1407 3308 1464 loci
3338 1406 3591 1463 studiosi

1947 1497 2379 1563 cooperatores.
2416 1494 2617 1550 Docuit
2666 1510 2805 1564 ergo
2836 1500 2899 1551 ut
2929 1510 3177 1565 quorum
3212 1496 3346 1551 dum
3378 1496 3434 1550 in
3464 1509 3590 1551 cor-

1947 1595 2089 1650 pore
2113 1587 2414 1637 manerent
2436 1582 2708 1651 viguitab
2725 1583 2969 1639 invicem
2987 1582 3375 1653 familiaritas,
3391 1597 3591 1639 eorum

1948 1669 2124 1725 etiam
2165 1676 2597 1727 veneraretura
2624 1672 2934 1728 devotione
2984 1672 3240 1728 fidelium
3264 1672 3319 1726 in
3356 1687 3469 1728 uno
3497 1687 3594 1727 eo-

1950 1755 2080 1811 dem
2113 1756 2240 1813 loco
2274 1759 2574 1815 beatorum
2607 1773 2919 1829 corporum
2944 1760 3220 1816 societas.
3259 1759 3423 1825 Quod
3455 1774 3591 1815 vero

180 1835 435 1892 consilio
448 1836 710 1893 eumdem
726 1837 916 1894 locum
936 1839 1121 1896 adhuc
1142 1839 1445 1895 honestius
1464 1838 1833 1909 sublimandi,
1868 1848 1921 1906 B
1949 1846 2306 1917 temporales
2322 1847 2556 1915 fuerint,
2575 1848 2623 1903 si
2641 1849 2770 1918 quis
2790 1849 3012 1905 certius
3037 1863 3205 1905 nosse
3228 1848 3503 1919 voluerit,
3519 1864 3592 1903 ex

184 1925 513 1994 praesertim
546 1940 675 1982 cum
710 1925 765 1981 in
799 1927 909 1983 hoc
953 1927 1078 1998 ipso
1099 1927 1464 1998 .patrocinari
1497 1926 1610 1982 sibi
1641 1940 1839 1997 spera-

185 2018 322 2069 rent
371 2012 625 2068 favorem
666 2015 982 2085 pontiﬁcis,
1039 2015 1334 2087 petierunt
1368 2016 1439 2070 ab
1496 2031 1565 2071 eo
1597 2016 1844 2071 transfe-

189 2102 437 2158 rendum
470 2100 569 2158 illo
601 2117 815 2175 corpus
857 2104 1011 2159 beati
1044 2104 1308 2174 Huberti,
1343 2106 1679 2159 asserentes
1712 2103 1840 2159 urbi

190 2189 463 2247 sufﬁcere
494 2191 882 2262 patrocinium
908 2192 1062 2249 beati
1087 2192 1395 2249 Lamberti.
1425 2191 1562 2258 Quae
1593 2207 1687 2248 res
1706 2192 1844 2248 licet

192 2293 300 2350 pro
321 2281 409 2335 sui
433 2279 828 2347 magnitudine
853 2280 1090 2337 nimium
1109 2280 1361 2337 difficilis
1382 2280 1683 2337 videretur
1706 2295 1845 2351 pon-

191 2366 358 2437 tiﬂci,
387 2366 578 2424 divina
604 2372 794 2424 tamen
811 2368 1020 2438 gratia,
1038 2370 1130 2426 cui
1154 2369 1329 2425 nichil
1352 2374 1443 2425 est
1460 2368 1840 2440 impossibile,

186 2454 369 2525 justis
380 2453 763 2525 petitionibus
778 2456 1127 2512 acceleravit
1142 2456 1577 2512 eil‘ectum.Nam
1593 2455 1843 2512 collecta

191 2542 607 2613 episcoporum
624 2542 845 2613 synodo
869 2544 1208 2616 provinciali
1222 2545 1373 2615 apud
1388 2544 1693 2601 ecclesiam
1715 2545 1846 2600 bea-

196 2634 272 2686 tae
296 2630 486 2687 Maria:
518 2631 867 2702 Aquisgrani
902 2632 1122 2704 palatii,
1150 2633 1477 2689 Ludovicus
1508 2633 1641 2703 pius
1670 2637 1727 2687 et
1761 2647 1848 2688 re-

191 2715 443 2786 ligiosus
458 2717 776 2789 imperator
791 2720 1080 2775 interesse
1093 2717 1281 2776 voluit
1301 2718 1722 2776 ecclesiasticis
1736 2719 1849 2775 uti-

192 2804 468 2863 litatibus
501 2805 713 2862 ibidem
763 2806 1164 2878 disponendis.
1200 2808 1284 2863 lbi
1315 2822 1446 2863 cum
1477 2806 1846 2864 Gualcaudus

196 2894 448 2950 referret
498 2894 804 2951 consilium
838 2895 908 2951 de
959 2896 1369 2952 transferendo
1419 2910 1663 2968 corpore
1692 2895 1847 2951 beati

198 2982 447 3039 Huberti
479 2982 552 3038 ad
602 2981 792 3039 locum
826 2983 1208 3054 Andaginum,
1244 2983 1437 3040 divina
1470 2983 1848 3055 dispositione

202 3070 469 3144 praedicti
494 3071 772 3143 principis
793 3076 850 3130 et
878 3072 1058 3129 totius
1077 3072 1279 3143 synodi
1304 3072 1437 3128 inde
1459 3073 1848 3129 voluntarium

1950 1935 2138 2004 gestis
2164 1935 2514 1992 Francorum
2540 1936 2651 2008 (24)
2689 1952 2792 2008 per
2822 1941 3087 2009 tempora
3132 1953 3332 2007 regum
3364 1938 3595 2009 etpriu-

1953 2022 2145 2093 cipum
2182 2024 2414 2094 probari
2453 2025 2689 2095 poterit.
2738 2026 2977 2096 Pipinus
2997 2026 3148 2081 enim
3182 2026 3402 2097 primus
3423 2026 3597 2097 hujus

1956 2112 2205 2169 nominis
2229 2114 2337 2169 sub
2370 2114 2639 2170 Lothario
2673 2129 2829 2184 rege,
2864 2116 2962 2185 qui
2994 2115 3102 2171 fuit
3135 2114 3287 2171 filius
3318 2115 3599 2187 llilperici

1956 2215 2026 2256 ex
2050 2201 2450 2271 Fredegunde,
2477 2202 2593 2258 dux
2615 2207 2675 2258 et
2697 2203 2879 2272 major
2899 2204 3103 2260 domus
3125 2204 3344 2273 extitit,
3366 2205 3603 2273 negotia

1956 2289 2117 2357 regni
2148 2288 2466 2359 disponens
2519 2307 2651 2346 cum
2688 2291 2922 2348 domino
2973 2292 3289 2347 Cuniberto
3318 2292 3602 2363 archiepi-

1955 2390 2136 2448 scopo
2158 2376 2511 2434 Coloniensi.
2546 2380 2653 2445 Qui
2678 2382 2786 2435 sub
2817 2380 3054 2449 regibus
3086 2380 3410 2448 Dagoberto
3432 2386 3489 2435 et
3519 2380 3601 2435 Si-

1955 2464 2186 2533 giberto
2206 2465 2483 2521 nobiliter
2497 2472 2558 2521 et
2572 2468 2867 2538 sapienter
2890 2482 2953 2523 se
2975 2482 3152 2537 agens
3169 2468 3596 2539 perseveravit;

1955 2552 2051 2608 hic
2072 2552 2363 2621 genuitex
2384 2553 2520 2609 ldda
2542 2570 2723 2611 uxore
2760 2570 2864 2611 sua
2890 2556 3067 2611 nobili
3092 2562 3150 2611 et
3174 2556 3445 2625 religiosa
3477 2557 3599 2611 Gri-

1957 2639 2247 2696 moaldum
2280 2647 2338 2696 et
2372 2642 2640 2711 Beggam,
2674 2647 2735 2697 et
2767 2644 2995 2698 beatam
3018 2644 3380 2699 Gertrudem.
3412 2646 3599 2713 Begga

1956 2741 2095 2784 vero
2120 2734 2296 2799 nupta
2349 2730 2630 2798 Ansegiso
2654 2730 2789 2785 duci
2819 2731 3019 2799 genuit
3051 2730 3201 2787 hunc
3225 2737 3487 2787 nostrum
3510 2733 3601 2787 Pi-

1959 2817 2155 2888 pinum
2180 2817 2498 2872 secundum
2533 2817 2706 2887 hujus
2730 2819 2997 2888 nominis,
3024 2823 3290 2889 tempore
3325 2819 3599 2876 [lilderici

1959 2910 2019 2961 et
2046 2905 2387 2961 Theoderici
2406 2920 2624 2974 regum.
2655 2908 2893 2962 Subhoc
2909 2907 3203 2963 Hilderico
3223 2909 3429 2964 beatus
3446 2909 3603 2964 Lam-

1963 2991 2164 3048 bertus
2185 2995 2579 3062 Trcgentcmsi
2601 2993 2622 3026 ⁹
2647 2994 2851 3064 viguit.
2873 2995 3263 3051 Theodericus
3281 3000 3472 3051 autem
3498 3012 3602 3053 rex

1962 3086 2023 3136 ut
2066 3084 2193 3136 erat
2243 3081 2565 3138 hebetioris
2624 3083 2857 3153 ingenii,
2917 3084 3195 3141 abusione
3260 3086 3603 3155 nequissimi

203 3159 461 3216 obtinuit
488 3155 812 3224 assensum,
863 3161 1079 3217 indicta
1111 3162 1163 3217 ei
1205 3160 1558 3231 corditione,
1590 3166 1653 3217 ut
1682 3165 1849 3217 tanto
1882 3197 1932 3260 Ο
1965 3159 2222 3231 Ebroini,
2260 3161 2358 3230 qui
2391 3166 2515 3215 erat
2572 3162 2751 3232 major
2808 3162 3015 3219 domus
3069 3163 3217 3235 ejus,
3276 3164 3602 3222 ammodum

204 3247 468 3319 pontifici
485 3248 923 3305 convenientem
949 3248 1255 3320 ampliaret
1278 3251 1577 3319 honorem,
1594 3254 1650 3305 et
1677 3249 1851 3305 colle-

204 3336 322 3392 ctis
345 3335 556 3392 ibidem
580 3336 862 3393 fratribus
888 3342 1002 3392 tam
1025 3338 1419 3408 praesentibus
1442 3352 1613 3408 quam
1638 3338 1851 3394 futuris

202 3423 297 3480 vel
320 3424 577 3494 posteris
590 3431 825 3481 curaret
845 3439 1069 3481 omnem
1085 3426 1398 3483 excludere
1412 3426 1846 3484 necessitatem.

206 3513 540 3569 Constituta
571 3528 712 3569 vero
745 3514 837 3570 die
861 3516 932 3570 ad
965 3529 1084 3570 rem
1108 3513 1507 3585 exequendam
1540 3515 1666 3586 ipse
1700 3515 1853 3586 prin-

203 3615 346 3672 ceps
371 3602 641 3658 Leodium
666 3603 845 3673 venit,
879 3608 937 3658 et
961 3617 1089 3659 eum
1124 3602 1376 3674 palatina
1405 3608 1520 3659 tum
1547 3603 1721 3659 etiam
1754 3618 1853 3674 po-

206 3689 398 3762 pulari
426 3691 750 3761 frequentia
782 3706 997 3763 corpus
1032 3696 1294 3747 sanctum
1319 3691 1473 3763 quod
1500 3706 1630 3749 cum
1662 3690 1853 3747 loculo

206 3793 312 3835 suo
332 3777 564 3850 lapideo
591 3780 1076 3849 transferebatur,
1094 3779 1468 3836 dcvotissime
1483 3784 1850 3851 prosecutus,

206 3867 421 3922 Mosam
447 3866 588 3922 illud
615 3868 980 3940 transposuit
1000 3882 1129 3923 cum
1154 3868 1365 3924 divinis
1398 3869 1625 3938 hymnis
1654 3872 1711 3923 et
1735 3867 1857 3923 lau-

207 3954 381 4011 dibus
403 3952 536 4028 (αφιη
553 3959 674 4027 825,
698 3956 862 4028 Sept.
890 3960 1001 4028 30);
1024 3956 1117 4012 cui
1140 3957 1315 4012 etiam
1340 3956 1518 4013 multa
1544 3956 1691 4013 dona
1724 3970 1856 4011 con-

208 4042 344 4101 tulit
368 4044 526 4113 regia
555 4042 887 4115 largitione,
916 4060 1043 4116 quae
1061 4045 1197 4101 licet
1222 4045 1581 4118 deperierint
1604 4043 1691 4100 vel
1718 4048 1858 4099 tem-

205 4147 412 4204 porum
434 4137 748 4203 vetustate,
774 4135 866 4189 vel
886 4138 1248 4190 vastatorum
1268 4132 1673 4203 distractione,
1689 4147 1757 4188 ex
1771 4132 1858 4188 eis

202 4226 402 4276 tamen
426 4220 688 4290 quaedam
704 4221 920 4279 nostris
943 4222 1129 4279 adhuc
1148 4222 1511 4293 temporibus
1542 4224 1857 4293 supersunt

206 4308 495 4365 ecclesiae.
516 4312 794 4380 Superest
806 4311 1064 4381 optimus
1078 4317 1414 4368 sanctorum
1430 4309 1860 4378 evangeliorum
1918 4324 1927 4333 ο

207 4401 433 4467 textus,
481 4411 623 4454 auro
654 4397 1011 4469 gemmisque
1046 4403 1320 4469 paratus;
1352 4404 1623 4470 superest
1652 4396 1867 4469 psalte-

209 4486 359 4543 rium
384 4500 528 4542 auro
565 4486 850 4557 scriptum
885 4501 988 4558 per
1019 4487 1199 4543 denos
1233 4489 1486 4559 psalmos
1516 4486 1866 4558 capitalibus

1963 3247 2115 3319 apud
2140 3249 2389 3304 Francos
2411 3248 2600 3304 viluit.
2631 3251 2742 3306 Nec
2768 3250 2951 3306 multo
2966 3257 3101 3323 post
3125 3252 3474 3323 Hildericus,
3504 3254 3603 3323 qui

1964 3341 2092 3391 erat
2108 3337 2490 3407 potentior,in
2506 3338 2769 3394 venando
2786 3340 3405 3412 interiit,interceptus
3420 3357 3448 3397 a
3465 3356 3604 3412 quo-

1965 3424 2094 3480 dam
2128 3425 2405 3481 Bodilone
2438 3426 2635 3497 nobili,
2674 3442 2841 3498 quem
2872 3433 3074 3484 contra
3109 3429 3291 3499 legem
3322 3431 3603 3500 majorum

1966 3513 2035 3569 ad
2061 3514 2322 3585 stipitem
2346 3515 2587 3584 ligatum
2613 3517 2833 3573 fecerat
2856 3518 3031 3585 caedi;
3066 3522 3123 3573 et
3158 3534 3286 3574 cum
3311 3524 3443 3590 post
3475 3533 3605 3575 eum

1964 3602 2356 3659 Theodoricus
2380 3608 2565 3659 totum
2592 3606 2949 3676 percepisset
2971 3621 3230 3677 regnum,
3258 3608 3436 3663 tertio
3457 3622 3605 3663 anno

1967 3692 2078 3762 (25)
2102 3691 2424 3760 prmdictus
2448 3692 2686 3761 Pipinus
2711 3694 2977 3763 Ansegisi
3001 3700 3056 3749 et
3084 3697 3288 3763 Beggzc
3313 3696 3468 3751 filius
3492 3699 3607 3753 dux

1967 3779 2401 3834 Austrasiorum
2418 3779 2604 3834 factus
2620 3779 2883 3850 invaluit,
2900 3785 2960 3835 et
2977 3782 3213 3837 Beatum
3238 3783 3607 3840 Lambertum

1968 3867 2343 3936 suggestione
2363 3867 2593 3921 Ebroini
2614 3870 2669 3921 et
2696 3867 2944 3923 factione
2970 3869 3334 3925 Coloniensis
3348 3871 3607 3943 episcopi

1968 3955 2040 4010 ab
2070 3955 2411 4026 episcopatu
2442 3954 2713 4026 ejectum,
2742 3956 3058 4012 exturbato
3091 3958 3454 4014 Faramundo
3486 3959 3611 4015 sedi

1972 4057 2092 4098 suae
2114 4042 2375 4099 restituit
2400 4046 2531 4114 post
2553 4043 2915 4114 septennium
2941 4045 3173 4115 injustae
3198 4045 3355 4102 illius
3374 4046 3612 4117 ejectio-

1974 4131 2366 4202 nissumese
2389 4146 2619 4202 quoque
2651 4136 2891 4189 sanctus
2924 4135 3187 4205 pontifex
3214 4140 3344 4207 post
3363 4136 3419 4191 in
3452 4136 3619 4193 brevi

1976 4234 2082 4291 pro
2115 4219 2454 4275 defensione
2511 4221 2783 4276 veritatis
2813 4227 2872 4277 et
2904 4223 3221 4294 castitatis,
3254 4228 3315 4279 ut
3346 4224 3401 4279 in
3431 4224 3616 4294 gestis

1976 4308 2102 4378 ejus
2122 4307 2355 4378 legitur,
2378 4311 2657 4381 martyrio
2690 4316 3009 4369 coronatus
3026 4314 3323 4383 occubuit,
3359 4313 3526 4385 eique
3559 4315 3615 4370 in

1978 4397 2321 4469 episcopatu
2349 4399 2558 4454 beatus
2602 4399 2901 4457 Hubertus
2949 4402 3250 4459 successit.
3287 4401 3411 4467 Quo
3442 4403 3621 4463 etiam

1982 4490 2242 4557 tempore
2273 4485 2422 4543 dono
2451 4487 2719 4557 praedicti
2751 4489 2939 4559 Pipini
2989 4488 3232 4559 ejusque
3265 4491 3468 4546 uxoris
3495 4490 3621 4547 Ple-

208 4573 432 4631 litteris
480 4553 824 4631 distinctum
868 4553 1012 4645 (—21);
1045 4553 1311 4647 superest
1343 4576 1399 4631 in
1431 4591 1546 4631 uno
1574 4553 1868 4632 volumine
1897 4553 1951 4613 D
1980 4553 2207 4632 ctrudis
2230 4575 2420 4631 locum
2445 4553 3039 4645 Andaginum-celitus
3062 4553 3427 4646 designatum
3450 4592 3623 4634 exco-

209 4663 461 4719 maximo
486 4678 664 4734 super
685 4667 874 4719 totum
900 4663 1240 4736 psalterium
1261 4665 1414 4721 beati
1437 4663 1746 4734 Augustini
1771 4679 1869 4719 ex.

209 4751 460 4824 positio;
486 4756 759 4823 superest
783 4757 844 4809 et
866 4753 1018 4811 liber
1037 4754 1293 4825 ejusdem
1318 4754 1415 4825 qui
1438 4752 1774 4811 intitulatur
1799 4754 1871 4809 de

1982 4664 2215 4721 lendum
2239 4664 2550 4733 Beregisus
2566 4664 2844 4735 suscepit.
2862 4666 2932 4718 Et
2954 4665 3086 4735 quia
3102 4666 3308 4720 beatus
3328 4666 3623 4724 Hubertus

1984 4768 2090 4825 pro
2122 4767 2263 4809 cura
2292 4753 2611 4809 animarum
2644 4752 2757 4809 sibi
2784 4751 3029 4825 credita,
3066 4759 3129 4811 ut
3161 4754 3218 4810 in
3248 4753 3367 4811 vita
3391 4752 3517 4822 ejus
3548 4754 3603 4811 le

1576 4849 1814 4909 VARIE
1840 4850 2238 4911 LECTIONES.

280 4950 301 4987 ’
331 4948 425 5011 ita
454 4959 503 5011 1.
540 4952 597 5010 in
628 4953 976 5026 episcOpatu
1003 4950 1362 5023 Trajectensi
1394 4956 1468 5009 τ’.

1809 5039 2030 5097 NOTAL.

285 5142 399 5213 (21)
430 5141 724 5199 Hactenus
747 5147 1016 5213 servatur
1048 5142 1101 5197 in
1136 5139 1527 5211 Andaginensi
1579 5145 1869 5213 monaste-

215 5212 301 5268 rio
332 5212 820 5284 pretiosissimum
873 5212 1213 5284 psalterium
1265 5228 1406 5268 auro
1429 5212 1872 5284 elegantissime

213 5278 543 5354 exaratum,
569 5299 678 5341 non
707 5299 737 5339 a
764 5278 1051 5341 Ludovico
1074 5283 1189 5354 pio,
1218 5289 1278 5339 ut
1302 5283 1490 5338 credit
1518 5278 1745 5353 auctor,
1771 5278 1872 5338 sed

214 5368 244 5408 a
272 5355 546 5412 Lothario
571 5355 754 5427 ipsius
800 5354 916 5410 ﬁlio
964 5354 1262 5427 donatum,
1296 5358 1359 5409 ut
1389 5354 1637 5427 probant
1669 5368 1874 5427 versus

215 5427 313 5496 qui
339 5427 509 5481 initio
532 5423 755 5483 codicis
779 5426 1175 5496 reperiuntur.
1207 5423 1441 5496 Macr.)
1467 5424 1547 5481 On
1580 5423 1730 5496 croit
1763 5438 1874 5496 que

212 5493 280 5553 ee
312 5511 553 5569 psaume
585 5498 776 5553 existe
808 5493 1020 5569 enicore
1052 5494 1418 5569 aujourd’hui
1453 5509 1529 5569 au
1556 5493 1875 5569 village'de

212 5564 541 5637 Boévange,
560 5573 774 5623 canton
789 5566 858 5623 de
872 5567 1115 5636 Mersch,
1131 5564 1535 5637 grand-duehe
1549 5565 1619 5637 de
1637 5564 1876 5637 Luxem-

214 5640 425 5709 bourg,
456 5634 624 5709 en'tre
656 5638 742 5693 les
794 5639 978 5709 maius
1011 5634 1180 5709 defM.
1215 5638 1489 5709 Neuman,
1525 5634 1769 5694 héritier
1799 5636 1875 5692 du

209 5708 417 5786 prieur
437 5708 511 5765 de
534 5708 967 5767 Saint-Hubert.
999 5728 1029 5762 »
1064 5708 1129 5767 Β.

2055 5138 2167 5209 (22)
2198 5137 2497 5219 fueigny,
2515 5154 2665 5196 mon.
2692 5138 3001 5208 virginum,
3029 5134 3084 5194 in
3109 5151 3255 5210 pago
3269 5138 3619 5214 Wabriensi,

1984 5223 2164 5281 prOpe
2197 5209 2622 5265 MartisVillam.

2059 5279 2170 5350 (23)
2202 5282 2398 5348 Ργὶεε,
2434 5285 2594 5337 trans
2623 5280 2831 5337 Mosam
2858 5279 3027 5350 juxta
3054 5281 3348 5337 Macerias.

2055 5353 2231 5423 (24)].
2267 5366 2327 5423 e.
2356 5351 2723 5421 Fredegario,
2769 5366 2841 5406 ex
2899 5366 3013 5422 quo
3070 5352 3374 5423 sequentia
3406 5353 3619 5423 hausit,

1987 5419 2245 5477 adhibita
2269 5422 2396 5493 Vita
2420 5419 2716 5493 Lam’berti’
2741 5419 2978 5479 auctore
3003 5419 3326 5493 Sigeberto.
3352 5424 3506 5481 Iddze
3521 5419 3622 5482 no;

1987 5507 2115 5617 men
2147 5492 2390 5564 addidit,
2427 5492 2580 5564 quod
2613 5494 2669 5549 in
2700 5494 2829 5550 Vita
2861 5493 2913 5549 S.
2943 5492 3248 5551 Gertrudis
3280 5510 3624 5552 commemo-

1987 5578 2049 5618 ra
2087 5578 2170 5619 ur.

2060 5633 2173 5709 (25)
2211 5634 2405 5693 Tertio
2435 5648 2590 5694 anno
2621 5620 2999 5695 nescio'unde
3036 5637 3438 5711 assumpserit.
