3968 6362
340 463 492 545 134⁸7

1332 475 1809 542 CHRONICON
1840 473 1906 540 S.
1941 471 2309 541 HUBERTI
2341 473 2734 544 ANDAGIN.

3590 478 3754 549 1848

336 641 496 707 gitur
516 635 648 706 (26),
675 647 778 706 per
800 645 1026 689 omnem
1057 629 1422 688 Arduennam
1451 630 1675 688 studuit
1697 643 1980 687 evacuare
2010 615 2064 677 A
2093 631 2278 702 nium,
2293 632 3470 707 Bractis,quaalionomimnuncupatur
3485 636 3753 710 episcopi

339 723 756 792 idololatriam,
794 737 921 794 quae
960 721 1148 778 adhuc
1181 720 1395 776 ibidem
1435 725 1763 791 supererat,
1796 719 1976 790 liquet

340 813 494 884 quod
527 827 598 868 ex
621 809 1584 880 confrequentatione,commeandi
1602 809 1980 878 uterquefue-

339 902 418 958 rit
440 901 754 958 notissimae
769 899 1140 969 cognitionis,
1157 897 1534 968 ejusdemque
1548 895 1602 951 in
1619 899 1795 952 Deum
1811 897 1980 952 dilec-

336 990 514 1047 tionis
545 988 970 1057 etdevotionis,
1002 1002 1107 1043 nec
1127 987 1315 1043 minus
1346 995 1519 1042 etiam
1551 985 1978 1057 cooperatiouis

336 1079 446 1135 hoc
476 1079 531 1134 in
565 1077 690 1134 loco
732 1077 942 1134 divina:
980 1075 1316 1141 electionis;
1348 1075 1658 1145 utriusque
1699 1074 1975 1130 instantia

337 1166 778 1240 pradicationis
804 1165 1108 1221 fatiscente
1130 1164 1368 1236 perfidia
1385 1163 1439 1219 in
1455 1165 1656 1220 eodem
1672 1162 1976 1219 territorio

334 1255 590 1327 profecit
622 1258 992 1326 augmentum
1021 1253 1354 1310 christiante
1393 1252 1706 1320 religionis.
1735 1252 1894 1308 Unde
1917 1256 1974 1306 et

334 1342 619 1415 largiente
633 1343 872 1399 Domino
895 1357 1230 1398 concessum
1253 1344 1432 1409 est,ut
1451 1355 1595 1410 quos
1610 1340 1733 1411 ipsa
1748 1340 1978 1411 provin-

335 1431 424 1488 cia
449 1431 646 1495 adhuc
676 1431 729 1485 in
753 1443 928 1486 carne
959 1433 1182 1500 positos
1204 1428 1413 1484 meruit
1437 1427 1651 1483 habere
1683 1427 1972 1496 doctores,

335 1519 573 1576 eosdem
612 1533 742 1576 cum
794 1518 1024 1574 Christo
1077 1524 1388 1588 regnantes
1435 1517 1648 1573 habeat
1687 1516 1976 1588 speciales

334 1613 615 1681 patronos
645 1611 699 1663 et
733 1606 1087 1662 defensores.

406 1701 456 1755 li.
492 1699 594 1769 (8.)
631 1697 855 1762 Quanta
884 1700 943 1750 et
967 1695 1120 1765 quali
1148 1694 1469 1764 sagacitate
1493 1693 1641 1749 idem
1664 1693 1976 1766 episcopus

335 1783 908 1842 Gualcauduslocum
926 1781 1113 1852 ipsum
1136 1781 1413 1853 ampliare
1429 1781 1744 1853 studuerit,
1763 1782 1976 1854 quibus

333 1874 770 1948 possessionum
803 1871 1154 1941 rcdditibus,
1184 1869 1275 1926 vel
1307 1885 1377 1926 ex
1402 1871 1638 1942 proprio
1663 1871 1975 1942 fratrisque

2090 720 2259 791 cilla,
2282 722 2523 792 lisura,
2544 722 2988 793 Eoernicorten,
3012 723 3390 796 Suhpiacum,
3411 725 3751 796 Nogarias.

2088 809 2457 878 Buthesaim,
2487 811 2695 868 cineas
2723 814 2843 870 tres
2861 813 2928 868 in
2956 813 3155 870 castro
3184 813 3351 881 Hoii,
3374 815 3754 872 mansionem

2088 913 2272 954 unam
2291 898 2455 969 apud
2472 900 2752 956 Leadium
2771 915 2810 956 a
2830 900 3000 958 nobis
3016 903 3434 971 constructam,
3452 916 3680 959 necnon
3693 904 3760 960 et

2087 986 2320 1043 vineam
2335 1001 2515 1045 unam
2529 1001 2661 1045 cum
2676 1003 2882 1047 mansa
2905 989 2988 1046 ad
2995 1004 3059 1046 se
3057 990 3402 1061 pertinente
3413 991 3481 1048 in
3512 991 3753 1048 territo-

2085 1075 2179 1131 rio
2200 1075 2509 1134 Leodiensi
2526 1077 2865 1148 nuncupata
2904 1077 3185 1148 Vingitis,
3209 1092 3336 1136 cum
3357 1078 3750 1151 omnibusap-

2083 1163 2534 1234 penditiissuis.
2559 1166 2700 1221 Item
2724 1165 2780 1220 in
2805 1164 3006 1222 eodem
3024 1166 3331 1238 privilegio
3365 1172 3700 1240 postpauca
3729 1187 3743 1223 :

2085 1252 2305 1309 Dioino
2325 1253 2399 1310 ut
2417 1254 2712 1312 credimus
2728 1254 2998 1325 consilio,
3023 1256 3084 1312 et
3103 1256 3444 1313 nostrorum
3467 1256 3750 1324 ﬁdelium

2086 1355 2388 1413 consensu,
2407 1343 2707 1402 tradimus
2708 1347 2847 1416 jam
2854 1344 3458 1418 prafatismonacltis
3469 1345 3628 1404 omni
3640 1360 3748 1404 an-

2085 1444 2158 1486 no
2171 1431 2241 1487 de
2256 1432 2502 1502 argento
2531 1433 2721 1491 libras
2735 1433 2834 1506 rip
2841 1434 2976 1504 inti,
3003 1435 3064 1492 et
3087 1433 3376 1492 decimam
3389 1435 3462 1492 de
3479 1449 3646 1493 caseo
3667 1449 3746 1492 ea!

2087 1518 2354 1577 omnibus
2366 1519 2534 1578 villis
2543 1521 2764 1579 nostris
2775 1521 3248 1594 indominicatis,
3264 1523 3402 1580 etde
3415 1523 3611 1582 tribus
3629 1524 3743 1580 cil-

2088 1607 2168 1665 lis
2188 1608 2476 1666 decimam
2491 1609 2640 1680 cini,
2657 1609 2937 1669 videlicet
2948 1611 3020 1669 de
3035 1609 3406 1686 Goganheim
3417 1612 3744 1670 etBertlia-

2088 1694 2219 1752 hem
2247 1697 2430 1768 atque
2459 1697 2784 1756 Ounerono.
2819 1700 2968 1758 Post
2993 1699 3115 1758 hac
3136 1702 3289 1758 duas
3309 1700 3588 1757 addimus
3626 1701 3738 1770 eis,

2085 1785 2316 1843 scilicet
2333 1788 2634 1846 Tabernas
2651 1789 2758 1860 (31)
2776 1790 3360 1854 etErnau.utomnia
3371 1791 3746 1862 regulariter

2087 1875 2346 1932 virentes
2359 1875 2444 1932 ibi
2455 1877 2522 1932 in
2540 1877 2702 1934 rictu
2722 1877 2782 1934 et
2796 1878 3174 1936 cestitusatis
3193 1877 3543 1952 abundeque
3563 1877 3744 1936 liabe-

331 1963 421 2021 sui
447 1959 901 2031 Erohengoldi10
924 1959 1295 2031 patrimonio,
1329 1959 1430 2016 sed
1455 1963 1512 2014 et
1535 1974 1604 2014 ex
1629 1960 1976 2017 casamentis
2005 1969 2058 2030 Β
2086 1963 2242 2021 rent.
2258 1965 2602 2021 Istaomnia
2619 1965 3133 2023 coramclericiset
3146 1967 3632 2025 laicisnostrisin
3650 1983 3744 2026 eo-

331 2052 445 2125 (27)
475 2067 503 2108 a
521 2050 866 2122 quibusdam
891 2047 1256 2104 secularihus
1277 2049 1620 2117 subtractis,
1647 2048 1974 2105 subsidium

331 2139 560 2197 vivendi
576 2143 691 2195 tam
718 2137 970 2210 posteris
984 2151 1152 2206 quam
1173 2136 1560 2207 praesentibus
1576 2140 1858 2206 perpetuo
1881 2137 1978 2192 ba-

331 2226 581 2283 bendum
609 2225 1030 2298 procuraverit,
1047 2224 1092 2280 si
1120 2224 1248 2294 quis
1265 2238 1434 2280 nosse
1449 2223 1721 2293 voluerit,
1741 2224 1977 2280 retectis

331 2315 704 2374 auctoritatis
725 2316 853 2385 ejus
878 2312 1196 2385 privilegiis
1214 2312 1464 2384 pleniter
1487 2312 1792 2369 addiscere
1817 2318 1978 2384 pote-

331 2405 428 2462 rit.
467 2405 604 2471 Quae
639 2403 943 2476 privilegia
976 2403 1114 2458 licet
1165 2418 1237 2458 ex
1285 2416 1504 2472 magnae
1535 2401 1869 2460 devotionis
1899 2403 1979 2458 af-

333 2494 492 2550 fectu
525 2491 857 2548 condidisse
885 2491 1206 2560 videretur,
1242 2507 1478 2546 moroso
1510 2494 1701 2546 tamen
1731 2491 1977 2547 consilio

331 2586 390 2640 et
415 2581 629 2652 saepius
661 2579 943 2636 ventilato
970 2594 1210 2636 assensu
1240 2579 1382 2634 cleri
1405 2584 1722 2636 etsenatus
1751 2585 1810 2634 et
1839 2595 1977 2649 quo-

335 2683 580 2741 rumque
606 2667 885 2725 nobilium
900 2668 1316 2740 etsapientium
1333 2667 1670 2724 Leodiensis
1683 2666 1972 2735 ecclesiae,

333 2759 434 2817 sed
463 2763 523 2814 et
555 2757 826 2814 consultu
873 2756 1305 2828 metropolitani
1339 2756 1426 2812 sui
1457 2755 1781 2812 liildeboldi
1815 2756 1980 2811 Colo-

333 2847 557 2903 niensis
581 2846 893 2918 pontificis,
919 2844 1274 2902 auctoritate
1304 2845 1477 2900 etiam
1505 2845 1706 2900 Leonis
1738 2845 1976 2900 Romani

331 2935 628 3008 pontificis
650 2934 1108 2992 etattestatione
1154 2933 1426 2990 Ludovici
1453 2934 1564 3003 (28)
1598 2932 1842 3004 piissimi
1879 2933 1980 2987 im-

333 3024 624 3096 peratoris
646 3022 746 3078 filii
781 3023 968 3092 magni
993 3021 1181 3077 Caroli
1209 3020 1600 3092 imperatoris,
1626 3033 1691 3074 ea
1717 3019 1976 3076 condidit

331 3118 390 3169 et
417 3112 696 3170 canonica
719 3110 1162 3167 confirmatione
1184 3108 1500 3164 roboravit.
1520 3109 1588 3163 Et
1613 3113 1675 3164 ut
1701 3107 1890 3178 aliqua
1906 3122 1978 3163 ex

2086 2066 2221 2108 rum
2238 2051 2557 2123 privilegio
2587 2052 2843 2110 cedimus
2873 2055 2931 2110 et
2954 2069 3302 2126 permanere
3320 2058 3594 2128 cupimus
3616 2058 3745 2116 tam

2086 2141 2310 2197 nostris
2335 2154 2517 2210 quam
2544 2154 2947 2199 successorum
2972 2144 3312 2201 nostrorum
3341 2145 3735 2218 temporibus.

2086 2228 2417 2298 Postquam
2430 2243 2564 2300 ergo
2577 2230 2698 2287 ista
2707 2232 2918 2302 gratia
2933 2231 3042 2288 Dei
3052 2232 3509 2290 rationabiliter
3519 2249 3558 2291 a
3572 2235 3744 2293 nobis

2073 2331 2187 2388 per
2197 2318 2398 2374 omnia
2410 2319 2692 2376 ordinata
2704 2319 2787 2376 ad
2795 2333 2974 2377 aures
2985 2321 3328 2392 imperiales
3343 2321 3740 2394 deuenissent,

2083 2406 2553 2477 magnogacisus
2575 2407 2998 2479 estimperator
3009 2409 3256 2482 gaudio,
3276 2410 3604 2468 canobium
3624 2413 3743 2470 Su-

2077 2493 2270 2565 guilis
2289 2495 2523 2550 nomine
2543 2495 2677 2565 (3'2),
2701 2497 2767 2552 in
2798 2510 2914 2566 quo
2943 2498 3064 2553 Deo
3085 2497 3297 2555 dicata
3316 2500 3497 2556 erant
3511 2502 3743 2558 monia-

2087 2581 2187 2650 les,
2217 2581 2497 2652 partibus
2516 2583 2740 2639 sancta
2759 2583 2980 2641 Mariae
2999 2585 3057 2641 et
3073 2586 3268 2644 sancti
3281 2587 3590 2646 Lamberli
3607 2604 3743 2646 cum

2084 2669 2351 2726 omnibus
2379 2672 2504 2727 suis
2538 2671 2907 2742 appenditiis
2929 2673 3345 2746 lradiditjure
3366 2676 3737 2748 firmissimo,

2084 2757 2530 2830 utepiscopatus
2550 2761 3078 2830 Tongrensissedis
3089 2763 3155 2819 in
3166 2764 3334 2821 nullo
3344 2765 3741 2824 minorarioio

2088 2846 2248 2901 deret
2254 2860 2322 2901 ur
2322 2861 2441 2917 pro
2451 2846 2810 2919 rebus,quas
2819 2849 2931 2906 Dei
2943 2853 3134 2909 servis
3145 2853 3207 2908 in
3217 2855 3588 2915 monasterio
3596 2870 3742 2929 pm-

2069 2933 2215 3004 fato
2255 2935 2678 3004 concessimus;
2707 2938 2765 2993 et
2787 2939 3032 3010 insuper
3071 2940 3156 2998 ad
3168 2942 3506 3014 praefatam
3530 2945 3740 3004 cellam

2086 3021 2408 3093 quamdam
2425 3024 2639 3080 sileam
2658 3039 2790 3096 g—uce
2807 3027 3033 3084 dicitur
3062 3029 3612 3102 Wangisisusmons
3625 3037 3742 3106 (33)

2088 3109 2362 3180 tradidit,
2372 3113 2752 3184 eamdemque
2765 3113 3016 3186 legalem
3030 3117 3416 3176 traditionem
3431 3121 3743 3194 imperiali

331 3201 548 3258 eisdem
582 3199 906 3272 privilegiis
967 3198 1441 3268 interponamus:
1476 3197 1610 3265 Res,
1646 3195 1854 3268 inquit,
1885 3196 1985 3254 cel
2074 3199 3041 3276 privilegio/tranavitetsignaoit.
3063 3207 3274 3264 Harum
3300 3211 3740 3281 possessionum

328 3285 974 3362 possessiones,qucead
989 3284 1253 3342 eumdem
1270 3286 1454 3340 locum
1473 3284 1765 3354 deputata
1785 3283 1980 3342 hacte-
2007 3318 2055 3380 Ο
2087 3288 2328 3343 maxima
2365 3303 2500 3359 pars
2559 3289 2691 3346 huic
2749 3291 3016 3350 ecclesiae
3059 3294 3281 3365 jamdiu
3345 3297 3605 3371 deperiit
3631 3315 3741 3358 non

327 3375 752 3449 nusfueruntj
761 3387 864 3429 ure
887 3374 1228 3434 ﬁrmissimo
1247 3371 1681 3443 delegamus,id
1695 3374 1784 3428 est
1797 3375 1978 3444 Apro-

328 3465 482 3522 villa
505 3462 929 3532 (29),Lotcilla,
952 3460 1969 3533 Nelina,Palatiolum,Gamedella,

333 3550 598 3621 Telins“,
608 3548 1032 3618 Lesterniois",
1046 3549 1333 3618 Ruconia,
1343 3549 1573 3606 Frandi
1581 3550 1697 3606 lion
1706 3548 1875 3618 is,Ga
1884 3549 1972 3606 be-

329 3640 498 3708 lium,
527 3639 896 3708 Anseromia,
919 3637 1331 3708 Rumendinis,
1341 3638 1399 3693 et
1417 3639 1692 3696 ecclesias
1712 3638 1965 3710 Melsun,

324 3727 734 3798 Marttlinges,
763 3724 1114 3795 Builaidas,
1147 3739 1281 3783 cum
1311 3725 1582 3784 omnibus
1603 3727 1971 3798 apprnditiis

324 3816 476 3874 suis.
504 3815 812 3874 Similiter
839 3815 1021 3872 etiam
1046 3828 1329 3872 consensu
1343 3815 1628 3886 fratrum
1642 3816 1971 3874 nostrorum

324 3904 716 3964 concessimus
727 3905 1136 3976 etpermanere
1153 3918 1220 3961 oo
1228 3904 1423 3962 lamus
1433 3904 1618 3960 eidem
1629 3905 1719 3961 cel
1723 3905 1792 3963 ιω
1811 3904 1974 3962 alias

323 4007 422 4052 res
444 4007 519 4052 ea;
527 3993 702 4052 rebus
719 3993 975 4052 ecclesiae
993 3995 1370 4064 nostraque
1384 3993 1666 4051 videlicet
1675 4008 1790 4051 non
1804 3994 1974 4051 indo-

328 4083 652 4154 minieata,
674 4083 780 4142 sed
790 4087 853 4140 in
875 4082 1150 4155 beneﬂcio
1161 4082 1494 4140 constituta
1488 4083 1766 4155 fuerunt,
1800 4083 1869 4140 id
1885 4083 1979 4142 est

330 4173 640 4244 Teroonia,
682 4171 998 4229 Teuledum
1021 4171 1153 4243 (30),
1187 4170 1479 4240 Marlida,
1510 4171 1846 4238 Aldamum,
1871 4173 1974 4230 Al-

321 4262 604 4332 oentium,
661 4260 949 4332 Nentina,
1009 4259 1269 4331 Florias,
1336 4257 1708 4331 Woroonium,
1743 4260 1975 4319 Ardua-

2084 3375 2559 3434 solumviolentia
2586 3379 2978 3449 szecularium,
3005 3383 3105 3439 sed
3124 3385 3300 3442 etiam
3325 3389 3742 3462 episcoporum

2084 3465 2503 3522 Leodiensium.
2533 3468 2904 3526 Gualcaudus
2923 3485 3062 3528 vero
3081 3473 3401 3548 episc0pus
3427 3476 3741 3536 Altuenum

2081 3553 2348 3609 abbatem
2374 3555 2471 3625 qui
2495 3554 2624 3612 loco
2657 3563 2934 3628 prmesset
2965 3561 3277 3634 ordinavit,
3305 3567 3742 3636 possessiones-

2080 3656 2192 3712 que
2223 3647 2283 3698 et
2331 3641 2599 3700 redditus
2648 3647 2862 3715 quibus
2895 3649 3105 3706 fratres
3137 3650 3538 3711 subsisterent
3571 3657 3740 3727 legali

2080 3729 2388 3802 privilegio
2412 3731 2681 3790 ecclesiae
2706 3735 2858 3791 facto
2882 3735 2938 3791 in
2966 3743 3311 3810 perpetuum
3345 3744 3743 3804 confirmavit-

2075 3820 2326 3877 credens
2378 3821 2692 3893 specialius
2739 3825 3108 3896 profuturum
3141 3829 3254 3884 sibi
3315 3831 3598 3904 quicquid
3638 3835 3736 3908 ibi,

2079 3909 2208 3965 dem
2231 3914 2473 3978 geretur
2489 3926 2674 3982 usque
2707 3913 2763 3967 in
2786 3917 2950 3969 linem
2977 3916 3197 3972 saeculi.
3235 3917 3343 3984 Qui
3373 3926 3573 3978 autem
3598 3939 3740 3995 pra-

2079 3999 2199 4054 fato
2235 3999 2433 4054 abbati
2474 4002 2891 4073 successerint,
2937 4003 3320 4076 velquamdiu
3363 4012 3733 4084 praifuerint,

2080 4085 2172 4142 vel
2215 4087 2502 4157 quomodo
2533 4090 2642 4146 sub
2674 4105 3025 4162 unoquoque
3055 4108 3256 4152 eorum
3290 4095 3459 4155 locus
3493 4099 3621 4172 ipse
3639 4106 3739 4159 aut

2081 4176 2399 4248 profecerit
2430 4182 2531 4234 aut
2581 4177 2883 4249 defecerit,
2941 4193 3130 4252 neque
3186 4180 3440 4253 legimus
3487 4202 3678 4260 neque
3706 4204 3737 4246 a

2084 4278 2374 4336 quoquam
2397 4269 2621 4324 certius
2643 4265 2828 4324 relata
2851 4267 3165 4328 didicimus
3187 4272 3336 4345 (34);
3361 4273 3616 4348 ideoque
3647 4278 3735 4334 bis

1672 4384 1908 4442 VARIzE
1948 4386 2334 4444 LECTIOMES
2347 4430 2360 4444 .

396 4499 442 4533 ¹⁶
469 4498 892 4558 Ercbenboldi?
920 4501 992 4558 Ρ.

327 4570 370 4606 ί·
397 4570 499 4631 vel
522 4571 916 4640 Lestermius;
946 4569 1129 4646 infra
1155 4584 1203 4631 e.
1239 4569 1633 4631 Lesterneias.

1112 4499 1155 4534 “
1179 4499 1277 4582 εις
1304 4497 1485 4582 iit/ra
1506 4513 1540 4581 ρ
1568 4503 1654 4559 32.
1712 4506 1766 4560 et
1780 4503 1995 4576 prio“.
2057 4503 2394 4566 [meum
2422 4505 2520 4565 II.
2572 4520 2668 4579 ap.
2713 4505 2994 4568 Hircum
3017 4508 3129 4582 IV,
3165 4512 3270 4568 170
3329 4511 3479 4573 00d.
3545 4514 3735 4575 Teluis

1910 4664 2135 4725 NOTE.

393 4759 508 4833 (26)
541 4758 709 4833 Apud
735 4756 972 4833 _Sur_i_um
1003 4759 1094 4830 VI,
1127 4775 1184 4832 p.
1221 4762 1307 4817 47.

410 4829 505 4888 27)
536 4832 559 4886 Ι
573 4829 608 4886 ,⁷
626 4845 684 4886 e.
727 4829 931 4886 feudis.

415 4901 507 4972 28)
539 4902 742 4972 Itaque
775 4901 926 4956 intra
975 4915 1034 4959 a.
1099 4904 1206 4958 814
1233 4906 1291 4959 et
1353 4915 1610 4960 mensem
1665 4903 1872 4962 Maium
1905 4919 1960 4962 a.

317 4973 442 5044 816,
475 4973 590 5044 quo
621 4973 732 5028 Leo
764 4977 1030 5029 mortuus
1058 4978 1172 5044 est.

393 5042 508 5118 (29)
526 5043 1118 5118 Aroille—Louoille,
1135 5042 1966 5118 Nagme'faliceﬂﬁemelle,

325 5113 515 5186 Telin,
555 5116 858 5198 Lesterng,
885 5113 1172 5198 laevoque,
1202 5115 1550 5198 Erandeuze,
1580 5113 1973 5198 _Gioet,Anse'-

316 5185 580 5270 τετηρηζὶ
616 5185 1006 5257 Romedenne,
1037 5185 1321 5257 Maissin,
1367 5185 1787 5261 Martelenges’,
1817 5192 1972 5247 Bou-

323 5255 508 5403 {figis
541 5259 890 5403 inuam,
913 5329 1198 5403 __2_'ill_eur,
1245 5299 1523 5403 Marloie,
1549 5402 1552 5403 ί
1581 5332 1725 5403 Age,
1759 5332 1966 5402 Arent,

317 5397 584 5474 Nettine,
615 5397 885 5474 Florale,
912 5399 1170 5474 Wanlin,
1185 5397 1485 5474 'Ardenne,
1509 5397 1692 5473 Bra'z,
1711 5397 1970 5474 'VesqueL

319 5469 496 5546 villo,
514 5473 739 5546 Lirere,
763 5469 1179 5546 Eoernicaurt,
1201 5473 1453 5544 Soulpy,
1472 5469 1741 5546 'Noyers.
1779 5469 1852 5529 Ιὶῖ

394 5541 507 5612 (31)
543 5543 808 5610 Taoiers,
842 5544 1073 5600 Ernau.
1112 5543 1184 5599 R.

395 5610 508 5701 ςὲἓὶ
535 5612 926 5701 ita???

416 5681 496 5736 33‘
551 5682 909 5752 Wagimont.
939 5683 1004 5738 Η.

385 5681 749 5837 ,ἶὲβέβὲνυιὲι
763 5751 1105 5837 “9928281.
1123 5765 1205 5837 ex.
1225 5751 1514 5837 οειὶξὲοείε
1531 5754 1807 5837 abbatum
1827 5759 1969 5837 Ριῖιι·

323 5820 651 5894 mibn'sium,
699 5833 775 5877 ex
833 5820 1246 5895 Martyrologio
1277 5820 1522 5894 aliisque
1582 5825 1840 5886 fontibus
1867 5829 1968 5887 do-

2000 4769 2056 4830 D
2084 4764 2346 4824 mesticis
2367 4766 2738 4826 concinnavit
2762 4767 3120 4828 Romualdus
3136 4770 3368 4829 Hancar
3390 4772 3448 4830 in
3477 4775 3732 4834 Historia

2084 4838 2418 4917 monasterii
2441 4839 2505 4917 _S.
2532 4840 2784 4917 _Huberti
2825 4856 2997 4917 manu
3019 4857 3130 4917 sua
3159 4843 3616 4917 scri_p_ta,iquam
3641 4847 3736 4905 ha-

2083 4907 2301 4984 buit-P.
2339 4909 2411 4965 de
2441 4909 2727 4979 Robaulx,
2758 4926 2790 4967 e
2819 4913 2986 4984 cujus
3019 4911 3168 4968 libro
3201 4907 3526 4974 utilissimo
3559 4919 3734 4976 istum

2081 4977 2410 5053 catalogum
2436 4977 2779 5053 excerptum
2802 4977 2907 5040 bic'
2927 4983 3190 5040 sistimus
3215 5001 3228 5037 :
3255 4986 3475 5044 Alveus
3497 4989 3648 5045 obiit
3676 4995 3738 5047 16

2079 5051 2226 5106 Nov.
2275 5053 2398 5107 828.
2449 5051 2781 5110 Tancradus
2831 5054 3191 5112 Prumiensis
3241 5057 3426 5115 abbas
3482 5061 3636 5117 obiit
3675 5065 3732 5119 11

2083 5121 2382 5199 Eeb._8_29.
2437 5123 2828 5199 Marcuardus
2860 5125 3224 5199 Prumiensis
3253 5129 3586 5199 resignavit
3613 5135 3733 5189 836.

2083 5191 2372 5268 Sevoldus
2399 5193 2542 5268 obiit
2563 5198 2631 5268 13
2657 5198 2780 5252 Jan.
2808 5198 2940 5252 855.
2971 5197 3222 5268 Sanctus
3245 5191 3410 5268 Egilo
3441 5202 3740 5260 Prumien-

2083 5263 2168 5318 sis
2201 5263 2520 5334 resignavit
2571 5267 2694 5322 860.
2731 5269 2978 5324 Sanctus
3009 5263 3342 5326 Ansbaldus
3375 5271 3738 5332 Prumiensis

2082 5334 2234 5390 obiit
2265 5338 2332 5390 10
2361 5336 2525 5390 Mart.
2561 5339 2685 5393 887.
2736 5338 3090 5396 Farabertus
3136 5341 3505 5400 Prumiensis
3537 5345 3733 5402 obiit!

2079 5405 2185 5460 Mai
2221 5420 2335 5475 quo
2358 5420 2506 5478 anno
2535 5409 2818 5465 nescitur.
2853 5409 3076 5478 Regina
3097 5411 3456 5470 Prumiensis
3491 5415 3739 5473 destitu-

2081 5479 2330 5549 tus_894.
2367 5477 2676 5549 Richarius
2708 5477 3028 5549 resignavit
3059 5479 3182 5536 620.
3219 5482 3597 5543 Hildrardus.
3625 5487 3738 5543 Fri-

2079 5546 2318 5604 dericus
2349 5548 2496 5604 obiit
2527 5552 2648 5606 942.
2707 5546 2986 5608 Albértus
3015 5552 3158 5608 obiit
3191 5555 3322 5609 966.
3385 5556 3733 5615 Heribertus

2079 5619 2228 5674 obiit
2248 5624 2319 5675 20
2340 5619 2444 5675 Mai
2467 5621 2593 5676 990.
2618 5621 2936 5678 Vulbertus
2969 5623 3116 5678 obiit
3146 5624 3214 5680 14
3241 5623 3355 5682 Jul.
3393 5629 3566 5685 1004.
3606 5629 3734 5686 Vul-

2078 5688 2283 5762 hertus
2311 5689 2458 5762 obiit
2510 5695 2664 5748 1006.
2703 5693 3018 5752 Witericus
3049 5694 3194 5751 obiit
3229 5698 3400 5756 1027.
3456 5699 3731 5762 Albertus

2078 5761 2226 5818 obiit
2254 5764 2412 5820 1033.
2447 5761 2836 5823 Reinwardus
2869 5765 2963 5826 ob.
2999 5767 3158 5844 1034,
