3968 6326
227 404 390 486 tate

1271 414 1749 486 CHRONICON
1780 422 1845 486 S.
1873 412 2241 490 HUBERTI
2269 424 2659 497 ANDAGIN.

3487 429 3641 504 i350

222 573 802 648 praetermissis,quae
861 571 1078 630 nostris
1130 574 1493 646 temporibus
1548 574 1874 632 audivimus
1907 564 1955 619 Α
1989 570 2066 633 De
2114 580 2315 637 eodem
2341 591 2569 653 quaestu
2617 584 2911 646 communi
2964 586 3284 649 advocatus
3323 586 3630 651 obsonium

217 669 279 722 et
313 664 573 722 vidimus
603 668 768 733 gesta
794 662 1181 720 revolvamus.

295 779 348 829 5.
388 771 466 843 (9)
491 774 655 828 Anno
712 771 995 827 incarnati
1046 771 1220 828 Verbi
1274 770 1456 843 [1034[
1684 771 1727 805 ¹³
1782 771 1878 828 de-

218 860 477 917 cedente
526 861 836 916 Renuardo
894 862 1126 930 abbate,
1180 860 1466 917 successit
1508 860 1561 916 ei
1630 860 1876 916 domnus

221 948 559 1005 Adelardus
587 964 617 1004 a
639 949 970 1017 Baginardo
988 949 1270 1020 episcopo
1300 949 1567 1006 ecclesiae
1589 949 1743 1007 beati
1766 951 1878 1005 Hu-

223 1037 387 1094 berti
417 1038 601 1093 abbas
630 1037 960 1108 ordinatus,
987 1037 1083 1108 qui
1114 1038 1302 1093 fuerat
1327 1038 1665 1094 monasterii
1686 1039 1875 1095 sancti

221 1125 516 1182 Trudonis
537 1124 887 1182 scolasticus
911 1129 968 1181 et
996 1126 1471 1182 thesaurizarius.
1496 1128 1624 1198 Ipse
1656 1130 1721 1182 ut
1747 1131 1873 1183 erat

222 1215 319 1270 vir
354 1214 687 1271 industrius
710 1218 771 1270 et
803 1214 1079 1285 prudens,
1111 1230 1240 1271 cum
1273 1215 1801 1287 gravareturlonga
1818 1220 1875 1273 et

222 1303 477 1359 maxima
518 1303 685 1359 famis
706 1303 1224 1373 necessitate,tum
1259 1304 1431 1359 etiam
1454 1304 1603 1360 inter
1634 1304 1878 1376 impera-

223 1397 419 1448 torem
453 1391 784 1447 Heinricum
825 1396 885 1447 et
915 1390 1120 1447 ducem
1171 1392 1550 1449 Godefridum
1600 1393 1876 1463 majorem

224 1478 505 1535 diuturna
537 1482 598 1534 et
642 1479 989 1535 inexorabili
1043 1479 1353 1551 seditione,
1387 1481 1565 1538 castri
1614 1481 1875 1538 Mirvoldi

225 1568 343 1639 (35)
368 1565 630 1623 ecclesiae
654 1566 874 1623 acriter
893 1568 1248 1625 imminentis
1283 1585 1354 1626 ex
1376 1569 1569 1626 edicto
1593 1569 1877 1641 imperiali

222 1657 484 1713 omnium
521 1656 641 1711 fere
672 1656 999 1727 principum
1039 1657 1125 1713 cis
1152 1658 1375 1714 Renum
1426 1658 1876 1716 consistentium

222 1742 577 1812 gravissima
609 1742 911 1799 obsidione
942 1746 1062 1809 (an.
1091 1747 1474 1817 1045),tamen
1498 1746 1875 1802 commissum

224 1831 340 1887 sibi
401 1830 624 1897 locum,
678 1833 833 1902 quod
870 1833 1131 1903 periculo
1164 1835 1448 1906 temporis
1499 1834 1874 1891 dfiicillimum

1990 665 2251 727 debitum
2277 672 2622 746 accipiebat,
2645 676 2767 733 etsi
2798 678 2988 736 minus
3022 680 3632 752 proveniret,ecclesia

1989 753 2133 813 illud
2157 760 2785 831 supplebatPraeterea
2815 767 3051 847 siquem
3078 768 3355 825 rebellem
3388 769 3635 827 advoca-

1990 847 2085 901 tus
2125 847 2194 903 ad
2228 849 2521 919 justitiam
2567 851 2886 912 faciendam
2927 855 3340 929 compellebat,
3370 857 3635 916 decater-

1987 945 2114 990 vam
2138 935 2181 968 ¹⁴
2209 952 2371 995 suam
2396 939 2746 1012 accipiebat.

2058 1025 2108 1077 6.
2146 1025 2284 1095 (10.)
2317 1031 2480 1085 Anno
2534 1045 2674 1086 vero
2730 1032 3014 1090 incarnati
3070 1035 3243 1091 Verbi
3299 1039 3457 1108 1055,
3508 1051 3630 1095 sum

1989 1116 2182 1169 autem
2212 1117 2599 1176 ordinationis
2629 1124 2722 1176 22.
2770 1136 2901 1177 cum
2932 1121 3307 1195 decessisset,
3340 1125 3629 1183 successit

1988 1205 2229 1260 auctore
2260 1206 2376 1262 Deo
2410 1208 2495 1263 illi
2517 1208 2765 1266 domnus
2785 1210 3030 1267 Theodei
3052 1211 3175 1268 icus
3198 1213 3497 1270 Lobiensis
3520 1228 3634 1272 cm-

1989 1290 2147 1346 nobii
2188 1297 2505 1353 monachus
2550 1298 2719 1366 (Vita
2764 1299 2984 1357 Tlteod.
3032 1314 3083 1355 c.
3115 1301 3229 1373 2.),
3264 1315 3295 1357 a
3340 1300 3632 1359 Richardo

1990 1379 2200 1438 abbate
2249 1385 2362 1456 (43)
2396 1386 2673 1457 nutritus,
2699 1390 2758 1443 et
2795 1403 2824 1444 a
2877 1387 3135 1445 Gerardo
3183 1389 3505 1447 venerabili
3535 1392 3636 1447 Ca-

1989 1475 2407 1531 meracensium
2432 1476 2707 1546 pontifice
2730 1482 3162 1548 consequenter
3190 1479 3247 1535 in
3267 1478 3633 1537 sacerdotem

1990 1560 2316 1632 ordinatus,
2346 1561 2563 1621 litteris
2611 1565 2870 1637 adprime
2903 1566 3193 1637 eruditus,
3259 1582 3405 1638 quas
3456 1568 3633 1626 etiam

1989 1647 2255 1707 honestis
2277 1650 2593 1709 decorabat
2616 1652 2894 1722 moribus,
2930 1653 3075 1712 adeo
3108 1659 3169 1712 ut
3200 1658 3259 1711 et
3308 1655 3525 1726 ingenii
3551 1656 3635 1714 vi-

1989 1737 2241 1794 vacitate
2268 1745 2324 1795 et
2357 1742 2559 1797 morali
2607 1742 2900 1813 probitate
2944 1747 3060 1798 tam
3115 1742 3428 1813 juvenibus
3461 1758 3633 1817 quam

1989 1826 2226 1883 senibus
2256 1830 2633 1888 ammirahilis
2664 1836 2720 1887 et
2774 1830 3135 1887 immitabilis
3193 1832 3532 1903 haberetur,
3567 1838 3629 1891 et

224 1923 379 1988 erat,
402 1933 473 1975 ne
493 1919 726 1975 omnino
750 1920 1160 1978 destrueretur
1174 1937 1284 1978 non
1301 1923 1488 1979 solum
1511 1922 1760 1979 viriliter
1779 1923 1875 1980 de-

1994 1914 2682 1990 quodestdifflcillimum,
2707 1919 2953 1990 gloriam
2991 1920 3117 1976 sine
3157 1920 3372 1977 invidia
3400 1936 3633 1981 assecu-

226 2007 430 2079 tinuit,
467 2007 567 2063 sed
597 2012 655 2064 et
690 2009 1163 2080 possessionibus
1187 2011 1873 2083 ampliavit,ornamentis

222 2094 541 2167 palliorum
567 2095 1523 2168 decoravit,a)dificiishonestavit.
1551 2100 1872 2157 zEdificavit

224 2184 609 2240 refectorium
654 2185 899 2241 fratrum
922 2201 1050 2243 cum
1076 2187 1758 2259 dormitorio,aediflcavit
1783 2203 1875 2245 ca-

222 2286 447 2328 meram
477 2272 708 2329 abbatis
745 2288 876 2329 cum
918 2273 1171 2345 palatina
1215 2276 1402 2333 domo.
1438 2276 1758 2333 Ecclesiam
1783 2275 1874 2333 Al-

223 2360 588 2417 vcntiensem
620 2360 733 2433 (36)
765 2377 936 2433 quam
950 2377 1021 2419 ex
1046 2364 1397 2435 patrimonio
1422 2380 1528 2421 suo
1561 2365 1872 2438 cpiscopus

223 2447 605 2506 Gualcaudus
624 2448 759 2506 olim
784 2450 913 2507 loco
946 2451 1299 2521 contulerat,
1334 2467 1363 2509 a
1398 2453 1744 2524 quibusdam
1793 2455 1874 2509 in-

223 2537 544 2594 vasoribus
579 2537 830 2594 viriliter
857 2538 1150 2595 defensam
1171 2540 1714 2605 retinuit.Quartam
1744 2556 1876 2613 par-

220 2628 344 2680 tem
380 2624 691 2682 Calviciaci
718 2626 831 2700 (37)
865 2627 991 2684 ﬁsci
1028 2642 1059 2684 a
1090 2628 1337 2699 quodam
1381 2630 1560 2686 nobili
1616 2630 1873 2686 Boberto

220 2713 391 2783 emit,
426 2713 594 2784 cujus
627 2715 955 2772 omnimodo
1009 2717 1293 2775 medietas
1339 2719 1411 2774 ab
1459 2718 1699 2789 antiquo
1748 2728 1873 2775 erat

221 2800 495 2859 ecclesiae
531 2801 665 2875 (38),
700 2804 915 2860 donata
955 2805 1066 2861 sibi
1102 2820 1207 2877 pro
1266 2806 1721 2863 satisfactionea
1755 2809 1877 2863 Ste-

224 2888 421 2960 phano
444 2889 754 2961 comite,eo
778 2891 930 2962 quod
946 2892 1252 2948 castellum
1277 2893 1489 2949 Mirvot
1510 2892 1797 2950 violenter
1816 2897 1876 2949 et

225 2978 453 3049 injuste
476 2979 766 3037 firmasset
781 2982 836 3038 in
852 2982 1256 3039 ecclesiastica
1272 2984 1876 3055 possessione.llabito

228 3083 469 3140 quoque
509 3069 806 3141 colloquio
856 3071 1010 3143 apud
1048 3073 1331 3129 Evodium
1391 3072 1503 3146 (39)
1566 3073 1667 3144 [an
1714 3072 1872 3143 1048]

227 3157 389 3215 inter
428 3156 841 3231 imperatorem
892 3162 1203 3219 Henricum
1262 3163 1517 3233 itemque
1564 3162 1875 3220 Henricum

228 3261 430 3318 regem
453 3249 828 3320 Francorum,
853 3250 1112 3320 ejusdem
1160 3251 1531 3322 imperatoris
1582 3252 1771 3309 banno
1817 3256 1876 3308 et

1988 2005 2385 2071 tus,omnibus
2415 2006 2813 2066 indifferenter
2844 2013 2999 2066 esset
3031 2009 3395 2067 carus.Unde
3419 2011 3477 2066 in
3510 2010 3633 2083 phi-

1988 2090 2252 2164 losophia
2278 2094 2535 2151 famosus
2563 2100 2620 2152 et
2666 2097 2759 2164 pia
2777 2097 3212 2155 concertatione
3236 2113 3267 2154 a
3306 2098 3631 2158 vicinarum

1986 2183 2501 2253 congregationum
2516 2186 2830 2244 abbatibus
2853 2187 2923 2242 ad
2946 2187 3231 2256 regendas
3245 2187 3476 2244 scholas
3497 2202 3632 2245 evo.

1986 2274 2174 2337 catus,
2193 2271 2504 2330 Stabulans
2546 2275 2655 2331 sub
2696 2276 2908 2332 abbate
2956 2277 3247 2347 Poppone,
3268 2276 3476 2333 deinde
3506 2277 3633 2332 Vir-

1988 2357 2126 2427 duni
2192 2361 2299 2417 sub
2370 2363 2582 2419 abbate
2652 2365 3039 2433 Gualeranno,
3088 2364 3283 2420 domui
3356 2362 3630 2421 Richardi

1987 2461 2327 2506 successore
2355 2449 2418 2520 ³⁸,
2436 2456 2736 2523 postremo
2750 2452 3011 2510 Mosomii
3026 2454 3137 2509 sub
3152 2451 3400 2509 Rodolfo
3419 2452 3633 2508 abbate

1988 2539 2105 2592 tam
2133 2537 2347 2595 studiis
2374 2538 2722 2598 liberalibus
2738 2557 2907 2612 quam
2922 2541 3125 2613 probis
3140 2541 3401 2598 moribus
3414 2538 3632 2598 multos

1988 2622 2263 2696 instituit,
2299 2642 2444 2698 quos
2471 2633 2675 2699 postea
2713 2630 2964 2686 vidimus
3004 2629 3333 2686 imitatores
3360 2633 3419 2685 et
3448 2643 3635 2685 asser—

1987 2716 2148 2769 tores
2199 2714 2458 2784 ejusdem
2516 2717 2778 2787 magistri
2834 2718 2945 2786 sui,
2991 2716 3151 2773 viros
3203 2716 3633 2774 honestissimae

1990 2803 2324 2872 probitatis.
2359 2804 2465 2870 Qui
2503 2812 2699 2876 postea
2733 2805 2970 2862 licentia
3004 2805 3237 2862 abbatis
3269 2806 3636 2877 suiHugonis

1988 2890 2291 2948 Lobiensis
2320 2892 2432 2965 (44)
2495 2892 2938 2950 lIierosolimam
2994 2893 3155 2950 adire
3195 2896 3443 2951 conatus
3494 2894 3623 2964 (an.

1989 2983 2171 3051 1053),
2217 2981 2318 3036 sed
2370 2996 2471 3052 per
2528 2982 2879 3038 Pannoniam
2939 2982 3193 3038 transire
3249 2982 3629 3054 praepeditus,

1988 3067 2225 3123 Romam
2257 3069 2421 3139 quasi
2456 3084 2556 3141 per
2588 3070 2950 3131 Adriaticum
2984 3085 3141 3127 mare
3165 3069 3528 3141 navigandus
3551 3069 3635 3126 di-

1989 3156 2528 3228 vertit,ibidemque
2554 3162 2770 3229 praeter
2800 3173 2959 3231 spem
3003 3157 3045 3191 1°
3087 3158 3446 3228 Deodignum
3496 3157 3636 3216 Leo-

1991 3244 2249 3302 diensem
2273 3247 2613 3318 episcopum
2627 3262 2755 3303 cum
2770 3246 3118 3318 quibusdam
3136 3246 3250 3303 sibi
3267 3245 3635 3303 familiariter

226 3336 584 3392 auctoritate
600 3336 887 3393 firmatum
903 3338 1500 3396 ecclesiaemercatum
1515 3340 1873 3411 procuravit.
1910 3364 1959 3427 Ο
1992 3334 2146 3390 notis
2170 3333 2225 3389 in
2258 3335 2510 3391 ecclesia
2542 3335 2697 3391 beati
2727 3336 2887 3391 Petri
2926 3336 3178 3400 invenit;
3204 3350 3459 3427 filiorum
3503 3348 3612 3427 898

228 3425 412 3495 Cujus
448 3439 650 3481 omnes
694 3424 985 3497 justicias,
1011 3426 1365 3498 theloneum,
1400 3429 1672 3499 bannum,
1704 3428 1881 3486 comi-

226 3511 748 3578 tatum,latronem
783 3514 918 3586 (40),
955 3514 1158 3570 feralia
1193 3515 1326 3587 (41),
1348 3516 1439 3573 vel
1462 3517 1879 3590 cujuscumque

230 3599 437 3672 placiti
472 3605 758 3671 quzestum
783 3602 874 3659 vel
898 3602 1188 3673 querelas,
1223 3618 1295 3659 ex
1326 3605 1565 3675 antiquo
1598 3620 1755 3664 more
1785 3621 1882 3681 po-

228 3689 662 3759 testativojure
685 3690 939 3761 optinuit
963 3694 1222 3762 tempore
1248 3707 1361 3763 quo
1394 3692 1643 3766 advixit,
1667 3700 1727 3751 et
1757 3696 1879 3752 sine

231 3776 353 3834 ulla
371 3777 707 3849 Calumpnia
733 3779 1176 3836 successoribus
1190 3781 1312 3836 suis
1345 3782 1680 3855 optinenda,
1707 3783 1879 3841 immo

229 3870 422 3921 totam
446 3866 731 3935 integram
765 3867 1056 3923 abbatiam
1082 3868 1343 3939 reliquit.
1374 3871 1510 3940 Ejus
1532 3871 1723 3928 adhuc
1740 3877 1882 3928 tem-

234 3967 383 4025 pore
412 3953 647 4023 vigente
697 3953 917 4026 publici
944 3955 1361 4029 jurisjustieia,
1388 3957 1444 4014 in
1467 3962 1593 4014 tota
1646 3959 1881 4016 abbatia

228 4041 434 4098 nullus
465 4046 786 4099 advocatus
806 4043 979 4100 alicui
1012 4044 1230 4116 placito
1258 4044 1883 4116 intererat,nisitribus

227 4129 611 4201 generalibus
644 4131 700 4186 in
732 4147 881 4189 anno
951 4132 1091 4205 (42).
1134 4135 1194 4189 In
1216 4134 1330 4192 hiis
1360 4135 1410 4191 si
1452 4135 1608 4206 quod
1648 4136 1881 4194 vadium

231 4219 574 4291 proveniret
601 4219 824 4289 judicio
857 4221 1247 4293 scabinorum,
1282 4238 1481 4281 eorum
1522 4240 1754 4297 quoque
1792 4240 1883 4283 ar-

231 4305 413 4362 bitrio
457 4306 961 4365 determinabatur
998 4309 1485 4382 solvendum,non
1515 4312 1586 4369 ad
1618 4312 1883 4372 volunta-

230 4399 349 4450 tem
370 4394 873 4467 dominorum,sed
895 4397 964 4455 ad
995 4398 1445 4469 possibilitatem
1474 4415 1877 4472 persnnarum.

1990 3422 2460 3494 gestione,immo
2484 3423 2777 3495 pontificis
2818 3423 3000 3480 amica
3052 3423 3441 3495 prohibitione
3488 3421 3640 3480 ulte-

1994 3510 2115 3568 rius
2145 3511 2421 3582 progredi
2451 3526 2714 3583 pressus,
2747 3526 2878 3568 cum
2930 3512 3015 3569 eis
3066 3512 3314 3584 patriam
3355 3510 3547 3585 petiit,
3579 3514 3640 3568 et

1992 3599 2146 3656 inter
2176 3599 2537 3657 redeundum
2560 3600 2730 3670 cujus
2754 3605 2916 3657 esset
2950 3601 3216 3658 scientiae
3238 3601 3550 3671 gravitatis
3578 3603 3641 3657 et

1992 3688 2372 3759 perfectionis
2405 3694 2752 3760 prospectus
2782 3688 2882 3759 “,a
2915 3690 3201 3760 praedicto
3222 3690 3497 3761 pontifice
3517 3702 3636 3746 mo-

1993 3777 2253 3833 nasterio
2286 3791 2391 3833 suo
2422 3775 2847 3832 honorabiliter
2875 3782 2968 3833 est
3010 3777 3332 3835 relocatus.

2060 3872 2113 3922 7.
2149 3867 2284 3938 (11.)
2316 3865 2409 3936 [V.
2448 3865 2657 3921 Tlteod.
2700 3865 2775 3935 3.]
2808 3866 2929 3920 Non
2963 3865 3146 3921 multo
3180 3870 3314 3937 post
3340 3864 3636 3924 Henricus

1994 3954 2313 4026 imperator
2341 3953 2637 4010 Deoduino
2659 3953 2940 4025 episcopo
3000 3951 3211 4008 indixit
3269 3956 3335 4009 ut
3361 3951 3476 4008 sibi
3535 3949 3638 4008 ali-

1996 4058 2164 4115 quem
2197 4041 2537 4100 monacbum
2581 4043 2651 4098 ab
2708 4041 2922 4098 abbate
2963 4040 3253 4098 Richardo
3299 4040 3637 4097 institutum

1993 4137 2361 4206 procuraret,
2398 4146 2568 4203 quem
2599 4132 2653 4187 in
2689 4130 2961 4189 Fuldensi
2994 4130 3351 4188 monasterio
3373 4127 3642 4187 scolasti-

1995 4236 2126 4280 cum
2160 4221 2513 4293 praaficeret.
2556 4221 2881 4293 Episcopus
2926 4219 3364 4291 Theodericum,
3392 4231 3561 4289 quem
3611 4231 3642 4274 a

1993 4311 2171 4367 Roma
2204 4325 2389 4381 usque
2420 4309 2697 4368 Leodium
2722 4310 2792 4367 ad
2824 4309 2937 4366 hoc
2968 4308 3158 4366 fuerat
3191 4311 3471 4381 expertus
3516 4304 3641 4363 ido-

1995 4415 2188 4471 neum,
2221 4415 2252 4456 a
2285 4399 2553 4457 Lobiensi
2585 4399 2942 4458 monasterio
2977 4398 3246 4457 evocavit
3277 4397 3399 4469 (an.
3452 4394 3633 4467 1055).

1597 4500 1834 4559 VARle
1863 4498 2263 4561 LECTIONES.

302 4579 656 4685 3.3%???
672 4582 1026 4685 422.511-“?
1044 4585 1141 4646 ίία
1165 4585 1738 4685 l'EE°§“Z§““¥."j
1760 4591 1841 4664 σί·
1865 4593 2172 4685 ηασαῖιρσ·
2250 4586 2293 4621 ¹⁸
2317 4588 2646 4646 successori
2688 4594 2738 4647 1-
2817 4587 2862 4622 “
2899 4587 2991 4647 ita
3014 4580 3636 4660 εαρριευίιπαντσησί

234 4651 402 4713 ἀισεῖ
425 4666 588 4727 spem
615 4659 659 4712 1.
694 4654 1027 4728 ibidemque
1059 4661 1197 4730 post
1224 4659 1400 4718 Deod.
1433 4659 1509 4716 1‘.
1587 4658 1632 4695 ⁸⁷
1662 4651 2012 4736 perspectus
2041 4651 2115 4719 1‘.

1821 4768 2042 4826 NOTE.

452 4856 743 4989 ἐξζέῑαγι
768 4859 858 4917 ad.
896 4860 951 4917 ﬂ.
985 4860 1232 4921 Lomme.

506 4945 658 4988 υθφιε.

453 4936 1393 5078 ἓῖιῖιφέἶῦθπρῃ-ειέῌαόεγζρνορθ
1419 5002 1778 5078 Morztme’ay.
1813 5007 1879 5062 Β.

331 5073 425 5148 38)
454 5075 533 5129 De
560 5088 629 5148 ea
665 5073 893 5148 reﬂljzecr
913 5075 1127 5148 habent
1159 5073 1349 5131 Mirac‘.
1378 5079 1431 5132 S.
1477 5073 1737 5133 Huberti'
1776 5091 1876 5148 ap.

233 5144 809 5219 Mabillonsctasg
861 5146 1005 5219 Saec,
1050 5147 1119 5202 lV
1157 5160 1206 5202 c.
1239 5152 1325 5203 20.
1359 5150 1525 5205 Ait/£0
1571 5153 1695 5219 955,
1730 5144 1886 5205 anho

231 5215 480 5287 imperii
505 5215 732 5272 Gitonis
750 5217 791 5273 Ι
810 5218 1103 5285 vicesimo,
1126 5232 1312 5275 comes
1339 5215 1688 5287 Stephanus
1724 5218 1891 5278 dedit

231 5285 653 5362 Anaagiaeasi
664 5288 922 5362 ecclesia
936 5289 1123 5362 legali
1137 5289 1283 5345 dono
1296 5285 1605 5362 quidquid
1613 5290 1888 5362 saijwr-is

234 5358 371 5430 erat
384 5357 561 5430 inﬂa
569 5358 946 5430 (venitiacowt
962 5360 1070 5416 hoc
1084 5357 1479 5430 praseritibas'
1495 5357 1772 5417 Brumae
1792 5375 1889 5418 ar-

236 5426 426 5509 chiep.
438 5428 708 5516 Colomet
722 5426 1193 5516 Βαιιζγέςορόηςὶ
1202 5431 1304 5490 ﬂee
1334 5430 1761 5516 έεοίνὶεηεὶατη.
1777 5434 1890 5516 σῃ-

222 5499 337 5568 jus
355 5513 489 5556 eam
515 5500 670 5556 esset
691 5513 836 5570 erga
858 5499 1249 5557 b.11abartem
1275 5499 1524 5573 afectas
1536 5516 1769 5573 magna
1802 5503 1890 5560 di-

242 5569 611 5655 lectioniszat
622 5570 835 5655 ἐρζρᾳε
856 5578 985 5655 ejas
1006 5573 1086 5655 aa
1097 5570 1676 5655 ργιςιίῥοιρφζιβεστιφῃ
1691 5573 1890 5655 ῥοχθε-

235 5641 427 5713 retur,
472 5640 547 5697 ab
605 5640 815 5713 aébate
862 5640 1120 5699 Alberto‘
1154 5642 1213 5698 et
1233 5640 1549 5713 fratribus
1607 5640 1885 5713 obtmait,

239 5710 584 5785 ibidemque
610 5711 718 5785 ξιιέ
732 5713 1100 5785 aestimarant
1146 5710 1413 5785 ejtésdem
1440 5714 1657 5771 allodz't'
1693 5710 1891 5772 coram

240 5779 549 5861 Ragtne'ro
580 5782 639 5842 et
667 5779 993 5844 Gisleberto
1023 5779 1336 5847 vernilibus
1363 5785 1690 5861 multisque
1715 5786 1893 5859 regni

1914 4871 1963 4935 α
1989 4861 2365 4939 primipgibas
2390 4856 2626 4939 paelice
2641 4859 2938 4939 ﬁrmavit.

2092 4931 2406 4997 39)"!eoz'si
2438 4932 2509 4987 cf.
2546 4931 2832 4986 Heriman.
2861 4932 3030 4999 Aug.,
3067 4943 3117 4984 a.
3166 4931 3322 4986 1648.

2092 4935 2188 4996 39)
2209 4935 2402 4997 locis;
2438 4935 2509 4987 cf.
2546 4935 2832 4986 Heriman.
2861 4935 3030 4999 Aug.,
3067 4943 3117 4984 a.
3166 4935 3205 4984 1f

2065 4935 2177 5075 (40)
2211 5006 2250 5058 l.
2282 5018 2332 5057 c.
2368 5002 2754 5075 cognitionem
2778 5001 2849 5057 de
2880 4999 3205 5075 lat_rocinis.

2090 5071 2178 5144 41)
2228 5073 2486 5141 Vectigal
2516 5073 2569 5144 in
2604 5079 2863 5129 mercatu
2891 5071 3168 5144 solutum.

2090 5077 2178 5144 41)
2228 5076 2486 5141 Vectigal
2516 5076 2569 5127 in
2604 5079 2863 5129 mercatu
2891 5076 3168 5129 solutum.

2066 5076 2200 5269 £42),
2216 5164 2243 5197 «
2277 5145 2361 5199 0n
2384 5143 2613 5269 aptpelle
2631 5157 2847 5255 encore
2865 5140 3250 5213 Placeplaids
3273 5138 3325 5195 la
3340 5136 3517 5221 place
3540 5136 3639 5249 de:

2071 5221 2132 5269 nt
2205 5216 2427 5269 abbave
2488 5228 2519 5269 e
2552 5213 2710 5269 Saint
2740 5215 2984 5269 Hubert.
3016 5213 3090 5269 ou
3119 5212 3206 5269 les
3240 5210 3429 5269 nlaids
3460 5222 3525 5266 se
3556 5213 3614 5265 te

1995 5210 2132 5298 vant
2161 5210 2519 5340 lt’abbfaye'de
2552 5213 2984 5284 Saint-Hubert,
3016 5210 3090 5270 ou
3119 5212 3206 5269 les
3240 5210 3429 5284 plaids
3460 5222 3525 5266 se
3556 5213 3640 5265 te-

1996 5301 2162 5340 nmen
2199 5328 2210 5340 .
2245 5304 2272 5337 ))
2365 5326 2377 5339 .

1996 5287 2210 5342 naient.
2245 5304 2272 5337 »
2306 5287 2377 5340 R.

2069 5358 2181 5428 (43)
2216 5356 2576 5428 Virdunensi,
2610 5355 2797 5428 sancti
2852 5354 3063 5411 Vitoni.
3096 5354 3239 5428 viro»
3281 5353 3642 5428 incompara-

1999 5422 2103 5486 bili
2126 5422 2186 5485 et
2209 5427 2523 5484 multorum
2567 5427 2875 5497 insignium
2926 5426 3414 5483 monasteriorum
3462 5422 3643 5497 refor-

1999 5506 2240 5577 rnatprc,
2256 5498 2423 5577 cujus
2437 5501 2584 5577 {tota
2595 5490 2771 5554 habet
2801 5498 2953 5577 apud
2974 5497 3368 5577 hiabillonium
3421 5490 3640 5577 saeculo

2000 5573 2068 5627 Vl
2106 5565 2412 5641 Bened,'lt1.
2447 5569 2788 5627 Lobiensem
2817 5565 3110 5627 abbatiam
3124 5567 3379 5626 obtinuit
3401 5580 3452 5621 a.
3479 5565 3642 5620 1020-

2073 5714 2185 5785 (22)
2220 5712 2570 5785 0biit1053.
2602 5715 2746 5785 Ann.
2779 5711 3184 5785 Laub.ﬁEodem
3217 5724 3366 5769 anno
3395 5700 3642 5763 Deodui-

2000 5783 2113 5845 nus
2141 5783 2338 5846 Romae
2372 5783 2514 5854 fuit;
2540 5800 2595 5845 v.
2630 5784 2778 5847 Mon.
2814 5784 2915 5844 Ss.
2954 5784 3073 5858 VII,
3103 5785 3224 5845 150.
