3968 6378
407 393 560 465 1359

1406 393 1882 464 CHRONICON
1913 395 1980 462 s.
2016 395 2370 462 HUBERT.
2408 385 2801 466 ANDAGIN.

3661 406 3797 469 1360

402 557 560 615 davit
618 574 720 616 eos
777 559 978 616 venire
1032 557 1306 615 Arnulfus
1359 570 1574 625 comes,
1632 571 1705 612 ex
1755 552 2021 626 optimati
2075 535 2132 596 Α
2161 555 2478 626 presbiter,
2510 556 2790 614 decimam
2825 563 3118 616 sartorum
3161 557 3275 616 sibi
3303 567 3558 620 conatus
3588 564 3799 622 abstra-

405 647 514 704 bus
546 648 671 706 suis
703 649 1012 718 Riquinum
1068 651 1130 704 et
1159 645 1484 716 Algoldum,
1541 645 1958 701 Theodericum
1989 647 2050 698 et

405 740 706 797 Albertum
754 752 951 794 secum
1009 736 1087 792 ibi
1145 735 1382 804 habens,
1427 741 1486 790 et
1545 733 1762 790 indicta
1819 730 2049 786 bannall

403 829 741 886 evocatione
774 827 956 883 totius
993 824 1354 882 Gabeliensis
1379 823 1715 895 potestatis,
1763 820 2052 891 adjuravit

405 916 764 988 antiquiores
775 919 832 971 et
851 913 1490 984 melioresinterposito
1505 915 1868 967 sacramento
1882 911 2052 964 facta

405 1005 516 1062 sibi
571 1002 890 1072 ﬂdelitatis,
935 1007 996 1059 ut
1054 1002 1352 1058 edicerent
1413 1001 1464 1054 ei
1521 999 1823 1055 veritatem
1884 997 2056 1067 hujus

401 1091 869 1150 consuetudinis.
895 1091 984 1147 Illi
1007 1090 1188 1148 locuti
1212 1105 1340 1146 cum
1357 1088 1606 1146 consilio
1623 1085 2050 1158 responderunt

405 1180 604 1238 comiti
630 1195 734 1254 per
747 1179 1094 1236 Rodericum
1118 1179 1495 1250 prapositum
1520 1182 1580 1232 et
1603 1177 1916 1231 Gobertum
1951 1173 2055 1228 vil-

409 1270 606 1339 licum,
631 1269 783 1324 sicut
815 1271 983 1324 erant
1030 1265 1304 1336 adjurati,
1330 1265 1660 1321 exactiones
1690 1265 1834 1320 istas
1855 1263 1926 1318 ab
1950 1263 2056 1319 ini-

408 1359 540 1428 quis
569 1357 854 1413 ministris
885 1356 1250 1412 dominorum
1283 1369 1410 1409 esse
1456 1354 1722 1409 inventas
1751 1358 1811 1408 et
1838 1352 2051 1423 injuste

405 1452 467 1504 et
499 1445 896 1504 fraudulenter
935 1445 1200 1501 ecclesia
1233 1443 1556 1514 impositas,
1590 1443 1640 1498 ei
1677 1443 1806 1499 ideo
1832 1442 2052 1513 judicio

405 1550 628 1604 eorum,
651 1535 696 1591 si
721 1533 960 1604 justicia
1002 1538 1359 1601 servaretur,
1392 1531 1774 1588 omnimodo“
1798 1531 2050 1588 adnichi-

408 1625 628 1682 laudas.
663 1623 786 1680 liiis
833 1636 1031 1680 comes
1076 1620 1314 1690 auditis,
1379 1620 1651 1689 Vigonem
1711 1621 2048 1690 magistrum

407 1714 705 1773 scabiuum
737 1712 950 1782 garbas
1001 1714 1277 1781 acceptas
1327 1724 1397 1764 ex
1429 1709 1656 1765 cultura
1715 1709 2046 1765 dominicali

407 1803 746 1860 videntibus
797 1799 1028 1856 cunctis
1060 1799 1300 1870 proprio
1356 1797 1509 1854 collo
1542 1798 1676 1854 fecit
1739 1799 1957 1854 referre
1988 1805 2048 1854 et

2164 646 2331 712 here;
2357 645 2509 702 unde
2530 662 2660 703 cum
2693 647 2894 717 viginti
2927 650 3141 718 garbas
3171 648 3537 722 abstulisset,
3562 652 3800 712 Theode-

2163 733 2320 790 ricus
2351 738 2773 806 superveniens
2797 738 3150 809 prapositus
3177 739 3260 794 illi
3291 754 3420 797 cum
3454 743 3704 799 maxima
3731 743 3800 799 iu-

2164 822 2500 892 dignatione
2521 825 3228 895 quodiuvenitresiduum
3259 827 3506 888 decima
3543 838 3802 889 constan-

2161 911 2496 969 terinduxit
2514 912 2725 970 horreo
2747 913 3035 986 ecclesia,
3059 931 3308 987 eumque
3330 907 3802 992 ad'episcOpalem

2163 1001 2517 1056 audientiam
2549 1003 2735 1058 edixit
2785 1018 2980 1060 secum
3038 1007 3256 1062 venire.
3311 1007 3588 1064 Evocatis
3620 1012 3801 1066 autem

2166 1089 2597 1160 antiquioribus
2615 1091 3128 1164 vicinis,episcopo
3143 1094 3295 1164 apud
3312 1103 3582 1152 sanctum
3599 1098 3803 1154 lluber-

2165 1181 2286 1232 tum
2311 1179 2692 1236 commoranti
2714 1185 2963 1251 uterque
2993 1196 3057 1238 se
3075 1185 3486 1252 praseutavit;
3515 1184 3595 1240 ibi
3618 1200 3801 1242 coram

2165 1264 2265 1320 illo
2277 1272 2648 1324 sacramento
2664 1266 3048 1325 veridicorum
3063 1271 3440 1341 comprobata
3455 1273 3805 1344 veritate,ju-

2163 1351 2314 1410 dicio
2333 1355 2978 1414 Bosouisarchidiacom
2993 1358 3306 1427 Raguenus
3323 1361 3620 1430 presbiter
3635 1361 3804 1434 publi-

2160 1443 2580 1512 camjustitiam
2615 1445 2750 1500 fecit.
2783 1445 3140 1502 Theoderico
3175 1447 3398 1516 abbati,
3423 1449 3677 1518 etjussu
3694 1451 3802 1522 epi-

2163 1531 2325 1603 scopi
2346 1533 2626 1588 decimam
2661 1547 2830 1604 quam
2861 1534 3187 1590 abstulerat
3222 1551 3328 1592 suo
3349 1536 3626 1595 vehiculo
3649 1539 3803 1596 redu-

2159 1623 2310 1675 ctam
2345 1620 2599 1691 prcpriis
2622 1621 2892 1678 manibus
2911 1623 2964 1676 in
2992 1623 3203 1679 horreo
3232 1624 3505 1680 ecclesia
3525 1628 3796 1694 reposuit.

2232 1709 2316 1764 l7.
2352 1709 2484 1775 (24.)
2518 1709 2860 1766 Namucensi
2893 1713 3006 1782 (7|)
3039 1713 3363 1780 comitatui,
3404 1713 3544 1770 licet
3575 1715 3801 1784 injuste.

2162 1797 2505 1867 suhjacebat
2537 1799 2875 1854 centenaria
2905 1799 3136 1868 justitia
3168 1803 3548 1874 Anseromia,
3575 1811 3637 1860 et
3663 1806 3807 1862 vice-

409 1903 695 1964 reponere
725 1889 782 1944 iu
832 1890 1044 1944 horreo
1079 1887 1231 1943 beati
1284 1887 1547 1942 Huberti.
1605 1888 1877 1953 Quadam
1907 1903 2048 1944 vero
2075 1890 2130 1950 Β
2159 1886 2438 1940 comitum
2462 1885 2742 1942 violentia
2775 1888 3140 1956 aﬂligebatur
3167 1890 3340 1945 nimis
3367 1891 3636 1949 ecclesia
3658 1894 3806 1950 fami-

408 1994 613 2050 venua,
657 1993 785 2050 qua
821 1977 977 2048 apud
1025 1991 1126 2033 eos
1157 1975 1372 2032 dicitur
1418 1975 1637 2043 radius,
1675 1977 1729 2030 in
1763 1977 1902 2032 Iluia
1957 1979 2048 2048 66)

408 2069 676 2136 habetur,
705 2073 764 2123 et
813 2079 1192 2136 quacumque
1234 2070 1478 2136 captura
1528 2065 1771 2136 piscium
1807 2065 1882 2120 ibi
1920 2081 2050 2136 pro-

409 2155 640 2213 venerit
669 2171 699 2212 a
732 2169 881 2211 noua
933 2153 1236 2210 dominica
1284 2153 1475 2209 noctis
1509 2168 1692 2224 usque
1751 2154 1819 2209 ad
1849 2168 2050 2225 vespe-

411 2259 534 2302 ram
568 2243 869 2315 sequentis
896 2241 1033 2311 diei,
1063 2256 1226 2298 suum
1269 2241 1382 2314 (67)
1412 2246 1501 2296 est
1533 2241 1801 2298 ecclesia
1833 2247 2048 2297 nostra

409 2348 482 2389 ex
509 2329 937 2388 consuetudine
993 2329 1303 2395 veteri;et
1355 2328 1586 2398 quando
1645 2328 1794 2384 idem
1850 2329 2050 2385 radius

410 2419 750 2476 firmabatur
780 2417 892 2488 (68)
917 2431 946 2474 a
970 2416 1165 2474 villico
1192 2421 1415 2484 nostro,
1449 2416 1720 2486 exigebat
1743 2417 1852 2472 sibi
1883 2419 2050 2474 obso-

410 2509 566 2564 nium
599 2505 832 2563 comitis
854 2505 1104 2562 villicus.
1130 2505 1244 2560 Has
1269 2519 1469 2561 omnes
1497 2504 1813 2573 injustitias
1846 2520 1915 2561 ne
1938 2520 2053 2560 am-

413 2595 565 2668 plius
593 2609 624 2651 a
654 2607 944 2666 quoquam
978 2592 1376 2662 exigerentur,
1433 2591 1662 2648 bannali
1695 2594 2051 2650 auctoritate

409 2697 604 2740 comes
632 2681 960 2752 interdixit,
1010 2680 1372 2753 pontenariis
1414 2681 1785 2738 constituens
1816 2681 1888 2736 de
1923 2697 2054 2738 una-

408 2786 637 2844 quaque
649 2768 1356 2841 carrata,trauspouenda
1371 2768 1608 2825 decima
1633 2784 1800 2825 uuam
1815 2771 2054 2840 garbam

409 2861 693 2934 accipere,
713 2865 772 2916 et
795 2859 844 2915 si
869 2858 1007 2930 quid
1041 2858 1230 2915 minus
1264 2858 1437 2914 fuerit
1461 2857 1532 2913 de
1551 2857 1778 2927 integra
1800 2863 2052 2928 carrata,

409 2947 702 3006 dimidiam
753 2947 838 3004 illi
866 2946 911 2980 ²⁹
949 2947 1278 3018 provenire,
1336 2945 1490 3002 sicut
1547 2945 1833 3018 placuerit
1895 2946 2058 3002 mini-

410 3043 536 3094 stro
564 3035 854 3106 ecclesia,
886 3041 946 3092 et
977 3035 1086 3091 hoc
1125 3034 1251 3090 sine
1284 3032 1399 3089 ulla
1440 3031 1860 3090 decertatione.
1892 3035 2058 3090 Dein-

409 3123 480 3182 de
511 3138 706 3182 comes
754 3137 862 3194 pro
894 3122 985 3178 his
1030 3126 1087 3178 et
1127 3121 1257 3177 aliis
1286 3119 1588 3191 injustitiis
1613 3121 1676 3190 ³ο,
1723 3136 1869 3192 quas
1902 3123 1993 3178 vel
2026 3138 2052 3177 a

2163 1972 2256 2026 lia.
2295 1973 2494 2030 Acturi
2540 1986 2750 2030 causas
2791 1975 2966 2043 hujus
2995 1975 3320 2032 exactionis
3363 1975 3714 2035 Guillelmus
3741 1980 3807 2035 de

2163 2061 2354 2117 Virvia
2401 2077 2529 2116 cum
2587 2063 2931 2119 ilerimanno
2961 2067 3018 2120 et
3070 2064 3249 2143 fratre
3300 2065 3430 2134 ejus
3459 2066 3712 2123 Rodull‘o
3742 2068 3808 2122 de

2163 2149 2419 2206 Houhaia
2452 2152 2567 2222 (72)
2609 2152 2701 2206 die
2747 2152 3018 2208 condicta
3050 2152 3152 2208 illo
3199 2161 3631 2225 convenerunt,
3666 2163 3722 2213 et
3754 2158 3806 2212 iu

2161 2237 2490 2295 dominicali
2524 2239 2685 2294 curia
2733 2255 2972 2310 porcum
3006 2255 3180 2296 unum
3213 2240 3584 2299 invenientes
3615 2245 3672 2299 in
3701 2259 3807 2301 ca-

2161 2339 2288 2382 nam
2321 2341 2483 2383 suam
2540 2328 2728 2385 occidi
2777 2334 2838 2384 et
2873 2329 3062 2400 parari
3108 2329 3444 2399 jusserunt.
3489 2331 3808 2388 Bullientes

2161 2429 2369 2471 carnes
2400 2417 2544 2472 satis
2577 2416 2796 2473 multus
2827 2417 2976 2486 ignis
3009 2422 3328 2488 suggestus
3354 2421 3675 2490 coquebat,
3710 2423 3806 2478 sed

2168 2501 2326 2560 nullo
2350 2505 2520 2560 modo
2542 2504 2789 2576 decoqui
2811 2509 3112 2576 poterant,
3143 2512 3201 2561 et
3238 2507 3528 2564 ministris
3549 2507 3625 2564 de
3658 2524 3809 2566 more

2165 2593 2654 2663 attemptantibus
2668 2606 2788 2663 eas,
2807 2593 3158 2651 cruditatem
3173 2610 3336 2652 suam
3359 2602 3417 2652 et
3434 2597 3810 2667 sanguineum

2166 2681 2466 2736 horrorem
2498 2681 2862 2751 ingerebant.
2902 2683 3196 2739 Caenaturi
3226 2683 3447 2740 domini
3481 2699 3614 2742 cum
3643 2687 3812 2742 tadio

2167 2769 2537 2825 afﬁcerentur
2565 2769 2737 2839 hujus
2786 2772 3239 2842 expectationis,
3275 2787 3485 2828 carnes
3519 2773 3654 2830 illas
3685 2789 3815 2845 qua-

2170 2857 2502 2928 lescumque
2529 2865 2728 2914 essent
2757 2858 2868 2914 sibi
2891 2859 3196 2929 jusserunt
3228 2861 3462 2932 apponi,
3507 2863 3612 2918 sed
3655 2877 3813 2919 caua

2168 2947 2367 3002 eadem
2394 2946 2510 3001 illis
2533 2947 2733 3003 ultima
2760 2948 2897 3004 fuit:
2935 2963 3062 3003 nam
3097 2947 3494 3007 Guillelmusa
3527 2951 3813 3009 damouio

2168 3039 2441 3105 arreptus
2463 3039 2523 3090 et
2550 3035 2800 3091 Virviam
2835 3035 2888 3091 in
2912 3037 3242 3106 gestatorio
3261 3037 3488 3096 relatus
3518 3040 3816 3096 miserabi-

2169 3122 2306 3178 liter
2335 3123 2655 3194 expiravit;
2706 3124 3090 3181 Herimauuus
3137 3141 3272 3182 vero
3302 3131 3366 3182 et
3395 3126 3691 3184 Rodulfus
3722 3129 3819 3185 ali-

409 3227 472 3270 se
500 3212 592 3270 vel
623 3226 654 3268 a
683 3212 806 3269 suis
861 3211 1199 3278 recognovit
1239 3210 1421 3265 factas
1475 3210 1765 3278 ecclesia,
1824 3211 2053 3281 culpam
2087 3243 2136 3306 Ο
2168 3211 2441 3281 quamdiu
2472 3226 2602 3268 cum
2639 3211 2813 3269 nimio
2853 3212 3054 3269 dolore
3081 3215 3444 3286 superstites
3476 3217 3821 3274 defecerunt

409 3316 572 3359 suam
601 3299 909 3358 confessus
939 3306 1028 3354 est
1061 3297 1316 3369 publice,
1343 3307 1403 3352 et
1435 3298 1646 3354 Ottone
1681 3298 1798 3354 ﬁlio
1831 3314 1938 3354 suo
1967 3313 2056 3355 se-

407 3405 538 3446 cum
565 3387 818 3444 deducto
842 3385 1083 3442 veniens
1105 3386 1177 3442 ad
1201 3387 1638 3454 monasterium,
1667 3385 2054 3442 Floberimon-

408 3486 525 3534 tem
559 3475 672 3546 (69)
721 3489 850 3530 cum
883 3473 1098 3529 familia
1129 3479 1189 3530 et
1221 3472 1548 3530 molendino
1589 3474 1827 3530 donavit
1879 3477 2052 3530 beato

411 3565 670 3620 Huherto
701 3562 969 3632 legaliter
1005 3561 1346 3618 habendum.
1391 3561 1518 3616 Filii
1541 3577 1772 3632 quoque
1803 3562 1892 3618 sui
1916 3562 2053 3618 dex-

409 3659 557 3707 tram
590 3665 768 3722 super
797 3649 980 3720 majus
1031 3649 1214 3706 altare
1243 3649 1396 3706 beati
1430 3651 1585 3705 Petri
1625 3649 1958 3721 applicavit,
1991 3654 2052 3706 et

416 3749 474 3796 ut
499 3741 688 3796 omnia
707 3731 833 3811 q'ua
851 3740 1038 3796 cidem
1053 3739 1316 3796 ecclesia
1331 3738 1669 3808 donaverat,
1687 3737 1778 3794 vel
1802 3738 2051 3808 injustas

408 3830 746 3889 exactiones
763 3837 817 3886 et
843 3826 1302 3886 consuetudines
1317 3841 1462 3898 quas
1484 3828 1904 3897 annullaverat,
1925 3827 2050 3898 ipso

409 3919 584 3977 etiam
609 3916 991 3988 jurejurando
1014 3915 1467 3977 ei,contirmaret
1503 3915 1741 3986 proprio
1775 3915 2052 3985 orejura-

410 4016 541 4064 turo
571 4007 834 4075 dictavit,
893 4004 1283 4078 prasentibus
1314 4003 1391 4058 ibi
1429 4005 1774 4072 quibusdam
1807 4003 2051 4074 optima-

408 4097 568 4152 tibus
595 4095 736 4152 suis.
773 4093 1070 4151 Gabelium
1125 4099 1318 4156 autem
1363 4091 1542 4149 semel
1601 4091 1657 4147 in
1689 4092 1937 4148 dicendo
1968 4092 2052 4146 in-

407 4182 613 4255 gressi,
665 4182 895 4239 videtur
942 4181 1088 4238 utile
1138 4181 1552 4237 notiﬁcandum
1599 4181 1880 4250 posteris,
1911 4181 2046 4236 licet

409 4277 821 4344 praeoccupato
873 4270 1078 4326 ordine
1111 4269 1406 4338 narrandi,
1456 4269 1592 4338 quid
1626 4269 1707 4325 ibi
1735 4269 2052 4340 contigerit

409 4366 674 4432 tempore
702 4358 920 4415 domini
966 4357 1221 4413 Heinrici
1277 4357 1566 4428 episcopi.
1629 4356 1794 4412 Omni
1827 4357 2047 4414 decima

411 4449 758 4518 ubicumque
785 4447 977 4518 jaceat
1035 4446 1186 4500 intra
1221 4444 1497 4502 baunales
1553 4447 1830 4502 terminos
1860 4447 2048 4503 totius

409 4537 651 4607 Gabelii,
685 4539 914 4592 constat
945 4549 1078 4590 esse
1100 4536 1171 4588 ab
1201 4533 1442 4604 antiquo
1472 4533 1741 4590 ecclesiae
1766 4535 1920 4591 beati
1945 4536 2050 4590 Hu-

408 4626 582 4684 berti.
632 4625 800 4696 Apud
847 4621 1044 4680 villam
1075 4636 1213 4678 vero
1259 4621 1568 4679 Fiscalium
1599 4627 1716 4696 (70)
1749 4623 1964 4681 excisis
1992 4625 2046 4680 in

407 4715 628 4772 forests
685 4713 885 4782 sartis,
937 4711 1181 4768 fecunda
1215 4711 1292 4766 ibi
1327 4716 1678 4783 provenerat
1709 4713 1946 4768 messis.
1987 4715 2047 4769 ln

408 4806 558 4862 hanc
587 4805 906 4876 irrepserat
955 4799 1208 4858 latenter
1255 4802 1566 4872 Ragueuus
1595 4799 1852 4871 ejusdem
1895 4800 2048 4860 villa

2076 4583 2134 4646 D

2166 3300 2290 3355 sine
2317 3301 2656 3371 pauitantia
2672 3306 2732 3356 et
2755 3300 2940 3356 dirina
2967 3302 3386 3371 recognitione.
3405 3303 3531 3360 Hiis
3555 3305 3822 3376 probatis

2168 3386 2444 3445 Albertus
2474 3402 2669 3444 comes
2690 3389 3068 3446 Namucensis
3088 3405 3218 3446 cum
3245 3391 3303 3446 iu
3337 3391 3649 3450 Arduenna
3675 3394 3818 3450 silva

2166 3479 2496 3533 moraretur
2516 3476 2704 3545 gratia
2727 3477 2995 3547 venandi,
3021 3480 3470 3536 etveueratioue
3493 3481 3606 3538 loci
3631 3483 3821 3538 diver-

2165 3569 2315 3618 teret
2339 3578 2470 3620 cum
2501 3579 2680 3621 uxore
2701 3579 2804 3621 sua
2826 3566 2946 3636 Ida,
2977 3581 3105 3636 qua
3129 3567 3294 3638 prius
3321 3569 3512 3625 fuerat
3537 3585 3690 3626 uxor
3719 3571 3820 3627 du-

2162 3653 2248 3708 cis
2274 3653 2564 3709 l‘rederici
2585 3655 2719 3726 (73),
2746 3653 2816 3708 ad
2835 3654 3140 3710 ecclesiam
3165 3650 3619 3728 beati'Huberti,
3641 3660 3816 3715 Theo-

2163 3739 2595 3798 dcricusabbas
2617 3741 2961 3812 pradictum
2977 3742 3322 3800 comitatum
3343 3747 3710 3803 Anseromia
3723 3762 3818 3820 0p-

2164 3829 2334 3886 tinuit
2360 3831 2432 3885 ab
2453 3830 2539 3886 eis
2582 3835 2868 3901 perpetuo
2891 3831 3306 3888 remittendum
3338 3833 3608 3891 ecclesia
3631 3835 3816 3903 (circa

2162 3935 2260 3973 (ιιι.
2305 3921 2476 3989 1066).
2513 3919 2589 3974 Ea
2625 3925 2815 3974 tamen
2857 3919 3196 3977 conditione
3224 3919 3270 3953 '1
3300 3921 3655 3994 interposita
3687 3925 3818 3980 huic

2163 4008 2511 4076 remissioni,
2541 4014 2602 4063 ut
2644 4007 2849 4077 viginti
2869 4007 3098 4064 modios
3121 4023 3322 4066 avena
3345 4016 3569 4068 nostra
3593 4026 3821 4068 mensu-

2164 4111 2242 4150 ra
2265 4096 2619 4168 praepositus
2642 4096 2994 4152 Anseromia
3019 4099 3352 4167 quotannis
3368 4101 3708 4158 exsolveret
3729 4115 3822 4157 co-

2164 4183 2413 4252 mitatui,
2460 4181 2689 4239 villicus
2735 4198 2872 4238 vero
2917 4183 3072 4240 villa
3122 4184 3194 4241 de
3243 4201 3598 4259 unaquaque
3645 4189 3822 4246 domo

2161 4270 2423 4341 ejusdem
2451 4271 2772 4342 potestatis
2819 4273 3072 4328 modium
3106 4289 3284 4330 unum
3318 4289 3522 4333 avena
3555 4277 3819 4348 exigeret

2164 4374 2268 4430 pro
2296 4359 2594 4430 pradictis
2617 4359 2824 4416 modiis
2843 4360 3048 4430 viginti
3065 4365 3470 4434 reponendum
3485 4365 3819 4424 dominicali

2163 4449 2360 4504 curia.
2396 4449 2464 4503 Et
2488 4451 2611 4505 hac
2633 4447 2893 4506 conditio
2925 4449 3153 4507 firmata
3183 4457 3276 4508 est
3301 4454 3557 4513 maxime
3577 4469 3823 4527 poscen-

2161 4535 2320 4593 tibus
2351 4537 2605 4607 villanis,
2641 4537 2738 4608 qui
2769 4551 2872 4608 per
2895 4539 3266 4597 exactionem
3298 4544 3620 4600 comitatus
3653 4545 3824 4604 nimis

2161 4625 2558 4695 gravabantur
2581 4625 2654 4680 ab
2693 4629 3010 4682 extraneis.
3037 4657 3106 4667 —
3137 4629 3260 4686 Hoc
3281 4631 3467 4688 etiam
3492 4637 3762 4704 tempore
3779 4631 3823 4664 ⁸¹

2166 4713 2486 4770 Willelmus
2513 4727 2711 4770 comes
2753 4714 3220 4772 Normannorum
3271 4717 3594 4776 debellatis
3623 4721 3827 4792 Anglis

2164 4803 2355 4859 factus
2375 4807 2463 4858 est
2490 4816 2591 4858 rex
2610 4815 2810 4858 eorum
2827 4819 2842 4868 ;
2867 4803 2985 4872 qui,
3012 4817 3086 4859 ue
3109 4803 3384 4874 ingratus
3399 4813 3567 4866 esset
3585 4809 3828 4866 honoris

1773 4927 2008 4983 VARLE
2040 4927 2236 4986 LECTI
2243 4928 2334 4984 ON
2339 4926 2444 4986 ES.

471 5089 516 5126 ³⁸
542 5089 774 5148 omnino
806 5091 891 5147 ι’.
1007 5088 1053 5123 ³ο
1084 5086 1202 5145 illis
1237 5090 1316 5145 Γ.
1433 5087 1480 5121 ⁸ο
1502 5087 1749 5159 justitiis
1780 5094 1834 5144 1.

1953 5088 1994 5122 ³¹
2035 5088 2294 5147 conditio
2327 5093 2383 5146 l.

2498 5086 2544 5120 δ’
2571 5087 2812 5146 deuti.
2853 5093 2932 5146 1'.

1994 5242 2212 5298 ΝΟΤΑι..

474 5388 588 5459 (66)
617 5387 705 5444 La
729 5384 996 5465 Houjlle,
1032 5384 1371 5465 adluentde
1402 5382 1454 5439 la
1485 5385 1700 5465 yeuse,
1734 5383 1830 5455 qui
1864 5382 2045 5456 prend

402 5467 464 5512 sa
487 5455 706 5516 source
737 5455 1048 5513 au-dessus
1076 5455 1148 5512 de
1177 5455 1452 5510 Gediune.
1488 5455 1553 5510 Β.

473 5527 608 5606 (67).
641 5527 776 5606 l._e._
799 5529 1118 5606 proprium,
1153 5525 1324 5606 modo
1355 5524 1631 5606 loquendi
1655 5525 1843 5606 in'hoc
1865 5539 2043 5596 opere

401 5596 613 5670 passim
641 5596 838 5670 obvio,
873 5596 936 5654 ut
966 5612 1018 5654 c.
1053 5604 1138 5653 19.
1175 5597 1232 5653 in
1259 5596 1392 5669 line,
1425 5612 1477 5655 c.
1508 5600 1577 5652 27
1605 5596 1789 5662 initio.

470 5669 584 5742 (68)
613 5669 869 5742 ξςνῃσν.

469 5736 579 5818 (eo)
611 5736 968 5799 Flokimout.
995 5737 1062 5802 ιι.

2250 5385 2342 5456 70)
2371 5383 2700 5456 feschaux.
2736 5385 2802 5439 Η.

2250 5453 2504 5528 71)__I_iac
2538 5468 2725 5528 usque
2754 5456 2824 5512 ad
2846 5527 2849 5528 ν
2874 5457 3308 5528 remittendum
3336 5465 3609 5528 ecclesia
3653 5470 3822 5526 etiam

2154 5524 2611 5610 int'erruiracula
2637 5524 2714 5580 'S.
2745 5526 2991 5610 nuberti
3039 5542 3090 5584 c.
3143 5533 3213 5585 28
3265 5524 3595 5610 leguntur,
3629 5524 3822 5598 ubiex

2155 5601 2358 5653 nostro
2387 5595 2586 5654 addita
2617 5610 2752 5654 esse
2785 5598 3080 5654 existimo.

2247 5669 2340 5818 ἔξ)
2369 5666 2968 5816 ἕοίῖἔξειηὲἒέίλθκ⁶’
2994 5669 3061 5754 ’ξε

2765 5781 2780 5810 ,
2814 5753 2912 5818 qui
2942 5740 3059 5801 obu

2765 5781 2780 5810 ,
2814 5740 2912 5818 qui
2942 5740 3089 5802 obiit
3108 5743 3278 5810 toea.
