3968 6306
216 375 369 437 1361

1224 367 1701 439 CHRONICON
1732 370 1793 436 S.
1833 368 2195 439 HUBERTI
2223 374 2612 445 ANDAGIN.

3470 376 3620 443 1862

211 546 243 587 a
278 530 400 588 Deo
430 526 542 588 sibi
565 524 784 599 collati,
812 542 913 602 per
944 528 1206 586 coeuobia
1234 528 1415 585 totius
1445 524 1663 598 Angliae
1691 526 1851 586 unde

2057 512 2139 567 18.
2168 509 2302 583 (96.)
2337 515 2534 575 Gozilo
2565 530 2760 576 comes
2816 514 3084 576 Bohanie
3126 516 3236 589 ('73)
3272 515 3421 592 apud
3477 516 3621 576 Har-

211 634 455 693 qusque
487 619 746 676 evocatis
779 619 1242 691 praeceptoribus
1269 618 1578 688 religiosis,
1605 617 1866 673 ordinem

212 713 503 782 perfectas
538 710 837 779 religionis
866 711 955 767 vel
998 710 1249 766 instituit
1283 709 1370 764 vel
1415 708 1774 778 reformavit,
1810 714 1866 764 et

212 815 328 872 per
348 800 661 856 exterioris
675 799 1053 854 amministrat
1073 799 1218 854 iouis
1242 796 1286 830 ³³
1314 799 1474 867 leges
1506 797 1772 867 publicas
1797 796 1866 853 ad

210 889 394 947 civile
427 888 605 946 decus
664 887 948 945 excoluit.
1011 888 1163 943 Idem
1192 903 1291 943 rex
1317 892 1379 944 ut
1424 893 1553 944 erat
1582 887 1778 957 largus
1811 887 1865 943 in

211 977 503 1045 donariis,
539 991 668 1032 cum
730 976 783 1030 in
844 976 1256 1046 solcmpnitate
1300 976 1556 1047 paschali
1626 975 1864 1032 militem

213 1067 529 1136 quemdam
564 1065 790 1120 videret
814 1079 940 1120 cum
958 1065 1339 1121 offerentibus
1362 1080 1470 1120 non
1486 1065 1715 1129 offerre,
1735 1078 1865 1121 evo»

212 1160 419 1210 catum
475 1154 1121 1221 interrogavitcurnon
1178 1153 1574 1220 offerret;illo
1632 1167 1839 1224 respon

213 1244 397 1300 dente
420 1243 529 1299 sibi
564 1242 765 1297 deesse
791 1242 944 1311 quod
978 1246 1173 1312 posset
1234 1243 1464 1311 offerre,
1503 1258 1603 1297 rex
1631 1248 1875 1299 centum‘

213 1332 405 1388 libras
427 1330 796 1387 denariorum
830 1329 1099 1400 illijnssit
1131 1331 1365 1399 deferri,
1384 1346 1528 1401 quas
1552 1331 1647 1387 ille
1673 1331 1725 1385 in
1750 1331 1865 1387 cla-

216 1420 378 1477 mide
412 1435 515 1477 sua
553 1424 858 1491 susceptas
898 1420 1022 1476 sine
1071 1421 1427 1477 retractione
1457 1436 1632 1492 super
1680 1420 1863 1478 altare

214 1523 424 1566 omnes
455 1511 569 1565 Deo
599 1526 617 1561 ί
638 1509 831 1565 btulit.
868 1502 1106 1565 Miratus
1141 1526 1239 1565 rex
1272 1526 1398 1566 cum
1424 1511 1640 1566 ceteris
1672 1514 1863 1565 astan-

216 1600 384 1654 tibus
411 1597 578 1654 fldem
614 1597 933 1667 offerentis,
969 1598 1245 1668 quicquid
1299 1599 1550 1669 pascalis
1607 1598 1861 1654 muneris

214 1687 331 1744 sibi
358 1687 561 1743 eodem
591 1685 846 1742 delatum
879 1692 990 1751 est,
1025 1687 1194 1743 militi
1220 1688 1519 1744 restituit:
1548 1718 1599 1728 ος
1643 1687 1862 1743 Britan-

216 1776 351 1832 nico
382 1775 425 1808 ³⁸
459 1775 687 1831 cuidam
708 1774 919 1832 clerico
944 1776 1302 1845 Marbodoni,
1334 1792 1463 1833 cum
1496 1777 1861 1832 recumberet

1988 602 2157 660 lidam
2193 604 2594 667 dominicalem
2629 609 2860 667 domum
2892 608 3183 668 violenter
3222 610 3414 681 fregit,
3455 614 3511 669 et
3547 607 3616 668 ad

1986 693 2262 764 placitum
2297 710 2462 753 suum
2496 698 2944 758 abususibidem
2971 700 3298 771 quibusque
3343 700 3616 767 inventis,

1987 797 2079 838 res
2110 784 2282 839 etiam
2300 785 2716 844 ecclesiasticae
2736 788 2965 846 familiae
2994 789 3357 847 satellitibus
3392 789 3517 848 suis
3537 789 3620 847 di-

1986 869 2279 941 ripiendas
2296 874 2577 944 permisit,
2613 880 2670 931 ct
2703 882 3112 936 cumccenatus
3136 878 3620 949 protraheretno-

1981 964 2132 1015 ctem
2161 960 2309 1030 joeis
2338 967 2397 1018 et
2428 965 3045 1037 sermonibusrcpcnte
3070 967 3618 1039 percussusultione

1981 1047 2172 1104 divina
2208 1051 2263 1105 in
2294 1051 2422 1122 ipso
2456 1054 2806 1123 crepusculo
2839 1054 3023 1111 finivit
3054 1057 3226 1112 vitam
3259 1057 3388 1127 (an.
3433 1057 3613 1126 ιοδι).

1980 1138 2136 1193 Uxor
2165 1139 2291 1208 ejus
2341 1142 2743 1199 Ermentrudls
2772 1142 2844 1199 de
2890 1144 3200 1200 commisso
3251 1144 3463 1200 di-mini
3526 1144 3616 1201 sui

1979 1226 2250 1284 humilem
2282 1229 2743 1288 satisfactionem
2763 1232 2934 1289 beato
2950 1233 3207 1289 Huberto
3220 1237 3279 1290 et
3298 1233 3489 1289 abbati
3515 1247 3619 1305 per

1978 1316 2297 1386 optimates
2327 1332 2469 1375 suos
2502 1321 2881 1389 mandavit,et
2918 1324 2978 1377 ut
3013 1321 3225 1377 ibidem
3256 1336 3473 1392 corpus
3493 1322 3620 1391 ejus

1979 1405 2329 1474 sepeliretur
2356 1408 2839 1479 expetiit.Abbas
2871 1424 2941 1465 ex
2983 1410 3228 1466 consilio
3287 1411 3530 1467 fratrum
3560 1414 3617 1466 et

1976 1495 2362 1551 satisfactioni
2396 1502 2456 1555 et
2490 1498 2756 1569 petitioni
2814 1498 3037 1568 annuit,
3072 1499 3419 1570 sepultoqne
3460 1499 3621 1556 Gozi-

1975 1583 2130 1651 lone,
2165 1583 2513 1642 Summeium
2548 1585 2825 1643 allodium
2855 1601 2985 1643 cum
3046 1592 3229 1643 matre
3260 1587 3510 1644 ecclesia
3558 1593 3620 1643 et

1979 1672 2189 1728 familia
2223 1673 2295 1729 ab
2328 1675 2711 1732 Ermentrude
2744 1691 2926 1732 uxore
2958 1674 3136 1744 illius,
3162 1680 3220 1731 et
3243 1677 3478 1733 Conone
3509 1677 3618 1733 Ro-

1976 1759 2159 1830 dulfo,
2194 1761 2433 1819 Widoue
2452 1766 2511 1819 et
2542 1762 2789 1819 Henrico
2821 1762 2955 1820 filiis
2987 1762 3617 1833 ejus,lcgalitereccle-

212 1865 289 1920 ad
308 1864 612 1936 prandium
638 1864 1320 1934 Guillelmiregis,delata
1338 1871 1427 1920 est
1451 1867 1522 1920 ab
1548 1865 1859 1922 bibendum
1892 1872 1946 1932 Β
1976 1850 2075 1905 sia?
2108 1849 2382 1907 donatum
2416 1851 2881 1922 acquisivitt76.)
2925 1853 3040 1908 Sub
3094 1852 3297 1909 eodem
3354 1858 3616 1925 tempore

210 1959 491 2023 argentea
525 1951 569 1985 ³⁸
603 1954 785 2018 navis;
820 1969 987 2024 quam
1039 1953 1172 2011 dum
1235 1955 1285 2009 in
1317 1970 1482 2009 manu
1508 1959 1756 2023 teneret,
1778 1956 1864 2009 ta-

210 2042 326 2099 lem
363 2042 434 2097 de
467 2040 561 2097 illa
586 2055 817 2098 versum
851 2041 998 2098 dixit
1032 2062 1043 2096 :

286 2149 409 2205 Nec
427 2148 565 2218 pice
588 2161 693 2204 nec
712 2148 900 2204 clavis
928 2148 1058 2219 eget
1074 2148 1197 2205 haec
1222 2149 1507 2219 argentea
1530 2148 1706 2205 nucis

216 2238 383 2305 Hugo
448 2234 823 2305 Lingonensis
871 2234 1185 2306 episcopus
1236 2238 1347 2305 (74)
1408 2234 1859 2306 Hierosolymam

216 2325 435 2393 iturus,
470 2324 537 2380 ad
570 2324 957 2394 expetendum
991 2324 1098 2381 viae
1121 2325 1447 2381 subsidium
1488 2323 1751 2380 eumdem
1778 2340 1865 2380 re»

213 2426 349 2482 gem
384 2412 548 2480 adiit,
580 2412 749 2481 eique
784 2412 948 2483 quasi
979 2413 1366 2469 addecentem
1386 2402 1633 2481 gratiam
1666 2412 1864 2482 hujus-

216 2500 373 2556 modi
407 2499 822 2557 salutationem
858 2501 1238 2572 prmseutavit
1271 2520 1282 2555 :

282 2619 363 2676 Si
397 2617 535 2688 quis
564 2617 631 2672 in
660 2617 801 2673 ante
828 2616 990 2672 cit/et
1021 2618 1128 2686 qui
1157 2617 1209 2672 te
1249 2616 1672 2687 circumspicit,
1710 2631 1785 2673 ea:
1812 2624 1867 2673 te

298 2703 554 2773 Colligit
582 2705 722 2761 ante
747 2717 1069 2768 conicerent
1096 2704 1263 2759 modo
1281 2717 1466 2761 caesar
1496 2705 1628 2761 erit.

214 2837 359 2903 Quae
388 2836 518 2893 laus
543 2835 852 2892 multorum
881 2836 1074 2891 favore
1097 2837 1362 2907 exposita
1385 2836 1859 2907 etjcommcndata

220 2939 355 2981 cum
392 2924 704 2996 placuisset
728 2924 872 2993 regi,
900 2922 1130 2993 longum
1162 2930 1253 2980 est
1294 2926 1599 2981 memorari
1641 2931 1781 2996 quot
1806 2928 1860 2981 ct

214 3012 456 3085 quantis
493 3011 663 3069 donis
687 3013 1023 3084 episcopum
1073 3014 1472 3070 honoraverit.
1515 3014 1666 3070 idem
1702 3016 1862 3084 llqu

214 3115 351 3157 cum
369 3114 609 3171 puerum
643 3100 947 3171 quemdam
972 3098 1863 3173 ordinassetcxorcistam,llugo

218 3187 624 3259 Lugdunensis
652 3188 1125 3260 archiepiscopus
1180 3194 1240 3245 et
1270 3191 1539 3247 Romam!)
1596 3190 1862 3248 ecclcslze
1895 3224 1942 3284 Ο

216 3276 451 3348 legatus
473 3275 732 3333 eamdem
762 3276 1185 3334 ordinationem
1216 3278 1865 3336 nimisindiscreteirri-

214 3370 335 3421 tam
360 3364 667 3435 judicavit,
704 3364 1127 3437 ipsique,pucro
1145 3371 1422 3437 acceptos
1445 3366 1625 3423 semel
1644 3368 1864 3439 gradus

214 3467 324 3510 sua
354 3453 725 3510 ordinatione
757 3453 1018 3511 iteravit.
1052 3456 1208 3511 llanc
1240 3454 1505 3525 injuriam
1523 3456 1610 3513 sui
1640 3456 1865 3527 episeo-

215 3560 329 3618 pus
353 3543 613 3600 mordaci
658 3542 791 3614 joco
821 3543 1087 3614 removit,
1113 3549 1168 3601 et
1210 3544 1539 3616 hujusmodi
1591 3546 1746 3603 sales
1776 3561 1865 3603 ar-

211 3633 593 3707 chiepiscopo
624 3632 679 3688 in
713 3632 914 3690 faciem
941 3634 1144 3703 rejecit
1173 3653 1184 3687 :

288 3768 367 3840 Si
394 3768 617 3840 ueteres
645 3779 931 3840 renovare
944 3767 1180 3839 gradus
1209 3776 1277 3824 ut
1321 3770 1594 3827 carmina
1651 3772 1858 3840 nostis,

297 3837 465 3912 ([nde
490 3851 661 3912 reum
685 3837 1062 3912 magnisque
1076 3852 1245 3912 naeus
1262 3837 1859 3912 prwjudieatltosds,

289 3909 431 3982 .(am
448 3908 617 3982 uideo
639 3908 799 3982 quod
814 3908 1130 3982 'guicquid
1168 3908 1288 3980 ego"
1309 3908 1541 3968 mutare
1558 3913 1812 3982 potestis
1841 3908 1862 3976 ῤ’

287 3980 412 4052 Sed
441 3979 603 4052 dolea
625 3979 785 4052 quod
810 3979 931 4052 non
955 3980 1123 4039 valeo
1137 3979 1235 4037 vel
1258 3994 1427 4038 nosse
1455 3979 1784 4052 quo—(testis.

285 4050 369 4122 Si
383 4051 603 4122 prisca
616 4049 873 4122 pietatis
895 4064 1065 4122 amor
1092 4064 1191 4108 eos
1220 4049 1599 4120 detinuisset,

290 4120 630 4179 Et‘serwm
655 4122 764 4191 qui
791 4121 978 4178 vester
999 4134 1159 4178 eram
1188 4135 1305 4179 non
1318 4122 1693 4191 deseruisset,

291 4192 413 4265 Pro
436 4205 620 4265 puero
654 4192 794 4265 licet
810 4194 1031 4265 eximie
1061 4206 1178 4265 non
1206 4194 1699 4265 essetagenrtum.

288 4262 1046 4335 Pontiﬁcemrsinejndicio
1070 4263 1160 4320 sic
1189 4262 1650 4335 destituendum,

291 4333 448 4399 Quid
476 4334 692 4391 latuit?
714 4333 853 4406 quae
872 4347 1056 4391 causa
1090 4334 1244 4393 fuit?
1259 4335 1400 4406 fuit
1428 4336 1604 4393 utilis
1626 4333 1766 4392 crdo

288 4407 407 4476 Per
434 4418 526 4461 me
547 4404 1052 4476 quiquartus,per
1077 4419 1174 4462 eos
1185 4404 1330 4476 fuit
1361 4410 1429 4465 in
1469 4407 1850 4464 decuelwrdo.

1976 1938 2142 1993 simul
2179 1944 2368 2010 empta
2399 1946 2487 1995 cst
2515 1940 2637 1995 fieri
2662 1945 2796 1997 octo
2817 1941 3065 1997 turrium
3097 1942 3612 2013 coronaetquzein

1976 2030 2143 2095 prato
2174 2031 2260 2082 est
2296 2027 2349 2082 in
2384 2028 2604 2084 honore
2634 2029 2789 2084 beati
2821 2027 3027 2097 Egidii
3074 2028 3360 2099 tecelesia,
3413 2044 3615 2086 murus

1975 2128 2206 2184 quoque.
2231 2115 2386 2170 circa
2406 2110 2818 2173 monasterium
2837 2117 2932 2187 qui
2949 2116 3120 2173 nimia
3136 2120 3432 2174 vetustate
3454 2131 3614 2190 paene

1975 2205 2133 2257 totus
2161 2209 2490 2274 corruerat,
2524 2204 2849 2262 claustrum
2883 2219 3114 2276 quoque
3136 2210 3193 2261 et
3227 2206 3467 2277 scripta.

2048 2311 2136 2362 19.
2177 2310 2309 2383 (27).
2332 2310 2913 2368 Adeladiseomitissa
2945 2310 3266 2367 Arzeleonis
3296 2310 3611 2367 fueratfllia

1974 2387 2333 2445 nobilissima
2351 2390 2518 2448 ducis
2531 2390 3071 2460 Theoderici,soror
3085 2406 3225 2446 vero
3241 2390 3613 2462 Sigifridi(77)

1975 2476 2160 2543 patris
2194 2479 2523 2536 marehissze
2556 2479 2855 2535 Beatricis.
2892 2478 3073 2548 Hujus
3105 2478 3337 2549 quidam
3380 2479 3617 2536 cubicu-

1974 2561 2158 2620 larius
2188 2579 2219 2620 a
2292 2567 2494 2622 rabido
2553 2582 2695 2623 cane
2737 2582 2966 2623 morsus
2995 2572 3051 2622 et
3087 2567 3357 2636 infectus,
3427 2566 3613 2624 solum

1976 2653 2126 2721 quod
2158 2659 2463 2724 supererat
2496 2671 2548 2710 ei
2585 2654 2899 2712 remedium
2933 2654 3163 2719 salutis,
3216 2654 3287 2710 ad
3319 2654 3472 2711 beati
3506 2656 3616 2711 Hu-

1976 2731 2125 2787 berti
2162 2734 2545 2803 patrocinium
2580 2728 2865 2803 cdnfugit.
2902 2732 3039 2802 Ejus
3069 2733 3221 2788 enim
3252 2733 3405 2803 apud
3438 2735 3611 2791 Deum

1976 2812 2201 2867 meritis
2216 2813 2531 2868 habetur-in
2553 2813 2679 2869 loco
2698 2812 2900 2869 eodem
2923 2811 3219 2881 singulare
3241 2812 3611 2884 prmlegium

1973 2892 2236 2961 probata:
2262 2893 2516 2961 virtutis,
2574 2896 2630 2947 ut
2664 2892 2707 2945 si
2742 2892 2873 2962 quis
2907 2891 3159 2947 infectus
3185 2906 3382 2948 morsu
3424 2891 3611 2947 rabidi

1972 2970 2135 3026 canis
2165 2975 2263 3025 aut
2292 2970 2407 3042 lupi
2434 2972 2973 3041 autcujuscumque
3007 2970 3193 3025 insani
3220 2970 3614 3041 peccoris,1llo

1974 3059 2316 3128 confugiens
2335 3060 2553 3116 incisus
2576 3060 3074 3129 fnerit,ritumque
3103 3058 3361 3130 ejusdem
3387 3058 3616 3116 incisio-

1973 3146 2548 3219 nisservaverit(78),
2569 3148 2694 3204 sine
2722 3148 2900 3204 dubio
2918 3147 3115 3204 evadit
3148 3146 3468 3218 periculum
3492 3162 3615 3204 cer-

1972 3235 2212 3294 tissimae
2243 3237 2564 3306 mortis.Et,
2585 3241 2647 3294 ut
2684 3252 2783 3308 per
2812 3251 3116 3293 excessum
3148 3250 3281 3293 vera
3306 3236 3615 3308 probemus

1971 3338 2103 3381 esse
2126 3339 2255 3396 quze
2278 3325 2546 3397 dicimus,
2584 3324 2834 3382 vidimus
2867 3324 2974 3396 ipsi
3005 3323 3221 3380 nostris
3250 3323 3616 3395 temporibus

1973 3412 2368 3483 duosjuvenes
2400 3414 2471 3471 de
2506 3429 2651 3486 pago
2675 3413 3144 3485 Hasbanico,qui
3180 3412 3378 3468 infecti
3413 3427 3443 3467 a
3472 3427 3608 3484 quo-

1972 3502 2100 3559 dam
2126 3517 2268 3559 cane
2297 3502 2521 3573 rabido,
2554 3518 2621 3559 ne
2638 3502 2709 3558 ad
2742 3504 3013 3559 meritum
3042 3501 3195 3558 beati
3228 3501 3618 3559 Huberticon-

1973 3592 2238 3661 fugerent
2259 3592 2488 3649 seducti
2504 3595 2637 3648 sunt
2654 3605 2683 3646 a
2700 3591 2948 3661 quodam
2967 3591 3322 3662 presbitero;
3348 3590 3616 3663 promisit

1972 3695 2110 3736 vero
2129 3680 2215 3737 eis
2230 3680 2543 3750 quibudam
2574 3679 3071 3734 incantationibus
3092 3682 3151 3734 et
3177 3678 3618 3737 medicamentis

1972 3768 2383 3824 certitudinem
2416 3765 2707 3833 sanitatis,
2744 3769 3104 3836 acceptoque
3128 3765 3260 3821 inde
3291 3764 3613 3831 commodo.

1974 3857 2107 3912 fecit
2141 3871 2240 3911 eos
2266 3856 2579 3926 persistere
2630 3853 2809 3921 domi,
2842 3853 3319 3922 confugientibus
3378 3853 3511 3910 aliis
3543 3855 3613 3909 ad

1970 3944 2275 4000 ecclesiam
2293 3943 2444 3999 beati
2474 3941 2839 4012 tluberti,qui
2870 3940 3238 3998 videlicetab
3252 3940 3454 3998 eodem
3471 3956 3615 3999 cane

1972 4034 2201 4089 fuerant
2224 4030 2421 4087 infecti
2449 4049 2461 4084 :
2489 4030 2703 4101 quibus
2719 4029 2875 4087 sanis
2904 4028 3313 4096 redeuntibus,
3348 4029 3613 4101 praedicti

1964 4120 2208 4191 juvenes
2225 4119 2389 4175 furiis
2403 4125 2463 4175 et
2478 4117 2783 4175 doloribus
2800 4117 2995 4174 vexati
3014 4124 3323 4190 cmperunt
3338 4118 3612 4188 insanire,

1968 4216 2030 4265 ut
2065 4209 2183 4281 lupi
2220 4207 2464 4275 ululare,
2503 4214 2564 4265 ut
2600 4222 2771 4264 canes
2802 4207 3040 4277 latrare,
3076 4207 3289 4279 vixque
3320 4206 3390 4263 ad
3424 4222 3617 4264 mona-

1968 4297 2211 4353 sterium
2228 4296 2463 4353 deducti
2496 4300 2552 4353 et
2588 4296 2664 4351 ibi
2694 4294 3346 4365 mortui,videntibuset
3375 4296 3616 4353 audien-

1969 4386 2127 4443 tibus
2160 4385 2533 4441 incusserunt
2557 4389 2771 4441 metum
2797 4384 3026 4440 maximi
3055 4385 3337 4441 horroris.
3360 4383 3471 4440 Sed
3504 4383 3609 4441 hoc

257 4475 400 4549 qu
414 4471 705 4549 decimare
717 4471 1595 4549 quod‘estpoterit,multumque
1610 4478 1857 4549 benigne
1885 4471 1937 4531 D
1969 4489 2073 4546 per
2104 4489 2425 4532 excessum.
2443 4475 2767 4531 Praedicsus
2783 4478 2976 4529 autem
2990 4473 3259 4530 cubicula
3271 4472 3392 4527 rius
3408 4472 3615 4527 Adcla-

294 4547 433 4603 Tres
453 4545 682 4617 poterit
707 4545 997 4616 praestare
1021 4545 1254 4617 gradus
1275 4552 1328 4604 et
1346 4545 1614 4620 psallere
1654 4545 1850 4621 digne.

1969 4563 2060 4619 dis
2075 4577 2322 4619 exmore
2345 4563 2569 4620 incisus
2584 4568 2643 4618 et
2687 4562 2880 4619 soluto
2917 4561 3241 4632 capitalitio
3265 4561 3378 4631 (79)
3404 4573 3615 4615 servus

1583 4698 1815 4754 VARIIE
1856 4699 2255 4758 LECTIONES.

254 4791 327 4875 f3
349 4792 899 4875 am‘ministrationes
929 4798 979 4850 1.
1012 4790 1055 4826 ³⁸
1074 4794 1407 4850 Britannico
1437 4825 1503 4835 -
1525 4796 1838 4875 navispost
1866 4796 2115 4875 psallere
2149 4795 2319 4865 digne
2350 4791 2637 4852 collocuta
2665 4791 2814 4849 sunt
2834 4792 2903 4849 in
2932 4790 3214 4864 Lsedper
3270 4790 3613 4846 litterarum

205 4865 393 4936 signa
424 4863 812 4935 transposita.
842 4862 888 4897 ³⁸
949 4878 1125 4921 aurea
1182 4878 1476 4937 superscr.
1511 4864 1600 4922 vel
1635 4862 1911 4938 arkente'a
1950 4873 2003 4923 1.

1799 4972 2021 5031 ΝΟΤᾸΞ.

303 5068 396 5137 74)
421 5068 550 5127 Alio
572 5069 801 5126 nomine
825 5068 1017 5126 dictus
1043 5068 1368 5127 Rainardus
1396 5073 1718 5127 110654085.

306 5144 397 5211 75)
415 5138 706 5211 BJltoyne,
734 5139 1108 5211 dependance
1131 5140 1205 5198 du
1232 5141 1418 5211 bourg
1432 5140 1501 5197 de
1516 5142 1854 5199 Rocbefort‘

246 5211 308 5268 ui
361 5211 504 5269 etait

278 5351 393 5493 (76)
426 5351 575 5425 Dipl.
610 5351 1111 5433 ediditllertholet
1140 5353 1236 5423 III,
1267 5353 1545 5423 Preuves,
1581 5371 1635 5426 p.
1668 5358 1757 5410 29.

300 5425 394 5493 71)
423 5424 542 5480 Imo
566 5422 888 5483 Fl‘ldGl‘lCl:
921 5423 1093 5481 vidua
1144 5423 1472 5480 Waleranni
1502 5440 1647 5482 com.
1704 5428 1757 5481 A.

300 5425 394 5494 71)
423 5422 542 5480 Ιωό
566 5422 848 5480 Friderici
870 5440 888 5494 ς
921 5423 1093 5481 vidua
1144 5423 1472 5480 Waleranni
1502 5422 1647 5482 eoin.
1704 5428 1853 5483 Aras-

204 5491 394 5553 lednis
414 5494 540 5551 sive
570 5493 932 5551 Arlunensis.

278 5567 404 5639 (78)
443 5566 743 5639 Hactenus
769 5567 1108 5639 perseverat
1129 5564 1284 5639 apud
1316 5567 1376 5622 S.
1410 5566 1727 5639 tlubertum
1754 5564 1847 5639 ille

205 5635 779 5705 ritus'incisionist
804 5636 993 5694 taille.
1044 5635 1321 5694 Nimirum
1352 5638 1556 5693 rabi-li
1616 5636 1845 5693 animali

205 5706 437 5778 mersis,
470 5711 605 5780 post
626 5707 891 5782 deposita
917 5706 989 5765 ad
1017 5707 1380 5765 sacerdotem
1411 5725 1474 5777 με
1504 5713 1844 5775 eata,sacra

587 5225 619 5267 θ
667 5210 943 5268 cbef-lieu
971 5210 1049 5269 du
1070 5212 1331 5283 doyeune
1374 5213 1662 5279 Bohania;
1695 5214 1854 5271 Μαν-

1967 5069 2371 5127 communione
2403 5068 2643 5124 refectis
2668 5066 2729 5121 lit
2761 5066 3298 5124 cuminstrumento
3340 5063 3395 5120 in
3420 5064 3610 5121 fronte

1966 5155 2143 5212 parva
2171 5139 2459 5208 ineisio,et
2492 5140 2547 5212 in
2564 5138 2809 5212 vulnere
2829 5135 3109 5212 inseritur
3130 5133 3419 5212 particula
3441 5135 3610 5192 stola)

2049 5212 2314 5287 lluberti,
2348 5205 2514 5287 quam
2538 5210 2717 5287 linteo
2741 5209 2812 5287 ad
2842 5205 3354 5287 frontemalligato
3385 5220 3491 5287 per
3516 5223 3614 5287 uo:

1962 5298 2089 5341 vem
2119 5282 2246 5339 dies
2300 5277 2477 5338 mersi
2532 5277 3329 5349 deferunt,certaminterim
3380 5277 3607 5334 vivendi

1962 5355 2247 5411 rationem
2307 5353 2712 5415 observantes,
2760 5348 2995 5405 indubie
3026 5349 3149 5406 sani
3205 5353 3603 5406 revertuntur.

1962 5425 2143 5494 llujus
2166 5424 2339 5480 etiam
2364 5423 2515 5479 ritus
2536 5421 2794 5494 meminit
2811 5425 3017 5494 auctor
3048 5419 3182 5494 libri
3195 5418 3606 5494 Miraculorum

1961 5497 2014 5552 S.
2051 5490 2456 5567 lluberti,cap.
2496 5495 2563 5567 ti
2583 5493 2735 5567 apud
2757 5492 3073 5567 Johannem
3103 5491 3341 5548 Roberti
3366 5490 3441 5547 Μ.

2031 5567 2142 5647 QQ)
2196 5566 2267 5621 La
2288 5561 2642 5647 prestatiou'.
2670 5561 2984 5647 demandée
3007 5563 3269 5647 _a_‘toute
3313 5572 3606 5647 persegne

1959 5629 2176 5708 tai'llée,
2204 5629 2304 5709 qui
2332 5636 2595 5693 obtcuait
2632 5634 2681 5692 le
2715 5636 2853 5691 titre
2889 5636 2957 5690 Ile
2994 5634 3236 5692 Peterin
3290 5629 3360 5689 de
3400 5629 3607 5687 Saint-

1961 5708 2218 5765 IIubert.
2260 5709 2330 5763 Β.

1961 5711 2218 5767 IIubert.
2260 5711 2330 5763 Β.
