3968 6350
312 464 464 528 1363

1306 469 1784 536 CHRONICON
1813 468 1879 535 S.
1908 470 2278 541 HUBEHTI
2305 476 2697 548 ANDAGIN.

3567 473 3720 554 1864

310 631 498 693 sancti
521 631 865 700 eﬁ'ectus,ad
887 631 1119 692 missam
1136 637 1535 694 matutinalem
1558 637 1844 698 deductus
1865 647 1958 698 est
1985 609 2042 669 Α
2073 617 2216 694 urbe
2247 637 2762 711 Remensi,valenti
2786 639 3098 700 admodum
3131 641 3275 713 viro,
3310 646 3370 698 et
3406 642 3727 715 promptis-

309 722 848 778 c'ommunieandus.
875 724 1128 780 lntuitus
1161 728 1350 780 autem
1371 727 1584 786 fratres
1605 729 1869 786 ordinate
1899 735 1954 786 et

315 817 653 868 reverenter
674 813 1088 882 consistentes,
1114 814 1390 872 inclinato
1423 817 1638 888 capite,
1673 833 1956 890 nusquam

312 900 514 958 oculos
574 899 956 965 declinantes,
990 916 1189 959 eorum
1225 903 1277 958 in
1304 903 1601 962 offerendo
1631 906 1958 964 ordinatam

313 990 744 1048 successionem
777 994 838 1044 ct
869 989 1334 1064 devotionem,in
1363 993 1554 1050 eundo
1580 1000 1637 1050 et
1663 995 1961 1053 redeundo

313 1081 692 1151 compositam
743 1081 1092 1149 gravitatem
1150 1083 1496 1141 ammiratus
1519 1091 1608 1141 est
1654 1100 1708 1140 In
1759 1086 1862 1156 eis,
1902 1093 1963 1142 ut

312 1173 440 1225 erat
473 1169 560 1224 vir
592 1167 914 1239 saecularis,
950 1171 1115 1240 quasi
1152 1171 1453 1242 quamdam
1478 1173 1782 1244 imaginem
1815 1188 1963 1231 mor-

311 1257 650 1314 tiﬁcationis
681 1275 694 1324 ;
730 1271 1118 1331 reversusque
1168 1261 1238 1316 ad
1297 1260 1585 1318 dominam
1619 1278 1800 1332 suam,
1835 1279 1962 1334 quae

311 1348 538 1404 viderat
570 1347 618 1402 ei
651 1347 1030 1404 renuntiavit.
1067 1347 1170 1405 Illa
1223 1351 1574 1420 quantocius
1607 1352 1776 1408 missa
1811 1353 1962 1423 lega-

313 1437 470 1492 tione
495 1437 563 1493 ad
601 1436 1124 1506 abbatem,magnis
1149 1440 1426 1510 precibus
1455 1444 1520 1496 ut
1545 1440 1614 1496 ad
1647 1456 1707 1498 se
1737 1442 1961 1497 veniret

315 1527 592 1599 optinuit,
642 1525 1000 1597 veniensque
1035 1529 1301 1584 nuntium
1324 1530 1610 1586 adventus
1653 1531 1740 1587 sui
1767 1531 1835 1586 ad
1871 1547 1964 1588 co-

318 1615 600 1671 mitissam
626 1615 937 1688 praemisit.
961 1616 1099 1673 Viso
1132 1617 1334 1674 nuntio
1354 1618 1562 1675 mulier
1576 1619 1764 1676 virilis
1788 1620 1963 1676 animi

316 1709 376 1759 ct
409 1719 536 1775 quas
567 1704 800 1760 conscia
835 1705 1091 1775 propriae
1116 1705 1441 1763 nobilitatis
1479 1706 1700 1764 nullius
1717 1709 1963 1766 curabat

317 1791 660 1862 dignitatem
691 1792 784 1850 vel
849 1807 1156 1864 personam
1189 1795 1314 1864 ejus
1347 1797 1648 1866 temporis,
1705 1797 1964 1854 surrexit

318 1881 602 1938 velociter
629 1887 686 1938 ut
703 1888 1046 1940 occurreret
1069 1881 1288 1948 abbati;
1317 1883 1666 1941 mirantibus
1686 1885 1820 1941 filiis
1837 1885 1964 1954 ejus

2072 725 2217 782 sime
2244 726 2420 797 hujus
2443 729 2590 786 artis
2610 733 2668 785 et
2703 730 3429 802 peritissimo.’/Ediﬁcavit
3449 737 3514 787 et
3535 731 3727 788 altare

2071 815 2125 870 in
2151 815 2370 872 honore
2402 824 2616 875 sanctae
2645 824 2702 874 et
2736 818 3049 877 individuae
3098 819 3402 876 Trinitatis
3433 820 3506 876 ad
3543 819 3728 892 pedes

2073 905 2226 961 beati
2261 907 2528 977 Huberti,
2562 907 2655 964 ubi
2689 914 2750 965 et
2781 909 3025 964 maxima
3089 914 3431 966 sanctorum
3477 909 3724 980 pignora

2071 992 2364 1066 deposuit.
2401 994 2538 1062 Quae
2569 996 2758 1052 omnia
2791 1012 2902 1053 non
2921 996 3104 1054 multo
3142 1003 3278 1068 post
3299 997 3592 1054 Henricus
3609 998 3732 1068 epi-

2073 1097 2302 1154 scapus,
2330 1089 2632 1156 assumpto
2681 1099 2879 1142 secum
2937 1088 3233 1142 Francone
3287 1085 3731 1156 Bellagradensi

2073 1173 2348 1242 pontifice
2381 1173 2514 1245 (81),
2549 1175 2642 1244 qui
2665 1189 2862 1232 secum
2896 1179 3034 1232 tunc
3069 1175 3350 1246 temporis
3382 1175 3731 1232 morabatur

2073 1261 2354 1332 Leodii,in
2390 1277 2595 1333 magna
2621 1263 2807 1334 gloria
2826 1268 2881 1320 et
2899 1263 3107 1321 laetitia
3140 1263 3451 1322 dedicavit.
3470 1264 3730 1321 Perfecit

2071 1351 2246 1407 etiam
2282 1351 2599 1422 praedictus
2623 1353 2805 1409 abbas
2833 1352 3094 1410 tabulam
3124 1368 3358 1410 auream
3377 1357 3516 1410 ante
3541 1352 3730 1423 majus

2073 1439 2276 1509 altare,
2313 1441 2464 1511 quod
2494 1446 2585 1498 est
2615 1441 2668 1496 in
2703 1441 2924 1499 honore
2950 1442 3105 1499 beati
3132 1441 3287 1498 Petri
3313 1441 3727 1512 apostolorum

2075 1527 2372 1600 principis,
2400 1543 2567 1600 quam
2591 1529 2726 1586 olim
2749 1535 3011 1601 coeperat
3041 1529 3319 1588 Albertus
3347 1531 3736 1595 abbas,occa-

2073 1618 2234 1674 sione
2267 1619 2608 1675 conterendi
2633 1619 2875 1677 calicem
2927 1635 3102 1676 unum
3153 1634 3393 1676 aureum
3443 1618 3742 1696 librarum.

2072 1707 2299 1777 viginti,
2336 1709 2431 1778 qui
2462 1713 2706 1766 eotenus
2739 1713 3136 1780 permanserat
3181 1709 3236 1765 in
3297 1708 3445 1778 loco,
3479 1709 3738 1766 donatus

2073 1795 2208 1852 olim
2244 1797 2416 1854 beato
2448 1798 2708 1854 Hoberto
2741 1813 2770 1854 a
2812 1797 3102 1855 Ludovico
3133 1799 3236 1855 Pio
3297 1797 3491 1854 Karoli
3541 1797 3734 1868 Magni

2077 1885 2451 1957 imperatoris
2485 1886 2622 1942 ﬁlio.
2650 1886 2826 1943 Plura
2859 1892 3052 1944 autem
3086 1885 3328 1944 donaria
3353 1901 3465 1943 non
3499 1890 3735 1942 tantum

322 1969 569 2028 Fulcone
601 1975 660 2026 et
689 1969 1054 2028 Gualcranno
1079 1987 1206 2043 quae
1256 1977 1412 2030 esset
1446 1974 1595 2046 apud
1631 1988 1754 2030 eam
1807 1975 1965 2031 novi-
1993 1967 2047 2028 B
2077 1973 2133 2029 in
2166 1978 2410 2042 argento
2435 1979 2492 2030 et
2519 1988 2886 2045 auro,verum
2921 1975 3094 2030 etiam
3124 1973 3176 2030 in
3211 1989 3354 2030 auro
3398 1974 3584 2030 textis
3637 1987 3736 2028 or-

320 2061 464 2116 tatis
495 2061 668 2130 hujus
702 2061 1022 2129 veneratio,
1076 2076 1278 2118 eorum
1325 2067 1659 2120 sustentata
1707 2064 1964 2120 brachiis

321 2149 546 2204 obviam
584 2149 869 2220 processit
903 2149 1121 2220 abbati,
1154 2150 1460 2221 visumque
1491 2166 1618 2208 cum
1641 2152 1763 2223 jam
1799 2154 1869 2208 ab
1899 2167 1965 2209 ea

324 2243 516 2310 posset
544 2237 752 2308 audiri,
816 2237 1092 2294 inclinato
1122 2239 1314 2309 rapite
1373 2239 1692 2296 humillima
1753 2239 1968 2298 saluta-

321 2327 480 2381 tione
511 2325 824 2382 honoravit
850 2344 864 2390 ;
889 2331 947 2381 et
977 2341 1106 2381 cum
1141 2331 1271 2396 post
1315 2327 1638 2383 orationem
1697 2327 1969 2385 licentius

326 2412 544 2484 alloqui
597 2428 726 2467 eum
762 2418 1008 2483 posset:
1065 2411 1336 2482 Gratias,
1391 2413 1598 2484 inquit,
1657 2428 1769 2485 ago
1838 2414 1966 2484 tibi,

323 2501 688 2557 venerabi'is
729 2502 920 2571 pater,
952 2502 1127 2572 cujus
1153 2501 1425 2572 ﬁliorum
1477 2502 1713 2558 tantum
1761 2501 1972 2558 audivi

323 2588 695 2659 religionem,
731 2590 1190 2659 tamquemrum
1232 2589 1417 2659 hujus
1464 2590 1656 2646 nostri
1697 2591 1973 2661 temporis

329 2679 862 2748 sancta/immanis
875 2679 1123 2734 odorem.
1151 2679 1408 2748 Cumque
1427 2685 1822 2735 renumeraret
1845 2695 1972 2750 qnze

329 2767 614 2823 retulerat
646 2767 696 2823 ci
723 2767 1122 2824 cubicularius
1142 2783 1302 2837 suus,
1338 2773 1393 2824 et
1431 2783 1532 2840 per
1577 2774 1774 2825 mutua
1798 2769 1976 2825 aedili-

329 2865 577 2923 cationis
609 2865 900 2937 colloquia
926 2865 1280 2937 aliquamdiu
1311 2867 1368 2921 in
1427 2867 1664 2922 Domino
1721 2867 1974 2922 delecta-

330 2955 774 3025 rentur,obtulit
805 2955 999 3010 abbati
1021 2954 1324 3012 ecclesiam
1351 2955 1421 3010 de
1447 2955 1583 3011 ﬁsco
1611 2955 1971 3027 Anslaro(80)

331 3049 616 3116 perpetuo
645 3043 964 3100 habendam
997 3045 1050 3100 in
1079 3059 1220 3101 usus
1253 3045 1516 3112 fratrum,
1556 3044 1816 3114 praefatis
1840 3043 1975 3100 liliis

329 3135 458 3203 ejus
489 3135 538 3189 la
551 3135 934 3191 udantibuset
952 3134 1553 3191 conﬁrmantibusboc
1571 3134 1719 3190 idem
1736 3135 1969 3190 donum.

329 3222 546 3280 Videns
577 3225 756 3279 abbas
787 3224 1012 3295 copiam
1039 3237 1377 3294 magnorum
1407 3221 1660 3294 lapidum
1686 3221 1742 3278 in
1776 3223 1974 3280 funda-

2077 2061 2363 2118 namentis
2393 2067 2452 2118 et
2475 2061 2663 2126 libris,
2697 2065 2812 2118 tam
2838 2078 2867 2118 a
2902 2063 3145 2133 praefato
3180 2062 3465 2134 principe,
3496 2075 3670 2132 quam
3703 2074 3736 2115 a

2079 2150 2412 2207 Gualcaudo
2447 2150 2720 2222 pontifice
2751 2151 3086 2208 eidemloco
3109 2150 3321 2206 collata
3353 2151 3736 2220 fuerantqua

2081 2238 2169 2294 vel
2198 2238 2646 2296 inhabitantium
2679 2239 3047 2311 simplicitas,
3073 2240 3166 2296 vel
3187 2244 3602 2296 extraneorum
3638 2238 3738 2292 ab-

2082 2327 2278 2383 batum
2305 2326 2417 2399 (82)
2479 2335 2578 2384 aut
2602 2329 3051 2400 prazpositorum
3081 2327 3388 2398 dissipavit
3420 2326 3736 2382 temeritas

2081 2421 2182 2471 aut
2214 2417 2540 2487 asportavit
2567 2430 2672 2487 per
2707 2417 3042 2472 abusionem
3067 2420 3124 2472 et
3156 2415 3545 2486 cupiditatem
3565 2413 3738 2470 effre-

2082 2517 2215 2570 nata
2249 2513 2629 2584 impudenter’
2651 2513 3036 2571 licentia.Sed
3065 2519 3124 2570 et
3159 2513 3274 2585 ipsi
3312 2513 3537 2570 nostris
3595 2518 3743 2569 tem-

2082 2603 2326 2673 poribus
2358 2601 2612 2660 vidimns
2669 2603 2947 2672 quosdam
2991 2617 3136 2672 quos
3200 2615 3304 2658 nec
3349 2601 3741 2658 nominandos

2082 2691 2436 2760 censuimus,
2473 2689 2750 2761 qniquasi
2785 2689 3516 2748 occasionenoncurandae
3539 2695 3740 2746 vetus-

2080 2779 2224 2834 tatis
2256 2778 2434 2834 multa
2461 2779 2848 2836 incenderunt
2867 2794 2936 2836 ex
2959 2779 3177 2836 eisdem
3203 2779 3544 2836 aurotextis
3568 2791 3742 2834 orna-

2084 2869 2316 2935 mentis,
2374 2882 2437 2922 re
2486 2872 2677 2922 autem
2698 2883 2832 2922 vcra
2860 2868 2968 2922 hoc
3003 2867 3183 2923 moliti
3244 2866 3574 2937 cupiditate
3608 2865 3736 2922 auri

2083 2955 2291 3012 exinde
2324 2955 2608 3026 rapiendi.
2645 2955 2790 3021 Quid
2819 2956 2888 3014 de
2921 2956 3200 3013 librorum
3237 2955 3614 3025 dispersione
3645 2953 3739 3010 vel

2083 3043 2468 3102 distractione
2502 3047 3097 3112 memorandum,cum
3130 3046 3395 3115 etipsum
3422 3057 3572 3099 auro
3591 3041 3741 3099 scri-

2085 3138 2246 3204 ptum
2279 3132 2808 3204 psalterium,quod
2831 3133 3098 3188 Ludovici
3133 3130 3510 3202 imperatoris
3544 3131 3742 3187 fuerat

2085 3222 2407 3294 preprium,
2439 3221 2568 3292 ejus
2601 3221 2847 3291 imagine
2891 3221 2945 3276 in
3011 3221 3299 3292 principio
3365 3219 3738 3289 insignitum,

333 3316 528 3368 mento
553 3313 771 3368 veteris
803 3312 1093 3382 quondam
1150 3311 1426 3381 civitatis,
1463 3326 1614 3367 nunc
1647 3316 1840 3368 autem
1870 3326 1975 3382 pro
2007 3322 2056 3386 α
2085 3311 2237 3383 apud
2266 3314 2466 3367 urbem
2499 3310 2824 3367 Tullensem
2859 3309 3037 3366 fuerit
3069 3309 3390 3378 venditum,
3455 3308 3624 3379 quasi
3683 3307 3741 3363 in

331 3399 562 3458 castelli
597 3399 884 3456 mmnibns
907 3398 1282 3468 adbreviatis,
1300 3405 1647 3467 suggerente
1671 3399 1976 3455 Lamberto

333 3489 569 3558 majore,
603 3503 675 3544 ex
704 3487 927 3544 eisdem
959 3486 1252 3558 lapidibus
1273 3486 1537 3544 ecclesiae
1569 3485 1771 3544 donari
1803 3501 1978 3558 expe-

333 3578 424 3634 tiit
459 3582 738 3648 quantum
763 3575 1060 3634 sufficeret
1077 3575 1149 3633 ad
1178 3575 1620 3634 mdificationem
1646 3575 1853 3646 criptse
1887 3573 1977 3632 vel

334 3665 600 3722 claustri.
633 3663 907 3722 Libenter
946 3664 1044 3720 illa
1105 3664 1257 3735 quod
1285 3665 1596 3736 petebatur
1634 3663 1924 3720 concessit
1961 3680 1975 3730 ;

336 3754 440 3812 sed
463 3759 520 3811 et
553 3753 842 3826 operariis
872 3752 1154 3824 ecclesiae,
1181 3753 1455 3825 quamdiu
1481 3752 1559 3810 ibi
1582 3756 1974 3820 morarentur,

335 3850 391 3900 e'.
429 3843 742 3916 hospitium
783 3848 837 3900 et
872 3843 1088 3900 victum
1128 3843 1414 3915 promisit.
1447 3840 1766 3914 Respondit
1799 3841 1980 3898 abbas

337 3934 558 4004 gratias
589 3933 689 3990 Dei
723 3932 1129 4004 omnipotenti,
1151 3931 1489 4002 Adeladi,et
1518 3930 1656 3986 liliis
1671 3930 1796 3999 ejus
1823 3944 1981 3986 reve-

337 4029 537 4081 renter
566 4021 928 4093 valedixit,et
965 4022 1037 4078 ad
1062 4021 1480 4079 monasterium
1505 4019 1704 4076 rediit.
1738 4021 1982 4090 Moxque

338 4135 367 4174 a
402 4119 944 4178 Leodiocassoribus
963 4119 1296 4188 conductis,
1314 4117 1558 4189 criptam
1580 4122 1638 4173 et
1656 4115 1982 4174 claustrum

340 4208 396 4264 in
427 4213 772 4280 praesentem
804 4213 1019 4265 statum
1061 4205 1412 4278 composuit,
1448 4204 1710 4262 advectis
1741 4204 1812 4260 ab
1845 4205 1985 4260 Ara-

339 4296 526 4355 leonis
557 4295 884 4368 columpnis
909 4313 1040 4353 cum
1063 4294 1357 4366 capitellis
1406 4299 1464 4350 et
1497 4293 1738 4350 basibns
1765 4291 1886 4351 suis
1923 4295 1986 4348 et

342 4385 613 4442 altarium
648 4386 880 4443 mensis.
905 4384 1083 4441 Auxit
1110 4383 1284 4440 etiam
1318 4382 1578 4439 oratoria
1607 4395 1639 4438 a
1669 4382 1897 4439 dextris
1926 4385 1988 4438 et

343 4489 372 4530 a
407 4473 664 4533 sinistris
693 4474 984 4540 ecclesiae;
1018 4476 1078 4529 et
1100 4485 1129 4528 a
1152 4470 1378 4528 dextris
1397 4469 1629 4543 quidem
1650 4468 1986 4527 memoriam

347 4565 532 4621 beata:
566 4563 754 4622 Mariae
779 4563 850 4620 ad
885 4560 1136 4618 medium
1166 4559 1352 4618 altare
1385 4574 1548 4617 novas
1596 4559 1803 4631 criptae
1831 4563 1988 4615 tran-

2084 3405 2284 3456 extera
2317 3397 2610 3470 provincia
2641 3398 2908 3455 securius
2941 3398 3020 3453 ibi
3055 3397 3383 3454 celandum.
3420 3397 3622 3452 Divina
3653 3400 3718 3452 ta

2087 3501 2213 3542 men
2249 3486 2561 3558 dispositio
2606 3486 2872 3542 restituit
2930 3485 3074 3542 illud
3128 3485 3394 3542 ecclesiae
3450 3499 3576 3541 suae
3633 3484 3746 3540 hoc

2088 3576 2278 3634 modo.
2317 3575 2496 3631 Mater
2519 3573 2714 3630 domni
2779 3589 2942 3646 papae
2992 3574 3200 3630 Leonis
3255 3574 3324 3630 IX
3360 3574 3476 3644 (83)
3534 3571 3746 3628 venale

2088 3663 2232 3721 illud
2266 3663 2568 3720 inveniens
2593 3663 2755 3734 emit,
2792 3668 2850 3718 et
2881 3663 3070 3720 eidem
3104 3662 3220 3718 lilio
3261 3677 3369 3719 suo
3405 3667 3544 3718 tunc
3604 3662 3751 3718 Bru-

2089 3753 2245 3823 noni,
2278 3759 2341 3810 ut
2375 3753 2430 3808 in
2459 3766 2527 3809 eo
2549 3751 2804 3823 psalmos
2836 3751 3168 3808 addisceret
3193 3749 3555 3822 dispensavit
3592 3767 3606 3816 ;
3637 3749 3747 3806 sed

2088 3858 2218 3901 cum
2251 3843 2308 3898 in
2341 3841 2451 3898 alio
2482 3841 2749 3912 quolibet
2781 3840 3065 3910 psalterio
3095 3839 3352 3911 etplane
3399 3839 3652 3908 legeret,
3686 3847 3748 3896 et

2091 3931 2260 3988 facile
2276 3929 2429 4001 quod
2449 3927 3094 4000 discebat,redderet,in
3114 3926 3215 3983 illo
3235 3933 3462 3983 tantum
3485 3927 3749 3983 incurre-

2093 4021 2192 4076 bat
2217 4017 2370 4074 tales
2390 4017 2836 4086 oﬂ‘ensiones,ut
2858 4015 3035 4071 nimio
3059 4015 3236 4072 twdio
3263 4029 3293 4070 a
3314 4014 3574 4072 lectione
3587 4014 3750 4070 vide-

2091 4114 2256 4166 retur
2287 4105 2820 4164 deﬁcere.Nolebat
2847 4119 2998 4162 enim
3024 4103 3278 4175 Spiritus
3300 4105 3750 4174 sanctus,cujus

2092 4195 2403 4254 electionis
2426 4208 2530 4252 vas
2561 4193 2713 4251 idem
2749 4207 2892 4266 puer
2924 4194 3161 4250 futurus
3210 4199 3361 4262 erat,
3395 4207 3468 4248 ne
3497 4191 3750 4263 alicujus

2095 4283 2385 4355 sacrilegii
2415 4288 2694 4340 contactu
2716 4282 2808 4338 vel
2842 4283 3185 4352 ignoranter
3218 4281 3748 4338 contaminaretur.

2095 4376 2335 4432 Mirante
2358 4387 2496 4430 vero
2519 4375 2703 4428 matre
2738 4371 2824 4428 sic
2882 4371 3062 4429 filium
3107 4373 3164 4428 in
3207 4369 3490 4443 psalterio
3548 4368 3754 4425 adver-

2096 4463 2234 4534 sari,
2270 4461 2491 4519 audivit
2523 4460 2801 4531 vnlgante
2851 4460 2996 4518 fama
3059 4461 3239 4518 fuisse
3273 4458 3416 4515 illud
3478 4456 3753 4515 ecclesia;

2097 4551 2251 4612 beati
2277 4550 2542 4620 lluberti,
2567 4552 2625 4604 et
2649 4548 3341 4621 multiplicianathemate
3363 4561 3466 4620 per
3487 4545 3753 4602 diversas

344 4651 532 4724 stulit,
568 4657 624 4708 et
660 4650 869 4707 ibidem
903 4649 1088 4706 altare
1112 4647 1299 4739 sancti
1330 4647 1606 4719 Stephani
1661 4653 1987 4739 protomarf
2017 4679 2068 4739 Β
2099 4647 2372 4719 regiones
2403 4645 2693 4739 publicam
2725 4644 2854 4716 ejus
2885 4646 3264 4739 qumstionem
3297 4643 3446 4700 fieri.
3503 4642 3624 4698 Nec
3656 4639 3754 4739 diu

343 4741 494 4814 tyris
523 4739 856 4811 substituit,
899 4754 929 4795 a
953 4738 1209 4795 sinistris
1266 4751 1405 4796 vero
1434 4736 1768 4795 memoriam
1831 4735 1988 4794 beati
2017 4731 2063 4739 ⁷
2099 4737 2323 4791 morata
2357 4733 2426 4789 ad
2459 4732 2649 4790 locum
2673 4733 3404 4805 properavit,puerumque
3431 4743 3635 4790 secum
3660 4731 3756 4788 de-

347 4829 574 4886 Martini
609 4834 669 4886 ut
722 4829 913 4886 fuerat
944 4825 1202 4899 reliquit,
1237 4825 1569 4897 ibidemque
1618 4823 1991 4881 extrinsecus

348 4933 556 4976 novum
588 4918 910 4975 oratorium
939 4915 1256 4987 exstruxit,
1289 4913 1445 4986 quod
1478 4913 1695 4971 dicitur
1740 4911 1812 4969 ad
1864 4926 1995 4970 san-

349 5014 501 5066 ctam
527 5006 870 5078 Jerusalem,
913 5021 982 5064 eo
1011 5005 1164 5078 quod
1213 5002 1516 5062 dominicae
1559 5002 1878 5076 sepulturae
1934 5005 1994 5060 et

352 5095 804 5155 resurrectionis
835 5095 1134 5152 contineat
1154 5107 1492 5166 expressam
1527 5089 1990 5148 similitudinem.

351 5183 708 5242 Illuminavit
736 5199 966 5258 quoque
989 5184 1243 5242 oratoria
1285 5197 1413 5256 quae
1462 5183 1840 5238 exstruxerat
1874 5178 1999 5252 pul-

357 5273 664 5332 cherrimis
722 5273 1019 5346 fenestris,
1055 5273 1304 5345 quodam
1348 5272 1576 5342 Rogero
1611 5269 1902 5328 conducto
1927 5267 1999 5324 ab

2102 4823 2290 4894 duxit,
2319 4825 2378 4878 et
2397 4821 2824 4880 absolutionem
2845 4821 3020 4893 hujus
3050 4836 3173 4878 suae
3197 4819 3551 4890 ignorantiae
3570 4819 3754 4878 humi-

2104 4911 2240 4968 liter
2293 4909 2702 4982 expostnlans,
2746 4908 3092 4982 psalterium
3139 4907 3408 4965 ecclesiae
3472 4908 3749 4964 reddidit.

2105 4999 2334 5057 Obtulit
2363 4999 2538 5056 etiam
2561 5013 2667 5070 pro
2700 4997 3100 5056 satisfactione
3115 4995 3328 5053 librum
3363 5011 3546 5052 unum
3569 5009 3758 5055 sacra-

2106 5093 2454 5158 mentorum,
2489 5102 2584 5158 qui
2620 5090 2824 5158 postea
2848 5084 3102 5141 donatus
3133 5087 3226 5140 est
3259 5084 3538 5140 ecclesias
3573 5085 3757 5142 beata

2106 5191 2335 5255 semper
2367 5175 2610 5246 virginis
2641 5174 2850 5245 Mariae,
2873 5187 3000 5246 quae
3032 5187 3134 5230 sua
3159 5172 3275 5244 (84)
3305 5175 3392 5229 est
3427 5173 3592 5229 beati
3654 5174 3759 5229 llu-

2109 5265 2262 5323 berti
2293 5264 2446 5338 apud
2471 5263 2792 5322 Gabelium.

1931 5362 2158 5421 NOTAE.

447 5477 537 5544 80)
563 5477 797 5536 Anlier.
835 5477 909 5534 R.

447 5546 543 5626 _81)
575 5548 716 5626 Quis
731 5549 838 5626 hic
869 5547 1065 5626 fuerit,
1088 5559 1377 5626 nusquam
1409 5544 1600 5626 inveni
1628 5561 1642 5613 ;
1673 5557 1742 5602 eo
1765 5542 2001 5626 nomine

357 5615 621 5699 episcopi
655 5621 930 5699 Albarum
964 5615 1398 5699 Maritimarum,
1429 5618 1596 5699 Ζανςξ
1621 5615 1884 5699 repotia,
1943 5615 2000 5695 in

359 5687 663 5760 Dalmatia,
721 5696 781 5746 et
831 5689 1106 5760 Albarum
1163 5687 1465 5760 .luliarum,
1548 5687 1892 5760 Carisburg,
1923 5687 2002 5760 _in

2113 5473 2268 5526 1245.

2183 5539 2296 5613 (82)
2326 5535 2702 5613 Prumienses
2750 5534 3062 5608 aliquando
3127 5533 3542 5606 Andaginense
3575 5547 3763 5592 menso.

2113 5608 2360 5670 sterium
2391 5608 2617 5666 rexisse
2649 5609 2934 5664 feruntur.

2184 5683 2296 5754 (83)
2331 5679 2651 5754 Heilewide
2675 5683 2921 5754 vocatur
2967 5693 2998 5735 a
3058 5677 3343 5746 Wiberto,
3369 5676 3678 5736 comitissa
3699 5680 3762 5732 ut

359 5749 795 5829 Transylvania,
830 5759 1032 5816 nescio
1055 5773 1125 5814 an
1157 5758 1331 5816 etiam
1356 5749 1514 5829 Alba;
1548 5757 1759 5828 [lt-giae,
1791 5749 2004 5829 suae
2113 5749 2816 5829 feruntLDasburgensis.

361 5826 790 5899 weissenbwrg,
813 5829 902 5886 usi
932 5834 1086 5884 sunt.
1105 5830 1248 5885 Num
1272 5827 1515 5898 Belgrad
1538 5843 1591 5884 v.
1639 5826 1832 5899 “supra
1884 5826 1996 5883 col.

2185 5824 2298 5897 (8t)
2314 5821 2370 5882 Ἰ.
2402 5837 2454 5880 e.
2489 5821 2748 5896 propria.
