3968 6306
149 439 312 507 1869

1155 423 1631 498 CHRONICON
1661 422 1728 492 Β.
1761 420 2130 491 HUBERTI
2150 419 2540 488 ANDAGIN.

3395 407 3548 477 18⁸10

145 591 481 654 deserviret
509 585 922 647 monachorum
957 584 1216 656 utilitati,
1250 584 1385 642 licet
1414 583 1524 642 hoc
1553 583 1792 653 frustra,
1822 558 1882 623 Α
1909 581 2354 639 exhortantibus
2375 578 2569 648 cessit,
2603 580 2814 636 etcum
2837 568 3149 632 Godefrido
3171 565 3240 627 ad
3265 565 3543 626 scrinium

146 687 302 742 sicut
328 689 387 742 et
412 683 525 738 alia
553 681 738 736 omnia
773 693 935 750 pzene
970 677 1189 734 fecerit.
1221 678 1358 731 Nam
1382 675 1453 730 ab
1477 676 1706 744 abbate,
1734 678 1796 730 ut

149 775 576 840 destinaverat,
628 769 946 824 Virdunum
978 766 1288 834 deductus,
1340 779 1470 820 cum
1502 764 1688 820 adhuc
1717 763 1800 818 vi-

145 877 298 918 vens
328 861 544 917 ibidem
579 862 928 926 moraretur,
965 869 1343 926 qumcumque
1375 853 1716 924 promiserat
1745 851 1797 906 ei

149 951 438 1008 mentitus
492 955 582 1004 est
633 947 804 1015 ﬁlius,
847 951 906 1002 et
946 945 998 999 in
1034 944 1340 1014 dampnum
1393 943 1525 998 vitae
1574 957 1694 996 suae
1743 945 1802 996 et

146 1040 397 1096 honoris
416 1037 638 1093 oblitus
655 1041 743 1091 est
770 1033 1184 1090 misericordia
1204 1037 1264 1087 et
1280 1031 1566 1088 veritatis.
1593 1031 1802 1085 Factus

146 1127 305 1184 enim
332 1128 448 1197 jam
489 1131 692 1197 potens
721 1121 1070 1179 hereditatis
1104 1126 1382 1192 paternae,
1413 1119 1805 1176 dissimulavit

147 1215 489 1274 meminisse
513 1213 650 1283 quid
686 1227 747 1268 se
783 1215 1070 1283 przesente
1104 1215 1163 1264 et
1195 1209 1467 1266 laudante
1493 1209 1808 1280 deputave-

147 1312 243 1363 rat
268 1309 436 1376 pater
454 1300 838 1372 redemptioni
860 1299 1061 1354 anima:
1083 1313 1222 1355 suae.
1251 1299 1686 1367 Suggerebatur
1703 1302 1802 1354 eia

151 1392 508 1466 quibusdam
534 1403 772 1445 suorum
800 1401 1000 1443 revera
1028 1386 1365 1452 inﬁdelium,
1397 1387 1561 1456 quasi
1588 1385 1653 1441 ad
1679 1401 1808 1454 gra-

148 1483 319 1550 tiam,
371 1495 482 1536 non
537 1477 749 1535 debere
798 1491 926 1532 eum
981 1475 1224 1546 perdere
1276 1475 1520 1530 militum
1571 1487 1806 1531 suorum

153 1568 498 1636 amicitiam,
534 1565 588 1620 in
623 1578 790 1619 manu
840 1577 1038 1618 eorum
1091 1576 1250 1617 suam
1299 1549 1570 1618 constare
1617 1561 1808 1618 valen-

150 1658 322 1726 tiam,
349 1654 635 1712 defecisse
665 1657 886 1724 patrem
922 1665 1088 1706 suum
1117 1665 1144 1705 a
1171 1665 1348 1706 sensu
1377 1651 1609 1720 proprio
1635 1650 1688 1704 in
1714 1665 1810 1705 ex-

151 1745 384 1814 tremis,
440 1743 774 1798 consuleret
820 1740 1019 1810 potius
1067 1740 1244 1794 rebus
1275 1739 1417 1804 suis,
1451 1753 1618 1806 quam
1654 1737 1811 1794 illius

154 1834 593 1904 obtemperaret
615 1828 1033 1884 deliramentis.
1055 1828 1142 1881 Sic
1161 1825 1446 1880 deductus
1467 1840 1496 1881 a
1519 1827 1806 1882 sententia

1910 671 2200 727 dividendi
2225 671 2480 728 thesauri
2505 670 2598 724 vix
2621 667 2954 740 compulsus
2983 661 3254 720 accessit.
3289 654 3549 714 Godefri-

1907 758 2017 816 dus
2036 761 2246 816 ablatis
2264 760 2396 816 inde
2413 767 2530 828 sep'
2549 758 2800 826 ingentis
2819 753 3070 811 marchis
3089 747 3314 819 argenti
3338 746 3392 802 in
3417 757 3551 800 can-

1911 851 2186 919 delabris,
2221 851 2276 906 in
2303 849 2536 920 scyphis
2557 853 2610 903 et
2637 846 2902 905 scutellis
2924 843 3172 911 aliisque
3196 835 3550 896 utensilibus

1913 942 2108 1010 variis,
2139 939 2333 996 abbati
2367 942 2561 994 cetera
2596 937 2854 1006 reliquit.
2890 949 2954 990 ea
2989 937 3180 988 tamen
3213 923 3549 984 conditione

1915 1036 1977 1090 ut
2007 1047 2070 1088 ea
2105 1031 2440 1100 disponeret
2479 1031 2748 1096 respectu
2777 1021 3002 1080 consilii
3035 1019 3143 1076 sui.
3181 1013 3436 1073 Consilio
3470 1017 3554 1067 ta-

1915 1136 2040 1177 men
2066 1118 2409 1176 Heribrandi
2433 1114 2735 1173 castellani
2763 1112 3120 1179 aliorumque
3146 1104 3399 1161 ﬁdelium
3422 1113 3554 1158 suo-

1917 1227 2062 1277 rum,
2099 1209 2192 1278 qui
2227 1209 2277 1263 ei
2311 1210 2634 1275 suggerunt
2663 1217 2733 1260 ne
2773 1202 2856 1259 sic
2889 1200 3197 1256 inhumane
3225 1189 3552 1250 annullaret

1915 1298 2284 1357 elemosinam
2337 1295 2520 1366 patris
2551 1294 2636 1349 sui
2671 1306 2848 1348 super
2879 1287 3219 1361 praedictam
3273 1292 3554 1337 summam

1917 1387 2165 1456 argenti,
2224 1384 2512 1454 disposuit
2565 1381 2762 1438 abbati
2817 1383 2875 1434 et
2935 1373 3382 1433 successoribus
3435 1367 3560 1436 ejus

1921 1478 2132 1534 Bellam
2173 1474 2382 1531 vallem
2425 1474 2537 1544 (95)
2576 1485 2705 1527 cum
2749 1467 2960 1524 familia
2991 1467 3047 1520 et
3079 1464 3268 1518 banno
3297 1461 3355 1516 et
3383 1469 3564 1514 omm-

1920 1569 2029 1623 bus
2076 1566 2288 1621 ﬁnibus
2316 1568 2372 1620 et
2403 1560 2776 1628 acquestibus
2824 1555 2965 1623 suis,
3008 1552 3079 1608 ad
3119 1563 3266 1620 opus
3314 1547 3560 1602 fratrum

1920 1653 2372 1711 deservientium
2423 1654 2536 1706 Deo
2569 1649 2622 1702 in
2662 1645 2908 1702 ecclesia
2960 1639 3114 1697 beati
3161 1635 3353 1699 Petri;
3407 1629 3560 1702 quod

1920 1744 2150 1799 vadium
2183 1741 2378 1809 quiete
2407 1741 2478 1794 ab
2509 1737 2595 1793 eis
2625 1747 2953 1808 possessum
2987 1734 3075 1786 est
3105 1722 3375 1798 quamdiu
3410 1720 3558 1776 idem

1921 1830 2267 1886 Godei‘ridus
2291 1827 2551 1884 advixit;

155 1897 464 1980 servandas
497 1917 753 1990 pietatis,
787 1916 858 1972 de
889 1913 1248 1986 disponenda
1278 1913 1587 1970 elemosina
1627 1915 1808 1984 patris
1837 1913 1892 1974 B
1991 1923 2077 1975 2'.
2114 1919 2249 1988 (34.)
2285 1918 2420 1972 Erat
2451 1930 2562 1970 non
2601 1913 2773 1979 longe
2803 1926 2831 1966 a
2868 1904 3069 1975 majori
3101 1899 3349 1960 ecclesia
3387 1897 3561 1952 ﬁscus

155 2007 633 2081 interpellantem
655 2021 717 2062 se
737 2006 1003 2061 abbatem
1030 2002 1241 2060 callide
1263 2002 1589 2072 suspendit,
1616 2017 1810 2072 quam-

156 2100 257 2157 diu
293 2097 525 2170 quidem
560 2098 726 2167 pater
759 2092 1101 2162 supervixit.
1148 2091 1480 2160 Supervixit
1511 2105 1649 2146 vero
1692 2093 1810 2148 fere

157 2203 265 2262 per
299 2199 572 2242 mensem.
610 2182 850 2239 Virduni
886 2185 950 2236 13
989 2179 1271 2235 Kalendas
1295 2179 1546 2236 Januarii
1581 2179 1812 2236 terribi-

161 2277 302 2333 liter
355 2274 559 2332 caalum
611 2271 884 2337 intonuit,
921 2273 978 2324 et
1013 2270 1065 2323 in
1101 2268 1418 2324 crastinum
1459 2268 1574 2323 vita
1615 2269 1813 2324 deces-

160 2365 240 2422 sit
281 2363 403 2432 (an.
443 2365 600 2430 t069,
633 2361 768 2417 Dec.
803 2359 914 2428 2i).
957 2359 1111 2414 Tunc
1151 2357 1382 2412 tandem
1409 2355 1606 2424 junior
1635 2357 1813 2412 Gode-

161 2453 352 2510 fridus
375 2451 469 2522 qui
495 2455 651 2506 esset
675 2447 966 2518 apparuit,
987 2451 1044 2500 et
1071 2450 1412 2500 recurrcnte
1431 2444 1500 2499 ad
1520 2459 1582 2500 se
1602 2444 1810 2499 abbate

160 2557 270 2614 pro
299 2542 653 2596 testamento
676 2535 998 2592 ordinando
1021 2534 1278 2590 defuncti
1301 2535 1508 2604 patris,
1543 2548 1654 2589 non
1688 2538 1812 2588 tan.

161 2639 284 2688 tum
333 2627 640 2686 consilium
675 2633 722 2681 e-‘
763 2624 1042 2681 auxilium
1091 2637 1256 2678 suum
1293 2622 1375 2677 illi
1409 2623 1658 2691 negavit,
1707 2622 1809 2678 sed

161 2720 343 2776 etiam
375 2717 545 2773 minis
577 2719 632 2770 et
666 2714 896 2784 injuriis
925 2727 952 2767 a
987 2726 1050 2768 se
1095 2712 1538 2766 absterrendum
1570 2709 1616 2744 ³ο
1648 2715 1812 2781 puta-

157 2808 266 2864 vit.
296 2805 556 2862 Inferens
577 2801 838 2870 instanti,
858 2803 966 2857 hoc
987 2801 1281 2868 negotium
1308 2814 1416 2856 non
1443 2798 1568 2867 ejus
1595 2802 1810 2869 tempo-

160 2897 245 2954 ris
267 2909 422 2960 esse,
453 2907 604 2949 nunc
628 2906 738 2946 non
765 2905 883 2946 suae
911 2889 1148 2946 utilitati
1179 2889 1490 2944 convenire
1524 2886 1810 2942 monachi-

158 3000 288 3044 cam
339 2980 848 3048 congregationem
905 2978 1247 3048 disponere,
1299 2981 1358 3031 et
1410 2975 1670 3032 militiam
1720 2977 1805 3032 sui

163 3071 492 3132 ducaminis
514 3074 899 3141 postponere;
933 3081 1059 3137 quae
1085 3066 1164 3122 illi
1193 3071 1355 3136 pater
1378 3065 1631 3122 curanda
1655 3079 1810 3120 com-

163 3163 412 3219 miserat
437 3161 581 3215 bene
603 3159 859 3218 curaret.
891 3155 1137 3212 alterius
1161 3154 1502 3210 intentionis
1523 3169 1718 3210 curam
1745 3167 1808 3210 se

1923 1987 2263 2063 Caviniaeus
2313 2004 2426 2074 (96)
2475 2017 2544 2059 ex
2577 1997 2925 2073 patrimonio
2972 1988 3267 2049 Richeldis
3312 1987 3566 2074 Monteu-

1921 2097 2004 2153 sis
2033 2095 2370 2162 comitissze,
2405 2071 2532 2162 quae
2564 2071 2798 2145 viduata
2839 2082 3118 2141 Balduino
3153 2080 3365 2150 juvene
3403 2071 3568 2129 Flau-

1923 2185 2220 2240 drensium
2272 2181 2483 2237 comite
2531 2180 2651 2245 (an.
2702 2177 2884 2246 1070),
2939 2168 3214 2226 Flandras
3264 2163 3562 2226 amiserat,

1921 2273 2116 2328 occiso
2151 2271 2266 2325 ﬁlio
2299 2284 2403 2326 suo
2437 2267 2675 2323 Arnull‘o
2703 2280 2730 2320 a
2765 2269 2974 2334 patruo
3002 2259 3130 2329 ejus
3161 2255 3421 2310 Roberto
3449 2245 3570 2304 Fri-

1923 2377 2064 2418 sone
2097 2362 2216 2429 (an.
2247 2363 2402 2418 1071,
2430 2355 2561 2413 Feb.
2589 2354 2700 2418 22),
2734 2366 2836 2423 per
2866 2361 3070 2404 manus
3097 2337 3563 2429 cujusdamGer-

1924 2426 2162 2505 badouis
2193 2447 2255 2502 ‘°.
2291 2446 2394 2510 Qui
2438 2442 2721 2499 Gerbaldo
2752 2454 2862 2495 non
2896 2434 3080 2492 multo
3117 2435 3250 2504 post
3289 2426 3566 2484 confusus

1921 2535 2274 2592 conscientia
2311 2539 2490 2588 tanta;
2524 2528 2826 2596 injustitiie
2857 2529 2918 2581 et
2953 2518 3300 2579 temeritatis
3329 2516 3566 2570 Romam

1920 2624 2110 2697 petiit,
2145 2628 2206 2677 ct
2239 2637 2441 2677 manus
2475 2619 2686 2686 quibus
2719 2613 3010 2669 dominum
3055 2621 3220 2665 suum
3264 2600 3572 2658 interfece-

1922 2687 2011 2768 rat
2038 2713 2248 2766 domno
2279 2725 2342 2779 pa
2355 2723 2438 2779 pie
2461 2704 2740 2769 Gregorio
2761 2701 2878 2769 Vll,
2915 2713 3020 2770 pro
3047 2691 3386 2768 poenitentia
3419 2687 3571 2756 ejus-

1921 2801 2050 2855 dem
2074 2798 2337 2855 criminis
2361 2791 2792 2852 detruncandas
2822 2787 3057 2844 obtulit.
3095 2779 3409 2851 Gregorius
3437 2789 3572 2833 exe-

1921 2887 2213 2943 cutionem
2248 2885 2420 2950 hujus
2450 2877 2913 2938 detruncationis
2942 2873 3220 2942 magistro
3248 2874 3569 2950 coquorum

1920 2988 2157 3031 suorum
2192 2946 2422 3043 publice
2452 2966 2764 3024 commisit.
2801 2963 3022 3020 Educto
3047 2955 3392 3014 Gerbodone
3423 2946 3572 3043 “ad

1917 3077 2144 3134 poenam
2194 3034 2372 3132 quam
2427 3057 2766 3114 decreverat
2819 3052 2961 3122 pati,
3011 3045 3357 3120 praedictum
3407 3034 3570 3134 mini‘

1920 3123 2104 3210 atrum
2128 3123 2274 3222 papa
2303 3145 2562 3204 revocari
2592 3141 2890 3215 praseepit,
2912 3139 3083 3208 eique
3105 3135 3338 3192 secreto
3361 3123 3577 3185 edixit-

164 3249 434 3308 actitare.
483 3247 672 3302 Talem
713 3248 946 3313 tamque
989 3245 1237 3300 subitam
1275 3257 1464 3298 rerum
1496 3249 1812 3298 comniuta-
1843 3267 1892 3325 α
1923 3247 1983 3298 ut
2019 3239 2064 3296 si
2097 3213 2325 3294 elevato
2360 3237 2514 3292 ferro
2545 3213 2740 3302 aliquo
2781 3213 2950 3285 modo
2990 3223 3256 3282 manibus
3298 3215 3474 3274 motis
3501 3213 3573 3270 ti-

165 3339 388 3395 tionem
411 3335 590 3393 abbas
613 3333 939 3404 obstupuit,
975 3335 1031 3388 et
1062 3332 1226 3403 quasi
1250 3336 1568 3387 monstrum
1591 3330 1674 3386 sic
1696 3344 1726 3384 a
1749 3343 1814 3386 se
1844 3307 1892 3325 υ
1923 3329 2160 3385 tubaret
2191 3325 2469 3382 continuo
2498 3337 2598 3378 eas
2631 3317 2946 3382 incideret;
2988 3315 3031 3372 si
3063 3326 3202 3368 vero
3229 3307 3573 3366 constanter

169 3427 468 3486 diversum
502 3422 836 3492 indignatus
865 3419 1184 3476 exhorruit.
1218 3420 1295 3473 Ne
1329 3425 1516 3474 tamen
1546 3433 1646 3490 per
1671 3418 1815 3474 hanc

168 3513 466 3585 repulsam
509 3512 811 3568 videretur
851 3507 1133 3565 defecisse
1165 3523 1194 3564 a
1231 3508 1508 3580 promissa
1549 3506 1660 3563 ﬁde
1702 3521 1819 3563 ser-

167 3602 381 3671 vanda,
433 3599 858 3656 Heribrandum
908 3597 1197 3653 seniorem
1247 3599 1596 3664 ceterosque
1647 3608 1820 3666 pares

167 3691 371 3762 castri,
422 3705 569 3761 quos
618 3687 848 3744 ﬁdelius
899 3686 1101 3742 ducem
1152 3685 1407 3742 coluisse
1459 3685 1821 3755 meminerat,

169 3777 594 3850 interpellavit,
629 3780 693 3832 ut
724 3790 920 3831 secum
953 3773 1023 3830 de
1057 3775 1291 3843 negotio
1337 3773 1521 3844 patris
1565 3773 1826 3829 Godet‘ri-

171 3868 307 3926 dum
350 3865 926 3924 adratiocinarentur
966 3877 1069 3919 eos
1109 3861 1408 3918 conduxit.
1459 3861 1561 3917 Ille
1591 3861 1824 3917 tandem

170 3956 397 4030 pudore
429 3955 751 4021 convictus,
798 3951 1101 4021 respondit
1136 3949 1536 4020 possessiones
1574 3949 1828 4006 denomi-

173 4041 367 4114 nat'as,
402 4057 546 4115 quas
577 4036 793 4097 milites
823 4039 910 4096 sui
945 4037 1362 4109 stipendiarias
1409 4037 1708 4102 tenebant,
1764 4050 1828 4094 se

172 4147 280 4192 nec
315 4131 465 4190 velle
495 4145 600 4188 nec
631 4143 802 4202 posse
834 4128 1182 4186 subtrahere
1214 4126 1570 4195 tenentibus,
1600 4126 1832 4182 Astine-

173 4227 296 4278 tum
331 4221 446 4289 (94)
478 4232 616 4274 vero
646 4231 775 4274 cum
811 4217 998 4272 banno
1021 4221 1078 4270 et
1101 4213 1380 4270 comitatu
1407 4214 1463 4268 et
1487 4211 1639 4266 omni
1675 4211 1834 4266 fami-

179 4310 249 4365 lia
298 4312 359 4365 et
407 4313 658 4379 quaestu,
691 4310 750 4360 et
800 4304 1224 4361 denominatam
1280 4306 1501 4370 partem
1554 4300 1828 4370 Chevoni,

179 4394 485 4454 bannalem
516 4407 748 4464 quoque
779 4393 1036 4449 cambam
1075 4387 1442 4446 Bulouiensis
1480 4387 1668 4457 burgi,
1703 4402 1830 4458 quas

179 4481 401 4539 nullius
441 4485 609 4537 erant
651 4479 822 4546 feodi,
865 4477 1196 4536 elemosinae
1237 4477 1420 4547 patris
1453 4476 1546 4531 sui
1576 4490 1637 4531 se
1671 4490 1831 4532 reco-

177 4584 462 4641 gnoscere
503 4574 560 4625 et
601 4566 965 4636 conﬁrmare,
1001 4565 1268 4622 relictum
1310 4579 1451 4620 vero
1492 4564 1828 4620 thesaurum

176 4673 370 4717 rerum
415 4657 542 4728 ejus
584 4655 879 4713 mobilium
913 4655 965 4710 in
1011 4655 1320 4725 praesentia
1351 4667 1552 4709 eorum
1587 4666 1648 4708 se
1682 4651 1832 4708 velle

178 4761 309 4804 cum
361 4746 574 4803 abbate
624 4743 915 4811 dividere;
965 4743 1073 4799 hoc
1105 4743 1188 4798 illi
1221 4743 1331 4812 iam
1364 4741 1676 4809 sufﬁceret,
1727 4755 1831 4796 nec

181 4849 243 4892 se
275 4833 528 4904 amplius
558 4847 735 4902 super
774 4832 886 4888 hiis
925 4832 1282 4887 molestaret.
1336 4828 1696 4884 Adhortatus
1737 4829 1832 4883 ab-

181 4923 288 4978 bas
324 4927 387 4978 ut
418 4919 649 4976 interim
683 4934 810 4990 quae
841 4920 1314 4977 concedebantur
1343 4917 1692 4988 susciperet,
1735 4930 1831 4972 ne-

182 5024 295 5081 que
312 5009 584 5080 juvenem
609 5006 955 5078 quandoque
981 5007 1397 5064 meliorandum
1422 5008 1824 5076 exasperaret,

1926 3415 2296 3488 persisteret,
2345 3410 2644 3485 patientiae
2682 3403 3060 3480 persistentis
3101 3398 3299 3456 statim
3342 3395 3574 3450 retento

1931 3481 2046 3562 ictu
2085 3481 2372 3575 parceret,
2403 3497 2672 3556 Gerbodo
2703 3495 2773 3553 ad
2807 3495 2986 3552 ictum
3033 3487 3313 3562 perstitit,
3355 3481 3581 3541 statim-

1932 3609 2042 3664 que
2077 3591 2420 3648 incolumem
2454 3589 2770 3658 deputatus
2811 3593 3126 3654 percursor
3165 3588 3331 3664 papae
3369 3581 3580 3664 repra-

1933 3655 2203 3738 seiitavit.
2243 3679 2492 3732 laetatus
2526 3655 2668 3743 papa
2695 3671 2780 3726 sic
2805 3665 3146 3740 provenisse
3179 3655 3578 3732 paenitentiam

1934 3765 2312 3831 Gerbodonis,
2367 3774 2569 3817 manus
2614 3773 2758 3828 quas
2806 3749 3237 3812 detruncandas
3283 3743 3581 3803 obtulerat

1931 3855 2046 3925 jam
2095 3867 2203 3908 non
2253 3864 2385 3908 suas
2433 3847 2536 3915 sed
2581 3843 2804 3902 Domini
2856 3854 2984 3898 esse
3026 3833 3331 3906 judicavit,
3363 3843 3583 3902 praece-

1940 3919 2139 4014 pitque
2180 3940 2228 3996 ei
2274 3943 2334 3994 ut
2377 3951 2479 4006 per
2521 3932 2816 3990 dominum
2866 3931 3158 3996 Hugonem
3211 3919 3578 4014 Cluniense-m

1939 4003 2206 4086 abbatem
2259 4003 2580 4090 revertens,
2637 4019 2880 4077 referret
2923 4015 2973 4073 ei
3017 4025 3242 4070 omnem
3295 4006 3374 4062 rei
3428 4003 3582 4062 ordi-

1940 4133 2088 4186 nem,
2124 4129 2298 4186 seque
2326 4113 2450 4182 ejus
2480 4107 2721 4167 consilio
2750 4105 3038 4163 crederet.
3075 4099 3176 4156 Ille
3208 4096 3281 4153 ad
3311 4095 3581 4153 abbatem

1939 4184 2372 4272 veniens,‘ejus
2416 4194 2925 4256 exhortationibus
2971 4187 3242 4255 credidit,
3285 4188 3345 4241 et
3375 4184 3581 4272 postea

1941 4269 2190 4350 eximius
2223 4269 2332 4345 sub
2363 4303 2432 4344 eo
2465 4284 2780 4342 monachus
2829 4278 3043 4338 claruit
3091 4274 3226 4346 (97).
3277 4269 3582 4330 Comitissa

1942 4394 2082 4435 vero
2121 4378 2311 4448 gratia
2354 4375 2634 4432 Flandras
2676 4365 3082 4441 recuperandi,
3114 4368 3174 4420 et
3207 4361 3386 4418 illium
3418 4370 3584 4414 suum

1943 4466 2196 4523 occisum
2231 4461 2584 4525 vindicandi,
2625 4457 2950 4528 Philippum
2983 4455 3334 4508 Francorum
3365 4455 3582 4513 regem,

1945 4555 2133 4627 ipsum
2169 4564 2396 4622 quoque
2428 4547 2800 4604 Godel‘ridum
2843 4543 3046 4598 ducem
3079 4543 3139 4592 et
3168 4533 3466 4590 Albertum
3496 4542 3590 4584 co-

1947 4651 2140 4707 mitem
2189 4651 2604 4704 Namueensem
2656 4639 2982 4707 multosque
3023 4633 3172 4689 alios
3205 4624 3588 4694 Lotharingim

1943 4744 2002 4795 et
2033 4737 2288 4793 Franciae
2319 4733 2615 4805 principes
2643 4728 2927 4784 adversus
2957 4721 3284 4805 Robertum
3305 4711 3584 4805 condixit,

1947 4831 2144 4880 taxato
2167 4801 2414 4892 singulis
2437 4801 2624 4890 pretio
2647 4815 2903 4885 ejusdem
2933 4803 3340 4866 condictionis.
3375 4801 3584 4892 Fuerat

1943 4918 2135 4970 autem
2160 4886 2478 4983 praedictus
2510 4906 2690 4962 abbas
2721 4901 2892 4970 longo
2925 4902 3059 4954 ante
3089 4900 3353 4983 tempore
3377 4893 3438 4944 et
3463 4886 3588 4944 Bal-

1942 5001 2120 5058 duino
2159 4979 2217 5055 ét
2259 4994 2520 5053 Ricbeldi
2571 4992 2716 5048 adeo
2767 4984 3068 5045 familiaris
3104 4987 3165 5038 et
3204 4979 3458 5035 dilectus
3524 4979 3590 5031 ut

1546 5133 1780 5192 VARI/ﬁ
1798 5133 1804 5140 ’
1823 5133 2220 5190 LECTIONES.

253 5237 301 5274 ”
332 5235 789 5296 absteruendum
825 5241 873 5293 t.
953 5235 998 5270 ⁸⁰
1026 5237 1118 5294 ita
1149 5241 1198 5290 1'

1783 5354 2002 5411 ΝΟΤᾹΞ.

435 5493 728 5566 Assem?”
797 5491 1216 5610 “.05009’Ws
1283 5491 1449 5562 juxta
1519 5487 1832 5546 Sedanum.

257 5635 374 5708 (95)
440 5633 840 5708 ριεζιζθτριειιτιαν)ζ
857 5634 923 5690 Β.

259 5701 376 5778 (96)
449 5701 778 5776 οὴέυίρην.
811 5705 875 5761 R.

2021 5483 2136 5555 (97)
2167 5479 2468 5555 Arnulfum
2499 5492 2528 5534 a
2563 5469 3330 5555 Gerbodone‘intert‘ectumL
3347 5467 3593 5555 ,e‘sseket

1951 5535 2133 5612 totam
2159 5535 2233 5610 de
2252 5535 2361 5610 hoc
2385 5535 2778 5606 narrationem
2810 5541 3030 5600 eisdem
3056 5542 3175 5598 fere
3199 5537 3396 5612 verbis
3421 5535 3596 5612 refert

1955 5603 2649 5683 EsiSbQEiaé'iRciim.
2690 5613 3022 5684 Hannoniae,
3055 5613 3146 5669 ed.
3183 5613 3264 5667 Du
3297 5603 3601 5666 Cbasteler

1956 5714 2010 5770 p.
2043 5701 2095 5767 6,
2124 5698 2180 5752 7.
