3968 6372
394 507 540 582 1371

1396 509 1875 582 αΗιειοΝιοοΝ
1905 508 1972 579 8.
2005 505 2373 578 HUBERTI
2400 506 2796 578 ANDAGIN.

3657 512 3806 575 18⁸ἷῖ

388 665 734 730 multotiens
785 669 858 728 ab
901 667 986 728 eis
1035 667 1334 741 exoratus,
1386 666 1723 742 aliquandiu
1773 666 2040 726 Flandris
2067 647 2124 712 Α
2152 663 2343 736 ciniis,
2375 679 2506 723 cum
2535 681 2607 724 ex
2633 665 2744 725 hoc
2783 664 2925 724 nihil
2967 665 3094 740 ipse
3137 664 3472 739 profecerit,
3513 662 3804 725 callidiori

388 761 719 816 moraretur
749 773 878 816 eum
915 758 1046 830 illis,
1082 764 1142 814 et
1172 763 1389 832 preter
1422 757 1601 814 multa
1648 755 1884 814 donaria
1917 757 2041 828 qui-

391 847 499 904 bus
553 847 625 904 ab
677 852 928 919 utroque
975 847 1208 905 redibat
1255 847 1598 916 honoratus,
1645 847 1760 902 duo
1802 845 2035 912 allodia,

390 935 614 994 scilicet
637 935 994 993 Sulmodium
1019 939 1132 1008 (98)
1155 936 1300 994 satis
1318 936 1655 1006 contiguum
1683 935 2038 992 monasterio

382 1027 441 1080 et
481 1025 694 1081 Tavers
731 1023 787 1080 in
828 1025 1134 1094 Hasbania,
1183 1024 1354 1094 legali
1406 1023 1720 1080 donatione
1769 1021 2038 1080 ecclesia

387 1113 542 1169 beati
575 1113 817 1170 Huberti
851 1114 907 1170 in
935 1118 1281 1185 perpetuum
1313 1111 1524 1169 collata
1557 1113 1824 1184 optinere
1856 1125 2035 1169 mere—

388 1205 550 1256 retur
570 1200 702 1272 (99).
726 1203 942 1258 Etcum
959 1201 1220 1258 eamdem
1242 1201 1598 1258 comitissam
1622 1201 1761 1256 licet
1782 1216 1812 1258 a
1838 1201 2036 1272 priore

385 1293 678 1360 potestate
737 1287 1018 1360 dejectam
1073 1289 1289 1361 saepius
1343 1295 1534 1346 tamen
1593 1290 1900 1358 reviseret,
1965 1305 2037 1361 ex

385 1376 565 1448 priori
596 1377 847 1434 amicitia
879 1360 1189 1435 occasione
1220 1377 1516 1450 praadictte
1547 1377 1955 1435 conductionis
1992 1360 2035 1410 ⁴¹

384 1463 753 1522 Caviniacum
784 1465 985 1522 fiscum
1011 1464 1106 1521 illa
1131 1465 1182 1521 ei
1207 1467 1263 1521 in
1290 1466 1460 1522 vadio
1493 1465 1894 1537 accipiendum
1929 1480 2036 1537 per

381 1551 750 1609 Lambertum
798 1554 1073 1624 majorem
1123 1553 1356 1610 obtulit.
1411 1554 1664 1611 Lanatus
1705 1555 1886 1610 abbas
1921 1549 2034 1611 sibi

380 1639 579 1698 offerri
627 1640 1018 1713 Caviniacum,
1065 1657 1232 1713 quem
1280 1642 1394 1713 jam
1444 1642 1545 1700 diu
1590 1641 2032 1700 desideraverat

379 1727 647 1786 ecclesiae
679 1730 1115 1800 acquirendum,
1150 1737 1435 1801 praesente
1465 1735 1524 1786 et
1559 1736 1850 1787 annuente
1887 1731 2035 1789 duce

381 1815 693 1874 Godefrido
731 1818 1078 1888 quingentos
1118 1818 1406 1876 bizantios
1447 1821 1574 1878 auri
1610 1821 1681 1877 de
1714 1819 2030 1877 elemosina

378 1905 562 1975 patris
616 1907 704 1962 sui
765 1906 1070 1963 Caviniaco
1128 1909 1532 1980 superposuit,
1583 1913 1641 1965 et
1693 1909 1776 1966 sic
1826 1909 2028 1966 flscum

2152 755 2453 812 aversione
2502 755 2893 814 imminentem
2945 755 3058 814 sibi
3105 757 3302 814 acrius
3349 757 3539 814 vitare
3591 755 3800 829 erepit.

2152 845 2403 901 Coactus
2424 845 2656 901 tandem
2681 845 2862 902 abbas
2883 847 2954 902 de
2975 861 3044 902 eo
3065 846 3400 918 desperare,
3429 849 3490 902 ut
3515 849 3651 902 erat
3673 844 3808 901 ami-

2149 931 2426 989 cissimus
2461 931 2693 989 domino
2734 934 3082 991 Herimanno
3119 934 3460 992 Meteusium
3498 933 3803 1006 episcopo,

2152 1018 2444 1092 disposuit
2469 1036 2598 1078 cum
2620 1037 2690 1079 eo
2710 1023 2947 1078 Romam
2973 1022 3058 1078 ire
3081 1022 3249 1094 (102),
3271 1022 3474 1080 volens
3497 1022 3571 1078 de
3588 1026 3806 1080 eventu

2149 1123 2342 1165 rerum
2397 1124 2598 1182 papam
2651 1111 2988 1181 Gregorium
3043 1111 3138 1166 Vll
3189 1109 3519 1180 consulere,
3555 1115 3614 1166 et
3652 1109 3806 1167 inter

2147 1196 2399 1254 eundum
2434 1197 2505 1255 de
2534 1197 2751 1256 eisdem
2791 1213 2962 1270 agere
3006 1213 3136 1256 cum
3179 1198 3496 1256 marchissa
3537 1198 3805 1255 Beatrice

2147 1285 2270 1356 (an.
2309 1286 2490 1357 1074).
2528 1288 2776 1357 ingressi
2830 1287 2978 1343 viam
3029 1288 3224 1344 Romae
3274 1301 3447 1359 pasca
3495 1285 3805 1344 celebrare

2147 1374 2474 1445 certabant,
2526 1373 2626 1431 sed
2684 1374 3054 1432 tardantibus
3112 1389 3214 1433 eos
3271 1374 3644 1448 quibusdam,
3707 1374 3804 1446 qui

2148 1460 2396 1518 obsonia
2417 1462 2696 1534 episcOpo
2718 1464 2989 1520 certatim
3016 1463 3446 1536 impendebant,
3481 1463 3554 1520 ad
3581 1463 3804 1520 Lunen-

2146 1564 2264 1608 sem
2291 1557 2521 1622 portuiii
2547 1560 2941 1624 pervenerunt
2974 1553 3212 1624 majoris
3240 1552 3623 1610 hebdomade
3656 1551 3802 1610 feria

2147 1639 2344 1708 quinta
2379 1639 2539 1710 (Apr.
2569 1642 2676 1712 17).
2715 1641 2796 1696 lbi
2821 1641 3079 1698 occurrit
3109 1641 3226 1698 illis
3252 1640 3484 1710 legatus
3517 1639 3804 1697 marchis-

2146 1739 2225 1782 ste
2253 1726 2555 1797 Beatricis,
2587 1744 2716 1784 cuin
2749 1730 3025 1801 precibus
3050 1729 3225 1785 etiam
3255 1728 3386 1785 ﬁliai
3417 1728 3547 1799 ejus
3573 1727 3806 1786 Mathil-

2147 1811 2257 1884 dis,
2303 1819 2365 1871 ut
2409 1817 2569 1873 Pisas
2604 1817 2986 1888 diverterent,
3034 1822 3092 1873 ut
3134 1817 3284 1889 apud
3323 1830 3426 1873 eas
3471 1817 3802 1888 proximum

2148 1915 2318 1974 pasca
2335 1903 2873 1976 solleinpnizarent.
2895 1904 3209 1962 Consultus
3221 1905 3404 1962 abbas
3422 1905 3496 1961 ab
3514 1906 3801 1979 episcopo

377 1994 643 2050 eumdem
693 1995 925 2052 interim
956 1996 1066 2052 sub
1099 1997 1354 2053 testibus
1403 1997 1698 2068 legitimis,
1755 1998 1944 2054 videlii

2233 1989 2284 2046 id
2317 1989 2450 2047 inde
2476 1991 2780 2049 videretur
2801 1993 2930 2063 sibi,
2968 1993 3269 2066 respondit
3303 1991 3402 2049 ille
3432 2007 3546 2050 non
3578 1993 3800 2052 debere

379 2081 652 2152 Segardo,
689 2082 950 2152 Arnulfo,
985 2084 1259 2154 Gozuino,
1285 2091 1342 2141 et
1365 2085 1688 2156 Tictboldo,
1719 2086 1771 2140 in
1796 2085 2029 2143 vadium

377 2171 618 2232 accepit.
647 2171 944 2228 Richeldis
967 2185 1106 2229 vero
1131 2187 1260 2229 cum
1284 2174 1518 2230 amissis
1540 2177 1626 2230 tot
1649 2174 1924 2246 expensis
1948 2175 2031 2230 ni"

377 2257 494 2314 ehil
527 2259 894 2331 profecisset,
937 2261 1136 2330 fugato
1167 2261 1341 2317 etiam
1377 2261 1645 2334 Philippo
1677 2269 2027 2319 Francorum

376 2360 513 2416 rege
546 2362 575 2403 a
609 2348 868 2404 Roberto
901 2349 1160 2418 Frisone,
1194 2349 1265 2406 ad
1299 2350 1595 2406 dominum
1629 2349 2024 2407 Theoduinum

373 2433 740 2492 Leodiensem
772 2436 1110 2506 episcopum
1146 2451 1210 2493 se
1238 2437 1511 2506 contulit,
1547 2443 1606 2492 ct
1636 2439 1691 2494 ei
1724 2439 2024 2495 Montense

373 2525 631 2578 castrum
674 2537 801 2578 cum
844 2524 996 2579 omni
1040 2525 1258 2582 honore
1290 2523 1372 2581 illi
1413 2526 1682 2596 subjecto
1709 2525 1776 2596 “,
1808 2531 2023 2584 sancta

377 2609 566 2666 Mariae
607 2615 927 2682 sanctoque
969 2613 1273 2669 Lamberto
1312 2613 1577 2670 eumdem
1609 2613 1846 2670 obtulit.
1884 2615 2022 2682 Quae

375 2698 665 2770 coemptio
723 2699 1004 2756 ecclesias
1065 2699 1348 2772 episcopii
1418 2700 1619 2758 afﬂixit
1677 2703 2022 2772 gravissime

374 2783 630 2858 (100-1),
691 2792 950 2843 nostram
1015 2802 1243 2859 quoque
1311 2787 1587 2860 spoliavit
1647 2804 1717 2846 ex
1775 2791 2020 2849 maxima

374 2877 558 2944 parte.
591 2875 938 2932 lntendebat
962 2875 1112 2932 enim
1155 2875 1454 2934 comitissa
1496 2878 1724 2935 viribus
1762 2877 2018 2949 episcopi

371 2959 654 3019 adversus
704 2961 1019 3020 Robertum
1054 2978 1118 3020 se
1157 2963 1375 3036 aliquid
1429 2980 1600 3036 posse
1650 2965 1860 3036 moliri,
1915 2964 2018 3022 sed

370 3061 482 3104 non
517 3048 842 3122 praevaluit.
877 3050 1188 3110 Venditum
1220 3055 1411 3108 tamen
1443 3059 1701 3110 castrum
1734 3067 1862 3109 cum
1896 3052 2020 3110 suis

372 3137 726 3209 appenditiis
757 3138 812 3194 in
843 3137 1074 3196 feodum
1108 3139 1351 3212 recepit.

366 3236 390 3249 °
435 3245 525 3298 25.
559 3242 696 3314 (35.)
728 3243 1116 3303 Grassabatur
1143 3245 1363 3302 interea
1394 3245 1705 3304 discidium
1733 3247 1889 3303 inter
1921 3248 2019 3304 ab-

2141 2077 2372 2146 gravari
2393 2076 2785 2148 dignationem
2808 2093 3026 2150 magna:
3045 2079 3368 2153 petitionis,
3393 2093 3584 2151 neque
3603 2081 3802 2136 differ-

2141 2169 2230 2220 ret
2262 2164 2546 2223 invitatus
2577 2181 2908 2236 occiirrere,
2939 2182 3068 2224 cum
3091 2168 3390 2238 negotium
3415 2167 3669 2226 adeundi
3693 2183 3799 2226 eas

2139 2251 2503 2312 incumberet
2538 2257 2822 2328 utrisque.
2857 2257 2951 2314 Sic
2973 2255 3337 2314 divertentes
3357 2257 3524 2314 Pisas
3547 2257 3799 2314 honora-

2138 2340 2338 2398 biliter
2378 2345 2637 2416 suscepti
2679 2350 2818 2402 sunt
2847 2359 2876 2401 a
2909 2351 3094 2402 matre
3135 2349 3193 2402 et
3225 2360 3256 2402 a
3285 2345 3426 2416 filia,
3467 2346 3616 2403 satis
3654 2347 3799 2404 emi-

2135 2431 2436 2488 nentiores
2461 2434 2678 2490 ceteris
2707 2433 3030 2490 curialibus
3058 2433 3246 2490 habiti
3277 2433 3335 2489 in
3365 2433 3571 2492 eadem
3602 2436 3792 2492 curia.

2134 2517 2194 2573 In
2226 2518 2597 2576 exsolvendis
2645 2519 2980 2592 pascalibus
3027 2521 3230 2578 oﬂiciis
3279 2526 3679 2579 convenerant
3709 2524 3795 2580 ibi

2131 2611 2356 2678 septem
2389 2609 2674 2680 episcopi,
2709 2609 2936 2680 biisque
2966 2609 3238 2666 omnibus
3265 2611 3616 2682 postpositis
3641 2611 3798 2670 cele-

2131 2691 2318 2750 britas
2341 2695 2650 2752 missarum
2673 2695 2978 2754 dominicae
2999 2697 3458 2754 resurrectionis
3481 2699 3605 2770 (ait.
3629 2703 3792 2769 1076,

2127 2781 2273 2853 Apr.
2307 2786 2416 2842 20.)
2461 2784 2657 2840 oblata
2688 2789 2783 2841 est
2809 2784 3030 2856 agenda
3064 2785 3415 2842 Herimanno
3441 2788 3790 2844 Metensium

2128 2869 2427 2944 episeopo.
2459 2871 2704 2930 Videres
2726 2878 2944 2944 praeter
2965 2873 3331 2930 saecularium
3361 2873 3792 2932 confluentium

2130 2958 2487 3030 multiplices
2513 2959 2750 3030 glorias,
2786 2961 3140 3018 clericorum
3170 2961 3386 3018 diversi
3417 2963 3646 3020 ordinis
3677 2963 3794 3020 fre-

2129 3046 2446 3117 quentiam,
2484 3047 2878 3104 ecclesiastici
2919 3049 3228 3106 ministerii
3269 3063 3408 3106 vasa
3446 3050 3575 3107 auri
3612 3055 3670 3106 et
3701 3065 3794 3108 ar-

2125 3133 2286 3204 genti
2320 3135 2766 3206 quamplurima,
2801 3136 3019 3193 diversi
3053 3142 3372 3208 apparatus
3396 3142 3598 3194 vestes
3621 3153 3794 3210 pere.

2125 3221 2343 3291 grinas,
2380 3222 2703 3279 Beatricem
2736 3227 2797 3279 et
2826 3224 3157 3280 Mathildem
3189 3225 3586 3297 procedentes
3615 3229 3790 3298 quasi

372 3330 561 3387 batem
583 3336 645 3388 et
665 3331 892 3402 ducem,
925 3333 1070 3390 duce
1101 3333 1332 3404 quidem
1359 3350 1387 3390 a
1417 3334 1525 3390 fide
1551 3336 1700 3406 patri
1729 3335 1939 3407 promis

2221 3318 2430 3407 quadam
2482 3318 2896 3407 dominationis
2945 3321 3356 3391 praefecturas.
3403 3322 3788 3395 EpiscOpoin

367 3419 598 3477 omnino
622 3419 949 3488 deﬁciente,
977 3421 1189 3477 abbate
1212 3436 1348 3479 vero
1373 3429 1433 3479 ut
1455 3437 1578 3479 eam
1602 3423 1930 3480 exsolveret
1960 3423 2014 3478 in

367 3507 804 3578 emancipandis
835 3507 1122 3565 condictis
1161 3510 1233 3565 ab
1273 3525 1344 3566 eo
1385 3511 1855 3580 possessionibus
1885 3525 2018 3568 con-

368 3599 596 3650 stanter
612 3595 900 3664 exigente.
923 3595 1034 3652 Sed
1053 3610 1240 3668 neque
1263 3597 1539 3654 frustrata
1561 3605 1651 3654 est
1672 3598 1744 3654 im
1754 3601 2018 3671 precatio

367 3682 570 3754 patris,
597 3695 788 3753 quam,
815 3687 874 3741 ut
895 3683 1112 3740 dictum
1132 3691 1244 3754 est,
1269 3685 1387 3742 filio
1407 3687 1726 3744 moriturus
1750 3687 2014 3757 ingessit,

365 3768 637 3842 imposita
665 3771 997 3827 conditione
1017 3772 1154 3829 vitae
1176 3788 1295 3830 suas
1317 3780 1375 3830 et
1402 3774 1668 3841 honoris;
1705 3789 1834 3831 nam
1869 3790 2017 3833 uxor

363 3857 490 3927 eius
518 3857 772 3916 Matildis
811 3873 880 3916 eo
922 3859 1130 3916 relicto
1173 3861 1625 3931 Langobardiam
1667 3861 1860 3933 rediit,
1913 3878 2018 3921 ste-

363 3937 612 4010 piusque
663 3939 974 3996 mandante
1023 3940 1234 3998 marito
1267 3946 1328 3998 ut
1360 3942 1601 4008 rediret,
1658 3955 1772 3998 non
1826 3943 2014 4000 solum

364 4039 476 4082 non
499 4027 947 4098 obtemperavit,
985 4043 1181 4086 verum
1205 4029 1390 4086 edixit
1417 4030 1735 4095 mandenti,
1771 4036 1834 4086 ut
1855 4030 1925 4087 ad
1952 4045 2017 4087 se

362 4111 462 4170 ille
484 4115 729 4183 veniret,
763 4120 821 4171 et
847 4115 998 4172 sicut
1021 4130 1084 4172 se
1106 4122 1341 4173 curaret
1373 4131 1606 4188 capsam
1637 4118 2015 4188 reliquiarum

363 4202 547 4272 patris
574 4202 662 4259 sui
696 4203 974 4260 Bonifacii
1006 4204 1115 4260 sibi
1147 4203 1423 4261 deferret.
1459 4205 1750 4262 Seductus
1781 4205 1879 4262 ille
1912 4219 2015 4278 spe

361 4288 740 4347 conciliandae
775 4291 886 4346 sibi
930 4290 1212 4362 conjugis,
1244 4295 1545 4365 praefatam
1575 4308 1810 4365 capsam
1843 4296 2016 4352 ebur-

360 4389 524 4432 neam
551 4391 681 4434 cum
713 4377 976 4448 reliquiis
1005 4379 1202 4436 abbati
1233 4379 1522 4437 violenter
1553 4381 1797 4438 abstulit
1817 4387 1878 4438 et
1900 4383 2010 4438 illa-

360 4463 528 4520 thildi
551 4465 775 4537 retulit,
808 4466 1015 4524 relicto
1038 4472 1229 4524 tamen
1256 4466 1427 4525 altari
1453 4469 1600 4540 quod
1632 4469 1820 4526 fuerat
1844 4485 2006 4542 papze

356 4551 655 4611 Johannis.
693 4553 802 4611 Sed
833 4569 940 4612 nec
971 4555 1054 4612 sic
1085 4555 1316 4626 quidem
1339 4557 1490 4628 apud
1524 4571 1648 4613 eam
1683 4558 2006 4614 maritalem

2129 3404 2230 3460 tali
2265 3419 2470 3477 pompa
2494 3406 2702 3462 missas
2725 3407 3082 3478 celebrante,
3117 3409 3299 3466 abbas
3322 3407 3380 3465 in
3403 3409 3653 3480 quodam
3687 3425 3792 3468 an-

2125 3491 2261 3562 gulo
2283 3507 2346 3549 se
2365 3491 2618 3563 celabat,
2637 3498 2845 3566 aperto
2861 3496 3052 3567 capite
3074 3497 3223 3553 satis
3250 3497 3552 3554 humiliter
3569 3512 3790 3556 vacans

2126 3579 2469 3652 psalmodiis
2521 3596 2650 3639 cum
2704 3583 3012 3640 Lamberto
3061 3584 3280 3654 majore
3309 3591 3369 3641 et
3400 3587 3640 3642 minore.
3679 3588 3791 3643 Ma—

2129 3668 2334 3724 thildis
2363 3667 2844 3742 circumspiciens
2876 3671 3263 3744 deprehendit
3292 3675 3567 3730 abbatem
3596 3675 3788 3732 latere

2128 3755 2513 3827 laborantem,
2543 3762 2600 3815 et
2636 3759 2808 3815 nichil
2842 3758 3062 3829 glorias
3103 3765 3220 3816 tam
3263 3761 3489 3818 festivae
3528 3768 3788 3820 ostenta-

2126 3844 2306 3901 tionis
2334 3851 2658 3902 curantem.
2695 3848 3026 3904 Assistebat
3060 3862 3202 3905 vero
3231 3849 3284 3904 ei
3309 3849 3365 3904 in
3397 3849 3786 3908 decantandis

2129 3929 2365 4002 psalmis
2380 3931 2653 3990 dominus
2673 3934 2983 3991 Anselmus
3002 3940 3140 4006 post
3159 3935 3552 3994 Alexandrum
3575 3951 3784 4010 papam

2127 4019 2433 4076 ordinatus
2455 4021 2730 4077 Lucensis
2751 4022 3084 4094 episeOpus,
3107 4023 3198 4079 vir
3215 4024 3526 4081 admodum
3554 4025 3786 4098 religio-

2127 4131 2246 4186 sus,
2281 4121 2336 4173 et
2363 4131 2474 4172 non
2499 4117 2684 4174 multo
2711 4122 2840 4188 post
2865 4118 3016 4174 felici
3040 4134 3285 4178 excessu
3317 4121 3785 4181 clarescentibus

2127 4204 2421 4262 miraculis
2453 4205 2607 4261 inter
2638 4211 2876 4262 sanctos
2898 4221 2928 4262 a
2950 4208 3192 4266 Domino
3224 4215 3586 4276 assumptus.
3621 4212 3785 4269 Hunc

2127 4294 2194 4348 ad
2225 4293 2497 4349 abbatem
2530 4293 2711 4362 misit,
2743 4298 2803 4350 et
2836 4300 2900 4352 ut
2930 4297 3204 4368 superius
3246 4297 3597 4356 ascenderet
3629 4314 3787 4357 man-

2125 4379 2304 4438 davit.
2328 4382 2549 4437 Etcum
2572 4382 2871 4438 obedienti
2895 4383 3066 4440 sedes
3090 4383 3346 4456 deesset,
3373 4385 3676 4445 Mathildis
3701 4404 3787 4445 as-

2124 4483 2367 4540 surgens
2387 4468 2440 4525 ei
2465 4483 2647 4539 suam,
2685 4474 2743 4527 ut
2773 4476 3150 4542 eratparata,
3185 4473 3542 4545 transmisit,
3579 4476 3787 4533 miran-

2123 4557 2284 4614 tibus
2332 4557 2564 4613 cunctis
2593 4571 2722 4628 quae
2751 4563 2910 4614 esset
2940 4573 3191 4629 persona
3218 4564 3400 4616 tantae
3457 4562 3615 4634 apud
3663 4579 3784 4620 eam

357 4639 603 4742 gratiam
649 4641 924 4715 optinuit,
977 4648 1333 4714 spretusque
1363 4645 1435 4700 ab
1469 4659 1532 4701 ea
1563 4651 1620 4700 et
1657 4645 1887 4702 inactus
1933 4647 2007 4702 ab
2037 4684 2090 4742 Β
2123 4644 3784 4742 dignitatis.DiscessuruAsautemincrastinum(Apr.2i),

361 4727 523 4786 Italia
556 4729 983 4802 Lotharingiam
1017 4730 1208 4788 rediit.
1253 4732 1536 4790 Conscius
1571 4748 1708 4790 vero
1739 4749 1800 4790 se
1835 4734 2013 4790 abba-

359 4820 474 4874 tem
497 4819 736 4890 gravius
755 4818 1068 4877 offendisse
1090 4835 1196 4892 pro
1218 4820 1432 4880 ablatis
1454 4827 1790 4878 sanctorum
1817 4827 2007 4893 patro-

2121 4746 2252 4790 cum
2285 4733 2337 4788 ei
2371 4733 2524 4788 inter
2563 4736 2760 4788 cetera
2803 4732 3219 4790 familiaritatis
3257 4734 3576 4808 colloquia,
3625 4738 3786 4796 dece-

2123 4825 2284 4892 ptum
2306 4835 2366 4878 se
2384 4835 2414 4876 a
2437 4819 2754 4878 Godefriilo
2771 4820 2841 4877 de
2859 4821 3174 4879 elemosina
3194 4823 3384 4894 patris
3401 4822 3468 4896 ⁸³,
3488 4825 3592 4882 illa
3613 4840 3786 4899 super

1729 4911 1964 4967 νΑΒΜ]
1998 4909 2396 4968 LECTIONES.

426 5002 470 5036 “
518 5003 631 5084 μθ.
674 5003 1082 5063 condictionis.
1177 5005 1222 5039 δ’
1267 5007 1625 5064 contradens
1663 5006 1958 5065 cecidisse
1993 5007 2254 5066 videtur.
2350 5004 2396 5039 ⁴⁸
2443 5011 2910 5078 conquereretur
2949 5005 3044 5064 vel
3077 5006 3259 5065 aliud
3288 5007 3412 5065 tale
3442 5009 3649 5070 deesse
3677 5025 3773 5084 ap-

1944 5147 2166 5204 NOTAE.

347 5076 544 5145 paret.

431 5240 546 5376 (98)
583 5241 728 5298 alias
997 5243 1059 5299 Η.

453 5314 544 5376 99)
577 5315 917 5370 Donationis
961 5327 1059 5376 pra

453 5313 917 5386 99),Donatio_nis
961 5318 1319 5386 praceptu‘m
1351 5331 1395 5370 s.
1432 5313 1487 5370 d.
1522 5313 1836 5386 ediderunt
1875 5316 2016 5386 Fop-

364 5383 821 5456 pens'injliraai
864 5383 1034 5456 opp,
1065 5383 1212 5456 Dipl.
1250 5384 1339 5451 IV,
1377 5387 1496 5454 185,
1534 5384 1787 5441 Martene
1817 5390 1876 5441 et
1907 5383 2016 5442 Dii-

365 5453 508 5526 rand
543 5453 688 5511 Coll.
705 5453 929 5526 Ampi:
944 5453 985 5526 l,
1017 5453 1140 5512 487.

437 5524 908 5591 (100-1)Eadem
965 5525 1085 5580 fere
1143 5526 1320 5581 verba
1378 5525 1594 5582 habent
1651 5525 2018 5582 Gislebertus

407 5633 419 5647 .
453 5597 504 5667 9,
539 5598 598 5667 et
629 5593 889 5667 Egi‘dius
921 5597 1127 5667 Aurem
1157 5595 1338 5652 Vallis
1371 5610 1420 5652 c.
1464 5600 1514 5666 3,
1552 5597 1646 5667 qui
1673 5597 1876 5652 damna
1903 5609 2018 5650 ma-

388 5663 508 5718 oris
539 5663 817 5721 Ecclesiae
849 5663 1020 5722 Leod.
1055 5672 1375 5722 enumerat.

442 5731 590 5808 (102)
628 5733 788 5808 conf.
828 5734 1020 5808 Vitam
1051 5735 1293 5808 _Theod..
1317 5736 1406 5801 lV,
1449 5738 1644 5808 4749.-
1674 5735 1756 5792 Ibi
1788 5747 2018 5808 quoque

373 5797 742 5864 privilegium
766 5814 795 5854 a
821 5801 1102 5870 Gregorio
1129 5797 1403 5873 presens
1421 5803 1748 5862 obtinuisse
1779 5797 2015 5873 dicitur,

2125 5243 2276 5369 gued
2327 5242 2449 5323 K_al.
2503 5242 2665 5299 Maiis
2718 5246 2856 5325 1073
2909 5244 3104 5300 datum
3138 5250 3249 5302 est.
3281 5247 3360 5302 Eo
3394 5253 3595 5332 autem
3639 5265 3776 5330 anno

2175 5327 2441 5369 PCROI‘IUS
2470 5328 2508 5369 χ
2539 5313 2660 5369 Kal.
2697 5315 2822 5369 Mai.
2858 5313 3086 5369 electus
3117 5322 3230 5369 est.
3263 5319 3572 5369 naschalis
3607 5322 3776 5369 Domi-

2125 5313 2441 5383 Gregorius
2470 5328 2508 5369 x
2539 5313 2660 5369 Kal.
2697 5315 2822 5369 Mai.
2858 5313 3086 5372 electus
3117 5322 3230 5386 est,
3263 5319 3572 5388 paschalis
3605 5321 3777 5377 Domi-

2125 5383 2255 5464 nica
2276 5454 2287 5464 _
2308 5383 2418 5464 fuit
2451 5382 2640 5464 ii_Kal.
2685 5383 2922 5464 Aprilis.
2955 5385 3370 5464 _Tbeodericus
3419 5404 3568 5464 ergo
3599 5393 3650 5464 si
3680 5406 3776 5447 cie-

2126 5459 2251 5531 t_era
2275 5454 2554 5531 hic_rect_e
2579 5461 2812 5531 narrata
2835 5461 2991 5531 sun_t,
3015 5457 3250 5531 Romam
3273 5464 3412 5531 ante
3433 5454 3772 5518 eléctionem

2126 5524 2387 5598 Gregorii
2438 5523 2696 5598 reliquit.
2750 5524 2874 5598 Quo
2926 5527 2988 5580 iit
3027 5528 3097 5598 'ut
3150 5527 3262 5583 iter
3291 5529 3423 5598 ejus
3453 5545 3508 5586 a.
3549 5535 3683 5589 1074
3705 5537 3771 5588 sit

2126 5590 2838 5670 attribuenduanescio
2867 5609 2938 5670 an
2972 5590 3146 5670 etiam
3192 5590 3597 5670 privilegium.
3649 5603 3770 5658 Nam

2126 5679 2176 5721 a.
2215 5668 2353 5790 13375
2383 5663 2649 5722 excludit
2679 5664 2930 5736 epistola
2963 5663 3225 5736 Gregorii
3264 5663 3772 5728 mox'commeme

2127 5751 2228 5790 ran
2313 5775 2324 5790 .

2127 5748 2324 5792 ranaa.
