3968 6310
160 425 332 488 1378·

1169 417 1648 489 CHRONICON
1683 416 1751 483 Β.
1787 416 2150 487 HUBERTI
2179 417 2571 489 ANDAGIN.

3422 415 3571 482 1374

153 589 268 650 hiis
301 586 600 648 dominum
633 592 840 663 papam
873 590 1296 648 consulendum
1328 587 1650 662 respondit,
1673 589 1728 645 et
1757 590 1821 643 ut
1850 554 1904 614 Α
1932 582 2129 655 vigilia
2162 583 2610 657 sollempnitatis
2666 583 2819 644 beati
2864 583 3108 643 Huberti
3140 599 3271 642 cum
3326 582 3570 643 honesta

155 681 484 738 faciliorem
501 681 719 737 aditum
737 681 1027 737 inveniret
1044 683 1194 752 apud
1214 696 1341 738 eum
1359 680 1820 752 optinendi,quaa

155 770 360 837 vellet,
416 770 647 826 litteras
675 771 727 826 ei
788 772 1230 843 deprecatorias
1290 770 1643 841 composuit,
1678 780 1822 837 quas

156 859 492 930 apostolico
517 860 785 915 redderet
811 875 880 916 ex
908 861 1135 917 nomine
1162 860 1467 921 Mathildis,
1516 858 1732 914 indicta
1766 863 1821 918 ei

159 948 504 1004 conditione
530 964 632 1019 per
656 964 717 1005 se
745 950 1122 1019 redeundi,et
1149 946 1817 1020 qumsibievenirentilli

159 1038 478 1093 referendi.
531 1040 780 1095 Veniens
804 1054 943 1108 ergo
985 1042 1218 1095 Romam
1246 1055 1372 1094 eum
1399 1038 1694 1109 episcopo,
1730 1036 1821 1092 lit-

161 1134 323 1185 teras
355 1128 649 1185 Mathildis
700 1131 1081 1199 praasentavit
1116 1128 1464 1200 apostolico,
1495 1130 1552 1184 et
1590 1141 1691 1196 per
1724 1140 1821 1181 eas

160 1217 609 1274 commendatus
628 1224 931 1286 gratanter
954 1224 1264 1289 susceptus
1284 1222 1374 1273 est
1402 1218 1472 1272 ab
1495 1230 1581 1271 eo.
1602 1218 1711 1271 Per
1734 1228 1821 1269 se-

161 1307 319 1374 ptem
342 1310 532 1361 autem
569 1308 693 1362 dies
726 1307 779 1362 in
812 1308 964 1362 Urbe
998 1307 1352 1373 demoratus,
1381 1310 1438 1361 et
1464 1305 1634 1374 cujus
1664 1306 1821 1359 esset

157 1392 296 1449 vitae
322 1399 382 1448 et
415 1395 722 1463 probitatis
752 1400 1118 1467 perspectus,
1146 1395 1290 1450 adeo
1316 1396 1506 1450 factus
1536 1397 1628 1449 est
1660 1405 1820 1462 papae

155 1479 437 1549 dilectus,
463 1486 522 1539 ut
548 1484 639 1540 die
673 1484 914 1554 quadam
959 1487 1030 1540 ab
1060 1486 1199 1540 hora
1228 1487 1408 1554 prima
1438 1484 1492 1537 in
1528 1496 1692 1537 sacra
1723 1493 1820 1535 ca-

155 1570 313 1640 pella
348 1587 474 1641 quae
532 1572 749 1628 dicitur
780 1573 848 1629 ad
910 1576 1179 1629 sanetum
1238 1571 1609 1628 Laurentium
1644 1569 1815 1644 (103),

156 1661 256 1717 ubi
293 1676 424 1716 cum
458 1660 736 1715 sandaliis
768 1660 1072 1716 dominicis
1106 1660 1433 1715 retinentur
1457 1659 1649 1727 capita
1685 1670 1819 1727 apo-

156 1749 449 1806 stolorum
482 1749 637 1803 Petri
672 1754 727 1802 et
778 1747 963 1815 Pauli,
1018 1749 1242 1818 pariter
1273 1747 1381 1803 soli
1442 1746 1816 1802 considentes

159 1838 346 1894 amica
369 1837 780 1892 vicissitudine
810 1836 1023 1892 divinis
1045 1836 1296 1906 eloquiis
1322 1835 1711 1901 intenderent,
1746 1849 1815 1889 eo

154 1941 349 1997 usque
385 1930 447 1981 ut
476 1931 646 1981 nocte
693 1925 1144 1995 superveniente
1178 1929 1437 1980 armatus
1470 1924 1642 1979 Urbis
1675 1938 1817 1992 prae-
1845 1901 1897 1960 B

155 2018 353 2072 fectus
389 2029 533 2085 papa
583 2014 828 2082 jubente
861 2014 929 2068 ad
960 2013 1277 2084 hospitium
1342 2027 1509 2068 suum
1544 2012 1811 2066 abbatem

153 2119 287 2161 cum
324 2103 445 2159 suis
493 2102 823 2157 reduceret.
870 2102 1031 2157 Unde
1065 2107 1122 2155 et
1159 2101 1310 2157 inter
1350 2105 1550 2155 cetera
1582 2115 1708 2169 quae
1742 2100 1813 2154 ab
1865 2119 1890 2138 ο

154 2208 226 2249 eo
262 2191 449 2261 gratia
486 2190 903 2246 familiaritatis
935 2190 1178 2260 expetii,
1239 2188 1606 2260 privilegium
1638 2188 1810 2244 etiam

156 2279 503 2351 apostolicae
554 2278 906 2334 defensionis
938 2278 1205 2334 ecelcsim
1238 2293 1355 2333 sua;
1388 2278 1812 2334 auctorizatum

158 2369 438 2441 optinuit,
475 2372 537 2424 ut
566 2367 833 2423 ecclesia:
868 2370 1135 2423 Romanae
1167 2370 1387 2422 firmata
1422 2372 1481 2421 et
1512 2367 1811 2422 defensata

159 2458 378 2515 auxilio
402 2461 461 2511 et
485 2457 860 2521 auctoritate,
880 2456 1114 2510 immota
1140 2455 1463 2511 stabilitate
1490 2454 1811 2509 monastico

158 2547 351 2603 ordini
381 2546 434 2600 in
459 2550 805 2615 perpetuum
832 2545 1201 2615 persisteret,
1228 2549 1283 2598 et
1308 2544 1357 2599 ei
1378 2544 1491 2612 jam
1519 2544 1728 2598 donata
1753 2546 1810 2597 et

160 2635 371 2692 amodo
397 2633 660 2690 donanda
687 2634 1054 2689 anathemate
1084 2638 1305 2688 aeterno
1336 2632 1687 2703 interposito
1722 2631 1813 2685 fir-

163 2725 338 2779 miter
387 2726 744 2778 constarent.
781 2723 898 2776 Hoc
932 2721 1079 2776 idem
1113 2721 1475 2791 privilegium
1512 2735 1655 2789 papa
1689 2733 1717 2774 a
1750 2734 1811 2774 se

167 2812 454 2868 dictatum
503 2808 647 2865 et'in
703 2809 933 2879 publico
993 2810 1351 2864 consistorio
1405 2810 1814 2862 Lateranensis

166 2900 371 2973 palatii
403 2900 554 2968 quod
580 2898 816 2954 dicitur.
862 2898 940 2953 Ad
969 2896 1290 2968 speculum,
1323 2912 1515 2953 eoram
1550 2894 1816 2966 pluribus

164 2992 462 3065 episcopis
485 2997 543 3046 et
566 2991 964 3047 cardinalibus
987 2991 1536 3047 ecelesizellomanaa
1560 2988 1815 3057 recogni-

164 3088 286 3138 tum
307 3086 365 3138 et
390 3079 694 3149 relectum,
713 3079 1064 3149 subscripsit
1092 3094 1256 3134 manu
1281 3078 1516 3149 propria
1538 3075 1813 3133 :Miserai

166 3172 357 3228 tiones
380 3170 512 3238 tuo,
563 3168 829 3235 Domine,
868 3181 1044 3239 super
1091 3168 1291 3223 omnia
1310 3180 1481 3236 opera
1507 3166 1634 3221 tua.
1676 3167 1813 3221 Cum

1932 674 2326 745 processione,
2358 676 2788 745 reSponsorium
2834 675 3008 734 Cives
3041 675 3437 747 apostolorum
3476 676 3571 731 de-

1931 769 2222 827 eantante,
2255 762 2515 819 ecclesiae
2550 765 2762 821 intulit.
2800 768 2869 821 Et
2900 779 2968 821 ex
2999 771 3139 821 tunc
3172 765 3225 819 in
3252 764 3453 819 eadem
3478 763 3570 818 die

1929 852 2619 908 cumcommemoratione
2646 854 2877 924 Benigni
2903 853 3172 925 martyris
3192 852 3568 921 Divionensis,

1934 939 2154 995 Claudii
2210 955 2439 1011 quoque
2486 940 2887 998 celebritatem
2943 942 3219 1011 agendam
3281 938 3567 997 communi

1932 1043 2176 1084 assensu
2210 1029 2683 1098 congregationis
2717 1029 2985 1087 instituit.

2001 1156 2095 1207 26.
2133 1152 2280 1219 (36.)
2306 1153 2442 1207 Cum
2483 1167 2621 1208 vero
2655 1154 2986 1210 Theoduino
3012 1153 3309 1209 Leodiensi
3342 1154 3566 1224 episco-

1933 1250 2004 1310 po
2037 1240 2267 1296 litteras
2302 1254 2462 1311 papas
2493 1257 2598 1311 pro
2627 1242 2936 1299 Godefrido
2968 1242 3017 1296 ei
3062 1242 3266 1299 missas
3299 1241 3568 1296 tradidis-

1931 1334 2042 1397 set,
2075 1334 2129 1382 et
2168 1326 2339 1399 paulo
2370 1333 2500 1399 post
2528 1330 2892 1400 privilegium
2926 1332 3242 1385 Romanum
3271 1329 3423 1399 quod
3442 1329 3569 1398 ejus

1929 1414 2307 1471 concessione
2337 1419 2395 1470 et
2424 1416 2595 1471 laude
2645 1417 2907 1472 ecclesiae
2966 1416 3117 1472 beati
3152 1415 3393 1472 Huberti
3425 1415 3572 1486 opti-

1931 1507 2155 1569 nuerat,
2191 1504 2354 1573 quasi
2377 1505 2761 1573 eongavisuro
2785 1505 3118 1567 obtulisset,
3152 1504 3221 1559 de
3254 1519 3422 1559 manu
3445 1503 3571 1573 ejus

1929 1591 2157 1661 accepit
2182 1591 2321 1646 illud
2371 1591 2813 1648 archidiaconus
2844 1593 3007 1661 Boso,
3038 1591 3129 1647 cui
3169 1596 3228 1646 et
3249 1592 3434 1646 omnia
3466 1607 3570 1648 sua

1928 1679 2294 1749 procuranda
2345 1679 2489 1736 idem
2520 1680 2832 1750 episcopus
2871 1678 3203 1735 crediderat
3232 1679 3564 1749 specialius,

1930 1772 1991 1822 ut
2024 1772 2150 1821 erat
2195 1768 2497 1823 confectus
2531 1768 2709 1824 senio.
2748 1768 2897 1823 idem
2933 1770 3079 1823 Boso
3109 1767 3438 1837 abbatijam
3464 1767 3564 1823 diu

1930 1855 2186 1911 infensus
2215 1861 2360 1923 erat,
2395 1870 2463 1910 eo
2522 1856 2674 1925 quod
2711 1855 3077 1926 praebendam
3112 1870 3277 1910 unam
3336 1854 3563 1910 cuidam

1928 1943 2126 2013 nepoti
2156 1958 2261 1998 suo
2303 1944 2562 1999 Nasanite
2602 1945 2930 2014 expetierat
2978 1958 3081 1997 nec
3125 1942 3564 2012 impetraverat,

1928 2031 2078 2085 unde
2110 2036 2165 2085 et
2223 2031 2469 2087 collecto
2503 2031 2684 2087 livore
2743 2031 3107 2088 occasionem
3140 2044 3203 2086 se
3234 2029 3562 2085 vindicandi

1925 2119 2215 2175 attentius
2252 2121 2568 2189 quzerebat.
2605 2120 2886 2191 Explicita
2933 2134 3072 2188 ergo
3123 2123 3281 2175 carta
3306 2124 3365 2173 et
3394 2117 3570 2173 offen-

1926 2222 2025 2261 sus
2048 2207 2263 2275 ignotis
2288 2207 2398 2262 sibi
2422 2208 2493 2263 ad
2525 2207 2829 2275 legendum
2854 2208 3027 2276 notis,
3072 2207 3284 2277 quibus
3309 2206 3573 2263 conscri-

1924 2294 2142 2350 buntur
2176 2295 2475 2365 privilegia
2507 2297 2775 2351 Romana:
2799 2296 3172 2352 auctoritatis
3208 2296 3353 2364 (105)
3380 2314 3391 2348 :
3417 2296 3567 2363 Non,

1924 2383 2389 2452 inquit,dubi71m
2401 2384 2548 2456 quin
2563 2385 2704 2442 hinc
2719 2382 3567 2455 lateatalicujusfraudispm

1920 2471 2383 2542 stigiunzfqaod
2412 2473 2620 2542 utique
2652 2473 2807 2530 celat
2833 2472 3135 2530 barbaries
3165 2470 3381 2529 haram
3405 2472 3572 2528 nota-

1919 2573 2070 2615 rum.
2108 2560 2352 2628 Raptum
2384 2560 2456 2614 ah
2481 2574 2582 2615 ore
2606 2562 2731 2629 ejus
2764 2560 3004 2615 verbum
3038 2560 3200 2630 quasi
3223 2560 3292 2615 ad
3323 2559 3570 2628 gratiam

1924 2647 2173 2703 dicentis
2203 2646 2475 2718 palatina:
2506 2662 2678 2703 canes
2706 2652 3084 2717 exceperunt,
3116 2652 3423 2703 censentes
3445 2646 3573 2702 dili-

1923 2736 2155 2804 gentius
2172 2736 2553 2805 perscrutand
2567 2735 2837 2804 um,quod
2856 2740 2915 2791 ut
2932 2733 3160 2790 difficile
3176 2732 3247 2789 ad
3262 2734 3567 2801 legendum

1923 2824 2231 2879 videbatur
2264 2824 2569 2879 incertum.
2605 2822 2850 2879 Tandem
2892 2822 3123 2878 easdem
3156 2827 3326 2877 notas
3355 2820 3570 2876 sensim

1927 2917 2369 2982 perscrutantes
2386 2911 2459 2965 hii
2480 2911 2573 2981 qui
2591 2911 2741 2966 inter
2754 2909 3435 2979 clericosjactitabantur
3450 2924 3573 2979 pcr-

1925 3000 2302 3070 spicaciores,
2322 3000 2833 3070 deprehenderunt
2854 3013 2970 3053 rem
2993 3001 3053 3054 ut
3075 3002 3221 3067 erat,
3241 2996 3467 3052 scilicet
3486 3010 3573 3051 ec-

1926 3086 2162 3143 clesiam
2184 3087 2333 3143 beati
2353 3087 2591 3143 lluberti
2609 3086 2922 3157 specialius
2934 3085 3320 3155 mancipatam
3339 3086 3569 3155 aposto-

1926 3176 2051 3232 licre
2076 3174 2419 3244 defensioni,
2442 3178 2777 3245 aeternoque
2800 3175 3168 3230 anathemate
3192 3172 3568 3230 interdictum

168 3273 306 3316 vero
341 3272 371 3313 a
422 3258 656 3314 condita
716 3256 1026 3312 Godefrido
1086 3255 1465 3326 promissione
1520 3254 1700 3310 abbas
1755 3268 1817 3308 se
1847 3254 1895 3316 C
1925 3263 2272 3332 cuicumque
2297 3277 2560 3333 persona}
2585 3262 2673 3319 vel
2701 3262 2998 3334 potestati,
3033 3277 3100 3318 ne
3125 3262 3252 3332 quis
3282 3262 3333 3317 ei
3358 3275 3573 3333 prasu-

167 3345 586 3403 absolvendum
644 3349 1009 3415 exposceret,
1047 3344 1181 3415 quia
1213 3344 1265 3398 in
1299 3358 1363 3399 ea
1394 3342 1677 3413 explenda
1713 3341 1814 3397 filii

165 3435 293 3505 ejus
344 3434 621 3491 auxilium
680 3433 789 3489 sibi
823 3434 1073 3503 deesset,
1125 3431 1487 3503 apostolicus
1541 3445 1650 3486 non
1683 3445 1817 3485 con-

167 3523 376 3591 sensit,
437 3523 539 3578 sed
589 3521 810 3577 Annoni
844 3520 1171 3577 Coloniensi
1205 3509 1625 3576 et'Theoduino
1682 3520 1818 3573 Leo-

167 3611 357 3668 diensi
392 3610 730 3682 apostolica;
777 3610 1148 3666 auctoritatis
1205 3610 1482 3665 formatas
1540 3606 1818 3679 epistolas

166 3700 508 3767 destinavit,
554 3704 617 3755 ut
649 3698 1022 3754 Godefridum
1052 3698 1119 3753 ad
1151 3698 1259 3753 hoc
1289 3698 1437 3768 quod
1464 3696 1615 3767 patri
1650 3694 1817 3751 mori-

166 3793 304 3845 turo
353 3788 694 3845 condixerat
719 3785 1153 3855 exsolvendum,
1180 3784 1272 3841 vel
1301 3785 1547 3841 consilio
1580 3781 1817 3839 inclina-

168 3882 321 3943 rent,
349 3875 440 3931 vel
460 3875 861 3931 ecclesiastico
876 3875 1202 3931 ministerio
1226 3873 1791 3929 inobedientemcom

165 3964 481 4036 pellerent.
508 3966 800 4020 Reversus
823 3964 1002 4019 abbas
1027 3978 1130 4034 per
1154 3960 1503 4030 Mathildem,
1524 3966 1579 4015 ut
1607 3963 1657 4013 ei
1682 3974 1816 4014 eou-

166 4053 423 4121 dixerat,
472 4052 719 4109 exsolvit
771 4053 821 4107 ei
873 4050 1393 4108 commendationis
1422 4065 1539 4105 suae
1568 4047 1811 4118 gratias,

166 4143 432 4198 referens
466 4156 593 4211 quae
648 4156 720 4197 ex
771 4141 1063 4197 sententia
1093 4140 1176 4195 illi
1208 4139 1395 4195 omnia
1429 4137 1579 4209 apud
1611 4150 1814 4207 papam

167 4235 597 4302 provenerant;
659 4228 755 4284 illa
787 4229 922 4284 licet
953 4228 1242 4284 nolentem
1298 4226 1653 4297 aliquamdiu
1686 4239 1813 4280 eum

167 4333 371 4374 secum
402 4317 666 4387 retinuit,
718 4322 778 4373 et
805 4317 1002 4373 casula
1037 4332 1144 4373 una
1180 4316 1308 4371 alba
1343 4330 1469 4385 quae
1504 4314 1688 4370 fuerat
1719 4314 1816 4369 do-

167 4407 309 4462 mini
347 4421 508 4477 papze
542 4405 749 4462 Leonis
784 4407 872 4467 IX,
916 4403 1315 4461 subdiaconali
1344 4416 1575 4474 quoque
1621 4402 1815 4457 tunica

169 4509 337 4567 papae
371 4494 643 4565 Stephani
694 4493 790 4566 qui
842 4493 1037 4548 dictus
1069 4493 1203 4548 olim
1259 4492 1586 4547 Fridericus
1636 4491 1817 4543 frater

1927 3353 2041 3406 mat
2066 3350 2373 3421 dampnum
2394 3351 2609 3406 inferre
2631 3351 2721 3406 vel
2746 3350 3032 3420 injuriam,
3068 3350 3159 3406 vel
3182 3351 3236 3405 in
3262 3347 3571 3419 acquisitis

1925 3438 2017 3495 vel
2050 3439 2103 3493 in
2133 3438 2525 3509 aequirendis,
2589 3445 2768 3509 utque
2802 3439 3174 3496 monachicus
3200 3439 3343 3495 ordo
3403 3436 3481 3493 ibi
3515 3437 3569 3492 in

1925 3531 2271 3600 perpetuum
2289 3529 2403 3583 Deo
2428 3528 2719 3583 deserviat
2746 3528 2895 3584 liber
2917 3528 3104 3585 totius
3128 3524 3567 3597 inquietudinis.

1929 3616 2013 3671 Ad
2042 3616 2164 3672 ὴεθυ
2199 3617 2344 3671 Boso
2378 3621 2545 3686 rapta
2594 3617 2899 3672 occasione
2947 3615 3338 3683 insimulandi,
3398 3618 3577 3686 caput

1928 3720 2093 3761 suum
2129 3704 2396 3774 quatiens
2444 3718 2573 3758 cum
2607 3704 2901 3773 suSpiriis,
2935 3708 2995 3758 et
3053 3704 3298 3759 maxima
3326 3704 3443 3773 jam
3476 3702 3575 3758 diu

1926 3801 2118 3864 ccepta
2152 3791 2544 3861 indignatione
2574 3791 2974 3859 succlamavit,
3022 3792 3290 3847 abbatem
3322 3790 3576 3846 Theode-

1928 3882 2109 3937 ricum
2163 3880 2455 3936 abbatiam
2489 3879 2673 3935 sancti
2712 3879 2949 3935 l’uberti
2982 3878 3212 3935 omnino
3246 3876 3574 3948 prodidisse

1927 3971 2184 4025 Romano
2210 3968 2483 4039 pontifici,
2503 3965 2809 4023 ecclesiam
2843 3965 3220 4022 Lcodiensem
3237 3966 3290 4019 in
3315 3965 3423 4020 hoc
3446 3964 3574 4034 ipso

1929 4057 2250 4113 incurrisse
2274 4058 2581 4127 dampnum
2609 4053 2999 4123 intolerabile,
3024 4058 3102 4123 et,
3126 4053 3236 4110 nisi
3259 4053 3575 4124 episcopus

1927 4143 2169 4215 ejusque
2194 4143 2395 4199 fideles
2420 4143 2704 4198 maturius
2728 4140 3138 4209 advngilarent,
3166 4140 3342 4197 nichil
3366 4139 3476 4196 sibi
3501 4139 3572 4195 de

1928 4237 2090 4288 tanto
2115 4233 2334 4288 honore
2358 4233 2635 4289 hactenus
2656 4230 2852 4286 habito
2871 4228 3243 4285 remansisse.
3278 4227 3577 4284 Intellexit

1926 4336 1999 4376 ex
2031 4321 2259 4392 privato
2292 4321 2427 4377 odio
2460 4321 2637 4376 abbas
2669 4318 2955 4390 publicam
2991 4318 3100 4373 sibi
3126 4317 3402 4375 suscitari
3437 4317 3577 4373 invi-

1930 4409 2102 4478 diam,
2146 4414 2203 4464 et
2248 4410 2583 4479 indignatus
2614 4424 2675 4463 se
2706 4406 3000 4462 criminari
3036 4410 3249 4476 praeter
3281 4405 3577 4461 conscien-

1930 4498 2092 4566 tiam,
2129 4499 2431 4567 rcspondit
2464 4500 2803 4554 constanter
2831 4493 3001 4563 hujus
3030 4492 3413 4563 malignitatis
3444 4507 3578 4549 con-

171 4584 363 4639 fuerat
407 4582 572 4638 dUClS
604 4581 898 4637 GOdOfPidl
936 4581 1200 4650 majoris;
1235 4597 1263 4637 il
1300 4596 1360 4637 se
1393 4579 1814 4649 digredientem
1847 4605 1900 4666 D
1927 4586 2213 4656 jecturam
2245 4601 2347 4641 nec
2380 4601 2443 4642 se
2476 4585 2773 4656 quagsjsse,
2804 4598 2903 4639 nec
2927 4580 3313 4651 apostolicum
3341 4595 3578 4636 conces-

170 4671 501 4729 honoravit.
536 4672 647 4727 Nec
678 4673 903 4727 tantum
953 4671 1060 4725 hac
1090 4670 1213 4726 sola
1264 4670 1390 4726 vice
1420 4668 1606 4739 gratia
1639 4666 1817 4721 curia:

168 4760 333 4817 illius
354 4759 622 4816 ecclesiae
646 4763 860 4815 nostra:
884 4758 1126 4829 profuit,
1153 4759 1255 4814 sed
1288 4764 1343 4813 et
1373 4764 1630 4827 tempore
1657 4769 1817 4826 papae

171 4846 491 4904 Alexandri
520 4848 588 4916 II,
623 4862 751 4902 cum
787 4845 934 4902 idem
966 4847 1145 4902 abbas
1168 4848 1346 4901 Roma
1374 4844 1607 4900 rediens
1630 4843 1814 4898 diver-

168 4939 328 4992 teret
357 4934 428 4991 ad
459 4937 700 4990 matrem
747 4938 806 4989 et
839 4933 1013 4989 filiam
1052 4934 1204 5005 apud
1240 4934 1614 4990 Fraxinutum
1645 4931 1816 5001 (104),

174 5039 289 5094 quo
335 5026 787 5081 construxerant
836 5023 1252 5079 monasterium
1312 5022 1725 5078 monachorum
1762 5020 1816 5074 in

172 5112 419 5185 Alpibus
448 5111 789 5183 Appennini,
838 5129 939 5184 per
993 5117 1217 5183 septem
1251 5114 1375 5169 dies
1407 5111 1701 5177 detentus,
1738 5109 1817 5164 ibi

173 5201 391 5258 cotidie
415 5200 593 5272 pallio
617 5214 732 5256 uno
772 5206 1111 5258 muneratus
1132 5207 1224 5258 est
1246 5204 1317 5258 ab
1341 5202 1443 5257 eis.
1468 5202 1530 5255 In
1556 5199 1647 5255 die
1681 5213 1818 5255 vero

176 5288 556 5359 digressionis
579 5302 697 5345 sua)
720 5287 853 5345 data
868 5295 957 5346 est
972 5305 1147 5361 capsa
1162 5305 1270 5346 una
1286 5292 1541 5347 eburnea
1558 5287 1820 5358 reliquiis

178 5375 398 5433 Claudii
424 5376 697 5445 martyris
729 5377 1003 5448 pretiosa,
1042 5393 1209 5448 quam
1233 5392 1428 5434 secum
1460 5377 1741 5432 revehens
1763 5376 1817 5429 in

269 5573 394 5640 103)
430 5571 490 5640 lu
523 5569 739 5637 palatio
766 5572 1161 5628 Lateraneusi.

269 5639 397 5711 104)
430 5639 805 5711 Γναεεὶηονο,
839 5644 893 5697 in
926 5642 1141 5699 ducatu
1174 5642 1498 5702 Mutinensi.

245 5650 374 5713 (104
430 5650 805 5711 μναεεῑηονο,
839 5650 893 5697 in
926 5650 1141 5699 ducatu

242 5650 397 5785 (105)
430 5710 879 5777 Langobardieis
910 5711 1145 5771 litteris.

1930 4674 2112 4740 sissc;
2138 4677 2403 4729 venirent
2424 4673 2773 4744 quicumque
2796 4672 3153 4741 eligerentur
3175 4668 3469 4724 fideliores
3487 4683 3577 4724 ec-

1931 4761 2125 4817 clesia:
2144 4761 2497 4831 Leodiensis,
2518 4767 2782 4833 paratum
2807 4776 2869 4817 se
2891 4762 3126 4815 Romam
3145 4756 3357 4825 redire,
3377 4756 3576 4827 ibique

1930 4849 2015 4905 eis
2038 4849 2420 4920 probaturum
2448 4850 2677 4920 publice
2706 4850 2924 4905 crimen
2947 4847 3099 4918 quod
3122 4846 3229 4901 sibi
3256 4845 3578 4916 imputaba-

1931 4941 2028 4992 tur
2050 4936 2226 4992 nichil
2259 4952 2422 5005 esse;
2452 4952 2518 4993 ea
2551 4941 2740 4993 tamen
2775 4936 3129 5005 conditione,
3165 4940 3229 4992 ut
3259 4931 3575 4990 secundum

1931 5040 2130 5081 saeros
2159 5039 2413 5079 canones
2446 5040 2646 5095 poenas
2683 5025 2840 5081 falsae
2871 5022 3315 5092 criminationis,
3348 5034 3410 5078 se
3443 5035 3576 5091 pur-

1927 5118 2082 5184 gato,
2118 5111 2522 5167 criminatores
2558 5113 2947 5170 exsolverent.
2984 5112 3299 5169 Prwsensit
3333 5112 3482 5165 Boso
3514 5122 3576 5164 se

1931 5218 2037 5259 suo
2065 5199 2410 5271 capiendum
2443 5200 2672 5270 laqueo,
2724 5206 3036 5271 actumque
3068 5200 3138 5257 de
3171 5216 3252 5269 se,
3307 5198 3355 5253 si
3385 5199 3578 5255 Romae

1931 5282 2389 5362 prosequeretur
2447 5286 2677 5342 abbatis
2708 5286 3046 5342 reclamatio
3109 5289 3285 5359 (106).
3324 5287 3578 5341 Locutus

1932 5379 2127 5449 itaque
2157 5389 2286 5431 eum
2316 5374 2581 5444 consilio,
2610 5390 2721 5429 non
2770 5388 2832 5428 se
2855 5380 3153 5431 assuetum
3178 5378 3448 5443 Romano,
3475 5374 3575 5441 ait,

1765 5478 1984 5533 ΝΟΤιΕ.

2007 5576 2153 5643 (106)
2186 5571 2421 5643 Factum
2456 5574 2644 5625 tamen
2676 5574 2799 5643 est;
2822 5580 2957 5643 nam
2984 5566 3585 5643 ‘GregoriusJepisto-

1868 5664 1871 5669 ·
1938 5645 1990 5701 la
2015 5636 2089 5713 'll,
2115 5636 2203 5711 6|,
2226 5654 2353 5709 qua:
2377 5641 2532 5713 data;
2557 5644 2646 5713 est
2681 5655 2714 5695 χ
2736 5639 2863 5713 Kal.
2884 5636 3281 5713 A_pr._a.._l_075,
3306 5636 3586 5694 Theodui-

1939 5706 2369 5771 num'hortatur
2394 5725 2462 5768 ne
2486 5711 2754 5769 abbatem
2779 5706 3066 5783 privilegii
3091 5707 3250 5765 illius
3268 5706 3443 5764 eausa
3468 5721 3583 5763 am-
