3968 6318
437 389 586 454 13Ἷῦ

1425 387 1904 460 CHRONICON
1934 388 2000 456 S.
2034 384 2404 458 HUBERTI
2436 383 2829 457 ANDAGIN.

3688 383 3842 449 1876

433 523 538 583 sed
557 523 854 586 Leodiensi
869 524 1122 601 judicio;
1155 524 1364 587 nemini
1398 524 1575 586 licere
1598 524 1951 585 audientiam
1983 540 2065 584 re-

2180 500 2248 560 in
2269 501 2510 561 Christo
2529 499 2652 601 alio
2672 491 3254 601 Theodericc,abbatt
3270 493 3845 601 sancti

431 613 680 674 clamare
706 621 824 674 tam
858 620 1072 689 subito,
1098 620 1208 675 nisi
1237 620 1492 690 episc0pi
1522 619 1634 688 sui,
1668 618 1910 674 maxime
1932 633 2069 674 vero

433 707 861 776 metropolitani
877 714 1220 778 gravaretur
1233 708 1832 777 judicio.Rccognovit
1847 707 2071 778 episco-

435 809 542 864 pus
574 793 706 850 licet
737 811 913 852 senex
945 797 1228 854 invidiose
1259 797 1638 867 calumpniari
1673 798 1974 861 abbatem;
2002 811 2070 852 ne

435 885 622 938 tamen
667 884 965 941 videretur
1003 887 1392 942 indiscussum
1438 885 1886 955 praetermittere
1918 884 2066 953 quod

432 971 1140 1046 putabaturdampnosum
1165 975 1703 1046 ecclesiae,pr:eﬁxit
1725 973 1873 1028 diem
1899 972 2071 1041 hujus

431 1057 812 1118 discIISsionis
829 1065 1084 1132 agendae.
1121 1067 1368 1120 Rctento
1403 1065 1578 1130 igitur
1611 1079 1806 1118 secum
1842 1061 2074 1132 privile-

429 1147 546 1215 gio,
573 1149 838 1205 abbatem
883 1152 1120 1221 dimisit,
1152 1157 1209 1207 et
1241 1159 1470 1209 ceteros
1511 1153 1751 1206 abbates
1787 1149 2071 1220 cpiscopii

429 1252 556 1294 cum
573 1239 1090 1300 archidiaconis.ut
1109 1240 1175 1296 ad
1196 1242 1484 1312 przciixam
1502 1241 1650 1295 diem
1667 1239 1932 1294 venirent
1946 1246 2079 1294 con"

432 1327 676 1380 vocavit.
713 1328 937 1383 Interea
969 1331 1112 1384 Boso
1145 1329 1472 1384 declamare
1498 1329 1550 1384 in
1583 1328 1761 1395 clero,
1797 1342 2072 1398 Spargere

430 1429 605 1469 voces
631 1415 684 1469 in
707 1416 938 1485 populo,
975 1421 1187 1486 quanta
1222 1417 1570 1482 malignatus
1593 1423 1683 1472 est
1716 1415 1984 1471 inimicus
2019 1415 2070 1469 in

429 1509 651 1567 sancto,
701 1504 794 1572 qui
828 1505 1197 1559 commissam
1241 1505 1348 1560 sibi
1383 1506 1672 1560 abbatiam
1725 1503 2072 1561 subduxerit

431 1596 648 1646 sanctas
672 1591 859 1646 Maria:
883 1599 1202 1662 sanctoque
1226 1595 1548 1648 Lamberto.
1568 1596 1822 1659 Vagante
1859 1606 2069 1663 passum

431 1683 490 1733 ut
525 1693 692 1735 suum
727 1696 856 1735 eum
893 1681 1034 1735 fama
1087 1681 1435 1749 vulgabatur
1467 1682 1694 1736 abbatis
1725 1680 1974 1740 infamia,
2014 1685 2069 1734 et

432 1765 565 1822 licet
589 1767 738 1836 apud
785 1783 847 1822 se
899 1769 1044 1825 bene
1073 1769 1182 1823 sibi
1208 1769 1501 1824 conscium
1526 1784 1658 1824 vera
1693 1773 1958 1824 tueretur
1990 1767 2072 1820 in-

2179 591 2351 648 Petri
2361 589 2676 661 sanctique
2695 588 2950 646 Huberti
2961 586 3408 659 Andaginensis
3425 585 3493 644 in
3508 586 3846 645 Arduenna

2179 680 2510 749 constituti,
2524 680 2772 752 suisque
2783 676 3221 736 successoribus
3232 675 3610 750 regulariter
3614 675 3848 734 ibidem

2177 769 2222 801 “
2235 767 2604 826 intrantibus
2617 769 3055 839 inperpetuum.
3074 767 3249 824 Nulli
3253 766 3537 836 ﬁdelium
3554 765 3646 823 est
3655 768 3724 823 in
3739 765 3848 823 du-

2180 856 2274 914 bio
2294 859 2444 929 quin
2461 857 2626 914 sedes
2647 857 2993 929 apostolica,
3016 871 3078 912 eo
3101 855 3260 926 quod
3281 854 3700 912 “universalis
3715 869 3846 910 ma-

2183 947 2270 1002 ter
2281 946 2606 1002 etomnium
2627 947 3013 1003 ecclesiarum
3017 945 3300 1016 princeps
3312 945 3418 1006 est,
3439 942 3715 1000 omnibus
3738 943 3849 1000 hoc

2171 1036 2316 1104 jure
2327 1048 2396 1090 ac
2408 1033 2607 1090 debita
2624 1048 2679 1089 si;
2691 1033 3293 1104 llicitudinepreeesse
3313 1031 3540 1101 debeat,
3565 1047 3686 1088 non
3709 1033 3784 1088 ut
3803 1031 3846 1062 “

2183 1136 2284 1179 eas
2307 1123 2535 1179 tantum
2563 1123 2872 1180 catlwlicce
2896 1121 3218 1192 religionis
3242 1121 3472 1178 unitate
3497 1121 3842 1190 concludat,

2181 1209 2286 1266 sed
2299 1210 2573 1278 generali
2593 1210 3110 1281 circumspectione
3141 1209 3324 1266 etiam
3353 1208 3427 1264 ab
3452 1208 3576 1266 litis
3597 1223 3736 1281 ques
3749 1223 3848 1265 ex-

2185 1297 2476 1353 trinsecus
2493 1297 2909 1368 promoventur
2919 1312 3035 1368 pro
3054 1311 3167 1354 sua
3187 1295 3548 1353 auctoritate
3565 1296 3768 1354 salcet
3791 1297 3849 1353 et

2183 1385 2434 1442 muniat.
2457 1385 2623 1442 Inter
2643 1400 2796 1456 quas
2819 1385 3019 1442 tamen
3049 1399 3180 1441 cum
3193 1383 3400 1456 plures
3419 1383 3842 1451 inveniantur,

2183 1485 2314 1542 qua
2333 1473 2580 1542 speciali
2611 1474 2666 1530 et
2687 1476 2939 1545 propria
2969 1473 3472 1531 commendatione
3500 1474 3568 1530 in
3588 1472 3846 1529 tutelam

2184 1567 2446 1636 ejus/lem
2465 1569 2627 1624 sedis
2649 1569 2980 1638 apostolica
2999 1584 3061 1626 se
3083 1568 3478 1637 contulerunt,
3505 1568 3576 1624 ut
3591 1567 3842 1639 speciali

2183 1655 2439 1711 caritate
2455 1656 2718 1713 etstudio
2735 1671 2857 1713 sure
2867 1657 3083 1712 matris
3099 1655 3390 1728 amplctere
3404 1669 3845 1727 usquequaque

2182 1745 2509 1800 securiores
2523 1746 2580 1800 et
2589 1745 2896 1802 liberiores
2909 1760 2943 1802 a
2952 1745 2982 1800 b
2995 1746 3153 1802 omni
3164 1745 3557 1818 infestatione
3567 1747 3848 1803 consiste

433 1854 718 1919 nocentia,
776 1855 1185 1922 indignabatur
1221 1861 1409 1911 tamen
1447 1857 1808 1912 mendaciter
1838 1859 2065 1922 gravari

2182 1833 2495 1903 rent,quas
2511 1833 2636 1890 "ut
2654 1835 2901 1906 dignum
2922 1834 3170 1903 erat,ita
3195 1835 3462 1890 Romana
3477 1835 3847 1906 suscepitec~

433 1940 736 1996 nichiltale
751 1943 1027 1998 merentis
1046 1943 1342 2010 patientia.
1365 1944 1604 1998 Prmﬁxa
1623 1943 1714 1997 die
1729 1944 2074 2000 convenien-

433 2027 586 2083 tibus
607 2030 888 2092 evocatis,
917 2030 1038 2099 ipse
1071 2047 1297 2100 quoque
1328 2047 1456 2086 Clllll
1477 2031 1828 2086 Theoderico
1853 2047 2074 2102 praepo-

431 2117 547 2172 sito
580 2121 636 2172 et
664 2123 912 2188 utroque
937 2120 1240 2176 Lamberto
1265 2121 1416 2176 omni
1445 2121 1612 2175 modo
1640 2121 1873 2176 veritati
1899 2122 2074 2177 conti-

431 2219 532 2260 sus
564 2205 745 2260 aﬂ‘uit.
776 2207 1324 2264 Diseuticndictiam
1356 2208 1640 2278 privilegii
1665 2209 1962 2278 exemplar
1986 2225 2074 2264 se-

429 2307 556 2348 cum
582 2293 814 2356 detulit.
843 2301 904 2350 ut
930 2295 1058 2363 quia
1085 2297 1577 2366 calumpniatores
1607 2297 1732 2363 ejus
1753 2311 1946 2352 secum
1974 2298 2073 2352 iin-

432 2386 638 2434 xerant
661 2381 876 2449 aliquid
897 2388 1326 2440 monstruosum
1349 2385 1562 2452 ignotis
1585 2385 1637 2439 in
1664 2400 1732 2441 eo
1763 2385 1940 2441 celari
1975 2402 2073 2441 no-

434 2468 529 2532 tis,
564 2469 794 2524 cunctis
826 2470 1018 2536 legere
1050 2471 1382 2526 volentibus
1407 2473 1800 2530 innotesceret
1825 2475 2073 2531 assuetis

431 2557 826 2626 conscriptum
863 2557 1096 2613 litteris.
1142 2560 1312 2614 Lecto
1347 2559 1529 2629 palam
1565 2561 1817 2630 itemque
1852 2551 2090 2618 relecto’

433 2642 756 2713 privilegio,
776 2649 835 2700 et
851 2660 918 2701 cu
931 2661 978 2700 in
1001 2645 1196 2701 delato
1209 2647 1522 2718 exemplari
1541 2651 1718 2704 verbo
1735 2649 1805 2704 ad
1829 2651 2067 2705 verbum

428 2737 785 2800 comparato,
807 2734 1730 2805 ventilantibusquibusqueinter
1745 2753 1806 2794 se
1825 2738 2071 2807 pruden-

431 2819 589 2876 tibus
631 2834 1010 2891 quaecumque
1044 2822 1096 2876 in
1120 2837 1189 2878 eo
1221 2825 1688 2892 continebantur,
1717 2825 1888 2882 nichil
1918 2826 1970 2881 in
2000 2841 2070 2882 eo

431 2907 734 2964 Loodiensi
750 2909 1014 2966 ecclesiae
1029 2909 1367 2980 deperiisse,
1398 2913 1571 2967 nichil
1587 2913 1853 2968 abbatem
1871 2914 2070 2970 adver-

429 3011 530 3052 sus
554 3010 676 3052 eam
708 2997 1133 3068 deprehensum
1157 3006 1249 3056 est
1282 3001 1672 3066 machinasse;
1703 3006 1760 3056 et
1794 3017 1921 3058 cum
1951 3002 2066 3071 jam

429 3099 539 3140 non
572 3099 643 3139 ex
676 3085 919 3141 Bosonis
975 3087 1133 3156 odio,
1186 3087 1286 3142 sed
1320 3103 1389 3145 ex
1445 3094 1818 3145 evocatorum
1847 3090 2066 3159 judicio

2183 1921 2386 1990 etesia,
2415 1922 2978 1994 tantaqueproteait
2995 1923 3262 1992 undique
3275 1921 3626 1993 diligentia,
3651 1923 3846 1980 utcm-

2182 2007 2359 2065 nibus
2394 2012 2762 2067 munimenta
2770 2011 3072 2082 prasidii,
3099 2011 3406 2067 nonnullis
3427 2025 3670 2082 quoque
3701 2025 3845 2083 gra-

2123 2117 2144 2136 ο
2184 2095 2324 2151 tiam
2361 2097 2660 2170 conferret
2695 2099 2975 2169 augendi.
3026 2099 3218 2169 Cujus
3254 2097 3346 2154 rei
3357 2098 3646 2170 plurima
3673 2098 3844 2157 nobils

2181 2186 2451 2254 etcempla
2481 2187 2848 2244 sanctissimi
2869 2187 2991 2244 ciri
3010 2187 3410 2257 reliquerunt,
3432 2187 3723 2258 qui,ante
3741 2201 3843 2244 nos

2179 2281 2245 2336 in
2264 2275 2380 2334 illa
2403 2289 2583 2346 quam
2599 2275 2870 2332 dicimus
2885 2275 3214 2346 apostolica
3233 2273 3365 2332 sede
3371 2275 3718 2346 fulgentes,
3735 2290 3839 2348 pro

2181 2366 2396 2423 honore
2417 2364 2801 2421 ecclesiarum
2816 2365 2926 2420 Dei
2945 2363 3002 2419 et
3022 2363 3392 2420 eaal/atione
3407 2375 3624 2420 earum
3645 2365 3840 2436 magis

2180 2468 2357 2526 quam
2373 2467 2485 2523 pro
2498 2451 2628 2508 cita
2648 2452 2756 2508 aut
2775 2451 2974 2509 salute
3001 2466 3116 2509 sua
3141 2452 3395 2510 solliciti
3412 2453 3726 2524 fuerunt;
3742 2467 3837 2510 su»

2177 2541 2496 2613 scipientes
2517 2541 2881 2598 monasteria
2919 2541 2978 2598 et
2993 2540 3368 2598 venerabilia
3393 2542 3525 2598 loca
3542 2543 3618 2599 in
3635 2541 3839 2613 patro-

2179 2630 2407 2688 cinium
2434 2629 2771 2700 apostolicae
2801 2628 3187 2700 defensionis,
3218 2629 3278 2685 et
3301 2630 3734 2700 conﬁrmari-tes
3772 2644 3840 2686 ea

2174 2719 2439 2790 prapriis
2463 2717 2830 2788 privilegiis,
2873 2717 3166 2787 quatinus
3205 2731 3282 2773 ea:
3319 2718 3639 2776 cotidiana
3681 2718 3838 2775 tran-

2177 2806 2486 2878 quillitate
2507 2805 2822 2862 ardentius
2849 2807 2916 2861 in
2943 2805 3244 2861 devotione
3273 2805 3497 2863 dicina
3522 2807 3836 2864 servitutis

2177 2895 2235 2951 et
2271 2895 2336 2951 in
2374 2894 2532 2950 omni
2572 2893 2714 2951 bono
2744 2894 3120 2965 proficerent.
3161 2893 3291 2959 Qua
3321 2893 3389 2950 in
3413 2909 3486 2951 re
3511 2909 3700 2966 quam
3717 2897 3832 2968 pie,

2174 2997 2353 3056 quam
2370 2983 2879 3055 sancte/ecerunt,
2905 2983 2962 3038 et
2978 2985 3001 3039 ἰ
3011 2983 3225 3040 l’orum
3238 2981 3408 3040 nobis
3429 2985 3704 3042 ostendit
3713 2985 3835 3056 glo—

2170 3072 2294 3140 ria,
2333 3073 2391 3128 et
2418 3071 2610 3142 ipsius
2637 3073 2730 3128 rei
2760 3071 2882 3127 tam
2906 3071 3218 3132 fructuosa
3239 3071 3478 3142 gratia.
3512 3073 3681 3130 Nam
3707 3087 3836 3130 cum

423 3185 595 3227 causa
631 3173 908 3244 penderet
945 3175 1196 3244 abbatis,
1229 3177 1284 3230 in
1318 3175 1422 3231 hoc
1445 3177 1672 3234 tandem
1705 3178 1984 3247 majorum
2007 3184 2065 3236 et

2175 3160 2442 3216 oratoria
2465 3161 2531 3216 in
2553 3173 2700 3230 pace
2729 3160 2790 3216 et
2812 3159 3259 3231 tranquillitate
3287 3160 3624 3217 consistunt
3667 3161 3728 3217 et
3753 3175 3834 3218 ec-

2185 3263 2205 3269 -
2218 3247 2317 3269 1--.“
2333 3263 2357 3269 ..
2372 3263 2390 3269 -
2403 3249 2443 3269 1:
2457 3263 2476 3269 ρ
2490 3263 2514 3269 ..
2539 3247 2563 3269 ι
2579 3263 2635 3269 --Α
2654 3262 2673 3269 Α
2688 3248 2776 3269 Δ-1
2790 3262 2814 3269 -
2834 3262 2864 3269 Α.
2879 3262 2986 3269 ---μ
3002 3262 3054 3269 μ-
3067 3262 3117 3269 Α-
3138 3247 3366 3269 Ιιιμέωιξ
3387 3248 3643 3269 ..-ηιμξμμ
3657 3251 3684 3269 1.
3717 3250 3830 3269 -ιμ--μ

427 3259 730 3317 meliorum
779 3264 1068 3318 sententia
1127 3264 1444 3332 consensit,
1476 3266 1742 3322 Romanae
1797 3267 2066 3324 ecclesiae

427 3349 724 3418 proprium
744 3364 874 3406 esse
897 3351 967 3406 de
984 3351 1254 3408 omnibus
1272 3352 1556 3421 judicare,
1579 3353 1754 3410 nullis
1771 3369 1909 3411 vero
1933 3355 2067 3412 lice-

427 3450 486 3492 re
517 3435 586 3491 de
617 3437 742 3506 ejus
783 3437 1020 3503 judiciis
1051 3443 1408 3496 retractare:
1461 3455 1571 3497 non
1602 3445 2061 3501 succensendum

423 3523 640 3589 abbati,
659 3523 810 3592 quod
825 3523 1088 3581 ecclesiae
1106 3541 1226 3582 suae
1253 3527 2062 3596 procuraveritdefensionem

422 3613 482 3665 et
511 3610 786 3667 auxilium
841 3612 1176 3682 apostolicae
1232 3615 1618 3684 auctoritatis,
1676 3631 1806 3672 cum
1869 3633 1973 3674 nec
2007 3619 2062 3674 in

423 3712 598 3754 sensu
622 3713 725 3754 nec
751 3698 803 3754 in
830 3701 1008 3756 verbo
1029 3701 1348 3758 excluserit
1373 3703 1625 3760 debitam
1643 3705 2061 3774 subjectionem

419 3787 686 3844 ecclesiae
729 3789 1083 3846 Leediensis.
1121 3791 1460 3861 Indignatus
1492 3792 1577 3849 sic
1603 3809 1762 3850 suam
1790 3797 1936 3850 Boso
1968 3795 2064 3852 ad-

420 3890 629 3932 versus
643 3877 911 3936 abbatem
935 3879 1328 3948 conjecturam
1355 3882 1930 3953 extenuari,arrepto
1950 3885 2063 3954 pri-

419 3962 632 4032 vilegio
666 3963 736 4020 de
763 3965 949 4022 medio
971 3981 1252 4024 consessu
1277 3983 1339 4023 se
1371 3967 1669 4024 subduxit.
1707 3971 1838 4039 Ipso
1869 3984 2062 4028 tamen

418 4051 696 4121 episeopo
727 4052 1080 4109 reclamante
1107 4059 1162 4110 et
1198 4055 1534 4125 indignante
1559 4071 1686 4114 eum
1712 4059 1928 4114 ceteris
1958 4076 2064 4116 cur

416 4139 590 4195 talem
618 4139 884 4209 injuriam
913 4142 1126 4197 faceret
1153 4143 1372 4212 abbati,
1401 4143 1578 4198 vellet
1601 4144 1804 4214 nollet,
1835 4146 2066 4216 privile-

413 4226 570 4295 gium
607 4226 835 4296 publice
887 4228 1182 4285 laudatum
1217 4234 1276 4285 et
1307 4230 1735 4286 auctorizatuin
1772 4233 2054 4291 reddidit.

415 4313 612 4370 Soluta
635 4317 1030 4385 contentione,
1047 4318 1228 4374 abbas
1251 4318 1556 4376 absolutus
1577 4321 1843 4390 recessit,
1861 4323 1942 4378 sic
1967 4337 2063 4378 ex—

419 4403 634 4458 inanita
666 4404 1096 4461 existimatione
1151 4405 1232 4460 illi
1266 4407 1512 4477 objectze
1543 4407 1970 4469 criminationis
2003 4418 2058 4467 et

411 4492 784 4562 comprobata
809 4507 944 4561 erga
969 4492 1275 4549 ecclesiam
1299 4496 1552 4550 nostram
1571 4496 1928 4553 auctoritate
1955 4501 2060 4556 Ro-

415 4594 594 4634 mana:
610 4579 986 4637 defensionis.
1014 4583 1113 4638 Est
1135 4587 1326 4638 autem
1344 4583 1673 4652 bujusmodi
1693 4585 2056 4655 privdegium

413 4665 465 4720 in
493 4665 774 4736 superiori
803 4668 1003 4738 pagina
1030 4667 1446 4740 conscriptum,
1471 4669 1620 4740 quod
1645 4670 1736 4726 hic
1759 4677 1852 4726 est
1878 4673 2059 4728 inier-

411 4753 738 4827 ponendum
763 4774 774 4808 :

481 4901 808 4971 Gregorius
825 4902 1148 4973 episcopus,
1164 4915 1371 4960 serens
1380 4916 1689 4961 sercocum
1703 4903 1908 4973 Dei,di
1916 4905 2058 4962 lecto

2175 3247 2516 3306 elesiastica
2534 3247 2819 3319 beneficia
2826 3262 3118 3318 pauperes
3135 3247 3368 3304 Christi
3383 3248 3696 3319 nutriunt,
3715 3250 3834 3307 tum

2174 3350 2307 3390 cera
2336 3337 2469 3392 laus
2498 3336 2618 3392 Deo
2660 3336 2840 3406 digne
2849 3335 3173 3405 promitur,
3207 3335 3268 3391 et
3286 3335 3560 3393 remedia
3574 3338 3834 3407 peccato-

2172 3437 2310 3479 rum
2331 3424 2453 3480 tam
2472 3425 2631 3480 eicis
2653 3438 2830 3494 quam
2859 3423 3165 3496 defunctis
3193 3423 3646 3494 impenduntur.
3674 3425 3833 3480 Unde

2173 3525 2278 3568 nos
2299 3511 2364 3567 in
2393 3511 2597 3568 eadem
2622 3511 2759 3568 sede
2786 3511 3134 3582 apostolica,
3173 3525 3292 3568 non
3319 3512 3546 3570 nostris
3573 3513 3828 3568 meritis‘

2172 3599 2278 3656 sed
2289 3600 2500 3656 dicina
2514 3599 2637 3656 loca
2645 3598 2693 3654 ti
2707 3600 2938 3670 gratia,
2954 3599 3213 3670 suscepti
3225 3600 3407 3669 oﬂcii
3419 3599 3686 3656 debitum
3706 3615 3829 3657 ωηο

2171 3687 2527 3754 siderantes,
2557 3687 2882 3758 praefatum
2911 3687 3355 3756 monasterium,
3390 3689 3491 3745 cui
3517 3691 3605 3758 tu,
3626 3689 3830 3746 dilecte

2161 3777 2267 3848 ﬁli
2289 3777 2346 3832 et
2373 3775 2806 3846 pranominate
2825 3775 2995 3840 abba,
3025 3789 3284 3846 praesse
3303 3777 3706 3848 dignosceris,
3739 3779 3830 3833 tua

2171 3865 2386 3934 rogatu
2401 3864 2465 3920 in
2479 3863 2726 3920 tutelam
2745 3863 3084 3934 apostolica
3101 3863 3263 3920 sedis
3285 3865 3622 3922 etnoslra-m
3643 3866 3828 3922 etsuc~

2173 3966 2462 4010 cessorum
2477 3965 2580 4009 nos
2587 3953 2710 4007 tror
2717 3966 2814 4008 um
2826 3952 3229 4025 defensionem
3237 3953 3828 4024 suscepimus,contir

2171 4041 2402 4097 mantes
2413 4041 2470 4094 et
2485 4039 2926 4096 corroborantes
2946 4040 3068 4096 sibi
3075 4053 3190 4111 per
3206 4055 3430 4110 pres-=21
3441 4041 3523 4098 tis
3540 4043 3820 4112 paginam

2169 4129 2501 4200 privilegii,
2547 4127 2856 4183 ecclesiam
2881 4128 3103 4184 sanctae
3119 4126 3338 4184 Maria
3356 4143 3537 4200 super
3557 4134 3822 4186 Axonam

2171 4209 2356 4266 sitam
2375 4209 2520 4277 (107)
2535 4207 2593 4263 et
2602 4206 2914 4264 ecclesiam
2924 4207 3122 4264 sancti
3133 4207 3395 4278 Sulpitii
3406 4222 3588 4278 super
3597 4207 3822 4266 Mosam

2174 4297 2322 4366 (108)
2354 4295 2696 4365 ceterasque
2723 4296 3126 4366 possessiones
3164 4295 3286 4352 tam
3325 4296 3391 4352 in
3428 4297 3605 4354 ciliis
3647 4312 3820 4370 quam

2171 4383 2435 4442 castellis
2475 4382 2794 4454 celerisque
2815 4383 3082 4440 ecclesiis
3115 4383 3172 4439 et
3193 4385 3374 4440 terris
3405 4385 3593 4441 cultis
3609 4386 3720 4440 aut
3739 4387 3818 4441 in-

2170 4472 2350 4529 cultis
2374 4484 2478 4529 seu
2507 4473 2572 4528 in
2591 4471 2860 4527 omnibus
2887 4471 3064 4528 rebus
3085 4471 3400 4528 mobilibus
3423 4472 3482 4527 et
3508 4472 3819 4530 immobili-

2087 4553 2141 4616 D
2173 4561 2296 4630 bus,
2320 4574 2475 4632 quas
2494 4574 2650 4617 nunc
2665 4559 2812 4628 jure
2835 4562 2994 4631 passi
3007 4561 3100 4616 iet
3115 4558 3159 4593 ⁸⁸
3173 4562 3284 4616 aut
3299 4562 3366 4616 in
3379 4562 3695 4632 posterum
3717 4563 3820 4617 Deo

2167 4649 2488 4706 miserante
2535 4649 2825 4720 nequiret,
2869 4650 3154 4720 quatinus
3211 4652 3417 4708 omnia
3455 4650 3538 4706 ad
3577 4665 3818 4708 commu-

2167 4751 2298 4794 nem
2313 4738 2403 4795 uti
2411 4738 2455 4794 li
2463 4738 2640 4793 tatem
2647 4737 2930 4808 fratrum
2957 4737 3114 4795 inibi
3131 4739 3711 4811 Deofamulantium
3720 4739 3817 4798 sub

2169 4828 2266 4882 tuo
2307 4827 2650 4896 tuorumque
2683 4839 3082 4882 successorum
3121 4827 3420 4896 regimine
3459 4829 3521 4884 et
3557 4841 3814 4900 congrua

2169 4905 2613 4977 dispensatione
2621 4918 2846 4976 semper
2855 4905 3208 4963 inconrulsa
3219 4905 3312 4962 ill:
3327 4907 3506 4979 bataq
3514 4923 3587 4965 ue
3594 4922 3812 4980 perma-

2165 4993 2365 5050 neant.
2387 4993 2468 5050 Si
2487 4994 2620 5066 quis
2638 5007 2774 5050 vero
2792 5005 3018 5064 regum,
3034 4993 3421 5064 sacerdotum,
3443 4995 3804 5064 clericorum,

475 5145 808 5224 f‘canon‘ice
824 5147 1004 5206 adiit
1025 5153 1072 5224 1.
1113 5150 1274 5224 quod
1285 5151 1750 5224 glossemaejeci

2175 5081 2514 5222 2333;“
2527 5149 2710 5224 (illius
2721 5150 3036 5224 privilegii
3042 5195 3056 5220 ,
3074 5153 3234 5224 quod
3244 5167 3321 5210 ea;
3339 5168 3452 5211 ms.
3467 5157 3540 5213 δ’.
3563 5155 3802 5212 Huberti

403 5216 721 5294 ediderunt
749 5219 1010 5294 Reppens
1042 5216 1342 5281 ἐγίΜίνῶ
1379 5225 1517 5294 Opp.
1539 5216 1686 5292 dipl,
1712 5223 1823 5290 IV,
1847 5226 1900 5292 6,
1921 5220 2177 5294 οιΜανί.
2216 5223 2276 5294 et
2293 5216 2627 5294 Durandin
2661 5216 2808 5294 Coll.
2845 5216 3122 5294 simpli,
3157 5228 3283 5281 513.
3362 5226 3481 5282 “a.

400 5285 444 5319 “
471 5288 564 5344 ita
593 5285 846 5358 correa'i,
865 5285 1068 5348 eadem
1092 5285 1484 5358 auctoritate}
1513 5298 1577 5348 ut
1603 5285 1716 5348 non
1769 5285 2054 5350 eas'cath.
2091 5299 2139 5348 1.

2219 5227 2276 5278 et
2293 5227 2549 5278 Durand
2563 5227 2627 5277 in
2661 5227 2808 5278 Coll.
2845 5227 3034 5292 Ampl.
3069 5227 3122 5291 1,
3157 5228 3283 5281 513.
3362 5227 3481 5282 “a.
3519 5241 3653 5298 quas
3683 5227 3795 5284 illi.

2219 5292 2262 5325 ⁸⁷
2283 5293 2374 5350 ita
2399 5305 2614 5348 omnes.
2692 5291 2738 5324 ⁴⁸
2759 5293 2858 5350 hic
2869 5293 3095 5352 desinit
3112 5295 3426 5368 exemplar
3454 5298 3638 5354 illud.

1990 5363 2212 5418 ΝΟΤιιΕ.

403 5425 480 5504 pli
493 5441 558 5482 us
582 5426 890 5504 molestare
921 5431 1081 5488 velit.
1121 5432 1493 5504 Compertum
1513 5433 1603 5490 est
1619 5431 1805 5495 nobis,
1835 5433 2042 5504 inquit,

401 5497 455 5572 t_e
473 5497 865 5572 cqntumelias
885 5497 1273 5572 quorundam'
1287 5504 1536 5560 consilio
1555 5503 1831 5560 intulisse
1842 5497 2047 5560 abbati

399 5567 470 5624 de
485 5568 556 5651 S.
573 5566 845 5651 ‘Huberto
861 5566 1093 5642 propter
1107 5573 1366 5645 pricileg
1375 5576 1498 5651 ium
1526 5574 1686 5651 quod
1703 5588 1742 5651 α
1763 5573 2046 5651 nobiseu-

397 5638 602 5712 accpit,
609 5637 716 5696 sed
724 5637 1076 5712 excusemus
1086 5637 1401 5712 e'um,qubd
1409 5637 1615 5700 contra
1628 5644 2045 5702 detrimentum

399 5658 714 5765 scailouﬁea
724 5658 1076 5699 eacusamus
1086 5658 1398 5768 cumquod
1409 5658 1615 5700 contra
1628 5658 2043 5702 detrimentum

399 5711 456 5764 et
553 5721 755 5764 norem
773 5709 1030 5767 ecclesia
1049 5713 1240 5769 tuani
1283 5713 1580 5783 ilfecerit.
1605 5714 1770 5771 Unde
1789 5715 2043 5773 temone-

2154 5434 2388 5510 muset
2449 5433 2837 5510 rogamusut
2882 5435 3207 5504 pernities
3247 5450 3381 5493 eum
3404 5441 3468 5496 in
3489 5453 3640 5510 pace
3674 5440 3729 5496 et
3744 5440 3795 5494 in

2155 5505 2315 5561 omni
2345 5503 2801 5576 tranquillitate.

2225 5576 2375 5714 £107)
2409 5575 2467 5630 In
2491 5574 2946 5630 “Eberneicurte.

2254 5647 2374 5714 108)
2407 5645 2731 5701 Pirensem.

2254 5645 2374 5716 108)
2407 5645 2731 5701 Pirensem.
