3968 6338
226 380 378 444 1377

1227 371 1700 438 CHRONICON
1731 369 1796 434 S.
1837 371 2195 436 HUBERTI
2226 375 2614 440 ANDAGIN.

3471 375 3625 446 1378

217 533 496 592 iudicum
516 547 587 588 ac
605 529 986 588 saecularium
997 542 1386 601 personarum
1414 528 1570 584 lianc
1589 523 1870 582 constitu-
1902 522 1955 576 A
1989 523 2229 580 busdam
2265 527 2583 585 curialibus
2613 530 2738 586 suis
2770 531 3002 586 vadium
3033 532 3370 590 humillimas
3393 533 3622 590 satisfa-

215 622 408 680 tionis
419 621 636 678 nostra
642 619 932 691 paginam
945 618 1342 689 agnoscentes,
1352 631 1380 673 c
1393 618 1558 673 intra
1579 629 1707 672 eam
1717 613 1875 670 veni-

211 724 286 766 re
305 710 704 781 temptaverit,
731 709 1046 780 potestatis
1078 708 1437 778 [tonorisyue
1457 707 1554 762 sui
1578 703 1877 775 dignitate

216 797 454 866 careat,
475 810 830 868 reumqucse
851 796 1300 868 divinojudicio
1315 794 1570 850 existere
1591 793 1661 848 de
1675 805 1876 862 perpe-

221 887 394 943 trata
416 885 744 956 iniquitate
764 887 1086 956 cognoscat,
1111 891 1164 940 el
1191 884 1312 941 nisi
1333 884 1428 940 vel
1445 897 1514 939 ea
1535 880 1750 953 φατεαῦ
1773 879 1878 935 illo

220 972 1118 1041 suntmaleablatarcstituerit,
1139 973 1432 1043 vetdigna
1443 969 1878 1042 panitentiail—

225 1062 400 1119 licite
427 1063 565 1119 acta
588 1061 910 1133 deﬂeverit,
935 1078 972 1117 ιι
993 1059 1404 1118 sacratissimo
1421 1073 1654 1130 corpore
1671 1057 1727 1113 et
1743 1071 1878 1114 san-

217 1151 414 1221 gnine
435 1150 544 1206 Dei
569 1149 793 1206 domini
805 1149 849 1182 "
867 1149 1257 1220 redemptoris
1278 1150 1468 1205 nostri
1488 1148 1633 1204 Jesu
1648 1145 1882 1202 Christi

223 1239 608 1306 alienus‘ﬂat,
625 1239 808 1310 atque
819 1238 886 1294 in
896 1239 1108 1295 aeterno
1123 1238 1396 1294 creamine
1411 1237 1504 1294 dis
1513 1235 1700 1293 triclee
1710 1235 1882 1290 ultio-

220 1328 292 1384 ni
307 1326 636 1398 subjaceat.
658 1327 901 1385 Cunctis
917 1328 1290 1398 antemjusta
1301 1324 1673 1383 servantibus
1693 1322 1881 1378 eidem

225 1417 372 1487 loco,
386 1429 519 1487 pas:
541 1415 765 1472 domini
783 1415 976 1472 nostri
991 1415 1137 1472 Jesu
1153 1415 1404 1483 Christi,
1421 1412 1883 1484 uthicfructam

225 1504 390 1562 bona
411 1506 668 1562 actionis
679 1505 1064 1574 recipiant,et
1075 1503 1238 1574 apud
1259 1502 1599 1560 districtum
1611 1499 1882 1572 judicem

209 1595 472 1664 pramia
501 1593 734 1650 (eterna
755 1594 913 1656 pacis
933 1593 1268 1660 inveniant,
1291 1594 1490 1648 Amen.
1520 1586 1876 1658 Subscripsit

223 1687 422 1738 autem
474 1697 644 1738 manu
675 1680 913 1752 propria
955 1680 1200 1736 domnus
1239 1692 1424 1750 papa:
1457 1675 1880 1734 Miserationes

229 1771 364 1838 tute,
409 1771 672 1840 Domine,
705 1783 886 1839 super
909 1769 1111 1825 omnia
1137 1781 1315 1839 opera
1339 1767 1460 1824 tua.
1484 1767 1634 1823 Bene
1654 1762 1867 1822 valete.

1986 615 2200 671 ctionis
2228 630 2377 683 genu
2409 617 2555 672 flexo
2588 619 2869 690 porrexit,
2897 635 2958 675 se
2985 634 3236 692 errasse,
3265 636 3329 678 se
3350 636 3626 691 peccasse

1985 701 2046 758 in
2081 705 2258 758 Deum
2290 707 2345 757 et
2381 710 2600 774 patrem
2633 723 2800 763 suum
2831 713 2923 764 est
2979 709 3309 772 confessus.
3365 723 3625 766 errorem

1990 805 2401 860 quoquesuum
2437 795 2642 849 amodo
2671 809 2732 850 se
2759 801 3161 853 correcturum
3191 797 3506 868 professus.
3534 798 3629 852 Mi-

1991 885 2155 935 ratus
2179 881 2361 935 abbas
2404 885 2464 935 et
2490 881 2720 939 lzetalus
2749 884 2803 939 in
2830 885 3084 955 Domino,
3103 886 3199 955 qui
3223 885 3293 940 ad
3318 885 3471 956 quod
3502 886 3629 942 vult

1991 966 2233 1021 inclinat
2273 968 2454 1023 corda
2497 971 2749 1026 omnium
2795 971 3044 1028 filiorum
3077 973 3388 1044 hominum,
3422 989 3630 1044 sugge-

1991 1062 2158 1112 rente
2185 1057 2462 1128 episcopo
2487 1057 2618 1112 duci
2643 1059 2953 1115 recredidit
2980 1062 3133 1130 quod
3151 1062 3259 1117 sibi
3285 1068 3628 1134 porrexerat

1991 1143 2242 1212 vadium,
2262 1145 2314 1198 in
2331 1147 2510 1201 verbo
2538 1146 2762 1202 scilicet
2803 1147 3051 1204 viventis
3079 1149 3265 1206 adhuc
3296 1152 3480 1222 patris
3514 1151 3624 1222 sui,

1993 1246 2108 1301 quo
2131 1247 2261 1288 eum
2287 1233 2657 1302 adiuraverat
2681 1234 2742 1304 δι,
2771 1235 2906 1290 vitae
2929 1250 3050 1292 suae
3080 1242 3138 1292 et
3173 1237 3409 1293 honoris
3431 1241 3630 1295 condi-

1993 1319 2150 1375 tione
2167 1321 2513 1392 interposita
2534 1340 2548 1387 ;
2573 1324 2768 1378 statim
2794 1322 2892 1378 ille
2918 1339 3020 1394 pro
3037 1323 3146 1380 hiis
3161 1339 3287 1395 quae
3301 1325 3371 1380 de
3391 1327 3629 1396 praefato

1994 1409 2271 1465 thesauro
2293 1409 2883 1480 subduxeratabbati,
2905 1413 3117 1468 Bellam
3139 1413 3345 1469 vallem
3371 1413 3442 1469 ad
3462 1429 3628 1472 usum

1994 1498 2236 1553 fratrum
2267 1499 2318 1554 ei
2377 1499 2667 1570 deposuit,
2701 1505 2760 1556 et
2791 1501 3098 1557 ecclesiam
3152 1503 3357 1558 Montis
3388 1504 3634 1559 Madien-

1993 1585 2074 1640 sis
2106 1587 2248 1656 (l09)
2309 1603 2436 1643 cum
2466 1589 2657 1644 tribus
2704 1589 2921 1645 mansis
2953 1595 3127 1646 terra;
3163 1593 3333 1646 beato
3365 1593 3541 1648 Petro
3575 1593 3630 1648 in

1995 1680 2335 1746 perpetuum
2371 1676 2777 1746 possidendam
2812 1678 3080 1746 legaliter
3104 1679 3368 1736 tradidit.

2061 1763 2146 1817 28.
2185 1762 2320 1834 (39.)
2353 1765 2562 1820 Eodem
2624 1780 2772 1822 anno
2823 1767 3002 1837 (1075,
3051 1768 3192 1824 Jun.
3225 1769 3317 1840 23)
3351 1770 3632 1826 Theodui-

229 1857 458 1914 Datum
487 1858 806 1915 Lateranis
847 1859 914 1914 in
933 1857 979 1890 ⁸ο
996 1858 1142 1914 Kal.
1174 1856 1332 1914 Maii
1350 1870 1451 1911 ver
1469 1867 1684 1912 manus
1705 1852 1876 1909 Petri
1905 1865 1962 1926 Β
1991 1866 2099 1908 nus
2135 1851 2465 1908 Leodiensis
2515 1854 2827 1924 episcopus
2875 1855 2988 1910 vita
3049 1856 3324 1912 decessit.
3382 1863 3628 1928 ortaque

227 1947 455 2006 sancta
477 1944 1690 2017 Romanaecclesiapresbitericardinalis
1711 1940 1877 2000 acbi-

229 2033 631 2104 bliolliecarii,
647 2048 804 2091 anno
810 2034 1010 2105 primo
1018 2034 1194 2105 ponti
1189 2034 1411 2105 ﬁcatus
1427 2033 1650 2088 domini
1665 2028 1878 2102 Grego-

225 2123 316 2180 rii
350 2122 486 2192 VII,
501 2135 694 2194 papa,
719 2121 1048 2180 indictione
1074 2121 1411 2178 undecima.

300 2213 390 2266 27.
425 2212 564 2282 (38.)
589 2212 815 2268 Interea
854 2209 1109 2266 monitus
1137 2209 1482 2266 Godefridus
1505 2224 1578 2264 ex
1610 2207 1880 2264 mandato

232 2313 403 2371 papae
433 2313 462 2354 a
495 2299 823 2356 Coloniensi
858 2299 1113 2369 itemque
1155 2298 1454 2354 Leodiensi
1490 2297 1782 2369 pontifice,
1820 2300 1880 2353 ut

235 2385 568 2443 condictam
592 2386 744 2457 patri
761 2385 1065 2442 veritatem
1083 2390 1143 2441 et
1173 2385 1342 2441 fidem
1374 2384 1726 2454 exsolveret,
1761 2384 1882 2440 ille-

235 2489 352 2545 que
369 2488 474 2530 nec
490 2477 794 2530 monentes
808 2488 915 2530 nec
931 2475 1243 2543 arguentes
1258 2473 1460 2530 audire
1472 2477 1726 2540 curaret,
1745 2472 1887 2527 acci-

235 2562 326 2618 dit
358 2568 421 2618 ut
447 2561 694 2619 domnus
719 2561 1121 2630 Herimannus,
1151 2562 1424 2618 Metensis
1453 2561 1786 2632 episcopus,
1813 2561 1883 2616 ad

235 2665 370 2706 eum
387 2649 688 2706 Bulonlum
701 2651 1298 2707 veniret.Eratautem
1313 2649 1584 2705 dominici
1601 2649 1885 2706 adventus

235 2737 531 2795 dominica
561 2737 838 2808 secunda,
864 2743 924 2794 et
950 2743 1009 2794 ut
1041 2753 1208 2795 suum
1233 2743 1324 2794 est
1353 2738 1478 2808 ejus
1501 2739 1802 2809 temporis,
1827 2739 1883 2794 in

235 2827 550 2884 horruerat
565 2827 779 2898 passim
800 2827 984 2882 hiems
1009 2827 1348 2898 asperrima.
1369 2829 1662 2898 Exceptus
1686 2841 1715 2882 a
1739 2825 1885 2883 duce

238 2921 304 2973 ut
337 2915 581 2972 decebat
615 2921 840 2972 tantum
867 2915 1222 2987 pontificem,
1257 2930 1386 2972 cum
1418 2921 1544 2986 post
1576 2930 1798 2972 coenam
1829 2916 1884 2970 in

235 3005 396 3064 lecto
420 3003 584 3060 ducis
607 3010 901 3075 pausaret,
929 3003 1076 3060 duce
1107 3003 1456 3060 altrinsecus
1487 3005 1542 3058 in
1564 3004 1764 3060 eadem
1795 3019 1888 3061 ca-

235 3106 399 3148 mera
423 3091 791 3163 quiescente,
815 3092 999 3163 primo
1015 3090 1312 3161 gallicinio
1333 3091 1484 3162 apud
1504 3099 1769 3148 sanctum
1791 3092 1888 3148 Pe-

1992 1940 2138 2010 (110)
2172 1941 2546 1996 contentione
2596 1943 2745 1998 inter
2778 1958 3038 2014 quosque
3090 1948 3360 2015 potentes
3389 1945 3628 2016 agendas

1991 2029 2314 2098 electionis,
2369 2031 2502 2085 dum
2559 2031 2752 2100 plures
2787 2031 2906 2086 fieri
2964 2031 3286 2088 voluissent
3344 2033 3623 2106 epiSCOpi,

1994 2116 2134 2172 nulli
2167 2132 2366 2173 eorum
2403 2123 2464 2174 ut
2495 2119 2811 2190 cpiscopus
2845 2120 3007 2174 fieret
3042 2121 3306 2191 contigit.
3341 2123 3480 2177 Nam
3509 2121 3627 2178 dux

1994 2205 2361 2275 Goderridus,
2389 2207 2483 2276 qui
2510 2213 2648 2263 tunc
2675 2209 2822 2262 forte
2848 2209 3185 2265 morabatur
3207 2225 3335 2266 cum
3360 2192 3629 2266 Heinrico

1997 2308 2150 2363 rege,
2211 2309 2339 2349 cum
2380 2295 2474 2349 vix
2534 2295 2789 2351 tenuiter
2848 2297 3232 2366 persensisset
3291 2298 3628 2369 episcopum

1993 2382 2226 2450 obiisse,
2281 2383 2552 2453 precibus
2589 2384 2713 2439 suis
2744 2385 2998 2455 optinuit
3031 2385 3182 2455 apud
3231 2401 3382 2454 eum,
3418 2387 3629 2442 nemini

1995 2471 2428 2528 concedendum
2457 2471 2996 2544 donunfepiscopii,
3036 2473 3142 2529 nisi
3169 2488 3336 2544 quem
3363 2473 3460 2530 ille
3491 2489 3632 2546 pra-

1995 2565 2258 2616 sentaret
2289 2560 2340 2615 ei
2368 2577 2382 2625 ;
2445 2575 2694 2630 moxque
2725 2561 2796 2616 ad
2829 2561 3156 2618 ileinricum
3216 2563 3630 2620 Virdunensem

1995 2647 2466 2704 archidiaconum
2499 2647 2543 2680 ³³
2573 2649 2748 2716 misit,
2801 2653 2856 2704 et
2912 2649 2962 2704 ei
2998 2654 3062 2705 ut
3091 2657 3312 2706 remota
3369 2653 3519 2706 omni
3553 2652 3634 2706 di-

1997 2735 2210 2792 latione
2241 2735 2311 2791 ad
2340 2751 2404 2792 se
2437 2737 2658 2793 veniret
2693 2737 3004 2792 mandavit.
3035 2738 3358 2794 Festinavit
3380 2739 3478 2795 ille
3500 2739 3629 2796 duci

1997 2839 2327 2894 occurrere,
2362 2826 2620 2880 incertus
2647 2825 2876 2880 omnino
2901 2825 3039 2895 quid
3063 2826 3258 2882 vellet.
3289 2827 3634 2884 Leodienses

1996 2928 2136 2969 vero
2168 2929 2272 2984 pro
2293 2913 2668 2970 contentione
2695 2914 2932 2984 praefata
2952 2913 3106 2969 nulla
3131 2915 3321 2970 adhuc
3343 2915 3632 2971 electione

1999 3001 2245 3072 firmata,
2309 3016 2379 3057 ne
2419 3002 2722 3057 videretur
2781 3002 3126 3072 injuriosum
3185 3003 3326 3072 regi,
3363 3003 3630 3060 baculum

1999 3090 2388 3161 pontificalem
2423 3090 2595 3162 paulo
2629 3090 2916 3147 morosius
2945 3090 3182 3159 deferri,
3208 3096 3422 3147 uteum
3457 3092 3634 3148 refer-

235 3187 393 3237 trum
413 3184 798 3237 surrexerunt
823 3179 892 3236 ad
917 3179 1767 3250 vigiliasfratres,Theoderico
1791 3181 1887 3237 ab-
1919 3208 1968 3270 Ο
2000 3183 2089 3234 ret
2121 3178 2500 3248 injunxerunt
2535 3178 2886 3234 Theoderico
2917 3177 3134 3232 abbati.
3171 3178 3408 3244 Quidam
3441 3185 3633 3235 autem

235 3272 374 3326 bate
403 3275 540 3326 tunc
589 3283 720 3326 cum
752 3269 834 3325 eis
865 3268 944 3324 ibi
995 3269 1354 3324 demorante.
1390 3269 1631 3326 Miratus
1661 3269 1887 3340 episco-
1930 3265 1966 3270 ’ί
2001 3266 2072 3321 de
2121 3265 2355 3322 clericis
2393 3266 2546 3322 alter
2577 3267 2822 3323 alterum
2857 3266 3183 3338 anticipans
3213 3267 3432 3323 curiam
3464 3267 3642 3340 irrep-

237 3372 349 3430 pus
369 3371 438 3411 ea
458 3355 557 3412 tali
574 3357 712 3412 hora
735 3371 797 3412 se
814 3369 1125 3428 campanae
1148 3355 1372 3427 audire,
1389 3356 1889 3428 interrogavitdu-

238 3459 392 3515 cem,
425 3459 538 3515 quo
573 3443 663 3502 vel
693 3443 764 3500 ad
789 3443 929 3514 quid
955 3449 1247 3502 sonarent.
1275 3445 1594 3515 Respondit
1629 3445 1747 3502 dux
1779 3447 1888 3500 fra-

237 3539 368 3588 tres
391 3530 543 3602 apud
565 3534 829 3586 sanctum
863 3531 1096 3586 Petrum
1121 3531 1192 3586 ad
1213 3530 1454 3601 ,vigilias
1476 3545 1741 3603 surgere,
1766 3546 1889 3588 eos-

239 3631 356 3690 que
369 3631 442 3674 ex
470 3617 784 3674 elemosina
808 3619 993 3690 patris
1013 3619 1102 3675 sui
1126 3617 1340 3675 ibidem
1365 3619 1586 3677 locatos
1606 3621 1888 3678 consiste-

241 3721 328 3764 re.
355 3707 440 3763 Ad
465 3708 585 3763 hac
606 3707 918 3778 episcopus
940 3707 1116 3763 altius
1141 3707 1558 3776 ingemiscens:
1586 3711 1650 3779 0,
1677 3708 1884 3780 inquit,

2003 3359 2222 3422 serant,
2251 3368 2496 3424 sperans
2511 3354 2756 3424 quisque
2788 3353 2876 3409 vel
2898 3353 3006 3409 sibi
3039 3359 3641 3425 proventurumeven-

2001 3447 2122 3498 tum
2141 3442 2244 3510 rei,
2263 3442 2352 3498 vel
2371 3449 2610 3514 paratus
2623 3442 2810 3511 gratia
2837 3442 3422 3502 vicissitudinisl‘erre
3437 3443 3640 3499 suﬂ‘ra-

1997 3529 2358 3600 giumalteri.
2388 3529 2918 3600 lntereasuggessit
2961 3531 3368 3588 duxclericum
3415 3531 3636 3603 adesse,

2000 3619 2092 3675 cui
2117 3617 2476 3690 episcopium
2512 3619 2842 3673 donandum
2873 3617 3258 3685 destinasset;
3301 3619 3641 3689 dignaretur

1999 3706 2444 3776 rex,utestejus
2457 3705 2790 3761 donationis
2803 3707 3645 3778 agendm,protribunalisede-

239 3808 348 3854 nos
365 3796 657 3866 infelices,
684 3809 830 3867 quos
841 3797 908 3852 in
927 3796 1114 3853 tantis
1126 3796 1364 3854 deliciis
1388 3799 1748 3868 yuiescentes
1769 3799 1888 3854 Deo
1955 3825 1973 3855 ι
2001 3801 2150 3864 re,et
2168 3794 2392 3849 vocatis
2406 3793 3178 3864 Leodiensibuscpiscopum
3193 3793 3644 3854 illisconstitue-

239 3884 669 3958 condempnant
685 3883 836 3941 tales
854 3885 1102 3954 vigilia.
1130 3884 1355 3942 Felices
1368 3887 1605 3942 econtra
1618 3901 1764 3957 quos
1785 3900 1892 3944 nec

243 3974 444 4044 torpor
452 3972 662 4030 medice
671 3973 988 4042 noctis,nec
999 3972 1205 4030 horror
1217 3973 1400 4045 hujus
1413 3977 1758 4046 asperrima
1768 3975 1890 4032 Itie—

238 4063 361 4118 mis
373 4062 652 4132 reprimit
669 4075 708 4118 a
731 4060 1011 4118 laudibus
1031 4061 1292 4119 omnium
1319 4063 1608 4120 creatoris
1637 4064 1762 4121 Dei.
1804 4064 1891 4120 Tu

239 4163 478 4220 quoque
487 4148 793 4206 infelicior
807 4149 1268 4222 infelicissimis,
1278 4163 1449 4221 quem
1461 4151 1708 4209 necdum
1719 4166 1840 4208 emo
1847 4152 1892 4209 l-

243 4237 696 4296 liuntveltimor
717 4239 827 4294 Dei
845 4237 939 4294 vel
965 4252 1133 4294 amor
1129 4238 1337 4310 patris
1359 4239 1467 4306 tui,
1501 4241 1609 4310 qui
1629 4240 1890 4298 elemosi-

236 4339 382 4384 nam
394 4325 524 4396 ejus
534 4325 1014 4397 deﬂ'audaveris.
1024 4327 1082 4382 et
1074 4326 1394 4399 fratribus
1407 4328 1527 4382 tam
1541 4327 1766 4384 devotis
1785 4329 1890 4386 ad-

239 4415 358 4472 huc
369 4413 845 4472 eamdetraa‘eris
861 4425 882 4470 ,ι
907 4415 988 4470 Ad
1005 4414 1128 4471 haec
1143 4413 1491 4472 Godel‘rirlus
1504 4423 1890 4487 compunctus

240 4504 297 4559 in
314 4501 1111 4574 lacrimaserupit,etgratias
1125 4519 1303 4574 agens
1317 4503 1791 4574 rationabiliejus
1804 4497 1912 4562 ca?

1949 3883 1972 3897 "
2000 3894 2081 3936 re.
2119 3880 2468 3936 Leodienses
2499 3879 2894 3948 evocati,licet
2937 3881 3348 3937 morderentur
3389 3881 3642 3941 latenter

2001 3969 2214 4024 nemini
2248 3967 2646 4038 illorumquod
2671 3971 3050 4038 Speraverant
3077 3968 3436 4039 provenisse,
3463 3984 3534 4026 ne
3557 3975 3642 4028 ta-

2001 4072 2127 4115 men
2143 4056 2431 4115 voluntati
2453 4056 2625 4126 regiae
2650 4070 2776 4126 quae
2801 4055 2858 4110 in
2881 4055 3113 4126 negotio
3127 4057 3636 4131 prmponderabat,

2000 4147 2344 4205 viderentur
2365 4146 2592 4216 deesse,
2608 4145 2961 4202 Theoderico
2980 4145 3177 4202 abbati
3202 4161 3272 4202 ex
3291 4146 3538 4204 consilio
3553 4162 3642 4204 re-

2004 4237 2297 4294 ferendam
2328 4236 2733 4308 imposuerunt
2759 4233 2970 4290 domini
2989 4235 3241 4292 Heinriei
3269 4235 3636 4293 electionem.

2003 4325 2109 4394 Qui
2143 4341 2272 4383 cum
2304 4325 2520 4382 ceteris
2553 4325 2843 4380 assistens
2871 4322 3013 4394 regi,
3041 4329 3096 4380 ul
3127 4328 3256 4380 erat
3280 4324 3368 4379 vir
3405 4323 3642 4381 urbanae

2001 4415 2328 4486 elegantiae,
2371 4419 2793 4486 promptasque
2823 4413 3059 4469 Latialis
3095 4413 3476 4484 eloquentiae:
3513 4415 3643 4470 Eli-

1997 4505 2127 4577 μαι,
2159 4505 2367 4576 inquit,
2390 4519 2521 4562 eram
2539 4505 2720 4574 Deus,
2744 4503 2894 4560 etab
2917 4517 2979 4558 eo
2989 4503 3368 4575 praelectum
3382 4515 3488 4559 nos
3503 4517 3644 4574 quo-

239 4591 560 4662 stigationi,
579 4569 858 4662 quicqu-id
873 4569 944 4647 ex
957 4592 1065 4648 hoc
1081 4569 1888 4664 neglexerat,emendaturum
1921 4569 1972 4629 D
1998 4569 2123 4667 Qui
2141 4569 2482 4652 voluntarie
2510 4569 2848 4664 eligendum
2875 4569 3256 4648 decrevimus.

239 4679 452 4736 amodo
475 4695 533 4737 se
557 4680 846 4750 promisit.
895 4682 951 4736 in
978 4682 1298 4740 crastinum
1325 4689 1572 4754 uterque
1621 4685 1889 4742 abbatem

193 4773 196 4778 '
237 4769 562 4839 mandavit,
595 4769 851 4824 venienti
883 4781 1024 4825 vero
1055 4769 1172 4826 dux
1198 4771 1616 4828 ofﬁciosissime
1630 4787 1892 4830 assurre-

236 4855 738 4929 xit,etnichiltale
753 4858 824 4914 de
837 4873 904 4915 eo
917 4859 1177 4932 speranti
1201 4874 1397 4918 coram
1415 4862 1686 4934 pontifice
1698 4867 1755 4920 et
1771 4867 1891 4934 qui-

2071 4687 2161 4739 29.
2195 4683 2332 4756 (41.)
2365 4683 2455 4738 Sic
2485 4681 2633 4751 (111)
2693 4679 2940 4735 domnus
3001 4677 3283 4732 Henricus
3342 4677 3643 4750 cpiscopio

2002 4773 2273 4842 donatus,
2298 4770 2733 4838 etobsequente
2757 4765 2900 4822 (lucc
2929 4767 2986 4820 in
3017 4765 3216 4820 urbem
3242 4764 3642 4821 favorabiliter

2001 4865 2300 4932 reneptus,
2337 4871 2447 4914 non
2497 4856 2679 4912 multo
2729 4859 2860 4925 post
2896 4867 2926 4908 a
2958 4852 3168 4908 domno
3223 4855 3456 4908 Annone
3483 4853 3646 4909 Colo-

1589 5007 1822 5066 νΑΒῐίΕ
1865 5005 2252 5069 LECTIOMES
2264 5047 2276 5060 .

309 5116 513 5204 ‘fulepe.
543 5123 602 5204 et
633 5117 870 5204 domini.
948 5117 994 5152 ⁸ο
1019 5117 1194 5204 ρει-ξπ
1223 5120 1318 5204 ρει
1334 5123 1409 5202 μ)
1435 5122 1806 5204 legi'ﬂote—stz‘
1863 5124 1908 5159 ιι
1927 5123 2230 5204 ᾷάείηνρῃι
2255 5134 2307 5204 2:
2359 5115 2763 5204 fleognatum
2791 5129 2979 5184 suum,
3007 5113 3193 5169 virum
3219 5111 3335 5168 vita
3355 5116 3414 5167 et
3429 5125 3645 5181 genere

241 5187 693 5257 nobiliSsimum,
729 5187 907 5245 filium
949 5190 1072 5246 scil.
1111 5191 1402 5248 Frederici
1425 5187 1658 5251 cdmﬁis
1688 5187 2210 5267 Tullensisfaddit
2230 5189 2528 5262 Epidius.

1834 5326 2066 5388 NOTE.

344 5477 468 5546 109)
497 5471 836 5546 Montmedy
867 5488 940 5532 ou
971 5472 1197 5546 Μαίνῃ.

344 5480 445 5532 109
497 5477 836 5545 Montmedy
867 5488 940 5532 ou
971 5477 1197 5546 Μαίνῃ.

317 5477 472 5673 ξιᾳο)
503 5545 716 5602 Eadem
765 5545 1092 5627 invenimus
1147 5543 1301 5617 apud
1345 5542 1630 5616 Egidium
1689 5549 1895 5630 aureae

317 5617 430 5673 ihs
451 5630 504 5673 c.
539 5620 625 5673 1ο.
658 5621 718 5672 et
736 5615 1008 5673 brevxora
1030 5630 1088 5672 in
1110 5616 1322 5673 Chron.
1347 5615 1402 5673 S.
1436 5615 1732 5673 Laurentii
1756 5617 1895 5673 Leo-

243 5615 430 5676 Vallis
451 5615 504 5674 ο.
539 5620 718 5687 10,,et
736 5615 1008 5676 breviora
1030 5615 1088 5672 in
1110 5615 1322 5674 Chron.
1347 5615 1402 5675 S.
1422 5615 1732 5676 Laurentii
1756 5617 1896 5677 Leo-

245 5687 486 5754 diensis.
520 5686 921 5752 CCLamberti
950 5690 1096 5752 Ann.
1131 5689 1285 5752 1075.

2077 5476 2226 5550 (111)
2265 5477 2468 5534 Totum
2497 5474 2674 5544 caput
2718 5469 2965 5526 totidem
2995 5470 3192 5528 verbis
3223 5469 3277 5527 le
3319 5469 3468 5527 imus
3497 5484 3527 5526 a
3573 5468 3650 5528 ud

2077 5549 2192 5600 aid.
2224 5564 2274 5600 ο.
2320 5552 2418 5600 11:
2470 5545 2523 5600 in
2561 5539 2762 5600 multis
2780 5541 3054 5600 convenit
3081 5557 3214 5600 cum
3245 5483 3376 5600 Cir.
3413 5539 3473 5597 S.
3510 5483 3650 5600 fau-

2003 5539 2274 5676 tEgitd..'c.
2320 5552 2418 5614 11;
2470 5545 2523 5601 in
2561 5539 2762 5600 multis
2780 5541 3054 5602 convenit
3081 5557 3214 5603 cum
3245 5539 3376 5600 Chr.
3413 5539 3473 5597 S.
3510 5539 3651 5602 Lau-

2006 5633 2109 5677 ren
2143 5637 2200 5678 ιι.
