3968 6316
437 331 590 396 13⁸79

1433 331 1910 397 CHRONICON
1944 332 2010 394 S.
2045 327 2415 394 HUBERTI
2442 327 2832 394 ANDAGIN.

3693 327 3846 391 1380

426 487 614 544 niensi
637 487 912 560 pontiﬁce
935 486 1338 560 sollempniter
1367 491 1876 552 estconsecratus;
1897 499 1927 541 a
1961 499 2074 556 quo
2105 467 2157 521 Α
2190 481 2458 539 marchas
2513 481 2738 553 argerti
2770 481 3091 539 moriturus
3121 482 3363 541 mittens
3419 479 3693 540 ecc.esia
3749 498 3846 539 no-

424 576 600 633 etiam
653 578 959 649 adjuratus
996 581 1083 633 est
1137 577 1244 633 sub
1302 575 1636 632 testimonio
1675 573 1906 631 collatas
1961 574 2071 630 sibi

429 665 875 735 benedictionis,
913 669 972 722 ut
1017 665 1143 734 ejus
1171 679 1400 736 quoque
1433 670 1666 720 utamur
1696 663 1921 718 verbis:
1955 663 2073 718 Per

424 753 903 823 benedictionem,
920 751 1013 824 inq
1023 754 1103 810 uit
1113 796 1128 824 ,
1138 755 1339 824 patris
1365 754 1456 810 tui
1477 753 1741 809 Annanis
1753 752 2002 808 obtestor
2019 753 2072 807 te

418 845 491 900 ut
505 843 782 902 destruet:
801 843 1142 914 superbiam
1163 844 1222 900 et
1240 843 1626 900 insolentiam
1650 840 2066 898 Guolbodonis.

419 933 557 987 Erat
575 937 767 987 autem
785 931 1086 988 Guolbodo
1098 931 1280 987 abbas
1295 929 1561 986 ecclesiae
1578 929 1732 985 beati
1755 928 2065 997 Laurentii,

419 1019 537 1090 qui,
582 1019 817 1076 nimium
868 1019 1126 1076 conﬁsus
1180 1018 1384 1088 glorise
1427 1033 1545 1074 sua:
1576 1023 1635 1073 et
1679 1017 1969 1072 nobilitati
2003 1015 2064 1085 ⁵³,

415 1105 584 1176 longe
606 1121 669 1163 se
690 1106 864 1162 aliter
887 1106 1139 1161 habebat
1161 1119 1331 1176 quam
1361 1105 1696 1160 conveniret
1718 1103 2067 1159 monachicae

414 1193 783 1266 professioni.
839 1194 954 1249 Nec
999 1192 1094 1248 diu
1156 1198 1419 1248 moratus
1467 1192 1780 1263 episcOpus
1823 1190 2066 1262 privatis

413 1281 576 1340 illum
599 1281 1114 1338 ammonitionibus
1145 1281 1461 1349 corrigere,
1497 1295 1626 1336 cum
1659 1279 1886 1335 videret
1919 1295 1980 1335 se
2011 1279 2065 1334 in

413 1371 522 1427 hoc
555 1384 666 1427 non
697 1369 880 1426 solum
931 1384 1043 1424 non
1075 1368 1382 1439 proﬁcere,
1417 1367 1521 1423 sed
1577 1366 1738 1423 illum
1784 1367 1962 1437 magis
1994 1367 2065 1423 ad

411 1458 707 1515 deteriora
739 1473 811 1512 ex
845 1456 1241 1526 indignatione
1277 1455 1544 1525 deﬁcere,
1572 1455 1883 1511 constituit
1912 1454 2063 1510 diem

410 1546 480 1603 ad
507 1545 930 1603 discussionem
964 1545 1092 1615 ejus
1119 1544 1430 1615 publicam.
1457 1544 1946 1598 Convenientibus
1969 1544 2067 1599 ab-

410 1634 645 1690 batibus
693 1633 863 1706 (Oct.)
897 1638 954 1689 et
989 1631 1422 1688 archidiaconis
1474 1647 1604 1688 cum
1653 1646 1714 1687 se
1763 1631 2064 1689 Guolbodo

408 1735 519 1778 non
549 1727 750 1794 posset
802 1735 1052 1793 purgare
1093 1735 1124 1775 a
1154 1719 1495 1776 criminibus
1525 1719 1792 1789 objectis,
1824 1719 2062 1776 decreta

2189 579 2353 628 strae.

2255 664 2348 716 31.
2391 661 2538 731 (43.)
2572 662 2630 716 In
2666 661 2932 731 sequenti
2962 659 3404 734 sollempnitate
3437 659 3723 716 dominici
3755 675 3847 716 na-

2184 749 2322 805 talis
2356 749 2474 805 dux
2506 749 2856 806 Godcfridus
2889 748 3210 806 natalitiam
3260 749 3480 807 curiam
3511 747 3844 805 celebravit

2182 853 2239 894 in
2273 852 2478 907 magna
2524 837 2708 908 gloria
2768 837 3037 908 Trajecti,
3100 837 3301 893 infelix
3329 843 3493 894 certe
3547 842 3612 892 et
3672 836 3847 892 nimis

2183 925 2544 997 improvidus
2576 927 2687 994 sui,
2712 931 2767 981 et
2795 927 2885 982 cui
2921 925 3124 982 ultima
3151 926 3259 982 fuit
3284 939 3492 998 pompa
3517 924 3702 995 hujus
3724 939 3844 980 sua:

2182 1015 2624 1078 ostentationis,
2669 1029 2796 1070 nam
2834 1015 2966 1071 inde
2995 1014 3358 1072 descendens
3390 1013 3660 1084 Frisiam,
3707 1013 3844 1069 dum

2181 1103 2332 1174 apud
2361 1108 2616 1159 castrum
2651 1101 2991 1172 Flardengis
3024 1109 3371 1171 moraretur,
3411 1115 3517 1173 per
3553 1102 3844 1173 quosdam

2182 1191 2548 1247 necessarios
2579 1191 2817 1246 Roberti
2846 1191 3079 1246 comitis
3110 1190 3486 1246 Flandrensis
3510 1190 3568 1244 in
3593 1203 3842 1246 secessu

2180 1294 2283 1350 per
2301 1280 2624 1350 posteriora
2643 1294 2961 1351 percussus
2982 1278 3205 1334 interiit
3219 1282 3512 1349 (an.1076,
3531 1277 3710 1334 Febr.
3729 1281 3840 1350 27).

2180 1369 2356 1439 Cujus
2379 1367 2654 1424 interitus
2700 1368 2969 1438 equidem
3003 1367 3307 1438 dolendus,
3341 1366 3500 1423 omni
3536 1367 3844 1422 Lotharin-

2176 1457 2286 1527 giae
2309 1457 2450 1512 adeo
2475 1456 2581 1513 fuit
2601 1455 2877 1525 exitialis,
2916 1459 2976 1511 ut
3005 1455 3235 1524 justitia
3265 1461 3322 1511 et
3353 1472 3488 1526 pax,
3523 1470 3660 1526 quae
3686 1455 3843 1510 ultra

2179 1544 2511 1600 memoriam
2539 1558 2738 1600 eorum
2765 1544 2861 1615 qui
2885 1549 3054 1599 erant
3077 1545 3202 1615 ejus
3230 1544 3538 1616 temporis,
3573 1544 3840 1616 profece-

2177 1638 2308 1688 rant
2337 1634 2445 1688 sub
2476 1647 2566 1703 eo,
2600 1632 2658 1688 in
2690 1633 2851 1688 brevi
2874 1633 3001 1702 ejus
3025 1632 3257 1688 defectu
3279 1632 3597 1688 eveniente
3629 1630 3841 1687 deﬁce.

2181 1725 2307 1776 rent
2337 1736 2466 1777 cum
2500 1736 2590 1777 eo.
2623 1720 2798 1793 Cujus
2829 1736 3064 1792 corpus,
3100 1721 3252 1776 sicut
3281 1720 3489 1776 vivens
3521 1721 3837 1791 disposue-

406 1811 740 1866 omnimoda
793 1825 888 1866 res
946 1811 1074 1880 ejus
1123 1809 1177 1864 in
1229 1813 1526 1880 potestate
1559 1813 1618 1862 et
1673 1809 2144 1879 dispositioneB
2176 1814 2264 1864 rat
2325 1809 2566 1865 Virduni
2611 1809 2680 1864 ad
2721 1809 3085 1880 sepulturam
3144 1807 3642 1878 transferendum,
3704 1807 3838 1864 dum

405 1899 686 1970 episCOpi.
724 1899 1065 1970 Episcopus,
1102 1913 1172 1953 ne
1195 1897 1880 1968 accelerandojustitiam
1907 1897 2062 1952 vidc-

404 1992 569 2044 retur
591 2001 905 2045 evacuasse
940 1986 1421 2055 misericordiam,
1453 1985 1668 2042 obtulit
1697 1985 1750 2041 ei
1787 1985 1978 2042 locum
2001 1992 2058 2042 et

404 2081 635 2148 tempus
665 2076 904 2146 agendae
935 2075 1319 2147 poenitentiae,
1355 2074 1735 2144 decrevitque
1767 2075 1818 2130 ei
1844 2082 1905 2131 ut
1939 2075 2061 2130 Vir-

401 2163 618 2221 dunum
633 2165 786 2236 apud
801 2169 1067 2221 sanctum
1087 2164 1392 2234 Agericum
1415 2163 1766 2234 aliquamdiu
1793 2164 2058 2234 privatus

400 2253 726 2322 secederet,
765 2257 820 2308 et
858 2253 1010 2309 inter
1033 2252 1343 2322 religiosos
1364 2251 1520 2307 viros
1554 2251 1632 2305 ibi
1667 2251 1893 2306 noviter
1925 2266 2058 2307 con-

397 2346 676 2412 gregatos
707 2344 854 2412 (112)
896 2340 1357 2396 satisfactionem
1409 2354 1570 2394 suam
1612 2339 1842 2408 dignam
1887 2341 2054 2397 mise-

399 2429 681 2490 ricordia;
715 2429 1142 2500 comprobaret.
1180 2429 1480 2484 Concessit
1504 2427 1601 2484 ille
1631 2430 1875 2499 primum
1903 2429 2054 2500 judi-

394 2517 850 2589 ciosapientium
893 2523 954 2573 et
989 2515 1310 2588 episcopali
1356 2518 1596 2572 decreto
1637 2533 1698 2572 se
1738 2532 2052 2575 consensu-

397 2619 558 2672 rum;
598 2605 700 2661 sed
734 2605 806 2662 ad
838 2605 1034 2661 horam
1073 2604 1301 2660 locutus
1339 2604 1685 2675 quibusdam
1717 2606 1862 2675 suis,
1897 2607 2046 2676 quod

399 2693 564 2766 prius
579 2694 1314 2766 promiseratexequi,post
1338 2693 1568 2765 publica
1586 2695 2047 2752 contradictione

397 2783 714 2840 recusavit.
752 2784 1043 2854 Episcopo
1091 2783 1361 2852 exigente
1394 2791 1453 2838 ut
1486 2782 1725 2840 daretur
1755 2786 2044 2839 sententia

391 2871 527 2928 huic
558 2870 932 2928 resulta'ioni
966 2877 1026 2927 et
1057 2870 1487 2941 iuobedientize,
1524 2872 1822 2928 decretum
1845 2880 1933 2928 est
1971 2873 2042 2927 ab

388 2961 541 3017 omni
571 2965 886 3027 conventu,
943 2969 1004 3018 ut
1052 2961 1105 3015 in
1165 2975 1267 3015 sua
1321 2974 1383 3015 se
1447 2967 1914 3031 recognosceret,
1973 2961 2037 3031 ⁸⁸,

393 3049 696 3121 ipsamque
726 3049 1018 3104 abbatiam
1046 3047 1228 3104 libere
1252 3049 1322 3102 ad
1349 3046 1625 3119 placitum
1649 3063 1816 3104 suum
1849 3050 2040 3121 dispo-

2177 1896 2464 1966 perlatum
2489 1903 2645 1953 esset
2679 1897 2978 1964 Leodium,
3008 1897 3294 1952 Henricus
3325 1896 3656 1969 episcopus
3674 1900 3838 1951 tanto

2175 1985 2360 2041 amico
2393 1985 2736 2055 destitutus,
2769 1986 2824 2041 in
2847 1999 3060 2056 pompa
3092 1985 3322 2040 maximi
3348 1984 3578 2042 doloris
3605 1999 3838 2057 proces-

2171 2073 2246 2128 sit
2277 2073 2330 2130 ei
2363 2089 2491 2130 cum
2523 2075 2683 2130 clero
2713 2079 2773 2129 et
2805 2073 3020 2146 populo
3068 2074 3254 2130 totius
3285 2074 3575 2144 civitatis,
3612 2087 3835 2146 perque

2169 2162 2428 2232 singulas
2472 2163 2958 2234 congregationes
3010 2178 3268 2234 praesens
3301 2164 3426 2235 ipse
3457 2164 3832 2220 circumferri

2161 2250 2360 2321 jussit,
2391 2258 2754 2329 exceptoque
2805 2251 3214 2324 sollempniter
3267 2253 3478 2308 missas
3533 2251 3826 2309 celebrari

2167 2337 2444 2395 instituit.

2235 2430 2321 2482 32.
2371 2427 2520 2500 (44.)
2574 2429 2790 2486 Deinde
2824 2433 3172 2501 prosecutus
3230 2443 3359 2486 eum
3393 2443 3587 2500 usque
3640 2429 3828 2486 Vilan-

2164 2516 2302 2572 tiam
2337 2517 2506 2587 (115),
2543 2532 2662 2590 prae
2696 2517 2875 2574 nimio
2906 2518 3110 2575 dolore
3152 2517 3503 2590 inﬁrmatus,
3542 2519 3824 2590 progredi

2164 2604 2316 2659 ultra
2360 2619 2470 2660 non
2504 2605 2719 2676 potuit,
2755 2612 2814 2660 et
2841 2607 3196 2662 Theoderico
3246 2607 3446 2662 abbati
3478 2606 3555 2662 ad
3605 2622 3824 2679 corpus

2162 2693 2563 2750 deducendum
2593 2695 2752 2751 vices
2784 2711 2919 2751 suas
2971 2696 3282 2752 commisit.
3318 2697 3448 2768 Ipse
3480 2695 3724 2754 delatus
3753 2699 3821 2754 ad

2159 2783 2470 2838 ecclesiam
2489 2784 2642 2838 beati
2665 2785 2926 2854 lluberti,
2945 2785 3130 2840 donec
3146 2785 3590 2842 convalesceret
3609 2787 3820 2843 ibidem

2161 2871 2286 2926 fuit.
2325 2871 2452 2927 Fuit
2481 2877 2672 2928 autem
2695 2888 2724 2927 a
2744 2873 2995 2928 secunda
3032 2874 3320 2930 dominica
3345 2875 3819 2946 quadragesimae

2157 2974 2340 3029 usque
2372 2966 2501 3031 post
2535 2967 2772 3017 octavas
2803 2961 2880 3017 ibi
2911 2962 3194 3018 celebrati
3227 2978 3419 3034 pascas
3452 2963 3636 3035 (116).
3680 2965 3817 3020 Nam

2153 3047 2483 3104 delectatus
2503 3049 2782 3119 religiosa
2798 3051 3041 3106 fratrum
3067 3052 3521 3108 conversatione
3535 3061 3816 3111 eteorum

389 3141 576 3206 neret,
611 3136 778 3206 cujus
806 3137 988 3192 abbas
1015 3137 1322 3192 convictus
1361 3135 1706 3192 criminibus
1736 3136 1920 3192 nollet
1953 3137 2036 3193 illi
2071 3170 2118 3229 Ο
2153 3137 2395 3207 probata
2416 3153 2554 3207 erga
2577 3153 2636 3194 se
2659 3140 2886 3195 sincera
2910 3139 3244 3212 dilectione,
3269 3140 3426 3196 nulla
3455 3157 3701 3200 suorum
3724 3144 3816 3201 vel

388 3224 460 3281 ad
492 3224 958 3282 emendationem
992 3223 1254 3280 obedire.
1289 3224 1403 3279 Nec
1443 3230 1702 3281 moratus
1735 3225 2036 3282 Guolbodo
2078 3223 2117 3229 “
2147 3225 2497 3282 clericorum
2519 3227 2606 3282 vel
2630 3228 2955 3299 principum
2978 3231 3168 3298 potuit
3191 3230 3810 3301 evincisuggestione,

391 3312 463 3370 ad
479 3327 675 3383 regem
696 3314 1001 3370 Henricum
1016 3312 1180 3381 abiit,
1198 3312 1441 3383 ejusque
1463 3313 1740 3370 violentia
1754 3315 2038 3372 adversus

394 3402 734 3474 episcopum
767 3407 1012 3458 conatus
1041 3407 1129 3458 est
1163 3417 1225 3458 se
1255 3403 1427 3458 tueri.
1463 3402 1569 3468 Qui
1601 3404 1735 3460 dum
1768 3406 2037 3462 ecclesia-

385 3490 593 3547 sticam
619 3489 909 3560 justitiam
941 3490 1209 3546 saeculari
1242 3490 1553 3548 audientize
1592 3493 1915 3564 prostituit,
1949 3508 2037 3550 se-

385 3577 638 3637 cundum
670 3591 869 3634 sacros
909 3593 1163 3636 canones
1193 3594 1421 3636 omnem
1473 3581 1584 3636 sibi
1619 3581 1839 3638 aditum
1872 3597 2039 3640 recu-

381 3667 708 3741 perationis
739 3668 1058 3725 obstruxit.
1094 3669 1234 3726 Nam
1267 3684 1374 3726 nec
1415 3671 1591 3740 regiis
1621 3673 1900 3743 precibus
1929 3687 2035 3729 nec

379 3757 553 3814 minis
609 3756 800 3829 potuit
831 3757 1146 3829 episcopus
1173 3758 1388 3814 attrahi
1418 3763 1478 3815 ut
1511 3773 1640 3816 eum
1673 3762 2039 3834 restitueret,

381 3846 716 3905 obtestatus
739 3859 803 3902 se
828 3845 998 3902 malle
1012 3845 1373 3918 episcopium
1399 3848 1470 3904 ad
1497 3856 1728 3920 tempus
1750 3851 2043 3909 intermit‘

380 3940 528 4005 tere,
554 3949 725 4007 quam
764 3934 1042 4005 ejusmsdi
1065 3935 1438 3992 insolentiam
1482 3943 1603 4008 pati
1629 3938 1754 3995 sine
1778 3955 2037 4011 congrua

379 4022 800 4081 satisfactione.
835 4023 925 4080 Sic
971 4023 1271 4082 Guolbodo
1301 4024 1650 4097 desperatus
1678 4027 2032 4099 Hungariam

378 4109 692 4180 concessit,
711 4109 962 4180 indeque
986 4110 1056 4166 ad
1069 4125 1265 4181 regem
1292 4126 1565 4169 reversus
1583 4113 1640 4170 in
1655 4116 2030 4186 expeditione

380 4197 586 4256 Italica
616 4197 893 4270 positum,
953 4199 1024 4256 ad
1056 4206 1300 4256 mortem
1334 4215 1518 4273 usque
1574 4204 1768 4260 domni
1797 4206 2028 4264 Henrici

379 4285 643 4358 episcopi
678 4290 938 4344 moratus
967 4295 1058 4344 est
1085 4290 1242 4360 apud
1269 4305 1420 4348 eum.

451 4377 537 4432 30.
572 4376 686 4448 (42)
719 4377 842 4433 Hiis
893 4376 1036 4448 (113)
1087 4379 1236 4436 actis
1285 4379 1440 4436 circa
1470 4380 1845 4440 Leodiensem
1877 4385 2027 4443 sino-

381 4465 538 4535 dum,
588 4479 716 4536 quas
748 4466 944 4535 agitur
971 4466 1030 4522 in
1061 4467 1209 4524 festo
1252 4468 1653 4540 apostolorum
1685 4473 1934 4531 Simonis
1965 4483 2024 4532 et

374 4551 559 4623 ludas,
593 4553 651 4609 in
674 4554 942 4624 sequenti
965 4555 1218 4612 adventu
1240 4557 1487 4613 domnus
1520 4560 1683 4616 Anno
1711 4561 2024 4633 religiosus

376 4641 642 4715 pontifex
673 4643 927 4700 Colonias
958 4643 1075 4700 vita
1109 4644 1360 4702 decessit
1393 4645 1552 4715 (Dec.
1585 4647 1641 4720 4)
1685 4649 1740 4704 in
1774 4652 2022 4710 maximo

373 4730 623 4803 dampno
680 4731 866 4789 totius
923 4730 1082 4790 illius
1143 4735 1457 4806 provinciae
1517 4736 1704 4810 (114),
1766 4741 2022 4813 quinque

2053 4521 2108 4582 D

2149 3315 2287 3385 quin
2335 3322 2469 3370 ante
2523 3316 2812 3387 pascalem
2861 3319 3317 3375 celebrationem
3373 3321 3556 3376 vellet
3618 3319 3808 3378 locum

2150 3410 2395 3459 mutare.
2423 3405 2756 3462 Morabatur
2785 3412 2922 3462 tunc
2949 3407 3149 3478 junior
3171 3409 3525 3466 Godefridus
3549 3411 3810 3467 marchio

2149 3506 2280 3548 cum
2304 3492 2426 3564 illo,
2451 3493 2569 3564 qui,
2603 3497 2874 3552 avunculi
2905 3498 2994 3552 sui
3028 3497 3352 3554 destitutus
3403 3499 3648 3569 auxilio,
3683 3500 3806 3570 ejus

2152 3581 2278 3636 dem
2293 3583 2551 3653 episcopi
2570 3585 2846 3641 tuebatur
2870 3586 3227 3657 patrocinio;
3253 3601 3424 3658 quem
3437 3603 3572 3645 cum
3591 3591 3805 3662 saepius

2149 3678 2422 3741 argueret
2435 3672 2505 3727 de
2519 3673 2734 3730 allodio
2746 3675 3122 3748 Telins,quod
3141 3676 3515 3735 Bulionensis
3530 3680 3802 3737 violentia

2144 3759 2259 3830 jam
2275 3760 2372 3816 diu
2395 3762 2753 3818 subduxerat
2775 3765 3063 3837 ecclesiae,
3089 3765 3288 3824 dicens
3307 3768 3488 3825 etiam
3511 3783 3574 3826 se
3598 3770 3800 3829 timere

2149 3847 2233 3904 illi
2259 3849 2569 3906 vindictam
2594 3852 3046 3922 bujusjustitiae:
3089 3855 3439 3914 Codefridus
3461 3860 3713 3917 consilio
3743 3869 3802 3917 et

2149 3936 2384 3995 hortatu
2407 3940 2750 4009 optimatum
2776 3956 3018 3999 suorum
3031 3944 3307 4016 episcopo
3329 3947 3538 4017 cessit,
3563 3954 3624 4004 et
3650 3952 3795 4020 quod

2147 4039 2313 4083 suum
2360 4032 2488 4084 erat
2520 4029 2690 4086 beato
2723 4032 2981 4088 Huberto
3035 4031 3368 4092 voluntarie
3421 4039 3788 4108 recognovit.

2144 4115 2440 4173 Dominica
2489 4124 2683 4176 autem
2717 4134 2845 4191 qua:
2867 4120 3084 4179 dicitur
3107 4123 3162 4179 in
3187 4124 3400 4194 palmis
3439 4126 3651 4195 (Mart.
3685 4131 3791 4197 20},

2141 4210 2277 4276 post
2301 4206 2679 4280 sollempnem
2693 4209 2820 4281 ejus
2830 4209 2944 4266 diei
2959 4212 3416 4286 processionem,
3441 4231 3796 4288 prosequen~

2143 4294 2302 4351 tibus
2332 4295 2630 4353 nobilibus
2681 4301 2806 4355 suis
2864 4305 3113 4371 uterque
3170 4303 3423 4360 accessit
3485 4307 3555 4361 ad
3618 4321 3793 4375 majus

2141 4380 2326 4440 altare
2363 4384 2518 4440 beati
2545 4386 2703 4441 Petri
2727 4389 3002 4458 apostoli,
3026 4395 3085 4444 et
3110 4391 3383 4448 baculum
3405 4406 3582 4450 suum
3603 4400 3792 4466 pasto.

2142 4472 2322 4528 ralem
2338 4477 2575 4530 tenente
2589 4475 2883 4548 episcopo,
2901 4477 3145 4535 dextera
3158 4481 3286 4551 ejus
3300 4482 3612 4539 dexteram
3632 4499 3788 4542 suam

2141 4563 2492 4620 Godefridus
2537 4566 2934 4638 superposuit,
2969 4573 3028 4625 et
3067 4585 3198 4626 cum
3229 4585 3300 4626 eo
3333 4574 3686 4643 praedictum
3714 4574 3788 4632 al-

2137 4655 2356 4713 lodium
2395 4670 2570 4727 super
2595 4654 2735 4712 illud
2760 4657 2980 4728 absque
3009 4658 3125 4716 ulla
3148 4659 3483 4733 calumpnia
3507 4667 3784 4736 reposuit.

2136 4745 2417 4818 Imposita
2440 4744 2616 4802 etiam
2640 4745 2752 4802 sibi
2783 4745 3097 4820 episcopus
3124 4750 3277 4806 stola
3302 4753 3692 4826 sacerdotali,
3719 4767 3786 4811 ne

445 4915 665 5014 :quia
677 4919 1098 4978 venerabilium
1128 4951 1198 4962 --
1225 4921 1518 4981 extollens
1547 4839 2033 5002 έωθήῖὲῗίίῗέέ

2188 4843 2442 4993 ἓ)
2463 4931 2604 4992 ωιν.
2629 4933 2697 4991 s.
2725 4933 3046 4997 Laurentii
3063 4935 3308 4999 σελίδα
3323 4952 3374 5000 ο.
3405 4942 3502 5014 ιε,
3580 4942 3631 4979 ιι
3655 4943 3778 5004 scil.

1944 5073 2148 5131 ΝΟΤΕ
2161 5119 2173 5130 .

373 4991 687 5049 sententia.

443 5158 591 5230 (112)
652 5158 1062 5216 Monasterium
1119 5161 1344 5219 ordinis
1396 5164 1583 5220 sancti
1637 5163 1934 5226 Benedicti
1987 5185 2018 5226 a

369 5225 685 5312 Rombe'rto
707 5231 986 5312 episcopo
1012 5231 1360 5312 \(irdunensi
1375 5247 1524 5290 anno
1540 5239 1676 5312 1947
1693 5225 1992 5297 fundatum

366 5285 859 5426 Eiicienf‘t‘viri
881 5285 1147 5372 religiosi
1164 5285 2015 5382 iiiiéaﬁiﬁ'ééﬁéiééiii

407 5383 662 5426 tcuntur.
700 5383 768 5426 Μ.

437 5443 584 5514 (113)
614 5441 827 5514 [ladem
857 5455 949 5514 ap.
985 5443 1168 5512 Egid.
1206 5444 1243 5500 l.
1278 5447 1316 5499 Ι.

433 5511 960 5598 (liflﬂevfraib:
974 5511 1358 5598 meum
1370 5517 1794 5598 ςςέίπσωποῖέίο
1811 5522 2015 5598 Sibor-

354 5579 553 5664 θ-ςῶιρξ,
570 5579 731 5664 απιρᾴ
756 5581 884 5664 ipse
913 5579 1183 5664 prgis-iis
1201 5579 1533 5664 simptibus
1567 5579 2012 5664 amatae-dt.

357 5650 544 5724 λειω.
571 5650 680 5724 ηυξ
711 5650 846 5708 inde
875 5650 945 5711 ad
974 5650 1369 5718 Trudonensi'a
1397 5661 1634 5721 transit.
1671 5663 1753 5722 Cf.
1790 5650 2010 5731 (ihs—'8‘;

2129 5175 2305 5232 Laur.
2343 5190 2400 5231 c.
2440 5178 2530 5234 44.

2199 5285 2346 5364 (1ης)
2397 5283 2679 5364 Villance,
2711 5283 2928 5364 adeux
2982 5284 3169 5364 lienes
3229 5287 3301 5345 de
3333 5290 3676 5364 Stjnubert,
3709 5295 3771 5350 ou

2125 5351 2474 5481 tnéafduaeirense
2505 5351 2773 5426 voyaient
2807 5369 3017 5413 encore
3049 5356 3134 5413 les
3166 5365 3361 5417 restes
3392 5361 3535 5421 d’un
3558 5351 3773 5422 manoir

2195 5522 2419 5606 (116)ξ.
2456 5538 2515 5606 e.
2568 5539 2606 5606 ⁸ει
2656 5524 3072 5606 die.2‘1_.l"eb.
3134 5528 3229 5606 ad
3267 5533 3607 5606 3_.Aprilis.
3669 5533 3771 5594 Sed

2119 5591 2430 5723 ξᾶωὴειιιο
2469 5599 2620 5654 teste
2669 5595 3017 5654 Godefridus
3044 5611 3100 5656 tv
3131 5595 3260 5658 Kal.
3317 5591 3496 5662 Ia'rt.
3546 5591 3768 5667 occisus
