3968 6344
196 313 340 390 1381

1188 321 1666 392 CHRONICON
1697 322 1765 387 S.
1799 320 2158 388 AUBERTI
2186 325 2568 392 ANDAGIN.

3443 336 3594 399 1382

193 482 328 552 quis
366 479 509 536 illud
548 477 797 551 amplius
841 479 1110 537 ecclesiae
1151 482 1524 551 subduceret,
1558 481 1666 537 sub
1697 480 1857 536 obte-
1887 461 1940 515 Α
1972 477 2347 548 concedente,
2405 479 2650 538 domnus
2707 481 3089 541 Herimannus
3145 483 3197 539 in
3255 484 3395 543 feria
3439 494 3604 546 sexta

194 570 456 625 statione
492 569 669 625 divini
705 569 952 624 nominis
985 570 1312 640 interdixit,
1349 574 1405 624 et
1441 569 1856 640 imprecatione

185 659 402 716 aeterni
449 658 837 714 anathematis
881 659 1435 723 excomumuicavit;
1481 658 1855 714 Godefridum

188 762 340 804 vero
375 747 605 819 culpam
630 762 791 803 suam
815 762 1168 818 suorumque
1200 752 1640 804 antccessorum
1675 748 1857 803 humi-

189 834 334 891 liter
385 837 662 892 fatentem
703 835 971 904 absolvit,
1007 839 1063 891 et
1101 837 1252 892 facto
1287 836 1516 907 publice
1549 835 1854 906 privilegio

187 924 372 994 hujus
401 923 842 993 recognitionis,
863 939 961 980 sua
988 923 1130 978 illud
1154 930 1210 978 et
1234 939 1468 980 suorum
1496 923 1849 994 adstipulata

191 1013 596 1082 assignationc
655 1012 1039 1067 confirmavit.
1097 1014 1152 1067 In
1207 1013 1474 1082 sequenti
1523 1028 1658 1067 vero
1711 1012 1850 1067 feria

189 1102 398 1172 quinta
435 1101 638 1172 (Mart.
677 1101 766 1170 24)
798 1101 954 1156 circa
985 1101 1181 1156 horam
1217 1106 1457 1166 sextam,
1503 1106 1701 1171 parata
1737 1101 1848 1156 sibi

201 1191 349 1248 sede
380 1190 438 1244 in
475 1189 660 1260 portis
693 1189 914 1260 templi,
951 1189 1237 1245 deductos
1259 1189 1335 1244 ibi
1365 1190 1711 1260 poenitentes
1733 1189 1851 1260 epi-

187 1279 380 1350 scopii
447 1294 576 1334 cum
637 1279 880 1332 maxima
941 1278 1264 1334 reverentia
1319 1289 1376 1334 et
1427 1277 1681 1334 lacrimis
1736 1279 1849 1333 Deo

188 1366 618 1434 reconcnliavit,
658 1373 717 1420 et
751 1367 1138 1422 communioni
1191 1372 1406 1422 sanctae
1451 1367 1713 1422 ecclesiae
1749 1381 1848 1436 per

188 1471 399 1511 manus
442 1454 989 1510 arehidiaconorum
1042 1455 1149 1511 sibi
1197 1456 1637 1524 recensignatos
1685 1455 1849 1510 resti-

188 1544 334 1601 tuit.
372 1544 586 1598 Deinde
619 1542 1024 1613 sollempniter
1058 1543 1336 1600 infulatus
1361 1544 1569 1599 missas
1591 1543 1849 1598 celebra-

188 1638 366 1689 turus
417 1631 834 1704 episcopaliter
883 1632 1188 1702 processit,
1243 1633 1462 1688 habens
1506 1632 1558 1686 in
1593 1631 1847 1688 ministe-

194 1721 352 1776 rium
395 1719 862 1776 ecclesiasticum
896 1720 1119 1776 electos
1152 1736 1220 1777 ex
1257 1721 1538 1776 fratribus
1571 1726 1845 1791 septenos

1969 567 2188 638 pascali
2223 567 2384 639 (Apr.
2417 571 2464 636 1)
2497 585 2624 638 quae
2648 571 2967 628 obvenerat
2989 572 3044 628 in
3071 573 3342 629 Kalendis
3367 576 3600 649 Aprilis,

1970 654 2260 710 dedicavit
2285 658 2600 714 oratorium
2628 674 2798 715 unum
2830 661 2980 730 quod
3014 661 3228 716 dicitur
3250 663 3318 716 ad
3345 669 3603 720 sanctam

1967 742 2310 812 Jerusalem,
2356 759 2423 800 eo
2464 747 2612 815 quod
2648 748 2716 801 ad
2755 751 2979 803 modum
3032 749 3298 806 dominici
3350 753 3602 822 sepulcri

1967 831 2286 898 conditum,
2325 832 2504 902 ipsam
2541 849 2768 904 quoque
2801 836 2924 904 ejus
2955 838 3190 893 formam
3225 844 3606 910 repraesentet

1967 917 2260 974 devotioni
2295 919 2580 986 fidelium;
2612 923 2663 976 iu
2698 925 2958 992 sequenti
2989 926 3232 981 sabbato
3260 926 3413 984 aliud
3451 927 3604 998 quod

1965 1012 2091 1062 erat
2115 1007 2350 1079 duplex,
2374 1009 2427 1064 in
2451 1011 2735 1080 superiori
2762 1012 3064 1068 continens
3092 1014 3423 1070 memoriam
3449 1015 3600 1070 beati

1964 1094 2202 1163 Nicolai,
2241 1097 2295 1150 in
2333 1097 2596 1153 inferiori
2643 1113 2780 1153 vero
2828 1099 2978 1155 beati
3035 1101 3275 1158 Andreas
3326 1102 3599 1173 apostoli,

1964 1182 2119 1251 quod
2155 1183 2224 1238 ad
2255 1185 2362 1240 hoc
2393 1187 2636 1242 maxime
2684 1187 3076 1242 aadiflcaverat
3121 1189 3254 1244 olim
3305 1191 3505 1260 abbas,
3539 1196 3600 1247 ut

1965 1269 2041 1324 ibi
2076 1272 2394 1341 specialius
2427 1279 2702 1342 ageretur
2745 1276 2986 1330 fratrum
3030 1277 3324 1347 memoria,
3361 1292 3600 1346 quorum

1961 1372 2206 1430 corpora
2238 1360 2443 1415 ibidem
2465 1361 2662 1430 jacent
2687 1363 2970 1418 translata
2994 1365 3065 1419 ab
3085 1365 3297 1420 effosso
3318 1366 3604 1423 cimiterio

1966 1461 2066 1516 pro
2087 1447 2273 1518 cripta
2296 1447 2642 1518 amplianda.
2671 1450 2778 1516 Qui
2801 1451 2932 1505 dum
2956 1451 3175 1520 paratis
3195 1453 3362 1507 donis
3380 1452 3605 1524 episco-

1962 1549 2092 1605 pum
2128 1535 2492 1591 decrevisset
2533 1538 2820 1592 bonorare
2851 1553 2958 1608 pro
2990 1538 3094 1593 hac
3125 1539 3312 1606 gratia
3345 1542 3601 1612 impensa

1958 1623 2244 1692 ecclesiae,
2323 1625 2636 1695 episcopus
2695 1641 2803 1680 non
2865 1626 3050 1682 solum
3121 1642 3232 1683 non
3311 1630 3600 1700 acquievit

1959 1712 2265 1782 quicquam
2294 1713 2424 1768 inde
2451 1714 2734 1784 accipere,
2763 1715 2860 1770 sed
2887 1721 3126 1770 econtra
3158 1716 3409 1772 casulam
3441 1733 3598 1774 suam

189 1810 658 1880 uniuscujusque
692 1808 934 1869 ordinis.
979 1808 1280 1865 duodecim
1317 1824 1546 1880 quoque
1579 1809 1840 1865 sacerdo-

1958 1799 2348 1870 pontiﬁcalem
2381 1817 2508 1858 cum
2544 1803 2691 1858 stola
2725 1807 2785 1858 et
2815 1803 3067 1872 baltheo,
3109 1804 3337 1861 duobus
3367 1821 3596 1877 quoque

188 1903 284 1953 tes
305 1896 356 1952 in
377 1902 538 1953 veste
562 1897 914 1953 sacerdotali
940 1897 1390 1953 circumstantes
1411 1912 1560 1968 eum,
1584 1898 1652 1953 ad
1674 1912 1844 1968 expe-

189 1985 512 2041 ctationem
547 1984 895 2040 conficiendi
931 1985 983 2039 in
1017 1984 1146 2056 ipso
1177 2000 1397 2042 canone
1431 1986 1577 2042 sacri
1611 1985 1845 2042 erisma-

196 2073 296 2128 tis.
335 2075 510 2128 Tanta
547 2079 684 2128 tunc
720 2073 1000 2144 temporis
1030 2079 1156 2129 erat
1191 2074 1517 2144 frequentia
1549 2068 1842 2144 religiosas

189 2161 690 2231 congregationis,
741 2167 802 2217 ut
847 2161 960 2218 hiis
1016 2163 1280 2234 exceptis
1337 2169 1624 2219 conventu
1681 2177 1843 2220 exse-

187 2248 407 2320 quendi
432 2249 654 2305 ordinis
676 2264 786 2305 non
803 2250 1106 2306 videretur
1130 2251 1323 2306 minui.
1347 2252 1523 2307 Tanta
1543 2266 1842 2308 ornamen-

187 2344 385 2394 torum
410 2338 572 2409 copia
601 2337 935 2394 abundabat
959 2338 1245 2408 ecclesiae,
1274 2344 1337 2395 ut
1362 2340 1637 2410 pretiosis
1665 2341 1843 2396 vesti-

187 2427 298 2481 bus
330 2430 523 2480 ornati
558 2426 772 2496 singuli
806 2427 1193 2498 procederent
1230 2428 1284 2482 in
1319 2443 1425 2484 suo
1457 2429 1684 2496 ordine,
1720 2429 1840 2500 ipse

186 2513 370 2569 etiam
424 2514 735 2587 episcopus
784 2515 907 2570 suis
959 2516 1302 2587 postpositis
1352 2515 1606 2572 rasulam
1653 2517 1839 2572 albam

186 2601 483 2671 indueret,
524 2617 650 2673 quas
677 2603 862 2659 fuerat
889 2604 1096 2660 Leonis
1121 2619 1304 2676 papae,
1338 2603 1490 2673 data,
1527 2610 1590 2660 ut
1619 2604 1840 2661 dictum

181 2692 273 2743 est
310 2686 482 2760 (117),
518 2689 712 2743 abbati
736 2688 1095 2746 Theoderico
1121 2705 1149 2745 a
1177 2691 1436 2747 Beatrice
1461 2695 1515 2746 et
1543 2690 1835 2748 Mathilde.

183 2774 417 2841 Quanta
440 2789 579 2831 vero
604 2775 914 2832 devotione
947 2777 1294 2834 dominicam
1326 2779 1648 2850 passionem
1673 2783 1727 2834 et
1755 2792 1841 2834 se-

189 2861 492 2933 pulturam
524 2864 807 2935 exegerit,
844 2880 951 2935 qua
983 2865 1288 2921 alacritate
1312 2882 1440 2922 cum
1466 2865 1697 2938 publica
1733 2867 1844 2922 fra-

183 2954 348 3006 trum
389 2952 787 3023 processione,
829 2955 1221 3011 ambientibus
1253 2970 1382 3010 eum
1415 2955 1840 3012 archidiaconis

191 3039 345 3107 suis,
381 3039 437 3093 in
470 3039 595 3110 ipso
629 3045 831 3098 sancto
861 3042 1106 3098 sabbato
1136 3043 1289 3099 sacri
1323 3043 1689 3116 baptismatis
1725 3043 1841 3098 fon-

1956 1887 2323 1945 candelabris
2364 1896 2419 1945 et
2463 1905 2574 1945 uno
2630 1892 2804 1962 pallio
2853 1891 3068 1948 obtulit
3115 1892 3376 1950 habenda
3431 1894 3596 1950 beato

1956 1976 2244 2033 Huberto.

2023 2068 2110 2120 36.
2149 2065 2284 2136 (46.)
2328 2068 2539 2123 Exacta
2594 2069 2806 2138 pascali
2857 2068 3172 2125 ebdomada
3221 2085 3349 2127 cum
3391 2073 3446 2126 in
3484 2087 3591 2130 suo

1955 2151 2216 2221 digressu
2271 2155 2622 2210 valediceret
2674 2156 2972 2224 fratribus,
3009 2173 3078 2213 ex
3113 2158 3348 2230 pietatis
3384 2159 3592 2216 affectu

1953 2241 2161 2311 singuli
2187 2247 2489 2313 coeperunt
2518 2244 2654 2298 ﬂere
2679 2245 3058 2312 altrinsecus;
3097 2247 3372 2302 Henricus
3402 2253 3592 2304 autem

1953 2328 2219 2399 amplius,
2258 2331 2420 2400 quasi
2452 2345 2523 2385 ex
2555 2331 2929 2387 desiderabili
2973 2333 3082 2388 sibi
3127 2334 3322 2404 quiete
3364 2350 3594 2392 revoca-

1953 2421 2049 2472 tus
2079 2417 2148 2471 ad
2181 2423 2296 2473 tam
2334 2419 2688 2490 multiplices
2717 2420 3082 2477 saecularium
3115 2423 3477 2492 negotiorum
3509 2430 3595 2480 tu-

1954 2505 2189 2561 multus.

2021 2595 2105 2647 35.
2145 2596 2280 2663 (47.)
2316 2593 2664 2650 Αίίὴωῐδθῒηιι
2704 2598 2753 2651 ei
2802 2597 3140 2654 familiarius
3191 2599 3422 2668 quidam
3472 2601 3595 2656 Vir-

1951 2679 2231 2736 dunensis
2248 2696 2426 2736 senex
2447 2682 2838 2752 Eleutherius,
2861 2685 2950 2738 vir
2969 2685 3235 2754 equidem
3261 2686 3590 2757 religiosus,

1950 2772 2005 2821 et
2031 2768 2124 2837 qui
2149 2770 2220 2824 ab
2245 2769 2480 2825 ineunte
2505 2775 2677 2825 aetate
2702 2772 3062 2827 instruxerat
3088 2787 3217 2827 eum
3242 2773 3505 2831 honestis
3535 2781 3593 2830 et

1951 2855 2131 2912 castis
2161 2857 2440 2914 moribus.
2478 2859 2578 2912 Hic
2608 2857 2903 2914 sollicitus
2934 2860 3144 2916 salutis
3173 2868 3233 2915 et
3267 2861 3501 2918 honoris
3529 2863 3594 2917 il-

1951 2942 2083 3014 lius,
2106 2946 2389 3002 attentius
2409 2948 2760 3015 suggerebat
2779 2948 2829 3003 ei
2852 2949 3230 3004 ordinandam
3254 2963 3386 3006 esse
3409 2951 3593 3006 eccle-

1951 3033 2092 3088 siam
2129 3035 2279 3089 beati
2313 3035 2622 3103 Laurentii,
2656 3050 2782 3106 quze
2813 3036 3149 3106 aliquandiu
3181 3037 3418 3094 viduata
3446 3039 3591 3095 indi-

190 3132 289 3181 tes
307 3139 408 3183 ore
425 3129 662 3199 proprio
685 3132 1140 3201 consecraverit,
1165 3132 1416 3202 qualiter
1433 3132 1540 3188 hoc
1561 3132 1707 3188 idem
1729 3133 1842 3203 pri-
1873 3152 1919 3214 α
1949 3121 2122 3214 εθβει
2153 3120 2518 3214 Providentia
2549 3123 2797 3214 abbati?
2823 3123 2927 3189 Qui
2953 3123 3085 3180 dum
3112 3131 3440 3182 moraretur
3460 3141 3588 3182 cum

190 3213 472 3284 vilegium
497 3215 702 3273 matris
725 3216 989 3274 ecclesiae
1014 3235 1113 3276 sua
1134 3221 1487 3276 auctoritate
1514 3219 1838 3277 laudaverit

183 3306 243 3357 et
266 3303 625 3373 probaverit,
647 3310 866 3375 quanta
885 3313 942 3362 et
963 3307 1117 3377 quali
1137 3306 1319 3377 gloria
1339 3313 1398 3364 et
1420 3307 1620 3364 laetitia
1643 3323 1840 3379 pasca-

183 3389 305 3446 lem
340 3389 832 3463 sollempnitatem
871 3395 1262 3452 celebraverit
1293 3398 1472 3467 (1076,
1505 3396 1686 3454 Mart.
1724 3398 1834 3467 27),

183 3477 328 3533 olim
361 3477 606 3536 relatum
632 3481 729 3536 vix
751 3482 1033 3540 credibile
1061 3483 1356 3540 videbitur
1389 3483 1660 3554 posteris.
1699 3486 1837 3540 Cum

179 3570 242 3624 et
291 3565 402 3636 ipsi
447 3567 702 3624 curiales
743 3570 1022 3642 episc0pii
1064 3572 1395 3642 posthabita
1438 3572 1582 3628 urbe
1621 3573 1691 3627 ab
1721 3574 1838 3645 epi-

185 3666 368 3723 scopo
399 3666 460 3708 se
494 3668 654 3724 quasi
692 3655 745 3710 in
781 3656 1097 3713 solitudine
1129 3658 1200 3714 ad
1233 3672 1360 3715 eum
1387 3661 1730 3719 convenisse
1755 3661 1837 3717 in-

182 3740 592 3811 dignarentur,
633 3757 740 3798 nec
777 3747 970 3800 tamen
1014 3744 1105 3803 vel
1139 3747 1194 3802 in
1229 3747 1442 3804 divinis
1477 3749 1837 3822 sollempniis

181 3827 278 3883 vel
309 3827 367 3883 in
401 3843 591 3885 rerum
633 3832 994 3890 exteriorum
1035 3832 1219 3905 cepiis
1258 3850 1318 3891 se
1350 3851 1477 3892 esse
1517 3837 1835 3895 diminutos

189 3915 567 3974 mirarentur.
609 3919 959 3976 Elaborabat
999 3936 1227 3992 quoque
1265 3924 1576 3996 episcopus
1607 3939 1677 3982 ne
1711 3940 1836 3996 pro-

183 4007 322 4074 pter
359 4003 740 4075 frequentiam
776 4009 1052 4065 curialem
1087 4011 1231 4066 ordo
1262 4010 1561 4081 religionis
1584 4012 1834 4084 aliquam

180 4097 489 4162 pateretur
510 4095 969 4165 inquietudinem
991 4117 1004 4165 ;
1023 4099 1123 4156 sed
1149 4100 1259 4155 etsi
1288 4101 1517 4170 quando
1537 4103 1725 4171 gratia
1751 4116 1839 4158 re-

185 4179 510 4249 frigerandi
533 4183 814 4240 fratribus
829 4185 916 4241 vel
937 4187 988 4242 in
1006 4186 1257 4244 lectione
1269 4187 1360 4244 vel
1378 4189 1432 4243 in
1446 4189 1836 4247 collocutione

185 4268 486 4324 interesse
517 4269 769 4343 volebat,
804 4281 1152 4331 executores
1183 4289 1320 4333 suos
1350 4277 1404 4333 in
1436 4277 1562 4348 ipso
1591 4277 1836 4335 claustri

181 4357 352 4412 aditu
388 4371 418 4411 a
447 4371 509 4413 se
538 4358 860 4430 rejiciebat,
904 4368 964 4417 et
1005 4367 1131 4432 post
1166 4378 1225 4420 se
1258 4364 1571 4421 accludens
1614 4365 1832 4437 valvas,

179 4443 352 4514 quasi
387 4445 617 4514 quidam
652 4449 916 4518 privatus
941 4449 1406 4520 adgaudentibus
1429 4453 1536 4510 sibi
1563 4468 1835 4510 reveren-

180 4537 284 4587 ter
319 4534 728 4591 conveniebat.

258 4623 346 4675 33.
380 4620 516 4692 (45.)
544 4624 665 4678 lam
700 4623 794 4679 die
826 4625 977 4682 festo
1009 4626 1297 4685 mediante
1321 4631 1705 4688 Herimannus
1729 4633 1838 4688 Me-

176 4708 439 4766 tensium
473 4711 784 4782 episcopus
815 4715 981 4769 venit
1011 4730 1138 4772 eum
1173 4716 1445 4788 invisere,
1470 4723 1532 4775 et
1551 4724 1837 4792 exceptus

176 4797 258 4854 ab
290 4797 420 4867 ipso
451 4813 580 4855 cum
611 4799 940 4857 honorabili
973 4805 1375 4875 processione,
1407 4809 1588 4863 tanta)
1612 4806 1840 4865 sollem-

178 4884 432 4956 pnitatis
465 4887 773 4944 videbatur
816 4888 1077 4946 laetitiam
1111 4893 1364 4952 auxisse.
1400 4896 1469 4951 Et
1503 4895 1634 4967 quia
1667 4896 1838 4967 longo

183 4979 326 5029 ante
359 4978 621 5046 tempore
654 4978 1040 5036 amicissimus
1070 4988 1199 5038 erat
1229 4985 1427 5040 abbati
1459 4986 1835 5059 Theoderico,

178 5061 315 5132 ejus
347 5065 788 5134 congregationi
822 5066 877 5123 in
910 5069 1168 5128 crastino
1195 5085 1396 5130 eorum
1433 5075 1741 5132 conventui
1775 5090 1838 5133 se

184 5150 338 5207 satis
361 5150 630 5208 hilariter
652 5158 1051 5228 presentavit,
1085 5159 1284 5218 dicens
1305 5163 1415 5220 sibi
1437 5177 1568 5220 esse
1589 5163 1752 5220 cordi
1775 5170 1840 5220 ut

181 5237 439 5309 aliquam
480 5242 727 5310 gratiam
774 5243 860 5300 eis
898 5245 1256 5318 relinqueret
1299 5250 1470 5320 hujus
1500 5251 1571 5308 ad
1601 5266 1702 5308 eos
1743 5253 1839 5308 ad-

188 5331 406 5383 ventus
436 5329 546 5385 sui.
581 5331 737 5388 Tunc
759 5347 832 5389 ex
855 5334 1125 5392 consultu
1158 5339 1447 5395 communi
1468 5341 1540 5395 ab
1562 5340 1840 5414 episcopo

185 5415 440 5472 Henrico
465 5418 647 5476 abbas
665 5422 933 5493 expetiit,
957 5429 1018 5479 ut
1035 5426 1161 5495 ejus
1175 5441 1462 5486 consensu
1483 5427 1596 5486 duo
1613 5429 1839 5488 dicaret

179 5503 300 5559 Deo
330 5502 538 5560 altaria
570 5522 598 5562 a
628 5523 689 5564 se
718 5514 1060 5570 constructa
1095 5515 1340 5573 noviter.
1375 5515 1537 5584 Quod
1560 5516 1837 5588 episcopo

1948 3209 2244 3280 episcopo,
2283 3211 2470 3266 factus
2502 3217 2588 3266 est
2625 3212 2925 3268 familiaris
2957 3214 3261 3270 Lamberto
3285 3215 3502 3284 juniori
3531 3223 3587 3272 et

1949 3297 2276 3366 Berengero
2311 3299 2511 3368 priori,
2557 3299 2708 3357 inter
2754 3315 2899 3370 quos
2937 3307 3317 3359 concreverat
3344 3304 3458 3373 jam
3493 3304 3590 3361 diu

1947 3384 2132 3454 gratia
2155 3401 2306 3442 verae
2326 3386 2380 3441 in
2401 3388 2515 3443 Deo
2528 3389 2814 3457 caritatis,
2836 3390 2964 3461 quia
2987 3390 3187 3446 inolita
3205 3393 3390 3460 gratis
3406 3391 3590 3448 libera

1947 3479 2073 3529 erat
2102 3475 2287 3530 totius
2316 3476 2706 3532 necessitatis.
2744 3479 2964 3535 Etcum
2989 3480 3202 3551 saepius
3224 3479 3592 3537 Eleutherius

1946 3561 2386 3633 colloqueretur
2420 3564 2745 3634 Lamberto,
2785 3567 2931 3622 forte
2956 3568 3108 3624 inter
3134 3567 3482 3639 loquendum
3511 3584 3593 3625 in-

1947 3648 2089 3704 cidit
2117 3651 2204 3706 eis
2236 3657 2566 3708 memoratae
2599 3653 2847 3710 abbatize
2878 3657 3111 3724 mentio,
3144 3661 3198 3712 et
3232 3657 3332 3713 illo
3361 3658 3591 3715 dicente

1947 3736 2017 3792 de
2066 3737 2192 3806 ejus
2241 3738 2609 3794 ordinatione
2652 3754 2714 3796 se
2747 3742 3083 3798 multotiens
3132 3759 3261 3800 cum
3311 3746 3592 3818 episcopo

1947 3824 2288 3895 contulisse,
2314 3826 2647 3897 episcopum
2670 3842 2806 3882 vero
2824 3827 3160 3899 sollicitum,
3184 3832 3284 3887 sed
3306 3832 3589 3890 incertum

1946 3913 2040 3969 cui
2071 3913 2486 3968 convenienter
2508 3928 2630 3968 eam
2655 3915 3069 3987 committeret,
3105 3920 3404 3989 respondit
3439 3921 3596 3977 Lam-

1949 4001 2172 4071 bertus,
2209 4002 2423 4072 optime
2455 4017 2578 4058 eam
2612 4003 3086 4062 committendam
3129 4008 3478 4078 Berengero,
3509 4024 3598 4066 sa-

1949 4089 2127 4161 pienti
2163 4089 2430 4160 equidem
2456 4097 2510 4146 et
2537 4093 2799 4162 probata;
2830 4094 3070 4152 virtutis
3101 4095 3243 4152 viro.
3281 4095 3383 4152 Ille
3414 4098 3591 4154 semel

1949 4182 2117 4248 rapto
2169 4180 2365 4248 verbo,
2417 4180 2641 4248 gratias
2691 4181 2810 4250 egit
2858 4183 3118 4253 Domino,
3155 4189 3214 4240 et
3247 4186 3594 4255 quantocius

1948 4268 2242 4337 suggessit
2267 4267 2567 4340 episcOpo,
2596 4273 2658 4325 ut
2684 4272 3069 4340 Berengerum
3093 4273 3202 4330 sibi
3227 4274 3595 4332 commodan-

1948 4353 2082 4410 dum
2107 4359 2414 4425 expeteret
2435 4357 2508 4412 ab
2532 4358 2741 4413 abbate
2765 4359 3140 4433 Theoderico,
3165 4376 3334 4432 quem
3359 4363 3592 4421 interim

1947 4442 2215 4500 ecclesia:
2257 4443 2412 4500 beati
2458 4446 2746 4503 Laurentii
2791 4447 2916 4505 loco
2956 4450 3170 4520 prioris
3201 4457 3590 4524 praeponeret,

1868 4506 1918 4565 D
1949 4530 2131 4588 donec
2155 4546 2258 4604 per
2282 4545 2581 4590 accessum
2609 4537 2892 4606 temporis
2920 4506 3143 4594 certius
3170 4506 3304 4594 inde
3325 4506 3434 4594 sibi
3459 4506 3591 4596 con:

1949 4619 2139 4676 silium
2193 4621 2544 4691 proveniret.
2605 4622 2930 4694 Episcopus
2974 4639 3101 4681 eum
3152 4630 3431 4695 expetere
3477 4641 3588 4684 non

1948 4705 2199 4779 distulit,
2232 4713 2289 4765 et
2314 4709 2408 4765 vix
2431 4724 2584 4779 {egre
2607 4712 2678 4766 ab
2699 4712 2909 4766 abbate
2935 4711 3307 4783 impetratum
3333 4719 3391 4769 et
3415 4717 3591 4772 intro-

1947 4794 2184 4853 ductum
2227 4797 2486 4854 ecclesiae
2529 4799 2754 4854 vacanti
2795 4800 3046 4867 priorem
3086 4815 3216 4856 esse
3256 4803 3585 4860 constituit.

1950 4884 2331 4953 Berengerus,
2366 4888 2427 4940 ut
2457 4889 2584 4939 erat
2616 4886 2702 4941 vir
2731 4885 3023 4943 discretus
3047 4894 3103 4942 et
3136 4888 3407 4960 prudens,
3439 4894 3592 4947 sata-

1946 4971 2117 5040 gebat
2143 4971 2408 5028 consulte
2431 4972 2622 5030 omnia
2649 4988 2982 5044 procurare,
3007 4975 3366 5045 singulorum
3390 4991 3453 5034 se
3477 4992 3591 5035 mo-

1950 5058 2111 5115 ribus
2158 5063 2620 5130 contemperare,
2676 5062 2960 5120 neminem
3007 5061 3172 5134 quasi
3221 5064 3592 5136 importunus

1947 5160 2210 5217 gravare,
2238 5148 2501 5206 doctrina
2535 5155 2594 5204 et
2626 5151 2892 5220 exemplo
2926 5153 3229 5220 graviores
3259 5153 3588 5226 informare,

1947 5234 2200 5292 leviores
2233 5251 2301 5292 ne
2331 5237 2876 5294 scandalizarentur
2905 5241 3132 5298 interim
3167 5242 3590 5315 dispensatoris

1950 5324 2230 5395 patientia
2265 5324 2652 5381 dissimulare.

2020 5433 2104 5486 36.
2157 5428 2289 5500 (48.)
2340 5431 2452 5486 Nec
2505 5430 2686 5486 multo
2745 5439 2874 5504 post
2932 5437 3382 5507 superveniente
3441 5439 3592 5495 festo

1951 5517 2107 5576 beati
2139 5517 2424 5575 Lamberti
2458 5518 2642 5588 (Sept.
2682 5523 2792 5595 17),
2825 5539 2954 5580 cum
2986 5525 3249 5585 ediceret
3279 5525 3592 5599 episcopus

1777 5617 1980 5678 ΝΟΤΔΕ
1995 5657 2009 5674 .

252 5677 404 5762 (117)
437 5679 572 5751 Cap.
605 5679 695 5740 25.
