3968 6320
430 321 584 384 1383

1429 307 1901 374 CHRONICON
1932 306 1999 366 S.
2034 302 2394 366 AUBERTI
2423 299 2798 362 ANDAGiN.

3605 331 3614 340 -
3683 299 3831 359 1384

423 455 734 514 abbatibus
765 458 823 510 ϐῐ
857 449 1284 509 archidiaconis
1327 447 1682 504 reddendum
1724 445 1832 502 Sibi
1875 444 2065 502 οοηεί-
2093 441 2150 496 Α
2179 454 2502 524 largissima
2535 452 2661 521 ejus
2688 452 2820 508 anni
2852 451 3187 523 provgniret
3219 451 3448 508 messis_

425 545 566 604 lium
591 546 662 602 de
687 542 1008 600 ordinanda
1030 539 1274 597 ecclesia
1302 537 1455 593 beati
1481 536 1795 604 Laurentii,
1828 549 2065 605 respon-

426 634 638 692 derunt
671 633 753 688 illi
785 633 842 689 in
871 643 1170 688 commune
1201 626 1594 683 consulendos
1636 626 1847 680 fratres
1884 623 2066 694 ipsius

426 722 918 794 congregationis,
954 721 1153 789 eisque
1185 717 1535 772 offerendam
1561 714 1883 784 regularem
1908 719 1965 768 et
1991 712 2067 768 le-

423 811 683 881 gitimam
701 809 1044 867 electionem
1065 807 1312 862 abbatis.
1333 805 1654 874 Episcopus
1673 803 1726 857 in
1747 802 2064 858 crastinum

423 897 718 954 deducens
738 912 838 952 eos
863 911 1056 952 secum
1082 894 1152 950 ad
1176 893 1362 949 locum
1391 892 1565 961 venit,
1600 897 1659 946 et
1693 891 1972 945 fratribus
2005 894 2062 944 ut

427 987 696 1042 abbatem
743 985 854 1041 sibi
900 984 1183 1053 eligerent
1233 980 1539 1037 mandavit.
1590 978 1676 1034 Illi
1715 979 1893 1035 locuti
1935 993 2064 1035 cum

423 1073 690 1142 consilio,
721 1088 851 1129 cum
882 1072 1192 1127 abbatibus
1220 1074 1282 1125 et
1312 1068 1737 1123 archidiaconis
1761 1069 2062 1135 elegerunt

425 1161 812 1230 Berengerum
845 1173 1135 1216 consensu
1165 1157 1438 1214 unanimi.
1477 1159 1726 1211 Lzetatus
1755 1157 2064 1225 episcopus

425 1263 623 1305 eorum
655 1248 1002 1305 electionem
1035 1246 1346 1301 convenire
1379 1244 1661 1300 voluntati
1695 1259 1834 1311 suae,
1867 1243 2062 1298 abbati

423 1335 776 1393 Theoderico
807 1336 985 1406 erepit
1018 1335 1390 1389 vehementer
1421 1333 1659 1387 inuuere
1691 1337 1752 1387 ut
1788 1333 2065 1400 Berenge-

425 1435 551 1480 rum
583 1423 694 1479 snbi
735 1425 1063 1480 absolutum
1108 1421 1401 1476 redderet.
1445 1421 1692 1474 Econtra
1725 1436 1851 1475 cum
1885 1421 2066 1474 abbas

426 1513 791 1580 reclamaret,
828 1526 890 1566 se
923 1524 1023 1565 nec
1054 1509 1199 1564 velle
1233 1524 1336 1564 nec
1370 1524 1538 1580 posse
1567 1508 1667 1563 tali
1696 1509 1818 1563 viro
1839 1523 2060 1577 carere,

425 1614 544 1657 suae
576 1600 758 1669 magis
796 1598 1057 1655 ecclesiae
1097 1612 1227 1652 eum
1267 1597 1578 1652 convenire
1621 1611 1789 1666 quam
1829 1596 2062 1661 alienae;

424 1687 520 1742 vix
551 1689 804 1759 optinuit
837 1688 1147 1756 episcOpus
1181 1685 1333 1754 quod
1367 1686 1599 1756 petebat
1631 1684 1782 1739 omni
1809 1684 1908 1738 illo
1931 1699 2065 1738 con-

2248 546 2334 598 38.
2370 543 2504 613 (50.)
2539 542 2654 596 Sub
2694 541 2896 596 eodem
2939 546 3201 610 tempore
3243 540 3426 596 adfuit
3468 535 3836 594 Theoderico

2177 631 2375 686 abbati
2409 630 2622 699 legatio
2656 629 2916 684 Elinandi
2947 628 3346 684 Laudunensis
3375 625 3665 699 episcopi,
3703 630 3768 680 ut
3791 625 3836 682 si

2179 719 2316 789 quid
2365 718 2517 789 apud
2564 732 2693 772 eum
2745 722 2946 787 posset
2986 717 3072 772 vel
3108 717 3233 786 ipse
3264 715 3352 770 Vel
3385 713 3642 770 ecclesia
3679 729 3836 768 com-

2179 807 2376 875 missa,
2401 807 2747 860 concederet
2781 806 3019 860 fratrem
3051 819 3225 860 unum
3255 819 3372 859 sua:
3406 801 3831 868 institutionis,

2130 927 2135 931 -
2179 910 2347 966 quem
2385 895 2684 950 ordinaret
2721 893 2988 949 abbatem
3027 893 3294 949 ecclesiae
3339 891 3496 947 beati
3541 890 3833 945 Vincentii

2178 984 2471 1054 martyris.
2503 983 2563 1037 Id
2597 997 2726 1038 cum
2761 984 2940 1038 abbas
2971 982 3204 1037 omnino
3243 983 3567 1048 recusaret,
3609 978 3839 1050 episco-

2179 1088 2287 1142 pus
2329 1087 2466 1127 vero
2504 1071 2609 1126 hoc
2648 1073 2828 1142 ipsum
2867 1072 2954 1126 bis
2985 1076 3195 1140 terque
3235 1068 3632 1140 importunius
3675 1080 3839 1138 repo-

2179 1166 2393 1228 sceret,
2439 1161 2670 1215 tandem
2715 1159 2900 1213 relato
2939 1159 3187 1214 consilio
3227 1157 3295 1212 ad
3337 1171 3710 1212 communem
3745 1169 3842 1210 au-

2177 1248 2454 1303 dientiam
2479 1247 2763 1319 capitolii,
2789 1247 3041 1302 unanimi
3069 1247 3310 1302 fratrum
3337 1246 3634 1300 electione
3659 1244 3840 1299 domi-

2179 1351 2310 1392 num
2347 1338 2769 1392 Adalberonem
2805 1335 3138 1391 Laudunum
3180 1333 3443 1404 deduxit,
3488 1345 3748 1402 eumque
3777 1347 3838 1387 se

2180 1431 2467 1496 przesente
2489 1425 2760 1480 abbatem
2783 1423 3052 1480 ecclesiae
3078 1422 3232 1479 beati
3254 1421 3548 1478 Vincentii
3573 1420 3836 1476 ordinari

2177 1515 2488 1569 concessit.

2251 1608 2334 1658 39.
2367 1606 2498 1674 (51.)
2525 1603 2594 1658 Et
2619 1606 2680 1658 ut
2706 1606 3060 1658 memoretur
3083 1599 3234 1656 idem
3258 1599 3557 1655 Adalbero
3582 1597 3718 1670 quis
3741 1605 3840 1654 aut

2179 1693 2330 1747 unde
2366 1692 2558 1760 fuerit,
2605 1692 2714 1747 fuit
2764 1690 2978 1746 nobilis
3029 1687 3310 1761 prosapiae
3344 1689 3574 1744 Suevus
3605 1692 3668 1742 et
3699 1687 3842 1743 mul-

423 1781 596 1831 ventu
632 1775 1008 1844 suffragante,
1042 1779 1101 1828 et
1135 1775 1364 1828 tandem
1401 1774 1726 1840 Berengero
1755 1787 1948 1827 coram
1981 1775 2065 1826 at-
2095 1787 2148 1846 Β
2179 1779 2399 1850 tiplicis
2430 1780 2710 1842 scientia),
2749 1777 3213 1833 Coustantiensis
3240 1777 3510 1832 ecclesiae
3544 1775 3830 1832 clericus.

427 1869 638 1933 tracto,
660 1864 949 1919 abbatiam
977 1862 1161 1918 sancti
1188 1861 1479 1916 Laurentii
1506 1861 1639 1915 licet
1667 1861 1763 1915 diu
1790 1861 2062 1915 renitenti

423 1953 734 2024 episcopus
767 1952 1048 2007 violenter
1092 1950 1356 2019 ingessit,
1393 1950 1446 2003 id
1483 1964 1683 2004 revera
1719 1949 2065 2018 disponente

421 2041 610 2111 gratia
658 2040 778 2109 Dei,
829 2054 958 2110 quae
991 2039 1047 2094 in
1081 2039 1238 2094 brevi
1271 2040 1380 2093 hoc
1411 2053 1472 2093 se
1504 2037 1864 2108 disposuisse
1915 2052 2066 2093 com-

423 2129 713 2202 probavit,
767 2128 900 2184 dum
951 2127 1110 2184 illius
1164 2126 1360 2182 labore
1410 2132 1469 2180 et
1523 2125 1751 2195 ingenio
1807 2125 2066 2181 accrevit

421 2218 670 2274 interius
701 2217 936 2288 optimas
970 2215 1271 2285 religionis
1300 2214 1694 2283 congregatio,
1719 2219 1774 2268 et
1801 2214 2065 2270 exterius

421 2306 727 2376 multiplex
760 2320 953 2361 rerum
985 2304 1517 2359 ecclesiasticarum
1550 2301 1883 2373 acquisitio.

493 2399 578 2450 37.
623 2395 758 2462 (49.)
801 2394 895 2467 [ν.
936 2392 1146 2448 Tlteod.
1181 2407 1230 2447 e.
1268 2391 1318 2463 4]
1374 2394 1536 2446 Anno
1587 2392 1732 2460 (“8,
1762 2390 2064 2447 dominicae

423 2482 842 2538 incarnationis
872 2486 1003 2536 1070
1025 2481 1368 2550 gravissima
1394 2480 1578 2534 hiems
1602 2480 1885 2549 incubuit,
1919 2481 2063 2535 adeo

423 2574 486 2626 ut
527 2570 583 2625 in
617 2569 818 2626 Galliis
855 2571 1098 2637 Ararim,
1144 2569 1464 2634 Rodanum,
1509 2569 1748 2636 Renum,
1795 2568 2062 2638 Ligerim,

420 2658 476 2713 in
501 2657 804 2714 Germania
828 2657 1050 2724 Albam,
1089 2658 1329 2712 Visclam
1353 2663 1409 2711 et
1435 2657 1776 2724 Danubium,
1813 2656 1866 2710 in
1903 2655 2063 2712 Italia

418 2744 729 2802 Eridanum
753 2745 1141 2816 permaximos
1169 2745 1392 2812 tluvios,
1421 2749 1479 2800 ut
1506 2751 1770 2799 taceatur
1794 2745 1862 2800 de
1890 2745 2064 2800 mino-

420 2833 602 2902 ribus,
645 2839 808 2888 tanto
847 2833 981 2903 gelu
1025 2833 1480 2902 constringeret,
1525 2835 1676 2901 quod
1721 2833 2066 2888 mirantibus

419 2920 1016 2977 circummanentibus
1040 2921 1246 2975 incolis
1271 2921 1435 2990 quasi
1464 2935 1564 2990 per
1585 2919 1826 2974 solidam
1847 2926 2063 2975 terram

421 3009 606 3079 pervii
631 3009 855 3065 tierent.
886 3010 1001 3063 Hoc
1022 3008 1154 3076 gelu
1182 3012 1411 3062 tandem
1435 3007 1488 3061 iu
1513 3022 1644 3061 vere
1670 3008 1914 3061 remisso
1939 3008 2058 3074 (an.

420 3101 600 3168 1077),
645 3103 806 3152 tanta
851 3097 1139 3152 successit
1183 3096 1418 3151 siccitas
1459 3097 1629 3164 acris,
1669 3101 1729 3150 ut
1761 3096 2066 3152 arentibus

418 3185 578 3240 arvis
609 3199 756 3256 pene
783 3184 1196 3256 desperaretur
1230 3193 1548 3253 proventus
1577 3184 1782 3238 messis
1817 3184 2054 3239 futuras.

416 3272 804 3330 Theodericus
847 3275 1028 3328 abbas
1079 3278 1214 3327 tunc
1247 3273 1302 3326 in
1334 3272 1776 3341 quadragesima
1829 3273 2062 3328 Romam

415 3362 605 3432 gratia
633 3361 918 3416 orationis
943 3361 1263 3430 profectus,
1289 3359 1342 3413 in
1369 3361 1667 3414 redeundo
1698 3361 1888 3415 Remis
1911 3361 2060 3431 apud

419 3448 653 3506 beatum
696 3449 1018 3517 Remigium
1068 3447 1435 3502 familiariter
1484 3449 1821 3517 aliquandiu
1872 3450 2065 3504 lassus

419 3537 660 3608 quievit.
678 3536 924 3606 Vulgato
943 3541 1135 3592 autem
1156 3551 1255 3606 per
1272 3537 1471 3591 urbem
1492 3537 1634 3590 tanti
1657 3537 1762 3591 viri
1786 3538 2061 3602 adventu.

417 3625 545 3697 ipse
575 3625 867 3681 Manasses
904 3631 1041 3680 tunc
1079 3625 1386 3680 Remorum
1430 3625 1711 3695 pontifex,
1751 3641 2064 3696 omnesque

419 3726 582 3784 pane
609 3713 869 3782 ejusdem
901 3713 1242 3783 metropolis
1265 3714 1511 3783 majores
1536 3713 1696 3767 illum
1721 3713 2065 3784 suppliciter

417 3801 703 3858 adeuntes
722 3801 1020 3873 petierunt
1041 3808 1102 3857 ut
1120 3802 1190 3857 de
1210 3802 1529 3856 imminenti
1551 3801 1716 3872 plaga
1737 3801 2065 3872 desperatis

417 3890 582 3946 daret
613 3890 942 3959 consrlium,
969 3888 1256 3960 simulque
1279 3890 1645 3944 orationibus
1666 3889 1959 3960 optineret
1983 3889 2065 3944 di-

416 3977 563 4034 vinas
587 3977 1010 4034 consolationis
1033 3978 1330 4034 auxilium.
1356 3978 1454 4032 Ille
1478 3977 1614 4032 licet
1637 3977 1855 4033 invitus
1879 3977 2065 4048 preci-

417 4067 529 4124 bus
561 4073 752 4123 tamen
782 4066 1235 4138 supplicantium
1269 4068 1479 4136 victus,
1526 4065 1821 4136 publicum
1861 4066 2061 4138 populi

415 4160 764 4212 conventum
787 4155 844 4210 in
868 4155 1109 4211 basilica
1135 4155 1337 4224 majori
1359 4162 1574 4211 sanctae
1599 4155 1788 4211 Marias
1811 4169 2064 4227 semper-

417 4255 530 4315 que
561 4243 803 4312 virginis
840 4243 1145 4314 genitricis
1175 4245 1275 4298 Dci
1309 4245 1600 4299 mandavit
1637 4243 1782 4313 fieri,
1816 4248 1876 4300 et
1908 4244 2062 4301 inter

415 4331 722 4389 missarum
753 4333 1095 4404 sollempnia
1123 4346 1371 4388 CXOI'SUS
1401 4347 1726 4389 sermonem
1752 4349 1856 4404 pro
1881 4334 2062 4404 quali-

414 4424 538 4476 tate
565 4421 810 4492 perieuli
834 4422 1102 4476 omnibus
1124 4419 1522 4476 indifferenter
1548 4422 1719 4478 unius
1743 4422 1855 4476 diei
1878 4423 2062 4478 conti-
2089 4478 2100 4490 ,

2099 3139 2146 3199 C

2178 1868 2280 1921 Hic
2303 1867 2433 1922 duci
2461 1867 2774 1922 Godefrido
2794 1865 3008 1936 juniori
3033 1867 3105 1921 ab
3131 1863 3293 1920 Italia
3323 1864 3654 1919 revertenti
3683 1864 3840 1919 fami-

2180 1953 2404 2010 liariter
2434 1955 2702 2022 adhaesit,
2735 1954 2831 2024 qui
2863 1952 3136 2023 quamdu
3172 1953 3415 2020 advixit,
3463 1953 3711 2009 habitus
3750 1957 3838 2008 est

2178 2044 2328 2113 apud
2349 2057 2480 2098 eum
2501 2042 2794 2098 amicitior
2817 2041 3205 2098 amicissimis.
3239 2041 3348 2096 Sed
3370 2037 3472 2096 illo
3495 2039 3836 2107 interfecto,

2177 2145 2303 2184 cum
2339 2145 2398 2185 se
2435 2130 2724 2186 Adalbero
2761 2130 3052 2199 juuxisset
3093 2127 3404 2184 Godefrido
3445 2127 3832 2192 adolescenti,

2178 2233 2344 2287 quem
2367 2217 2690 2274 avunculus
2713 2219 2902 2273 adhuc
2923 2217 3122 2272 vivens
3147 2217 3533 2287 adoptaverat
3563 2217 3836 2272 heredem

2177 2308 2308 2376 sibi,
2339 2307 2489 2362 inter
2513 2307 2672 2363 illum
2697 2313 2755 2363 et
2784 2307 3084 2362 Albertum
3108 2307 3532 2360 Namucensem
3567 2305 3836 2360 comitem

2177 2399 2303 2450 orta
2329 2402 2420 2450 est
2442 2395 2786 2465 gravissima
2811 2394 3102 2450 diss:nsio
3125 2408 3232 2464 pro
3255 2393 3504 2449 castello
3527 2393 3837 2448 Bulonien-

2176 2483 2243 2540 si.
2289 2483 2409 2550 Qua
2451 2483 2522 2540 de
2566 2501 2626 2539 re
2672 2484 2964 2539 nominato
3005 2483 3156 2554 apud
3199 2489 3464 2537 sanctum
3510 2483 3834 2538 [Tubertum

2177 2572 2328 2626 inter
2357 2579 2666 2642 utrumque
2690 2570 3002 2640 colloquio,
3034 2586 3162 2626 cum
3190 2569 3508 2625 Godefrido
3539 2569 3730 2625 adfuit
3761 2570 3832 2624 ibi

2175 2665 2231 2714 et
2257 2661 2512 2716 clericus
2538 2661 2844 2715 Adalbero.
2871 2658 2975 2724 Qui
3005 2663 3062 2714 ut
3081 2665 3206 2713 erat
3234 2659 3556 2729 perspicax
3581 2657 3641 2712 in
3665 2659 3836 2714 rebus

2177 2749 2700 2818 deprehendendis,
2733 2763 2864 2803 cum
2907 2748 3306 2817 perspexisset
3341 2746 3395 2800 in
3430 2746 3729 2801 fratribus
3759 2746 3834 2802 in-

2178 2836 2474 2890 remissam
2496 2835 2873 2890 intentionem
2893 2836 3218 2903 exequendi
3241 2833 3488 2902 ordinis,
3506 2849 3646 2889 cum
3664 2834 3831 2889 etiam

2177 2933 2624 3004 pervidissetex
2647 2934 2771 3004 ipsa
2798 2933 2908 2988 loci
2943 2932 3384 3002 oppo;tunitate
3423 2946 3543 2986 non
3577 2931 3833 3002 indigere

2176 3022 2510 3091 solitudine,
2557 3023 2605 3078 si
2649 3023 2778 3091 quis
2821 3021 2994 3078 vellet
3037 3021 3116 3075 ibi
3157 3023 3271 3076 Deo
3313 3020 3600 3089 militare,
3647 3023 3835 3077 divino

2179 3116 2452 3180 respectu
2484 3117 2867 3180 compunctus
2896 3109 3216 3164 destinavit
3246 3109 3398 3180 apud
3426 3123 3490 3163 se
3515 3110 3832 3164 vanitatem

2177 3199 2373 3253 mundi
2399 3213 2699 3268 respuere,
2733 3213 2900 3268 quam
2927 3203 3012 3252 tot
3033 3197 3268 3252 casibus
3291 3197 3600 3252 subditam
3627 3197 3834 3253 nemini

2176 3287 2485 3342 videbatur
2505 3302 2632 3342 esse
2653 3286 2997 3342 durabilem.
3023 3287 3276 3341 Locutus
3295 3299 3438 3354 ergo
3459 3286 3691 3356 abbati,
3707 3299 3835 3342 con-

2177 3374 2322 3430 dixit
2338 3376 2419 3428 illi
2437 3375 2588 3430 diem
2607 3375 2672 3429 ad
2691 3391 2819 3429 eum
2834 3389 2906 3428 ex
2923 3381 3045 3429 toto
3065 3373 3423 3441 revertendi,
3445 3373 3832 3443 collectisque

2177 3478 2303 3534 qua:
2327 3469 2495 3518 erant
2529 3465 2582 3516 in
2618 3467 2888 3533 promptu
2921 3463 3100 3518 rebus
3131 3461 3276 3531 suis,
3302 3461 3472 3530 juxta
3497 3462 3832 3516 condictum

2177 3551 2231 3605 in
2249 3551 2506 3621 capitulo
2529 3567 2588 3606 se
2611 3551 2936 3621 prostravit
2957 3564 3116 3606 more
3134 3550 3376 3619 agendas
3401 3551 3824 3606 conversionis.

2177 3639 2419 3695 Videres
2439 3639 2720 3695 neminem
2741 3654 2804 3694 se
2825 3653 2998 3709 posse
3018 3639 3321 3694 continere
3343 3653 3373 3692 a
3399 3638 3687 3708 lacrimis,
3707 3653 3827 3694 cum

2175 3732 2469 3783 tantarum
2501 3728 2673 3799 paulo
2701 3734 2834 3782 ante
2867 3729 3208 3783 delicnarum
3228 3726 3468 3795 juvenis
3495 3734 3613 3783 tam
3638 3729 3826 3784 subito

2177 3821 2436 3870 mutatus
2473 3815 2545 3870 ad
2585 3816 2778 3871 mundi
2831 3822 3230 3885 contemptura
3281 3815 3431 3870 adeo
3465 3830 3534 3870 se
3567 3815 3826 3885 accinge-

2177 3911 2287 3974 ret,
2335 3909 2393 3960 ut
2435 3905 2900 3976 pretiosissimas
2942 3903 3312 3960 olosericalis
3355 3904 3601 3960 habitus
3642 3911 3826 3961 vestes

2173 4006 2302 4048 cum
2327 3994 2523 4048 tunica
2546 3993 2829 4049 oloserica
2854 3998 3064 4062 sponte
3083 4006 3189 4047 sua
3208 3991 3505 4062 spoliatus
3525 3993 3822 4063 abjiceret,

2175 4079 2369 4136 annuli
2399 4095 2630 4150 quoque
2659 4080 2818 4136 aurei
2844 4081 3045 4149 digitis
3067 4079 3112 4111 ⁵⁵
3131 4080 3422 4135 abstracti
3447 4087 3510 4135 et
3535 4081 3592 4136 in
3619 4086 3826 4136 terram

2175 4167 2421 4239 projecti
2441 4169 2829 4224 clarissimum
2857 4168 3128 4223 tinnitum
3156 4167 3498 4237 redderent,
3519 4169 3645 4240 ipse
3661 4168 3824 4225 etiam

2175 4255 2581 4312 Conversionis
2601 4272 2721 4312 suae
2744 4256 3168 4328 professionem
3193 4255 3290 4311 vix
3314 4255 3700 4327 permittente
3722 4258 3826 4312 sin-

2173 4342 2342 4414 gultu
2375 4345 2690 4400 enunciare
2731 4343 3046 4400 sufﬁceret.
3083 4345 3185 4398 llic
3216 4357 3328 4400 non
3365 4343 3555 4400 multo
3585 4350 3738 4416 post,
3769 4351 3828 4401 ut

2175 4433 2395 4488 dictum
2435 4439 2548 4503 est,
2593 4433 2744 4504 apud
2785 4432 3121 4489 Laudunum
3169 4432 3474 4489 ClaVatum
3529 4435 3826 4489 ordinatus

414 4521 591 4564 nuum
617 4508 898 4579 jejunium
921 4509 1151 4578 indixit,
1171 4515 1230 4563 et
1251 4515 1313 4564 ut
1332 4509 1540 4564 darent
1559 4509 1916 4580 pauperibus
1933 4525 2061 4582 quas

2213 4521 2356 4576 bbas
2394 4493 2661 4577 ecclesias
2703 4522 2888 4576 sancti
2930 4519 3240 4588 Vmeentii,
3286 4525 3575 4590 quantum
3609 4523 3724 4578 Deo
3748 4521 3827 4592 jn-

414 4597 839 4654 subtrahebant
871 4597 1004 4654 sibi.
1041 4598 1263 4662 Quanta
1293 4601 1486 4652 autem
1519 4599 1690 4654 fuerit
1718 4599 1772 4653 in
1793 4600 2092 4682 exhortag

415 4685 574 4742 tione
597 4688 888 4743 sermonis
911 4688 1038 4756 ejus
1063 4687 1337 4755 omnium,
1363 4686 1619 4757 ipsorum
1641 4688 1816 4742 etiam
1838 4688 2064 4745 Iudaeo-

416 4787 546 4832 rum
591 4781 984 4846 compunctio,
1039 4789 1208 4845 quam
1258 4775 1470 4830 alacris
1518 4775 1724 4831 indicti
1769 4777 1972 4846 ,ejunii
2003 4780 2093 4854 et:

2175 4615 2347 4664 vante
2380 4609 2506 4665 loco
2540 4609 2875 4681 profecerit,
2908 4614 3166 4664 testatur
3197 4609 3448 4664 fratrum
3475 4610 3824 4667 nobilissima

2175 4697 2380 4767 religio
2413 4701 2485 4754 ab
2525 4713 2595 4754 eo
2629 4699 2922 4768 instituta,
2965 4697 3276 4752 informata
3321 4697 3603 4768 interius,
3644 4713 3824 4757 rerum

2177 4799 2408 4856 quoque
2420 4786 2771 4843 etcellarum
2792 4787 3102 4858 multiplex
3120 4787 3533 4855 augmentatio
3550 4789 3821 4845 exterius.

415 4862 866 4920 elemosiuarum
898 4865 1188 4934 executio,
1222 4871 1648 4934 οοηεωιμιιηιωι·
1675 4867 1929 4922 ostendit
1961 4867 2094 4956 DeiJ
2146 4893 2162 4941 π,
2246 4879 2332 4931 ιο,
2392 4875 2546 4949 (52,)
2607 4879 2778 4934 Αηηα
2827 4881 2957 4934 1031
3020 4875 3329 4933 dominica
3391 4876 3820 4947 incarnationis,

417 5042 626 5100 missas
658 5042 1018 5114 celebrante,
1061 5044 1258 5098 statim
1292 5049 1356 5098 ut
1383 5056 1484 5098 eas
1513 5044 1868 5115 terminavit,
1903 5049 2064 5101 tanta

417 4953 839 5024 omnipotentis
884 4953 1202 5009 miseratio.
1246 4953 1386 5008 Nam
1417 4953 1474 5008 in
1501 4953 1819 5010 crastinum
1851 4955 2063 5010 abbate

417 4953 839 5024 omnipotentis
884 4953 1202 5009 miseratio.
1246 4953 1386 5008 Nam
1417 4953 1474 5008 in
1501 4953 1819 5010 crastinum
1851 4937 2092 5010 abbate'

417 5042 626 5100 missas
658 5042 1018 5114 celebrante,
1061 5044 1258 5098 statim
1292 5049 1356 5098 ut
1383 5056 1484 5098 eas
1513 5044 1868 5115 terminavit,
1903 5049 2064 5101 tanta

416 5133 656 5206 tamque
677 5132 933 5192 salubris
956 5134 1150 5206 pluvia
1173 5135 1389 5206 erupit,
1421 5138 1481 5190 ut
1508 5135 1724 5206 passim
1759 5135 2037 5190 revirenti

419 5221 528 5280 bus
557 5223 799 5288 eampis.
826 5224 944 5288 jam
978 5223 1074 5281 diu
1104 5225 1415 5288 desperata
1445 5224 1548 5280 Dei
1575 5225 1764 5288 gratia
1787 5226 2060 5288 donante.

419 5221 528 5280 bus
557 5223 799 5296 eampis,
826 5224 944 5296 jam
978 5223 1074 5281 diu
1104 5225 1415 5298 desperata
1445 5224 1548 5280 Dei
1575 5225 1764 5294 gratia
1787 5221 2118 5300 donante,l,_

2145 4957 2497 5058 (indiatione
2525 4967 2578 5036 4,
2619 4965 3011 5058 Theodericus
3046 4965 3230 5058 abbas
3266 4964 3335 5020 ad
3371 4968 3821 5058 consecrandam

2153 5053 2423 5124 'criptam
2445 5069 2613 5124 quam
2633 5054 3026 5111 aedificaverat
3043 5053 3360 5111 Henricum
3379 5055 3604 5112 accivit
3619 5059 3822 5128 episco-

2145 5063 2335 5297 lpum,
2358 5143 2739 5214 ejusdemque
2768 5143 3236 5201 consecrationis
3268 5143 3426 5199 diem
3463 5147 3736 5216 prmisit,
3759 5145 3820 5202 vi-

2178 5230 2392 5288 delicet
2413 5233 2470 5287 in
2485 5231 2684 5290 Idibus
2695 5232 2974 5293 Januarii.
2992 5232 3324 5297 Episcorius
3342 5233 3510 5297 quod
3531 5237 3817 5297 petebatur

2178 5157 2335 5214 pum,
2358 5143 2739 5214 ejusdemque
2768 5143 3236 5201 consecrationis
3268 5143 3426 5199 diem
3463 5147 3736 5216 prmisit,
3759 5145 3820 5202 vi-

2178 5230 2392 5288 delicet
2413 5233 2470 5287 in
2485 5231 2684 5290 Idibus
2695 5232 2974 5293 Januarii.
2992 5232 3324 5306 EpiscOpus
3342 5233 3510 5302 quod
3529 5237 3817 5306 petebatur

1775 5323 2013 5382 νΑιιω)
2052 5326 2454 5385 LECTIONES.

486 5409 530 5442 ⁵³
564 5408 620 5463 d.
657 5425 888 5484 quoque
917 5425 967 5468 a.
1005 5427 1050 5470 ο.

1990 5505 2221 5564 NOTAE.

1990 5507 2086 5562 ΝΟ
2205 5549 2221 5564 .

492 5592 642 5668 (118)
673 5596 755 5653 Cf.
791 5597 939 5654 Ann.
973 5597 1144 5655 Leod.
1181 5601 1350 5668 1476;
1381 5599 1586 5674 Lsub.,
1617 5606 1678 5659 et
1705 5507 2252 5668 Annalistamfgszx.
2286 5612 2444 5668 1077.
