3968 6402
191 468 349 533 1385

1179 456 1663 524 CHRONICON
1706 458 1771 520 S.
1814 454 2181 529 HUBERTI
2221 456 2615 522 ANDAGIN.

3454 459 3480 519 1
3492 460 3611 522 386

191 620 463 680 hilariter
490 615 894 690 exequendum
917 611 1638 684 decrevit,comitatusque
1663 612 1835 667 Fran-
1866 589 1924 651 Α
1955 622 2085 664 num
2116 611 2175 664 et
2195 607 2531 666 Tieboldum
2554 608 2776 679 effecit,
2802 612 2867 665 ut
2890 607 3231 665 abbreviato
3263 607 3460 666 labore
3481 614 3599 665 tam

187 726 337 770 eone
369 710 646 783 episcopo
675 703 1125 776 Bellagradensi,
1160 717 1382 760 necnon
1435 701 1679 757 maxima
1733 701 1841 757 fre-

191 800 432 873 quentia
456 797 807 855 clericorum
834 800 890 851 et
926 793 1234 851 curialium
1258 791 1578 860 suoru:n,in
1608 790 1843 861 epipha-

192 889 287 946 nia
301 887 611 946 Dominiad
630 884 818 941 locum
837 880 1286 948 venit.Quantus
1300 886 1494 937 autem
1519 893 1842 936 concursus

194 994 309 1036 non
360 975 548 1034 solum
597 974 872 1041 afﬁnium,
906 970 1009 1027 sed
1042 976 1102 1027 et
1142 977 1479 1026 exterorum
1523 967 1843 1040 promiscui

195 1071 449 1125 sexuset
481 1063 676 1121 aetatis
697 1061 742 1095 ⁵⁸
764 1059 1234 1132 expectationem
1259 1063 1435 1115 tantae
1454 1056 1848 1128 sollempnita-

196 1155 277 1212 tis
300 1152 659 1220 convenerit,
687 1156 901 1222 quanta
934 1149 1348 1220 praedictorum
1384 1146 1719 1218 pontificum
1753 1145 1849 1200 de-

197 1243 459 1312 votione,
495 1245 713 1312 quanta
746 1237 1147 1294 Leodiensium
1198 1235 1743 1292 arcliidiaconorum
1789 1237 1845 1289 et

199 1330 527 1403 frequentia
557 1332 615 1384 et
645 1325 1342 1395 obsecundatione,quam
1374 1323 1555 1394 largis
1577 1327 1634 1378 et
1656 1321 1852 1378 multi-

202 1420 457 1494 plicibus
485 1417 746 1474 obsoniis
777 1415 978 1471 eadem
1002 1413 1364 1471 consecratio
1392 1412 1686 1469 celebrata
1716 1425 1851 1466 con-

199 1508 445 1577 stiterit,
470 1506 519 1564 si
550 1505 680 1577 quis
712 1509 1001 1573 narraret,
1024 1503 1123 1559 vix
1144 1502 1486 1559 crederetur
1511 1516 1540 1557 a
1575 1498 1849 1573 posteris,

202 1595 534 1670 praesertim
565 1608 696 1650 cum
723 1594 1115 1663 degenerante
1144 1590 1359 1648 saeculo
1382 1589 1615 1646 deﬁciat
1643 1588 1853 1660 passim

202 1701 317 1743 non
350 1685 537 1741 solum
568 1683 759 1755 copia,
795 1680 900 1737 sed
931 1686 992 1737 et
1042 1680 1166 1752 ipsa
1213 1694 1435 1736 morum
1485 1678 1747 1750 probitas
1795 1681 1856 1732 et

203 1775 444 1845 antiqua
477 1771 829 1828 moralitatis
862 1773 1159 1827 honestas.

276 1866 363 1920 41.
400 1861 537 1933 (53.)
570 1860 735 1932 Apud
787 1859 1165 1917 Calvitiacum
1222 1858 1545 1915 advocatus
1600 1856 1852 1928 quidam,

1952 694 2140 766 longae
2174 695 2344 765 hujus
2369 696 2710 764 evectionis,
2742 696 3091 767 sepeliretur
3110 696 3163 751 in
3182 695 3429 752 ecclesia
3454 696 3607 752 beati

1956 782 2216 839 Huberti.
2255 783 2430 853 Cujus
2481 785 2564 840 rei
2609 784 2799 855 gratia
2851 784 3145 840 Gerardus
3197 788 3256 839 et
3300 784 3611 841 Gozwinus

1956 869 2057 925 lilii
2083 870 2205 940 ejus
2225 872 2884 929 contuleruntecclesiae
2901 871 3172 941 legaliter
3190 872 3239 926 in
3258 877 3610 944 perpetuum

1956 959 2256 1015 habendos
2288 973 2391 1015 sex
2421 974 2653 1017 mansos
2684 960 2882 1017 allodii
2929 960 3082 1030 apud
3146 961 3375 1016 Bridam
3439 962 3609 1032 (122),

1957 1060 2087 1117 qua;
2110 1048 2215 1102 sub
2239 1046 2504 1117 Trajecto
2527 1048 2638 1103 sita
2663 1052 2752 1104 est
2778 1048 2835 1102 in
2853 1048 3192 1103 Taxandria.
3233 1051 3437 1105 Actum
3465 1063 3614 1105 anno

1959 1133 2245 1191 incarnati
2272 1136 2442 1192 Verbi
2478 1140 2635 1193 1052.
2671 1137 2789 1192 Hoc
2836 1137 3038 1192 eodem
3082 1150 3232 1192 anno
3294 1137 3615 1194 reiirmavit

1959 1223 2273 1295 episcopus
2294 1225 2583 1280 Henricus
2615 1229 2877 1282 castrum
2904 1224 3153 1281 Mirvolt.

2033 1331 2118 1385 43.
2154 1329 2290 1401 (55.)
2323 1330 2794 1387 lncrescentibus
2846 1336 3041 1386 autem
3104 1330 3430 1387 inimicitiis
3470 1332 3620 1387 inter

1965 1416 2269 1474 Albertum
2286 1419 2699 1475 Namucensem
2716 1425 2775 1475 et
2790 1419 3164 1475 Godefridum
3191 1419 3619 1491 Buloniensem,

1966 1506 2244 1563 Albertus
2314 1522 2417 1579 pro
2448 1523 2661 1578 guerra
2722 1508 3054 1564 Buloniensi
3097 1510 3483 1566 Mirvoldense
3531 1524 3627 1566 ca-

1968 1600 2155 1652 strum
2186 1598 2437 1652 latenter
2472 1596 2771 1653 refirmare
2804 1596 3183 1667 diSposuitJd
3199 1612 3327 1653 cum
3347 1598 3626 1656 Henricus

1968 1685 2280 1755 episcopus
2314 1685 2819 1756 deprehendisset,
2852 1691 2974 1742 tum
3009 1686 3141 1756 quia
3170 1686 3484 1742 Godefrido
3507 1703 3629 1744 om-

1970 1772 2219 1831 nimodis
2250 1774 2633 1845 favebat,tum
2662 1776 2836 1830 etiam
2870 1775 3003 1846 quia
3039 1790 3141 1846 per
3163 1775 3274 1831 hoc
3298 1775 3623 1833 vexandum
3656 1842 3662 1848 ε

1971 1860 2330 1933 episcopium
2362 1863 2627 1934 timebat,
2663 1862 3008 1934 anticipavit
3069 1863 3391 1935 praevenire
3434 1864 3624 1920 inten-

204 1951 481 2010 Albricus
510 1949 760 2019 nomine,
795 1950 851 2004 in
881 1949 1170 2019 exigendo
1201 1947 1312 2003 sibi
1359 1946 1651 2004 indebitas
1691 1946 1858 2002 chor-
1886 1950 1941 2010 B
1972 1951 2188 2007 tionem
2218 1952 2465 2023 Alberti,
2489 1956 2549 2007 ct
2578 1967 2609 2008 a
2642 1952 2921 2008 Richelde
2977 1952 3281 2008 comitissa
3342 1954 3626 2011 Montensi

207 2039 541 2110 veias(119)
574 2038 718 2094 adeo
744 2038 1078 2094 imminebat
1125 2035 1550 2094 ecclesiastica}
1601 2035 1855 2105 familiae,

210 2129 356 2188 utin
393 2127 608 2184 arando
638 2140 812 2184 vacca
863 2126 1166 2196 cujusdam
1225 2124 1501 2197 pauperis
1549 2123 1856 2193 abortiret,

207 2217 455 2288 ejusque
485 2216 610 2273 vice
644 2229 744 2287 per
775 2219 963 2271 totum
996 2214 1148 2271 diem
1173 2214 1374 2283 jugum
1418 2212 1743 2269 sustineret
1781 2211 1862 2266 al-

211 2307 508 2363 trinsecus
565 2319 802 2378 pauper.
850 2306 1085 2359 Tantam
1142 2308 1376 2373 tamque
1437 2300 1710 2371 injustam
1767 2315 1863 2356 ex-

178 2395 506 2452 -actionem
526 2395 707 2450 abbas
730 2391 972 2461 audivit,
1006 2396 1064 2448 et
1114 2392 1328 2448 Albrici
1382 2389 1864 2446 inhumanitatem

210 2483 874 2554 exhorruit,properans
902 2482 1104 2537 Divum
1139 2482 1308 2553 (120),
1337 2479 1657 2537 Adelonem
1692 2493 1867 2551 expe-

212 2574 401 2644 tiit,et
417 2570 707 2644 quomodo
718 2572 900 2628 subad
911 2574 1154 2627 vocatus
1168 2571 1296 2641 ejus
1315 2568 1584 2625 familiam
1600 2566 1866 2626 ecclesiae

212 2665 529 2731 tractaret,
556 2660 702 2717 satis
735 2658 1002 2716 dolenter
1030 2659 1292 2729 ingessit,
1328 2663 1570 2729 paratus
1619 2658 1867 2728 probare

211 2749 868 2822 bujusmodiangariam
898 2762 1002 2804 nec
1060 2747 1143 2803 illi
1202 2761 1308 2802 nec
1365 2745 1535 2802 alteri
1588 2744 1863 2801 debitam.

209 2838 562 2909 Indignatus
628 2837 805 2893 Adelo
858 2836 1139 2894 adversus
1196 2835 1516 2899 Albricum,
1552 2834 1659 2890 hoc
1707 2832 1869 2888 illum

217 2929 435 2986 fecisse
466 2926 722 2993 erubuit,
758 2930 815 2983 et
861 2924 1255 2998 expostulata;
1302 2922 1663 2996 probationis
1719 2921 1871 2977 diem

219 3016 422 3075 abbti
477 3014 812 3072 constituit.
857 3014 1199 3070 Heribertus
1258 3012 1490 3085 quidam
1547 3011 1872 3067 ammodum

221 3105 419 3163 ﬁdelis
449 3108 509 3161 et
540 3106 759 3176 probus
789 3108 917 3159 erat
950 3108 1087 3160 tunc
1118 3101 1570 3159 Calviciacensis
1622 3100 1869 3157 villicus.

223 3196 331 3252 Hic
365 3194 457 3251 die
486 3194 721 3266 praefixa
770 3192 922 3248 inter
955 3194 1224 3248 abbatem
1263 3196 1320 3248 et
1376 3191 1688 3247 Adelonem
1718 3188 1876 3245 testi-

225 3285 403 3342 ﬁcato
432 3282 700 3354 legaliter
727 3286 1112 3350 sacramento,
1148 3280 1297 3336 idem
1345 3278 1879 3347 sacramentumju-

226 3371 429 3430 diciali
478 3371 908 3428 examinatione
978 3385 1079 3441 per
1108 3384 1310 3440 aquam
1376 3368 1762 3437 confirmavit,
1820 3371 1879 3422 et

226 3462 649 3519 advocatorum
700 3460 986 3515 violentas
1043 3457 1398 3525 exactiones,
1440 3457 1682 3512 maxime
1739 3470 1878 3512 vero

223 3549 539 3608 chorveias
570 3548 651 3604 illi
684 3548 917 3605 omnino
953 3547 1262 3613 indebitas,
1292 3544 1880 3617 comprobavit.Huic

228 3638 483 3714 publicae
505 3637 984 3709 comprobatione
1010 3636 1400 3693 interfuerunt
1438 3634 1616 3692 Adelo
1658 3635 1882 3690 Divien-

227 3727 335 3798 sis,
398 3726 752 3783 Rainbaldus
809 3741 1004 3783 comes
1086 3725 1387 3782 Mutiensis
1457 3725 1627 3797 (121),
1676 3726 1882 3780 Petrus

229 3814 699 3873 Mirowaldensis
743 3830 873 3872 cum
934 3813 1132 3870 multis
1163 3814 1460 3871 nobilibus
1492 3814 1643 3870 aliis.
1677 3815 1881 3870 Actum

232 3919 389 3964 anno
421 3905 705 3961 incarnati
739 3903 911 3961 Verbi
950 3907 1101 3959 1081.

310 4024 399 4078 49.
433 4021 571 4093 (54.)
605 4021 719 4076 Nec
760 4018 943 4076 multo
1002 4023 1130 4090 post
1189 4018 1535 4075 Godei‘ridus
1580 4018 1886 4074 Theoderi-

235 4127 371 4171 cum
400 4110 670 4167 comitem
702 4124 809 4180 cep
839 4113 878 4177 t,
908 4108 1005 4178 qui
1052 4107 1205 4164 filius
1255 4106 1493 4163 Gerardi
1546 4106 1882 4175 Flamensis,

236 4200 367 4273 regi
396 4200 571 4256 etiam
605 4198 853 4255 Henrico
882 4198 1206 4255 ammodum
1244 4195 1561 4263 familiaris,
1590 4195 1645 4251 in
1676 4195 1888 4266 quibus

235 4295 480 4366 poterat
507 4287 931 4344 adversabatur
970 4287 1187 4356 juveni.
1225 4285 1402 4352 Quem
1441 4284 1738 4341 Buloninm
1794 4284 1891 4342 de-

239 4380 487 4437 ductum
513 4377 659 4434 satis
693 4376 1017 4433 liberaliter
1058 4375 1232 4445 jussit
1266 4373 1510 4431 servari.
1548 4375 1888 4430 Lambertus

239 4467 692 4542 quoquejunior
727 4471 865 4521 tunc
913 4470 975 4521 ut
1036 4469 1164 4520 erat
1218 4463 1570 4535 prmpositus
1622 4463 1889 4521 ecclesiae

243 4556 439 4616 sancti
495 4555 672 4624 Petri,
726 4554 1090 4625 frequentius
1154 4556 1386 4624 captum
1445 4551 1773 4624 revisendo,
1832 4552 1888 4608 in

242 4647 459 4720 quibus
513 4649 746 4717 poterat
800 4643 1170 4700 deserviebat
1225 4642 1327 4698 illi.
1362 4642 1706 4712 llicigitur
1759 4648 1887 4714 post
1920 4666 1972 4726 D

242 4733 551 4792 dimidium
622 4734 742 4789 fere
797 4746 1005 4788 annum
1057 4731 1112 4787 in
1162 4731 1362 4788 eadem
1417 4729 1688 4803 captione
1743 4731 1889 4787 oblit

245 4823 373 4892 (an.
401 4823 582 4892 1082),
616 4824 673 4875 et
700 4819 816 4889 jam
869 4817 1499 4875 moriturusColoniam
1540 4832 1604 4873 se
1631 4817 1895 4874 deferen-

244 4909 386 4966 dum
406 4908 789 4965 familiaribus
806 4908 929 4964 suis
961 4906 1279 4963 indixit.lbi
1295 4907 1443 4963 enim
1460 4905 1613 4978 apud
1627 4911 1892 4963 sanctum

248 4999 570 5055 Gereonem
602 4996 772 5067 longe
794 4996 1193 5054 destinaverat
1219 4995 1329 5051 sibi
1361 4996 1743 5066 sepulturam.
1778 4994 1897 5053 col-

249 5088 370 5144 lata
414 5086 536 5143 illic
592 5100 785 5142 rerum
818 5100 1054 5143 suarum
1114 5084 1421 5156 multiplici
1478 5084 1890 5141 munificentia.

248 5175 598 5233 Lambertus
629 5189 769 5232 vero
804 5179 864 5232 ut
895 5190 1125 5248 semper
1153 5179 1282 5231 erat
1326 5174 1599 5231 curiosus
1629 5173 1897 5232 ecclesiae

251 5265 463 5322 matris
493 5279 615 5323 sum
643 5264 1021 5336 utilitatibus,
1048 5279 1151 5337 per
1181 5263 1604 5321 Heribrandum
1636 5262 1900 5320 castella-

1975 2038 2161 2111 ipsum
2183 2047 2435 2096 montem
2466 2055 2597 2097 cum
2622 2040 2906 2097 comitatu
2940 2046 3001 2097 et
3049 2042 3236 2097 bauno
3292 2045 3350 2097 et
3410 2043 3628 2099 ceteris

1973 2126 2101 2197 ejus
2133 2128 2503 2200 appenditiis,
2537 2129 2652 2186 duo
2688 2144 2919 2200 quoque
2953 2129 3082 2199 ejus
3130 2128 3366 2199 allodia,
3403 2130 3629 2188 scilicet

1976 2215 2121 2272 Braz
2147 2223 2207 2273 et
2230 2218 2645 2290 Gruispontem
2665 2234 2795 2276 cum
2816 2220 3086 2275 omnibus
3103 2219 3461 2276 utilitatibus
3503 2221 3629 2278 suis

1974 2310 2033 2360 et
2065 2305 2278 2361 familia
2313 2312 2512 2363 taxato
2546 2309 2735 2380 pretio
2760 2309 3141 2379 comparavit,
3159 2308 3629 2379 sicquecastrum

1977 2394 2243 2451 maximis
2292 2395 2574 2467 impensis
2617 2396 2957 2452 refirmavit.
2995 2396 3095 2453 Cui
3142 2412 3273 2453 cum
3333 2398 3500 2468 quasi
3560 2398 3632 2454 ad

1977 2483 2305 2540 custodiam
2341 2485 2656 2557 provinciae
2682 2485 2896 2542 milites
2913 2484 3632 2558 deputasset,illicogeute

1978 2572 2175 2644 inopia
2205 2573 2343 2629 facti
2368 2578 2502 2629 sunt
2537 2574 2755 2646 publici
2788 2576 3116 2646 praedones,
3145 2589 3256 2630 non
3284 2575 3473 2632 solum
3528 2575 3633 2632 vil-

1979 2659 2166 2717 larum
2199 2676 2501 2734 pauperes,
2536 2664 2636 2719 sed
2670 2662 2844 2718 etiam
2879 2664 3062 2733 ipsam
3100 2664 3393 2719 abbati-am
3442 2666 3631 2720 sancti

1980 2749 2226 2806 Huberti
2254 2750 2508 2808 assiduis
2542 2751 2978 2808 incursionibus
3012 2756 3311 2808 vexantes.
3350 2751 3487 2819 Quae
3545 2768 3640 2810 res

1980 2840 2403 2896 Theoderiduin
2432 2841 2706 2897 abbatem
2741 2854 2921 2911 usque
2953 2839 3023 2895 ad
3048 2840 3293 2897 animam
3343 2843 3632 2913 gravavit,

1983 2928 2284 2984 timentem
2319 2944 2427 2985 non
2497 2928 2684 2985 solum
2732 2944 2839 2985 suo
2900 2930 3167 3000 tempori,
3197 2930 3300 2986 sed
3358 2931 3531 2987 etiam
3577 2930 3635 2988 in

1986 3023 2284 3087 posterum
2318 3016 2582 3088 periculo
2634 3017 2978 3089 imminenti,
3013 3024 3069 3073 et
3124 3032 3254 3074 cum
3297 3018 3634 3089 frequenter

1988 3120 2091 3176 per
2122 3121 2181 3161 se
2216 3106 2425 3178 ipsum,
2460 3113 2580 3163 tum
2626 3123 2728 3178 per
2779 3123 2927 3178 quos
2986 3112 3219 3178 poterat
3280 3109 3636 3165 mediatores

1947 3263 1965 3275 υ
1986 3191 2320 3262 episcopum
2356 3191 2630 3261 precibus
2659 3191 3000 3259 ambiret,ut
3021 3196 3139 3245 tum
3170 3194 3389 3260 grande
3423 3191 3632 3247 malum

1910 3311 1958 3373 Ο
1990 3280 2144 3351 quod
2174 3280 2227 3334 in
2259 3280 2499 3336 exitium
2531 3281 2717 3336 totius
2741 3281 3054 3351 provinciae
3073 3280 3402 3336 firmaverat
3429 3280 3636 3337 dissol-

1990 3370 2411 3439 veret,sibique
2436 3368 2659 3440 pondus
2681 3371 2827 3424 tanti
2856 3369 3080 3425 timoris
3104 3370 3457 3438 absolveret,
3492 3383 3640 3440 prm-

1991 3457 2237 3514 tendens
2260 3472 2323 3514 se
2346 3458 2666 3514 inecclesm
2686 3458 2834 3513 beati
2860 3458 2901 3512 ll
2929 3458 3097 3513 iberti
3117 3460 3398 3514 hactenus
3417 3461 3637 3516 frustra

1991 3546 2312 3617 laborasse,
2349 3547 2439 3604 cui
2476 3552 2602 3618 post
2636 3562 2694 3604 se
2738 3546 3099 3617 relinqu..~ret
3144 3553 3260 3602 tam
3317 3549 3639 3619 proximum
3715 3601 3723 3610 .

1991 3635 2244 3693 vicinum
2261 3636 2641 3693 dcsolationis
2657 3636 3003 3694 certissimae
3022 3657 3033 3691 :
3053 3638 3395 3707 compulsus
3416 3640 3643 3709 episco-

1992 3740 2103 3798 pus
2135 3743 2201 3781 ne
2226 3730 2451 3781 tantum
2484 3725 2669 3782 virum
2727 3727 2813 3781 sic
2869 3740 2897 3780 s
2927 3726 2978 3780 bi
3040 3726 3429 3795 insis.ente.n,
3464 3734 3522 3782 et
3577 3742 3646 3785 eo

1996 3829 2179 3887 usque
2211 3814 2321 3869 hab
2351 3818 2470 3869 tum
2504 3813 2558 3868 in
2601 3814 2853 3869 amicitia
2915 3814 3256 3869 familiarem
3318 3816 3644 3872 inexorabi-

1993 3902 2670 3973 literoﬂ‘enderet,utquc
2684 3904 2734 3973 ej
2748 3917 2811 3957 us
2827 3900 3085 3958 dolorem
3102 3908 3157 3957 et
3180 3903 3638 3972 indignationem

1996 3996 2313 4061 utcumque
2363 3991 2593 4057 leniret,
2635 3990 2821 4062 ipsum
2880 3994 3136 4046 castrum
3183 4006 3314 4047 cum
3369 3993 3641 4050 omnibus

1997 4080 2351 4152 appenditiis
2375 4081 2498 4137 suis
2522 4080 2788 4150 legaliter
2821 4078 3149 4135 habendum
3182 4081 3427 4137 tradidit
3457 4080 3645 4139 e-cle-

1996 4169 2115 4241 siae,
2141 4175 2199 4225 et
2224 4169 2276 4225 in
2301 4169 2548 4227 ecclesia
2582 4169 2737 4224 beati
2764 4168 3056 4226 Michaelis
3081 4184 3109 4225 a
3127 4185 3188 4227 se
3210 4172 3283 4226 ibi
3304 4175 3645 4229 constructa

1997 4264 2057 4316 et
2086 4259 2352 4315 dedicata
2386 4259 2598 4316 fratres
2627 4273 2700 4314 ex
2731 4257 2979 4315 ecclesia
3016 4259 3170 4315 beati
3224 4261 3462 4317 lluberti
3512 4276 3649 4320 con-

1999 4347 2214 4418 stituit,
2250 4348 2694 4419 custodiamque
2722 4363 3020 4406 concessze
3054 4349 3392 4407 munitionis
3448 4346 3650 4407 abbati

2000 4440 2322 4497 habendam
2378 4439 2607 4495 indixt.
2662 4443 2976 4495 Asserente
3031 4439 3240 4495 abbate
3300 4454 3360 4496 se
3422 4441 3649 4498 nescire

2001 4536 2261 4588 castrum
2288 4529 2587 4587 custodire
2601 4528 2704 4586 sed
2726 4527 3070 4597 claustrum,
3087 4528 3392 4585 convictus
3416 4529 3649 4587 tandem

2002 4622 2075 4677 ab
2107 4620 2307 4677 amicis
2336 4619 2482 4686 suis,
2513 4620 2759 4675 maxime
2792 4633 2930 4675 vero
2965 4622 3318 4688 suggerente
3345 4617 3649 4675 Lamberto

2005 4710 2229 4782 majori,
2267 4726 2337 4767 ne
2390 4710 2623 4767 interim
2673 4713 3053 4778 exasperaret
3110 4706 3333 4762 animos
3384 4720 3649 4777 personae

2005 4800 2283 4872 potentis,
2301 4799 2577 4854 indictam
2592 4795 2920 4854 custodiam
2937 4794 3243 4867 diapositis
3270 4795 3348 4851 ibi
3379 4794 3652 4854 fidelibus

2002 4888 2270 4946 ecclesiae
2302 4888 2632 4960 intercepit.

2077 4999 2169 5051 44.
2209 4995 2345 5067 (56.)
2374 4996 2531 5050 Tunc
2564 4990 2842 5062 temporis
2874 4990 3167 5047 Mathildis
3200 4990 3515 5049 marchissa
3567 4991 3660 5048 ad-

2007 5084 2235 5142 diderat
2267 5083 2542 5155 episcopo
2575 5080 2924 5137 Virdunensi
2962 5086 3024 5137 ut
3052 5080 3510 5136 "Juviniensem
3560 5081 3658 5137 ab-

2010 5174 2225 5232 batiam
2256 5173 2426 5245 (123),
2461 5172 2553 5229 cui
2606 5170 3002 5228 Theodericus
3058 5170 3373 5243 episcopus
3416 5169 3661 5226 Galbur-

2009 5280 2137 5335 gem
2187 5261 2520 5335 religiosam
2580 5260 2862 5331 virginem
2922 5261 3292 5333 praefecerat,
3328 5273 3501 5331 quam
3559 5259 3661 5316 diu

1080 5428 1090 5440 ,
1618 5362 1853 5419 vanus
1897 5361 2291 5421 LECTIONES.

322 5450 370 5489 “
400 5450 472 5509 ad
502 5452 800 5512 excidisse
825 5451 1081 5512 videtur.
1158 5447 1204 5487 ⁸⁷
1232 5449 1355 5510 Aut
1380 5455 1446 5507 ut
1473 5448 1786 5508 delendum
1814 5453 1918 5519 est,
1951 5453 2062 5510 aut
2083 5450 2323 5507 verbum
2348 5448 2591 5509 excidit.

1840 5540 2060 5598 NOTAE.

358 5613 485 5686 119)
516 5612 749 5674 Carolo.

358 5614 485 5686 119)
516 5614 749 5674 Carolo.

253 5614 1056 5828 mia?)R.D“%4W-Mme,
1097 5686 1129 5742 a
1177 5684 1310 5758 cinq
1365 5682 1550 5742 lieues
1605 5681 1677 5742 de
1732 5682 1911 5741 Mont-

582 5829 846 5896 Punon.
900 5827 1110 5894 CLIV.

2091 5610 2235 5685 (lat)
2268 5610 2494 5684 Mmsy.
2535 5614 2579 5669 κ

2116 5684 2240 5756 122)
2270 5685 2427 5741 Βνθι.
2458 5685 2523 5739 Β.

2589 5757 2757 5812 entre
2787 5749 3001 5824 Stenay
3027 5756 3085 5809 et
3112 5745 3462 5884 Montmfdy.
3492 5745 3555 5801 Β.
