3968 6364
166 357 327 420 1389

1191 353 1672 419 CHRONICON
1717 354 1784 417 S.
1830 353 2194 417 HUBERTI
2234 353 2630 417 ANDAGIN.

3419 356 3574 418 1390

164 518 305 574 dum
328 515 612 575 aecclesiaa
651 532 790 575 sua).
827 517 1062 574 Interim
1089 522 1276 575 tamen
1334 517 1549 574 dubius
1577 532 1647 572 an
1672 517 1817 588 peti-
1846 519 1901 578 A
1931 516 2228 586 meruisse,
2265 520 2327 572 ut
2404 514 2609 572 alienis
2661 514 2981 571 commodis
3039 514 3379 573 deserviens
3411 515 3569 574 illam

165 605 386 662 tionem
423 609 596 663 tantae
643 606 1157 663 ecclesiteomnino
1185 605 1507 674 refelleret,
1540 620 1610 660 an
1644 604 1818 676 depo-

161 685 345 742 situm
377 685 488 741 sibi
517 687 880 743 Lambertum
915 687 983 741 ad
1035 700 1136 742 sua
1187 686 1543 753 remitteret,
1576 684 1647 740 ad
1698 700 1816 741 rem

160 774 537 831 tractandam
570 775 833 832 inducias
860 776 1046 847 petiit,
1081 781 1140 832 et
1172 775 1326 831 diem
1355 775 1426 831 ad
1452 790 1515 831 sc
1538 774 1817 831 redeundi

164 863 370 933 legato
399 864 735 920 constituit.
766 864 951 936 C(Bpit
987 864 1208 920 interea
1236 869 1631 935 pertemptare
1667 864 1821 918 Lam-

167 950 407 1008 bertum
438 951 575 1022 quid
610 951 827 1021 mallet,
855 957 912 1007 et
946 953 1166 1008 hortari
1188 957 1246 1008 ut
1273 967 1333 1008 se
1366 951 1702 1008 excusando
1736 951 1818 1006 illi

168 1040 332 1110 quod
367 1041 680 1096 verebatur
706 1041 1374 1097 absolveret.Lamberto
1399 1041 1453 1095 in
1482 1040 1659 1111 priori
1694 1055 1822 1096 sen-

171 1129 359 1185 tentia
385 1128 762 1200 persistente,
801 1128 1032 1185 scilicet
1061 1129 1148 1185 sui
1178 1143 1239 1184 se
1268 1129 1495 1184 arbitrii
1532 1143 1643 1184 non
1668 1142 1818 1198 esse,

172 1217 528 1288 praciperet
558 1217 678 1288 ipse
702 1218 857 1288 quod
874 1216 1522 1288 vellet,paratumseilli
1557 1217 1819 1272 obedire:

172 1305 469 1363 Adalbero
498 1307 729 1377 excepit
763 1307 834 1362 ab
856 1321 924 1362 eo
969 1306 1383 1373 conditionem,
1418 1305 1571 1375 quod
1604 1320 1825 1361 reman-

170 1394 350 1450 datus
373 1409 403 1450 a
424 1394 780 1451 Theoderico
814 1396 1024 1450 abbate
1057 1395 1183 1449 sine
1207 1395 1586 1450 excusatione
1606 1398 1825 1450 utsuus

171 1484 248 1539 ad
280 1499 412 1539 eum
435 1485 674 1553 rediret,
720 1491 781 1541 et
821 1483 874 1538 in
894 1484 1021 1553 ejus
1052 1483 1269 1554 placito
1312 1498 1372 1539 se
1404 1484 1637 1538 omnino
1662 1497 1827 1554 repo-

178 1575 368 1641 neret,
428 1572 766 1642 dimisitque
797 1587 924 1628 eum
961 1572 1030 1627 ad
1067 1571 1359 1642 praeﬁxam
1403 1571 1553 1626 diem
1634 1570 1825 1640 legato

177 1662 370 1717 sancti
403 1660 643 1730 Remigii
673 1676 775 1731 pro
808 1676 877 1717 eo
923 1661 1224 1716 redeunte.
1265 1658 1364 1714 Ille
1390 1660 1575 1728 gratia
1605 1659 1699 1715 Dei
1736 1661 1827 1716 ho-

179 1755 352 1806 neste
382 1748 669 1806 deductus
698 1753 755 1807 et
786 1749 1172 1805 amicabiliter
1199 1747 1679 1818 exceptus,jussu
1735 1754 1826 1804 est

178 1837 450 1895 ecclesiae
466 1838 819 1895 scolas'icus
848 1838 1066 1902 haberi,
1097 1852 1200 1919 nec
1233 1836 1415 1891 multo
1444 1843 1573 1905 post
1600 1836 1826 1893 electus

178 1930 242 1983 et
272 1926 636 1983 constitutus
655 1942 804 1983 unus
827 1941 893 1981 ex
920 1930 1141 1997 septem
1166 1924 1563 1981 cardinalibus
1595 1925 1830 1994 majoris

180 2015 683 2085 altarii.Dignitas
706 2016 878 2086 hujus
900 2015 1127 2070 ordinis
1155 2014 1381 2069 firmata
1414 2020 1501 2070 est
1525 2015 1828 2085 privilegio

179 2097 444 2152 Romano
501 2097 689 2152 eidem
748 2095 1013 2152 ecclesiae
1087 2109 1118 2150 a
1175 2094 1385 2150 domno
1443 2095 1625 2151 Leone
1661 2110 1824 2167 papa,

184 2174 420 2245 quando
453 2189 577 2231 eam
608 2174 1089 2245 dedicavit(125),
1126 2179 1187 2231 ut
1221 2188 1329 2230 non
1365 2174 1824 2246 archiepiscopo,

182 2278 298 2320 non
330 2264 630 2335 episcopo,
666 2279 777 2319 non
809 2263 1052 2320 cuilibet
1084 2263 1287 2333 majori
1327 2263 1415 2319 vel
1449 2263 1653 2319 minori
1704 2279 1830 2335 per-

187 2367 347 2409 sonae
380 2352 551 2408 liceat
585 2353 792 2409 missas
822 2352 1124 2409 celebrare
1160 2352 1211 2406 in
1235 2352 1363 2424 ipso
1395 2351 1565 2407 altari
1598 2352 1708 2408 nisi
1742 2368 1832 2407 ar-

185 2441 564 2513 chiepiscopo
597 2442 859 2497 Remensi
885 2448 945 2497 et
974 2441 1065 2497 cui
1095 2441 1274 2497 abbas
1322 2456 1434 2497 non
1496 2440 1723 2511 quidem
1751 2447 1831 2497 te-

189 2545 371 2596 mere,
406 2530 506 2586 sed
549 2545 840 2587 consensu
895 2531 1137 2586 fratrum
1184 2529 1537 2600 permiserit.
1600 2531 1827 2601 Septem

182 2632 329 2675 vero
351 2618 684 2676 cardinales
717 2618 787 2674 ad
822 2619 974 2674 hunc
989 2617 1264 2674 honorem
1295 2618 1573 2688 assumpti
1600 2618 1831 2689 publica

188 2705 488 2763 electione
518 2698 908 2779 'prtecminent
943 2706 996 2762 in
1042 2711 1159 2762 tota
1180 2707 1733 2776 congregatione,et
1766 2708 1834 2763 li-

189 2796 316 2853 beri
361 2811 390 2851 a
424 2795 641 2852 ceteris
672 2795 896 2865 oﬂlciis,
941 2795 1153 2865 quibus
1185 2794 1442 2850 vicissim
1475 2795 1832 2866 deputantur

191 2882 312 2952 alii,
331 2882 696 2939 solummodo
720 2883 1062 2939 deserviunt
1090 2882 1369 2951 prtedicto
1384 2882 1574 2946 altari,
1594 2883 1647 2937 in
1667 2884 1831 2939 festis

186 2971 401 3028 diebus
427 2970 676 3027 baltheis
693 2975 944 3040 utentes,
996 2976 1053 3026 et
1088 2970 1263 3026 trium
1301 2970 1833 3027 diaconorumtoti-

187 3060 444 3130 demque
472 3059 961 3116 subdiaconorum
1001 3062 1058 3115 et
1097 3058 1480 3116 acholitorum
1514 3059 1833 3131 processio-

184 3163 320 3205 nem
353 3147 656 3205 habentes.

1931 593 2644 671 postponeret,respondit
2676 594 3035 662 Lambertus,
3060 608 3172 649 non
3208 594 3260 650 id
3298 603 3457 652 recte
3480 612 3573 653 ca-

1931 683 2353 755 lumpniatores
2374 696 2512 738 suos
2544 682 2615 737 de
2647 697 2711 739 se
2741 682 2994 748 sentire;
3019 682 3369 753 ubicumque
3389 687 3571 754 esset,

1931 786 1990 827 se
2017 771 2194 826 illium
2228 785 2396 826 suum
2427 768 2684 839 ejusdem
2715 770 2982 827 ecclesiae
3019 785 3092 826 ex
3126 775 3248 827 toto
3300 786 3578 843 reCOgno-

1931 864 2185 929 scere,et
2219 864 2279 915 ut
2314 858 2435 930 ipse
2467 857 2671 914 melius
2693 865 2907 927 nosset,
2945 874 3253 930 numquam
3280 874 3343 916 se
3378 861 3575 918 hacte-

1931 954 2038 995 nus
2068 938 2314 995 arbitrio
2347 951 2451 993 suo
2482 935 2700 992 vixisse
2724 950 2828 993 nec
2861 938 3066 994 amoJo
3092 938 3240 994 velle
3264 938 3480 1010 vivere,
3511 946 3577 996 et

1932 1027 1980 1082 si
2011 1025 2608 1096 satisjamexpertum
2627 1023 2813 1079 adhuc
2844 1026 3392 1097 expeririplaceret,
3415 1028 3577 1097 jube-

1933 1120 2024 1170 ret
2047 1113 2400 1185 potestative
2431 1112 2570 1182 quid
2603 1126 2664 1167 se
2692 1112 2878 1167 facere
2904 1112 3120 1167 mallet.
3143 1114 3223 1168 Ad
3240 1115 3361 1171 haec
3393 1116 3574 1172 abbas

1933 1219 2062 1259 cum
2078 1202 2406 1259 assidentes
2424 1202 2476 1255 in
2496 1200 2897 1256 ammiratione
2911 1200 3575 1275 circumSpiceret,quod

1936 1296 2046 1345 tam
2081 1290 2199 1345 cito
2220 1293 2279 1344 et
2312 1287 2641 1343 rationabili
2664 1287 2892 1342 reddita
2917 1288 3142 1343 ratione
3170 1289 3419 1345 omnium
3445 1305 3475 1345 a
3508 1306 3572 1346 se

1932 1378 2295 1449 calimpnias
2318 1375 2686 1445 removisset,
2720 1375 3139 1443 legatiosaneti
3190 1378 3432 1447 Remigii
3477 1379 3580 1436 has

1935 1467 2017 1522 illi
2042 1467 2273 1522 litteras
2295 1463 2578 1520 obtulitin
2593 1464 2795 1518 eadem
2810 1464 3178 1519 confessione
3201 1484 3213 1518 :
3249 1467 3579 1523 Veuerabili

1933 1555 2138 1613 abbati
2164 1554 2510 1610 I’lieoderico
2517 1554 2729 1624 frater
2742 1554 2817 1607 H.
2838 1554 2897 1607 et
2898 1552 3110 1623 ﬁdelis
3146 1554 3404 1610 illisanc
3431 1557 3579 1612 ille-

1932 1641 2505 1714 migiiwngregatia
2534 1641 2854 1712 illamque
2875 1642 2967 1697 est
3002 1644 3171 1700 salus
3193 1645 3501 1713 justorum
3540 1659 3579 1702 a

1936 1734 2203 1791 Domino.
2223 1730 2395 1801 Apud
2411 1730 2736 1785 karitatem
2747 1744 2966 1799 veram,
2984 1746 3165 1800 quam
3179 1733 3476 1788 credimus
3490 1748 3578 1789 ve-

1936 1823 2146 1890 stram,
2172 1833 2288 1875 non
2305 1819 2559 1875 multum
2571 1817 2805 1874 laborat
2823 1819 2903 1874 ad
2916 1820 3300 1889 apti/tendum
3311 1836 3346 1890 ᾳ
3357 1821 3471 1876 uad
3481 1835 3578 1892 pe-

1858 1886 1911 1946 B
1942 1910 2021 1967 tit
2042 1886 2263 1969 riducia
2269 1908 2581 1980 fraterna.
2603 1907 2711 1963 Sit
2728 1921 2827 1977 erg
2842 1923 2863 1959 7
2886 1886 3016 1978 ejus
3032 1908 3224 1978 ipsius
3241 1886 3452 1965 vesti-ce
3471 1886 3575 1966 λιι-

1936 1999 2167 2065 ritatis,
2201 1996 2268 2053 ut
2294 1997 2569 2068 fratrem
2600 1995 2975 2051 Lambertum
3012 1997 3178 2053 notis
3203 2011 3335 2053 cum
3361 2000 3581 2068 gratia

1939 2089 2139 2145 vesbra
2160 2084 2507 2142 remittatis.
2533 2084 2659 2141 Sed
2676 2098 2863 2153 neque
2879 2086 2975 2141 vel
3001 2085 3165 2142 vobis
3198 2088 3293 2142 vel
3319 2089 3577 2145 ecclesia

1937 2177 2147 2233 vestra
2172 2173 2829 2245 reputeturoaeriqaod
2862 2174 3151 2243 probatur
3193 2175 3422 2246 honori,
3473 2190 3580 2233 nec

1937 2263 2323 2324 adscribatur
2339 2262 2609 2332 dampno,
2630 2260 2687 2318 si
2721 2263 2990 2319 nutritas
3005 2263 3202 2319 labore
3241 2268 3428 2320 vestro
3459 2279 3582 2322 con-

1935 2354 2104 2411 venit
2123 2353 2366 2408 idoneus
2408 2354 2598 2407 inesse
2632 2350 2885 2419 apostoli
2909 2350 3275 2407 Francorum
3291 2353 3582 2408 archima-

1938 2442 2225 2510 uasterio,
2242 2454 2371 2497 cum
2381 2437 2995 2510 sapientiumj-udici-i
3024 2441 3459 2512 atilepostponi
3487 2445 3579 2498 ιίθ-

1944 2531 2079 2587 beat
2103 2528 2363 2586 honesto.
2386 2527 2540 2583 Vale.
2559 2528 2714 2582 Tune
2727 2527 2956 2583 demum
2974 2528 3153 2584 abbas
3165 2545 3295 2584 cum
3315 2530 3586 2587 Lamber-

1945 2624 2066 2675 tum
2099 2618 2186 2674 sic
2218 2616 2330 2671 sibi
2348 2615 2400 2670 in
2425 2615 2696 2671 omnibus
2715 2614 2954 2670 obedire
2980 2622 3243 2686 paratum
3265 2628 3583 2689 perpende-

1945 2713 2055 2777 ret,
2089 2711 2210 2762 tum
2241 2704 2415 2759 etiam
2448 2717 2517 2759 ne
2548 2702 2855 2758 ecclesiam
2890 2708 3068 2760 tantas
3110 2706 3415 2774 dignitatis
3467 2723 3579 2763 non

1944 2800 2225 2853 exoratus
2255 2791 2595 2860 oil‘enderet,
2628 2790 2789 2847 illum
2821 2806 2952 2848 cum
2982 2794 3172 2861 gratia
3229 2809 3330 2851 sua
3357 2796 3585 2851 remisit

1946 2886 2017 2941 ad
2051 2889 2316 2940 sanctum
2349 2880 2710 2952 Remigium;
2740 2880 2865 2952 ipse
2907 2896 3137 2951 quoque
3166 2883 3237 2937 ad
3297 2899 3465 2940 suum
3495 2900 3581 2942 re,

1946 2988 2155 3030 versus
2183 2978 2274 3027 est
2304 2968 2742 3025 monasterium.
3418 3042 3419 3045 η

2014 3045 2099 3117 ὸὲ.
2145 3060 2293 3130 (62.)
2323 3059 2607 3114 Henricus
2637 3058 2950 3129 episcopus
2980 3059 3373 3117 imminentem
3407 3064 3587 3122 domi-

1943 3151 2057 3209 nici
2076 3148 2284 3206 natalis
2299 3147 2790 3218 sollempnitatcm
2806 3150 2957 3218 apud
2973 3157 3237 3207 sanctum
3263 3155 3303 3208 H
3317 3156 3584 3217 ubertum

260 3241 350 3293 37.
386 3237 533 3307 (59.)
578 3236 786 3293 Audita
818 3242 954 3293 sunt
976 3238 1165 3293 omnia
1224 3236 1375 3308 apud
1406 3242 1669 3293 sanctum
1725 3240 1836 3295 Ilu-
1867 3238 1914 3300 C
1944 3238 2267 3298 celebravit
2291 3236 2568 3308 (1'25),ubi
2590 3238 3004 3307 etinsequenti
3029 3239 3467 3311 quadragesima
3495 3262 3588 3303 οιι-

192 3327 430 3383 bertum
456 3339 583 3395 quae
613 3331 928 3382 evenerant
953 3325 1026 3382 de
1059 3325 1837 3395 Lamberto,quemTheode-

186 3414 354 3471 ricus
383 3414 563 3471 abbas
589 3428 786 3470 secum
816 3415 1091 3471 eductum
1129 3414 1382 3471 Lauduni
1441 3415 1833 3486 commiserat,

189 3503 362 3575 quasi
396 3502 463 3558 ad
499 3502 977 3561 satisfaciendum
998 3502 1403 3574 episcopo,qui
1427 3502 1733 3559 videbatur
1757 3506 1838 3559 in-

179 3591 452 3663 juriosus
486 3606 589 3662 pro
612 3593 792 3648 verbo
822 3591 1095 3661 superius
1127 3590 1418 3647 incautius
1464 3592 1521 3646 in
1553 3605 1682 3646 eum
1710 3607 1837 3663 pro-

188 3680 338 3737 lato.
372 3680 438 3734 Et
473 3679 915 3751 indignantibus
943 3678 1226 3735 adversus
1294 3693 1421 3735 eum
1484 3680 1834 3752 quibusque,

190 3768 453 3824 amarius
487 3783 623 3823 vero
654 3769 958 3824 Lamberto
997 3767 1231 3838 majore,
1296 3767 1447 3839 quod
1481 3769 1645 3838 quasi
1682 3769 1839 3825 illius

193 3856 521 3927 improvida
546 3856 925 3927 Simplicitate
963 3856 1292 3926 hujusmodi
1353 3858 1658 3927 dampnum
1714 3872 1840 3912 eve-

193 3945 384 4001 nisset
412 3945 697 4009 ecclesiae,
725 3948 785 4000 ut
817 3944 863 3978 ⁸ο
879 3945 1288 4001 emolumentis
1311 3945 1569 4001 nutritus
1586 3944 1841 4002 deservi-

193 4039 291 4089 ret
322 4032 528 4090 alienis
562 4032 943 4103 utilitatibus,
977 4033 1160 4105 cmpit
1191 4048 1385 4090 secum
1410 4032 1738 4088 deliberare
1769 4048 1839 4088 an

192 4121 534 4193 depositum
568 4121 921 4185 Adalheroni
945 4122 1267 4177 remandar.
1288 4124 1407 4190 t,an
1436 4135 1538 4192 per
1570 4136 1630 4178 se
1655 4121 1840 4191 ipsum

192 4210 570 4268 Lambertnm
622 4210 972 4281 requireret.
1006 4210 1506 4265 lmminehatvcro
1549 4209 1842 4266 dedicatio

193 4297 466 4356 ecclesia)
498 4299 1012 4369 Ebernensis,qu:e
1039 4304 1129 4354 est
1164 4298 1219 4353 in
1258 4297 1350 4354 die
1373 4298 1559 4354 sancti
1591 4298 1840 4368 Martini,

193 4387 421 4457 illoque
451 4388 633 4445 abbas
654 4387 896 4444 veniens
930 4387 1220 4443 mandavit
1259 4387 1562 4442 Lamberto
1614 4391 1677 4443 ut
1732 4386 1842 4443 sibi

196 4481 572 4533 occurreret.
608 4476 731 4545 Ille,
749 4476 948 4532 audito
974 4476 1245 4532 mandato
1260 4475 1397 4531 hora
1425 4476 1620 4545 tertia,
1642 4490 1846 4531 occur-

1948 3328 2184 3384 diniuus
2207 3325 2452 3395 exactis,
2471 3325 2742 3381 Leodium
2765 3326 3161 3384 reuiit.Abbas
3186 3344 3322 3387 vero
3340 3333 3456 3401 jam
3482 3334 3582 3392 diu

1947 3430 2267 3488 suspensus
2297 3414 2368 3470 de
2409 3415 2795 3486 promissione
2824 3429 2934 3485 qua
2976 3416 3291 3489 episcopus
3338 3422 3589 3481 deicien-

1947 3506 2081 3563 dum
2115 3509 2374 3562 castrum
2397 3504 2744 3561 condixerat
2774 3503 2879 3575 illi,
2916 3512 2974 3560 ut
3004 3506 3117 3577 jam
3156 3508 3385 3565 tandem
3418 3527 3591 3584 expe-

1949 3595 2167 3651 riretur
2189 3600 2460 3650 eventum
2496 3596 2601 3663 rei,
2636 3595 2954 3664 adgressus
2990 3603 3081 3651 est
3115 3597 3275 3654 illum
3320 3600 3591 3660 Leodium

1950 3684 2247 3756 prosequi.
2286 3685 2343 3737 In
2374 3688 2579 3753 quarta
2609 3687 2804 3739 autem
2864 3684 3005 3739 feria
3043 3687 3329 3754 paschalis
3378 3691 3592 3748 hebdo-

1951 3774 2135 3828 madas
2167 3772 2306 3827 hora
2341 3772 2459 3826 fere
2485 3770 2653 3826 tertia
2689 3771 2924 3826 veniens
2971 3773 3275 3844 'l‘ieletum,
3308 3779 3527 3833 audivit
3559 3796 3591 3836 a

1950 3854 2302 3916 suis'Serani
2334 3857 2483 3928 (ιιϐ)
2507 3871 2640 3913 esse
2672 3857 3033 3929 episcopum,
3068 3874 3427 3932 ascenSJque
3461 3868 3592 3923 navi

1953 3949 2201 4003 venitad
2231 3962 2389 4004 eum.
2466 3946 2788 4017 Episcopus
2815 3949 2883 4002 ad
2912 3947 3144 4018 podium
3195 3964 3361 4005 suum
3403 3955 3595 4010 consi-

1954 4039 2138 4104 stens,
2174 4033 2431 4103 delonge
2463 4033 2802 4103 recognovit
2836 4034 3163 4090 venientem
3186 4036 3593 4109 ;euicumjam

1955 4124 2096 4195 ripa:
2128 4121 2423 4179 adlabenti
2449 4121 2638 4193 gratia
2671 4122 3412 4183 salutationisinclainaret:
3445 4131 3596 4186 Sur-

1951 4213 2118 4268 rexit
2136 4211 2426 4269 Dominus
2438 4224 2589 4281 vere,
2606 4212 2787 4268 abbas
2799 4212 2850 4268 ei
2877 4215 3200 4284 respondit:
3217 4216 3601 4288 Etappareat

1954 4303 2211 4358 Henrico
2226 4300 2417 4357 aede.
2454 4300 2632 4366 Quem
2655 4301 2967 4374 episcopus
3010 4304 3255 4374 benigne
3286 4311 3594 4377 exceptum

1956 4390 2281 4446 introduxit
2297 4389 2350 4444 in
2367 4388 2649 4461 capellam
2673 4405 2844 4461 quam
2867 4391 3013 4447 satis
3036 4391 3335 4463 eleganter
3365 4394 3490 4466 ipse
3516 4396 3595 4452 ibi

1956 4478 2319 4549 condiderat,
2339 4479 2622 4535 neminem
2656 4482 3295 4551 prieterTheodericum
3319 4485 3597 4553 praeposi-

196 4565 282 4620 rit
313 4564 366 4620 ei
387 4580 515 4621 cum
564 4565 854 4635 legatione
899 4563 1161 4621 ecclesiae
1185 4564 1371 4621 sancti
1418 4563 1662 4634 Remigii
1704 4565 1843 4620 hora
1874 4596 1927 4656 D
1957 4571 2079 4624 tum
2103 4565 2490 4624 admittensin
2514 4581 2711 4624 causa.
2732 4567 2838 4633 Qui
2862 4567 3075 4623 sedens
3089 4568 3442 4639 aliquamdiu
3464 4586 3595 4629 cum

194 4657 390 4710 sexta.
424 4653 679 4710 Laetatus
709 4660 799 4711 est
835 4654 1015 4709 abbas
1054 4659 1169 4709 tam
1215 4653 1332 4710 cito
1354 4652 1464 4710 sibi
1514 4654 1844 4710 occurrisse

195 4741 591 4811 Lambertum,
625 4741 1112 4799 erubescentibus
1137 4742 1483 4813 quibusdam
1504 4741 1601 4814 qui
1619 4756 1847 4798 assere-

196 4832 343 4889 bant
367 4830 529 4902 quasi
552 4831 831 4890 rebellem
855 4846 967 4888 non
987 4846 1114 4889 esse
1135 4831 1575 4889 venturum.Cui
1600 4846 1729 4888 cum
1752 4846 1846 4888 co-

194 4935 325 4978 ram
343 4920 628 4993 obiceret,
646 4936 761 4979 non
781 4922 893 4980 hoc
914 4920 1221 4979 ecclesiam
1242 4926 1484 4981 matrem
1507 4937 1667 4981 suam
1692 4924 1762 4979 de
1776 4938 1846 4979 eo

1958 4655 2183 4713 vultum
2207 4661 2267 4712 et
2288 4670 2486 4712 vocem
2511 4654 2963 4726 suppressisset,
2982 4655 3183 4711 oculos
3201 4656 3455 4713 lacrimis
3481 4661 3598 4717 suf-

1961 4745 2124 4801 fusos
2155 4743 2406 4801 elevavit
2431 4743 2744 4809 adcaalum,
2775 4748 3170 4799 etconversus
3217 4745 3288 4800 ad
3327 4746 3601 4806 abbatem

1959 4833 2124 4905 quasi
2155 4833 2210 4888 in
2230 4832 2432 4903 agonia
2456 4831 2863 4888 constitutum:
2884 4832 3046 4902 Scio,
3065 4834 3271 4904 inquit,
3289 4834 3604 4905 quidqua-

1956 4934 2081 4992 ras,
2107 4919 2634 4991 larissimepater,
2647 4919 2768 4978 scio
2781 4918 3263 4993 guiddesideras,
3287 4923 3507 4995 quidve
3534 4924 3605 4985 in

1542 5050 1781 5108 VARIAE
1840 5047 2249 5110 LECTIONES.

272 5160 321 5197 '°
351 5160 475 5221 suis
492 5162 589 5223 vel
609 5161 794 5237 ipsius
811 5163 1108 5224 cecidisse
1129 5165 1391 5224 videtur.

1787 5288 1989 5350 NOTIE
2001 5334 2019 5353 .

281 5405 430 5487 (123)
460 5407 527 5487 _A.
549 5406 713 5487 1069.
749 5403 1124 5487 liriﬁlggium
1162 5406 1224 5465 d.
1266 5402 1403 5466 Oct.
1442 5411 1474 5463 5
1504 5408 1687 5465 edidit
1717 5410 1859 5465 Mar-
1968 5411 2229 5487 H_uberto
2262 5406 2527 5487 tradidit,
2553 5422 2681 5467 cum
2714 5408 2924 5487 hanno,
2958 5410 3605 5487 latrone,feralibnset

203 5473 313 5535 lot'.
352 5473 507 5533 Hist.
549 5475 716 5532 Rem.
756 5475 825 5548 ll,
865 5473 989 5534 107:

281 5562 707 5642 (125)Ha_nc__ibi
739 5567 857 5642 egit
887 5583 945 5624 a.
981 5571 1141 5639 1082,
1168 5565 1555 5642 ordinationis
1583 5573 1854 5642 _suae_a.8,

205 5639 265 5695 et
292 5634 740 5711 Vtuncallodium
770 5634 923 5711 Braz;
950 5653 1052 5711 per
1108 5634 1659 5711 manumGodefridi
1692 5634 1860 5697 ducis

206 5711 269 5768 et
289 5707 556 5783 ejusdem
571 5705 837 5770 ecclesiae
858 5705 1128 5769 advocati
1141 5709 1314 5783 legali
1329 5710 1641 5768 donatione
1656 5714 1860 5768 sancto

1970 5480 2223 5558 placitis,
2267 5478 2372 5558 sed
2396 5478 2964 5558 absqueyenatione.
2985 5482 3162 5540 Miraai
3190 5478 3335 5558 Opp.
3362 5483 3607 5557 Dipl.lV,

1969 5556 2064 5608 351
2101 5570 2116 5621 ;
2151 5553 2400 5608 Martene
2432 5552 2581 5609 Coll.
2621 5554 2663 5623 Ι,
2698 5555 2822 5608 517.

2042 5641 2189 5714 (126)
2217 5640 2447 5698 Tillear
2477 5646 2535 5699 et
2562 5641 2846 5716 Seraing.
2887 5643 2953 5704 Β.
