3968 6316
525 431 677 500 1391

1501 421 1979 488 CHRONICON
2021 421 2089 484 S.
2136 416 2509 482 HUBERTI
2555 415 2951 482 ANDAGIN.

3707 423 3810 490 1392

518 581 1640 662 posternmcerearisezmalitiaqnam
1655 577 1819 636 vides
1845 575 2166 648 prasentis
2201 559 2256 617 Α
2287 581 2544 652 malitia,
2578 580 2878 638 insecutus
2933 594 3060 637 eam
3089 593 3295 652 capere
3333 579 3520 638 voluit.
3567 582 3712 650 Quem
3733 587 3807 645 beo

529 679 828 749 temporis,
853 676 1028 748 cujus
1052 688 1126 732 ne
1136 671 1500 744 michiapud
1517 673 1724 736 Deum,
1742 669 1815 725 at
1827 667 2171 724 multotiens

2296 674 2521 739 iuvante
2548 669 2929 741 cil'ugiens,ad
2959 668 3260 727 ecclesiam
3296 669 3441 726 beati
3471 673 3812 733 Hubertidiver-

527 767 807 836 minaris,
827 765 1153 836 imputetur
1166 764 1413 832 occasio,
1437 761 1698 818 castram
1735 757 1895 828 quod
1923 757 2177 813 deicien-

534 856 671 912 dum
702 853 972 928 afectas,
991 852 1292 910 taeehodie
1327 850 1624 907 voluntati
1657 848 1715 904 et
1727 844 2018 918 potestati
2041 857 2166 915 per.

527 945 716 1012 mitto,
742 945 1058 1015 ipsumque
1083 943 1480 998 montentcum
1518 937 1872 995 comitatuet
1905 932 2175 990 omnibus

529 1047 661 1106 qua
678 1034 820 1091 sunt
847 1035 976 1105 ejus
994 1031 1247 1088 ditionis
1277 1030 1346 1086 in
1373 1030 1723 1102 perpetuum
1764 1026 2024 1083 ecclesia
2065 1023 2180 1080 tua

515 1121 944 1194 possidendum
964 1121 1147 1192 legali
1155 1121 1242 1176 ter
1254 1117 1558 1186 contrado,
1572 1129 1780 1186 meque
1794 1115 1978 1170 totum
1995 1111 2106 1170 tibi
2124 1112 2186 1168 et

517 1209 684 1282 ﬁliis
706 1211 828 1268 tuis
838 1209 1052 1282 gratia
1093 1209 1274 1280 hujus
1307 1206 1760 1264 vicissitudinis
1794 1203 2030 1259 domino
2059 1203 2178 1258 Deo

533 1297 1059 1357 commendandum
1073 1297 1416 1368 specialiter
1427 1292 1954 1352 committo.Statim
1978 1291 2176 1361 abbas,

539 1378 878 1444 lacrimatas
897 1401 1017 1458 pra
1043 1386 1276 1456 gaudio,
1295 1385 1364 1440 ad
1385 1383 1700 1456 pedcsejus
1719 1380 1988 1454 procidit,
2009 1394 2179 1450 quem

534 1477 846 1548 episcopus
877 1481 934 1530 et
970 1475 1092 1546 ipse
1149 1489 1300 1544 genu
1338 1472 1704 1530 llexolevans
1749 1469 2048 1527 humiliter
2072 1469 2180 1525 hoc

532 1578 660 1620 eum
687 1563 893 1620 fecisse
924 1563 1262 1632 castigavit.
1295 1563 1411 1618 Nec
1443 1567 1707 1618 moratus
1741 1561 1923 1616 abbas
1954 1573 2179 1614 omnem

530 1659 802 1709 eventum
838 1651 920 1706 rei
985 1652 1291 1708 Lambcrto
1338 1650 1564 1720 majori,
1620 1665 1788 1721 quem
1819 1649 1890 1705 ad
1920 1656 2180 1706 castrum

527 1737 978 1796 custodiendum
998 1737 1341 1810 reliquerat,
1366 1739 1589 1810 scripto
1622 1737 1936 1805 mandavit,
1957 1740 2086 1791 etut
2112 1735 2182 1790 ad

531 1827 908 1884 evertendam
929 1825 1296 1883 altitudinem
1315 1828 1574 1882 sathana
1591 1825 2184 1896 quibusviribuspos-

535 1920 624 1972 set
645 1914 1070 1984 accingeretur,
1111 1931 1213 1986 per
1229 1914 1618 1971 obedientiam
1638 1913 1865 1969 indixit.
1904 1915 1961 1968 In
1978 1911 2186 1969 crasti-

539 2016 673 2058 num
697 2015 922 2058 summo
959 2016 1124 2058 mane
1152 2001 1523 2057 redditissibi
1574 2000 1812 2070 litteris,
1847 2000 2188 2055 Lambertus

537 2105 781 2148 ascenso
824 2082 1806 2162 equocircumquaquepervolavit,
1837 2095 1898 2144 et
1957 2087 2187 2160 publica

537 2179 841 2236 exactione
895 2195 1290 2250 quoscumque
1317 2179 1506 2252 potuit
1537 2179 1606 2235 ad
1632 2184 1890 2235 castrum
1943 2182 2194 2248 quanto-

534 2268 663 2325 cius
683 2268 995 2325 convenire
1007 2268 1310 2340 compulit,
1355 2273 1412 2324 et
1435 2283 1503 2323 ne
1523 2268 1652 2339 quis
1673 2270 2068 2339 pratenderet
2095 2281 2192 2322 oc-

534 2355 1280 2413 casionemvelremorandi
1298 2357 1738 2427 velexcusandi,
1763 2356 1920 2412 velut
1937 2355 2187 2426 quadam

538 2444 831 2501 anxietate
846 2444 1021 2500 animi
1055 2443 1432 2501 insimulabat
1453 2445 2188 2501 minaciteruecessitatem

540 2533 856 2590 instantem
903 2532 1265 2605 propellendi
1291 2534 1558 2604 periculi,
1589 2549 1661 2590 ex
1703 2535 1892 2590 hanno
1931 2533 2188 2605 episcopi

543 2621 911 2678 amissionem
927 2636 1118 2678 rerum
1135 2637 1367 2679 suarum
1412 2623 1765 2696 intemptans
1779 2622 2043 2692 singulis,
2079 2622 2187 2679 nisi

545 2710 819 2769 adessent
846 2712 1462 2770 tuendamnnitioniet
1484 2713 1764 2770 firmando
1778 2712 1994 2783 aggeri.
2030 2714 2190 2769 Com-

544 2799 896 2871 motaigitur
949 2801 1324 2872 rusticorum,
1361 2801 1606 2857 maxime
1622 2817 1757 2858 vere
1789 2801 2190 2872 carpentario-

542 2904 689 2960 rum,
725 2889 1120 2958 multitudine,
1158 2889 1458 2948 boranona
1478 2891 1817 2948 Lambertus
1833 2890 1904 2945 ad
1928 2895 2186 2946 castrum

547 2978 743 3048 rediit,
781 2978 1270 3049 accinctusquein
1289 2978 1631 3051 primiscum
1676 2978 2186 3034 fratribusibidcm

544 3067 1283 3138 commorantibus,turrim
1301 3067 1762 3125 ascenditetnisi
1784 3067 1946 3139 prius
1959 3067 2190 3122 videret

545 3156 836 3227 dejectum
857 3157 984 3228 ejus
1015 3156 1260 3228 apicem,
1313 3172 1376 3212 se
1409 3157 1642 3213 omnino
1675 3172 1785 3212 non
1813 3160 2186 3227 gustaturum

538 3243 784 3316 juravit.
827 3244 1070 3300 Videres
1105 3245 1360 3302 rusticos
1400 3244 1667 3316 exemplo
1699 3244 1827 3314 ejus
1889 3244 2184 3313 incitatos,
2217 3278 2267 3340 Ο

544 3332 711 3404 quasi
728 3346 790 3388 se
811 3332 971 3403 ipsos
991 3332 1426 3388 vindicantesin
1445 3331 1739 3404 publicum
1762 3333 1986 3388 hostem
2004 3333 2186 3388 totius

544 3420 863 3492 provincia
891 3420 1161 3475 certatim
1181 3420 1593 3490 insurgere,ad
1619 3435 1839 3476 summa
1859 3421 2039 3477 turris
2053 3436 2188 3477 con-

544 3507 814 3566 volantes
842 3511 1064 3565 tectum
1088 3524 1216 3564 cum
1238 3509 1506 3566 trabibus
1520 3510 2078 3580 evolvere,parietes
2093 3512 2190 3567 ab-

547 3596 740 3668 ruptis
762 3595 1143 3668 compagibus
1169 3596 1514 3667 dissolvere,
1533 3598 1740 3654 moenia
1763 3598 1884 3669 ipsa
1903 3613 2032 3654 cum
2059 3615 2190 3670 pro—

543 3684 890 3756 pugnaculis
941 3699 1147 3741 eversa
1202 3685 1462 3742 funditus
1507 3700 1736 3756 eruere,
1775 3691 1862 3742 tot
1893 3687 2189 3758 impensas

544 3776 754 3846 totque
803 3772 1036 3830 labores
1063 3789 1194 3830 cum
1231 3774 1480 3830 maximo
1497 3773 1822 3831 collisionis
1873 3775 2101 3845 fragore
2132 3776 2188 3832 in

550 3862 712 3920 brevi
743 3862 1094 3920 concidisse.
1113 3863 1388 3934 Sequenti
1425 3863 1565 3920 feria
1583 3869 1748 3920 sexta
1782 3864 1963 3920 abbas
1987 3865 2191 3936 abepi-

547 3963 725 4024 scopo
757 3951 1007 4021 rediens,
1033 3966 1160 4008 cum
1196 3952 1559 4024 prospiciens
1585 3951 1796 4009 turrim
1820 3967 1929 4008 non
1963 3952 2191 4009 videret

545 4041 700 4098 unde
728 4040 915 4098 videri
949 4040 1176 4098 solebat
1207 4055 1236 4097 a
1286 4041 1477 4112 longe,
1515 4042 1846 4113 suspicnens
1868 4041 1920 4096 in
1953 4041 2186 4114 coelum,

546 4131 896 4202 quantocius
928 4130 998 4187 de
1027 4146 1178 4202 equo
1201 4132 1504 4188 descendit
1536 4137 1868 4202 terramque
1893 4131 2192 4189 deoscula-

546 4223 646 4276 tur
672 4218 736 4290 “,
777 4221 855 4276 Te
884 4222 1068 4277 Deam
1082 4220 1402 4278 laudamus
1424 4220 1801 4278 devotissime
1831 4219 2185 4291 decantavit,

544 4308 614 4364 Et
645 4322 775 4364 cum
809 4308 1173 4380 pervenisset
1201 4308 1272 4365 ad
1303 4314 1584 4378 castrum,
1618 4307 1936 4380 ipsumjam
1971 4308 2188 4366 nudum

543 4410 816 4467 aggerem
839 4395 1084 4467 dejecta
1115 4398 1300 4455 turris
1347 4397 1698 4468 susciperet,
1722 4397 1948 4454 elevata
1982 4403 2188 4455 contra

547 4499 681 4542 eum
713 4499 885 4543 manu
911 4504 925 4540 :
951 4485 1338 4556 Dissolcatte,
1357 4485 1762 4556 inquit,cirtus
1775 4486 2191 4558 omnipotentis

547 4574 796 4646 Dei,qai
809 4575 962 4633 nutu
972 4589 1078 4632 suo
1088 4589 1290 4633 muros
1313 4575 1555 4633 JIte-rico
1571 4589 1842 4634 corruere
1835 4576 2014 4648 fecit.
2074 4578 2190 4634 Nec

2287 759 2446 828 tit,et
2475 757 2719 815 officiosi
2741 759 2902 815 asime
2923 757 2997 815 ab
3052 758 3595 816 abbate'l‘heoderico
3616 768 3810 834 excepta,

2288 863 2392 919 per
2423 847 2844 904 hebdomadam
2875 847 2930 903 in
2965 847 3097 904 loco
3124 861 3435 918 repausans
3456 849 3700 906 substitit.
3715 853 3813 907 tute

2289 937 2394 992 rim
2422 937 2665 994 fratrum
2699 936 2982 1008 religione
3007 941 3316 1010 perspecta
3353 936 3814 1009 diligenter,etmul-

2291 1026 2330 1081 ti
2339 1025 2473 1097 plici
2491 1027 2777 1097 obsequio
2801 1027 2910 1082 sibi
2937 1026 3202 1083 hilariter
3219 1027 3464 1098 impenso
3483 1027 3814 1099 delectata,Ca-

2287 1116 2596 1186 viniacum,
2630 1115 2782 1186 quod
2801 1121 2864 1172 ut
2896 1115 3115 1173 dictum
3132 1115 3428 1172 estabbati
3465 1115 3752 1188 deposuerat
3778 1117 3811 1172 in

2289 1205 2540 1272 vadium,
2577 1205 2791 1260 obtulit
2819 1203 3087 1261 ecclesia
3113 1203 3369 1262 funditus
3403 1205 3680 1262 emendum.
3705 1205 3812 1272 Quod

2287 1301 2416 1342 cum
2435 1284 2631 1341 abbati
2645 1285 2918 1356 omnique
2934 1284 3370 1354 congregationi
3387 1285 3813 1356 placeret,commu-

2289 1376 2344 1431 ni
2361 1389 2645 1432 consensu
2661 1374 2786 1432 dies
2802 1374 3034 1446 praiixa
3059 1381 3151 1431 est
3167 1389 3254 1431 em
3264 1374 3812 1446 ptionishujusagenda,

2289 1470 2351 1521 et
2379 1465 2488 1521 hoc
2515 1479 2712 1521 coram
2725 1464 3004 1536 episcopo
3026 1463 3180 1535 apud
3211 1470 3456 1520 castrum
3471 1465 3814 1520 Fosseuse.Prc

2289 1558 2532 1610 curatus
2562 1559 2656 1610 est
2704 1569 2934 1624 quoque
2955 1553 3036 1608 illi
3059 1568 3254 1610 comes
3287 1552 3542 1610 Albertus
3567 1553 3626 1608 ab
3651 1553 3812 1621 abbate,

2293 1643 2387 1714 qui
2413 1658 2534 1700 eam
2563 1643 2850 1699 reducens
2873 1642 2929 1698 in
2963 1657 3066 1699 sua
3089 1642 3392 1698 constituit
3447 1641 3724 1698 securitate.
3743 1643 3816 1696 Ab-

2294 1746 2429 1788 raso
2446 1736 2640 1789 autem
2665 1737 2910 1802 argento
2935 1731 3090 1802 quod
3107 1731 3418 1788 inecclesia
3435 1729 3642 1788 inveniri
3667 1730 3814 1802 potuit,

2297 1821 2594 1890 octoginta
2617 1823 2883 1877 marchas
2897 1835 3092 1878 secum
3115 1820 3384 1877 deferens
3401 1821 3563 1876 abbas
3589 1820 3816 1875 Fossasve-

2216 1920 2270 1980 Β
2299 1910 2698 1980 nit,trecentis
2728 1909 2859 1967 aliis
2881 1925 2984 1981 per
3003 1909 3366 1966 Lambertum
3391 1907 3819 1979 majoremetTheo-

2301 1999 2558 2056 dericum
2578 2000 2952 2072 prapositum
2995 2000 3348 2071 procuratis,
3379 1998 3519 2070 apud
3556 2003 3818 2054 mercatores

2300 2093 2360 2144 et
2384 2088 2635 2145 clericos
2682 2088 3028 2145 Leodienses
3087 2087 3336 2145 vadibus
3371 2086 3641 2159 depositis.
3679 2086 3818 2142 Conre

2301 2178 2496 2233 niente
2526 2191 2668 2247 ergo
2696 2178 2994 2234 comitissa
3024 2175 3290 2233 Richilde
3335 2191 3457 2234 cum
3484 2174 3586 2231 tilio
3630 2189 3712 2229 suo
3737 2172 3817 2227 Bal-

2301 2265 2498 2335 duino,
2524 2270 2800 2322 renovata
2823 2271 2914 2322 est
2933 2278 3129 2322 coram
3149 2266 3418 2337 episcopo
3469 2267 3523 2320 et
3555 2261 3675 2318 duce
3697 2259 3816 2315 Gede-

2303 2354 2452 2410 frido
2484 2355 2793 2410 conventio
2817 2353 3088 2410 condicta
3114 2354 3188 2410 de
3221 2353 3537 2417 Caviniaco;
3556 2350 3690 2419 cujus
3703 2347 3814 2419 pretii

2301 2458 2724 2500 summamcum
2754 2443 3071 2515 episcopus
3122 2441 3497 2498 contraxisset
3535 2439 3597 2495 ad
3632 2436 3815 2492 marchas

2301 2537 2600 2589 trecentas
2619 2537 2833 2604 prater
2856 2532 3265 2604 septingentas
3282 2545 3420 2602 quas
3447 2528 3567 2586 olim
3615 2527 3751 2582 abbas
3782 2524 3814 2577 in

2299 2624 2528 2680 vadium
2586 2629 3043 2696 superposuerat
3086 2624 3164 2693 ei,
3203 2627 3384 2679 mater
3404 2619 3653 2690 cumﬁlio
3695 2616 3815 2685 ipsum

2301 2714 2501 2770 fiscum
2539 2721 2822 2786 perpetuo
2853 2713 3186 2770 habendum
3219 2712 3470 2770 ecclesia
3497 2708 3629 2766 beati
3647 2703 3761 2762 Petri
3783 2705 3817 2756 et

2301 2804 2454 2859 beati
2489 2802 2729 2859 Huberti
2764 2818 2867 2875 per
2887 2803 3175 2874 cespitem
3203 2808 3264 2859 et
3287 2816 3489 2858 ramum
3509 2797 3718 2870 ejusdem
3731 2791 3817 2848 allo-

2299 2892 2377 2948 dii
2413 2891 2681 2961 lcgaliter
2721 2890 2776 2947 in
2811 2905 3015 2948 manus
3055 2891 3319 2964 episcopi
3347 2895 3400 2947 et
3455 2886 3666 2954 abbatis,
3711 2877 3816 2938 ducis

2299 2995 2531 3052 quoque
2564 2981 2860 3036 Godet‘ridi
2899 2979 3290 3038 ecclesiastici
3329 2977 3586 3046 advocati,
3612 2967 3816 3031 contradi-

2299 3067 2726 3140 dit,etpublica
2756 3068 3052 3125 audientia
3078 3068 3196 3125 sibi
3215 3081 3341 3125 eum
3363 3072 3417 3123 et
3437 3059 3816 3137 quibusquehere

2299 3157 2473 3214 dibus
2499 3157 2622 3213 suis
2653 3161 2900 3228 uterque
2917 3157 3186 3214 funditus
3205 3154 3480 3225 abjuravit
3500 3153 3644 3223 (177).
3663 3150 3715 3204 Et
3735 3159 3815 3202 cum

2298 3245 2351 3301 in
2369 3245 2728 3302 exsolvendo
2743 3251 2986 3316 argento
3003 3245 3232 3302 videret
3248 3245 3436 3318 episco
3446 3258 3539 3316 pus
3553 3236 3714 3309 viginti
3725 3249 3817 3290 mar-

2296 3335 2436 3391 chas
2457 3335 2680 3403 deesse,
2729 3335 2844 3392 duo
2859 3335 3213 3392 candelabra
3230 3349 3328 3391 sua
3352 3331 3584 3404 ejusdem
3624 3321 3816 3399 ponderis

2297 3423 2567 3496 deposuit
2595 3423 2929 3492 comitissa,
2957 3438 3086 3495 qua
3116 3428 3317 3495 postea
3338 3436 3405 3478 ex
3429 3417 3632 3493 proprio
3649 3409 3814 3471 redemit

2298 3514 2514 3570 ductus
2547 3526 2742 3569 amare
2764 3511 3048 3569 ecclesia.
3085 3514 3260 3569 Facta
3287 3515 3466 3568 autem
3503 3513 3553 3564 et
3574 3503 3815 3593 conﬁrmata

2298 3606 2461 3660 carta
2491 3601 2664 3671 hujus
2685 3599 3074 3672 coemptionis
3113 3601 3166 3656 in
3204 3599 3423 3673 publica
3470 3590 3720 3668 prasentia
3743 3590 3815 3658 epi-

2300 3691 2461 3762 scopi
2495 3695 2554 3746 et
2585 3690 2837 3760 ducis,et
2858 3689 3088 3760 signata
3123 3689 3374 3746 testibus
3395 3674 3814 3752 idoneis,abbasla

2302 3784 2396 3838 tus
2425 3780 2496 3836 ad
2526 3779 2834 3836 ecclesiam
2869 3779 3064 3848 rediit,
3102 3783 3161 3835 et
3187 3777 3514 3833 vestituram
3549 3766 3737 3840 legalem
3753 3774 3815 3834 Ρθτ

2302 3885 2529 3926 manum
2555 3869 2722 3926 ducis
2746 3868 3250 3940 recipiens,super
3268 3866 3442 3923 altare
3462 3860 3594 3920 beati
3617 3855 3732 3912 Petri
3757 3853 3816 3946 Ca-

2299 3959 2586 4017 viniacum
2622 3963 2807 4014 totum
2833 3972 2962 4014 cum
3001 3956 3221 4012 familia
3254 3961 3313 4012 et
3364 3951 3600 4010 omnibus
3618 3943 3816 4014 acquestl-

2302 4049 2412 4105 bus
2443 4052 2498 4104 et
2534 4047 2890 4120 appenditiis
2919 4045 3044 4102 suis
3067 4053 3137 4103 ut
3171 4045 3458 4119 preprium
3490 4051 3630 4097 suum
3654 4039 3817 4090 aeterna-

2301 4138 2436 4194 liter
2467 4129 2729 4194 ecclesia
2760 4135 3138 4193 retinendum
3172 4136 3297 4192 sine
3337 4133 3443 4192 ulla
3471 4120 3816 4188 contradictione

2298 4225 2545 4282 saisivit.

2371 4319 2457 4371 50.
2492 4315 2640 4386 (64.)
2665 4316 2870 4370 Postea
2908 4313 3290 4370 remandatus
3348 4311 3514 4368 abbas
3555 4299 3815 4386 abepiscoptl

2303 4404 2507 4461 Hoium
2532 4382 2919 4474 venit,ibique
2940 4403 3134 4473 gratia
3155 4399 3477 4460 dilectionis
3495 4382 3817 4478 aliquamdiual)

2301 4507 2372 4549 eo
2395 4497 2681 4563 retentus,
2707 4506 2836 4549 cum
2873 4491 3108 4562 regredi
3131 4491 3470 4558 destinaret,
3499 4477 3730 4572 suggessit
3746 4477 3819 4572 etil-

2304 4597 2504 4654 scopo,
2567 4559 2721 4653 apud
2753 4559 3252 4652 ipsum‘oppidum
3291 4575 3570 4635 ecclesiam
3618 4563 3730 4624 beati
3753 4559 3818 4614 llu-

546 4642 714 4737 prius
761 4664 992 4721 abstitit
1029 4679 1198 4736 quam
1260 4663 1562 4720 duodecim
1595 4665 1776 4722 libras
1815 4642 2188 4723 denariorum
2217 4642 2272 4704 D
2305 4642 2454 4728 berti
2487 4642 2641 4728 duos
2666 4642 3031 4726 molendinos
3054 4642 3281 4726 habere
3305 4685 3320 4734 ;
3343 4667 3461 4737 ejus
3500 4661 3668 4734 gratia
3689 4660 3818 4709 contr

547 4767 654 4826 pro
685 4752 1080 4810 conducendis
1136 4753 1422 4825 operariis
1455 4753 1525 4809 ad
1577 4754 1842 4810 eumdem
1899 4755 2189 4812 tumulum

544 4841 1380 4914 complanandumdeputaret,
1418 4848 1742 4914 pratereos
1778 4844 1876 4916 qui
1898 4849 2038 4902 tunc
2059 4859 2193 4902 exa-

547 4931 629 4988 cti
657 4930 1136 4988 convenerantad
1152 4931 1329 4988 castri
1365 4931 1846 4990 destructionem.

615 5022 709 5075 49.
743 5023 886 5092 (63).
925 5021 1034 5076 Per
1059 5019 1210 5076 idem
1274 5027 1508 5092 tempus
1541 5021 1841 5078 Ricbeldis
1892 5022 2192 5080 comitissa

545 5109 865 5164 Montensis
900 5108 1132 5164 rediens
1162 5109 1359 5172 Roma.
1388 5124 1491 5180 per
1515 5110 1716 5166 ﬁscum
1741 5124 1906 5168 suum
1941 5111 2194 5168 Gavinia-

547 5211 676 5253 cum
743 5197 996 5253 transire
1047 5197 1438 5268 disposuerat.
1475 5199 1652 5270 Cujus
1691 5199 2006 5256 transitum
2061 5216 2190 5257 cum

2301 4761 2425 4816 nire
2455 4765 2516 4818 ut
2551 4759 2747 4817 sedem
2767 4757 2928 4816 tertii
2961 4756 3340 4816 construendi
3365 4745 3670 4812 monasterio
3685 4747 3817 4827 conca

2302 4849 2472 4906 deret
2540 4846 2704 4914 Quod
2733 4829 3816 4918 episcopuslibenterconcedens,evoca_tls

2303 4913 2589 4986 ministris
2620 4932 2677 4982 et
2686 4913 2987 4996 judicibus
3006 4926 3270 4996 ejusdem
3289 4921 3674 4996 oppidi,equum
3691 4913 3816 4996 astet?

2303 5019 2409 5090 dit,
2443 5024 2503 5076 et
2535 5017 2604 5074 ad
2641 4991 2916 5088 placitum
2941 4991 3176 5072 abbatis
3197 4991 3459 5086 optimam
3482 5005 3572 5063 sed
3605 4991 3816 5090 mmolen-

2304 5087 2422 5165 dini
2449 5122 2622 5178 super
2644 5087 2912 5161 Hoiolum
2937 5103 3443 5176 diiirmavit,quam
3469 5090 3617 5165 legali

2304 5197 2504 5254 clesia
2521 5162 2590 5252 lin
2615 5199 2962 5268 perpetuum
2984 5162 3392 5264 possidendam
3412 5162 3814 5268 conﬁrmavitlittt

541 5282 826 5341 sensisset
879 5258 1158 5343 Arnulfus
1191 5258 1642 5362 Chisniacensis,
1681 5295 1746 5346 ut
1796 5295 1926 5348 erat
1956 5291 2196 5349 audacis
2308 5303 2378 5344 eo
2409 5258 2674 5358 tempore
2706 5258 2855 5341 ﬁoso
2885 5258 3336 5342 archidiaconus
3355 5258 3814 5346 abbaslloiensisec'

1896 5413 2134 5472 VARLE
2171 5413 2574 5474 LECTIONES.

611 5523 658 5561 “
683 5529 896 5588 malim
931 5531 1338 5594 deosculatus.

2129 5652 2350 5711 now.
2447 5725 2451 5731 ι

617 5757 764 5835 (127)
793 5765 874 5822 Cf.
909 5761 1228 5821 Gisloberti
1259 5767 1478 5830 Chron.
1526 5771 1708 5831 Hann.
1745 5788 1798 5846 p.
1830 5776 1918 5834 37.
