3968 6372
118 382 261 448 1898

1080 380 1563 448 CHRONICON
1606 381 1673 447 S.
1720 379 2086 448 HUBERTI
2127 380 2520 450 ANDAGIN.

3346 380 3504 452 1814

113 537 295 598 clesiaa
316 538 533 594 sancta)
556 534 769 606 Maria,
796 534 1138 593 Lambertus
1169 551 1349 609 nepos
1376 537 1502 608 ejus
1526 537 1734 604 publici

1859 532 1998 574 vero
2032 531 2153 575 suze
2172 521 2240 574 32
2279 517 2450 588 (129),
2483 517 2879 575 Theodericus
2912 516 3113 589 abbas,
3144 532 3261 578 non
3311 516 3500 578 solum

109 627 247 699 juris
260 624 529 699 provisor
541 624 627 695 etj
637 624 808 697 udex,
825 625 985 681 Dodo
999 626 1375 697 dispensator
1387 626 1743 700 episcOpalis

112 730 333 773 mensaa.

174 810 256 862 51.
294 803 429 877 (65.)
463 804 608 860 Braz
657 817 889 875 quoque
917 808 979 860 et
1027 805 1385 877 Gruisponti,
1444 820 1571 876 quin
1604 804 1740 863 olim

111 894 364 952 ecclesiae
395 893 822 966 prrpetualiter
852 894 1169 951 donaverat
1204 897 1373 967 (128),
1408 896 1590 952 Arsize
1613 910 1743 968 par-

111 988 215 1039 tem
239 997 367 1054 quae
388 982 646 1053 suijuris
666 988 814 1049 erat,
850 998 919 1039 ex
951 983 1182 1040 allodiis
1228 1000 1356 1054 qu:o
1393 986 1617 1041 fuerant
1649 999 1742 1040 co-

112 1072 336 1127 mitissae
368 1071 663 1127 Richeldis
696 1069 939 1127 addidit.
976 1073 1042 1127 Et
1094 1087 1163 1127 ne
1195 1074 1324 1142 quis
1355 1073 1555 1129 eadem
1589 1072 1737 1129 dona

111 1173 202 1216 sua
234 1158 441 1215 amodo
481 1159 572 1215 vel
624 1158 960 1215 immutaret
1000 1160 1091 1215 vel
1125 1167 1471 1231 removeret,
1518 1166 1740 1219 aeterno

110 1247 464 1304 anathemate
496 1247 852 1318 dampnavit.
902 1250 1056 1305 Hanc
1085 1254 1307 1320 partem
1360 1251 1544 1307 Arsiae
1587 1252 1739 1307 Cono

110 1335 173 1393 de
202 1336 503 1393 Hamerina
535 1334 688 1392 tollit
718 1336 984 1393 ecclesia)
1016 1337 1067 1391 vi
1096 1343 1152 1393 et
1186 1339 1413 1408 injuste.
1466 1380 1473 1387 η

171 1426 252 1479 52.
287 1422 425 1494 (66.)
476 1424 658 1479 Mater
688 1424 939 1481 ecclesia
972 1426 1125 1481 beati
1160 1426 1418 1483 Mononis
1465 1427 1739 1499 martyris

109 1512 357 1568 Nasaniae
379 1511 425 1546 ⁸³
447 1527 475 1568 a
500 1513 833 1571 Gualcaudo
852 1513 899 1547 ⁸³
921 1515 1200 1586 episcopo
1233 1515 1365 1570 data
1394 1516 1580 1572 fuerat
1607 1531 1739 1573 cum

107 1600 363 1657 omnibus
387 1616 516 1671 quae
541 1602 610 1658 ad
641 1617 765 1658 eam
799 1603 1095 1673 pertinent
1117 1604 1186 1659 ab
1210 1603 1450 1674 antiquo
1471 1604 1738 1662 ecclesiae

108 1691 248 1746 beati
276 1691 518 1747 Huberti
546 1690 598 1745 in
625 1692 1231 1762 potestativaditione.
1259 1694 1396 1763 Ejus
1418 1693 1616 1750 clerici
1648 1710 1740 1751 ac-

111 1780 287 1851 ceptis
316 1781 388 1836 ab
436 1781 650 1837 abbate
703 1781 1052 1851 praebendis,
1117 1787 1306 1838 tamen
1363 1798 1648 1839 consensu
1680 1788 1737 1839 et

106 1867 265 1925 laude
290 1870 555 1937 fratrum,
581 1869 851 1926 condicto
878 1869 964 1925 eis
987 1874 1045 1925 et
1078 1871 1269 1928 soluto
1290 1872 1531 1927 servitio
1556 1873 1737 1929 debiti
1770 1878 1823 1937 B

107 1957 354 2028 honoris,
374 1958 492 2027 jam
521 1973 592 2014 ex
622 1963 759 2014 tunc
792 1958 1203 2016 detrectabant
1237 1974 1338 2031 per
1372 1960 1740 2018 insolentiam

105 2046 334 2103 subesse
357 2046 608 2116 justitias
638 2047 886 2115 abbatis,
923 2048 1033 2103 nisi
1066 2048 1121 2105 in
1144 2048 1523 2105 clericalibus
1555 2051 1744 2107 conci-

104 2132 191 2190 liis
222 2135 327 2192 sub
375 2135 744 2193 districtione
771 2136 1106 2207 episcopali.
1146 2139 1301 2194 Hanc
1327 2153 1557 2209 quoque
1591 2140 1747 2195 inso-

103 2222 323 2279 lentiam
358 2228 593 2295 petente
638 2226 848 2282 abbate
879 2225 1210 2297 episcopus,
1247 2226 1493 2283 liberum
1528 2228 1747 2284 consti-

108 2315 267 2368 tuens
297 2310 483 2368 altare
515 2312 775 2382 ejusdem
825 2313 1110 2384 ecclesiae,
1143 2314 1419 2382 absolvit,
1450 2321 1510 2370 et
1540 2330 1740 2372 omnes

102 2399 492 2457 exactioneset
519 2402 781 2470 justitias
813 2401 1180 2474 episcopales
1214 2407 1275 2458 et
1308 2402 1744 2462 archidiacona-

102 2486 587 2559 les,praasenteibi
611 2497 669 2548 et
694 2507 886 2549 secum
911 2493 1275 2549 candonante
1300 2493 1531 2549 Bosone
1556 2494 1746 2550 archi-

100 2574 349 2648 diacono,
374 2577 642 2637 ecclesiae
661 2581 811 2637 beati
831 2582 989 2637 Petri
1011 2591 1071 2639 et
1101 2582 1258 2637 beati
1276 2582 1521 2638 lluberti
1540 2583 1592 2638 in
1613 2599 1741 2655 per-

100 2669 321 2735 petuum
338 2668 591 2738 remisit,
608 2670 985 2740 eamdemque
1001 2668 1402 2727 remissionem
1424 2669 1595 2739 legali
1626 2673 1739 2728 fac-

98 2757 151 2809 to
174 2755 477 2827 privilegio
507 2758 908 2814 auctorizavit.
946 2759 1112 2825 Quod
1148 2762 1341 2815 autem
1377 2772 1517 2829 pace
1552 2759 1738 2817 beatae

98 2841 216 2912 ejus
239 2844 445 2902 animas
469 2851 801 2917 sanctasque
828 2848 1120 2904 memoriae
1145 2862 1253 2902 non
1278 2847 1508 2918 quidem
1529 2863 1738 2919 expro-

98 2929 401 3003 bando,sed
428 2934 795 2992 condoleudo
818 2935 1067 3005 dicatur,
1093 2935 1484 2992 Theodericus
1505 2941 1565 2992 et
1581 2937 1649 2993 La
1661 2953 1737 2993 m-

100 3018 286 3077 bertus
306 3022 439 3091 ejus
470 3022 831 3094 simplicitati
857 3024 1002 3081 adeo
1026 3023 1493 3095 dominabantur,
1520 3029 1585 3081 ut
1617 3040 1736 3081 om-

97 3105 219 3164 nino
245 3109 329 3167 eis
359 3111 417 3167 in
451 3112 719 3169 omnibus
753 3127 814 3168 se
845 3112 1135 3178 crederet,
1169 3118 1228 3169 et
1259 3111 1421 3182 quasi
1462 3113 1734 3171 consulto

95 3196 202 3253 Deo
229 3199 465 3258 eosdem
497 3200 870 3259 consultores
902 3202 1154 3258 audiret.
1191 3202 1313 3257 Hiis
1344 3203 1496 3258 enim
1546 3202 1731 3260 fidens
1763 3240 1812 3303 Ο

96 3288 519 3360 provisoribus,
576 3294 739 3346 tanto
766 3290 1011 3348 interius
1062 3290 1419 3360 advigilabat
1466 3290 1727 3362 liberius,

98 3381 303 3445 quanto
326 3377 397 3435 de
423 3379 686 3436 externis
709 3379 1029 3435 dormiebat
1045 3379 1327 3436 securius.
1347 3378 1455 3436 Sed
1471 3396 1598 3436 cum
1615 3396 1729 3438 non

99 3464 331 3523 multum
347 3466 527 3523 distet
545 3467 600 3523 in
615 3468 758 3524 vitio
773 3467 862 3523 vel
878 3467 1147 3540 decipere
1164 3466 1252 3524 vel
1270 3468 1456 3540 decipi
1478 3470 1729 3540 posse,in

96 3552 197 3611 hoc
228 3555 609 3627 dampnosum
641 3557 810 3613 nimis
839 3557 1058 3613 crimen
1092 3556 1329 3614 miscuit
1358 3556 1561 3628 gloriae
1584 3573 1725 3629 sum,

97 3643 241 3713 quod
258 3643 661 3717 imprudenter
684 3644 1016 3717 patiebatur
1041 3645 1239 3703 seduci
1263 3661 1460 3702 eorum
1480 3645 1729 3704 miserri-

94 3745 175 3787 ma
192 3733 590 3803 suggestione.
611 3734 744 3790 Nam
763 3733 810 3791 si
829 3749 997 3805 quem
1014 3735 1103 3789 vel
1120 3734 1309 3804 gratia
1325 3736 1728 3805 consanguini-

92 3820 225 3879 tatis
246 3821 335 3878 vel
357 3825 618 3894 aeceptm
644 3822 930 3879 mercedis
942 3822 1155 3879 vellent
1184 3823 1414 3878 noviter
1436 3838 1637 3880 casare
1659 3823 1722 3894 “,

93 3908 193 3967 hoc
217 3912 285 3967 de
310 3911 624 3984 praebenda
656 3912 896 3968 fratrum
923 3912 1047 3968 sine
1072 3927 1271 3969 eorum
1295 3926 1582 3969 consensu
1613 3927 1725 3968 non

92 3996 425 4057 dubitabant
442 4000 638 4056 abbati
667 4000 1263 4072 persuadere,illeque
1276 4015 1473 4056 eorum
1494 4015 1725 4070 persua-

88 4086 225 4144 sioni
256 4103 369 4145 non
421 4088 730 4145 diﬂ‘erebat
762 4089 1020 4146 obedire.
1060 4091 1177 4146 Hoc
1210 4088 1379 4144 modo
1409 4088 1603 4144 amisit
1634 4104 1727 4146 ec-

86 4173 408 4235 clesiastica
446 4175 676 4234 utilitas
707 4192 776 4233 ex
810 4177 1067 4248 antiquis
1097 4176 1569 4249 possessionibus
1600 4178 1723 4235 suis

87 4264 309 4323 Vineias
339 4272 399 4322 et
442 4265 829 4336 Lesterneias,
865 4271 926 4323 et
956 4281 1029 4322 ex
1078 4265 1385 4337 acquisitis
1416 4266 1488 4321 ab
1516 4266 1720 4322 eodem

86 4352 286 4411 abbate
308 4354 542 4411 noviter
572 4353 928 4412 Sulmodium
962 4354 1019 4411 in
1048 4369 1312 4428 proxnmo
1342 4358 1402 4410 et
1422 4355 1635 4412 Tavers
1664 4355 1719 4411 in

82 4442 407 4595 Ηθξεῖἃῗέξ.)
438 4524 605 4580 Anno
626 4521 848 4580 Domini
897 4525 1034 4580 1086
1082 4522 1283 4595 [1087],
1334 4522 1721 4580 ordinationis

1858 605 2019 663 senio
2048 606 2151 662 sed
2173 609 2233 662 et
2264 606 2837 679 confectusjejuniis,
2872 606 3242 664 orationibus
3270 610 3330 664 et
3359 606 3503 679 vigi-

1857 692 1973 764 liis,
2006 693 2304 750 laboribus
2334 694 2507 751 etiam
2540 699 2597 752 et
2630 695 2788 753 curis
2817 695 3143 753 commissae
3173 695 3284 753 sibi
3311 700 3502 767 pasto-

1856 781 2131 853 ralitatis,
2149 783 2220 838 ab
2238 782 2361 854 ipsa
2382 782 2522 840 licet
2540 785 2809 856 pertenui
2825 784 3044 841 virtute
3059 784 3329 857 corporis
3345 785 3501 843 circa

1858 884 2112 927 mensem
2135 870 2349 927 Iulium
2375 870 2626 928 deiicere
2658 872 2857 943 coepit,
2894 872 3046 929 unde
3068 877 3125 928 et
3149 872 3336 944 gratia
3365 888 3501 946 pau-

1856 957 2037 1017 lulum
2073 959 2425 1031 repausandi
2475 961 2640 1017 Piros
2674 961 2757 1017 illi
2808 962 3083 1018 secedere
3117 961 3368 1034 placuit;
3405 961 3499 1020 ubi

1855 1047 1990 1105 dum
2014 1063 2077 1104 se
2110 1048 2555 1117 ingravescente
2580 1049 2795 1105 sensim
2829 1049 3165 1107 infirmitate
3200 1050 3502 1121 praesenti-

1857 1136 2027 1193 retad
2055 1142 2299 1193 mortem
2325 1137 2543 1208 urgeri,
2565 1135 2919 1194 Theoderico
2942 1139 3258 1210 praaposito
3280 1139 3390 1195 sibi
3414 1154 3502 1199 se-

1854 1240 1985 1282 cum
2031 1224 2076 1258 “
2104 1225 2352 1282 moranti
2407 1225 2750 1281 relationem
2784 1241 2944 1283 suam
2981 1225 3051 1282 ad
3086 1227 3501 1285 monasterium

1854 1313 2291 1372 accelerandam
2323 1314 2554 1370 indixit.
2589 1314 2953 1371 Referendus
2982 1330 3122 1373 vero
3155 1314 3387 1373 litteras
3409 1315 3502 1375 vel

1853 1403 2293 1474 deprecatorias
2310 1402 2403 1459 vel
2436 1403 2931 1473 eommonitorias,
2967 1409 3029 1460 ut
3072 1403 3506 1475 cuiqueconve-

1853 1491 2305 1561 niebat,scilicet
2326 1491 2674 1548 Adalberoni
2696 1492 3057 1549 Laudunensi
3073 1493 3501 1564 abbati,Cuire~

1855 1579 1928 1637 do
1943 1581 2260 1651 praeposito
2300 1580 2639 1649 Ebernensi,
2665 1580 2968 1636 Lamberto
2989 1579 3369 1651 priorisancti
3396 1583 3503 1639 Re-

1854 1669 2033 1739 migii,
2061 1671 2388 1740 Berengero
2412 1669 2608 1725 abbati
2638 1668 2822 1725 sancti
2848 1669 3162 1741 Laurentii,
3192 1669 3299 1742 ipsi
3321 1669 3497 1728 etiam

1854 1755 2100 1812 Henrico
2129 1756 2403 1828 episcopo
2442 1755 2743 1813 Leodtensi
2777 1756 3079 1829 dispositis
3112 1756 3341 1815 nunciis
3370 1757 3498 1813 mit-

1853 1846 1981 1900 tere
2004 1844 2323 1914 festinavit,
2354 1844 2654 1901 humiliter
2677 1859 3005 1916 exposcens
3033 1849 3094 1902 ut
3122 1845 3230 1902 sibi
3254 1849 3498 1918 quanto-

1854 1933 1979 1991 cius
2001 1934 2275 1991 adessent
2295 1939 2354 1989 et
2379 1934 2663 1991 morituro
2686 1934 2952 1992 ultimum
2973 1934 3099 1992 vale
3124 1935 3399 1993 facerent.
3426 1935 3496 1993 Et

1852 2036 1980 2079 cum
2012 2023 2085 2079 ab
2116 2022 2239 2093 ipsa
2272 2021 2419 2079 cella
2469 2023 2868 2094 transpositus
2899 2023 2955 2079 in
3008 2022 3250 2080 alteram
3309 2023 3496 2096 ripam

1852 2111 2018 2169 Mosae
2049 2111 2271 2181 gratias
2319 2116 2519 2181 ageret
2568 2113 2703 2182 Deo,
2757 2112 2919 2183 quasi
2947 2111 3062 2182 jam
3114 2111 3497 2185 propinquior

1852 2200 1945 2258 cui
1975 2200 2274 2273 aspirabat
2311 2200 2687 2270 monasterio,
2741 2201 3004 2257 occurrit
3034 2200 3117 2257 illi
3150 2201 3495 2259 Lambertus

1853 2288 2036 2359 major
2064 2305 2193 2345 cum
2228 2293 2511 2361 apparatu
2543 2288 2865 2345 revectioni
2896 2288 3023 2358 ejus
3045 2303 3324 2358 congruo.
3356 2290 3494 2348 Cum

1852 2392 1991 2433 vero
2016 2378 2069 2433 in
2092 2378 2350 2435 crastino
2372 2377 2526 2434 circa
2552 2377 2751 2433 horam
2776 2392 2983 2434 nonam
2999 2377 3494 2450 appropinquaret

1853 2466 2496 2535 monasterio,’divertit
2519 2481 2697 2537 super
2720 2468 2987 2524 Lumnam
3013 2465 3249 2523 ﬂuvium
3278 2465 3334 2522 in
3360 2481 3499 2538 quo-

1854 2554 1984 2610 dam
2012 2554 2484 2624 circumjacentis
2515 2553 2677 2611 silva:
2706 2559 2899 2625 prato,
2934 2568 3004 2611 ne
3037 2553 3166 2626 quis
3197 2553 3362 2611 fieret
3391 2570 3497 2627 pro

1849 2657 1918 2700 eo
1950 2642 2249 2715 popularis
2283 2642 2552 2714 planctus
2583 2647 2681 2699 aut
2720 2641 3119 2699 tumultuatio.
3150 2641 3243 2699 Sic
3278 2643 3495 2701 evitata

1849 2730 2113 2804 populari
2137 2731 2566 2803 expectatione,
2590 2730 2644 2786 in
2671 2730 2853 2803 prima
2878 2729 3076 2800 vigilia
3100 2730 3294 2787 noctis
3316 2730 3498 2789 domi-

1846 2820 1988 2877 nicze
2020 2820 2168 2891 (130)
2201 2823 2486 2892 exceptus
2516 2822 2607 2876 est
2636 2833 2767 2875 cum
2802 2818 3049 2876 maximo
3085 2819 3327 2876 fratrum
3360 2834 3495 2878 mm-

1845 2923 1997 2965 rore.
2024 2908 2256 2966 Summo
2298 2913 2492 2965 autem
2517 2921 2681 2964 mane
2714 2906 2876 2965 affuit
2912 2906 2995 2963 illi
3018 2906 3333 2979 episcopus
3362 2922 3492 2966 cum

1845 2998 2171 3069 Berengero
2202 2999 2433 3055 abbate.
2472 2996 2560 3052 Hii
2594 3011 2722 3052 cum
2774 2995 2845 3052 ad
2885 3010 3015 3052 eum
3048 2995 3359 3066 intrarent,
3395 2996 3494 3054 ille

1842 3086 2110 3144 collectis
2139 3086 2363 3143 viribus
2385 3086 2597 3143 sedens
2624 3084 2679 3140 in
2702 3084 2855 3142 lecto
2874 3084 3100 3154 gratias
3123 3084 3240 3142 Deo
3264 3083 3408 3157 egit,
3431 3090 3493 3143 et

1843 3166 2115 3247 imposita
2141 3175 2251 3232 sibi
2275 3174 2427 3232 stola
2446 3174 2659 3230 fratres
2684 3178 2955 3230 suostam
2982 3177 3305 3244 praesentes
3321 3187 3492 3244 quam

1844 3265 2116 3322 absentes
2139 3263 2392 3321 absolvit
2413 3262 2741 3334 divinaeque
2763 3261 3179 3320 misericordias
3201 3276 3491 3319 commen-

1842 3352 2022 3422 davit,
2052 3358 2107 3409 et
2152 3352 2236 3409 sic
2269 3352 2498 3409 demum
2531 3350 2937 3409 ecclesiastico
2968 3364 3126 3407 more
3160 3364 3223 3407 se
3251 3351 3369 3407 Deo
3402 3365 3492 3409 re-

1840 3441 2270 3499 conciliandum
2302 3442 2580 3513 episcopo
2613 3438 2913 3501 humiliter
2944 3437 3181 3495 obtulit.
3218 3438 3341 3496 Hiis
3372 3453 3492 3497 om-

1840 3530 2014 3587 nibus
2037 3530 2176 3588 hora
2194 3530 2313 3588 fere
2333 3529 2510 3586 tertia
2526 3527 2798 3601 eXpletis,
2823 3526 3033 3584 exinde
3053 3524 3300 3585 studens
3320 3526 3491 3585 silen-

1842 3618 1923 3675 tio
1945 3623 2002 3676 et
2036 3618 2244 3677 divinae
2276 3617 2757 3689 contemplationi
2791 3617 2847 3672 in
2880 3614 3197 3673 crastinum
3226 3614 3368 3673 hora
3398 3630 3495 3674 ea-

1839 3706 1967 3764 dem
1991 3707 2063 3763 ad
2086 3710 2258 3764 Deum
2295 3707 2559 3777 migravit
2594 3705 2714 3772 (an.
2767 3709 2924 3773 1087,
2976 3705 3124 3775 Aug.
3161 3704 3271 3774 25).
3310 3704 3489 3776 Cujus

1839 3796 2037 3853 statim
2066 3795 2409 3865 migratione
2443 3793 2697 3863 vulgata,
2755 3796 3076 3848 occurrunt
3111 3793 3381 3848 certatim
3414 3793 3486 3849 ad

1839 3884 1983 3940 tanti
2010 3882 2407 3953 viriexequias
2427 3879 2775 3938 Godefridus
2802 3878 3186 3945 Bulouiensis,
3210 3880 3486 3938 Albertus

1834 3972 2234 4043 Namucensis,
2263 3971 2537 4028 Aruulfus
2568 3967 3020 4037 Chisniacensis,
3065 3967 3221 4024 Cono
3251 3966 3486 4025 Moutis-

1836 4062 1991 4120 acati
2025 4061 2194 4134 (131),
2225 4060 2593 4131 curialesque
2617 4057 2661 4091 “
2684 4072 2813 4115 cum
2844 4055 3231 4128 popularibus
3259 4054 3485 4112 indiffe-

1835 4158 2035 4208 renter
2065 4150 2330 4221 admixti,
2364 4148 2531 4222 quasi
2566 4154 2791 4220 patrem
2822 4146 3028 4218 patriae
3059 4144 3327 4203 amisisse
3350 4156 3487 4202 con-

1836 4240 2205 4311 querentes"
2220 4238 2635 4297 lamentatione
2649 4235 2959 4297 communi.
2972 4238 3079 4293 Per
3095 4234 3332 4292 biduum
3347 4248 3486 4293 vero

1833 4329 2187 4399 advigilatus
2225 4328 2508 4399 solempni
2530 4327 2834 4385 missarum
2858 4323 3259 4384 celebratione
3281 4330 3483 4386 etcon-

1833 4419 1994 4475 tinua
2022 4417 2372 4490 psalmorum
2394 4417 3077 4488 decantatione,tandem
3103 4413 3373 4487 sepultus
3387 4420 3482 4473 est

1836 4507 2010 4564 tertia
2045 4507 2136 4564 die
2168 4508 2317 4579 (132)
2349 4506 2406 4562 in
2438 4506 2625 4579 cripta
2660 4520 2807 4563 nova
2842 4518 3012 4577 quam
3045 4501 3391 4561 condiderat
3423 4502 3481 4560 in

1442 4622 1678 4677 VARIIE
1720 4623 2117 4680 LECTIONES.

653 4689 700 4725 ⁸³
726 4690 942 4748 Gualco
972 4696 1022 4747 1.

586 4761 631 4796 ⁸⁷
661 4762 1081 4835 conquirentes
1111 4767 1161 4819 1.

145 4692 188 4726 ⁸³
212 4692 461 4751 Vasanie
492 4696 541 4748 1.

78 4767 134 4819 2.
168 4780 218 4823 c.
254 4765 351 4837 qui
389 4770 435 4820 1.

1132 4691 1177 4725 “
1198 4692 1240 4762 ἰ,
1275 4692 1529 4765 e.feoda
1558 4694 1613 4751 ei
1634 4694 1993 4760 attribuere;
2026 4706 2260 4751 cassare
2286 4698 2335 4748 1.

2448 4691 2713 4749 “secum
2745 4696 2795 4748 1.
2823 4690 2876 4759 f.
2912 4687 2993 4746 ibi
3025 4701 3244 4746 secum.
3323 4685 3370 4721 ⁸⁸
3386 4687 3483 4746 ita

1661 4863 1708 4917 N
1715 4862 1882 4919 ΟΤιΕ.

144 4960 317 5034 (128.)
352 4960 619 5017 Alterum
648 4973 801 5034 _anno
840 4961 998 5034 1082,
1035 4958 1138 5034 sed
1195 4959 1455 5032 Grupont
1489 4959 1720 5017 demum

77 5033 229 5099 1087,
263 5030 317 5090 ν’.
357 5046 536 5103 supra
570 5030 681 5087 col.
722 5033 880 5101 1386,
909 5044 1037 5103 cap,
1064 5032 1150 5085 43.

143 5104 292 5175 (129)
324 5100 461 5159 Haec
496 5102 649 5159 inter
677 5116 740 5158 se
760 5171 771 5175 _
795 5100 1107 5175 convenire
1134 5100 1429 5169 videntur,
1482 5101 1721 5175 sedﬂpro

75 5171 219 5230 anno
244 5171 382 5230 1087
407 5176 571 5230 stant
597 5171 845 5229 Annales
871 5172 1219 5229 Laubienses
1243 5177 1299 5228 et
1322 5175 1529 5229 auctor
1552 5171 1717 5241 Vitae,

74 5244 168 5314 qui
200 5260 351 5301 anno
382 5248 579 5299 aetatls
609 5247 679 5299 80
720 5243 968 5300 nondum
999 5244 1288 5314 completo
1339 5258 1468 5299 eum
1502 5243 1720 5301 obiisse

73 5316 273 5394 r_efe_rt,
297 5318 525 5394 _natum
560 5328 709 5371 anno
758 5318 915 5394 1007,
951 5315 1088 5394 Nov.
1124 5315 1721 5394 11.AAccedit.c_harta

72 5384 141 5457 de
174 5384 547 5457 Gruisponte,
579 5399 729 5457 quae,
753 5399 823 5441 eo
856 5384 1107 5455 vivente,
1142 5386 1276 5441 data
1299 5398 1430 5457 esse
1463 5385 1714 5457 videtur.

73 5456 285 5513 Contra
316 5455 720 5513 Theodericus
745 5457 789 5511 ll
824 5456 1157 5513 nominatur
1189 5457 1243 5510 in
1277 5455 1590 5511 donatione
1613 5457 1721 5513 Ra-

68 5527 286 5599 ginoldi
320 5542 415 5599 ap.
453 5528 615 5582 Mart.
660 5532 721 5583 et
762 5528 899 5599 Dur.
935 5528 974 5599 li,
1008 5531 1130 5593 519,
1167 5541 1296 5599 qua
1326 5526 1458 5599 data
1491 5531 1580 5582 est
1611 5542 1709 5599 an.

70 5600 226 5669 1086,
256 5596 385 5669 ind'.
431 5613 484 5666 ι,
518 5612 666 5653 anno
712 5597 961 5669 Philippi
1013 5613 1161 5665 xxvr,
1186 5596 1460 5653 ’Rainoldi
1495 5612 1572 5653 ιη·
1610 5598 1717 5669 Sed

67 5668 562 5750 ljainoldusanno
588 5673 718 5750 1091
746 5669 875 5726 ord.
906 5668 1032 5750 suae.
1072 5673 1107 5724 7
1138 5669 1479 5750 numerabat
1511 5668 1715 5737 (Gallia

69 5739 197 5798 Chr.
231 5741 297 5812 Χ,
330 5739 424 5811 31)
456 5744 515 5797 et
548 5739 664 5797 ind.
698 5755 734 5798 ι
759 5739 1035 5800 convenit
1061 5754 1188 5797 cum
1221 5753 1273 5796 a.
1308 5742 1463 5796 1087.

1903 4959 2050 5033 (130)
2075 4958 2367 5038 Dominica
2396 4961 2698 5038 erat__Aug.
2733 4960 2821 5038 22.
2855 4959 3027 5038 Teste
3058 4958 3299 5038 auctore
3329 4956 3475 5038 Vitae

1832 5027 1996 5088 mane
2030 5027 2185 5088 venit
2218 5036 2276 5086 et
2331 5030 2463 5088 inde
2496 5031 2587 5086 die
2620 5027 2825 5099 quarta
2861 5036 3127 5099 mortuus
3176 5031 3298 5099 est,
3332 5027 3466 5085 scil.

1833 5105 1976 5183 aug.
2003 5107 2463 5183 25;_quanquam
2518 5101 2601 5183 ibi
2629 5098 2681 5157 in
2715 5098 3136 5183 cod."A_lnennsi‘
3175 5098 3391 5183 legitur
3417 5114 3474 5154 ix

1830 5171 1958 5229 Kal.
2001 5171 2536 5245 Septembris.7Sed
2570 5172 2631 5245 d7.
2691 5187 2789 5229 vm
2828 5171 2966 5245 AKal.
3006 5171 3171 5245 Sept.
3206 5174 3476 5245 tuentur

1830 5246 1996 5371 ἕξοις,
2113 5243 2427 5369 ξίιὲχὶιηίηἱ.
2454 5244 2663 5300 Honth.
2689 5243 2918 5313 Prodr.,
2946 5257 3007 5314 p.
3038 5239 3142 5297 985
3162 5244 3221 5297 et
3249 5239 3475 5298 Missale

1897 5332 1926 5371 a
1974 5331 2008 5371 u
2040 5358 2078 5371 ..
2212 5356 2225 5369 .

1874 5318 2078 5371 tabul..
2113 5328 2225 5369 ms.

1901 5358 2052 5456 (1.131).
2062 5358 2398 5457 Ἰῦἇίιαίῃσιι
2426 5386 2576 5443 inter
2608 5383 2967 5457 Leodiumet
2999 5381 3224 5457 Hoiu‘m.

1901 5454 2047 5529 (132)
2082 5457 2200 5529 Mos
2249 5454 2464 5529 quippe
2515 5457 2791 5529 antiquus
2823 5454 2929 5529 fuit
2970 5458 3031 5512 ut
3064 5454 3309 5529 abbates
3338 5464 3477 5529 non-

1828 5524 1937 5583 nisi
1969 5524 2142 5583 te’rtia
2169 5524 2306 5598 post
2338 5524 2559 5584 obitum
2596 5524 2688 5585 die
2718 5525 3038 5598 sepulturae
3072 5524 3471 5598 traderentur,

1828 5605 1892 5655 ut
1924 5589 2450 5657 demonsiravimus
2484 5599 2538 5655 in
2578 5598 2675 5655 lib.
2712 5615 2744 5653 v
2773 5589 2850 5653 De
2881 5595 3139 5668 antiquis
3171 5589 3476 5649 monacho-

1814 5684 1954 5747 rum
1987 5668 2201 5724 ritibus
2231 5683 2281 5726 (ι.
2318 5674 2404 5741 12,
2440 5686 2494 5727 n.
2526 5674 2577 5726 6.
2614 5671 2790 5728 Mur.
