3968 6322
509 465 660 527 1395

1479 459 1952 528 CHRONICON
1997 459 2063 523 S.
2110 457 2474 523 HUBERTI
2513 458 2904 524 ANDAGIN.

3693 472 3801 540 1396

505 621 782 678 honorem
809 620 994 676 beatae
1017 621 1075 674 et
1098 614 1372 686 gloriosae
1396 629 1627 688 semper
1649 613 1890 684 virginis
1920 613 2140 668 Marias.
2175 593 2233 656 Α
2332 614 2419 666 55.
2456 609 2592 683 (69.)
2623 611 2945 684 Episcopus
2972 618 3165 672 autem
3212 613 3362 676 circa
3392 618 3567 678 locum
3585 637 3647 681 ex
3669 631 3802 688 veteri

508 711 686 776 Cuius
717 709 1054 780 obsequium
1100 723 1231 764 cum
1284 706 1599 777 episcopus
1627 704 1721 759 vix
1753 703 2039 773 expleret,
2073 699 2151 756 la-

507 801 706 858 crimis
736 806 792 857 et
826 801 1044 864 gemitu
1093 812 1294 854 vocem
1327 797 1454 868 ejus
1483 793 1934 861 intercludente,
1967 789 2152 848 increé

508 891 684 948 dibile
705 889 1002 946 videbitur
1034 887 1288 960 posteris
1313 886 1364 942 in
1389 889 1638 956 quantos
1662 883 1930 955 planctus
1951 895 2152 937 omnes

507 994 570 1038 se
601 979 1040 1044 suscitaverint,
1093 981 1446 1048 quantisque
1486 972 1844 1030 clamoribus
1873 970 2062 1028 dolori
2093 970 2148 1026 in

507 1083 816 1128 commune
847 1083 888 1124 s:
913 1067 1276 1122 tisfacerent.

576 1160 661 1216 δι.
697 1159 833 1229 (68.)
865 1158 944 1213 Eo
1000 1154 1232 1210 tandem
1271 1149 1525 1224 sepulto,
1573 1151 1885 1222 episcopus
1933 1147 2148 1204 obtulit

508 1243 1054 1314 fratribuseligendi
1089 1242 1318 1300 abbatis
1334 1242 1652 1311 optionem,
1691 1236 2152 1309 protestatusin-

507 1335 579 1392 de
596 1334 750 1393 nolle
765 1333 1062 1396 recedere,
1085 1331 1196 1388 nisi
1213 1330 1441 1387 eisloco
1457 1327 1714 1385 defuncti
1730 1326 2030 1383 ordinaret
2055 1338 2152 1397 pa-

508 1430 676 1482 trem.
705 1423 984 1480 Convenit
1015 1422 1068 1476 in
1106 1435 1269 1476 unam
1296 1418 1642 1476 sententiam
1679 1420 1738 1472 et
1764 1416 2004 1471 fratrum
2037 1414 2152 1470 cle-

505 1515 624 1571 etio
641 1519 702 1567 et
721 1511 1026 1568 curialium
1049 1509 1354 1566 attestatio
1376 1513 1432 1564 et
1457 1506 1754 1580 popularis
1786 1505 2147 1572 acclamatio,

510 1601 836 1659 donandam
853 1601 1112 1656 eamdem
1138 1599 1430 1656 abbatiam
1444 1595 1796 1652 Theoderico
1811 1593 2150 1665 praeposito;

508 1691 660 1762 quod
689 1689 826 1745 licet
850 1688 948 1745 ille
969 1687 1273 1744 viderrtur
1297 1687 1492 1758 reniti,
1526 1701 1706 1756 seque
1731 1687 2014 1744 fateretur
2039 1695 2149 1737 non

505 1779 816 1838 convenire
846 1782 1028 1836 tanta;
1070 1777 1480 1848 assumptioni,
1513 1778 1660 1834 adeo
1693 1775 1941 1834 increvit
1971 1769 2147 1829 semel

506 1871 736 1925 emotus
768 1867 1021 1923 omnium
1057 1867 1218 1922 favor
1247 1863 1312 1928 ⁸⁸.
1346 1873 1408 1921 ut
1441 1865 1512 1922 de
1554 1879 1615 1921 re
1645 1866 1863 1934 agenda
1898 1877 2001 1920 nec
2045 1860 2148 1930 ipsi

2263 697 2352 770 pia
2381 700 2804 758 consuetudine
2832 701 3141 773 sollicitus,
3173 719 3300 762 cum
3333 708 3542 766 audiret
3577 726 3601 767 a
3628 715 3804 785 quibus-

2261 786 2388 844 dam
2423 803 2551 859 quae
2603 791 2962 860 gerebantur
2990 791 3143 848 inter
3171 793 3429 852 abbatem
3474 803 3528 854 et
3559 801 3742 876 fratres,
3765 813 3802 862 et

2259 877 2456 933 audita
2483 876 2859 936 dissimulans
2884 895 3075 952 nosse,
3099 881 3296 939 eadem
3318 892 3563 956 speraret
3581 905 3805 962 corrigen-

2259 963 2331 1020 da
2365 965 2454 1022 vel
2485 971 2748 1038 tempore
2788 967 2879 1025 vel
2909 969 3157 1041 ratione,
3211 971 3381 1044 idque
3411 976 3619 1034 minime
3655 995 3806 1051 prove-

2259 1053 2431 1122 niret,
2461 1054 2796 1124 indignatus
2814 1057 3050 1114 sibimet
3073 1073 3250 1131 super
3271 1061 3372 1117 tali
3385 1062 3802 1126 ordinationecum

2261 1145 2684 1214 moeroregravi
2711 1164 2724 1201 :
2757 1147 2925 1217 Ecca,
2965 1146 3175 1218 inquit,
3198 1150 3356 1220 quod
3389 1152 3607 1210 umber
3625 1157 3803 1229 accidit,

2259 1244 2385 1290 ecce
2403 1248 2586 1304 quam
2599 1235 2825 1309 infelix
2837 1237 2934 1294 emi
2943 1237 3038 1294 tus
3051 1251 3128 1294 ea:
3137 1239 3259 1295 tam
3271 1239 3420 1298 latis
3430 1242 3632 1302 initiis!
3651 1245 3739 1302 Nec
3748 1251 3804 1302 ta-

2261 1336 2386 1378 men
2418 1323 2668 1394 abstitit,
2704 1325 2839 1396 quin
2874 1325 3090 1396 stepius
3122 1324 3312 1384 locum
3343 1328 3621 1400 reviseret,
3651 1333 3804 1391 fratres

2260 1410 2598 1482 corrigeret,
2633 1427 2729 1470 res
2783 1413 3048 1471 ecclesia:
3091 1428 3160 1470 ne
3189 1415 3568 1476 minuerentur
3591 1423 3804 1478 attentius

2259 1504 2514 1564 curaret,
2541 1501 2810 1558 abbatem
2844 1503 2898 1558 in
2925 1502 3138 1574 quibus
3159 1518 3289 1560 eum
3313 1504 3805 1578 deprehendebatmi-

2261 1602 2370 1644 nus
2401 1589 2665 1646 sufﬁcere
2703 1605 2810 1648 suo
2857 1591 3102 1648 consilio
3129 1595 3190 1648 et
3236 1594 3448 1652 auxilio
3494 1603 3799 1655 sustentaret.

2261 1673 2437 1744 Cujus
2468 1675 2564 1734 i'le
2597 1677 2780 1734 vivaci
2813 1677 3128 1734 sedulitate
3159 1681 3430 1751 refectus,
3463 1697 3490 1738 a
3517 1683 3704 1740 suoillo
3725 1699 3804 1754 quo

2259 1764 2616 1831 gravabatur
2631 1766 2783 1836 apud
2799 1780 2860 1822 se
2881 1766 3111 1824 defectu
3125 1769 3304 1840 ccepit
3323 1772 3652 1828 constantior
3663 1772 3804 1828 haberi

2261 1848 2315 1905 in
2347 1851 2458 1907 hiis
2489 1867 2618 1924 quas
2665 1855 2923 1912 curanda
2952 1861 3316 1928 susceperat,
3365 1864 3421 1915 et
3474 1874 3589 1931 quas
3616 1860 3740 1931 prius
3763 1867 3806 1917 ut

507 1960 831 2012 retractare
859 1956 1068 2012 liceret
1089 1955 1384 2025 episcopo.
1414 1957 1654 2026 Jamque
1679 1955 1889 2011 donata
1916 1952 2145 2009 abbatia

2265 1938 2565 2011 inexperta
2591 1943 2702 1999 sub
2721 1943 2964 2014 quadam
2991 1943 3336 2002 lassitudine
3357 1947 3681 2014 fastidiebat;
3699 1949 3804 2007 unde

508 2044 852 2116 quassans“
874 2051 1206 2114 caput,cum
1227 2059 1342 2114 pra:
1369 2044 1752 2100 admiratione
1769 2043 2150 2101 familiaribus

506 2132 630 2189 suis
660 2131 1015 2200 enuntiaret,
1065 2131 1207 2186 tanti
1241 2130 1455 2186 favoris
1505 2130 1816 2185 clamorem
1853 2130 2057 2187 timere
2089 2145 2149 2187 se

507 2217 562 2276 in
595 2223 891 2291 posterum
917 2218 1164 2286 alicujus
1196 2218 1417 2274 sinistri
1454 2219 1708 2288 portenti
1735 2219 1874 2273 fore.
1913 2219 2021 2275 Sed
2056 2234 2150 2275 ne-

509 2321 620 2378 que
640 2306 766 2376 ejus
789 2307 936 2362 hanc
968 2306 1425 2362 enuntiationem
1449 2311 1696 2363 eventus
1721 2305 1946 2377 fefellit,
1978 2312 2057 2375 et,
2086 2312 2148 2364 ut

509 2409 617 2451 suo
641 2394 770 2450 loco
795 2393 1043 2452 dicetur.
1060 2408 1165 2465 per
1186 2409 1483 2450 accessum
1506 2395 1787 2465 temporis
1811 2395 1962 2465 quod
1988 2410 2150 2453 vere-

510 2481 684 2539 batur
708 2481 938 2538 accidit.
963 2481 1356 2538 Theodericus
1376 2497 1514 2539 vero
1538 2483 1904 2539 recedentem
1925 2484 2150 2555 episco-

508 2586 640 2644 pum
673 2574 1024 2641 prosecntus
1055 2575 1112 2626 et
1146 2571 1218 2626 ab
1249 2585 1318 2627 eo
1347 2586 1416 2626 ex
1451 2587 1610 2626 more
1636 2573 1686 2627 in
1722 2573 1988 2629 abbatem
2017 2589 2150 2630 con-

509 2655 792 2712 secratus,
825 2650 878 2704 in
941 2649 1212 2706 Kalendis
1246 2651 1604 2721 Septembris
1661 2658 1944 2723 exceptus
1994 2659 2088 2710 est
2117 2669 2146 2710 a

509 2739 795 2796 fratribus
827 2738 1098 2794 lsetanter
1127 2737 1208 2793 illi
1237 2739 1710 2810 procedentibus.
1735 2742 1876 2808 Quia
1900 2757 2060 2812 ergo,
2085 2746 2148 2799 ut

507 2827 589 2884 ait
621 2825 852 2897 quidam
887 2826 1056 2895 (133),
1093 2825 1326 2883 difficile
1359 2827 1659 2898 imperium
1695 2831 2005 2896 retinetur,
2038 2831 2147 2888 nisi

505 2915 722 2973 eisdem
756 2917 982 2972 artibus
1004 2916 1216 2986 quibus
1235 2921 1292 2972 et
1320 2920 1559 2986 paratur
1587 2936 1599 2970 :
1632 2917 1753 2987 ipse
1776 2918 1962 2975 adhuc
1985 2919 2150 2977 rudis

507 3019 666 3062 cura:
693 3003 1028 3074 pastoralis,
1057 3008 1262 3070 utpote
1285 3010 1530 3061 eatenus
1554 3011 1826 3062 assuetus
1853 3007 2154 3075 providen-

507 3093 606 3149 tiae
635 3092 938 3162 exteriori,
968 3091 1313 3148 recordatus
1338 3093 1567 3150 tandem
1594 3095 1725 3163 quis
1751 3094 1921 3151 fuerit
1947 3096 2151 3165 quisve

513 3194 585 3236 ex
625 3186 925 3250 assumpto
949 3180 1135 3236 officio
1158 3181 1604 3246 cogereturjam
1634 3182 1779 3250 fieri,
1804 3183 2069 3240 nimirum
2097 3185 2150 3241 in

508 3267 668 3324 venit
700 3281 762 3323 se
786 3268 956 3323 nimis
981 3268 1253 3323 imparem
1280 3268 1535 3340 impositi
1565 3270 1675 3326 sibi
1701 3272 1927 3338 oneris;
1959 3277 2019 3328 et
2054 3273 2150 3344 qni

508 3356 817 3412 videbatur
839 3357 1004 3426 prius
1021 3356 1183 3424 quasi
1211 3357 1262 3410 in
1286 3356 1456 3426 plano
1477 3358 1719 3414 firmiter
1733 3363 1911 3420 stare.
1929 3361 1982 3416 in
2011 3377 2154 3432 prae-

508 3445 671 3513 cipiti
701 3443 813 3508 jam
847 3459 918 3514 pe
943 3444 994 3499 le
1026 3445 1216 3513 posito
1249 3445 1424 3515 coepit
1457 3447 1608 3514 apud
1643 3462 1705 3502 se
1737 3449 2154 3516 gravitertitn-

510 3531 669 3587 bare.
699 3533 890 3600 lmpos
909 3546 1049 3600 ergo
1073 3532 1306 3602 sivimet,
1325 3533 1564 3600 vestigia
1591 3535 1679 3590 sui
1702 3537 2153 3606 praedecessoris

512 3617 650 3675 licet
679 3625 994 3688 utcumque
1025 3626 1342 3677 conaretur
1371 3623 1664 3693 prosequi,
1691 3624 1850 3680 nullo
1875 3625 2044 3682 modo
2071 3632 2157 3682 ta-

511 3723 638 3765 men
674 3709 978 3778 przevaluit
1033 3710 1288 3780 assequi,
1319 3713 1375 3764 et
1407 3711 1604 3770 laxato
1653 3712 1926 3781 paulatim
1960 3715 2156 3785 rigore

510 3797 856 3868 disciplinae,
883 3813 996 3868 quo
1022 3797 1120 3853 ille
1147 3799 1391 3856 maxime
1421 3801 1605 3870 viguit
1633 3802 1702 3857 ad
1731 3803 1996 3873 gloriam,
2022 3805 2155 3861 dum

511 3899 574 3940 se
601 3885 906 3956 plusjusto
932 3886 1260 3956 quibusque
1283 3887 1772 3958 inclinaretquasi
1793 3889 1862 3946 ad
1885 3891 2154 3962 gratiam,

511 3972 568 4028 in
597 3972 758 4028 brevi
791 3974 1025 4029 devenit
1062 3973 1131 4029 ad
1155 3980 1550 4046 contemptum
1577 3991 1683 4048 per
1703 3977 2157 4034 familiaritatem

510 4060 773 4117 nimiam.
813 4061 1026 4119 Voleus
1072 4063 1320 4133 denique
1349 4065 1528 4120 amari
1579 4079 1650 4122 ex
1692 4066 2098 4122 benevolentia
2127 4081 2157 4124 a

511 4147 723 4218 quibus
749 4149 1048 4205 debuisset
1073 4151 1262 4207 timeri
1285 4167 1355 4206 ex
1381 4151 1617 4209 honoris
1642 4155 1988 4224 reverentia,
2022 4154 2158 4212 dim

515 4236 848 4307 quibusque
875 4237 1274 4295 indifferenter
1291 4244 1346 4296 et
1374 4238 1698 4298 inconsulte
1723 4241 1770 4275 ⁷ο
1790 4243 2160 4313 promitteret

507 4325 797 4398 aperanda
821 4339 948 4396 quae
977 4326 1246 4382 conferre
1273 4341 1380 4384 non
1406 4333 1658 4399 poterat,
1687 4330 1848 4401 ipsos
1865 4331 2038 4388 etiam
2063 4345 2162 4388 ve-

507 4417 668 4470 teres
699 4413 914 4470 amicos
963 4428 1104 4470 suos
1147 4413 1259 4470 sibi
1289 4416 1473 4484 gratis
1507 4417 1876 4484 inimicabat;
1911 4419 2156 4476 maxima

509 4501 659 4559 enim
693 4505 782 4558 est
819 4516 954 4573 pars
1009 4501 1295 4572 beneficii,
1331 4502 1380 4558 si
1413 4503 1532 4561 cito
1585 4511 1830 4574 negatur
1859 4507 2011 4576 quod
2044 4521 2156 4563 non

511 4589 762 4647 dandum
797 4589 1163 4662 promittitur
1193 4590 1472 4659 (Mscnos.
1496 4593 1630 4650 Sat.
1660 4609 1718 4660 ιι,
1743 4599 1821 4663 7),
1847 4597 1904 4652 et
1934 4595 2158 4652 amicus

2260 2041 2324 2083 ea
2359 2043 2487 2098 quae
2532 2034 2702 2085 erant
2748 2030 3012 2088 ecclesia
3043 2047 3156 2090 non
3191 2033 3378 2091 solum
3408 2035 3641 2107 retinuit,
3667 2039 3744 2094 sed
3766 2043 3804 2092 et

2259 2115 2520 2187 quaedam
2546 2133 2647 2176 sua
2681 2117 2970 2177 industria
3005 2122 3313 2192 acquirere
3344 2123 3574 2182 studuit.

2329 2209 2416 2262 :56.
2451 2209 2588 2278 (70.)
2647 2207 2888 2274 Quidam
2921 2209 3134 2267 nobilis
3195 2212 3502 2282 Siget‘ridus
3543 2229 3652 2271 cum
3677 2229 3804 2272 uxore

2259 2309 2363 2350 sua
2405 2295 2794 2353 condixerunt
2839 2297 2952 2354 sibi
2987 2299 3240 2357 invisere
3270 2301 3557 2360 ecclesiam
3585 2303 3708 2360 beati
3730 2304 3804 2358 llu-

2260 2383 2408 2438 berti
2427 2383 2615 2454 gratia
2645 2384 2960 2453 orationis;
2985 2387 3080 2457 qui
3112 2388 3187 2444 ab
3213 2389 3418 2446 abbate
3439 2389 3650 2448 honeste
3667 2405 3804 2446 susce-

2261 2472 2364 2543 pti,
2401 2473 2728 2544 ibidemque
2778 2489 2882 2546 per
2930 2475 3192 2533 triduum
3223 2479 3452 2548 retenti,
3485 2494 3580 2551 pro
3614 2479 3802 2550 impensa

2259 2561 2370 2617 sibi
2430 2562 2830 2619 benevolentia
2886 2561 3143 2634 inducti,
3200 2564 3471 2623 allodium
3521 2566 3584 2622 de
3607 2565 3802 2622 Moroldi-

2259 2648 2386 2706 beis
2417 2647 2588 2721 (t3t),
2622 2650 2776 2720 quod
2809 2656 2938 2708 erat
2965 2665 3193 2719 eorum,
3226 2653 3484 2711 ecclesiae
3526 2652 3802 2722 obtulerunt,

2261 2737 2469 2808 partim
2505 2738 2692 2807 gratis
2722 2738 3072 2807 donandum,
3107 2742 3324 2812 partim
3357 2743 3426 2798 ab
3453 2742 3532 2800 eis
3557 2742 3801 2799 emendum.

2260 2824 2504 2881 Gavisus
2537 2826 2718 2882 abbas
2750 2841 2814 2883 se
2857 2827 3150 2886 invenisse
3205 2830 3664 2902 Opportunitatem
3687 2827 3804 2898 hujus

2260 2913 2684 2984 acquisitionis,
2701 2915 3005 2972 duodecim
3034 2931 3264 2975 marcas
3287 2919 3502 2988 argenti
3525 2919 3632 2976 viro
3649 2924 3696 2974 et
3714 2931 3806 2974 uxo-

2261 3001 2308 3058 ri
2341 3003 2468 3073 ejus
2516 3011 2827 3072 antequam
2879 3004 3228 3062 recederent
3275 3007 3554 3078 appendit,
3584 3010 3632 3062 et
3663 3002 3806 3077 pradi-

2257 3095 2408 3148 ctam
2437 3091 2866 3162 possessionem
2889 3107 3017 3149 cum
3040 3093 3256 3150 familia
3287 3101 3348 3152 et
3365 3094 3608 3152 omnibus
3627 3094 3726 3163 ejus
3741 3107 3806 3162 ap-

2262 3179 2538 3252 penditiis
2564 3179 2832 3236 ecclesiae
2865 3180 2920 3236 in
2942 3189 3293 3252 perpetuum
3325 3182 3574 3254 legaliter
3599 3181 3799 3238 donatam

2259 3268 2532 3340 eptinuit.

2331 3360 2417 3412 57.
2453 3356 2590 3428 (71.)
2650 3356 2978 3428 Stephanus
3006 3359 3369 3417 castellanus
3415 3355 3725 3416 Montisacuti
3748 3368 3807 3410 [³1-
3869 3385 3871 3396 1

2263 3448 2424 3500 satus
2451 3451 2578 3498 erat
2607 3443 2894 3514 ecclesias,
2930 3449 3212 3516 quantum
3239 3447 3308 3503 ad
3342 3446 3482 3504 filios
3506 3452 3556 3502 et
3589 3443 3706 3500 ﬁlias
3727 3438 3809 3495 nul-

2263 3532 2380 3588 lum
2405 3531 2626 3588 habens
2647 3533 2938 3589 heredem.
2972 3535 3152 3604 Cujus
3177 3536 3480 3592 hereditati
3501 3549 3614 3591 cum
3639 3537 3808 3602 nepotes

2264 3621 2424 3677 illius
2446 3620 2756 3690 inhiarent,
2781 3623 2962 3678 abbas
2983 3630 3384 3681 casamentum
3408 3623 3544 3695 quod
3561 3626 3665 3678 erat
3679 3616 3807 3674 eccle-

2263 3709 2364 3766 sia
2387 3709 2459 3765 ab
2480 3708 2681 3765 eodem
2706 3709 2997 3781 Stephano
3033 3711 3306 3782 redemit,
3337 3717 3392 3768 et
3425 3716 3546 3768 ante
3573 3709 3807 3780 quinquen-

2267 3800 2422 3854 nium
2448 3797 2654 3853 mortis
2683 3796 2812 3866 ejus
2847 3813 2887 3852 r.
2911 3797 3138 3855 dditum
3172 3800 3284 3856 sibi
3319 3800 3636 3856 infirmorum
3664 3794 3805 3852 usibus

2267 3885 2591 3958 deputavit.
2626 3885 2950 3942 Ediﬂcavit
2985 3894 3274 3958 praetcrea
3305 3889 3619 3960 hospitalem
3645 3885 3806 3940 domum

2267 3974 2338 4030 ad
2371 3973 2802 4045 susceptionem
2827 3976 3366 4046 supervenientium
3389 3975 3756 4048 peregrinorum
3770 3971 3806 4021 et

2269 4069 2732 4132 repausattonem
2761 4062 3120 4119 infirmorum
3145 4080 3475 4136 pauperum,
3491 4055 3811 4136 deputatisibi-

2268 4151 2396 4208 dem
2447 4149 2795 4207 molendinis
2831 4151 3121 4208 Caviniaci
3156 4153 3279 4210 ﬁsci
3337 4155 3404 4210 ad
3435 4167 3581 4209 usum
3628 4149 3806 4204 illorum.

2271 4239 2582 4296 Constituit
2609 4239 2783 4296 etiam
2809 4239 3093 4310 integram
3111 4241 3478 4313 praebendam
3491 4234 3810 4298 communifrs-

2271 4331 2422 4384 trum
2455 4327 2792 4384 elemosinae
2843 4327 3108 4398 quotidie
3141 4329 3456 4387 addendam
3487 4328 3550 4384 ad
3577 4321 3807 4382 remedium

2269 4415 2594 4473 animarum
2625 4416 2796 4487 hujus
2853 4419 3332 4487 congregationis
3379 4416 3670 4492 specialiter
3690 4407 3810 4468 destio

2268 4509 2487 4560 natam.

2339 4596 2426 4650 58.
2462 4591 2601 4664 (72.)
2629 4592 2860 4649 Decima
2893 4593 3076 4650 totius
3111 4594 3562 4654 Amberlacensis
3582 4589 3678 4648 ﬁsci
3706 4585 3808 4642 vide

511 4679 591 4734 ita
625 4678 800 4734 debet
832 4677 1054 4748 haberi,
1120 4685 1186 4735 ut
1218 4683 1458 4750 putetur
1488 4679 1759 4738 inimicus
1790 4696 1964 4753 posse
1995 4682 2148 4738 fieri.
2185 4672 2238 4733 D
2269 4679 2409 4736 licet
2431 4679 2981 4751 indominicationis,
3015 4686 3146 4738 erat
3171 4698 3277 4741 sua
3300 4683 3343 4718 ⁷⁸
3365 4683 3604 4742 ecclesiae
3621 4675 3807 4750 quaesita

510 4767 672 4823 Unde
695 4781 825 4824 cum
851 4767 1003 4822 inter
1023 4780 1155 4822 eum
1177 4771 1236 4823 et
1261 4767 1368 4824 sibi
1395 4769 1744 4826 commissos
1764 4769 2160 4827 suscitaretur

512 4855 785 4925 frequens
816 4854 1129 4925 dissmsio,
1181 4855 1252 4911 ad
1284 4856 1392 4912 hoc
1426 4871 1606 4928 usque
1658 4859 1928 4930 prorupit
1954 4874 2157 4916 eorum

512 4946 711 4998 mutua
735 4941 1075 5012 indignatio,
1113 4947 1196 5014 ut,
1226 4943 1453 5015 privato
1483 4947 1848 5016 germinantc
1877 4947 2031 5004 inter
2057 4961 2158 5004 eos

512 5030 669 5100 odio,
695 5036 1100 5088 succresceret
1124 5031 1178 5088 in
1196 5036 1493 5104 posterum
1518 5035 1750 5106 publica
1770 5035 1955 5108 ipsius
1975 5035 2161 5093 eccle-

511 5116 612 5174 siae
639 5118 887 5175 maxima
920 5119 1209 5178 confusio.
1241 5120 1352 5177 Sed
1380 5121 1452 5178 de
1474 5121 1588 5178 hiis
1618 5123 1850 5180 interim
1874 5123 2162 5180 intermit-

511 5205 775 5263 tendum.

2268 4768 2434 4826 estin
2460 4769 2668 4825 Ambra
2699 4769 2850 4826 beati
2881 4771 3041 4826 Petri
3075 4772 3354 4844 apostoli,
3389 4778 3442 4828 et
3465 4772 3604 4828 hoca
3625 4771 3809 4835 tempore

2266 4855 2528 4926 Beregisi
2557 4856 2812 4928 abbatis,
2837 4857 2988 4914 dono
3022 4859 3215 4932 Pipini
3247 4862 3344 4932 qui
3365 4864 3486 4916 erat
3506 4858 3659 4928 major
3674 4853 3810 4908 domus

2267 4945 2610 5002 Theoderici
2644 4946 2817 5016 regis.
2851 4947 3135 5020 Tempore
3167 4955 3360 5007 autem
3393 4945 3618 5005 Heinrici
3644 4943 3810 5028 ἱωΡθηζ
3869 4961 3871 4964 ‘

2267 5033 2418 5091 toris
2467 5038 2851 5105 cognomento
2911 5035 3016 5108 Pii,
3048 5037 3144 5094 cui
3206 5039 3470 5095 heredem
3499 5049 3599 5092 non
3647 5029 3806 5117 habent!

2270 5122 2571 5181 Conradus
2608 5123 2664 5178 in
2712 5137 2953 5194 regnum
3004 5127 3320 5197 successit,
3353 5119 3676 5195 Cunegondis
3697 5125 3808 5173 comt-

2269 5211 2435 5284 tissa,
2459 5226 2592 5284 quae
2614 5212 2807 5269 fuerat
2855 5212 3023 5271 unica
3051 5215 3359 5273 Gozelonis
3381 5213 3590 5272 comitis
3631 5203 3808 5266 domina-

1881 5335 2120 5394 VARIE
2147 5335 2546 5394 LECTIONES.

583 5448 630 5482 ⁸³
659 5449 879 5532 clamor
931 5467 1223 5528 superscr.
1278 5458 1372 5515 vel
1427 5459 1593 5518 favor
1621 5465 1679 5516 1.

515 5532 776 5591 propria.

1857 5460 2058 5538 “fort
2085 5462 2408 5534 quassabat
2467 5459 2779 5534 legendum
2833 5461 2938 5519 est.

3049 5463 3098 5498 7°
3130 5465 3175 5521 i.
3234 5465 3368 5523 dum
3399 5480 3448 5536 p.
3483 5467 3524 5518 1.
3647 5452 3782 5506 ⁷¹ίιθο

2106 5656 2330 5715 ΝΟΤΕ.

595 5759 740 5834 (133)
770 5766 1100 5838 Sallustius,
1132 5770 1325 5843 Catil.,
1361 5790 1412 5832 c.
1454 5781 1506 5832 2.

2243 5781 2393 5854 (134)
2419 5780 2678 5840 Marius.
2714 5785 2783 5840 ll.
