3968 6390
228 353 393 420 1397

1221 356 1709 423 CHRONICHN
1751 357 1820 421 S.
1866 355 2227 421 HUBESTI
2267 355 2662 421 ANDAGIN.

3496 354 3653 426 1898

224 510 388 567 toris
406 508 667 581 ejusdem
688 507 834 579 fisci,
870 508 1067 566 Ottoni
1098 508 1326 567 cuidam
1362 511 1648 569 Saxonico
1672 511 1888 583 nupsit,
1923 492 1979 553 Α
2012 512 2316 568 Caviniaco
2347 512 2619 583 superius
2669 509 3006 568 memoratis
3055 509 3225 585 (136),
3257 525 3457 570 eorum
3486 513 3651 571 testi-

224 598 393 656 inter
424 614 568 670 quos
616 598 927 655 inhonesto
957 598 1209 654 divortio
1242 600 1569 671 eveniente,
1598 601 1751 671 quod
1778 616 1893 657 non

221 691 325 744 est
352 691 613 745 nostrum
648 701 1044 757 renumerare,
1077 702 1245 743 omne
1272 689 1688 759 patrimonium
1714 692 1894 747 Cune-

221 777 448 848 gundis
470 776 598 847 lege
622 775 874 847 palatina
900 776 1135 832 devenit
1156 777 1211 832 in
1235 792 1470 833 manum
1499 778 1890 848 imperatoris.

224 866 517 924 Henricus
546 870 741 922 autem
791 865 1110 936 imperator
1160 866 1317 923 ﬁlius
1380 867 1629 924 Conradi
1684 868 1895 939 pradi-

223 959 389 1013 ctum
416 954 614 1011 ﬁscum
640 969 770 1011 cum
795 960 990 1010 castro
1034 954 1186 1025 quod
1240 954 1455 1011 dicitur
1504 956 1698 1027 Rupes
1731 958 1895 1013 Sere-

224 1044 427 1103 manni
460 1044 592 1101 duci
617 1043 925 1101 Frederico
950 1044 1237 1101 mutuavit
1259 1060 1363 1116 pro
1392 1044 1738 1115 quibusdam
1763 1046 1893 1116 ejus

216 1131 734 1207 possessionibus,
760 1147 887 1202 qua
912 1131 968 1187 in
984 1132 1228 1187 Saxonia
1253 1134 1893 1203 opportunioreserant

218 1222 375 1290 sibi;
406 1220 509 1277 sed
535 1228 594 1276 et
618 1220 1009 1290 Cunegundis,
1037 1220 1189 1291 apud
1216 1221 1529 1277 ecclesiam
1552 1223 1705 1278 beati
1732 1225 1889 1282 Petri

212 1309 318 1367 vel
344 1309 584 1365 Huberti
613 1308 869 1378 reclusa,
907 1323 1103 1365 coram
1129 1308 1299 1365 altari
1333 1310 1519 1365 sancti
1543 1310 1771 1366 Martini
1803 1326 1891 1368 sa-

212 1399 301 1456 tis
322 1398 693 1455 continenter
716 1398 791 1453 ibi
827 1397 1029 1454 vivens
1052 1402 1185 1469 post
1214 1398 1439 1467 longam
1477 1398 1881 1468 paenitentiam

217 1485 282 1542 in
311 1484 543 1541 Christo
567 1483 812 1554 quievit,
842 1489 898 1540 et
923 1485 1154 1555 sepulta
1178 1488 1268 1540 est
1289 1485 1457 1554 juxta
1474 1483 1519 1517 7’
1541 1500 1758 1557 corpus
1792 1500 1888 1557 pa-

221 1574 340 1629 tris
372 1572 462 1629 sui
497 1571 821 1629 Gozelonis.
852 1572 989 1637 Qua
1022 1573 1210 1628 adhuc
1263 1575 1573 1642 superstes
1607 1573 1741 1629 dum
1778 1575 1887 1629 fre-

223 1666 618 1734 quentaretur
647 1676 675 1716 a
711 1660 857 1717 duce
892 1661 1202 1717 Fredcrico
1225 1661 1418 1730 gratia
1443 1661 1730 1731 caritatis,
1756 1662 1884 1730 ejus

224 1748 612 1819 suggestione
637 1748 784 1803 idem
811 1747 925 1804 dux
954 1748 1290 1818 pradictam
1313 1749 1594 1805 decimam
1620 1750 1883 1807 ecclesia

2009 600 2203 657 monio
2229 601 2442 670 justam
2472 600 2703 671 quidem
2736 615 2969 658 causam
3000 600 3234 657 abbatis
3265 603 3647 671 recognovit;

2008 689 2110 744 sed
2136 686 2428 744 mandavit
2452 688 2506 744 ei
2531 703 2594 747 se
2627 689 2778 747 velle
2807 689 3077 745 honorari
3108 689 3297 760 gratia
3322 690 3584 758 ejusdem
3616 705 3647 749 a

2007 791 2068 834 se
2118 777 2529 835 conﬁrmanda
2583 778 3022 849 recognitionis.
3092 779 3286 835 Abbas
3318 777 3400 834 illi
3447 779 3646 837 decem

2007 880 2233 922 marcas
2264 865 2489 935 argenti
2535 867 2818 937 condixit,
2849 881 3097 938 eumque
3129 881 3324 924 secum
3384 868 3651 925 Tudinia-

2005 969 2135 1011 cum
2160 953 2206 988 ⁷³
2229 959 2485 1011 castrum
2509 956 2675 1025 (137),
2693 971 2806 1027 quo
2829 960 2968 1012 tunc
2981 956 3293 1028 episcopus
3315 972 3444 1013 cum
3466 957 3650 1014 Gede-

2007 1043 2158 1099 l‘rido
2190 1043 2338 1099 duce
2371 1044 2731 1113 morabatur,
2783 1043 3044 1100 adduxit.
3079 1046 3135 1100 ln
3169 1060 3369 1102 eorum
3392 1060 3648 1119 prasen-

2005 1132 2081 1188 tia
2103 1132 2420 1189 Balduinus
2437 1132 2775 1204 pradictam
2794 1132 3067 1188 familiam
3088 1133 3364 1190 curialem
3379 1134 3647 1193 ecclesia

2004 1222 2159 1277 beati
2190 1221 2432 1277 Iluberti
2484 1235 2651 1277 suam
2703 1221 2849 1293 (138)
2878 1235 3008 1278 esse
3039 1223 3395 1293 recognovit,
3430 1228 3488 1279 et
3521 1239 3549 1280 a
3583 1238 3648 1281 se

2002 1314 2332 1381 respectum
2366 1323 2568 1365 eorum
2601 1310 2834 1365 omnino
2890 1310 3157 1378 removit,
3187 1325 3501 1382 omnesque
3551 1312 3647 1384 qui

2000 1398 2350 1453 Videbantur
2383 1411 2516 1452 esse
2575 1397 2748 1465 hujus
2779 1398 3265 1456 contradictionis
3296 1415 3425 1457 cum
3457 1401 3645 1458 servis

1999 1499 2199 1541 eorum
2233 1489 2293 1540 et
2343 1483 2589 1552 ancillis,
2643 1499 2773 1541 cum
2832 1486 3302 1557 possessionibus
3358 1502 3557 1545 eorum
3586 1492 3645 1546 et

1997 1573 2246 1641 allodiis,
2278 1573 2428 1628 facto
2457 1572 2534 1628 ibi
2565 1572 2797 1644 publice
2833 1573 3135 1643 privilegio
3157 1575 3207 1630 ei
3239 1576 3645 1644 confirmavit;

1996 1662 2088 1718 cui
2121 1662 2447 1718 etiamcum
2471 1661 2662 1731 sigillo
2676 1662 3115 1734 episcopisuum
3141 1678 3372 1735 quoque
3395 1662 3644 1736 imprimi

2000 1750 2156 1806 fecit.

222 1851 301 1893 ex
332 1840 461 1893 toto
496 1836 858 1905 recognovit.
915 1837 980 1891 Et
1034 1837 1168 1906 quia
1223 1841 1346 1892 erat
1381 1837 1469 1892 vir
1524 1838 1794 1894 veritatis
1824 1843 1881 1894 et
1916 1851 1968 1911 Β
2067 1843 2153 1894 60.
2190 1838 2478 1908 Episcopo
2526 1842 2717 1894 autem
2752 1837 3037 1895 inferente
3075 1838 3229 1909 duci,
3264 1839 3411 1897 satis
3441 1839 3642 1898 utilem

220 1924 497 1998 justitia,
532 1940 639 1996 pro
668 1924 918 1995 dampno
951 1924 1101 1995 quod
1136 1925 1424 1982 intellexit
1457 1925 1585 1982 loco
1617 1926 1883 1984 evenisse

227 2014 303 2070 de
334 2014 537 2069 eadem
572 2012 794 2070 decima
834 2028 934 2083 per
961 2018 1313 2071 memoratas
1344 2014 1707 2072 dominorum
1732 2031 1887 2071 com-

230 2102 614 2171 mutationes,
649 2101 895 2157 tradidit
918 2101 1189 2170 legaliter
1214 2102 1384 2158 beato
1409 2103 1666 2159 Huberto
1683 2119 1885 2176 perpe-

228 2195 335 2246 tuo
353 2190 677 2246 habendum
697 2190 942 2246 Montem
963 2190 1256 2247 Pincionis
1273 2191 1421 2261 (135)
1439 2206 1568 2248 cum
1599 2192 1809 2247 familia
1825 2197 1882 2250 et

228 2278 504 2335 omnibus
535 2277 891 2348 appenditiis
923 2278 1064 2335 suis.
1097 2278 1354 2344 Quicum
1389 2279 1577 2336 adhuc
1602 2280 1765 2336 rudis
1788 2296 1888 2337 an-

228 2365 411 2437 tiqua
426 2370 485 2422 et
509 2365 723 2422 debita
742 2366 1182 2423 consuetudinis
1198 2371 1667 2437 cognosceretex
1687 2368 1885 2426 debito

229 2453 626 2511 exsolvendas
661 2455 833 2511 beato
863 2455 1121 2511 liuberto
1151 2470 1351 2513 omnes
1377 2456 1660 2527 primitias
1692 2457 1887 2528 singu-

231 2542 420 2598 larum
457 2542 705 2599 ferarum
737 2557 943 2598 annua
989 2543 1316 2599 venationis
1348 2544 1534 2600 totius
1592 2544 1753 2601 silva
1787 2548 1886 2601 Ar-

232 2630 612 2700 duennensis,
635 2636 797 2686 tanta
822 2631 1224 2688 sollicitudine
1243 2646 1348 2688 suo
1366 2636 1632 2704 tempore
1657 2632 1885 2690 solvere

233 2733 336 2776 eas
369 2719 619 2789 curavit,
660 2724 720 2775 ut
755 2720 1000 2789 quadam
1034 2719 1160 2775 vice
1193 2736 1321 2776 cum
1360 2721 1736 2778 venatoribus
1764 2722 1888 2780 suis

235 2822 444 2880 aprum
474 2807 830 2864 monasterio
845 2808 1248 2865 deferentibus
1268 2810 1886 2881 progressus,ipsemet

230 2896 494 2953 humeris
518 2896 771 2969 propriis
802 2896 1061 2966 ejusdem
1099 2898 1223 2969 apri
1249 2908 1421 2969 caput
1453 2899 1619 2954 nobis
1642 2898 1886 2955 videnti-

231 2985 344 3042 bus
358 2983 627 3041 ecclesia
650 2984 895 3040 inferret
918 2988 974 3040 et
1000 2988 1135 3041 ante
1150 2985 1335 3041 altare
1351 2985 1503 3041 beati
1525 2987 1680 3041 Petri
1696 2986 1882 3056 gratia

230 3071 567 3128 devotionis
596 3071 936 3143 deponeret.
968 3074 1092 3129 Dux
1122 3088 1352 3144 quoque
1389 3074 1755 3144 Godefridus,
1791 3089 1886 3130 co-

1998 1928 2120 1982 fore
2135 1926 2402 1983 ecclesia
2420 1927 2572 1983 beati
2592 1926 2831 1983 Huberti
2848 1927 3292 1997 acquisitionem
3309 1927 3480 1997 hujus
3494 1927 3638 1999 fisci,

1997 2014 2045 2072 si
2076 2015 2206 2085 quis
2257 2015 2430 2070 etiam
2463 2014 2743 2071 decimam
2773 2014 2899 2084 ejus
2928 2015 3232 2085 acquirere
3260 2020 3479 2087 posset,
3513 2030 3641 2086 qua

1995 2108 2124 2158 erat
2143 2102 2411 2158 ecclesia
2427 2101 2802 2170 Prumiensis,
2821 2102 3094 2159 consultu
3109 2107 3164 2159 et
3182 2103 3416 2160 hortatu
3439 2118 3640 2160 eorum

1996 2190 2263 2262 concepit
2314 2190 2709 2247 Theodericus
2770 2191 2951 2247 abbas
2983 2191 3092 2248 hoc
3134 2191 3286 2247 idem
3345 2191 3641 2262 negotium

1996 2278 2607 2348 exequendi.Denique
2631 2281 2922 2349 reversus,
2947 2283 3258 2348 utrumque
3275 2280 3639 2336 Lambcrtum

1997 2366 2287 2423 Prumiam
2314 2365 2489 2435 misit,
2518 2371 2578 2421 et
2602 2366 2777 2422 nichil
2800 2366 2887 2422 eis
2905 2367 2998 2421 vel
3027 2365 3334 2423 dicendum
3359 2366 3451 2423 vel
3474 2381 3645 2437 agen-

1999 2454 2132 2511 dum
2167 2455 2415 2523 dictans,
2450 2457 2720 2510 eventum
2754 2454 2835 2509 rei
2866 2454 3376 2526 pertemptandum
3410 2454 3643 2511 commi-

1998 2542 2095 2598 sit.
2133 2543 2373 2612 Excepti
2410 2541 2835 2597 honorabiliter
2859 2556 2889 2597 a
2914 2542 3234 2599 venerabili
3259 2544 3472 2598 abbate
3493 2542 3648 2599 Wul—

1999 2631 2219 2699 franno,
2252 2636 2311 2686 et
2340 2631 2412 2686 ab
2440 2645 2510 2685 eo
2560 2629 2926 2686 familiariter
2959 2645 3061 2701 per
3103 2630 3525 2688 hebdomadam
3557 2644 3647 2687 re-

1999 2719 2163 2787 tenti,
2189 2719 2334 2774 adeo
2368 2718 2549 2774 virum
2585 2717 2710 2774 suis
2741 2717 3092 2774 all‘ectabant
3126 2718 3373 2788 facetiis,
3400 2723 3484 2789 ut,
3521 2718 3646 2791 qui-

1996 2808 2221 2878 busque
2237 2822 2323 2863 Sllf
2346 2822 2471 2863 rum
2494 2805 2864 2877 postpositis,
2883 2806 3114 2863 illorum
3140 2806 3476 2878 specialiter
3492 2807 3642 2864 frue-

1996 2901 2161 2953 retur
2219 2895 2552 2965 colloquiis.
2614 2895 2683 2949 Et
2739 2894 3082 2950 Lambertus
3141 2894 3372 2965 quidem
3432 2895 3634 2966 major,

1993 2987 2199 3056 utpote
2223 2984 2319 3055 qui
2345 2984 2416 3039 ab
2447 2982 2844 3039 adolescentia
2875 2997 2976 3039 sua
3011 2982 3193 3040 curiis
3221 2982 3405 3039 fuerat
3441 2996 3637 3040 assue-

1996 3077 2108 3143 tus,
2144 3088 2274 3130 cum
2326 3072 2645 3129 delectaret
2696 3070 3165 3127 confabulantem
3197 3070 3305 3128 sibi
3364 3071 3634 3128 abbatem

234 3165 550 3232 gnomento
573 3162 881 3230 Barbatus,
916 3163 1163 3231 quadam
1197 3162 1289 3217 die
1319 3177 1447 3218 cum
1480 3162 1550 3218 ad
1582 3162 1730 3219 hanc
1752 3178 1885 3220 con-
1916 3206 1963 3268 Ο
1994 3161 2266 3234 palatinis
2297 3161 2537 3227 salibus,
2558 3159 2753 3230 junior
2783 3174 2922 3215 vero
2946 3163 3121 3241 prout
3144 3166 3267 3216 erat
3295 3158 3377 3214 illi
3403 3158 3633 3215 dicendi

232 3249 607 3307 suetudinem
628 3250 799 3306 beato
817 3249 1071 3306 [luberto
1089 3250 1496 3307 exsolvendam
1514 3256 1785 3308 venatum
1810 3251 1885 3307 is-

228 3343 345 3409 set,
363 3339 617 3409 quinque
635 3353 839 3395 cervos
852 3342 1152 3410 cepitcum
1171 3338 1461 3410 unolupo;
1482 3340 1882 3411 ipsosquoque

227 3441 434 3484 omnes
455 3442 585 3484 cum
610 3427 784 3484 coriis
808 3428 1201 3500 etcaptolupo
1216 3428 1404 3485 adhuc
1434 3430 1667 3485 vivente
1696 3433 1884 3486 trans-

230 3516 396 3572 misit
421 3516 589 3573 nobis
619 3516 954 3573 videntibus
986 3517 1118 3574 huic
1152 3517 1440 3574 ecclesia.
1474 3519 1608 3574 Post
1638 3522 1881 3574 mortem

229 3607 429 3660 autem
460 3602 722 3676 praedicti
757 3604 1049 3661 Frederici
1103 3604 1225 3675 (an.
1262 3606 1417 3676 1065)
1449 3605 1545 3661 Ida
1582 3620 1731 3662 uxor.
1756 3607 1882 3677 ejus

228 3691 432 3764 nupsit
455 3691 695 3748 Alberto
717 3692 915 3750 comiti
933 3693 1298 3762 Namucensi,
1328 3693 1655 3764 iterumque
1675 3695 1884 3766 pradi-

227 3784 325 3837 cta
348 3779 572 3838 decima
586 3781 755 3852 coepit
780 3781 1024 3837 subduci
1040 3782 1649 3852 ecclesia,agentibus
1668 3783 1880 3853 iniquis

229 3872 290 3925 et
326 3868 763 3926 fraudatoribus
793 3869 1097 3938 ministris,
1133 3871 1299 3941 quasi
1327 3870 1535 3927 ﬁducia
1562 3872 1879 3929 immutata

231 3956 762 4014 dominationis.Ad
787 3958 933 4016 hanc
959 3959 1381 4016 reclamandam
1409 3960 1589 4015 abbas
1609 3959 1877 4015 comitem

230 4045 306 4103 ob
331 4061 571 4102 uxorem
594 4046 722 4117 ejus
745 4048 1010 4118 expetiit,
1032 4052 1093 4103 et
1117 4047 1420 4103 Lamberto
1443 4048 1660 4117 majore
1686 4062 1877 4104 rerum

229 4133 496 4190 ordinem
563 4135 990 4193 rationabiliter
1049 4139 1457 4193 renumerante
1526 4133 1660 4205 illis,
1723 4136 1877 4206 quod

231 4237 401 4280 suum
433 4228 562 4281 erat
591 4223 840 4282 ecclesia
897 4224 1206 4297 utriusque
1233 4238 1474 4281 assensu
1507 4225 1879 4297 recuperavit

231 4315 521 4383 perpetuo
552 4312 896 4369 habendum.

304 4403 390 4455 59.
428 4397 564 4469 (73.)
598 4399 762 4471 Apud
813 4398 1179 4456 Caviuiacum
1212 4398 1416 4456 fiscum
1445 4398 1685 4456 curialis
1718 4399 1877 4455 fami-

232 4487 310 4544 lia
334 4487 680 4552 babebatur,
714 4502 841 4560 qua
864 4487 997 4545 olim
1027 4487 1295 4545 ecclesia
1316 4487 1599 4558 acquisxta’
1628 4502 1758 4545 cum
1785 4502 1878 4545 ce-

1993 3250 2160 3307 locus
2194 3250 2451 3306 breviter
2475 3249 2793 3305 delleratos
2822 3252 3085 3304 veterum
3117 3247 3407 3304 annalium
3441 3247 3637 3304 subin-

1994 3339 2173 3395 ferret
2206 3344 2471 3409 eventus,
2507 3337 2650 3395 illud
2684 3338 2773 3394 vel
2800 3337 3018 3408 sapius
3037 3336 3308 3407 exigebat
3340 3336 3520 3392 abbas
3547 3350 3637 3393 re-

1994 3428 2293 3505 ferendum
2327 3427 2434 3484 sibi
2468 3426 2633 3498 quasi
2668 3426 2738 3482 ad
2776 3425 3023 3495 gratiam
3051 3424 3459 3496 jocunditatis,
3496 3439 3636 3493 quo-

1993 3517 2164 3573 modo
2197 3516 2467 3587 Papirius
2513 3517 2909 3573 Pratextatus
2941 3528 3104 3585 puer,
3137 3526 3207 3569 ne
3237 3517 3476 3571 senatus
3504 3526 3637 3569 con-

1992 3604 2211 3662 sultum
2246 3606 2538 3677 proderet,
2575 3608 2817 3659 matrem
2851 3618 3012 3659 suam
3040 3600 3311 3658 eluserit.
3352 3601 3630 3670 (Macaou.

1989 3695 2125 3751 Sat.
2152 3708 2187 3761 ι,
2210 3697 2288 3765 6.)
2307 3694 2428 3750 Hic
2446 3691 2795 3763 capitolium
2814 3691 3116 3761 ingressus
3133 3688 3242 3746 sub
3262 3689 3517 3748 clamide
3530 3703 3637 3761 pa-

1992 3782 2106 3839 tris
2144 3781 2417 3837 latenter.
2459 3778 2714 3848 indeque
2740 3791 3065 3846 regressus,
3099 3790 3229 3833 eum
3257 3789 3320 3833 se
3346 3777 3638 3847 querenti

1988 3869 2175 3925 matri
2194 3867 2632 3938 prasentasset,
2664 3864 2782 3920 illa
2824 3864 2985 3920 inter
3012 3862 3215 3919 oscula
3239 3862 3639 3934 interrogavit

1990 3972 2120 4015 eum
2136 3956 2241 4012 ubi
2260 3955 2450 4013 tamdi
2458 3969 2494 4010 u
2495 3954 2762 4027 fuisset;
2777 3966 2892 4022 quo
2906 3950 3290 4022 respondente
3300 3964 3362 4007 se
3381 3964 3636 4024 campa-

1991 4047 2079 4103 tre
2092 4046 2158 4103 in
2169 4043 2383 4101 senatu
2390 4043 2615 4115 fuisse,
2632 4038 2925 4097 maternis
2943 4037 3313 4109 argumentis
3324 4039 3635 4112 canitgtue-

1985 4148 2053 4191 ro
2072 4132 2372 4202 insistere,
2393 4131 2463 4187 ut
2479 4129 2597 4187 sibi
2617 4128 2875 4194 referret
2894 4126 3047 4199 quid
3060 4126 3271 4183 secreti
3291 4125 3512 4184 ibidem
3528 4141 3632 4184 au-

1990 4222 2179 4281 disset
2238 4222 2399 4277 Puer
2424 4220 2713 4291 perimus
2742 4216 3064 4290 quaerentis
3079 4215 3472 4293 fatigatione,
3504 4230 3637 4274 cum

1987 4310 2223 4368 omnino
2254 4305 2639 4366 deliberasset
2676 4305 2839 4379 apud
2865 4319 2928 4363 se
2966 4304 3243 4376 capitolii
3267 4305 3495 4363 secreta
3520 4318 3638 4363 non

1977 4398 2265 4472 prodere;
2281 4396 2464 4454 adine
2471 4394 2601 4452 enit
2611 4395 2736 4453 arti
2727 4394 2957 4467 ﬁciose,
2972 4392 3247 4451 senatum
3260 4392 3414 4449 duas
3422 4406 3640 4451 uxores

1986 4488 2315 4559 unicuique
2341 4485 2471 4542 circ
2502 4484 2850 4554 decrevisse,
2883 4483 3067 4553 idgue
3097 4481 3165 4537 in
3183 4493 3482 4537 commune
3506 4493 3636 4538 eon~

229 4578 379 4636 teris
408 4576 810 4648 popularibus,
844 4576 1159 4634 dominium
1184 4576 1447 4635 ecclesia
1475 4577 1640 4648 quasi
1665 4591 1874 4634 novum
1906 4560 1957 4623 D
1992 4574 2635 4639 ﬂrmandumcrastina
2649 4565 3635 4642 sessioneguasiadutilitatemrei

231 4664 822 4735 detrectans,servire
836 4664 887 4721 ei
904 4664 1517 4736 dedignabatur.Unde
1532 4665 1873 4723 Balduinum

231 4753 503 4810 comitem
529 4753 904 4823 Montensem,
959 4752 1138 4809 filium
1169 4753 1482 4824 Richeldis,
1508 4753 1688 4809 abbas
1717 4755 1876 4810 Lam-

232 4842 402 4899 berto
425 4841 642 4912 majore
664 4842 979 4899 comitatus
1008 4841 1174 4912 adiit,
1208 4846 1264 4898 et
1292 4857 1361 4898 ne
1384 4842 1748 4899 insolentiam
1780 4857 1874 4900 eo-

228 4945 356 4988 rum
386 4929 669 4988 adversus
701 4930 1012 4987 ecclesiam
1043 4935 1334 5001 tueretur,
1366 4931 1431 4989 ei-
1445 4930 1874 4988 rationabiliter

229 5018 544 5091 suggessit.
582 5021 785 5077 Comes
816 5019 1002 5075 relato
1059 5019 1309 5076 consilio
1338 5019 1409 5075 ad
1441 5019 1597 5075 Idam
1631 5034 1871 5076 uxorem

227 5123 391 5165 suam
411 5108 678 5182 aliosque
701 5108 905 5166 ﬁdeles
926 5124 1062 5167 suos
1083 5108 1179 5180 qui
1204 5109 1788 5179 interfuerantgestis
1801 5109 1871 5165 de

1981 4665 2252 4738 publica.
2277 4664 2525 4722 Femina
2543 4661 2867 4733 impatiens
2888 4657 3069 4715 totius
3085 4669 3279 4726 more,
3303 4668 3435 4712 cum
3456 4655 3633 4728 trepi-

1987 4755 2138 4812 dans
2151 4755 2383 4811 domum
2400 4764 2636 4824 egressa
2644 4747 3010 4821 potentiores
3027 4743 3205 4801 Urbis
3214 4757 3308 4799 ma
3317 4743 3523 4801 tronas
3540 4757 3632 4801 su-

1981 4842 2277 4912 scitasset,
2295 4842 2511 4913 factas
2544 4850 2718 4911 pane
2751 4836 2821 4892 in
2863 4833 3190 4891 amentiam
3229 4832 3345 4889 tali
3372 4845 3627 4904 rumore,

1982 4929 2383 4990 convenerunt
2405 4930 2474 4987 in
2500 4926 2834 4985 crastinum
2861 4921 3001 4980 ante
3030 4919 3526 4993 capitolia/rufam
3546 4934 3633 4979 se-

1983 5019 2134 5077 natu
2160 5016 2530 5082 consulente;
2575 5013 2680 5072 ubi
2719 5013 2861 5069 dum
2873 5010 3095 5083 furore
3108 5007 3376 5080 femineo
3405 5008 3632 5066 concla-

1981 5108 2236 5179 marent,
2260 5120 2333 5163 ne
2353 5102 2710 5164 sententiam
2723 5100 2823 5160 sui
2839 5097 3101 5156 hesterni
3122 5096 3340 5155 decreti
3351 5096 3633 5157 adversus

1573 5233 1659 5289 VA
1672 5234 1809 5289 RLE
1866 5231 2275 5289 LECTIONES.

297 5329 344 5363 ⁷³
372 5330 539 5390 deest
564 5336 620 5388 1.
774 5328 819 5363 ⁷³
846 5330 992 5387 Rud.
1028 5343 1184 5388 corr.
1213 5343 1399 5388 manu
1427 5329 1561 5387 alia
1589 5329 1728 5387 Tud.
1765 5337 1813 5385 1.

1815 5453 2039 5510 NOTIE.

299 5552 447 5624 (135)
474 5551 850 5623 Pinsamont,
869 5550 1081 5621 village
1101 5553 1269 5607 entre
1288 5552 1581 5619 Bastogne
1603 5554 1662 5604 et
1683 5549 1868 5606 Saint-

229 5625 471 5681 ﬂubert.
503 5624 567 5678 Β.
938 5644 953 5659 -

300 5694 449 5766 (136)
481 5695 539 5750 c.
570 5697 654 5752 49.

2064 5550 2208 5688 (137)
2249 5548 2460 5606 Thuin.
2495 5549 2558 5603 Β.
2595 5617 2606 5628 ,
3058 5614 3070 5625 σ

2092 5620 2213 5688 138)
2248 5620 2285 5674 l.
2321 5634 2371 5675 e.
2410 5616 2998 5688 propriam.7Exstant
3032 5613 3070 5669 li

2092 5610 2213 5691 138)
2248 5620 2285 5674 l.
2321 5634 2371 5691 e.
2410 5617 2723 5691 propriam.
2736 5616 3014 5691 Exstant
3032 5613 3246 5691 littera
3276 5610 3409 5680 bjus
3448 5622 3636 5666 recoo.

2008 5684 2310 5763 gnitio'nts,
2341 5684 2495 5749 data
2519 5684 2750 5748 Tudinii
2778 5699 2928 5744 anno
2964 5689 3123 5744 1088.
3168 5684 3236 5738 Η.
