3968 6320
396 323 552 390 1403

393 585 574 643 quam
596 569 786 635 cultu,
813 580 1062 636 cumque
1083 565 1285 622 Cresar
1305 562 1650 621 accessisset
1685 559 1767 616 ad
1807 559 2032 625 sellam,

397 659 707 718 Graculus
729 657 988 714 demissa
1006 668 1193 712 manu
1207 655 1272 709 in
1273 665 1597 725 pauperem
1606 649 1875 721 fundam
1889 660 2038 717 pau-

392 763 487 807 cos
509 747 790 804 denarios
800 745 1067 816 protulit
1083 757 1230 814 quos
1257 740 1527 814 principi
1568 739 1758 800 daret,
1792 737 2029 794 .iicens:

395 855 423 888 α
447 839 578 896 Non
601 835 919 893 secundum
925 833 1171 906 factum
1201 840 1368 888 tuum
1389 833 1558 896 (140),
1585 825 1863 900 Auguste,
1888 824 2037 896 quia

391 928 448 984 si
453 927 596 996 plus
612 926 690 982 lia
699 924 908 991 berem,
923 924 1060 994 plus
1079 921 1300 978 darem.
1327 943 1353 967 ι
1380 919 1594 976 Secuto
1611 916 1867 972 omnium
1877 914 2032 981 risu,

395 1013 862 1084 dispensatorem
912 1010 1112 1068 Ueesar
1133 1007 1380 1073 vocavit,
1416 1007 1476 1062 et
1497 1006 1777 1063 sestertia
1807 1003 2038 1060 centum

391 1103 570 1160 milia
596 1100 862 1158 Gracqu
875 1100 1184 1156 numerari
1199 1095 1406 1167 jussit.
1449 1127 1512 1136 -
1562 1095 1883 1150 Veteranus
1905 1093 2037 1164 qui-

395 1191 532 1247 dam
546 1205 674 1247 cum
689 1191 786 1246 die
799 1191 860 1246 in
869 1188 931 1244 di
943 1207 951 1216 '
969 1188 1024 1243 to
1037 1187 1089 1244 si
1098 1186 1155 1243 bi
1167 1200 1373 1255 respon
1381 1183 1594 1252 dendij
1599 1181 1729 1238 uris
1730 1181 2039 1253 periclita-

393 1280 580 1335 retur.
609 1278 858 1335 accessit
887 1277 953 1333 in
966 1275 1202 1347 publico
1216 1275 1297 1330 ad
1333 1274 1644 1339 Casarem,
1685 1269 2039 1340 rogavitque

393 1368 468 1424 ut
488 1365 607 1425 sibi
645 1365 896 1422 adesset.
932 1363 1050 1421 Ille
1068 1363 1414 1420 advocatum
1453 1374 1625 1430 quem
1651 1372 1726 1415 ea
1755 1356 2040 1414 comitatu

395 1470 500 1513 suo
516 1454 848 1526 eligendum
862 1453 1206 1524 putacerat,
1224 1451 1356 1507 sine
1376 1463 1538 1505 mora
1560 1448 1742 1515 dedit,
1760 1460 2041 1504 commen-

398 1544 682 1615 davitque
694 1543 746 1598 ei
770 1541 1155 1609 litigatorem.
1177 1539 1511 1596 Exclamat)
1529 1538 1568 1592 't
1599 1536 1833 1608 ingenti
1845 1534 1889 1568 ⁸⁴
1908 1548 2042 1591 voce

395 1633 715 1688 veteranus
740 1649 752 1684 :
781 1629 1044 1686 «Atnon
1084 1642 1206 1698 ego,
1244 1628 1462 1695 Casar,
1487 1627 1540 1681 te
1573 1624 1959 1696 periclitante
1976 1625 2042 1681 in

396 1722 637 1778 Actiaco
653 1719 800 1776 bello
818 1717 1115 1774 sicarium
1129 1717 1401 1787 quasivi,
1419 1715 1631 1784 sedpro
1647 1715 1699 1770 te
1701 1714 1998 1784 pugnavi;
2011 1735 2037 1760 ι

1367 311 1847 382 CHRONICON
1889 309 1961 373 S.
2006 306 2373 373 HUBERTI
2414 306 2807 372 ANDAGIN.

392 477 776 540 sitGraculo.
792 476 911 536 Ille
923 474 1164 547 legendo
1177 473 1429 532 laudare
1441 473 1499 530 et
1525 470 1747 529 mirari
1769 470 1888 526 tam
1899 480 2036 526 voce

2211 445 2616 547 {facere

3653 303 3802 370 1404

2711 441 2820 501 imi
2849 453 2974 501 esse
2996 451 3192 498 omnes
3217 439 3382 498 omni
3407 439 3670 513 tempore

2219 511 2532 573 Sum’mum
2561 511 2650 574 ad
2665 515 2929 586 gradum
2957 527 3086 572 cum
3114 513 3427 586 claritatis
3453 511 3720 586 ueneris,

2225 587 2524 644 C’onsistes
2544 582 2714 657 agre,
2746 587 2803 642 et
2821 585 3004 643 citius
3024 599 3204 657 quam
3227 583 3552 657 dessendas
3576 582 3806 657 decide:

2223 658 2426 714 Occidi
2447 671 2569 726 ego,
2587 653 2770 714 cadet
2791 657 2899 726 qui
2918 653 3216 724 sequitur,
3249 655 3384 726 laus
3414 655 3509 726 est
3527 653 3800 726 publica.

2215 729 2581 830 gens/icium
2616 727 2814 830 da’ndo
2841 726 3075 830 accipit
3230 725 3409 830 dig’no
3439 725 3636 830 dedit.

2217 795 2422 870 Feras,
2455 813 2573 855 non
2601 800 2818 870 culpes,
2847 795 3076 853 mutari
3089 795 3152 870 3"
3181 795 3340 870 quod
3367 809 3484 870 non
3503 795 3731 870 potest.

2223 869 2338 942 Qui
2348 872 2494 942 plus
2516 867 2857 942 licetq’uam
2871 883 2987 942 par
3009 868 3117 938 est,
3128 867 3274 942 plus
3294 867 3428 942 vult
3443 881 3633 942 quam
3655 867 3807 924 licet.

2223 938 2420 1012 Com—es
2433 941 2750 1012 facundus
2778 941 2844 995 in
2871 938 2976 1012 pia
2991 953 3105 1010 pro
3129 938 3390 1012 reticulo
3415 938 3522 1012 est.

2218 1007 2575 1082 Frugalitas
2603 1011 2854 1068 miseria
2885 1011 2974 1082 est
2991 1007 3276 1082 rumoris
3293 1007 3447 1065 boni.

2216 1079 2474 1140 Her-edis
2502 1082 2546 1154 ν
2570 1153 2573 1154 ν
2586 1083 2773 1154 fletus
2801 1081 2909 1154 sub
2933 1095 3201 1154 persona
3215 1079 3385 1154 risus
3414 1079 3522 1136 est.

2219 1154 2412 1212 Furor
2438 1153 2526 1224 ﬁt
2550 1151 2693 1211 laesa
2720 1151 2947 1224 sapius
2964 1151 3292 1220 patientia.

2840 1223 3109 1280 Improbe

2876 1236 3109 1279 ῖηυνοοθ

2218 1294 2556 1365 Neptunum
2602 1237 3273 1365 accusatnzli'izooiterum
3317 1290 3363 1326 "
3407 1289 3819 1434 ηαῗῧέιέξὲω

2219 1434 2493 1492 Nimium
2522 1434 2869 1493 altercando
2896 1433 3124 1491 peritas
3153 1432 3490 1490 amittitur.

2228 1507 2388 1562 Pars
2420 1506 2687 1564 beneficii
2717 1507 2810 1578 est
2833 1505 2992 1578 quod
3013 1504 3244 1578 petitur
3271 1505 3470 1578 sicito
3489 1515 3701 1578 neges:

2227 1578 2330 1634 Ita
2349 1579 2609 1635 amicum
2629 1573 2859 1634 habeasT
2870 1573 3039 1648 posse
3063 1575 3139 1632 ut
3150 1576 3299 1646 fieri
3319 1573 3817 1648 inimicumbunc

3513 1643 3741 1715 ΙΡτιΐεε-

2242 1718 2494 1775 Veterem
2511 1717 2772 1790 ferendo
2795 1716 3092 1790 injuriam
3102 1715 3335 1790 incites
3351 1729 3590 1790 noram.

395 1808 738 1879 detexitque
773 1808 1096 1876 impressas
1117 1805 1446 1872 cicatrices,
1473 1803 1532 1859 et
1549 1802 1788 1858 erubuit
1820 1801 2037 1870 (laser,

2419 1787 2921 1879 ῗὲἔιῖηὲθῖῗέξιῖἶίὲ
2937 1789 3090 1879 ἓξὲξ.
3101 1787 3368 1879 ἒῖῧέἒθέίζ
3385 1787 3670 1879 Ξξξίιίῖἔῖ

396 1897 672 1967 renitque
717 1897 780 1951 in
821 1895 1288 1960 advocationem,
1331 1892 1404 1948 ut
1437 1891 1545 1962 qui
1582 1890 1896 1947 uerebatur
1929 1903 2047 1946 non

396 1985 629 2041 tantum
647 1983 936 2054 superbus
955 1982 1061 2040 sed
1082 1982 1258 2038 etiam
1274 1981 1558 2051 ingratus
1578 1979 1774 2035 rideri
1800 1996 1814 2043 ;
1838 1977 1903 2033 in
1927 1991 2052 2034 ma-

393 2073 564 2130 :cima
582 2073 738 2130 enim
748 2071 1023 2144 potentia
1042 2072 1298 2128 minima
1333 2068 1567 2126 “debet
1607 2082 1732 2126 esse
1769 2066 2040 2131 licentia,

393 2161 543 2232 quia
566 2162 725 2232 quod
743 2161 908 2232 apud
925 2161 1182 2217 minores
1199 2159 1518 2230 reputatur
1516 2171 1632 2230 pro
1653 2155 2045 2228 negligentia,

394 2251 557 2322 apud
573 2251 838 2320 potentes
860 2245 1521 2320 babeturprosuperbia
1555 2277 1618 2285 —
1643 2245 1870 2312 (MACR.,
1890 2259 1950 2313 η,
1967 2245 2046 2314 7.)

397 2338 712 2396 Laberium
759 2337 1056 2407 quendam
1095 2349 1321 2406 aspera
1369 2334 1672 2392 libertatis
1719 2335 2048 2390 Romanum

397 2427 654 2484 militem
673 2425 874 2482 Casar
895 2425 1246 2496 quingentis
1263 2423 1512 2480 milibus
1525 2421 1814 2478 incitavit
1832 2421 1902 2476 ut
1909 2434 2050 2492 pro-

399 2523 637 2580 diretin
657 2536 893 2580 scenam
920 2520 966 2554 ⁸⁶
1005 2521 1061 2578 et
1098 2522 1302 2592 ageret
1347 2521 1555 2576 mimos
1575 2517 1620 2552 ⁸⁷
1659 2531 1808 2589 quos
1841 2517 2048 2575 contra

397 2611 556 2669 alios
573 2611 972 2682 scriptitando
987 2609 1302 2667 deeotabat
1317 2608 1379 2663 ⁸⁸.
1407 2608 1532 2666 Sed
1544 2609 1804 2679 potestas
1825 2621 1942 2663 non
1961 2619 2048 2664 so-

399 2697 522 2754 lum
543 2698 599 2754 si
620 2697 859 2764 incitet,
901 2697 1006 2754 sed
1025 2697 1206 2753 etiam
1229 2698 1285 2753 si
1325 2696 1636 2766 supplicet.
1661 2695 1858 2764 cogit;
1891 2693 2050 2750 unde

397 2777 454 2834 et
478 2777 766 2834 Laberius
795 2792 833 2833 a
865 2779 1100 2835 Uasare
1127 2790 1190 2834 se
1219 2776 1484 2834 coactum
1519 2776 1768 2833 testatus
1789 2773 1834 2807 ”
1853 2775 1942 2832 sic
1959 2788 2048 2830 re-

395 2865 664 2937 spondit:
696 2887 721 2915 α
741 2865 1077 2924 Necessitas
1098 2867 1274 2935 cujus
1293 2877 1502 2920 cursus
1521 2862 1849 2920 transversi
1871 2863 2049 2933 impe-

399 2954 525 3010 tum
536 2969 602 3010 vo
610 2955 850 3010 luerunt
858 2955 1037 3010 multi
1051 2967 1079 3009 e
1072 2953 1326 3025 fugere,
1329 2953 1512 3022 pauci
1511 2952 1620 3022 pot
1631 2951 1854 3006 uerunt.
1870 2951 2050 3016 Quem

397 3042 570 3100 nulla
586 3041 854 3112 ambitio,
873 3041 1046 3098 nulla
1063 3055 1330 3113 unquam
1346 3038 1594 3110 largitio
1611 3053 1839 3095 movere
1851 3037 2055 3110 potuit

398 3131 466 3189 in
472 3133 509 3203 j
513 3131 728 3188 ucenta
746 3132 817 3186 de
831 3131 923 3187 sta
932 3131 998 3187 tu
1007 3130 1052 3163 ⁰⁰
1065 3131 1186 3188 viri
1203 3129 1567 3196 excellentis,
1580 3128 1771 3185 mente
1787 3128 2051 3185 demente

398 3220 633 3278 concita
656 3219 686 3276 b
700 3221 748 3278 is
769 3220 1022 3289 trigenis
1044 3221 1223 3276 annis
1244 3217 1397 3275 artis
1417 3219 1548 3274 sine
1567 3217 1708 3274 nota
1728 3218 1903 3274 lio/tie
1915 3216 2050 3289 for-

401 3309 547 3365 tuna
569 3307 961 3365 immoderata
981 3307 1044 3362 in
1064 3305 1202 3362 bona
1215 3307 1397 3375 atque
1411 3307 1564 3362 malo
1569 3305 1754 3376 floris
1773 3318 2052 3362 cacumen

399 3396 616 3452 nostra
619 3396 813 3468 fama
815 3395 1136 3466 frangere,
1154 3392 1582 3454 etsatisfacere
1592 3397 1806 3463 populo
1825 3406 1942 3449 non
1960 3405 2052 3448 me

403 3483 610 3540 deicit.
639 3483 744 3538 ‘Ita
766 3495 858 3538 me
876 3481 1142 3538 vetustas
1168 3495 1459 3537 annorum
1479 3481 1550 3536 ut
1567 3481 1788 3538 hedera
1815 3494 2052 3552 serpens

399 3570 559 3628 cires
581 3569 859 3628 arboreas
880 3569 1069 3626 necat.
1089 3591 1114 3616 ι
1137 3571 1210 3626 In
1228 3569 1363 3641 ipsa
1385 3569 1584 3626 autem
1603 3571 1835 3627 actione
1853 3569 2053 3627 subin-

401 3659 474 3716 de
493 3673 608 3729 quo
615 3659 860 3730 poterat
875 3657 1088 3714 habitu
1103 3658 1264 3715 velut
1267 3659 1498 3730 ﬂagris
1513 3672 1694 3716 casus
1707 3658 2054 3730 praeripien-

403 3748 569 3819 tique
603 3761 667 3806 se
695 3747 739 3780 οι
764 3748 992 3806 similis
1031 3747 1408 3805 erc'amabat
1444 3761 1620 3820 super
1657 3747 1898 3804 inducto
1935 3746 2055 3804 sibi

401 3836 886 3908 quodamjueene
903 3838 1061 3907 Syro
1082 3837 1317 3894 nomine
1340 3835 1556 3894 Publio
1577 3855 1596 3892 :
1623 3859 1647 3884 α
1673 3836 1879 3902 Porro,
1917 3835 2056 3901 Qui-

399 3926 571 3996 rites,
602 3924 830 3998 inquit,
865 3923 1201 3984 libertatem
1225 3925 1550 3996 perdimus,
1574 3947 1600 3974 η
1637 3925 1696 3981 et
1714 3925 1900 3996 paulo
1927 3923 2062 3994 post

399 4014 675 4084 protenso
717 4013 913 4084 digito
942 4013 1080 4069 ante
1127 4014 1421 4070 Caesarem
1469 4013 1808 4070 discurrens
1835 4011 2058 4069 adicie-

407 4101 536 4159 bat:
555 4124 579 4150 α
597 4102 842 4158 Necesse
854 4101 1169 4160 estmnltos
1181 4101 1569 4172 timeatquem
1587 4100 1766 4157 multi
1781 4099 2008 4156 timent.
2024 4121 2051 4150 η

411 4199 532 4266 Quo
559 4198 717 4256 dicto
739 4201 1009 4256 universi
1029 4201 1224 4256 oculos
1245 4199 1303 4255 et
1319 4213 1425 4256 ora
1447 4198 1528 4255 ad
1545 4197 1734 4255 solum
1767 4197 2061 4256 Caesarem

406 4295 769 4364 convertunt,
799 4296 1074 4353 notantes
1103 4295 1514 4366 impotentiam
1540 4297 1672 4366 ejus
1700 4294 1814 4352 liae
1841 4295 2060 4352 dicaci-

407 4384 531 4442 tate
553 4384 757 4456 lapidx
767 4385 910 4442 tam.
946 4385 1148 4442 C'eesar
1169 4384 1366 4440 tamen
1369 4384 1653 4454 furorem
1673 4383 1738 4440 in
1753 4381 2061 4454 publicum

2232 1861 2412 1918 Nihil
2418 1862 2615 1932 magis
2630 1859 2768 1916 duci
2781 1860 3090 1916 convenire
3100 1871 3286 1930 quam
3297 1857 3368 1915 de
3379 1857 3820 1998 omniblutzzgi-

3741 1970 3756 1982 .
3785 1947 3815 1979 ὓ

3741 1947 3815 1982 ,ὓ

2229 2023 2316 2076 63.
2368 2019 2516 2088 (75.)
2547 2018 2670 2075 Illis
2707 2021 2764 2074 et
2811 2015 3140 2089 hujusmodi
3192 2014 3421 2074 salibus
3462 2014 3650 2072 abbas
3700 2016 3816 2086 jam

2162 2107 2402 2184 pronior
2425 2107 2496 2164 ad
2519 2107 2767 2176 gratiam
2793 2106 2998 2176 factus,
3025 2104 3332 2176 requisivit
3357 2104 3655 2161 secretius
3687 2119 3814 2176 quae

2163 2195 2336 2254 fuerit
2369 2210 2543 2253 causa
2571 2210 2772 2252 eorum
2807 2193 2878 2250 ad
2912 2209 2976 2250 se
3014 2194 3320 2251 adventus.
3354 2194 3426 2249 At
3461 2191 3546 2248 illi
3580 2207 3816 2264 aperue-

2161 2291 2295 2343 runt
2321 2285 2472 2356 quod
2501 2284 2789 2342 habebant
2811 2285 2866 2340 in
2897 2282 3188 2340 mandatis
3209 2281 3520 2339 consilium
3553 2281 3814 2354 episcopi

2158 2373 2420 2444 etducis,
2437 2371 2966 2444 expostulationem
2988 2383 3218 2442 quoque
3235 2368 3509 2426 ecclesia}
3529 2369 3687 2425 beati
3709 2371 3818 2426 Hu-

2160 2463 2311 2520 berti
2340 2477 2444 2533 pro
2469 2460 2784 2518 mutuanda
2817 2460 2928 2516 sibi
2963 2457 3218 2515 ecclesia
3253 2457 3678 2516 Caviniasensi.
3711 2459 3814 2514 Re

2159 2551 2428 2623 quirente
2460 2563 2598 2605 vero
2647 2547 2860 2604 abbate
2913 2561 3082 2618 quam
3135 2545 3611 2602 vicissitudinem
3645 2547 3813 2616 hujus

2159 2638 2502 2696 mutationis
2529 2637 2886 2707 conferrent,
2917 2635 3347 2707 responderunt
3381 2634 3466 2691 illi
3501 2634 3808 2692 ecclesiam

2159 2727 2430 2784 videlicet
2460 2726 2861 2782 Mclsinensem
2896 2723 3044 2795 (141)
3095 2739 3225 2782 cum
3259 2738 3376 2780 uno
3409 2739 3620 2782 manso
3643 2730 3811 2782 terra;

2160 2817 2216 2872 in
2244 2815 2494 2874 conﬁnio
2539 2814 2826 2884 Vilantiaa,
2859 2828 2988 2884 quae
3021 2827 3126 2884 pro
3158 2813 3277 2870 situ
3328 2812 3651 2884 positionis
3683 2817 3804 2870 erat

2157 2903 2515 2962 commodior
2543 2902 2812 2959 ecclesiae
2843 2901 3162 2958 Prumiensi
3189 2899 3358 2970 (142),
3385 2901 3543 2958 sicut
3567 2907 3630 2956 et
3655 2900 3816 2958 Cavi-

2160 2991 2449 3049 niacensis
2489 2991 2636 3046 foret
2665 2989 2868 3046 utilior
2889 2989 3160 3046 ecclesiae
3175 2987 3330 3044 beati
3345 2989 3620 3045 Huberti.
3647 2987 3820 3055 Quaa-

2158 3080 2367 3138 stionis
2389 3079 2560 3150 hujus
2582 3077 2878 3148 negotium
2902 3092 3033 3135 cum
3057 3075 3360 3136 retulisset
3395 3077 3581 3134 abbas
3613 3077 3689 3134 ad
3722 3091 3815 3134 au-

2081 3152 2130 3214 (ἶ
2160 3169 2435 3226 dientiam
2469 3173 2530 3224 et
2577 3165 2887 3224 consilium
2942 3166 3208 3234 fratrum,
3258 3166 3554 3223 communi
3606 3180 3809 3224 eorum

2161 3257 2450 3315 sententia
2476 3255 2741 3312 decrevit
2773 3254 2928 3326 quod
2951 3253 3328 3324 quaerebatur
3347 3254 3812 3312 concedendum.

2159 3349 2230 3402 Ut
2263 3361 2405 3416 ergo
2440 3345 2520 3400 rei
2546 3343 2889 3400 diﬁlnitione
2920 3342 3139 3413 legatio
3163 3347 3288 3398 rata
3317 3347 3654 3414 constaret,
3689 3357 3816 3400 con-

2162 3435 2316 3492 dicta
2349 3438 2440 3490 est
2474 3433 2600 3490 dies
2630 3448 2740 3504 qua
2765 3431 3072 3502 utriusque
3095 3430 3360 3488 ecclesiae
3405 3432 3664 3489 abbates
3689 3446 3812 3488 cum

2163 3523 2466 3581 advocatis
2486 3521 2608 3578 suis
2621 3521 2692 3577 ad
2720 3536 2845 3578 eam
2863 3519 3364 3577 detorminandam
3385 3525 3444 3576 et
3470 3520 3814 3578 conﬁrman-

2162 3613 2290 3670 dam
2316 3611 2718 3668 convenirent.
2756 3611 2985 3666 Statuta
3020 3609 3116 3666 die
3147 3609 3264 3666 dux
3290 3609 3652 3668 Godet‘ridus
3691 3623 3812 3666 cum

2162 3700 2515 3757 Theoderico
2537 3699 2748 3756 abbate
2778 3699 3070 3754 Prumiam
3102 3697 3284 3768 venit,
3325 3703 3388 3754 et
3427 3704 3718 3756 evocatus
3747 3698 3812 3754 ab

2164 3788 2376 3847 abbate
2436 3786 2770 3844 Wult‘ranno
2811 3800 3007 3842 comes
3067 3785 3557 3859 Bertoldusuba)
3582 3786 3808 3851 adfuit;

2167 3877 2368 3947 sicque
2401 3875 2456 3932 in
2484 3873 2713 3947 publica
2751 3874 3079 3945 praesentia,
3101 3878 3159 3930 et
3191 3873 3483 3930 communi
3528 3887 3809 3932 consensu

2169 3967 2435 4034 fratrum,
2471 3962 2783 4020 multorum
2817 3976 3053 4034 quoque
3083 3962 3248 4032 regni
3298 3963 3654 4034 optimatum
3692 3977 3810 4020 cum

2170 4053 2465 4126 praedictis
2494 4051 2856 4124 principibus
2885 4049 3294 4120 collectorum,
3319 4051 3603 4108 traducta
3661 4050 3706 4085 ³⁸
3759 4057 3809 4107 et

2169 4141 2518 4198 manumissa
2543 4140 2642 4198 sed
2671 4145 2731 4196 et
2761 4138 3121 4210 adstipulata
3151 4145 3242 4196 est
3272 4137 3547 4209 legaliter
3575 4155 3687 4212 per
3707 4153 3811 4195 ma-

2170 4246 2280 4288 nus
2309 4230 2584 4287 abbatum
2607 4234 2668 4286 et
2695 4229 3114 4286 advocatorum
3140 4227 3577 4286 conditiointer
3610 4231 3816 4286 utram-

2172 4334 2284 4392 que
2312 4319 2618 4392 ecclesiam
2647 4316 3459 4392 przedictaecommutationis,
3484 4331 3643 4374 anno
3664 4319 3810 4392 1983.

2241 4393 2336 4446 64.
2384 4391 2522 4459 (76.)
2593 4387 2856 4459 Begerus
2907 4387 3299 4458 Maceriensis,
3351 4387 3590 4444 vivente
3639 4389 3815 4444 adhuc

405 4473 1176 4546 oertitfacorem,patmam
1191 4471 1408 4569 Publio
1425 4471 1790 4528 etannulum
1811 4484 2062 4528 aureum
2090 4507 2143 4569 D
2173 4477 2766 4569 domrnoq'l‘heoderico
2799 4477 3013 4533 abbate
3065 4476 3305 4547 majore,
3359 4490 3664 4534 consensu
3722 4475 3814 4569 ﬁlii

409 4571 638 4629 donans
676 4569 948 4628 Laberio.
997 4570 1156 4626 Tunc
1184 4567 1441 4628 Publius
1468 4569 1550 4625 ad
1575 4568 1891 4625 Laberium
1907 4584 2062 4628 rece-

408 4660 642 4716 dentem
667 4660 801 4717 ait:
829 4681 855 4709 α
881 4659 1132 4724 Quicum
1151 4657 1196 4690 θ’
1216 4656 1573 4716 contendisti
1599 4658 1874 4728 scriptor,
1906 4659 2064 4718 nunc

407 4747 704 4820 spectator
738 4745 1006 4804 subleca.
1045 4765 1075 4799 »
1104 4745 1230 4804 Sed
1257 4744 1549 4803 Laberius
1576 4759 1721 4802 novo
1748 4746 1927 4802 mimo
1957 4747 2064 4805 nos

409 4849 615 4895 versus
641 4833 900 4908 subjecit
923 4856 942 4892 .-

2174 4565 2582 4626 suiGodet‘ridi
2634 4565 2952 4621 donaverat
2994 4565 3166 4621 beato
3223 4565 3489 4621 Huberto
3541 4561 3812 4636 quicquid

2171 4655 2422 4713 habebat
2455 4654 2511 4710 in
2543 4653 2836 4722 Chevugio
2869 4667 2976 4725 pro
3023 4651 3287 4709 habenda
3345 4651 3502 4724 apud
3553 4667 3693 4710 eum
3739 4666 3818 4709 se~

2170 4746 2406 4818 pultura
2485 4741 2824 4811 animat-qum
2887 4755 3008 4798 sute
3059 4741 3480 4812 consequendo
3536 4741 3811 4798 remedio.

2172 4837 2314 4892 Post
2345 4828 2790 4903 quadriennium
2821 4827 2996 4900 hujus
3027 4827 3390 4898 donationis,
3423 4829 3662 4900 Rogero
3709 4829 3812 4901 jam

1761 4930 1998 4988 VARLE
2055 4928 2462 4990 LECTIONES.

479 5021 525 5055 ⁸⁸
552 5019 793 5092 verbum
823 5020 930 5079 liae
958 5033 988 5078 e
1015 5019 1318 5092 Macrobio
1336 5019 1636 5092 suppleci.

419 5095 499 5148 t‘.
617 5091 664 5128 ”
692 5091 910 5152 addidi
937 5105 1014 5150 ea:
1041 5091 1368 5150 Macrobio.

411 5162 458 5196 "
485 5162 591 5230 Qui
619 5167 678 5221 2.
797 5162 844 5198 ’³
872 5179 984 5221 non
1018 5179 1091 5220 m.
1127 5165 1206 5220 1'.
1285 5162 1330 5196 “
1360 5162 1624 5220 Heroclis
1655 5164 1730 5218 1‘.

1754 5017 1801 5054 ³⁸
1829 5019 2001 5054 nimia
2032 5023 2088 5054 ΑΙ*

1495 5027 1636 5076 levi.
1754 5027 1801 5054 "
1829 5027 2003 5078 nimia
2032 5027 2116 5078 1".
2232 5027 2278 5053 "
2309 5027 2582 5089 proueret
2624 5029 2898 5074 mscenan

1486 5091 1532 5125 oo
1550 5093 2054 5216 iqurstseq‘uuntur
2080 5090 2394 5195 adptodgm
2437 5087 2720 5168 corrupta
2743 5087 2898 5146 sunt.

1486 5178 1545 5220 oc
1573 5177 1624 5219 ιε
1655 5167 1678 5218 1
1717 5203 1730 5218 .
1883 5168 2083 5220 virum
2116 5165 2142 5220 1
2184 5205 2199 5218 .
2351 5173 2435 5218 an
2466 5158 2728 5215 tradita?

1883 5177 2083 5220 Vll'llm
2116 5177 2199 5220 ‘l'.

2232 5017 2278 5053 ⁸⁸
2309 5017 2582 5089 proderet
2624 5015 2920 5074 niseenam
2955 5016 3038 5072 1‘.
3074 5011 3121 5048 ⁸⁷
3151 5029 3418 5072 nummos
3452 5015 3534 5072 1‘.
3661 5015 3708 5051 ⁸⁸
3732 5013 3816 5072 ita

2232 5090 2388 5121 ,λειω
2438 5087 2715 5121 Αωςηηέη
2749 5087 2890 5121 ..ιιιύ
3011 5083 3056 5121 ﬂ
3091 5086 3358 5121 cumini
3391 5099 3420 5121 ι
3489 5085 3783 5121 uanam

2280 5085 2728 5218 ἱκέτῃσί)ἔῶῗὲξῖ
2743 5087 2898 5146 sunt.
3011 5085 3056 5121 "
3084 5086 3361 5158 suppleci
3389 5099 3420 5143 e
3475 5085 3808 5146 Haerebis.

2001 5249 2224 5308 NOTAE.

487 5351 634 5422 (140)
665 5353 862 5408 Graeca
902 5349 1179 5408 Macrobii
1210 5363 1325 5407 non
1361 5350 1507 5406 bene
1544 5347 1755 5417 vertit;
1795 5349 1875 5406 ibi
1915 5349 2069 5406 enim

415 5427 634 5513 legitur
664 5429 902 5513 :Eﬁfn'?
931 5431 1029 5513 στξξ
1061 5427 1232 5501 τύχην

515 5503 636 5572 141)
669 5501 950 5558 Maissin.
983 5502 1048 5558 Β.

519 5574 640 5644 142)
669 5569 921 5644 Vitantia
949 5572 1123 5644 enim,
1157 5585 1285 5644 qua
1303 5569 1504 5644 tribus
1527 5569 1650 5644 fere
1672 5567 1935 5644 millibus
1956 5569 2064 5644 aAS.

2251 5355 2399 5426 (143)
2431 5355 2510 5426 De
2537 5351 2800 5426 HamLad
2832 5349 2888 5426 tl.
2923 5349 3234 5426 Pru_miam_,
3287 5349 3624 5426 advpcatus
3660 5350 3803 5426 Eccl.

2175 5421 2650 5487 Prumiensisw.
2690 5421 2994 5478 Hontheim
3029 5422 3356 5478 Hist.Trev.
3392 5422 3436 5492 Ι,
3463 5427 3593 5479 479.
3629 5423 3734 5480 Sed
3755 5421 3807 5492 in

2177 5496 2461 5569 temporis
2475 5494 2891 5569 designatione
2923 5493 3192 5569 mendum
3225 5491 3698 5569 latere’oportet,
3715 5491 3808 5548 nisi

2179 5563 2318 5626 haec
2336 5567 2444 5625 sub
2473 5563 2830 5622 Theoderico
2861 5563 3030 5620 laeta
3055 5563 3246 5635 luisse
3279 5563 3489 5635 dicas,
3511 5564 3669 5635 quod
3699 5577 3809 5635 pro-

421 5632 684 5700 Huber'to
733 5639 937 5707 distat,
990 5632 1432 5698 Pru'miensibus
1486 5640 1773 5713 parebat;
1818 5655 1881 5698 v.
1921 5639 2070 5697 intra
2181 5635 2684 5713 bata.1_0_83,lin.
2723 5637 2813 5705 55,
2845 5647 2976 5713 cum
3007 5632 3404 5692 Theodericus
3455 5635 3478 5691 Ι
3531 5632 3807 5694 anuo'de-

415 5726 448 5770 c
477 5717 564 5772 99.

2181 5723 2336 5768 mum
2366 5710 2504 5766 1087
2526 5703 2807 5766 mortuus
2825 5703 2929 5762 sit.
