3968 6326
331 355 485 420 14οἾ

1324 338 1803 410 CHRONICON
1847 337 1914 402 S.
1961 333 2322 403 HUBERTi
2364 337 2752 404 ANDAGIN.

3591 335 3750 402 M08

329 511 438 568 bus
483 513 716 583 Poterat
765 507 1238 581 expeditionibus
1286 507 1599 563 Romanam
1654 499 1967 560 θοοὶθδίθω
1997 472 2053 534 Α
2084 511 2426 581 misiniuste
2445 525 2509 567 se
2525 510 2903 582 prmgravari,
2923 510 3049 570 sine
3065 509 3288 580 iudicio
3305 509 3605 580 Justitiam
3627 511 3752 566 vi0'

325 601 810 673 persequebatur.
847 599 1101 654 Obsessa
1132 597 1282 653 enim
1306 602 1363 652 et
1388 600 1556 667 capta
1580 595 1734 650 Urbe
1757 593 1970 659 Grego-

328 689 476 746 rium
504 702 706 760 papam
733 689 1051 757 fugaverat,
1075 700 1258 756 eoque
1283 683 1600 756 superstite
1629 681 1969 736 Guibertum

325 780 714 836 Ravennatem
749 776 877 833 loco
909 777 1036 844 ejus
1069 776 1477 842 substituerat,
1509 772 1606 843 qui
1629 777 1690 826 et
1713 769 1970 842 ipseiam

329 867 424 924 diu
448 865 985 923 exeommunieatus
1005 864 1200 920 sedem
1223 863 1602 936 apostolicam
1625 858 1970 915 temerarius

329 955 602 1011 invadere
631 959 1100 1026 przesumpserat.
1127 955 1452 1010 Decedentc
1475 955 1666 1006 autem
1691 947 1970 1017 Gregorio

327 1045 480 1115 apud
540 1046 952 1113 Beneventum,
1008 1041 1335 1099 cardinales
1387 1042 1656 1098 Romanae
1703 1037 1969 1092 ecclesiae

325 1134 579 1189 Odonem
607 1133 967 1189 Hosticnsem
1001 1135 1360 1204 episcopum,
1391 1130 1618 1184 civibus
1646 1125 1970 1194 religiosio-

325 1224 490 1278 ribus
535 1222 1061 1292 consentientibus,
1117 1236 1220 1293 pro
1261 1235 1330 1276 eo
1371 1221 1423 1274 in
1459 1217 1594 1272 sedc
1647 1213 1966 1286 apostolica

324 1313 759 1368 substituerunt
794 1312 963 1381 (151),
1009 1325 1176 1381 quem
1227 1310 1362 1366 olim
1413 1309 1750 1362 Ilemensem
1801 1303 1969 1359 cleri-

321 1416 450 1457 cum
483 1406 542 1456 et
573 1406 771 1472 postea
816 1401 1253 1456 Cluniacenscm
1295 1396 1632 1453 monachum
1673 1395 1966 1450 Urbanum

329 1503 530 1560 papam
570 1489 795 1546 censeri
835 1489 1266 1557 iudicaverunt.
1305 1487 1395 1541 Sic
1429 1483 1758 1540 sacerdotio
1789 1490 1848 1538 et
1883 1496 1967 1537 re-

326 1593 439 1647 gno
471 1578 816 1640 dissidente,
861 1576 999 1634 licet
1039 1576 1392 1646 generaliter
1423 1575 1478 1630 in
1513 1572 1725 1630 mundo
1765 1575 1965 1628 sancta

323 1664 564 1722 ecclesia
615 1666 1070 1737 periclitaretur,
1111 1665 1426 1738 specialius
1477 1668 1666 1718 tamen
1720 1659 1966 1716 Henrico

321 1755 629 1812 insistente
656 1756 999 1825 vexabatur,
1033 1756 1164 1811 dum
1194 1754 1500 1826 pontifices
1525 1749 1848 1822 postposita
1877 1749 1966 1816 ju-

2081 600 2271 658 lenter
2303 600 2573 671 opprimi,
2609 599 2860 683 divinam
2893 601 3125 672 quidem
3157 599 3248 656 vel
3279 599 3746 672 dispositionem

2080 691 2172 747 vel
2193 689 2635 762 permissionem
2653 688 2880 761 placere
2895 689 3028 758 sibi,
3045 688 3196 745 velle
3210 693 3400 744 tamen
3420 690 3493 744 ab
3510 689 3601 745 eis
3613 703 3752 746 cen-

2081 779 2214 848 seri,
2242 778 2401 835 sisic
2427 783 2754 834 mereretur
2783 777 3046 834 tractari.
3079 775 3594 834 Succlamantibus
3618 777 3750 848 qui-

2081 869 2308 938 busque
2329 867 2518 924 ethoc
2544 867 2712 923 nimis
2744 865 3088 936 iniuriosum
3119 880 3270 933 esse,
3305 880 3414 922 nec
3448 865 3569 922 tale
3603 865 3747 937 quid

2080 957 2241 1014 illum
2257 957 2374 1029 pati
2393 957 2627 1026 debere,
2640 971 2732 1012 res
2742 955 2941 1024 pandit
2960 956 3219 1011 Obertus
3235 955 3291 1011 id
3308 955 3497 1027 ipsum
3512 970 3580 1013 se
3593 957 3748 1013 bene

2079 1060 2522 1115 recognoscere,
2564 1045 2663 1102 sed
2701 1050 3056 1116 praeceptum
3091 1043 3304 1100 domini
3335 1043 3424 1100 sui
3458 1059 3572 1100 non
3605 1058 3746 1100 esse

2080 1134 2547 1206 praetereundum
2571 1135 2703 1201 sibi,
2731 1133 2885 1205 quod
2911 1133 3279 1202 siiejustum
3304 1132 3432 1189 sive
3455 1133 3745 1205 iniustum

2077 1225 2160 1280 illi
2181 1225 2482 1296 iuraverat
2506 1233 2930 1294 exequendum.
2961 1221 3044 1278 Ad
3067 1223 3192 1278 haec
3216 1223 3588 1292 Berengerus
3607 1237 3744 1280 con-

2077 1313 2324 1370 stantior
2359 1332 2372 1368 :
2404 1314 2556 1371 Sine
2588 1326 2804 1382 magno
2840 1310 3058 1380 dolore,
3093 1310 3300 1382 inquit,
3334 1311 3740 1381 relinquitur,

2074 1403 2236 1474 quod
2258 1417 2377 1460 non
2403 1415 2537 1460 cum
2561 1415 2778 1472 magno
2807 1413 3008 1458 amore
3027 1398 3387 1470 possidetur.
3422 1399 3518 1456 Sic
3548 1399 3744 1468 digre-

2077 1491 2241 1548 diens
2258 1491 2390 1548 tulit
2409 1505 2604 1547 secum
2627 1488 2896 1546 baculum
2913 1502 3083 1560 quem
3100 1487 3335 1544 tenebat
3352 1487 3738 1558 pastoralem,

2075 1580 2499 1637 attestantibus
2522 1579 2870 1650 quibusque,
2904 1577 3029 1648 ipso
3054 1590 3287 1648 quoque
3310 1576 3558 1645 Oberto,
3582 1576 3738 1632 hunc

2075 1668 2157 1724 illi
2185 1669 2342 1738 iuste
2372 1668 2718 1731 convenire;
2751 1671 2810 1723 et
2841 1665 3158 1736 assumptis
3200 1677 3398 1721 secum
3447 1664 3738 1722 fratribus

2078 1773 2224 1829 quos
2268 1755 2488 1828 placuit
2529 1756 2660 1824 sibi,
2703 1755 2945 1814 secessit
2977 1752 3050 1809 ad
3078 1751 3388 1810 ecclesiam
3431 1753 3594 1810 beati
3625 1753 3737 1810 Hu-

323 1843 484 1899 stitia
509 1844 617 1900 sibi
644 1845 924 1913 faventes,
957 1844 1048 1900 vel
1078 1844 1310 1900 Urbano
1338 1841 1752 1899 subtrahere-nt
1779 1835 1846 1870 ¹⁰⁸
1873 1837 1959 1892 vel
1995 1836 2046 1896 Β
2079 1845 2250 1914 horti,
2293 1859 2463 1916 quam
2508 1843 2678 1916 plane
2714 1843 3170 1914 recognoscebat
3203 1845 3446 1898 matrem
3486 1855 3736 1898 comet.

323 1932 485 1988 Glllbl
511 1937 602 1988 rto
627 1933 987 1990 attrahernnt
1019 1932 1102 1988 ¹⁰³.
1137 1933 1251 1990 Sub
1276 1931 1374 1988 tali
1402 1931 1759 1988 dissentiozie
1781 1931 1963 1989 eccle-

324 2021 560 2077 siastica
595 2021 905 2091 languente
933 2022 1180 2092 iustitia,
1219 2026 1432 2094 praeter
1463 2026 1656 2076 cetera
1682 2021 1962 2078 virtutum

321 2109 644 2181 dispendia,
701 2109 1012 2168 simoniaca
1065 2111 1305 2168 haeresis
1354 2110 1562 2181 passim
1618 2109 1959 2181 invaluerat,

320 2199 454 2254 dum
489 2198 657 2255 modo
689 2213 836 2269 quos
863 2199 1405 2254 excommunicabat
1436 2199 1700 2254 Urbanus
1728 2197 1966 2253 Guiber—

311 2291 410 2342 tus
439 2286 796 2355 absolveret,
827 2292 882 2342 et
919 2287 1180 2342 Guiberti
1207 2287 1541 2344 desertores
1563 2288 1827 2342 Urbanus
1849 2286 1966 2342 eol-

312 2373 540 2443 ligeret.
581 2377 800 2430 Interea
826 2373 1013 2430 adhuc
1039 2375 1361 2444 superstite
1389 2375 1634 2430 llcnrico
1666 2375 1958 2444 pontifice,

315 2462 569 2518 Obertus
621 2464 957 2518 morabatur
1007 2477 1138 2519 cum
1189 2463 1472 2534 principe,
1517 2468 1575 2518 et
1620 2463 1962 2519 honoratum

315 2566 510 2606 secum
549 2551 760 2608 delatis
793 2551 1148 2620 muneribus,
1183 2557 1355 2624 prout
1384 2555 1631 2622 poterat,
1668 2553 1961 2608 ambiebat

317 2639 614 2710 obsequiis
645 2646 700 2696 et
735 2640 1030 2697 favoribus
1074 2640 1322 2711 alicujus
1369 2641 1604 2697 honoris
1635 2641 1707 2697 ab
1738 2655 1807 2698 eo
1835 2642 1966 2698 abs'

318 2728 584 2784 trahendi
617 2729 896 2800 optentis.
1271 2747 1275 2752 ·

381 2820 472 2872 69.
507 2818 643 2888 (81.)
680 2818 844 2872 Anno
876 2821 1068 2872 autem
1099 2817 1272 2872 Verbi
1307 2815 1590 2872 incarnati
1623 2821 1751 2873 1091
1787 2817 1958 2887 (Mai.

313 2904 446 2975 31.),
499 2921 619 2963 suae
665 2920 804 2962 vero
846 2905 1237 2962 ordinationis
1267 2909 1350 2974 16,
1382 2905 1648 2962 dominus
1683 2908 1963 2966 llenrieus

312 2993 598 3050 hominem
629 2995 820 3060 exuit;
858 2993 910 3049 in
946 2994 1254 3066 dampnum
1295 2993 1496 3064 gloria)
1541 2996 1872 3052 Leodiensis
1901 3002 1957 3053 et

312 3082 561 3138 maximo
591 3082 898 3154 dispendio
929 3088 1148 3140 nostrae
1181 3097 1349 3154 quam
1383 3083 1698 3154 specialius
1725 3084 1957 3142 colebat

2077 1935 2254 1992 sionis
2284 1937 2344 1991 et
2377 1933 2759 2005 professionis
2793 1946 2935 1988 sum.
2971 1929 3051 1986 lbi
3082 1934 3389 2001 gratanter
3415 1933 3735 2002 exceptus,

2071 2039 2201 2081 cum
2236 2023 2454 2078 illatam
2493 2037 2603 2079 non
2638 2021 2826 2078 solum
2861 2019 2971 2076 sibi
3006 2018 3276 2088 iniuriam
3308 2018 3594 2088 referret,
3629 2019 3736 2075 sed

2071 2113 2244 2168 etiam
2268 2110 2534 2184 publicas
2551 2109 3050 2178 exordinationes,
3069 2122 3214 2180 quas
3230 2107 3490 2164 Obertus
3509 2113 3739 2164 temere

2069 2201 2403 2271 exercebat,
2428 2215 2558 2256 cum
2580 2197 2935 2254 Theoderico
2966 2197 3179 2253 abbate
3201 2201 3261 2252 et
3285 2194 3577 2252 fratribus
3599 2209 3734 2251 con-

2074 2290 2256 2345 ferret
2279 2319 2343 2329 -
2365 2289 2590 2346 scilicet
2615 2287 2764 2359 quod
2790 2286 2862 2343 de
2886 2299 3056 2342 manu
3077 2284 3576 2341 excommunicati
3609 2284 3734 2341 sine

2072 2377 2328 2447 legitima
2347 2377 2635 2434 electione
2656 2382 2716 2432 et
2741 2379 2909 2447 pacta
2935 2373 3178 2447 pecunia
3201 2373 3620 2446 episcopatum
3644 2388 3734 2430 ar-

2073 2467 2119 2522 ri
2130 2467 2374 2537 puisset,
2404 2465 2556 2536 quod
2579 2479 2642 2521 se
2663 2465 2748 2522 sic
2771 2463 2962 2534 eiecto
2985 2469 3046 2520 et
3068 2461 3436 2520 Guolbodoni
3459 2462 3736 2536 deposito

2067 2555 2356 2626 justitiam
2390 2553 2766 2626 prodidisset,
2803 2551 2958 2624 quod
2989 2551 3279 2609 abbatiam
3322 2551 3734 2609 Florinensem

2072 2643 2402 2701 Gisleberto
2434 2641 2794 2700 Hasteriensi
2827 2640 2977 2713 (152)
3012 2640 3328 2713 praposito
3354 2645 3419 2698 et
3451 2640 3736 2698 Bronien-

2073 2747 2190 2790 sem
2239 2731 2467 2789 cuidam
2515 2729 2910 2788 Guiremundo
2951 2732 3141 2798 sancti
3188 2728 3386 2786 Jacobi
3439 2729 3734 2786 monacho

2072 2826 2272 2878 taxato
2298 2819 2528 2892 publice
2549 2819 2742 2891 pretio
2765 2818 3147 2887 vendidisset,
3170 2817 3326 2888 quod
3349 2816 3649 2875 hactenus
3671 2816 3737 2874 li-

2072 2911 2267 2966 beram
2297 2915 2356 2964 et
2385 2908 2702 2978 gloriosam
2733 2911 2953 2965 saneta
2994 2905 3185 2963 Mariae
3225 2906 3542 2977 sanctique
3575 2907 3734 2962 Lam-

2071 2999 2220 3055 berti
2262 2996 2568 3056 ecclesiam
2611 2996 2698 3054 sic
2739 2996 3044 3054 infecisset
3071 3027 3142 3037 —
3174 2998 3396 3052 tantam
3438 3001 3732 3052 adversus

2069 3087 2346 3144 Obertum
2360 3086 2880 3145 suscitaviteorum
2893 3084 3374 3156 indignationem,
3392 3089 3460 3140 ut
3471 3098 3732 3142 commu-

309 3169 664 3226 solitudinis.
721 3170 894 3240 Cujus
925 3172 1020 3226 vix
1051 3173 1251 3228 audita
1293 3173 1547 3230 Obertus
1578 3178 1784 3242 morte,
1834 3173 1959 3230 sine
1988 3193 2038 3256 ο
2069 3175 2123 3231 ni
2153 3191 2445 3232 consensu
2469 3175 2635 3247 quasi
2657 3173 3158 3231 excommunicato
3191 3171 3589 3244 probabiliter
3617 3186 3731 3229 non

310 3259 599 3317 electione
633 3260 1034 3318 ecclesiastica
1068 3261 1139 3316 de
1172 3276 1340 3317 manu
1373 3262 1528 3327 regis
1557 3263 1957 3335 episcopatum

311 3349 580 3417 extorsit,
611 3364 740 3404 cum
767 3349 1032 3404 maximis
1057 3350 1241 3420 pactis
1267 3350 1540 3421 praemiis,
1566 3356 1756 3408 tamen
1782 3353 1957 3410 etiam

312 3435 651 3492 fidelitatem
672 3436 757 3492 illi
779 3436 998 3491 faciens
1019 3436 1854 3512 interpositioneiurisiurandi
1873 3440 1954 3497 ιω.

379 3529 465 3582 70.
503 3525 639 3596 (82.)
681 3522 1064 3580 Contulerant
1105 3539 1169 3580 se
1211 3524 1278 3580 ad
1323 3526 1586 3582 eumdem
1638 3529 1956 3600 principem

307 3615 420 3670 duo
446 3612 732 3684 quondam
761 3613 1252 3684 pseudoabbates,
1279 3615 1582 3672 Guolbodo
1605 3619 1790 3674 sancti
1820 3619 1957 3678 Lau-

313 3702 484 3758 rentii
517 3707 576 3758 et
609 3701 802 3773 Leupo
835 3701 1022 3758 sancti
1055 3701 1356 3773 Trudonis,
1395 3718 1541 3774 quos
1570 3707 1872 3765 convictos
1899 3716 1959 3766 et

311 3790 860 3858 excommunicatos,
932 3790 1277 3848 criminibus
1345 3793 1626 3864 probatis,
1692 3795 1962 3856 dominus

309 3879 594 3936 llenricus
624 3879 698 3936 ab
728 3879 1030 3952 episcopio
1073 3881 1372 3938 leodiensi
1414 3883 1721 3954 expulerat
1749 3884 1834 3941 ίοδ.
1871 3887 1959 3942 Hii

303 3968 504 4025 audita
539 3967 664 4036 ejus
696 3973 880 4024 morte
911 3968 1146 4026 adducti
1174 3970 1228 4025 in
1252 3985 1411 4042 spem
1445 3973 1827 4043 recuperandi
1863 3974 1962 4032 ho-

309 4057 486 4127 noris,
517 4061 576 4112 et
601 4056 706 4127 ipsi
736 4057 885 4126 pacti
910 4064 1048 4113 sunt
1071 4059 1372 4129 pecuniam
1397 4059 1670 4133 principi.
1706 4062 1961 4122 Obertus

312 4159 546 4216 quoque
574 4145 1008 4202 restitutionem
1042 4160 1244 4204 eorum
1275 4147 1346 4204 ad
1373 4149 1622 4218 gratiam
1655 4149 1782 4220 ejus
1803 4152 1964 4222 jura-

306 4235 408 4304 vit,
443 4233 578 4289 illos
601 4246 834 4302 quoque
857 4249 1053 4290 secum
1080 4235 1351 4292 Leodium
1376 4237 1618 4295 deduxit
1647 4240 1771 4310 (an.
1801 4245 1926 4300 1091
1945 4293 1960 4318 ,

308 4327 469 4394 Deo).
509 4321 913 4380 Dissimulavit
950 4329 1141 4382 tamen
1184 4325 1414 4382 interim
1457 4343 1586 4398 quae
1631 4329 1966 4404 intendeng

311 4424 505 4483 agere,
532 4409 716 4466 donec
739 4415 1118 4469 consecratus
1139 4411 1389 4469 Coloniae
1415 4415 1536 4480 (an.
1567 4420 1722 4483 1092,
1749 4418 1878 4476 Feb.
1905 4419 1961 4490 1)

316 4499 588 4557 fidentior
617 4503 773 4556 esset
800 4499 855 4556 in
880 4498 1264 4569 malignitatis
1293 4502 1636 4561 exercendae
1662 4503 1747 4562 ¹⁰⁶.
1781 4507 1838 4562 ln
1867 4523 1961 4565 ea-

2068 3263 2274 3322 amodo
2291 3264 2832 3322 communicandum
2852 3266 3183 3320 censerent.
3202 3260 3286 3318 Ad
3299 3261 3430 3318 haec
3447 3263 3736 3332 Berenge-

2068 3367 2170 3410 rus
2203 3351 2414 3408 timens
2443 3351 2632 3408 eidem
2664 3350 2932 3408 ecclesia:
2965 3364 3071 3422 pro
3102 3348 3372 3421 periculo
3415 3350 3730 3421 temporis,

2068 3439 2256 3511 ipsius
2272 3441 2448 3496 etiam
2463 3439 2696 3496 abbatis
2708 3444 3039 3496 retractans
3053 3437 3304 3510 simplici
3315 3441 3500 3496 tatem
3515 3437 3741 3494 insufﬂ-

2067 3528 2316 3586 cientem
2350 3527 2486 3585 huic
2512 3532 2693 3584 tanta:
2721 3526 3064 3597 defensioni,
3099 3525 3408 3596 subiunxit
3440 3526 3730 3585 neminem

2070 3617 2380 3688 inquinari,
2399 3616 2508 3674 nisi
2560 3633 2594 3672 x
2608 3631 2899 3674 consensu
2921 3616 3131 3672 mentis
3147 3633 3163 3682 ;
3179 3629 3243 3672 se
3257 3615 3498 3686 quidem
3512 3615 3737 3674 violen-

2072 3712 2162 3762 ter
2175 3704 2500 3774 expulsum,
2516 3709 2574 3761 et
2591 3703 2722 3761 ideo
2739 3703 2886 3760 alias
2901 3703 3007 3761 Sibi
3025 3705 3422 3761 secedendum
3443 3723 3456 3758 :
3476 3703 3591 3776 ipsi
3605 3718 3732 3762 cum

2071 3809 2210 3866 pace
2231 3792 2356 3850 loco
2373 3808 2478 3850 suo
2497 3791 2906 3864 persisterent,
2930 3804 3118 3862 neque
3141 3791 3486 3848 inimicitias
3508 3795 3731 3850 temere

2069 3882 2296 3953 aliquas
2343 3882 2396 3936 in
2449 3895 2513 3939 se
2561 3880 2940 3950 suscitarent,
2992 3894 3123 3938 cum
3155 3879 3227 3936 ad
3261 3882 3372 3938 hoc
3404 3895 3578 3938 nemo
3627 3895 3726 3938 eos

2071 3973 2260 4028 adhuc
2291 3969 2648 4042 impelleret;
2681 3975 2958 4027 caverent
2979 3968 3214 4026 omnino
3237 3982 3308 4024 ne
3333 3968 3730 4026 inconsultius

2069 4059 2190 4119 tale
2212 4059 2351 4131 quid
2375 4058 2720 4128 inciperent,
2756 4057 2912 4129 quod
2946 4055 3296 4128 quandoque
3318 4056 3406 4113 eis
3431 4057 3730 4130 incepisse

2075 4149 2404 4223 paeniteret,
2450 4147 2748 4220 respondit
2789 4146 2973 4204 abbas
3003 4159 3069 4202 se
3100 4159 3335 4217 quoque
3375 4144 3466 4202 sui
3500 4151 3564 4201 et
3600 4159 3731 4203 suo-

2072 4252 2202 4296 rum
2247 4250 2378 4294 esse
2426 4236 2766 4306 sollicitum,
2814 4233 2986 4291 malle
3015 4247 3078 4290 se
3109 4233 3392 4290 Obertum
3425 4231 3728 4292 offendere

2075 4341 2245 4400 quam
2275 4328 2482 4392 Deum;
2512 4325 2561 4381 si
2595 4324 2724 4395 quis
2754 4329 2912 4382 esset
2943 4323 3186 4393 Domini,
3224 4329 3647 4394 perseveraret
3675 4323 3726 4380 ei

2073 4415 2162 4473 vel
2187 4415 2242 4471 in
2266 4414 2396 4472 loco
2417 4413 2743 4488 persistens
2763 4412 2855 4470 vel
2877 4412 2950 4469 de
2973 4411 3100 4469 loco
3122 4425 3320 4469 secum
3343 4409 3576 4469 exiens.
3615 4411 3728 4468 Fir-

2073 4509 2223 4561 mata
2254 4519 2394 4574 ergo
2421 4503 2806 4560 communiter
2837 4499 3168 4573 huiusmodi
3197 4499 3518 4571 sententia,
3550 4501 3729 4559 Theo-

315 4590 442 4646 dem
465 4595 658 4646 autem
685 4588 778 4645 die
799 4588 1155 4645 reversionis
1175 4604 1297 4647 suae
1316 4591 1608 4648 mandavit
1629 4594 1957 4667 Berengero
1985 4558 2042 4626 Β
2071 4594 2306 4650 dericus
2322 4558 2625 4664 assumpto
2641 4606 2839 4648 secum
2861 4558 3188 4657 Berengero
3207 4589 3458 4646 secessit
3475 4589 3532 4646 in
3557 4591 3727 4647 Fran-

310 4677 529 4748 abbati,
564 4682 628 4734 ut
660 4677 784 4734 sine
813 4676 1095 4734 dilatione
1115 4679 1186 4734 ab
1211 4677 1464 4736 ecclesia
1493 4683 1680 4740 sancti
1710 4684 1958 4743 Lauren-

305 4765 369 4821 tii
388 4764 742 4835 discederet,
763 4770 820 4822 et
843 4764 1201 4822 Guolbodoni
1228 4767 1520 4824 abbatiam
1544 4769 1724 4827 libere
1748 4771 1958 4829 haben-

308 4855 436 4912 dam
461 4853 838 4924 relinqueret.
867 4856 1232 4925 Berengerus
1250 4870 1320 4912 ne
1339 4856 1824 4916 irrationabiliter
1837 4862 1958 4920 cul-

305 4948 550 5012 paretur
578 4941 863 5012 abiecisse
892 4943 1202 5000 ecclesiam
1245 4958 1414 5014 quam
1456 4943 1727 5016 legaliter
1763 4964 1958 5007 susce-

306 5035 475 5101 perat
505 5031 839 5104 regendam,
865 5031 920 5087 in
943 5033 1266 5090 crastinum
1299 5033 1518 5092 Oberto
1545 5050 1608 5093 se
1642 5043 1956 5106 praesenta-

301 5119 409 5189 vit,
430 5125 709 5178 causatus
734 5120 972 5194 publice
995 5137 1188 5179 coram
1212 5123 1553 5182 melioribus
1570 5125 1850 5198 civitatis,
1874 5129 1956 5186 ni-

2068 4683 2239 4751 eiam,
2272 4685 2331 4738 et
2362 4695 2492 4738 cum
2524 4679 2906 4751 Raginaldum
2937 4680 3246 4736 Remorum
3279 4677 3625 4749 pontiﬁcem
3656 4678 3724 4736 de

2066 4775 2278 4828 eventu
2311 4784 2505 4827 rerum
2535 4767 2956 4826 consulendum
2996 4770 3368 4840 expeterent,
3401 4765 3502 4826 ille
3533 4768 3727 4840 priva-

2067 4861 2169 4917 tim
2187 4861 2624 4916 Ambianensem
2651 4857 2983 4930 pontificem
3002 4857 3336 4914 lberuinum
3352 4856 3725 4928 praemittens

2067 4948 2360 5006 mandavit
2399 4945 2768 5005 venientibus
2806 4959 2876 5002 ne
2904 4959 2968 5002 se
2997 4946 3048 5001 ei
3085 4950 3540 5018 praesentarent,
3590 4945 3724 5018 quia

2067 5038 2226 5096 nullo
2256 5036 2428 5096 modo
2459 5035 2546 5094 vel
2572 5035 2626 5092 in
2651 5036 2831 5093 verbo
2859 5034 2946 5092 vel
2971 5034 3028 5091 in
3049 5034 3254 5092 osculo
3281 5035 3371 5093 eis
3402 5035 3723 5094 communi—

2064 5132 2254 5199 caret,
2277 5125 2386 5184 nisi
2409 5125 2637 5198 culpam
2667 5139 2826 5182 suam
2859 5125 3113 5182 fatentes
3137 5125 3482 5197 praemissus
3513 5125 3590 5183 ad
3621 5140 3720 5183 eos

1662 5249 1899 5309 VARIIE
1923 5251 2338 5311 ‘LECTIONES.

368 5355 438 5390 ¹⁰³
466 5358 557 5418 ita
591 5361 675 5425 1';
710 5359 1086 5418 subtraheret
1116 5361 1176 5420 et
1219 5361 1545 5420 attraheret
1575 5364 1662 5421 ed.

297 5427 550 5486 videtur.

1771 5365 1839 5400 ¹⁰⁶
1870 5368 2012 5426 hinc
2059 5374 2108 5425 1.
2137 5367 2344 5440 pergit
2451 5364 2520 5400 ¹⁰⁸
2549 5365 2712 5422 deest
2735 5369 2786 5435 1,

2902 5363 2970 5399 ¹⁰⁶
2999 5365 3222 5424 iterum
3248 5363 3499 5424 verbum
3526 5367 3721 5425 deesse

1897 5535 2104 5592 NOTE

379 5637 532 5716 (151)
557 5638 688 5702 scil.
729 5645 866 5714 post
902 5638 1194 5703 Victorem
1219 5645 1314 5702 III.

2159 5649 2311 5724 (152)
2338 5645 2716 5708 summa.
