3968 6340
212 356 370 421 1413

1189 356 1669 423 CHRONICON
1714 357 1783 420 S.
1828 355 2185 420 HUBESTI
2225 358 2616 423 ANDAGIN.

3456 360 3611 422 1414

203 506 426 576 rueret,
466 506 526 563 et
563 508 724 565 omni
757 507 1066 577 spurcitia
1098 507 1364 581 infectus
1403 508 1846 581 inquinatione,
1880 492 1938 551 Α
1968 532 2077 574 nus
2106 518 2267 588 Hugo
2295 520 2563 576 Romanae
2584 517 2853 576 ecclesias
2876 518 3103 588 legatus
3120 520 3524 590 approbasset,
3549 525 3607 576 et

205 596 416 657 sancta
435 595 779 654 sanctorum
805 599 936 653 suis
969 596 1509 659 maledictionibus.
1552 596 1608 654 si
1616 597 1733 669 fas
1769 596 1860 654 est

206 686 360 757 dici,
374 684 830 743 contaminaret.
856 687 1007 742 Ecce
1024 700 1201 743 oerus
1213 686 1566 743 antichristi
1586 686 1850 755 satelles,

207 788 428 832 currus
456 773 732 831 sathana
760 773 816 829 et
853 772 1051 839 fidelis
1092 776 1334 845 auriga,
1374 775 1647 831 Simonis
1691 774 1858 846 magi

208 863 488 936 quadam
508 861 845 920 similitudo
861 876 1003 919 tera
1014 863 1263 920 molitur
1287 863 1591 921 destruere
1607 877 1860 935 regnum

211 952 471 1021 Christi,
499 951 639 1008 dum
659 951 882 1009 sancta
898 952 1113 1009 matris
1136 953 1393 1010 ecclesia
1405 953 1632 1009 statum
1655 966 1858 1024 perse-

208 1040 323 1113 qui
352 1055 471 1097 non
492 1040 751 1109 desistit,
776 1040 916 1096 etin
945 1054 1155 1111 corpus
1180 1055 1351 1098 suum
1384 1041 1682 1098 trahicere
1702 1040 1858 1098 labo-

205 1130 335 1200 rat,
376 1143 523 1200 quos
557 1128 839 1186 Christus
858 1142 1066 1185 cruore
1093 1143 1198 1186 suo
1229 1129 1557 1187 redemitet
1583 1130 1786 1201 pascit
1803 1130 1861 1186 et

203 1218 397 1288 potat.
426 1219 603 1274 Tanti
630 1217 849 1288 capitis
868 1217 1108 1273 mortem
1138 1218 1456 1275 exinanire
1475 1218 1659 1290 cupit,
1702 1230 1858 1274 aces-

208 1312 331 1370 que
344 1298 507 1354 tanto
518 1296 1089 1354 sudoreSalcatoris
1107 1298 1379 1355 inventas
1394 1298 1564 1367 leoni,
1586 1298 1693 1370 qui
1713 1312 1859 1354 sem-

202 1400 319 1458 per
340 1385 684 1442 animarum
702 1385 1048 1443 nostrarum
1066 1388 1423 1456 sanguinem
1440 1386 1596 1455 sitit,
1611 1386 1861 1456 prodere

209 1465 667 1538 nonformidat,
702 1466 878 1522 immo
899 1480 1093 1523 omnes
1121 1467 1187 1522 in
1208 1465 1275 1522 ob
1302 1469 1557 1524 ioionem
1584 1465 1861 1522 ueritatis

214 1554 278 1611 et
292 1553 497 1611 odium
514 1553 833 1625 religionis
848 1568 1044 1611 secum
1044 1556 1434 1626 pracipitare
1438 1554 1724 1628 festinat.
1748 1554 1861 1609 Er-

211 1656 294 1713 go
325 1644 475 1713 quia
485 1655 642 1699 nunc
653 1648 911 1714 tempora
922 1643 1267 1714 pemeulosa
1279 1656 1410 1712 qua
1418 1642 1717 1713 pradixit
1735 1655 1862 1713 apo-

215 1731 409 1789 stolus
434 1731 688 1801 instant,
728 1745 924 1789 omnes
952 1731 1113 1802 quod
1128 1733 1397 1804 professi
1416 1732 1563 1788 sunt
1577 1745 1700 1788 esse
1734 1744 1863 1788 con-

1966 606 2023 661 in
2073 613 2357 663 conventu
2383 609 2793 680 episcoporum
2858 607 3097 665 relatam
3157 607 3440 678 laudaret,
3483 623 3609 664 cam

1966 695 2318 750 auctoritate
2338 709 2441 751 sua
2464 711 2532 751 ex
2549 697 2728 752 ﬁrmis
2752 696 3108 752 ﬁrmioribus
3145 695 3418 765 reddidit,
3432 696 3611 752 beati-

1966 782 2146 839 ﬁcans
2164 783 2470 842 ecclesiam
2493 785 2659 854 cujus
2680 791 2845 841 erant
2890 784 3036 842 tales
3060 786 3179 856 ﬁlii,
3204 787 3321 856 qui,
3342 785 3616 842 deﬁcien-

1967 872 2125 929 tibus
2140 872 2291 941 aliis,
2304 872 3005 942 persisterentcatbolicm
3021 881 3080 929 et
3099 874 3438 946 apostolicae
3453 872 3609 941 ﬁdei;

1965 966 2021 1017 et
2049 961 2398 1033 promittens
2421 961 2507 1018 eis
2535 962 2809 1018 auxilium
2835 964 3102 1020 Romanae
3124 962 3390 1020 ecclesiae
3416 969 3609 1020 etsuaa

1966 1047 2295 1119 legationis,
2325 1065 2393 1105 ne
2409 1050 2628 1105 Oberto
2651 1052 2960 1107 subessent
2990 1051 3083 1107 vel
3107 1052 3605 1108 communicarent

1964 1136 2193 1192 omnino
2243 1137 2574 1193 interdixit.

2035 1228 2121 1279 72.
2139 1226 2275 1295 (86.)
2300 1226 2583 1283 Otbertus
2607 1226 2961 1282 amaricatus
2987 1226 3271 1282 relatione
3292 1233 3612 1297 gestorum,

1966 1317 2030 1369 ut
2052 1314 2281 1369 solebat
2301 1315 2525 1369 exarsit
2550 1315 2603 1369 in
2633 1315 2736 1383 ira,
2776 1320 2836 1370 et
2860 1314 3078 1386 saepius
3101 1315 3419 1385 complosis
3442 1318 3617 1372 mani-

1968 1400 2097 1470 bus,
2152 1416 2213 1458 se
2246 1403 2429 1474 ipsum
2462 1404 2769 1472 arguebat,
2803 1402 2894 1458 vel
2920 1402 3053 1473 quia
3087 1403 3263 1459 semel
3307 1417 3337 1458 a
3360 1417 3423 1459 se
3461 1418 3615 1459 com-

1966 1488 2135 1559 pulso
2159 1490 2368 1546 abbate
2389 1506 2501 1546 non
2532 1491 2881 1547 extorsisset
2906 1490 3200 1546 licentiam
3227 1491 3467 1546 nocendi
3492 1506 3617 1562 par-

1968 1576 2130 1633 tibus
2170 1578 2310 1647 suis,
2354 1585 2559 1635 exacta
2606 1580 2720 1634 ﬁde
2750 1578 2862 1634 sibi
2913 1579 2966 1633 in
2994 1578 3151 1634 nullo
3209 1578 3614 1646 dissentiendi,

1968 1665 2061 1720 vel
2103 1668 2255 1736 quod
2305 1681 2369 1723 se
2397 1668 2584 1724 adhuc
2625 1667 3036 1735 continuisset,
3081 1681 3191 1721 non
3242 1666 3618 1723 confundiSSe

1975 1755 2210 1825 penitus
2233 1756 2537 1811 ecclesiam
2570 1756 2655 1812 sic
2686 1756 2797 1812 sibi
2832 1754 3109 1811 rebellem
3152 1755 3337 1811 sancti
3371 1755 3615 1811 Huberti

218 1820 487 1915 tendant.
516 1821 609 1915 Si
623 1819 765 1877 tuba
784 1820 1058 1878 sathana
1069 1822 1343 1892 graviter
1372 1822 1627 1891 intonat,
1652 1820 1710 1876 et
1729 1820 1860 1876 tem-

1986 1819 2257 1899 lratribus
2274 1844 2407 1899 inde
2422 1844 2708 1900 violenter
2728 1842 3007 1915 expulsis.
3028 1845 3140 1899 Nec
3161 1843 3259 1899 diu
3273 1848 3616 1915 conceptum

208 1907 521 1980 poralium
587 1907 865 1966 bonorum
913 1910 1189 1967 minatur
1261 1909 1601 1980 dispendia,
1661 1910 1865 1966 carnis

217 1989 405 2047 etiam
430 1990 792 2061 quandoque
814 1990 1118 2046 moritura
1135 1988 1413 2046 admonet
1424 2002 1647 2060 panas,
1682 1987 1868 2043 totum

218 2076 473 2134 libenter
514 2076 749 2135 Christi
787 2077 1055 2149 excipiat
1082 2078 1331 2141 caritas,
1354 2077 1424 2133 ut
1472 2090 1659 2148 neque
1685 2090 1863 2146 mors,

217 2180 413 2237 neque
451 2166 602 2236 cita,
644 2179 835 2237 neque
866 2166 1085 2238 aliqua
1120 2167 1400 2223 creatura
1432 2165 1655 2222 terreat
1692 2178 1798 2222 nos
1834 2180 1870 2218 a

223 2255 570 2326 defensione
596 2255 875 2312 ueritatis
905 2255 965 2311 et
1000 2256 1120 2311 zelo
1150 2256 1435 2326 justitia,
1486 2256 1553 2311 ut
1578 2267 1616 2310 a
1640 2254 1867 2324 gremio

218 2343 442 2402 matris
471 2344 731 2401 ecclesia
755 2357 1111 2415 nequeamus
1129 2343 1330 2414 auelli,
1362 2345 1422 2400 et
1447 2359 1485 2401 a
1514 2344 1728 2401 semita
1757 2345 1869 2399 Ro-

216 2446 418 2490 mana
434 2431 774 2490 exorbitare
786 2433 967 2491 sedis.
991 2433 1350 2504 Quapropter
1368 2446 1490 2500 cos,
1512 2447 1542 2487 ο
1555 2431 1737 2488 amici
1762 2432 1870 2487 Dei

220 2523 288 2579 et
303 2535 487 2594 usque
504 2521 671 2577 modo
687 2522 964 2579 ueritatis
988 2521 1048 2577 et
1071 2521 1419 2579 sanctitatis
1449 2525 1695 2577 amator.
1715 2533 1763 2589 s,
1793 2519 1870 2576 lo-

221 2622 357 2666 cum
366 2608 646 2679 cestrum,
666 2608 735 2665 id
754 2609 843 2666 est
865 2608 1035 2669 fidem
1057 2607 1433 2676 catholicam,
1450 2607 1636 2665 nolite
1649 2606 1872 2663 desere-

222 2711 317 2768 re,
339 2697 407 2753 in
427 2698 629 2754 castra
647 2697 892 2755 Domini
913 2698 1077 2767 lupos
1097 2711 1227 2754 cum
1232 2697 1455 2768 furore
1486 2697 1779 2753 irruentes
1806 2696 1874 2751 in

220 2777 521 2849 quantum
529 2777 784 2849 potestis
799 2777 1127 2847 exturbate,
1149 2778 1373 2834 armati
1382 2777 1512 2848 fide
1524 2778 1581 2832 et
1598 2791 1701 2848 spe
1720 2773 1875 2832 cate-

218 2865 384 2937 stisg
394 2866 558 2924 toria
573 2865 957 2934 corroborati,
974 2879 1136 2922 omne
1141 2879 1250 2936 pro
1261 2866 1496 2921 nomine
1506 2865 1652 2921 Jesu
1664 2864 1742 2920 im
1745 2877 1871 2934 pro-

213 2953 464 3027 perium
502 2954 835 3012 maximam
876 2956 1234 3026 dignitatem
1265 2954 1559 3024 reputate,
1594 2954 1875 3023 rapinam

227 3041 511 3100 bonorum
521 3044 851 3101 uestrorum
865 3056 995 3100 cum
1007 3043 1236 3113 gaudio
1257 3043 1561 3114 suscipite,
1585 3043 1874 3099 contume-

228 3131 353 3189 lias
384 3131 758 3201 etcorporum
795 3133 1125 3187 vestrorum
1154 3131 1457 3188 cruciatus
1479 3130 1876 3187 certissimum

215 3220 601 3293 peccatorum
618 3219 947 3277 uestrorum
958 3220 1318 3276 medicamen
1348 3218 1707 3275 existimate.
1743 3215 1878 3274 Glo-
1904 3202 1952 3265 C

223 3310 331 3366 ria
370 3309 431 3364 et
446 3308 678 3365 divitia
719 3308 1000 3366 Christus
1033 3310 1116 3365 sit
1141 3308 1206 3364 in
1236 3308 1398 3365 corde
1417 3310 1626 3364 oestro.
1648 3308 1878 3362 Bonum

228 3397 608 3456 conscientia
619 3398 827 3455 vestra
840 3398 1237 3455 testimonium
1248 3397 1332 3455 sit
1350 3396 1515 3454 vobis
1529 3396 1767 3464 inde/lci
1777 3410 1878 3455 ens

228 3485 587 3557 consolatio;
615 3486 675 3542 et
685 3487 740 3544 si
762 3486 1216 3559 aliquantulum
1233 3501 1340 3557 pro
1359 3485 1611 3543 veritate
1628 3486 1880 3543 sustine-

231 3576 330 3645 tis,
339 3575 551 3646 fidelis
572 3575 664 3632 est
682 3577 840 3632 Deus
879 3575 987 3646 qui
1008 3589 1123 3632 non
1146 3575 1419 3646 patietur
1453 3588 1553 3630 cos
1601 3574 1881 3645 temptari

227 3676 421 3735 supra
436 3663 505 3721 id
524 3664 682 3736 quod
688 3664 937 3735 potatis
953 3680 967 3729 ;
981 3664 1088 3721 sed
1096 3665 1335 3722 veniens
1346 3663 1738 3720 oenietetnon
1761 3664 1884 3720 tar-

231 3751 426 3822 dabit,
457 3754 760 3826 facietque
793 3754 1142 3824 procentum
1173 3754 1245 3810 ut
1279 3754 1577 3811 sustinere
1604 3753 1878 3823 possitis.

226 3841 312 3899 Si
329 3854 463 3897 vero
481 3842 673 3899 molas
698 3842 927 3899 leonum
940 3855 1093 3912 quas
1112 3843 1403 3898 Dominus
1423 3841 1489 3896 in
1509 3841 1609 3898 ira
1629 3854 1741 3898 sua
1753 3855 1882 3897 con-

213 3929 466 4003 fringet
482 3929 725 3998 timetis,
753 3942 822 3985 ne
850 3944 953 3987 cos
985 3930 1264 3986 decorent
1279 3932 1335 3986 et
1351 3929 1771 3999 simplicitatis
1790 3942 1882 3985 ce-

229 4017 376 4077 stra
391 4032 628 4076 cursum
639 4017 846 4090 aliquo
861 4017 1030 4074 modo
1030 4017 1353 4088 perturben
1361 4017 1398 4085 t,
1416 4018 1613 4074 sancti
1621 4018 1882 4087 Benigni

231 4107 442 4165 domus
437 4108 663 4179 fugam
680 4106 941 4169 filiorum
954 4106 1211 4164 ecclesia
1224 4106 1287 4161 in
1318 4104 1550 4161 Christi
1568 4105 1779 4174 gratia
1794 4104 1882 4161 be-

227 4195 1295 4269 nignesuscipiet,etpaupertatulam
1306 4194 1572 4250 nostram
1583 4194 1884 4253 voluntati

227 4287 445 4345 vestra
456 4299 571 4342 non
583 4284 781 4342 dicam
795 4284 958 4355 dare,
973 4284 1079 4342 sed
1088 4283 1266 4354 quasi
1278 4282 1480 4340 uestra
1493 4281 1559 4315 ¹¹²
1570 4282 1734 4340 vobis
1753 4284 1883 4341 red-

226 4374 477 4432 dereoel
497 4373 1067 4431 ministraresumus
1072 4372 1301 4443 parati.
1344 4371 1730 4443 Quapropter,
1739 4372 1884 4444 fra-

232 4465 360 4522 tres
373 4463 705 4532 harissimi,
719 4461 959 4519 virilem
971 4462 1239 4519 animum
1254 4463 1315 4518 in
1331 4474 1514 4518 causa
1544 4462 1658 4518 Dei
1672 4461 1879 4531 tenete,

230 4553 297 4611 et
315 4551 787 4624 aceritate,qua
821 4551 1101 4609 Christus
1114 4551 1221 4620 est,
1236 4564 1310 4607 ne
1321 4549 1621 4607 exeidatis
1648 4549 1884 4606 omnino
1912 4559 1965 4620 1)

228 4640 520 4711 satagite.
552 4640 767 4697 Valete.
784 4640 861 4697 In
874 4640 1043 4697 exitu
1054 4639 1257 4697 Israel
1271 4638 1342 4694 de
1354 4637 1607 4718 Egypto
1616 4639 1815 4695 sancti
1820 4638 1886 4704 ft-

231 4728 379 4789 cata
400 4729 491 4787 est
500 4743 608 4801 per
628 4730 1102 4786 Dominumcera
1116 4727 1423 4800 confessio.
1463 4729 1503 4783 H
1516 4727 1606 4783 uie
1641 4741 1888 4783 conven-

233 4818 323 4876 tui
343 4818 639 4890 praedictas
657 4816 1085 4873 benedictionis
1101 4817 1193 4872 die
1213 4821 1431 4873 statuta
1450 4815 1889 4872 abbasTbeode-

233 4905 399 4964 ricus
422 4905 650 4962 studuit
670 4905 982 4975 interesse,
1009 4904 1220 4961 abbate
1246 4905 1593 4973 Berengero,
1623 4905 1886 4960 Lamber-

234 5001 321 5065 to,
342 4993 1219 5065 Wiredo,Robertocomitatus,
1248 5007 1351 5063 pro
1365 5006 1428 5048 se
1463 4991 1703 5062 suisque
1735 4990 1890 5061 lega-

233 5088 361 5142 tum
376 5082 642 5140 ecclesiae
657 5083 928 5139 Romanas
944 5080 1447 5153 interpellaturus.
1467 5081 1889 5150 Cujuscausam

231 5189 369 5232 cum
390 5173 847 5243 suggerentibus
869 5171 1149 5244 praedicto
1183 5172 1423 5227 Jerunta
1447 5170 1657 5227 abbate
1702 5170 1890 5227 Divio-

234 5262 410 5321 nensi
451 5267 511 5318 et
559 5260 808 5319 Radult‘o
859 5261 1069 5317 abbate
1110 5260 1463 5318 Virdunensi
1507 5261 1677 5335 (157),
1730 5263 1887 5319 dom-

1979 1932 2231 1987 furorem
2256 1931 2625 1989 dissimulare
2654 1933 2863 2004 potuit,
2892 1931 3255 2001 collectaque
3280 1946 3448 1987 manu
3475 1932 3622 1985 mili-

1979 2021 2088 2076 tari
2122 2022 2191 2076 ad
2211 2022 2627 2078 monasterium
2647 2023 2844 2076 venire
2863 2021 3172 2092 disposuit,
3190 2026 3246 2075 et
3263 2021 3620 2090 bospitatus,

1974 2110 2261 2180 Nasanize,
2293 2110 2538 2167 nuncios
2559 2112 2847 2167 adventus
2880 2110 2969 2165 sui
2996 2109 3271 2180 praemisit
3299 2110 3366 2164 ad
3384 2109 3619 2179 fratres,

1974 2203 2037 2254 ut
2073 2198 2127 2253 in
2151 2199 2467 2255 crastinum
2498 2200 2549 2254 ei
2575 2199 2816 2255 honeste
2841 2198 3248 2269 procederent,
3279 2204 3338 2252 et
3371 2202 3430 2252 ut
3453 2196 3623 2253 dece-

1977 2286 2075 2341 bat
2111 2287 2481 2343 Leodienscm
2506 2287 2839 2359 episcopum
2864 2287 3191 2343 venientem
3227 2285 3618 2357 susciperent;

1975 2375 2362 2432 comminatus
2391 2375 2800 2432 vindicandum
2826 2376 2879 2430 in
2903 2390 3028 2445 eos,
3055 2374 3165 2429 nisi
3187 2373 3359 2430 solito
3387 2388 3623 2431 accura-

1979 2464 2098 2520 tius
2120 2468 2178 2519 et
2203 2465 2583 2537 sollempnius
2608 2464 2661 2519 id
2688 2468 2956 2534 agerent.
2988 2462 3622 2534 Prasmissisapparito-

1977 2552 2142 2609 ribus
2171 2556 2229 2611 et
2282 2554 2429 2608 hanc
2464 2552 2957 2623 extorquentibus
3004 2551 3311 2607 minaciter
3352 2551 3618 2621 gloriam,

1980 2656 2147 2697 nemo
2196 2642 2502 2712 respondit
2555 2642 2625 2697 ad
2675 2641 2959 2710 gratiam;
3003 2640 3101 2696 sed
3152 2654 3222 2695 ne
3262 2640 3621 2696 conticuisse

1979 2730 2214 2785 omnino
2248 2729 2418 2785 nimia
2442 2729 2745 2786 videretur
2770 2727 3110 2798 indignatio,
3141 2742 3347 2798 quassa
3394 2732 3619 2784 tantum

1980 2833 2122 2874 voce
2155 2818 2514 2875 Gislebertus
2539 2818 2698 2888 prior
2713 2816 2940 2872 dixitse
2972 2822 3031 2872 et
3068 2816 3282 2871 fratres
3305 2829 3484 2886 super
3512 2815 3623 2871 hiis
3658 2814 3669 2828 ‘

1982 2907 2038 2961 in
2071 2921 2375 2963 columune
2398 2906 2791 2975 consulturos,
2818 2910 2997 2976 etpro
3020 2919 3081 2959 re
3104 2908 3161 2958 et
3188 2909 3452 2974 tempore
3485 2904 3623 2974 quid

1983 2995 2175 3051 facere
2207 2996 2487 3052 deberent
2512 3010 2573 3051 se
2610 2995 2887 3051 facturos.
2913 2994 2972 3048 In
3004 2991 3321 3048 crastinum
3347 2991 3419 3046 de
3451 3007 3625 3062 nego-

1980 3084 2066 3139 tio
2098 3083 2655 3154 traetantibus,lieet
2686 3083 3028 3154 quibusdam
3049 3085 3281 3137 nutaret
3307 3080 3361 3135 in
3385 3080 3622 3136 occulto

1984 3171 2115 3227 ﬁdei
2157 3173 2488 3229 tenerrima:
2518 3175 2727 3242 status,
2763 3171 2819 3226 in
2848 3171 2993 3226 hanc
3025 3176 3218 3225 tamen
3276 3169 3621 3225 sententiam

1985 3260 2525 3318 discessitomnium
2558 3260 2762 3316 melior
2794 3273 3111 3316 consensus
3143 3277 3154 3312 :
3188 3257 3509 3329 legitimum
3550 3259 3623 3313 ab

1987 3350 2177 3406 batem
2201 3349 2286 3405 eis
2310 3364 2592 3420 przeesse,
2628 3347 2891 3419 quamvis
2922 3348 3293 3415 contingeret
3322 3361 3452 3402 eum
3488 3350 3626 3402 tunc

1986 3438 2215 3508 abesse,
2239 3452 2440 3494 eorum
2471 3437 2758 3493 communi
2780 3451 3027 3492 assensu
3053 3435 3209 3491 illum
3255 3435 3327 3490 ab
3350 3435 3626 3505 episcopo

1988 3526 2320 3598 dissentire,
2348 3527 2473 3582 sine
2511 3525 2868 3582 conscientia
2900 3524 3026 3595 ejus
3085 3538 3200 3579 non
3254 3522 3469 3579 debere
3524 3537 3628 3580 eos

1989 3615 2259 3686 cuiquam
2306 3615 2548 3671 maxime
2580 3629 2707 3670 cum
2754 3613 3020 3684 periculo
3062 3612 3193 3668 ﬁdei
3244 3611 3625 3675 consentire;

1990 3705 2301 3760 convenire
2326 3706 2440 3758 Deo
2474 3701 2668 3773 potius
2716 3715 2884 3770 quam
2908 3701 3123 3756 homini
3173 3700 3431 3758 obedire.
3491 3700 3628 3756 Erat

1990 3796 2183 3848 autem
2215 3790 2596 3861 solempnitas
2641 3789 2917 3844 Johannis
2959 3789 3209 3859 apostoli
3276 3789 3403 3860 (an.
3444 3789 3626 3860 1093),

1992 3894 2101 3950 qua
2134 3878 2417 3936 recolitur
2439 3884 2574 3933 ante
2603 3884 2830 3948 portam
2866 3877 3122 3932 Latinam
3147 3878 3361 3935 missus
3382 3892 3412 3934 a
3441 3876 3631 3933 Domi-

1992 3969 2150 4025 tiano
2174 3981 2390 4026 caesare
2414 3967 2467 4022 in
2502 3967 2659 4023 dolio
2711 3965 2991 4023 ferventis
3038 3967 3150 4022 olei
3184 3966 3357 4037 (Mai.
3390 3970 3466 4039 6).
3494 3968 3632 4023 Post

1991 4057 2192 4112 habito
2221 4056 2402 4126 igitur
2454 4055 2665 4111 timore
2728 4067 2859 4110 cum
2905 4054 3118 4110 fratres
3158 4055 3418 4110 ordinem
3466 4068 3636 4111 suum

1991 4148 2443 4214 exequerentur,
2476 4147 2536 4198 et
2558 4157 2664 4200 suo
2698 4146 2960 4211 tempore
2985 4141 3101 4211 jam
3129 4144 3309 4213 major
3349 4142 3522 4199 missa
3553 4156 3640 4199 ce-

1993 4232 2345 4302 lebraretur,
2381 4246 2519 4288 ecce
2539 4229 2963 4302 superveniens
2988 4229 3641 4288 Otbertuscumtumul-

1997 4327 2056 4378 tu
2085 4338 2141 4377 et
2171 4321 2253 4377 ira
2288 4325 2586 4392 patentem
2613 4319 2856 4376 intravit
2879 4318 3638 4388 ecclesiam,etnullareve-

1994 4410 2181 4467 rentia
2208 4410 2506 4482 praemissa
2522 4408 2973 4478 orationis,cum
2998 4408 3190 4464 furore
3213 4406 3270 4461 in
3294 4407 3635 4477 superiores

1994 4498 2291 4556 cancellos
2312 4513 2374 4555 se
2409 4498 2717 4570 proripuit,
2746 4494 3378 4568 manibusqucinjectis
3392 4494 3636 4553 diacono

1996 4587 2359 4659 evangelium
2391 4588 2607 4658 legenti
2644 4588 2856 4643 librum
2886 4585 3122 4654 clausit,
3155 4588 3483 4655 etcoeptum
3523 4583 3641 4640 otii-

2000 4678 2153 4735 cium
2176 4678 2259 4734 ira
2294 4678 2557 4733 dictante
2577 4674 3084 4731 intermittendum
3113 4671 3634 4730 minaciteredixit.

1997 4766 2214 4823 Deinde
2250 4767 2430 4823 totius
2462 4779 2635 4821 morae
2659 4763 2993 4835 impatiens,
3028 4767 3265 4834 arrepta
3286 4759 3637 4818 sacerdotali

2000 4856 2151 4914 stola
2185 4856 2483 4911 amboncm
2511 4852 2577 4886 1"
2607 4852 2893 4923 ascendit,
2953 4857 3009 4908 et
3042 4852 3167 4908 sine
3208 4850 3324 4908 ulla
3357 4854 3640 4907 retracta-

2000 4946 2158 5001 tione
2190 4944 2457 5000 abbatem
2489 4942 2788 4998 absentem
2808 4946 2863 4998 et
2881 4955 2985 4997 eos
3004 4941 3101 5011 qui
3135 4955 3333 4998 secum
3372 4938 3641 4996 exierant

2001 5034 2337 5091 nominatim
2370 5028 3213 5101 excommunicavit,eausatus
3244 5027 3476 5100 publice
3505 5041 3637 5085 eum

2003 5122 2246 5180 meliora
2273 5119 2545 5177 ecclesia:
2567 5125 2906 5175 ornamenta
2931 5119 3097 5190 quasi
3129 5118 3475 5187 sacrilegum
3508 5117 3640 5174 sub-

2001 5214 2259 5283 duxisse,
2294 5210 2405 5279 vel,
2441 5208 2595 5280 quod
2628 5209 2812 5279 magis
2841 5222 2973 5266 eum
2999 5208 3301 5280 gravabat,
3327 5203 3440 5265 sibi
3469 5205 3639 5276 quasi

1599 5387 1837 5445 VARLE
1876 5382 2276 5446 LECTIONES.

309 5476 379 5512 ω
408 5477 504 5536 ita
524 5479 607 5535 1‘.
654 5479 858 5534 nostra
912 5473 980 5508 ¹¹³
1013 5476 1323 5547 umbonem
1353 5480 1402 5530 1.

1823 5600 2025 5660 NOTAE
2047 5645 2056 5657 .

314 5704 468 5775 (187)
497 5702 554 5760 S.
586 5699 802 5763 Vitoni.
