3968 6320
467 363 621 429 1415

1437 339 1915 419 CHRONIGON
1957 354 2024 417 s.
2069 349 2438 416 HUBERTI
2479 349 2880 413 ANDAG-N.

3675 359 3784 424 1416

465 510 966 572 excommunicato
999 521 1128 565 non
1182 508 1632 565 communicare.
1669 506 2108 578 Obstupefactis
2139 489 2192 548 Α
2217 506 2332 576 jam
2365 503 2606 561 multum
2639 503 2844 560 aberat
2875 503 3035 576 quin,
3059 509 3125 561 ut
3153 505 3390 577 dicitur,
3442 507 3622 578 gladio
3663 513 3784 572 melle

466 599 985 659 circumstantibus
1011 599 1062 654 in
1079 597 1483 654 ammiratiune
1503 597 1582 653 sic
1595 596 1891 652 effrenata;
1912 595 2112 651 immo-

469 688 811 756 derationis,
836 700 966 742 cum
999 686 1070 741 ad
1103 699 1168 740 ea
1202 700 1328 756 quae
1351 684 1622 739 videbant
1645 680 2112 738 scandalizaren-

473 781 567 833 tur
591 774 825 844 singuli,
846 778 964 829 tum
980 771 1071 828 vel
1091 772 1335 827 maximo
1353 771 1570 842 pudore
1594 769 2106 840 aﬂlciebanturqui

473 880 602 922 eum
625 879 692 920 eo
723 867 994 918 venerant
1022 861 1250 917 nobiles
1285 861 1416 916 laici
1439 866 1496 916 et
1525 864 1584 915 ut
1609 859 1825 930 quique
1849 857 1913 890 ‘1‘
1939 863 2108 914 erant

471 953 877 1024 diligentiores
902 951 983 1006 illi
1009 965 1309 1007 servanda)
1341 950 1664 1014 fidelitatis;
1692 964 1722 1005 a
1747 967 1860 1021 quo
1883 951 1980 1005 vix
2012 965 2110 1020 op-

479 1043 750 1110 tinentes,
785 1046 849 1097 ut
880 1041 1042 1111 quasi
1063 1040 1117 1095 in
1150 1039 1395 1096 consilio
1430 1039 1770 1109 loqueretur
1799 1039 1906 1108 eis,
1960 1053 2111 1095 com-

477 1132 680 1204 positis
722 1129 1203 1199 suggestionibus
1236 1127 1617 1183 elaborabant
1663 1141 1792 1183 eum
1832 1141 2109 1183 revocare

472 1220 584 1277 sibi
618 1219 871 1290 metipsi,
894 1217 1158 1273 dicentes
1182 1209 1348 1271 illum
1375 1215 1604 1284 quidem
1625 1214 2111 1284 justissimeiras-

473 1309 669 1378 ci,sed
700 1305 1186 1375 esseinjuriosum
1205 1305 1275 1359 ab
1299 1304 1380 1359 ira
1407 1303 1728 1374 sapientem
1751 1304 2106 1375 supervinci,

472 1396 736 1453 mirabile
768 1394 1035 1450 omnibus
1057 1391 1237 1448 videri
1275 1407 1404 1447 eum
1429 1391 1713 1448 clausisse
1736 1392 2112 1449 etsicexcus-

474 1486 622 1542 sisse
653 1483 1017 1552 evangelium
1042 1482 1161 1550 Dei,
1196 1496 1256 1537 se
1277 1496 1382 1537 nec
1412 1480 1562 1536 velle
1596 1496 1702 1537 nec
1759 1496 1934 1552 posse
1990 1482 2108 1554 pati

471 1573 718 1631 officium
747 1571 897 1642 quod
930 1570 1310 1626 interdixerat
1369 1569 1616 1640 amplius
1641 1570 2022 1642 interrumpi;
2055 1573 2108 1627 in

471 1661 576 1718 tali
607 1661 839 1730 negotio
853 1674 966 1716 non
999 1657 1328 1726 temerarie,
1356 1657 1457 1714 sed
1483 1657 1756 1714 consulto
1779 1674 1930 1730 opus
1952 1673 2107 1729 esse,

474 1749 796 1822 praesertim
827 1763 956 1804 cum
987 1747 1040 1802 ei
1080 1747 1352 1802 subesset
1389 1749 1652 1816 potestas
1689 1745 2111 1818 cujuscumque

2224 593 2492 662 lito(158)
2521 591 2797 648 deficeret
2828 592 2944 662 jam
2978 607 3137 664 paene
3174 599 3461 666 prostrata
3517 597 3568 654 in
3588 599 3662 656 eis
3681 603 3788 658 veri-

2225 682 2362 738 tatis
2383 680 2664 748 defensio,
2691 680 2797 738 nisi
2823 682 3189 740 subvenisset
3210 683 3301 739 vel
3322 685 3444 741 solo
3469 687 3666 758 pudore
3687 705 3785 760 pau-

2223 769 2401 827 lulum
2417 773 2686 826 cunctata
2707 770 2938 826 consilii
2971 771 3140 827 ratio.
3175 773 3516 832 Secedentes
3538 781 3786 849 namquein

2225 865 2446 932 partem
2478 859 2691 914 fratres
2718 859 3062 916 consulendi
3094 861 3304 930 gratia,
3339 877 3463 920 cum
3493 864 3786 936 aliquamdiu

2223 949 2562 1005 dubitarent
2591 962 2660 1003 an
2687 948 3043 1005 desisterent
3065 963 3134 1004 an
3155 950 3590 1021 persisterentin
3618 959 3788 1012 senten-

2221 1037 2323 1105 tia,
2353 1036 2587 1092 tandem
2620 1036 2842 1108 placuit
2887 1036 3158 1095 omnibus
3177 1038 3357 1096 nichil
3405 1041 3660 1110 agendum
3693 1045 3785 1100 sine

2223 1125 2452 1180 abbatis
2481 1125 2866 1195 conscientia,
2885 1139 3054 1196 quem
3069 1126 3229 1183 nullo
3253 1126 3435 1184 adhuc
3458 1128 3668 1199 legitimi
3687 1145 3784 1188 exa-

2223 1213 2622 1284 minisjudicio
2647 1214 2920 1270 videbant
2938 1215 3571 1288 depositum,quemque
3583 1219 3784 1276 sciebant

2221 1301 2438 1358 nullius
2467 1302 2730 1358 criminis
2755 1303 3266 1375 objectionejuste
3305 1306 3675 1376 deponendum
3699 1308 3786 1376 ;in-

2223 1390 2427 1448 ducias
2460 1390 2655 1462 potius
2689 1391 2760 1446 ab
2791 1392 3068 1464 episcopo
3091 1399 3456 1464 expeterent,
3481 1395 3639 1452 donec
3659 1396 3784 1453 missa

2221 1479 2510 1550 legatione
2529 1480 2798 1536 abbatem
2829 1496 3006 1552 super
3020 1480 3130 1538 hiis
3153 1483 3544 1554 convenirent,
3566 1487 3616 1539 et
3641 1485 3680 1540 si
3695 1500 3786 1556 pos-

2224 1574 2352 1624 sent
2389 1568 2698 1639 impetrata
2733 1569 3098 1625 immunitate
3128 1569 3316 1626 libere
3333 1570 3578 1627 veniendi
3605 1577 3790 1630 etrece-

2226 1656 2398 1713 dendi
2419 1673 2612 1714 secum
2635 1657 2796 1714 illum
2813 1658 3201 1714 deducerent.
3233 1658 3396 1726 Quod
3415 1675 3534 1718 cum
3548 1660 3788 1718 difﬁculter

2227 1746 2702 1817 optinuissent,et
2727 1750 2852 1803 tres
2873 1747 2942 1802 ad
2961 1747 3234 1804 abbatem
3251 1748 3460 1806 fratres
3471 1749 3788 1808 destinassent

469 1836 669 1908 vellet,
699 1835 1194 1893 convenientioris
1246 1838 1437 1889 tamen
1476 1834 1779 1890 vindictae.
1844 1834 1927 1890 Ad
1988 1835 2108 1893 hzec
2141 1847 2196 1907 Β
2228 1834 2378 1891 inter
2407 1835 2689 1905 agendum
2724 1835 2956 1906 quidam
2978 1835 3364 1893 Bulonienses
3389 1835 3452 1870 “5
3474 1839 3788 1908 gregariissa-

471 1927 754 1982 Otbertus
785 1923 1021 1981 erubuit
1064 1923 1529 1994 prmsumpsisse,
1567 1923 1856 1992 quodjam
1918 1925 2114 1981 sanior

471 2015 653 2072 nollet
685 2013 914 2082 fecisse,
951 2017 1008 2068 et
1043 2011 1273 2084 publice
1330 2013 1634 2068 confessus
1708 2019 1796 2068 est
1855 2028 1916 2070 se
1975 2019 2113 2072 tunc

469 2103 644 2161 etiam
675 2103 977 2159 maximam
1000 2101 1360 2158 formidinem
1390 2101 1721 2170 pertulisse,
1754 2116 1883 2158 cum
1919 2103 2114 2159 subito

471 2192 830 2264 respexisset
861 2191 1073 2246 fratres
1104 2190 1500 2246 consistentes
1538 2190 1591 2244 in
1626 2192 1806 2245 choro
1822 2191 2110 2259 ordinate,

469 2286 526 2338 et
561 2279 899 2352 posthabito
925 2279 1075 2334 omni
1102 2279 1227 2349 ejus
1243 2279 1452 2333 timore
1488 2279 1604 2334 Deo
1629 2279 1736 2333 soli
1775 2286 2115 2335 reverenter

471 2369 792 2437 deservire,
817 2367 1062 2422 miratus
1091 2381 1220 2422 cum
1254 2365 1653 2436 indignatione
1672 2371 1830 2422 totet
1849 2367 2116 2425 talesibi-

473 2458 603 2514 dem
621 2470 683 2512 se
713 2453 1052 2524 offendisse,
1075 2469 1204 2510 cum
1220 2452 1332 2509 sibi
1349 2454 1676 2511 nuntiatum
1691 2460 1850 2510 esset
1867 2471 2115 2528 perpau-

470 2561 571 2604 cos
593 2560 649 2602 in
668 2545 795 2602 loco
836 2544 1202 2600 remansisse.
1239 2543 1462 2608 Quibus
1484 2544 1682 2599 statim
1726 2545 2110 2616 satisfaciens,

473 2635 627 2706 quod
689 2648 795 2690 eos
844 2633 1229 2704 inquietasset
1305 2631 1690 2702 inconsultus,
1736 2639 1798 2690 ut
1855 2641 2111 2706 cceptum

483 2723 734 2781 oﬁlcium
766 2728 1200 2792 exequerentur
1253 2720 1552 2777 humiliter
1595 2723 1861 2793 expetiit,
1914 2729 1968 2778 et
2021 2739 2116 2780 ec-

486 2811 731 2869 clesiam
759 2811 929 2867 exiit.
952 2811 1027 2866 Ea
1053 2809 1145 2865 die
1173 2810 1362 2881 copiis
1394 2825 1586 2866 secum
1603 2811 1815 2867 delatis
1830 2811 2114 2882 pranden-

481 2908 574 2958 tes
606 2900 939 2973 plenissime
972 2899 1197 2968 refecit,
1215 2913 1325 2954 non
1344 2902 1401 2954 ut
1429 2901 1850 2968 regratiaretur
1871 2916 2114 2973 exaspe-

474 2999 638 3068 ratis,
674 2997 773 3055 sed
811 3002 874 3054 ut
905 2995 1116 3052 leniret
1159 2995 1379 3052 exeniis
1409 3011 1553 3066 quos
1594 3012 1703 3052 non
1736 3006 2114 3056 concusserat

472 3087 806 3144 terroribus
833 3085 1156 3141 intentatis.
1179 3085 1465 3140 Praeterea
1484 3100 1585 3157 per
1610 3087 1887 3156 quosdam
1903 3103 2114 3160 oppor-

472 3181 644 3233 tunos
675 3175 862 3248 partis
893 3189 1013 3231 sum
1045 3188 1244 3230 omnes
1279 3173 1830 3244 blanditiisambire,
1857 3176 2116 3247 singulo-
2145 3215 2192 3277 ε

469 3279 596 3321 rum
633 3265 852 3320 animos
893 3267 1264 3334 attemptare,
1325 3261 1612 3318 firmiores
1665 3264 2108 3337 circumvenire,

469 3350 1124 3420 intirmioresinvenire,
1177 3348 1562 3405 humilitatem
1585 3357 1646 3406 et
1694 3353 2110 3410 humanitatem

468 3453 605 3508 erga
637 3452 738 3494 eos
787 3437 1074 3493 attentius
1132 3437 1558 3508 commendare,
1608 3454 1924 3511 eorumque
1960 3441 2110 3497 utili-

469 3527 714 3596 tatibus,
751 3527 796 3582 si
831 3525 1112 3596 sinerent,
1165 3541 1227 3581 se
1251 3541 1611 3583 communem
1648 3528 1794 3584 fore.
1863 3531 1947 3586 Ita
2009 3546 2112 3602 per

467 3629 606 3671 suos
637 3613 1005 3686 attemptatis
1024 3614 1371 3670 fratribusin
1387 3617 1706 3672 crastinum
1731 3619 2108 3689 semetipsum

463 3703 552 3760 eis
584 3703 963 3775 praesentavit
988 3702 1290 3773 Otbertus,
1317 3708 1374 3758 et
1408 3705 1672 3774 quamvis
1699 3705 1778 3759 illi
1801 3721 2110 3776 assurgere

461 3791 934 3862 dedignantibus,
954 3791 1616 3862 indignationemtamen
1649 3809 1811 3850 suam
1843 3795 1965 3852 diss
1992 3812 2110 3852 mu-

464 3879 826 3951 laredoctus,
861 3881 1027 3952 quasi
1061 3881 1266 3937 dolens
1291 3897 1396 3954 pro
1415 3883 1521 3953 eis,
1559 3891 1620 3938 ut
1653 3898 1782 3940 sese
1824 3885 2108 3940 haberent

463 3970 1024 4042 ccepitpercontari,
1061 3971 1447 4026 necessitates
1477 3987 1677 4028 eorum
1739 3987 1805 4028 ac
1866 3973 1915 4029 si
1967 3989 2106 4031 suas

465 4074 765 4131 conqueri,
819 4065 1086 4132 paratum
1143 4075 1207 4117 se
1264 4060 1319 4115 in
1353 4061 1624 4118 omnibus
1671 4063 1984 4118 consulere
2042 4065 2108 4119 il-

466 4149 585 4204 lis:
625 4153 846 4204 tantum
932 4151 1121 4220 sopita
1171 4148 1325 4205 omni
1398 4150 1772 4210 contentione
1817 4153 2108 4209 consenti-

464 4241 598 4292 rent
642 4236 776 4307 sibi,
821 4237 1060 4294 mallent
1089 4237 1216 4307 ejus
1273 4241 1526 4310 experiri
1576 4240 1888 4296 amicitiam
1937 4257 2106 4312 quam

464 4324 848 4397 inimicitiam,
887 4333 1203 4398 pensantes
1233 4325 1402 4396 cujus
1433 4334 1590 4384 esset
1645 4330 1888 4401 perieuli
1935 4330 2107 4387 talem

463 4414 845 4488 pessumdare
916 4413 1225 4470 ecclesiam
1253 4423 1314 4472 et
1371 4415 1832 4474 ecclesiasticam
1866 4419 2110 4491 dissipa-

462 4517 526 4561 re
559 4501 1383 4560 familiam.Subclamantinus
1413 4505 1526 4562 hiis
1543 4506 1636 4576 qui
1665 4522 1796 4564 cum
1828 4523 1898 4564 eo
1940 4523 2110 4566 vene-

2229 1923 2515 1981 tellitibus
2537 1922 2800 1981 collectis
2831 1924 2982 1995 apud
3015 1916 3448 1997 Gruispontem,
3475 1926 3784 1985 latentibusin

2229 2012 2373 2070 silva
2407 2012 2634 2069 insidiis
2675 2013 2800 2070 vias
2821 2013 3208 2076 obsederunt.
3237 2019 3296 2070 et
3319 2015 3788 2072 duodecimvehicu-

2227 2101 2280 2158 la
2311 2101 2625 2173 rapientes,
2660 2102 2872 2172 quibus
2896 2101 3303 2160 deducebatur
3342 2103 3644 2177 episcopale
3659 2104 3787 2161 servi-

2230 2189 2582 2259 tium,donec
2596 2205 2661 2246 ea
2678 2190 3101 2261 dividerentur,
3118 2192 3174 2247 in
3191 2197 3390 2249 castro
3405 2193 3787 2264 quodjuxtaerat

2229 2278 2471 2334 Mervolt
2501 2279 3248 2350 concluserunt.Vu1gante
3275 2281 3437 2352 fama,
3462 2296 3578 2352 quae
3599 2286 3646 2336 ut
3668 2295 3785 2336 suum

2228 2371 2317 2423 est
2349 2367 2418 2422 de
2443 2366 2694 2423 minimis
2723 2367 2945 2423 exaltat
2971 2369 3242 2439 maxima,
3271 2370 3582 2440 nunciatur,
3612 2369 3784 2437 Oberte,

2229 2470 2292 2511 se
2323 2471 2453 2512 cum
2479 2455 2601 2512 suis
2633 2455 2704 2511 ab
2735 2456 2982 2513 inimicis
3010 2456 3494 2529 circumventum,
3515 2458 3668 2514 bacet
3694 2455 3786 2512 illac

2228 2543 2412 2600 latere
2443 2544 2498 2600 in
2525 2543 2690 2600 silvis
2718 2559 2938 2601 cuneos
2975 2546 3256 2616 hostium,
3295 2547 3426 2604 talia
3457 2548 3698 2604 neminem
3723 2561 3788 2603 au-

2226 2647 2449 2703 surum,
2482 2632 2591 2689 nisi
2627 2633 2852 2702 magnis
2877 2633 3102 2692 viribus
3122 2635 3430 2692 conlisum.
3477 2636 3638 2708 Coepit
3666 2649 3788 2690 unus-

2227 2721 2474 2792 quisque
2516 2721 2773 2792 pericula
2814 2726 2971 2778 metu
3000 2738 3106 2779 suo
3141 2724 3356 2795 metiri,
3390 2724 3528 2781 alius
3569 2723 3710 2781 alium
3740 2723 3787 2779 ad

2228 2809 2418 2879 fugam
2454 2809 2672 2866 hortari
2700 2828 2716 2877 ;
2747 2809 2947 2881 sicque
2971 2809 3240 2882 proxima
3264 2820 3432 2870 nocte
3457 2812 3715 2869 conductis
3733 2810 3787 2866 lo-

2225 2912 2423 2954 corum
2460 2898 2684 2970 peritis,
2755 2899 2969 2955 infecto
2994 2903 3238 2970 negotio
3265 2909 3496 2974 propter
3520 2901 3650 2973 quod
3671 2913 3787 2956 vene-

2227 2992 2377 3057 rant,
2405 3001 2502 3058 per
2529 2987 2796 3044 occultos
2820 2988 3120 3046 anfractus
3150 2990 3433 3047 Otbertus
3456 2991 3684 3046 recessit.
3713 2988 3784 3054 Qui

2225 3089 2364 3132 vero
2407 3075 2570 3132 missi
2625 3076 2849 3132 fuerant
2903 3077 2972 3132 ad
3033 3079 3363 3135 vocandum
3408 3079 3664 3147 abbatem,
3695 3091 3786 3133 cum

2227 3171 2516 3236 praesente
2531 3163 2768 3220 Dodone
2780 3164 2830 3220 ei
2853 3179 3044 3220 rerum
3067 3167 3336 3224 ordinem
3354 3168 3655 3225 retulissent
3676 3179 3787 3232 ;eouo

2226 3253 2358 3309 silio
2390 3251 2648 3324 ejusdem
2685 3253 2932 3326 Dodonis
2953 3254 3142 3311 visum
3174 3264 3268 3312 est
3293 3257 3480 3314 abbati
3512 3271 3604 3314 non
3645 3271 3695 3313 se
3729 3255 3786 3310 iu‘

2223 3343 2541 3412 gerendum
2574 3347 2794 3398 temere
2825 3343 2988 3400 iratae
3005 3345 3315 3415 potestati,
3347 3347 3638 3403 cedendum
3661 3345 3786 3399 inter-

2225 3431 2359 3488 dum
2397 3431 2645 3488 fortunae
2674 3437 2732 3488 ct
2769 3432 3035 3502 tempori,
3054 3431 3238 3504 idque
3261 3448 3292 3490 a
3319 3432 3786 3506 nu'losapienteim-

2225 3521 2541 3591 putandum
2567 3519 2816 3589 crimini,
2850 3535 2980 3576 cum
3012 3520 3141 3592 ipse
3175 3523 3446 3580 Dominus
3467 3539 3560 3595 pro
3587 3533 3786 3594 persecu-

2221 3611 2380 3663 tione
2412 3608 2482 3664 de
2506 3607 2744 3664 civitate
2777 3608 2833 3663 in
2866 3609 3172 3666 civitatem
3225 3611 3543 3682 fugiendum
3567 3620 3785 3682 praecepe-

2223 3697 2318 3751 rit.
2347 3696 2438 3751 Sic
2462 3697 2693 3751 interim
2713 3698 2925 3753 abbate
2944 3705 3248 3770 cessante,
3289 3715 3416 3757 eum
3440 3701 3698 3756 audiretur
3721 3697 3786 3750 0t-

2223 3784 2428 3840 bertus
2458 3799 2488 3838 a
2523 3783 2649 3840 loco
2698 3786 3042 3856 recessisse,
3065 3787 3188 3856 jam
3222 3790 3479 3845 securior
3523 3788 3629 3860 ipse
3653 3785 3784 3840 abbas

2221 3870 2292 3926 ad
2323 3872 2736 3928 monasterium
2781 3873 2980 3930 venire
3031 3881 3377 3946 maturavit,
3426 3884 3480 3934 et
3510 3871 3784 3946 aliquamdiu

2221 3971 2478 4017 moratus
2510 3976 2638 4017 cum
2666 3963 2969 4033 fratribus,
2999 3963 3053 4019 in
3086 3969 3443 4024 sententiam
3473 3962 3785 4038 quamtueba-

2221 4056 2318 4106 tur
2347 4065 2450 4106 eos
2474 4051 2754 4122 reposuit,
2789 4066 3108 4124 eorumque
3133 4055 3316 4117 rebus
3350 4071 3448 4128 pro
3487 4061 3704 4126 tempore
3726 4063 3785 4105 or-

2218 4138 2453 4208 dinatis,
2479 4141 2592 4194 Deo
2617 4139 2747 4196 illos
2766 4141 3145 4200 committens
3177 4145 3450 4201 recessit.

2291 4232 2377 4284 73.
2411 4227 2555 4298 (87).
2595 4228 2705 4284 Per
2737 4229 2885 4284 idem
2921 4235 3156 4300 tempus
3189 4234 3262 4290 ad
3326 4236 3661 4305 augmentum
3705 4223 3786 4297 epi-

2222 4317 2402 4390 scopii
2436 4317 2736 4388 quaerebat
2797 4318 3079 4377 Otbertus
3102 4336 3307 4380 emere
3328 4329 3569 4379 castrum
3593 4315 3784 4375 (.ovinia-

2221 4420 2350 4462 cum
2385 4405 2551 4478 (159),
2577 4405 2732 4476 quod
2756 4411 2882 4462 erat
2915 4409 3152 4466 comitis
3187 4411 3450 4468 Balduini
3473 4410 3602 4482 (160)
3641 4401 3785 4462 heredi

2221 4494 2434 4551 tarium
2450 4538 2463 4550 .
2488 4493 2666 4565 Hujus
2681 4497 2896 4566 negotii
2919 4505 3279 4558 executores
3301 4501 3476 4571 elegit
3505 4494 3786 4566 Arnulphum

463 4595 616 4662 rant,
642 4592 860 4663 optime
909 4605 1214 4662 perorasse
1229 4570 1583 4665 pontificem,
1616 4609 1783 4652 omne
1804 4611 1870 4654 os
1906 4612 2108 4655 eorum
2138 4570 2193 4633 D
2223 4585 2584 4655 etWigerum
2601 4585 2812 4642 fratres
2834 4587 3140 4644 Tudetiani
3167 4591 3350 4648 castri
3369 4570 3786 4662 (l61)nobiliores,

466 4681 773 4738 adversum
787 4693 852 4736 se
866 4680 1296 4738 rationabiliter
1309 4681 1687 4754 conclusisse,
1705 4699 1816 4740 non
1832 4687 2110 4758 expedire

465 4769 554 4826 eis
577 4768 752 4826 talem
778 4770 961 4826 virum
995 4769 1051 4826 in
1079 4785 1180 4826 sua
1213 4770 1380 4843 culpa
1419 4773 1686 4844 perdere,
1731 4776 1828 4846 qui
1864 4777 2110 4834 remisso

465 4857 842 4914 auctoritatis
871 4859 1129 4929 pondere
1160 4873 1272 4915 non
1296 4861 1996 4921 erubescebathumiliter
2015 4881 2112 4921 ex-

464 4961 730 5020 poscere,
750 4949 902 5020 quod
917 4948 966 5004 si
981 4945 1156 5005 vellet
1171 4952 1406 5020 poterat
1429 4949 1718 5006 violenter
1739 4967 1972 5022 cogere:
1990 4968 2103 5009 non

2225 4672 2322 4744 qui
2357 4678 2520 4730 tanto
2548 4673 2660 4729 sibi
2721 4673 2792 4729 ad
2825 4675 2933 4732 hoc
2989 4675 3350 4736 videbantur
3398 4673 3782 4750 opportuniores.

2223 4767 2440 4834 quanto
2470 4763 2754 4834 praedicto
2786 4765 2982 4821 comiti
3042 4779 3118 4821 ex
3148 4768 3452 4826 vicinitate
3497 4761 3786 4838 privatiores.

2223 4851 2346 4918 Qua
2364 4851 2657 4908 functione
2683 4859 3060 4924 exacta,cum
3087 4855 3438 4915 viderentur
3453 4856 3669 4912 Otberto
3685 4846 3786 4905 satis

2223 4939 2556 4998 deservisse
2577 4943 2650 4998 ad
2671 4942 2942 5014 gratiam,
2958 4951 3397 5017 suggesserunt
3419 4944 3520 5017 illi,
3535 4937 3788 5001 mercedem

1824 5069 2060 5128 VARIiE
2099 5071 2500 5131 LECTIONES.

539 5169 608 5205 1“
635 5171 731 5234 ita
756 5173 841 5232 ι’.
881 5173 981 5248 qui
1013 5179 1072 5232 1.
1127 5170 1193 5206 ¹¹⁸
1223 5171 1595 5235 Buloniensis
1617 5179 1677 5234 1.

2056 5286 2279 5344 ΝΟΤΕ.

540 5403 689 5486 (158)
721 5404 1130 5486 Hieronymum
1187 5404 1264 5464 ita
1295 5407 1518 5486 dixisse
1568 5411 1776 5466 auctor
1833 5413 1924 5466 est
1975 5410 2110 5466 Era-

470 5484 634 5547 smus
661 5477 718 5533 in
741 5477 979 5547 Adagiis
1012 5477 1342 5538 Latinorum
1376 5498 1392 5547 ;
1427 5481 1640 5537 iterum
1661 5487 1920 5538 occurrit
1940 5497 1992 5540 c.
2007 5486 2103 5539 89.

566 5550 690 5616 159)
721 5548 970 5606 σοαυίπ.

568 5622 689 5676 160)
719 5619 1062 5676 Montensis.

568 5623 692 5764 160;
719 5623 1062 5702 Montensis:
1523 5690 1535 5702 ο
1731 5692 1744 5704 .

565 5693 662 5749 161
726 5687 945 5750 Thetin.
978 5690 1246 5762 Wigerus
1268 5692 1342 5748 de
1395 5689 1576 5749 Tudm
1605 5696 1698 5750 est
1729 5696 1884 5754 inter
1929 5696 2120 5753 tectos

3173 5420 3246 5474 14
3297 5415 3508 5487 Leodii,
3537 5411 3667 5487 apud
3693 5405 3787 5487 Cha;

2263 5473 2463 5559 cavill.
2477 5483 2662 5559 11,52.
2689 5484 2799 5541 Sed
2832 5473 2956 5542 haec
2988 5487 3158 5559 prius
3175 5473 3306 5547 acta
3326 5473 3479 5559 sunt,
3493 5473 3624 5543 'na'm
3643 5473 3789 5559 Amul-

2251 5560 2342 5610 ‘um
2365 5552 2690 5612 abb.'Lob.
2745 5569 2804 5614 a.
2841 5552 3003 5614 1095'
3031 5565 3337 5620 mortuum
3391 5552 3520 5618 esse
3565 5552 3787 5616 testantur

2219 5627 2345 5684 Ann
2366 5624 2753 5686 Laubienses.

2218 5410 2530 5485 emptionis
2577 5414 2724 5470 actae
2757 5415 2914 5485 1096,
2951 5416 3088 5472 Jun.
