3968 6374
1197 340 1673 407 CHRONICON
1721 346 1789 408 s.
1824 324 2189 413 HUBERTI
2218 353 2609 419 ANDAGIN.

171 483 351 555 hujus
377 500 498 545 sua:
526 489 894 547 executionis
913 505 1022 548 non
1049 491 1236 550 solum
1261 493 1344 549 illi
1375 501 1615 566 paratos
1647 497 1842 554 remit-
1870 487 1926 546 Α
1955 523 2322 585 exasperare,
2359 517 2568 587 quibus
2600 521 2780 590 ignoti
2810 521 3058 583 hominis
3080 542 3383 599 personam
3406 536 3600 594 venia-

171 578 302 599 ιη,
355 576 454 599 ,Α
485 580 1121 599 -.ημημ-.-ηλ
1184 584 1249 599 ..
1493 585 1547 599 ι.
1720 591 1730 599 .

170 578 327 642 tere,
354 576 457 633 sed
481 581 539 632 et
564 584 840 649 quantum
863 580 1125 652 placeret
1146 584 1195 638 ei
1220 584 1288 640 de
1315 600 1417 641 suo
1439 585 1689 651 addere;
1717 591 1842 643 taa-

176 667 299 719 tum
341 663 507 720 daret
548 666 837 722 abbatiam
878 669 1062 725 sancti
1103 671 1347 726 Huberti
1395 672 1623 729 cuidam
1674 675 1840 741 fratri

1957 600 2053 689 bat
2088 601 2372 672 ingerere.
2406 606 2678 667 Evocatis
2717 611 2896 682 igitur
2928 615 3227 689 fratribus,
3272 620 3475 679 indixit
3509 626 3594 685 eis

1956 686 2010 742 in
2062 703 2234 745 unum
2285 694 2610 768 convenire,
2661 713 2725 756 se
2779 700 3149 774 colloquendi
3202 686 3391 779 gratia
3444 713 3595 772 velle

175 765 382 809 eorum
413 753 799 824 Ingobrando,
834 758 1017 813 sancti
1060 760 1217 815 Petri
1257 761 1509 817 coenobii
1541 762 1843 821 Lobicnsis
1954 778 2438 838 convenientibus
2470 753 2844 846 intervenire:

174 841 479 897 monacho.
520 842 657 909 Quae
682 859 776 901 res
794 860 923 901 eum
948 846 1201 904 dif’llcilis
1226 849 1530 906 videretur
1571 852 1839 923 Otberto,

173 931 504 1002 superstite
536 932 724 989 adhuc
762 935 974 990 abbate
1007 935 1288 1009 legitimo,
1325 939 1462 996 licet
1497 939 1611 996 sibi
1645 941 1842 998 inohe-
1873 938 1877 943 ’

171 1019 359 1075 dicnti
391 1025 447 1075 et
477 1021 794 1093 contrario,
851 1023 1167 1080 subintulit
1206 1041 1465 1097 praesens
1516 1028 1592 1084 ibi
1641 1044 1839 1087 comes

171 1109 512 1180 Arnnlphus
537 1111 685 1182 (162)
708 1126 888 1184 nepos
911 1128 1134 1185 eorum,
1166 1116 1214 1170 si
1248 1117 1399 1187 quod
1432 1133 1537 1189 pro
1567 1120 1673 1174 hoc
1703 1120 1832 1191 ipso

172 1197 651 1269 impedimentum
683 1208 942 1272 curaret,
978 1202 1032 1258 id
1057 1204 1166 1260 sibi
1190 1206 1506 1262 curandum
1548 1206 1839 1279 relinque-

169 1290 294 1351 ret;
331 1286 556 1343 felicem
602 1288 722 1344 fore
765 1288 870 1344 tali
914 1296 1297 1361 procuratore
1331 1292 1643 1365 abbatiam,
1676 1296 1834 1352 illam

169 1375 371 1445 nepoti
394 1389 501 1431 suo
519 1389 582 1431 se
601 1377 1002 1434 committente
1021 1395 1129 1436 non
1150 1380 1334 1438 multo
1355 1386 1487 1453 post
1507 1383 1563 1438 in
1583 1384 1834 1455 pristino

168 1467 334 1519 statu
366 1464 814 1522 reformandam.
853 1467 1135 1527 Otbertus
1163 1484 1303 1540 ergo
1332 1486 1461 1528 cum
1495 1471 1833 1543 aliquandiu

171 1551 525 1622 fatigaretur
574 1558 662 1610 tot
712 1557 1200 1626 promissionibus
1246 1564 1302 1614 et
1353 1559 1674 1632 suffragiis,
1710 1566 1830 1619 tum

168 1654 313 1696 vero
346 1641 748 1713 impelleretur
777 1644 860 1700 ira
891 1650 949 1700 et
982 1647 1118 1702 odio
1147 1647 1489 1704 Theoderici
1523 1649 1631 1706 hoc
1660 1651 1829 1708 modo

165 1727 467 1801 ejiciendi,
509 1729 647 1786 licet
675 1731 1003 1789 reluctante
1027 1734 1388 1793 conscientia
1414 1752 1484 1792 ex
1501 1737 1722 1807 judicio
1744 1754 1831 1794 ra-

167 1815 371 1887 tionis,
403 1819 701 1875 consensit
734 1824 927 1877 tamen
958 1837 1192 1893 operam
1224 1824 1364 1880 dare
1397 1830 1573 1882 tantae
1601 1828 1829 1884 exordi-
1858 1849 1910 1908 Β

166 1905 409 1963 nationi.
458 1907 746 1964 Mandavit
791 1908 1040 1981 denique
1082 1911 1382 1984 Arnulpho
1426 1914 1692 1971 Lobicnsi
1733 1916 1829 1972 ab-

169 1994 318 2065 bati,
369 1999 430 2051 ut
481 1995 551 2051 ad
605 2010 668 2052 se
720 1999 1067 2068 quantocius
1114 2001 1362 2071 veniret,
1397 2008 1457 2059 et
1486 2004 1827 2062 monachum

164 2097 339 2139 suum
382 2084 810 2153 lngobrandum
865 2101 1061 2144 secum
1113 2088 1453 2147 deduceret.
1508 2092 1827 2151 Deductum

162 2170 278 2227 sibi
307 2170 556 2229 liberum
583 2173 748 2231 reddi
777 2175 972 2246 jussit,
1000 2191 1186 2248 eoque
1211 2184 1503 2249 praesente
1534 2181 1827 2239 ordinavit

163 2259 439 2316 abbatem
491 2261 755 2320 ecclesiae
787 2265 972 2321 sancti
1008 2267 1272 2338 IIuberti,
1327 2269 1485 2325 nulla
1528 2272 1827 2342 przcmissa

162 2347 413 2405 fratrum
449 2350 703 2421 regulari
735 2351 1047 2426 electione,
1083 2356 1242 2413 nullo
1274 2358 1510 2428 cognito
1535 2359 1589 2417 in
1616 2375 1686 2416 eo
1712 2376 1830 2418 me-

166 2438 285 2494 rito
313 2439 675 2497 maturitatis
698 2442 936 2499 civitas.
972 2443 1111 2500 Dein
1142 2445 1315 2503 missa
1351 2446 1644 2518 legatione
1676 2466 1830 2512 man.

161 2527 326 2584 davit
365 2528 648 2586 fratribus
673 2545 737 2587 se
759 2545 963 2589 eorum
988 2536 1043 2588 et
1070 2532 1428 2593 utilitatibus
1451 2541 1508 2594 et
1534 2538 1826 2598 honestati

168 2616 560 2689 consuluisse,
604 2618 855 2678 nobilem
889 2620 1008 2677 illis
1038 2626 1095 2678 et
1131 2624 1276 2681 satis
1307 2624 1618 2685 humanum
1654 2630 1828 2686 abba-

166 2711 287 2761 tem
314 2706 636 2779 ordinasse,
669 2724 839 2766 orare
874 2714 935 2767 ut
964 2712 1152 2781 gratia
1187 2714 1273 2771 sui
1304 2716 1521 2773 amoris
1546 2716 1705 2775 illum
1730 2735 1828 2776 vo-

165 2792 422 2851 luntarie
452 2798 819 2869 susciperent
853 2799 939 2871 η’,
974 2802 1201 2875 sibique
1229 2820 1357 2863 cum
1383 2820 1452 2863 eo
1476 2812 1723 2871 venturo
1751 2809 1825 2864 fa-

162 2896 307 2939 vore
337 2882 537 2941 debito
566 2888 972 2957 procederent.
1006 2895 1243 2954 Turbati
1267 2909 1465 2953 omnes
1489 2901 1604 2952 tam
1629 2896 1822 2963 subita

162 2982 361 3026 rerum
392 2976 842 3046 permutatione,
885 2984 1014 3038 eum
1059 2991 1189 3056 post
1229 3003 1592 3049 communem
1626 2995 1824 3052 ammi-

164 3591 964 3684 scitabatcensoresextineti
981 3591 1223 3681 pudoris
1238 3615 1524 3679 affectatae
1538 3591 1817 3684 novitatis

163 3681 247 3738 sic
274 3684 732 3785 cisprovenisse
762 3694 1235 3760 emolumentum.
1272 3706 1390 3765 Illis
1419 3726 1524 3783 pro
1559 3681 1817 3786 pondere

162 3775 223 3828 et
243 3774 635 3875 aestimatione
654 3795 846 3840 rerum
872 3787 966 3842 vix
988 3794 1112 3846 erat
1134 3793 1222 3849 vel
1247 3774 1496 3856 cedendi
1521 3774 1703 3875 locus,
1727 3774 1815 3865 vel

162 3862 506 3921 consulendi
529 3870 779 3941 tempus.
806 3872 916 3930 Alii
938 3891 1008 3933 ne
1025 3880 1278 3941 celerius
1303 3892 1630 3950 excessisse
1655 3862 1818 3952 nota;

163 3954 370 4008 rentur
409 3968 438 4010 a
480 3961 768 4016 communi
819 3968 1130 4040 sententia,
1176 3972 1298 4029 sola
1345 3978 1817 4048 reprimebantur

163 4043 698 4143 verecundia-licet
717 4049 795 4105 sit
815 4051 1147 4114 difficillima
1174 4060 1246 4116 ad
1268 4077 1330 4120 se
1352 4043 1656 4127 celandum
1678 4087 1816 4143 gau-

161 4126 390 4187 diorum
440 4133 740 4202 patientia.
792 4140 997 4200 Tamen
1051 4145 1283 4206 collecti
1336 4152 1390 4208 in
1443 4126 1812 4230 unum,

159 4223 495 4313 quaererent
521 4220 575 4278 in
601 4238 902 4286 commune
922 4235 1210 4303 quomodo
1233 4254 1295 4297 se
1318 4248 1596 4313 praesenti
1617 4220 1814 4309 neces-

159 4305 323 4408 s‘iOtati
366 4320 794 4408 compararent,
849 4318 983 4377 licet
1034 4305 1413 4395 quorumdam
1446 4348 1551 4391 cor
1581 4351 1609 4393 a
1645 4305 1815 4408 labiis

154 4393 444 4505 distaret;
465 4399 521 4456 in
555 4401 664 4460 hoc
686 4408 881 4464 tamen
907 4393 1105 4471 omnes
1127 4416 1236 4474 visi
1261 4426 1397 4477 sunt
1417 4393 1808 4505 consensisse:

160 4489 223 4542 ut
252 4485 347 4543 vel
376 4486 458 4579 ad,
480 4494 707 4564 tempus
731 4495 784 4552 in
809 4503 1098 4559 sententia
1130 4509 1512 4577 persistentes
1545 4485 1811 4579 consule:

156 4579 291 4680 rent
331 4577 701 4680 aestimationi
746 4600 867 4645 suae
898 4595 955 4646 et
991 4592 1173 4665 famae,
1211 4602 1273 4653 ut
1304 4604 1360 4655 et
1394 4603 1490 4673 qui
1525 4577 1809 4680 delibera-

155 4667 295 4720 rent
316 4663 586 4742 deficere,
612 4674 777 4743 quasi
803 4681 991 4736 coacti
1019 4663 1358 4746 viderentur
1379 4663 1491 4750 hoc
1513 4663 1732 4757 fecisse.

228 4780 318 4874 7_6.
356 4779 493 4857 (88.)
526 4786 754 4846 Interea
779 4791 1060 4854 Otbertus
1089 4799 1249 4858 illum
1282 4819 1449 4863 suum
1479 4810 1807 4874 ordinatum

153 4868 763 4971 deducensadvenit,
814 4880 1035 4942 habens
1075 4902 1270 4949 secum
1312 4868 1809 4971 Arnulphumﬁvijo;

152 4957 418 5015 biensem
441 4962 710 5064 abbatem
733 4967 987 5064 itemque
1007 4976 1367 5051 Arnulphum
1387 4957 1807 5064 comitem

2026 908 2112 993 75.
2150 906 2286 977 (89.)
2326 908 2555 966 Relicto
2596 912 2826 972 interim
2867 919 3256 993 Ingobrando,
3292 930 3352 983 et
3381 941 3599 987 assum-

1955 992 2068 1067 ptis
2099 1009 2295 1051 secum
2328 1011 2472 1067 quos
2502 999 2841 1061 affectanda;
2866 1007 2949 1062 rei
2976 1016 3217 1068 noverat
3240 1013 3498 1088 idoneos,
3526 1018 3595 1075 ad

1952 1082 2162 1139 fratres
2187 1086 2495 1158 processit,
2527 1102 2743 1161 eosque
2773 1092 2943 1149 hilari
2975 1097 3140 1155 vultu
3172 1100 3434 1162 salutans
3464 1082 3597 1163 con-

1949 1172 2119 1226 sedit.
2149 1174 2216 1228 Et
2235 1174 2537 1244 praemissa
2559 1178 2881 1248 quaestione
2900 1185 3187 1252 quomodo
3205 1203 3269 1244 se
3288 1191 3356 1247 ha
3368 1192 3590 1266 herent,

1948 1274 2115 1331 quem
2167 1262 2387 1319 exitum
2427 1268 2513 1321 tot
2550 1267 2717 1324 malis
2755 1271 2880 1328 suis
2916 1280 3242 1346 sperarent,
3294 1262 3592 1351 subjunxit

1945 1352 2184 1419 paterna
2228 1349 2645 1426 sollicitudine,
2690 1359 2844 1428 quod
2876 1373 3045 1417 suum
3075 1369 3222 1435 erat,
3256 1364 3373 1424 illis
3405 1349 3593 1440 provi-

1945 1436 2124 1508 disse,
2176 1453 2375 1496 eorum
2416 1442 2763 1500 desolationi
2807 1451 3031 1518 patrem
3074 1451 3341 1511 idoneum
3385 1436 3593 1529 procu-

1945 1538 2126 1594 rasse,
2159 1539 2404 1598 eumque
2434 1528 2550 1587 illis
2580 1531 2912 1590 adduxisse.
2947 1535 3071 1594 Illis
3103 1540 3173 1595 ad
3207 1540 3314 1598 hoc
3348 1528 3595 1603 reticen-

1942 1612 2123 1683 tibus,
2156 1620 2215 1670 et
2238 1617 2403 1686 quasi
2428 1632 2498 1674 ex
2521 1618 2723 1676 habitu
2755 1620 2909 1679 laesa
2942 1637 3075 1695 erga
3111 1642 3169 1683 se
3204 1629 3440 1700 pietatis
3472 1634 3594 1691 vul-

1945 1705 2062 1757 tum
2088 1701 2326 1760 interra
2352 1703 2800 1778 declinantibus,
2835 1724 2907 1766 ex
2938 1710 3047 1770 hiis
3075 1716 3171 1785 qui
3197 1729 3592 1781 convenerant

1943 1803 2047 1860 pro
2080 1805 2181 1847 sua
2213 1792 2462 1864 quisque
2492 1797 2752 1866 potentia
2786 1800 2963 1871 cmpit
2998 1805 3328 1863 tacentibus
3350 1823 3591 1869 succen-

1942 1892 2070 1935 sere
2097 1898 2108 1936 :
2133 1881 2458 1952 hujusmodi
2486 1889 2715 1954 gestum
2748 1901 2986 1946 summa;
3019 1891 3269 1950 feritatis
3299 1901 3357 1953 et
3391 1898 3587 1957 immo-

1943 1966 2160 2025 derata;
2193 1967 2621 2041 dedignationis
2645 1989 2810 2042 esse;
2839 1981 3112 2037 extremae
3144 1982 3324 2040 videri
3358 1986 3587 2045 demen-

1944 2057 2058 2127 tize,
2092 2056 2176 2113 sic
2219 2057 2352 2115 illos
2392 2059 2542 2118 velle
2582 2063 2859 2136 episcopo
2912 2068 3215 2127 Leodiensi
3264 2074 3583 2143 obsistere;

1942 2145 2116 2202 nimia
2139 2147 2291 2218 apud
2314 2162 2416 2206 eos
2439 2150 2716 2221 patientia
2745 2153 2905 2210 illum
2936 2156 3192 2229 viluisse,
3229 2161 3326 2231 qui
3350 2169 3464 2220 tam
3490 2166 3588 2224 diu

1942 2234 2309 2291 insolentiam
2331 2251 2529 2294 eorum
2549 2240 2634 2296 sic
2657 2241 2889 2313 impune
2909 2246 3282 2315 pertulisset;
3311 2252 3590 2314 fratribus

1940 2330 2177 2380 econtra
2213 2324 2444 2396 publice
2472 2332 2856 2389 causantibus
2883 2339 3099 2404 praeter
3130 2336 3317 2408 legem
3349 2355 3412 2398 se
3447 2359 3592 2415 prae-

1938 2413 2193 2483 gravari,
2228 2414 2375 2471 satis
2404 2429 2697 2489 superque
2735 2418 3013 2489 injustum
3044 2430 3101 2479 et
3133 2413 3477 2497 injuriosum
3508 2434 3590 2489 vi-

1942 2502 2065 2558 deri
2100 2503 2370 2559 abbatem
2409 2505 2760 2564 habentibus
2792 2511 3060 2568 abbatem
3093 2517 3495 2591 superinduci,
3528 2528 3589 2580 et

1940 2589 2047 2645 hoc
2068 2590 2256 2661 ipsum
2277 2591 2494 2648 nullius
2512 2607 2712 2650 eorum
2732 2609 2864 2652 esse
2882 2601 3234 2669 cognitionis
3254 2589 3585 2681 nulliusque

1940 2676 2212 2749 legitima:
2231 2679 2553 2738 electionis.
2580 2683 2922 2754 Indignatus
2937 2693 3028 2745 est
3049 2689 3329 2751 Otbertus
3345 2710 3409 2753 se
3430 2676 3589 2757 subs-

1939 2782 2049 2839 que
2081 2768 2350 2825 concludi
2382 2775 2495 2825 tam
2529 2771 2782 2827 evidenti
2815 2776 3062 2848 ratione,
3090 2777 3325 2852 jamque
3354 2787 3584 2844 ordina-

1935 2855 2150 2912 tionem
2182 2872 2343 2913 suam
2377 2858 2601 2915 irritam
2632 2874 2784 2932 esse,
2820 2864 2927 2920 nisi
2960 2870 3432 2932 contradicentes
3462 2877 3581 2934 vio-

1936 2942 2111 3001 lentia
2137 2945 2511 3017 opprimeret,
2546 2950 2872 3021 postposita
2897 2955 3051 3011 omni
3077 2961 3353 3018 canonica
3387 2970 3584 3022 aucto-

1933 3031 2129 3089 ritate.
2166 3035 2233 3089 Et
2268 3049 2338 3091 ne
2368 3036 2504 3107 quid
2536 3037 2899 3110 inexpertum
2928 3043 3284 3116 relinqueret
3309 3065 3445 3123 erga
3470 3054 3581 3111 sibi

1934 3122 2315 3193 obsistentes,
2334 3124 2582 3181 semelet
2598 3126 2828 3197 iterum,
2848 3129 2985 3188 licet
3007 3136 3361 3195 retineretur
3379 3142 3450 3197 ab
3469 3144 3575 3214 eis,

1931 3224 1992 3267 se
2014 3211 2259 3281 pedibus
2277 3228 2474 3270 eorum
2500 3217 2800 3288 temptavit
2826 3226 3213 3296 prosternere,
3230 3229 3397 3285 utvel
3418 3211 3576 3289 tanta

1932 3300 2285 3371 pontificalis
2305 3302 2610 3373 dignitatis
2630 3306 3006 3367 inclinatione
3024 3312 3302 3385 vinceret,
3325 3333 3469 3389 quos
3485 3336 3580 3379 eo-

1928 3392 2101 3446 tcnus
2121 3394 2413 3461 potestate
2434 3395 2783 3464 probaverat
2805 3399 3036 3456 omnino
3056 3401 3441 3465 invincibiles.
3471 3411 3579 3481 lgi-

1930 3483 2026 3535 tur
2050 3486 2181 3550 post
2209 3480 2420 3538 multas
2442 3485 2868 3556 contentiones,
2894 3496 3025 3560 post
3047 3492 3240 3550 varias
3264 3480 3574 3560 verborum

1796 3565 1819 3649 ξ
1928 3567 2290 3637 objectiones
2323 3575 2379 3625 et
2414 3570 2788 3645 rejectiones,
2823 3591 3116 3649 exurgens
3147 3583 3216 3638 de
3248 3584 3437 3643 medio
3468 3588 3583 3647 fra-

1927 3663 2104 3728 trum,
2129 3672 2416 3714 cameram
2439 3663 2707 3728 secessit,
2733 3669 2790 3720 et
2819 3681 2921 3736 per
2944 3670 3211 3728 abbatem
3236 3673 3574 3739 Lobicnsem

1927 3745 2182 3816 itemque
2214 3746 2484 3802 comitem
2517 3750 2878 3822 Arnulphum
2909 3758 3201 3816 mandavit
3233 3763 3335 3834 eis,
3378 3772 3442 3822 ut
3473 3774 3571 3826 aut

1928 3833 2189 3891 volentes
2218 3833 2438 3906 placito
2468 3851 2574 3894 suo
2603 3845 2907 3908 gratanter
2937 3851 3303 3924 accederent,
3323 3833 3433 3912 aut
3469 3871 3574 3915 sua

1928 3924 2040 3979 sibi
2061 3922 2458 3995 relinquentes
2480 3925 2608 3984 loco
2629 3927 3020 3991 discederent.
3048 3937 3178 3994 Tam
3198 3922 3423 4000 crudeli
3446 3960 3578 4004 sen-

1927 4012 2107 4069 tentia
2137 4012 2543 4086 determinata,
2579 4017 2790 4075 fratres
2821 4022 3121 4091 petierunt
3145 4028 3407 4091 inducias
3428 4050 3575 4107 pras-

1925 4102 2150 4174 positos
2180 4102 2459 4160 cellarum
2498 4107 2775 4163 evocandi
2810 4113 2867 4165 et
2901 4127 3030 4169 cum
3061 4115 3146 4172 eis
3177 4118 3234 4173 in
3268 4102 3572 4184 commune

1924 4190 2299 4259 consulendi;
2341 4192 2445 4250 sed
2475 4209 2574 4252 cas
2607 4196 2765 4254 nullo
2797 4200 2969 4257 modo
3001 4203 3109 4260 nisi
3143 4221 3326 4279 usque
3358 4212 3414 4268 in
3448 4229 3575 4272 crs-

1923 4281 2141 4338 stinum
2163 4286 2482 4353 potuerunt
2500 4286 2751 4357 assequi.
2776 4288 2999 4348 Interea
3019 4295 3354 4367 Arnulphus
3369 4316 3569 4363 comes

1923 4369 2201 4440 singulos,
2237 4375 2298 4426 ut
2329 4385 2752 4445 quemcumque
2784 4385 3046 4452 nov-erat,
3082 4398 3187 4454 pro
3222 4394 3433 4458 nepote
3464 4408 3568 4451 suo

1923 4459 2182 4530 aggredi,
2215 4458 2342 4529 ejus
2374 4475 2550 4518 causa
2572 4464 2878 4523 consilium
2900 4475 2960 4526 et
2984 4470 3259 4529 auxilium
3285 4491 3453 4536 suum
3476 4495 3573 4540 ec-

1839 4570 1891 4631 D
1923 4546 2116 4605 clcsiaa
2156 4548 2442 4619 polliceri,
2486 4566 2613 4607 cum
2653 4553 2885 4612 interim
2929 4558 3084 4617 filius
3113 4561 3239 4631 ejus
3269 4566 3408 4624 Otto
3439 4567 3565 4642 ipsa

1921 4636 2122 4695 eadem
2152 4637 2244 4693 die
2278 4638 2644 4697 Caviniacum
2697 4642 2896 4701 fiscum
2944 4651 3288 4725 pervadens,
3338 4636 3567 4717 omnem

1921 4727 2048 4796 ejus
2083 4727 2333 4798 praedam
2368 4728 2713 4802 abducebat,
2743 4738 2800 4790 et
2833 4737 3112 4805 quosdam
3142 4742 3316 4801 etiam
3347 4745 3569 4805 interﬁ-

1920 4814 2103 4886 ciens,
2140 4815 2307 4871 fldem
2341 4821 2597 4887 paternae
2629 4821 3073 4891 pollicitationis
3105 4828 3418 4891 inficiebat.
3450 4837 3564 4895 Nec

1913 4904 2029 4975 jam
2054 4910 2357 4976 supererat
2382 4910 2705 4965 constantia
2731 4911 2955 4970 diutius
2986 4917 3178 4989 reniti,
3213 4921 3568 4986 firmioribus

1920 4998 2004 5051 tot
2035 4994 2520 5052 concussionibus
2552 4997 2830 5071 fatigatis,
2868 5001 3286 5067 infirmioribus
3319 5019 3404 5070 tot
3434 5029 3566 5087 pro-

149 5051 1041 5171 :gsq‘ufe‘ep'i‘scop’i‘i.nobiliores.
1070 5066 1408 5171 flumque‘se
1432 5076 1526 5132 vix
1548 5051 1806 5171 contine-
1917 5081 2290 5140 missionibus
2324 5083 2599 5142 inductis.
2632 5087 2731 5143 Isti
2765 5051 3135 5151 destinabant
3167 5100 3321 5171 apud
3343 5116 3407 5161 se
3427 5051 3561 5166 huic

150 5142 249 5194 ret
271 5152 303 5194 a
328 5138 543 5214 furore,
577 5142 909 5217 indignatus
942 5138 1245 5213 neminem
1261 5160 1372 5218 sibi
1406 5169 1466 5220 ut
1501 5138 1804 5231 mandave-

1915 5171 2346 5233 exordinationi
2392 5172 2483 5228 vel
2533 5188 2646 5232 non
2695 5183 3258 5257 communicandum,
3303 5192 3392 5249 vel
3431 5210 3560 5256 cum

1762 5230 1765 5231 ν
1926 5230 1939 5233 ν
2701 5230 3235 5244 ---ψη-κηφηηη..
3310 5230 3392 5249 ,νι
3431 5230 3542 5253 sua

150 5230 247 5328 rat
281 5231 663 5347 processisse,
715 5238 1084 5347 optimatjum.
1106 5259 1344 5306 suorum
1388 5266 1669 5327 suggestu
1700 5260 1805 5321 hoc
1916 5266 2152 5335 possent
2177 5260 2306 5319 loco
2328 5261 2683 5334 cedendum;
2716 5267 2800 5324 illi
2820 5270 3014 5329 oblata
3040 5288 3143 5347 spe
3168 5230 3561 5344 novandarum

150 5317 346 5389 ipsum
404 5322 739 5394 compulsus
796 5332 884 5386 est
940 5329 1333 5410 dissimulare,
1386 5317 1807 5408 nev‘vidcretur

224 5477 295 5513 1“
324 5489 601 5555 superent
635 5493 683 5543 1.
762 5488 904 5564 “7f.
940 5493 1215 5565 quidque.

1919 5367 2112 5411 rerum
2142 5350 2490 5410 aﬂ‘ectabant
2523 5353 2768 5427 alicujus
2801 5359 3117 5424 functionis
3146 5374 3382 5443 assequi
3413 5388 3564 5434 eom-

1504 5433 1740 5493 VARL'E
1795 5442 2091 5500 LECTION
2097 5443 2178 5503 ES
2190 5485 2202 5499 .

1754 5582 1960 5639 NOTAE

227 5622 379 5700 (162)
412 5626 855 5700 Chisniaeensis.

481 5698 738 5765 meon.
773 5706 984 5767 CLIV.
