3968 6348
404 389 555 452 1419

1394 373 1871 440 CHRONICON
1900 371 1966 436 S.
2005 369 2369 433 HUBERTI
2398 365 2789 430 ANDAGIN.

3646 355 3809 426 1420

397 525 650 592 modum,
683 519 774 576 vel
805 516 1090 591 permissa
1117 514 1393 570 libertate
1422 509 1696 584 prosequi
1718 507 2037 565 voluntatis
2067 506 2120 564 A
2149 520 2384 590 vitaret,
2412 515 2814 576 Stabulensem
2845 513 3208 588 sepulturam
3237 513 3438 586 potius
3466 514 3806 587 expeteret,

399 613 648 686 propria
672 610 760 667 vel
787 609 968 666 otium
993 605 1084 661 vel
1107 601 1423 673 negotium.
1460 601 1549 656 Sic
1583 597 1863 686 fratribus
1886 597 2039 686 inter

397 683 458 758 se
500 683 944 762 dissidentibus,
994 691 1176 761 magis
1227 695 1418 746 autem
1451 701 1480 742 a
1513 702 1573 743 se
1605 683 2036 750 deficientibus,

397 785 824 859 lngobranduin
857 783 1138 838 Otbertus
1169 779 1296 835 loco
1330 775 1675 844 introduxit,
1709 771 2040 841 ibidemque

398 876 794 932 introductum
826 871 1182 941 relinquens,
1218 867 1444 924 tardius
1476 864 1584 922 sibi
1615 864 1897 919 hactenus
1925 860 2042 916 dis-

398 965 728 1023 sidentibus
758 977 820 1018 se
853 959 1230 1032 pravaluissc
1264 956 1498 1013 latatus
1529 951 1821 1010 discessit.

465 1058 551 1110 76.
589 1052 726 1124 (90.)
761 1048 1158 1120 lngobrandus
1187 1050 1319 1118 post
1345 1043 1781 1101 totanxietates
1804 1039 2042 1095 insimu-

393 1141 525 1198 lata
549 1141 658 1197 sibi
684 1137 1187 1204 contradictionis,
1216 1133 1444 1190 tandem
1473 1133 1661 1188 factus
1683 1145 1920 1201 compos
1943 1130 2042 1186 de-

394 1230 593 1287 siderii
621 1229 729 1298 sui,
758 1234 817 1284 ut
843 1232 966 1283 erat
992 1226 1157 1282 rudis
1179 1229 1236 1280 et
1261 1223 1451 1278 nimia
1475 1219 1892 1292 simplicitatis,
1917 1219 2039 1274 otio

393 1327 448 1376 et
499 1319 736 1376 licentia
779 1315 1020 1387 juvenili
1072 1313 1250 1385 coepit
1298 1311 1530 1382 resolvi,
1566 1324 1832 1378 securus,
1868 1308 2040 1364 immo

394 1407 614 1464 inscius
653 1402 1034 1477 procuranda
1077 1400 1451 1474 pralationis.
1488 1399 1650 1468 Piget
1685 1397 2036 1467 meminisse,

393 1495 680 1568 quomodo
701 1496 808 1550 sub
827 1494 936 1547 hiis
966 1492 1201 1547 casibus
1228 1487 1656 1561 pulcherrimus
1677 1486 1773 1543 ille
1799 1487 1903 1544 llos
1927 1501 2041 1542 mao

392 1585 529 1640 ximi
559 1582 799 1639 honoris
830 1587 885 1637 et
919 1580 1150 1636 decoris
1179 1578 1348 1648 hujus
1372 1577 1482 1633 loci
1506 1576 1881 1633 decoloratus
1905 1590 2040 1632 con-

392 1672 623 1740 ciderit,
647 1686 758 1742 qua
783 1667 1093 1726 velocitate
1116 1667 1424 1723 defluxerit
1448 1671 1560 1721 tam
1581 1665 1680 1721 diu
1699 1664 2038 1722 elaboratus

392 1759 488 1816 ille
508 1765 700 1817 status
719 1757 1141 1815 decentissima
1163 1755 1460 1825 religionis
1477 1759 1536 1810 et
1560 1769 1686 1824 qua
1709 1753 1794 1809 cis
1817 1755 2034 1808 Renum

2151 609 2480 680 ibidemque
2512 607 2885 664 elemosinam
2915 619 3075 662 suam
3106 603 3516 661 constitueret.
3555 605 3811 662 Causan-

2149 699 2308 754 tibus
2375 697 2510 753 filiis
2556 697 2684 766 ejus
2733 696 3037 753 Lamberto
3086 701 3143 751 et
3194 693 3458 764 llenrico,
3513 693 3811 764 quomodo

2150 785 2515 842 Stabulensis
2553 783 2800 841 ecclesia
2845 782 3144 839 videretur
3186 781 3530 852 absolutior,
3574 796 3706 838 cum
3737 797 3812 838 ex

2151 875 2302 930 dono
2340 874 2670 945 subjaceret
2708 871 2830 942 regi
2873 871 3122 928 Henrico
3151 876 3212 927 et
3241 885 3312 926 ex
3340 885 3481 927 cura
3518 869 3808 942 pastorali

2151 962 2415 1030 Otberto,
2452 961 2760 1032 Bereugeri
2785 960 3072 1016 sententia
3098 958 3427 1031 pravaluit,
3457 962 3519 1016 et
3544 958 3808 1016 reditum

2151 1050 2326 1108 trium
2359 1049 2637 1108 librarum
2669 1049 2979 1122 quotannis
3007 1048 3271 1105 ecclesia
3295 1048 3449 1104 beati
3476 1047 3728 1104 Huberti
3752 1049 3806 1104 in

2151 1145 2496 1212 perpetuum
2537 1139 2800 1196 abstulit.
2842 1137 3233 1194 Theodericus
3264 1150 3496 1208 quoque
3525 1140 3588 1194 et
3616 1141 3813 1193 secta-

2153 1233 2312 1284 tores
2342 1227 2469 1298 ejus
2493 1243 2598 1300 per
2629 1241 3027 1299 quoscumque
3061 1229 3332 1298 poterant
3365 1225 3812 1282 ecclesiasticas

2151 1318 2552 1388 possessiones
2601 1317 2974 1385 infestabant,
3034 1315 3290 1386 dumque
3320 1313 3390 1370 ad
3425 1313 3700 1371 incendia
3751 1320 3809 1370 et

2149 1407 2384 1478 rapinas
2406 1421 2605 1464 earum
2632 1411 2910 1478 tyrannos
2933 1404 3333 1475 hortarentur,
3367 1403 3723 1474 obsequium
3749 1417 3810 1460 se

2151 1501 2429 1567 prastare
2469 1498 2584 1552 Deo
2624 1495 3084 1551 arbitrabantur.
3130 1493 3292 1550 Unde
3322 1498 3382 1549 et
3412 1493 3676 1564 quidam,
3719 1508 3811 1550 ac-

2148 1591 2316 1656 cepta
2341 1585 2648 1642 occasione
2671 1585 2825 1641 circa
2852 1583 3037 1640 locum
3063 1582 3395 1654 tyrannidis
3417 1581 3806 1654 exequenda,

2150 1673 2574 1742 lugobrandum
2626 1673 3004 1745 impostorem
3051 1677 3110 1729 et
3162 1672 3478 1744 pessimum
3523 1671 3804 1740 clamare,

2151 1762 2408 1818 fautores
2436 1762 2563 1832 ejus
2594 1760 2724 1818 fidei
2755 1761 3096 1818 desertores
3124 1765 3179 1816 et
3211 1759 3516 1831 religionis
3546 1759 3810 1832 prodito-

389 1865 458 1906 eo
483 1855 745 1920 tempore
770 1847 1120 1904 laudabatur
1142 1844 1484 1914 singularis;
1510 1858 1639 1914 qua
1665 1848 1894 1914 quanta
1921 1843 2036 1898 fue-
2063 1860 2120 1922 Î’
2152 1864 2245 1906 res
2275 1851 2576 1920 denotare,
2609 1856 2667 1906 et
2701 1849 2832 1906 ideo
2865 1863 3034 1906 omne
3067 1849 3279 1906 malum
3305 1849 3392 1904 eis
3413 1847 3804 1919 inferendum,

391 1940 468 1996 rit
489 1937 873 2007 excellentia,
908 1936 1005 1991 vix
1029 1941 1130 1992 aut
1152 1933 1310 1992 nullo
1334 1934 1501 1989 modo
1527 1932 1858 2005 posteritati
1888 1933 2037 1988 futu-

391 2042 469 2084 ra
488 2027 784 2083 videbitur
805 2025 1109 2094 credibile,
1135 2039 1264 2080 cum
1283 2023 1354 2078 sit
1378 2037 1539 2077 suum
1565 2020 1795 2077 humani
1822 2021 2034 2091 ingenii

389 2117 480 2173 vel
507 2115 700 2188 potius
722 2114 964 2185 erroris,
983 2113 1225 2169 credere
1251 2109 1476 2166 tardius
1499 2109 1774 2180 quicquid
1799 2110 2037 2167 virtutis

390 2205 616 2261 inertia
665 2204 792 2274 ejus
841 2207 1082 2275 putatur
1125 2199 1294 2270 (163).
1339 2196 1738 2267 lngobrandus
1789 2197 2037 2254 infracto

390 2295 585 2362 rigore
625 2292 889 2348 tenenda
929 2287 1430 2358 virtutis,nimium
1466 2302 1575 2357 que
1608 2301 1819 2358 expers
1849 2285 2039 2342 mode-

391 2380 586 2438 randa
620 2379 992 2436 discretionis
1011 2383 1212 2434 contra
1238 2389 1453 2431 morem
1480 2375 1758 2444 majorum
1793 2374 2036 2446 quadam

391 2467 769 2524 liberalitatis
801 2466 996 2538 specie
1029 2464 1349 2521 ferociores
1379 2462 1784 2532 religiosorum
1817 2463 2037 2520 animos

389 2557 673 2626 emollire,
691 2556 965 2626 juvenum
983 2570 1122 2611 vero
1140 2558 1196 2610 et
1220 2553 1462 2609 maxime
1483 2551 1939 2609 adolescentium
1961 2553 2038 2610 fa-

391 2645 762 2701 miliaritates
793 2644 1086 2713 affectare,
1129 2648 1429 2715 postremo
1462 2654 1566 2697 nec
1599 2641 1901 2698 modestia
1934 2656 2038 2698 nec

389 2733 646 2806 sumptui
667 2748 927 2806 parcere,
951 2732 1086 2790 dum
1108 2745 1371 2803 quosque
1395 2730 1563 2802 quasi
1581 2731 1650 2786 ad
1671 2730 1915 2799 gratiam
1939 2731 2040 2787 ob-

389 2824 594 2880 noxios
617 2823 878 2895 fidosque
902 2822 1010 2880 sibi
1036 2823 1253 2879 faceret
1277 2822 1448 2892 (164),
1475 2819 1614 2876 licet
1636 2835 1775 2876 vero
1799 2819 1874 2875 sit
1899 2819 2040 2875 diffl-

388 2911 518 2982 cile,
546 2913 653 2969 hoc
679 2913 850 2969 modo
879 2912 1199 2968 attenuatis
1223 2911 1395 2966 immo
1420 2923 1582 2982 pane
1609 2908 1826 2980 elapsis
1853 2908 2040 2965 eccle-

389 3001 647 3058 siasticis
672 3001 992 3068 reditibus;
1023 2999 1362 3071 supervenit
1387 2997 1470 3054 rei
1495 2997 1798 3054 familiaris
1822 2997 2033 3070 in0pia,

392 3106 520 3162 qua
542 3106 671 3147 cum
690 3090 807 3160 jam
832 3105 942 3146 non
969 3089 1255 3145 sufï¬ceret
1291 3086 1748 3160 imprudentium
1784 3087 2038 3143 tolerare

388 3180 821 3250 negligentiam,
846 3177 1076 3250 impulit
1094 3193 1194 3234 eos
1213 3178 1387 3234 etiam
1409 3176 1704 3247 negligere
1727 3177 2035 3248 dampnum

389 3284 553 3325 suum
585 3274 641 3324 et
677 3267 986 3323 infamiam.
1023 3267 1162 3322 Nam
1196 3266 1499 3323 distractis
1539 3265 1741 3336 viginti
1782 3265 2036 3336 quinque

389 3372 459 3414 ex
493 3357 852 3414 ornamentis
891 3355 1153 3412 ecclesia
1195 3371 1323 3426 qua
1361 3359 1762 3412 remanserant
1803 3354 2035 3425 ibidem,

391 3448 602 3502 abbate
627 3445 984 3502 Theoderico
1016 3444 1254 3500 meliora
1285 3459 1529 3514 quaque
1559 3443 1820 3500 salvandi
1848 3442 2038 3513 gratia

391 3536 692 3604 eilâ€˜erente,
725 3549 854 3590 cum
885 3534 1130 3590 necdum
1156 3531 1543 3604 pravalerent
1565 3533 1649 3588 sic
1671 3531 1926 3602 effugere
1959 3533 2041 3590 iu-

393 3623 734 3694 digentiam,
769 3621 1120 3678 addiderunt
1151 3621 1326 3676 etiam
1361 3620 1748 3691 obpignorare
1779 3625 1881 3676 aut
1908 3636 2042 3678 ven-

391 3713 531 3769 dere
552 3713 984 3784 possessionum
1009 3725 1247 3768 suarum
1272 3709 1632 3766 molendinos
1655 3715 1714 3766 et
1735 3711 2038 3770 ecclesias.

391 3803 685 3858 Praterea
707 3817 837 3858 cum
864 3815 1057 3858 rerum
1083 3798 1423 3870 indigentia,
1457 3799 1610 3870 quod
1633 3803 1760 3856 erat
1781 3801 2036 3873 gravius,

392 3891 605 3965 passim
650 3891 1066 3964 premebantur
1096 3890 1418 3947 vicinorum
1451 3888 1704 3960 infamia,
1735 3894 1796 3946 et
1827 3890 2042 3961 quibus

391 3982 625 4050 vigente
657 3979 939 4050 religione
975 3980 1205 4035 fuerant
1239 3978 1444 4048 gloria
1474 3981 1530 4033 et
1563 3976 1789 4048 honori,
1823 3993 1890 4034 ea
1923 3977 2043 4034 lan-

391 4076 604 4141 guente
642 4075 808 4126 erant
836 4068 952 4139 jam
988 4067 1314 4138 ignominia
1345 4071 1403 4122 et
1439 4066 1620 4122 oneri.
1667 4067 1783 4123 Sub
1820 4067 2041 4124 eisdem

391 4174 623 4231 quoque
673 4157 881 4214 diebus
933 4159 1293 4227 Berengerus
1341 4169 1478 4225 erga
1531 4154 1836 4213 ecclesiam
1875 4157 2039 4228 quasi

393 4248 640 4304 Otberto
681 4247 1003 4316 subjectam
1046 4250 1243 4300 tantas
1283 4244 1546 4300 exercuit
1588 4245 1944 4316 inimicitias,
1980 4251 2041 4302 ut

389 4335 792 4394 conversionis
829 4339 888 4390 et
920 4333 1306 4405 professionis
1342 4332 1594 4405 propria
1634 4333 1875 4406 oblitus,
1919 4349 2042 4392 sua

389 4425 565 4482 etiam
589 4430 650 4481 et
674 4438 910 4480 suorum
942 4422 1290 4478 retentionis
1319 4422 1375 4478 in
1408 4424 1823 4494 persecutione
1853 4424 2044 4493 ingra-

392 4519 506 4584 tus,
543 4514 706 4570 fieret
741 4513 870 4569 loco
903 4511 1450 4583 iurecuperabiliter
1487 4511 1858 4585 dampnosus.
1902 4515 2040 4570 Nam

389 4618 520 4660 cum
561 4601 663 4658 illo
708 4617 812 4658 suo
851 4614 1030 4671 more,
1067 4601 1229 4672 quasi
1271 4601 1343 4657 ad
1387 4601 1598 4658 fratres
1634 4617 1773 4659 suos
1813 4606 2044 4660 susten-

389 4691 618 4762 tandos,
652 4690 1095 4763 quastionarias
1127 4690 1506 4747 circuitiones
1535 4696 1756 4762 ageret,
1791 4691 1863 4748 ad
1884 4693 2040 4750 Idam

389 4795 633 4840 uxorem
666 4780 915 4838 Cononis
947 4780 1183 4836 comitis
1213 4780 1394 4850 venit,
1430 4793 1672 4850 eamque
1707 4781 1861 4853 apud
1891 4782 2044 4840 Mon-

388 4873 747 4928 temacutum
796 4871 1144 4926 infirmatam
1192 4869 1441 4936 invenit;
1486 4885 1614 4942 qua
1657 4872 2042 4942 prasentiens

389 4961 503 5018 sibi
539 4965 781 5016 mortem
811 4959 1156 5032 proximam,
1196 4959 1331 5015 dum
1365 4974 1427 5015 se
1460 4959 1613 5030 apud
1655 4960 1890 5018 beatum
1929 4961 2042 5018 Hu-

389 5049 620 5106 bertum
651 5063 764 5119 quo
800 5052 966 5119 pater
987 5047 1114 5118 ejus
1136 5047 1478 5104 Lambertus
1499 5047 1654 5117 jacet
1680 5047 2042 5106 deliberaret

389 5135 807 5211 sepeliendam,
845 5137 1206 5206 Berengerus
1231 5136 1464 5194 omnino
1499 5137 1730 5193 obstitit
1757 5152 1828 5194 ne
1859 5138 1918 5194 id
1941 5139 2040 5197 fie-

388 5231 498 5298 ret,
523 5229 703 5297 utque
722 5227 796 5284 ob
814 5224 1237 5296 subjectionem
1257 5224 1488 5284 Otberti
1506 5227 2040 5286 excommunicatos

2149 1939 2487 2009 nullumque
2513 1940 2724 1995 bonum
2749 1937 2978 1994 illorum
2997 1935 3208 1994 amodo
3228 1937 3605 2007 servandum,
3632 1935 3810 2008 idque

2150 2026 2303 2098 quod
2327 2031 2452 2082 erat
2477 2026 2746 2084 ecclesia
2771 2026 2888 2082 illis
2911 2025 3056 2082 solis
3079 2024 3543 2095 attribuendum,
3581 2023 3684 2096 qui
3707 2037 3808 2097 per

2148 2114 2328 2172 cellas
2357 2114 2738 2183 divertentes,
2771 2111 3052 2170 malorum
3077 2113 3410 2170 vitaverant
3430 2111 3799 2183 contagium.

2147 2204 2404 2274 Denique
2429 2202 2708 2274 quicquid
2730 2218 2802 2260 ex
2824 2216 3028 2260 eorum
3058 2202 3236 2259 rebus
3268 2215 3476 2274 rapere
3505 2205 3801 2273 poterant,

2147 2293 2380 2364 impune
2403 2291 2727 2364 rapiebant,
2761 2291 2906 2348 adeo
2938 2295 3002 2349 ut
3031 2305 3104 2348 ex
3135 2291 3262 2362 ipso
3289 2290 3660 2347 monasterio
3682 2303 3804 2361 age-

2148 2386 2278 2437 rent
2327 2381 2556 2452 pradas
2601 2379 2884 2452 publicas,
2939 2380 3094 2451 quod
3145 2393 3312 2436 nemo
3361 2393 3646 2451 umquam
3683 2379 3802 2451 ejus

2148 2470 2432 2542 temporis
2471 2469 2736 2526 evenisse
2775 2467 3044 2525 audierat
3081 2467 3174 2524 vel
3217 2466 3466 2524 viderat.
3513 2466 3801 2540 Quicquid

2147 2559 2322 2615 etiam
2355 2573 2521 2615 suum
2553 2557 2818 2614 ecclesia
2847 2561 2976 2613 erat
3000 2556 3056 2612 in
3077 2556 3377 2628 episcopio
3404 2557 3687 2614 Remensi
3715 2555 3797 2614 vel

2149 2646 2536 2717 Laudunensi,
2589 2647 2726 2704 item
2778 2644 3016 2703 Metensi
3056 2649 3115 2702 et
3158 2644 3505 2702 Virdunensi
3551 2647 3685 2704 sine
3722 2659 3800 2702 re-

2148 2739 2356 2807 spectu
2391 2735 2619 2792 Otberti
2651 2740 2714 2791 et
2743 2734 2902 2791 illius
2931 2734 3023 2791 sui
3054 2733 3406 2804 lngobrandi
3439 2733 3653 2804 quieto
3675 2734 3798 2805 jure

2149 2823 2516 2881 deserviebat
2537 2823 2735 2880 abbati
2757 2823 3112 2880 Theoderico
3135 2823 3366 2894 sibique
3383 2823 3682 2894 subjectis
3700 2823 3800 2880 fra-

2149 2913 2355 2984 tribus,
2392 2913 2882 2970 interdicentibus
2912 2913 3162 2970 ducibus
3193 2910 3512 2968 Godefrido
3543 2917 3607 2970 et
3635 2911 3799 2969 Theo-

2150 3001 2348 3058 derico
2373 3001 2496 3058 suis
2519 3001 2864 3072 hominibus,
2902 3015 2972 3058 ne
3001 2999 3251 3071 alicujus
3281 3014 3459 3072 prece
3493 3000 3595 3056 vel
3626 2999 3799 3073 pretio

2149 3091 2375 3148 seducti
2407 3090 2675 3162 injuriam
2709 3090 2828 3148 illis
2857 3091 3074 3148 inferre
3108 3087 3477 3146 molirentur.
3519 3089 3801 3146 Guiredus

2149 3194 2381 3252 quoque
2403 3194 2685 3237 concessa
2709 3180 2821 3236 sibi
2845 3179 3212 3252 providentia
3242 3178 3526 3250 Sulpeum
3550 3184 3610 3236 et
3632 3179 3800 3250 Noga-

2151 3269 2268 3325 rias
2305 3283 2434 3326 cum
2477 3269 2766 3340 Chevogio
2797 3270 2945 3340 (165)
2978 3270 3353 3342 procurabat,
3386 3272 3448 3326 et
3491 3269 3610 3326 hoc
3650 3271 3799 3324 tanta

2151 3357 2449 3428 instantia,
2479 3361 2538 3414 ut
2562 3359 2610 3414 si
2636 3373 2805 3429 quem
2839 3357 3306 3414 miuisterialium
3339 3358 3620 3415 mercede
3650 3359 3800 3426 lngo-

2153 3445 2357 3503 brandi
2388 3447 2774 3503 Mosomenses
2803 3446 2898 3503 vel
2927 3443 3311 3503 Bulonienses
3343 3445 3491 3502 illuc
3525 3445 3798 3504 deducere

2151 3534 2484 3592 laborarent
2505 3534 2592 3607 Â³Â³â¸,
2615 3535 2713 3593 ille
2730 3550 2830 3593 eos
2848 3535 2942 3593 vel
2962 3540 3093 3592 astu
3115 3535 3467 3608 praveniret
3488 3536 3588 3593 vel
3604 3534 3797 3594 collec-

2157 3625 2230 3683 tis
2257 3625 2484 3683 viribus
2526 3631 2876 3682 removeret.
2923 3624 3248 3695 Raginerus
3281 3639 3526 3696 quoque
3557 3623 3795 3682 Pirensis

2154 3715 2509 3787 prapositus
2531 3719 2693 3771 tanta
2718 3713 3037 3771 sedulitate
3055 3714 3471 3770 Maceriensem
3489 3714 3791 3772 transitum

2153 3803 2270 3860 illis
2320 3805 2715 3874 obstruxerat,
2761 3808 2824 3860 ut
2856 3817 3023 3860 nemo
3069 3816 3270 3859 earum
3319 3803 3587 3874 partium
3617 3800 3792 3860 seillo

2153 3893 2418 3962 ingerere
2449 3893 2694 3950 auderet
2725 3893 3145 3963 cujuscumque
3181 3892 3401 3963 negotii
3439 3893 3660 3964 gratia.
3699 3891 3792 3947 Ro-

2154 3982 2355 4038 bertus
2388 3982 2562 4038 etiam
2593 3981 2875 4038 Cunensis
2909 3981 3261 4052 prapositus
3290 3980 3526 4039 viribus
3553 3977 3788 4038 Dodonis

2153 4070 2504 4140 Calviacum,
2559 4069 2986 4126 Flabotivillam
3034 4074 3096 4125 et
3144 4069 3630 4140 Gandrehengias
3661 4067 3788 4138 (166)

2154 4165 2516 4231 pervaserat,
2549 4162 2608 4214 et
2633 4157 2915 4215 fratribus
2939 4159 3035 4229 qui
3060 4158 3162 4214 illo
3185 4158 3386 4230 plures
3405 4158 3788 4217 convenerant

2153 4262 2351 4304 eorum
2375 4247 2667 4303 reditibus
2689 4245 3076 4303 deserviebat.
3111 4248 3266 4303 lianc
3295 4248 3558 4304 abbatia
3580 4246 3791 4304 divisio-

2154 4349 2283 4392 nem
2323 4350 2454 4392 cum
2495 4334 2899 4406 lngobrandus
2941 4333 3188 4392 Otberto
3229 4336 3564 4408 sapissime
3610 4348 3791 4406 sugge-

2156 4428 2334 4494 reret,
2395 4423 2676 4482 Otbertus
2723 4438 2864 4480 vero
2913 4426 3024 4482 hoc
3069 4425 3259 4497 ipsum
3309 4425 3446 4482 duci
3501 4423 3789 4483 Godefrido

2155 4514 2320 4586 quasi
2345 4514 2627 4571 advocato
2648 4512 2916 4570 ecclesia
2941 4515 3093 4584 quod
3119 4513 3255 4570 talia
3281 4519 3598 4586 pateretur
3624 4513 3788 4571 tristis

2153 4603 2450 4674 ingereret
2477 4622 2488 4657 :
2515 4603 2614 4660 ille
2636 4617 2668 4660 e
2690 4602 2924 4660 diverso
2944 4604 3316 4676 causabatur,
3352 4603 3412 4660 id
3449 4604 3568 4662 sibi
3601 4604 3788 4676 injuste

2153 4706 2283 4749 eum
2323 4705 2696 4761 succensere,
2729 4704 2795 4747 ea
2828 4705 2958 4762 qua
2989 4706 3094 4749 sua
3125 4696 3296 4748 erant
3334 4692 3632 4764 ecclesia,
3672 4690 3785 4748 ï¬liis

2153 4782 2280 4853 ejus
2311 4795 2416 4838 nec
2447 4781 2661 4838 debere
2703 4795 2810 4838 nec
2848 4795 3024 4853 posse
3071 4795 3418 4853 quemquam
3475 4781 3781 4855 prohibere,
3883 4829 3885 4831 .

2152 4870 2265 4945 ipsi
2315 4870 2425 4929 hoc
2471 4870 2673 4942 potius
2719 4869 3120 4942 imputandum
3160 4885 3314 4941 esse,
3359 4871 3460 4943 qui
3500 4875 3710 4928 tantam
3739 4869 3781 4924 in

2153 4959 2282 5018 loco
2329 4961 2614 5018 hactenus
2660 4957 2904 5017 honesto
2950 4959 3328 5016 suscitaverit
3373 4961 3780 5025 confusionem,

2153 5048 2368 5122 quique
2399 5048 2660 5120 legitimo
2691 5048 2888 5106 abbati
2921 5048 3401 5120 superinduxerit
3438 5047 3609 5108 illum
3639 5061 3780 5106 suum
3877 5029 3879 5119 á¼±

2149 5138 2326 5197 talem
2357 5139 2753 5197 consultorem
2793 5145 2852 5196 et
2891 5139 3274 5212 provisorem.
3320 5139 3442 5197 Sub
3486 5140 3593 5197 tali
3635 5137 3779 5209 hujus

2148 5229 2416 5288 ecclesia
2465 5228 2806 5289 confusione
2856 5229 3202 5288 Lambertus
3252 5229 3466 5303 minor,
3514 5229 3615 5304 qui
3652 5222 3777 5301 apud
3873 5249 3875 5258 Î‡

1731 5353 1970 5412 VABIE
1999 5355 2294 5414 LECTION
2301 5356 2409 5413 ES.

458 5435 526 5474 Â¹Â¹Â³
557 5435 853 5497 laboraret
884 5444 933 5496 l.

1977 5515 2200 5575 NOTE.

763 5605 1005 5738 ialpztii
1037 5607 1184 5684 Cat.,
1217 5623 1268 5670 Î¿.
1303 5614 1353 5671 3.

706 5719 746 5752 .,
813 5719 827 5740 .
933 5717 946 5740 .

706 5719 746 5756 Î¿,
775 5717 827 5740 Î½Î¿
865 5717 946 5740 Î¹â€™..

2216 5614 2364 5690 (165)
2381 5615 2639 5690 Squspy,
2670 5614 2924 5690 Noygg-s,
2961 5614 3256 5690 aueoâ€.
3291 5615 3358 5674 R.

2215 5657 2364 5764 á¼°á½¶á½„á½¸á¼±
2381 5657 3185 5764 á½ƒÎ»á¾¶á¾¨á½²á¼’Î¹á½¹á¼ƒá¾˜á½¶á¾¶á½¶Ïƒá¿–Î¹á¿–á¼•á¿–Î¹á½²á¼´
3192 5657 3698 5766 eaEa-Â«ww.
3714 5683 3764 5742 ll.

3865 5427 3872 5700 Ï„
