3968 6334
370 359 526 430 1428

364 537 482 608 jam
505 548 751 592 securus
781 531 1056 606 locasset,
1095 534 1270 592 Cunis
1285 547 1557 591 reversus
1599 529 1888 604 quomodo
1919 546 2015 588 res

368 641 471 682 sua
489 625 871 698 processisset
893 625 1088 681 abbati
1117 626 1444 694 Berengero
1467 623 1620 696 apud
1641 621 2018 679 Eberueicor-

368 718 485 770 tem
511 713 979 783 commoranti,ct
997 713 1282 784 quosipse
1298 714 1669 784 procurasset
1685 710 1794 767 sibi
1814 709 2018 766 rescri-

368 802 422 858 bi
446 801 1092 872 mandavit.Rcscripsit
1111 799 1297 871 ille,sc
1315 797 2016 871 procurautc,paratosad

365 891 694 947 condictam
711 889 1062 946 audientiam
1079 887 1490 959 convenirc,de
1507 887 1770 944 Rcmeusi
1787 887 2016 958 quidem

371 977 680 1050 metropoli
712 977 980 1034 domuum
1025 979 1344 1034 Manassen]
1381 976 1782 1048 praepositum,
1818 979 2017 1047 postea

369 1066 581 1124 factum
609 1065 1114 1137 archiepiscopum
1145 1067 1315 1136 (171),
1336 1065 1623 1134 Rogerum
1649 1063 2017 1118 defensorem

366 1154 632 1211 ecclesiae
651 1158 708 1209 et
747 1153 1240 1222 archidiaconum,
1267 1151 1578 1208 Rodulfum
1603 1151 2018 1208 cancellarium

367 1246 588 1316 etpost
641 1244 956 1299 Manasscm
1014 1241 1393 1314 praepositum
1454 1241 1624 1312 (172),
1685 1240 2018 1297 Odalricum

371 1332 748 1389 scolasticum
800 1331 1064 1389 ecclesiae
1115 1332 1382 1387 Romanae
1412 1330 1556 1387 satis
1609 1333 1805 1386 uotum
1837 1334 1898 1386 et
1929 1344 2020 1386 ca-

373 1437 496 1478 rum
534 1423 707 1493 (173);
743 1421 813 1477 de
853 1421 1101 1477 ecclesia
1162 1419 1315 1476 beati
1351 1419 1594 1490 Remigii
1653 1418 2017 1474 Lambertum

372 1510 626 1582 priorem
659 1515 713 1565 et
743 1524 888 1580 quos
914 1525 1108 1565 secum
1133 1508 1421 1565 deducere
1445 1507 1654 1574 vellet;
1680 1509 1750 1563 de
1773 1507 2018 1564 ecclesia

372 1599 775 1656 Suessionensi
825 1598 1250 1668 Engelraunum
1283 1597 1350 1631 ¹²¹
1383 1598 1873 1667 archidiaconum,
1908 1612 2018 1652 nou

371 1687 554 1744 multo
585 1693 720 1758 post
752 1687 1009 1744 Lauduni
1069 1687 1406 1758 cpisc0pum
1464 1687 1794 1743 ordinatum
1827 1687 2014 1757 (174);

369 1773 441 1830 de
473 1774 722 1831 ecclesia
776 1774 1140 1831 Laudunensi
1172 1774 1408 1831 Ebalum
1458 1775 1927 1832 archidiaconum
1959 1777 2020 1830 et

1365 359 1843 426 CHRONICON
1873 356 1938 422 S.
1974 345 2343 420 HUBERTI
2375 355 2748 421 ANDAGIN

2045 490 2100 554 A

3633 355 3787 421 1424

2128 525 2306 598 vavit,
2333 524 2650 600 diceusque
2667 529 2927 587 eamdem
2951 524 3307 587 audientiam
3323 543 3436 588 non
3459 528 3660 588 solum
3682 543 3788 602 per

2129 631 2191 672 se
2222 617 2594 674 avertendam
2643 617 2731 690 1⁸³,
2765 634 2967 676 verum
3016 634 3120 676 sua
3147 621 3506 677 auctoritate
3564 625 3626 676 et
3655 634 3788 676 cou-

2129 704 2308 762 ductu
2337 707 2740 778 reborandam,
2761 707 3042 779 compulit
3066 709 3176 765 sibi
3202 707 3490 780 duplicari
3515 709 3784 781 pecuniae

2129 795 2572 866 promissionem
2594 797 3088 868 primamzsieque
3103 797 3454 868 malignante
3477 797 3786 870 impietate

2127 897 2258 939 cum
2307 884 2570 955 avaritia,
2627 899 2911 958 Oppressa
2941 889 3032 942 est
3093 885 3462 943 climinaudaa
3510 885 3787 944 veritatis

2128 972 2511 1043 experientia.
2537 975 2674 1030 Nam
2695 991 2825 1031 cum
2855 975 3190 1032 defensioue
3214 975 3379 1032 ducis
3399 979 3458 1034 et
3486 976 3787 1032 conducta

2130 1064 2329 1116 tantus
2353 1067 2582 1132 tamque
2604 1062 2880 1132 vulgatus
2897 1068 3222 1121 conventus
3248 1068 3597 1136 speraretur
3618 1079 3788 1134 agen-

2131 1149 2239 1206 dus
2263 1149 2458 1205 Leodii
2484 1150 2818 1208 imminente
2839 1151 3109 1209 natalitio
3133 1152 3535 1224 apostolorum
3555 1154 3787 1209 Petriet

2130 1238 2290 1295 Pauli
2319 1239 2440 1309 (au.
2465 1243 2644 1312 109:3),
2668 1240 2790 1312 ipsa
2814 1241 3016 1298 eadem
3040 1241 3133 1299 die
3155 1257 3288 1300 cum
3310 1243 3528 1299 comite
3541 1241 3786 1299 Arnulfo

2131 1342 2194 1384 se
2219 1328 2410 1384 Remis
2432 1328 2688 1385 futurum
2721 1329 2951 1400 publice
2981 1330 3266 1401 condixit,
3294 1336 3360 1388 ut
3386 1331 3517 1402 ejus
3548 1345 3786 1388 causam

2129 1433 2257 1473 cum
2289 1416 2572 1474 Raiualdo
2595 1418 3040 1492 archiepiscopo
3064 1424 3283 1491 ageret,
3303 1434 3560 1490 eumque
3583 1421 3657 1477 de
3679 1421 3791 1476 Ilo.

2131 1506 2386 1563 somensi
2421 1511 2616 1563 castro
2639 1507 2793 1578 quod
2817 1507 3156 1566 incenderat
3185 1516 3246 1566 et
3274 1513 3616 1566 vastaverat
3641 1510 3788 1578 (175)

2131 1594 2539 1650 coucordaret.
2575 1595 2736 1652 Dodo
2771 1596 3105 1667 intelligens
3135 1597 3445 1654 Otbertum
3487 1601 3548 1653 et
3584 1597 3790 1654 ducem

2132 1682 2451 1753 cognitioni
2475 1683 2875 1740 discernenda:
2901 1685 3170 1742 veritatis
3193 1685 3502 1755 defecisse,
3519 1684 3788 1742 eumdem

2134 1771 2422 1829 defectum
2448 1773 2646 1829 abbati
2667 1769 2890 1843 retulit,
2915 1777 2972 1830 et
2997 1773 3237 1830 meliora
3269 1773 3529 1846 speranti
3554 1772 3788 1829 maximi

370 1863 791 1920 Adalberonem
826 1865 1116 1934 abbatem,
1143 1867 1200 1919 et
1235 1879 1381 1934 quos
1404 1863 1529 1935 ipse
1559 1879 1790 1934 quoque
1821 1878 2017 1920 secum
2044 1845 2106 1910 Β
2137 1859 2358 1918 doloris
2381 1861 2590 1920 vulnus
2631 1862 2888 1918 adauxit.
2916 1863 3112 1932 Neque
3143 1862 3294 1918 enim
3327 1866 3558 1918 tantum
3589 1877 3700 1933 pro
3730 1875 3792 1918 se

367 1952 568 2008 venire
625 1957 1014 2024 competeret.
1082 1953 1369 2009 Praeterea
1431 1953 1778 2022 significavit
1837 1953 1886 2008 ei
1921 1968 2022 2024 per

373 2041 608 2098 easdem
641 2040 894 2111 litteras,
929 2041 1173 2098 lleurico
1229 2045 1286 2097 ct
1316 2041 1564 2096 Lanzoni
1596 2041 2022 2098 archidiaconis

371 2134 427 2186 et
461 2129 673 2201 quibus
719 2131 828 2186 sibi
862 2130 1046 2186 visum
1078 2131 1267 2186 fuerat
1320 2130 1860 2187 rationabilioribus
1889 2131 2025 2187 Leo-

371 2217 589 2274 diensis
637 2218 904 2274 ecclesite
938 2234 1042 2289 pro
1103 2233 1163 2274 re
1219 2225 1279 2274 ct
1337 2223 1600 2290 tempore
1659 2234 1722 2274 se
1780 2219 2025 2291 plurima

371 2305 679 2376 scripsisse
708 2311 764 2360 et
800 2306 1216 2376 transmisisse,
1255 2307 1310 2361 in
1363 2306 1572 2376 quibus
1612 2309 1892 2376 arguebat
1924 2321 2028 2362 eos

371 2393 641 2450 mercede
665 2391 890 2448 Balaam
923 2393 1200 2449 seductos
1228 2407 1424 2450 coram
1461 2393 1596 2450 ﬁliis
1621 2395 1840 2450 Israhel
1867 2409 2031 2450 scan-

374 2482 566 2539 dalum
593 2481 879 2554 posuisse,
913 2479 1198 2538 habentes
1234 2482 1401 2538 modo
1425 2483 1729 2540 Otbertum
1755 2498 1862 2555 pro
1888 2498 2031 2555 pon-

372 2571 552 2641 tifice,
616 2585 784 2640 quem
845 2586 1043 2626 secum
1113 2570 1248 2628 olim
1311 2571 1764 2628 detestabantur
1808 2572 2031 2644 judicio

386 2659 872 2716 contradictionis
893 2659 1256 2730 justissimre,
1289 2666 1344 2715 et
1380 2666 1442 2717 ut
1471 2660 1594 2732 ipsa
1620 2660 1881 2732 quaedam
1906 2662 2032 2732 ejus

379 2749 562 2804 verba
588 2748 1068 2819 iuterpoucutnr:
1096 2748 1172 2806 Si
1203 2749 1326 2819 hoc,
1353 2749 1560 2820 inquit,
1591 2751 2026 2822 recte/ecistis,

381 2836 559 2894 hodie
580 2837 950 2894 letamiuiin
969 2837 1303 2894 Abimeleeh
1317 2838 1378 2894 et
1391 2838 1594 2909 ipsein
1613 2838 1805 2896 vobis:
1840 2839 2033 2896 Domi-

378 2926 694 2984 uusautem
721 2925 1025 2984 laetabitur
1044 2928 1111 2984 iu
1131 2926 1405 2998 operibus
1424 2927 1554 2984 suis
1579 2926 1802 2997 (Judie.
1822 2943 1896 2998 ιι,
1915 2930 2024 2998 19).

378 3016 590 3073 Omnes
620 3016 726 3071 has
783 3017 1229 3088 procurationes
1286 3015 1643 3073 defensionis
1674 3032 1794 3074 suze
1825 3017 2027 3074 retulit

377 3105 564 3160 abbas
613 3104 833 3160 Dodoni
869 3105 1138 3172 Cunensi,
1199 3109 1255 3159 ct
1288 3109 1354 3160 ut
1389 3120 1586 3161 secum
1611 3104 1814 3162 ducem
1848 3107 2030 3164 Gode-

2136 1950 2392 2022 dolebat,
2410 1951 2699 2008 subducto
2721 1951 2830 2008 sibi
2854 1950 2980 2007 loco
2998 1951 3672 2022 defensiouis,quautum
3689 1965 3790 2022 pro

2135 2037 2246 2094 hiis
2277 2054 2422 2110 quos
2472 2043 2770 2095 emoverat
2803 2043 2982 2095 tantae
3037 2037 3464 2110 expectationi.
3529 2037 3792 2095 Subinde

2137 2141 2368 2198 quoque
2401 2129 2766 2198 Berengerus
2818 2129 3002 2186 abbas
3032 2132 3338 2200 assumpto
3370 2125 3572 2200 priore
3604 2128 3791 2184 sancti

2138 2216 2401 2287 Remigii,
2433 2217 2603 2274 Piros
2657 2232 2843 2289 usque
2870 2223 3265 2290 processerat,
3327 2217 3695 2288 quaesiturus
3723 2215 3790 2272 de

2139 2304 2514 2362 certilicanda
2539 2307 2859 2363 securitate
2881 2321 3081 2363 eorum
3105 2321 3255 2377 quos
3275 2309 3333 2362 et
3358 2305 3486 2376 ipse
3508 2312 3793 2362 venturos

2141 2393 2578 2451 sollicitaverat.
2614 2395 2831 2452 Ibidem
2867 2395 3162 2467 paulisper
3188 2395 3448 2452 cessauti
3471 2395 3698 2452 missus
3724 2395 3792 2450 ab

2141 2482 2353 2540 abbate
2412 2483 2754 2540 Lambertus
2809 2483 2992 2554 major
3048 2482 3328 2554 occurrit,
3378 2486 3441 2538 et
3494 2497 3614 2554 quo
3668 2490 3794 2539 astu

2143 2571 2370 2628 Otberti
2403 2577 2461 2628 et
2494 2571 2658 2629 ducis
2685 2587 2823 2644 spes
2851 2587 3051 2629 eorum
3082 2573 3364 2628 frustrata
3397 2576 3586 2641 esset,
3620 2569 3794 2627 nichil

2144 2658 2243 2714 tali
2269 2658 2824 2715 verentinunciavit.
2853 2657 3662 2730 Berengerusiudignatusex
3684 2663 3795 2714 tam

2141 2749 2334 2804 subita
2354 2763 2548 2804 rerum
2582 2747 2904 2818 eversione,
2939 2749 3137 2804 statim
3171 2748 3435 2804 dictante
3459 2745 3673 2803 eadem
3696 2759 3795 2802 sua

2142 2833 2540 2906 indignatione
2555 2837 2796 2908 scripsit
2810 2836 3128 2907 majoribus
3140 2835 3481 2894 Leodieusis
3495 2833 3792 2904 ecclesiae,

2141 2940 2256 2982 non
2275 2931 2433 2982 reate
2455 2941 2557 2982 eos
2590 2926 2753 2982 fama:
2770 2941 2890 2982 suzc
2911 2932 2970 2982 et
2994 2925 3202 2982 honori
3223 2924 3624 2995 consuluisse,
3643 2923 3796 2994 judi-

2139 3014 2232 3072 cio
2263 3021 2322 3070 et
2344 3013 2598 3086 justicize
2617 3014 2786 3070 nimis
2806 3014 3177 3086 impudenter
3199 3014 3257 3070 in
3286 3013 3481 3086 capite
3496 3027 3610 3069 suo
3643 3012 3796 3068 defe-

2140 3105 2312 3174 cisse,
2331 3103 2621 3159 infamiam
2643 3102 2816 3173 hujus
2855 3103 3120 3160 defectus
3142 3103 3233 3160 sui
3253 3103 3423 3172 longe
3437 3101 3682 3173 lateque
3706 3104 3793 3158 tot

303 3245 310 3250 .
379 3191 589 3248 fridum
621 3197 1072 3248 commorantem
1117 3193 1344 3250 Bulonii
1379 3193 1717 3250 conveniret
1754 3195 2029 3266 precibus
2061 3205 2114 3271 c
2142 3192 2512 3250 auditoribus
2533 3191 2786 3264 repulsis
2801 3190 3156 3263 declarasse,
3171 3197 3230 3248 et
3249 3197 3440 3248 tamen
3463 3205 3496 3246 a
3517 3189 3793 3246 condicta

377 3280 652 3354 optinuit,
690 3295 794 3352 per
813 3295 875 3335 se
896 3281 1122 3337 certius
1147 3283 1218 3337 ab
1241 3297 1308 3336 eo
1334 3283 1712 3353 quaesiturus,
1739 3283 1876 3354 quid
1900 3299 2030 3340 cum

379 3369 626 3427 Otberto
653 3373 968 3424 tractasset
999 3369 1070 3424 de
1101 3370 1422 3426 securitate
1453 3371 1660 3440 agendi
1686 3378 2030 3430 conventus.

379 3457 704 3529 Respondit
733 3457 850 3514 dux
897 3457 1106 3513 iterum
1156 3463 1333 3529 atque
1364 3459 1574 3516 iterum
1607 3475 1668 3516 se
1725 3460 2030 3518 Otbertum

381 3561 488 3616 pro
519 3545 630 3601 hoc
680 3543 1113 3616 iuterpellasse,
1177 3545 1338 3603 illum
1370 3561 1511 3605 vero
1564 3549 1806 3606 variatis
1841 3549 2036 3606 verbis

381 3633 607 3690 certius
657 3632 788 3690 inde
822 3649 882 3690 re
905 3649 1182 3706 sponsum
1221 3635 1506 3694 hactenus
1532 3635 1898 3695 insimulasse
1931 3638 2034 3706 1²²;

384 3721 488 3778 sed
521 3721 577 3778 in
609 3723 930 3779 crastinum
963 3737 1026 3779 se
1059 3723 1394 3782 habiturum
1425 3740 1556 3782 cum
1585 3741 1656 3783 eo
1681 3725 2036 3798 colloquium

382 3809 672 3882 Vilantize,
723 3825 916 3868 secum
964 3827 1032 3868 eo
1065 3827 1246 3884 usque
1305 3814 1465 3870 Dodo
1497 3814 1740 3885 veniret,
1802 3814 2040 3887 illicque

385 3899 760 3972 experiretur
791 3901 926 3972 quid
983 3901 1338 3959 credendum
1397 3904 1468 3960 de
1500 3903 1787 3961 mandatis
1842 3905 2038 3961 abbati

385 3989 654 4044 referret.
677 3991 1071 4046 Przcsenserat
1093 3995 1286 4046 autem
1307 3991 1588 4048 Otbertus
1606 3992 2040 4050 studiosissime

385 4075 655 4132 abbatem
689 4091 809 4132 rem
859 4091 1021 4133 suam
1056 4093 1424 4149 procurasse,
1476 4083 1681 4152 totque
1737 4081 2040 4140 auditores

393 4163 697 4222 adversum
713 4181 774 4222 se
788 4170 843 4222 et
864 4166 1116 4222 clericos
1131 4182 1270 4224 suos
1287 4169 1791 4242 suscitasse,ipsos
1810 4185 2039 4242 quoque

387 4253 736 4310 Leodienses
795 4255 1098 4311 maximam
1159 4256 1616 4326 indignationem
1672 4261 2036 4334 concepisse,

387 4342 540 4413 quod
565 4358 828 4414 personae
847 4343 1090 4400 aliarum
1117 4344 1366 4418 urbium,
1390 4348 1555 4418 quasi
1571 4350 2040 4422 perspicaciores

390 4431 993 4503 superiuducerentur
1016 4433 1101 4489 eis
1121 4433 1190 4490 ad
1216 4434 1670 4507 disputandum;
1693 4439 2038 4498 etdiﬁidens

389 4521 546 4594 parti
571 4537 688 4579 suae
720 4523 764 4580 si
797 4523 1302 4593 congrederentur
1330 4525 1382 4582 ei
1407 4525 1477 4581 ad
1495 4527 1808 4600 judicium,
1843 4545 2040 4589 neces-

2143 3281 2440 3339 audientia
2462 3281 2542 3338 sic
2567 3282 2902 3354 frustratos,
2927 3297 3138 3339 causas
3159 3280 3399 3352 agendae
3431 3279 3794 3336 defensionis

2143 3375 2204 3428 ct
2218 3371 2523 3428 elimandze
2541 3370 2808 3427 veritatis
2827 3371 3278 3428 nichilhomiuus
3293 3367 3797 3426 eﬂ'ecisse.Scieus

2146 3475 2378 3533 quoque
2401 3459 2670 3516 abbatem
2683 3459 3100 3517 Theodericum
3116 3458 3264 3516 aﬂici
3278 3457 3640 3529 gravissimo
3663 3471 3798 3514 ma:-

2147 3565 2299 3620 rore,
2345 3548 2665 3605 secundum
2697 3547 2869 3604 animi
2905 3549 2991 3606 sui
3044 3546 3505 3604 teneritudinem
3537 3546 3690 3602 hanc
3717 3545 3796 3602 in-

2151 3645 2238 3694 ter
2262 3637 2509 3710 plurima
2533 3636 2615 3692 illi
2640 3636 2882 3708 scripsit
2904 3636 3399 3694 consolationem:
3428 3635 3800 3706 limumqui-

2149 3727 2278 3785 dem
2307 3727 2506 3784 exitus
2524 3725 2855 3798 prudentia
2886 3727 3148 3798 metitur,
3181 3727 3289 3786 sed
3315 3727 3520 3786 alieno
3560 3725 3632 3782 de
3651 3725 3805 3795 cepit

2148 3830 2347 3874 errore
2363 3815 2558 3872 rotam
2567 3814 2840 3887 fortuna:
2850 3829 2954 3872 nos
2971 3829 3204 3886 quoque
3215 3816 3592 3888 aliquandiu
3618 3819 3786 3876 νευθί

2147 3906 2358 3974 cimus,
2377 3904 2739 3961 etmaximos
2751 3902 3233 3975 laboresfrustra
3239 3905 3505 3976 fatigati
3526 3905 3804 3980 carpendi-

2148 4009 2297 4051 mus.
2315 3993 2457 4050 Erit
2467 3993 2621 4050 certe
2633 3992 2740 4050 lzoc
2757 3991 2966 4049 aeterni
2982 3993 3218 4051 Judicis
3237 3993 3579 4066 vindicare,
3591 4011 3699 4068 pro
3710 4010 3804 4055 cu-

2145 4081 2654 4155 iusﬂdemazeime
2669 4081 3071 4153 proposuimus
3101 4081 3523 4155 iuimicisejus
3535 4085 3807 4158 displice-

2149 4185 2232 4228 re.
2274 4174 2659 4242 Summopere
2678 4185 2810 4227 vero
2849 4169 3185 4228 curandum
3205 4171 3296 4229 est
3304 4171 3474 4230 vobis
3497 4174 3608 4232 hoc
3627 4176 3806 4233 citius

2152 4262 2238 4318 eis
2249 4274 2395 4332 quos
2405 4259 2680 4317 ooeastis.
2698 4260 2767 4316 ut
2775 4261 2844 4317 in
2855 4258 2992 4316 locis
3002 4260 3132 4317 suis
3161 4261 3408 4330 cessent,
3431 4262 3806 4334 signiﬁcare.

2153 4351 2279 4420 Ego
2291 4363 2443 4422 quoq
2451 4347 2771 4406 uerediens
2781 4347 2850 4406 id
2858 4348 3054 4420 ipsum
3064 4347 3282 4406 curabo
3291 4350 3630 4408 mturare.
3649 4351 3808 4409 Vale.

2154 4440 2270 4495 Nec
2302 4453 2482 4508 mora,
2507 4437 2793 4494 ordinatis
2824 4437 2896 4494 ab
2920 4442 3170 4510 utroque
3199 4437 3432 4510 legatis,
3454 4446 3525 4496 ut
3545 4446 3811 4498 cessante

2157 4526 2448 4584 audientia
2488 4532 2790 4584 cessarent
2811 4531 2871 4582 et
2900 4526 3147 4598 evocati,
3175 4527 3550 4597 Berengerus
3579 4529 3814 4586 rediens

390 4593 624 4667 Sitatem
649 4611 1003 4670 imminentis
1017 4613 1328 4672 audientia:
1349 4593 1664 4675 destinavit
1681 4633 1742 4674 se
1767 4593 2041 4690 quocum-
2069 4593 2124 4656 D
2157 4615 2350 4674 Remis
2371 4615 2721 4687 quantocius
2735 4613 2869 4672 duci
2889 4593 3168 4686 occurrit,
3190 4621 3249 4671 et
3268 4593 3407 4686 quia
3426 4632 3536 4688 pro
3555 4623 3816 4690 tempore

391 4712 505 4770 que
534 4701 702 4758 modo
732 4701 921 4759 vitare
955 4721 966 4756 :
1003 4703 1156 4760 unde
1187 4709 1246 4760 et
1279 4703 1412 4762 duci
1447 4704 1516 4761 ad
1552 4721 1611 4762 se
1643 4707 1898 4764 venienti
1942 4711 2054 4768 hcc
2157 4704 3814 4777 sibividebaturpotenspersoua,potiuscauteleuienda,

391 4785 582 4860 ipsum
607 4790 898 4848 secretius
929 4790 1241 4848 iutimavit.
1273 4794 1395 4850 Dux
1420 4808 1560 4852 vero
1585 4799 1643 4852 ut
1676 4796 1786 4854 hoc
1809 4799 2053 4870 audivit_
2161 4810 2331 4870 quam
2364 4795 2722 4853 mordaciter
2749 4793 3169 4866 exasperanda,
3194 4809 3326 4851 cum
3350 4795 3595 4867 publice
3617 4810 3819 4868 quere-

391 4877 606 4936 callide
641 4880 793 4950 quod
826 4879 1074 4937 timebat
1099 4881 1380 4939 Otbertus
1405 4882 1692 4943 adversus
1713 4901 1843 4944 eum
1869 4861 2060 4960 ingra:
2163 4861 2328 4946 retur
2360 4885 2430 4943 de
2461 4899 2527 4942 ca
2574 4899 2744 4957 quam
2805 4861 3161 4957 patiebatur
3192 4861 3402 4942 sancta
3432 4861 3688 4944 ecclesia
3751 4887 3818 4942 ab

1759 4987 1994 5044 VARl/E
2033 4987 2440 5050 LECTIONES.

562 5074 970 5160 Emolranuum
1010 5083 1065 5160 1.
1102 5079 1208 5137 sed
1235 5079 1937 5160 igifrdnEngelramnum,
2007 5086 2076 5124 ¹²²
2104 5104 2218 5146 non
2251 5083 2745 5159 interponendum
2768 5081 3030 5154 videtur,
3059 5083 3188 5142 nisi
3213 5082 3621 5156 interpretari
3644 5083 3825 5143 mli:

395 5143 824 5205 dissimulando
854 5149 1153 5208 vitavisse.
1237 5149 1304 5184 ηε
1335 5143 1596 5212 almum
1624 5169 1737 5212 non
1767 5159 2064 5219 excidisse
2089 5143 2350 5230 aestu,

470 5338 1012 5428 (tjthaginoldns
1034 5349 1301 5428 mortuus
1318 5351 1408 5428 est
1437 5349 1656 5428 xn_Ka_1.
1685 5351 1853 5428 Febr.
1882 5258 2219 5422 10920
2237 5355 2385 5428 (173)
2420 5356 2559 5428 1097
2598 5351 2891 5428 legatione
2916 5351 3002 5428 ad
3036 5349 3330 5410 Urbanum
3359 5351 3410 5410 II
3443 5351 3686 5414 functus
3713 5355 3822 5413 est.

396 5411 564 5494 Dicor.
596 5411 764 5494 Rem;
797 5430 888 5488 ap.
923 5417 1117 5491 Varin,
1167 5419 1453 5478 Archives
1481 5423 1692 5478 admin.
1729 5423 1800 5480 de
1830 5423 1884 5482 la
1916 5411 2054 5486 ville
2162 5411 2387 5494 Ha‘rlot’,
2422 5425 2570 5482 Ilist.
2605 5411 2763 5480 REm.
2799 5425 2866 5491 Il,
2906 5426 3030 5480 214.

401 5481 476 5539 de
505 5482 722 5540 Reims.

457 5547 622 5633 ’(172)
657 5554 794 5633 Quo_
839 5569 934 5633 xiv
985 5557 1112 5615 Kal.
1180 5560 1317 5618 Oct.
1383 5563 1518 5620 1106
1573 5570 1809 5625 mortuo
1865 5567 2054 5624 archi-

395 5624 974 5766 gpgsgﬁﬁielectus
1003 5635 1112 5702 est,
1147 5635 1204 5688 et
1235 5636 1394 5704 1108,
1422 5634 1692 5696 Gerrasio
1713 5624 2052 5698 adversario

2237 5493 2576 5570 (174)31qu
2616 5497 2788 5570 1096.
2845 5493 3134 5566 Sigeberti
3191 5497 3364 5554 Auct.
3425 5495 3822 5568 Lauduneuse,

2161 5567 2308 5626 non.
2345 5567 2437 5624 ss.
2475 5568 2564 5638 v1,
2600 5569 2720 5624 us.

2235 5639 2386 5712 (175)
2419 5641 2584 5696 Anno
2616 5641 2772 5710 1092,
2807 5639 2953 5695 Ann.
2984 5638 3221 5702 Mosom.
