3968 6400
203 416 363 480 1425

1208 416 1681 483 CHRONICON
1711 415 1780 480 S.
1812 414 2178 484 HUBERTI
2216 422 2611 493 ANDAGIN.

3460 435 3616 499 1426

205 569 457 629 Otberto
491 571 779 643 injuriam,
816 571 1044 629 dicendi
1069 572 1320 643 modum,
1357 572 1519 644 quasi
1564 570 1858 639 defensori
1888 553 1943 608 Α
1973 574 2128 645 quod
2153 577 2384 634 omnino
2409 578 2710 636 interdicit
2739 582 3014 639 canonica
3038 584 3615 657 auetoritas,scilicet

199 660 334 729 ejus
368 660 500 718 duci
537 661 1333 732 parcens,obliquahat.Cum
1364 661 1514 717 enim
1550 661 1857 717 Otbertum

203 756 516 809 accusaret
547 752 700 823 quod
751 751 1080 807 condictam
1133 750 1402 808 veritatis
1460 750 1857 807 defensionem

201 839 357 897 male
389 841 498 898 sibi
540 840 809 898 conscius
857 840 1349 910 subterfugisset;
1381 841 1587 897 ducem
1644 854 1783 897 vero
1823 853 1854 895 e

202 929 444 986 diverso
471 929 1090 1000 commendaret,quod
1123 943 1245 987 eam
1267 943 1395 985 cum
1417 928 1633 986 ceteris
1648 928 1858 1001 princi-

202 1018 381 1090 pibus
396 1018 682 1091 episcopii
700 1018 1115 1075 condicendam
1131 1018 1626 1085 extorsisset,dux
1640 1019 1856 1075 rubore

203 1108 504 1178 perfusus,
551 1111 702 1166 teste
758 1107 1134 1177 conscientia,
1196 1107 1572 1178 arguebatur,
1624 1121 1734 1179 qua
1794 1121 1857 1164 se

198 1194 404 1265 judice
436 1210 605 1253 nemo
651 1212 870 1253 nocens
929 1196 1277 1253 absolvitur.
1313 1197 1555 1268 Excepit
1615 1197 1856 1252 verbum

207 1283 711 1355 prudentissimus
769 1286 857 1341 vir
914 1268 1772 1357 Rainoldus’archiepiscopus
1826 1298 1854 1341 a

205 1374 542 1443 Berengero
577 1373 845 1444 privatim
881 1374 1279 1445 praemonitus,
1314 1378 1371 1428 et
1421 1379 1698 1430 causatus
1753 1387 1858 1429 cur

208 1458 306 1515 vel
339 1459 453 1531 ipsi
484 1461 577 1517 vel
609 1461 791 1519 ceteri
819 1461 1195 1518 ecclesiarum
1219 1460 1560 1518 defensores
1583 1462 1667 1518 sic
1698 1465 1859 1533 pate-

209 1553 423 1607 rentur
452 1551 720 1607 abbatias
752 1550 1087 1608 Leodiensis
1118 1550 1397 1623 episcopii
1431 1552 1857 1623 deperire,cum

207 1642 454 1709 possent
483 1653 648 1698 suum
683 1639 841 1697 illum
876 1641 1179 1696 Otbertum
1197 1641 1266 1697 ad
1283 1639 1856 1711 quodvellentetiam

204 1725 505 1783 nolentem
520 1726 810 1785 violenter
840 1728 1259 1798 attrahere,vel
1290 1729 1577 1785 volentem
1602 1727 1859 1784 liberali-

205 1818 303 1869 ter
338 1815 642 1882 inclinare;
665 1831 735 1873 eo
761 1831 942 1888 usque
962 1819 1165 1875 ducem
1199 1817 1628 1873 rationabiliter
1661 1817 1859 1873 induc-

1969 664 2172 720 taxato
2203 667 2389 736 pretio
2430 667 2695 726 abbatias
2741 671 3075 727 vendidisse
3105 677 3163 728 et
3212 674 3614 733 ecclesiastica

1971 752 2450 825 ministeria,qute
2480 772 2583 828 pro
2598 757 2898 816 animabus
2915 760 3192 817 curandis
3214 763 3400 831 gratis
3415 763 3613 834 largiri

1971 839 2296 897 debuisset:
2320 843 2600 901 Otbertus
2625 846 2727 901 tali
2744 851 2976 918 tamque
3000 848 3294 919 insperata
3318 865 3615 922 compres-

1971 943 2073 986 sus
2095 930 2562 1001 exactione,licet
2579 934 2935 1005 intelligeret
2951 936 3060 993 hoc
3074 952 3184 992 non
3202 942 3362 995 recte
3382 940 3610 1011 fecisse,

1968 1019 2291 1075 conabatur
2317 1025 2506 1076 tamen
2556 1022 2667 1078 sibi
2701 1024 3066 1094 praetendere
3099 1040 3211 1082 non
3258 1026 3441 1083 solum
3492 1043 3612 1087 suae

1970 1106 2349 1177 malignitatis
2371 1108 2654 1180 velamen,
2682 1111 2786 1166 sed
2808 1116 2865 1166 et
2900 1113 3211 1170 multorum
3236 1114 3612 1185 prwlatorum

1971 1196 2233 1266 probatae
2259 1196 2501 1254 haeresis
2523 1198 3315 1269 defensionem,contestatus
3339 1219 3451 1260 non
3476 1219 3537 1260 se
3558 1205 3614 1262 in

1970 1284 2478 1342 benedictionibus
2522 1287 2643 1342 suis
2671 1288 2921 1357 gratiam
2953 1290 3053 1346 Dei
3102 1291 3457 1362 vendidisse,
3512 1294 3614 1349 sed

1970 1373 2166 1444 potius
2198 1387 2298 1430 eas
2318 1375 2505 1445 gratis
2533 1376 2891 1444 contulisse;
2914 1392 3026 1433 non
3053 1383 3246 1435 autem
3272 1380 3381 1435 sibi
3427 1381 3613 1437 videri

1970 1461 2248 1532 injustum
2280 1463 2331 1519 si
2360 1463 2430 1520 de
2463 1465 2935 1535 possessionibus
2966 1467 3389 1524 ecclesiasticis
3447 1485 3615 1526 suum

1968 1550 2227 1620 exigeret
2258 1552 2645 1623 commodum,
2682 1568 2825 1624 quas
2851 1569 2961 1612 non
3010 1555 3364 1614 habentibus
3417 1558 3619 1616 distri-

1971 1638 2186 1695 buebat
2207 1640 2277 1695 ad
2299 1640 2650 1697 habendum.
2682 1642 2816 1698 Ilaec
2845 1642 3026 1713 pestis
3050 1642 3120 1698 de
3153 1645 3390 1702 Francia
3427 1651 3617 1703 trans-

1973 1726 2097 1783 fusa
2129 1727 2185 1783 in
2218 1728 2643 1799 Lotharingiam
2673 1744 2842 1801 quam
2875 1730 2946 1785 sit
2983 1731 3374 1804 detestabilis,
3407 1740 3611 1792 nostro

1970 1818 2232 1888 tempore
2260 1819 2469 1875 Petrus
2498 1818 2807 1875 Damianus
2833 1818 3162 1876 Alexandro
3203 1836 3365 1893 papae
3414 1823 3615 1894 hujus-

210 1908 334 1959 tum
349 1904 736 1976 affectavit,ut
762 1907 1132 1979 promitteret
1168 1922 1231 1963 se
1252 1922 1453 1963 revera
1492 1907 1606 1976 jam
1641 1905 1857 1962 allabo-
1888 1901 1940 1962 Β
1972 1906 2122 1962 modi
2155 1906 2483 1964 invectione
2502 1906 2799 1979 deplanxit
2834 1906 3037 1964 "‘.Sed
3062 1914 3123 1965 ut
3150 1909 3220 1965 ad
3244 1911 3327 1966 rei
3352 1911 3613 1969 ordinem

210 1997 476 2049 raturum
492 1993 907 2053 ecclesiasticae
922 1995 1244 2052 defensioni
1260 2001 1316 2052 et
1333 1995 1722 2066 legitimorum
1758 1994 1856 2049 ah-

206 2080 410 2137 batum
437 2082 985 2155 restitutioni,quod
1016 2089 1075 2141 et
1106 2084 1213 2141 hoc
1246 2084 1416 2141 modo
1444 2084 1633 2141 divina
1661 2084 1858 2157 dispo-

204 2173 385 2226 nente
405 2169 713 2228 clementia
746 2174 1059 2244 processit.

277 2261 365 2316 78.
401 2258 548 2332 (97.)
578 2262 714 2317 Erat
748 2266 1007 2319 castrum
1036 2262 1190 2320 inter
1214 2262 1416 2332 llojum
1449 2267 1509 2320 et
1555 2263 1851 2334 Leodium,

204 2346 365 2418 quod
395 2348 555 2405 Mons
581 2348 777 2408 clarus
807 2351 954 2422 (176)
981 2351 1853 2423 dicebatur,quodqueinfestis-

201 2436 414 2493 simum
442 2437 552 2515 sibi
577 2439 919 2510 navigantes
941 2455 1045 2511 per
1060 2443 1269 2497 Mosam
1287 2441 1609 2513 saepissime
1633 2441 1852 2497 Oberto

202 2526 866 2597 conquerebantur.Tot
894 2528 1122 2586 illorum
1184 2530 1455 2601 querelas
1507 2535 1563 2586 et
1612 2530 1854 2601 injurias

201 2628 338 2671 cum
387 2613 486 2671 ille
533 2615 632 2674 diu
691 2616 1094 2688 indignaretur
1144 2618 1284 2690 pati,
1309 2618 1575 2675 collectis
1626 2619 1853 2675 viribus

207 2701 483 2760 obsidere
513 2706 769 2763 castrum
785 2705 1119 2763 destinavit.
1148 2706 1288 2764 Huic
1319 2707 1606 2764 obsidioni
1660 2707 1854 2779 dispo-

204 2790 413 2850 nenda
437 2792 642 2851 ducem
666 2795 950 2867 episcopii
967 2800 1023 2851 et
1041 2796 1857 2868 principcsevocaverat,jam-

202 2893 318 2952 que
352 2881 619 2939 ordinata
633 2883 1004 2956 expeditione
1028 2889 1163 2941 ante
1195 2888 1455 2941 castrum
1477 2885 1852 2957 constiterat,

200 2984 332 3026 cum
352 2970 549 3027 subito
563 2970 679 3027 dux
709 2976 944 3044 arrepto
963 2975 1228 3044 tempore
1254 2974 1561 3030 Otbertum
1584 2973 1855 3031 inclama-

203 3058 314 3129 vit,
374 3059 545 3131 eique
600 3059 832 3132 publice
892 3060 1198 3118 consilium
1241 3078 1405 3119 suum
1460 3068 1520 3118 et
1575 3063 1850 3121 auxilium

200 3147 534 3219 excusavit,
584 3148 694 3205 nisi
727 3150 995 3206 abbatias
1032 3151 1217 3207 sancti
1276 3152 1522 3208 Huberti
1547 3153 1853 3223 sanctique

1969 1994 2295 2066 redeamus,
2331 1995 2609 2053 Otbertus
2640 1997 2920 2068 praedicta
2946 1998 3272 2070 principum
3301 2002 3612 2059 exactione

1968 2097 2091 2139 com
2103 2084 2507 2155 pressus,licet
2522 2084 2684 2156 quasi
2704 2086 2942 2142 obtorto
2958 2085 3110 2142 collo
3124 2095 3434 2157 cogeretur
3461 2089 3613 2148 velle

1969 2171 2124 2244 quod
2183 2173 2443 2243 nolebat,
2479 2172 2548 2230 de
2605 2174 2880 2230 abbatum
2932 2176 3309 2233 restitutione
3365 2178 3612 2250 benigne

1970 2264 2163 2317 tamen
2198 2275 2303 2331 pro
2335 2265 2600 2333 tempore
2632 2261 2953 2333 respondit,
2979 2266 3038 2320 et
3071 2278 3142 2319 ex
3175 2269 3436 2337 tempore
3483 2280 3614 2324 sen-

1964 2349 2153 2404 tentia
2187 2348 2462 2420 quicquid
2494 2349 2626 2405 inde
2667 2354 2997 2421 censerent,
3031 2364 3093 2406 se
3143 2351 3429 2409 facturum
3484 2370 3615 2426 pro-

1967 2437 2144 2493 misit.
2178 2439 2486 2495 Decretum
2510 2444 2601 2495 est
2624 2438 2823 2494 statim
2847 2442 2908 2494 ut
2926 2443 3143 2495 remota
3159 2440 3313 2496 omni
3337 2440 3614 2500 dilatione

1967 2527 2381 2584 Wolbodonem
2405 2532 2462 2585 et
2493 2527 2921 2598 Ingohrandum
2953 2527 3216 2599 ejiceret,
3238 2534 3295 2585 et
3321 2529 3615 2603 legitimos

1965 2616 2210 2672 abbates
2267 2615 2412 2672 locis
2475 2616 2598 2673 suis
2658 2621 2987 2687 reponeret.
3023 2616 3109 2671 Ad
3166 2617 3273 2674 hoc
3332 2618 3613 2679 Otbertus

1965 2704 2190 2762 veritus
2218 2718 2286 2759 ne
2320 2704 2432 2760 sibi
2464 2703 2810 2775 quandoque
2841 2704 3003 2760 oneri
3036 2704 3209 2776 foret,
3243 2705 3292 2762 si
3324 2706 3463 2764 talis
3483 2723 3614 2780 per-

1967 2792 2213 2850 mutatio
2247 2792 2518 2849 abbatum
2550 2791 2746 2848 subito
2764 2796 2825 2848 et
2853 2791 3184 2849 inconsulte
3232 2792 3615 2866 fieret,retra-

1967 2884 2126 2937 ctato
2148 2895 2279 2937 cum
2314 2880 2793 2952 prudentioribus
2820 2880 3171 2952 eonsilio,de
3194 2880 3307 2938 hiis
3327 2881 3611 2952 judicium

1966 2969 2249 3041 agendum
2282 2969 2613 3033 constituit,
2630 2972 2694 3026 ut
2722 2969 3154 3026 rationabiliter
3175 2970 3292 3027 illis
3315 2987 3419 3043 pro
3436 2973 3610 3046 culpa

1967 3073 2070 3116 sua
2102 3059 2390 3116 convictis
2410 3063 2465 3115 et
2498 3056 2721 3129 ejectis,
2751 3057 2866 3128 jam
2901 3062 3038 3114 tunc
3093 3058 3438 3116 excluderet
3497 3061 3611 3118 sibi

1966 3149 2329 3207 occasionem
2380 3148 2728 3219 quandoque
2768 3147 3132 3204 removendae
3188 3148 3607 3207 contentionis.

199 3236 500 3293 Laurentii
532 3251 640 3294 suo
673 3240 830 3294 statu
866 3244 1195 3310 reponeret,
1230 3242 1287 3294 et
1321 3254 1421 3295 eas
1465 3255 1610 3311 quas
1658 3240 1856 3299 vendi-
1886 3260 1936 3323 α
1969 3239 2152 3308 Igitur
2184 3237 2416 3309 praefixa
2447 3236 2539 3293 die
2572 3236 2643 3292 ad
2700 3250 2820 3293 rem
2882 3236 3285 3293 maturandam
3344 3237 3611 3296 collectis

204 3324 612 3397 derat,ejectis
642 3327 1026 3398 emptoribus,
1063 3341 1165 3399 per
1205 3327 1524 3398 condignas
1576 3344 1855 3400 personas

201 3412 393 3486 gratis
441 3413 656 3471 ibidem
716 3413 1017 3471 ordinatas
1078 3414 1418 3488 disponeret
1472 3418 1646 3489 (177).
1691 3418 1858 3484 Quod

198 3502 414 3573 inquit,
431 3518 462 3559 ο
481 3503 925 3575 commilitones,
942 3518 979 3562 α
1000 3506 1118 3561 Deo
1132 3506 1435 3561 auxilium
1455 3506 1851 3579 sperabimus,

195 3592 309 3664 qui
322 3594 452 3663 ejus
473 3593 738 3651 ecclesiis
753 3592 1205 3664 depereuntibus
1225 3609 1340 3650 non
1350 3596 1541 3652 solum
1559 3595 1825 3667 defensio
1837 3627 1859 3638 -

194 3694 332 3738 nem
342 3694 458 3737 non
468 3681 995 3753 impendimus,sed
1005 3682 1315 3740 etlibemm
1326 3684 1865 3742 oooemeoniradie-

198 3769 385 3827 tionis
410 3769 1103 3829 subtrahimus..$'eilieet
1127 3772 1236 3829 Izoo
1255 3771 1325 3828 de
1345 3771 1866 3845 nobispromeruzt

201 3857 634 3930 benignissima
646 3860 955 3933 dispositio
971 3859 1124 3918 Creo
1132 3861 1413 3932 εστ-ἱεραὶ
1424 3875 1528 3918 nos
1552 3863 1859 3921 ministros

200 3959 328 4004 suae
326 3944 688 4019 publicaerei
708 3948 1113 4019 eonslituit,ut
1122 3963 1236 4021 pro
1254 3964 1369 4006 sua
1393 3949 1648 4023 quisque
1655 3964 1858 4021 perso-

202 4048 291 4092 ne
300 4036 571 4094 nostrum
593 4036 692 4094 illi
712 4050 989 4108 negemus
1009 4037 1496 4110 servitium,qu
1509 4052 1620 4110 pro
1643 4038 1858 4095 luenda

88 4127 104 4139 '
188 4124 342 4195 jure
351 4138 458 4182 suo
474 4122 581 4183 liae
590 4125 789 4183 nostro
801 4126 1051 4198 tempore
1060 4126 1382 4198 elegitejus
1387 4126 1669 4198 generale
1679 4125 1858 4183 domi-

198 4211 460 4271 nium.Pl
472 4226 574 4270 ura
588 4214 785 4271 dicere
801 4214 1063 4286 parantis
1076 4214 1564 4286 abrupitverbum
1580 4229 1857 4272 assensus

202 4301 626 4374 principum,et
649 4302 860 4360 invecti
879 4302 1104 4375 pariter
1125 4303 1181 4358 in
1212 4303 1539 4373 Otbertum,
1564 4303 1855 4375 praefixam

203 4403 236 4447 a
256 4389 405 4447 duce
420 4389 813 4447 conditionem
830 4392 900 4448 de
917 4391 1320 4448 restaurandis
1335 4390 1603 4448 ecclesiis
1617 4394 1674 4446 et
1692 4407 1858 4463 repo-

203 4478 416 4536 nendis
445 4477 755 4536 abbatibus
786 4478 1064 4550 legitimis
1085 4479 1374 4537 violenter
1409 4480 1644 4550 exigere
1674 4496 1860 4555 coepe-

1968 3326 2282 3383 abbatibus
2312 3331 2368 3382 et
2403 3324 2833 3382 archidiaconis
2876 3324 3158 3395 judicium
3219 3324 3394 3397 sedit,
3422 3330 3479 3383 et
3535 3340 3613 3384 ex

1946 3414 2445 3488 comprobatione
2469 3413 2701 3485 injustas
2726 3412 2781 3469 in
2804 3427 2905 3470 eos
2938 3414 3105 3471 factas
3128 3414 3611 3487 exordinationis,

1968 3509 2027 3560 et
2059 3502 2459 3576 incompositae
2489 3516 2689 3560 eorum
2722 3502 3182 3559 conversationis
3204 3506 3451 3575 uterque
3482 3518 3615 3561 con-

1966 3592 2164 3649 victus
2184 3592 2314 3649 loco
2349 3606 2517 3663 quem
2547 3591 2838 3648 invaserat
2865 3591 3143 3649 decessit.

2036 3685 2126 3737 79.
2161 3681 2298 3752 (98.)
2330 3680 2579 3751 Scripsit
2608 3679 2905 3750 extemplo
2947 3680 3228 3736 Otbertus
3263 3680 3612 3752 Berengero,

1970 3784 2034 3827 se
2058 3768 2139 3823 illi
2172 3767 2575 3837 regratiatum,
2601 3771 2661 3821 et
2691 3766 2912 3835 rejecto
2937 3767 3294 3823 Wolbodone
3316 3768 3444 3836 ejus
3478 3768 3619 3824 deli-

1970 3858 2207 3914 berasse
2240 3854 2654 3910 monasterium
2682 3851 2913 3924 placere
2928 3852 3038 3907 sibi
3053 3858 3113 3907 et
3128 3853 3476 3923 primatibus
3490 3855 3613 3912 suis

1970 3949 2028 4002 ut
2063 3944 2310 4001 ﬁdenter
2343 3942 2565 4011 redeat,
2596 3947 2656 3997 et
2704 3942 2918 3996 fratres
2943 3941 3037 4011 qui
3072 3940 3141 3996 ad
3173 3954 3304 3996 eum
3343 3942 3617 4013 confuge-

1967 4040 2102 4092 rant
2130 4046 2326 4090 secum
2361 4029 2621 4086 reducat.
2661 4029 2869 4085 Abbati
2902 4042 3043 4084 vero
3073 4027 3446 4099 Theoderico,
3474 4028 3614 4093 licet

1969 4122 2117 4180 idem
2146 4119 2484 4190 suffragium
2508 4117 3070 4188 idemquejudieium
3119 4116 3175 4171 in
3207 4130 3379 4175 causa
3415 4117 3609 4189 fuerit,

1967 4212 2076 4269 hoc
2106 4210 2366 4268 scribere
2396 4205 2806 4277 dissimulavit,
2841 4205 3248 4262 tenacissimus
3280 4220 3419 4276 erga
3479 4220 3612 4264 eum

1967 4305 2268 4372 concepta:
2287 4294 2955 4367 indlgnationis;optime
2967 4294 3141 4351 etiam
3166 4295 3435 4352 conscius
3451 4294 3613 4353 illum

1968 4404 2080 4447 non
2112 4385 2675 4446 communicaturum
2707 4384 2847 4440 sibi.
2886 4384 3182 4440 Praeterea
3213 4398 3342 4440 cum
3378 4382 3460 4438 illi
3490 4384 3615 4440 suis

1969 4476 2332 4535 ﬁdelioribus
2371 4471 2686 4530 abbatibus
2738 4477 2794 4528 et
2846 4470 3275 4528 archidiaconis
3327 4470 3616 4528 secretius

212 4570 371 4623 runt.
405 4566 805 4623 Convenerant
829 4571 1020 4623 autem
1045 4566 1116 4623 ad
1136 4566 1396 4624 eamdem
1425 4568 1855 4640 expeditionem
1886 4620 1936 4640 ἢ
1968 4570 2249 4635 tractans,
2276 4566 2339 4620 ut
2372 4562 2505 4634 quia
2534 4562 2604 4619 ad
2635 4560 2761 4630 ejus
2775 4558 3614 4632 placitumlieetinjusteillum

204 4620 897 4727 disponendan
913 4620 1854 4730 exii—archidiaconisetpraepositis
1886 4620 1938 4680 Β
1969 4620 2584 4712 excommunicandum
2616 4649 2752 4704 olim
2775 4620 3209 4718 judicaverant,
3233 4647 3392 4704 nullo
3443 4647 3614 4705 modo

205 4743 517 4817 episcopii,
544 4743 639 4815 qui
666 4749 831 4816 rapta
863 4745 1172 4802 occasione
1189 4760 1293 4816 per
1308 4745 1853 4805 baneinvectionem
1970 4758 2132 4802 suam
2167 4744 2510 4815 paterentur
2539 4737 2818 4794 infirmari
2844 4735 3213 4806 sententiam,
3236 4736 3347 4792 nisi
3382 4734 3616 4808 publica

206 4830 699 4905 publicam,quasi
732 4847 839 4904 pro
864 4831 991 4889 zelo
1010 4832 1245 4889 tuendae
1285 4833 1552 4904 justitize,
1597 4834 1857 4905 privatas
1971 4830 2369 4890 satisfactione
2398 4827 2526 4898 ejus
2559 4825 2889 4896 requireret
2921 4824 3349 4880 absolutionem
3385 4828 3444 4880 et
3490 4838 3620 4894 gra-

210 4920 623 4980 animositates
648 4921 931 4979 adversus
961 4922 1268 4979 Otbertum
1298 4922 1862 4994 ingravabant,utex
1974 4918 2517 4985 tiam.Berengerus
2548 4917 2741 4971 autem
2774 4915 3013 4983 accepta
3042 4910 3335 4980 legatione
3365 4910 3616 4982 Otberti,

208 5008 323 5066 hoc
354 5008 465 5065 sibi
490 5008 641 5081 apud
671 5024 801 5066 eum
834 5008 1097 5066 locarent
1125 5009 1180 5064 in
1228 5013 1529 5081 posterum
1572 5009 1860 5084 timorem,
1973 5008 2159 5081 primo
2175 4998 3458 5077 quidemdubiushaesitancreptaedefensioni
3495 5013 3621 5071 per-

208 5097 385 5169 cujus
419 5096 531 5153 nisi
555 5111 626 5153 ex
649 5095 844 5168 aliquo
887 5098 1189 5155 commodo
1232 5097 1496 5154 inutilem
1547 5097 1868 5170 vilipende-
1977 5089 2751 5163 sisteret,anocclesiaaolim
2767 5087 2876 5145 sibi
2907 5087 3477 5158 commissaejamque
3509 5102 3626 5143 om-

210 5186 353 5244 bant
393 5200 665 5244 amorem.
699 5187 770 5241 Et
810 5200 940 5243 cum
994 5185 1075 5242 illi
1122 5189 1462 5244 constanter
1507 5187 1868 5259 objiceretur
1978 5187 2113 5243 nino
2170 5180 2463 5240 deficienti
2522 5181 2828 5236 revertens
2881 5174 3237 5233 consuleret.
3295 5176 3624 5233 Verebatur

1575 5311 1812 5368 VARLE
1844 5307 2243 5370 LECTIONES.

285 5424 355 5460 ³³⁸
381 5426 480 5484 Ea
508 5425 578 5483 in
608 5429 655 5481 1.
694 5426 768 5480 1‘.
798 5438 915 5482 non
944 5422 1145 5495 extat;
1163 5424 1256 5482 est
1279 5424 1528 5497 epistola
1555 5425 1599 5482 Ῑ
1620 5429 1704 5481 13.
1736 5426 1825 5484 ed.
1860 5422 2161 5498 Uajetani.

1798 5546 2025 5606 ΝΟΤΕ.

285 5663 437 5737 (176)
475 5661 798 5737 σιρτῃιοῃι,
824 5675 923 5737 sur
952 5659 1007 5716 1a
1031 5660 1152 5718 rive
1191 5660 1379 5718 droite
1419 5660 1491 5719 de
1538 5660 1591 5720 la
1641 5662 1856 5732 Mense,

214 5731 523 5796 auldes'sus
553 5731 895 5805 d'lngibbul.

2042 5658 2190 5730 (177)
2225 5655 2305 5730 Cf.
2338 5654 2483 5730 Hist.
2511 5654 2567 5730 S.
2600 5652 2764 5709 Laur.
2798 5662 2997 5723 supra,
3029 5647 3126 5704 ubi
3151 5646 3379 5706 videbis
3421 5642 3544 5698 haec
3571 5654 3623 5710 a,

1972 5725 2130 5803 1096,
2165 5725 2257 5786 vel
2286 5725 2452 5803 prius
2483 5728 2611 5783 aeta
2643 5737 2789 5783 esse.
