3968 6376
179 418 342 488 1429
1211 407 1689 480 GHRONICON
1717 407 1784 475 Β.

1926 405 2182 473 ’ΒΕΗΤῙ
2207 405 2600 474 ANDAGIN.
3429 389 3584 458 1430

178 576 332 652 quia
354 587 460 634 nec
455 570 1030 648 furnecsacrilegus
1039 584 1171 629 sum
1181 569 1274 627 vel
1275 569 1388 641 fui
1401 569 1532 640 ejus
1547 567 1823 636 ecclesia,
1853 545 1912 606 Α
1933 575 2447 652 praesumam-nam
2465 565 2520 622 si
2538 561 2656 652 tute
2667 559 2820 652 quid
2823 557 3073 652 feceris,
3108 553 3174 612 in
3202 552 3265 652 te.
3277 549 3438 652 scias
3452 547 3580 652 vin-

177 629 368 738 quam
389 629 500 722 Dei
522 663 734 736 gratia
759 629 941 734 rego,“
961 674 1150 733 neque
1180 629 1486 718 ecclesiam
1519 657 1828 729 aliquibus
1939 629 2337 738 dicandum.)
2364 647 2516 703 Item
2544 629 2871 738 Gregorius
2898 641 2966 738 in
2999 629 3580 738 evangeliorum‘tra-

176 714 312 813 suis
323 753 501 811 rebus
510 714 611 824 spe
619 751 788 821 liavi,
805 714 918 809 id
929 714 1253 822 quicquam
1267 750 1337 806 de
1339 748 1564 822 fundis
1577 714 1707 818 eius
1719 747 1832 803 aut
1936 733 2195 824 σίαίὶἇαςς
2207 753 2226 790 :
2247 756 2272 784 «
2284 735 2453 804 Sape
2465 733 2736 824 pastores
2752 726 3008 824 ecclesia
3022 726 3085 782 in
3111 723 3192 824 lig
3200 714 3580 824 arietiset-sol:

175 843 427 900 υϐηιίἱᾰὶ
449 813 560 899 (uti
577 813 846 898 distrahi
867 813 977 897 aut
993 813 1277 910 cuiquam
1297 813 1498 909 quoad
1523 813 1850 908 ininefuit.
1930 823 2141 880 vendis
2165 837 2286 880 sua
2309 821 2638 879 voluntatis
2658 820 2849 876 motus
2886 831 3000 873 non
3037 813 3580 910 aute/rt‘causa'rum

173 945 476 1004 usm'pare
477 931 730 1002 permisi
743 972 756 985 .
785 930 909 987 Sed
921 943 1052 986 cum
1064 929 1323 985 viderem
1338 942 1436 986 res
1447 927 1716 984 aliarum
1736 939 1821 982 ec-

175 1021 501 1079 etesiarum
520 1033 559 1076 a
579 1019 708 1076 suis
748 1017 1126 1090 emptoribus,
1149 1018 1256 1074 hoc
1275 1017 1364 1074 est
1383 1031 1420 1073 a
1456 1015 1550 1073 Wo
1559 1015 1814 1083 lbodone,

174 1107 550 1180 Le-upone‘",
593 1106 938 1176 Gisleberto,
977 1104 1557 1176 Warimundo,male
1601 1103 1812 1174 diripi,

175 1197 308 1254 etin
317 1198 586 1270 pretium
597 1197 936 1254 simoniaca
945 1209 1067 1254 sua
1075 1195 1426 1253 venalitatis
1435 1193 1685 1266 pessime
1695 1193 1815 1250 dis-

175 1286 370 1357 trahi,
391 1287 603 1344 timens
619 1299 694 1342 ne
711 1285 997 1344 similiter
1032 1285 1100 1341 ab
1123 1286 1330 1356 aliquo
1356 1295 1668 1356 pervasere
1717 1294 1814 1338 res

175 1375 438 1433 ecclesia
451 1376 668 1434 nostra
687 1375 750 1430 di
758 1375 880 1446 lapi
887 1375 1192 1444 darentur,
1231 1373 1478 1432 concilio
1493 1371 1814 1446 Godefridi

176 1462 350 1520 ducis
391 1465 770 1535 aliorumque
807 1463 1170 1533 sapientium
1195 1463 1482 1530 virorum,
1519 1461 1627 1533 qui
1657 1459 1816 1530 quod

163 1552 378 1622 postea
400 1551 626 1610 accidit
647 1549 1016 1618 verebantur,
1032 1553 1272 1622 partem
1293 1550 1563 1608 thesauri
1585 1551 1681 1607 cui
1691 1562 1816 1605 ma-

172 1641 337 1697 aime
359 1639 654 1710 timebam,
675 1640 1114 1712 egredientibus
1131 1654 1355 1698 mecum
1372 1641 1442 1697 de
1460 1641 1816 1697 monasterio

159 1729 369 1800 fratri
375 1728 482 1786 bus
493 1729 648 1786 viris
645 1728 935 1800 ﬁdelibus
951 1730 1234 1800 commisi,
1261 1730 1318 1785 et
1332 1743 1449 1786 non
1461 1729 1622 1786 alias
1634 1742 1818 1802 quam

173 1819 350 1893 infra
356 1819 778 1892 possessionem
789 1818 1114 1891 etfund-um
1124 1819 1379 1877 ecclesia
1388 1833 1494 1877 san
1503 1819 1584 1876 cti
1597 1818 1819 1876 Huber-

1928 911 2148 968 merita
2171 912 2521 981 sequuntur,
2541 909 2696 966 unde
2719 909 2788 972 ﬁt
2803 907 2873 964 ut
2892 907 3004 962 hac
3035 898 3270 974 ligandi
3289 893 3580 981 ets-elven-

1931 999 1992 1055 di
2003 980 2294 1070 potestate
2319 1014 2380 1056 se
2405 999 2620 1070 privet,
2652 997 2760 1067 qui
2792 995 3067 1064 hancpro
3088 991 3216 1048 suis
3254 980 3578 1070 voluntati}

1929 1067 2052 1155 bus,
2075 1103 2192 1145 non
2203 1102 2318 1160 pro
2339 1067 2734 1158 subiectorum
2751 1083 3013 1140 moribus
3035 1076 3288 1136 exercet.
3317 1067 3581 1160 Sapeﬂt

1923 1177 1994 1232 ut
2017 1191 2161 1249 erga
2183 1159 2524 1249 proximum
2543 1176 2675 1232 odio
2687 1174 2784 1230 vel
2791 1171 3003 1243 gratia
3017 1165 3320 1224 moveatur
3341 1159 3570 1249 pastor.

1920 1247 2201 1325 J‘udicare
2221 1267 2416 1324 autem
2437 1265 2506 1322 de
2525 1263 2810 1335 subjectis
2833 1261 3012 1332 digne
3040 1253 3356 1328 nequeunt,
3381 1248 3488 1319 qui
3508 1247 3578 1303 in

1920 1355 2290 1413 subditorum
2312 1355 2512 1412 causis
2531 1367 2643 1410 sua
2669 1351 2763 1408 vel
2774 1350 2915 1406 odia
2935 1347 3029 1404 vel
3033 1345 3304 1418 gratiam
3324 1351 3582 1412 sequun-

1923 1445 2040 1502 tur.
2072 1445 2282 1503 (Jausa
2311 1458 2446 1514 ergo
2458 1441 2779 1515 pensanda
2806 1438 2966 1508 sunt,
2997 1436 3058 1492 et
3083 1437 3223 1492 tunc
3253 1427 3490 1502 ligandi
3521 1425 3578 1481 et

1922 1533 2186 1590 solvendi
2205 1533 2466 1604 potestas
2487 1529 2832 1588 exercenda.
2868 1545 2896 1580 »

1996 1653 2084 1706 82.
2122 1648 2294 1722 (102.)
2318 1649 2394 1704 Ea
2426 1650 2798 1717 tempestate,
2833 1643 3104 1698 hortante
3138 1651 3282 1710 papa
3315 1636 3568 1706 Urbano,

1929 1753 2038 1796 una
2072 1737 2393 1808 eademque
2410 1733 2655 1790 intentio
2680 1731 2857 1788 totius
2881 1723 3572 1786 occidentischristianos

1929 1827 2229 1884 exciverat
2261 1820 2526 1898 pOpulos,
2552 1822 2836 1879 videlic~t
2871 1822 3127 1876 armatos
3156 1813 3570 1884 Jerosolymam

175 1909 380 1967 ticum
421 1909 573 1980 ipsis
589 1909 858 1982 ﬁdeliter
874 1923 1063 1981 usque
1093 1909 1174 1966 ad
1200 1924 1385 1966 unum
1419 1909 1819 1981 quadrantem
1847 1909 1900 1970 Β
1931 1916 2111 1984 adire,
2144 1920 2205 1970 et
2236 1915 2422 1970 tedos
2438 1918 2496 1968 et
2529 1915 2740 1968 Persas
2790 1909 2888 1981 qui
2938 1922 3065 1964 eam
3107 1905 3440 1961 invaserant
3471 1900 3572 1957 de-

173 1999 539 2068 conservavi,
583 2011 892 2069 meamque
917 1999 1355 2057 restitutionem
1388 1999 1666 2068 operante
1704 1997 1818 2055 Dei

162 2088 397 2159 gratia,
411 2101 529 2144 non
553 2087 794 2145 utsacri
803 2087 891 2160 leg
899 2102 984 2158 us,
1001 2088 1101 2146 sed
1121 2088 1188 2144 ut
1199 2088 1394 2152 ﬁdelis
1405 2087 1806 2158 conservator,

181 2177 346 2248 quod
362 2191 539 2234 suum
566 2175 702 2233 erat
742 2177 1000 2234 ecclesia
1013 2190 1236 2234 mecum
1254 2176 1516 2234 restitui.
1563 2177 1726 2232 Unde
1761 2177 1819 2234 si

172 2279 306 2337 qua
305 2265 592 2337 jaculata
614 2266 1014 2324 estsententia
1029 2266 1661 2324 eacommunicationis
1683 2265 1822 2323 irri-

174 2353 299 2410 tam
312 2367 445 2410 eam
463 2353 704 2411 censent
737 2354 1062 2424 prasentia
1095 2353 1436 2412 testimonia
1470 2353 1820 2412 sanctarum

181 2441 668 2514 Scripturarum,
693 2457 825 2514 qua
857 2457 950 2499 me
964 2443 1355 2515 propugnant
1379 2443 1438 2499 et
1465 2443 1818 2505 defendunt.

179 2531 588 2602 Hieronymus
600 2531 664 2588 in
675 2531 1119 2589 commentariis
1146 2545 1324 2602 super
1345 2531 1668 2589 Mathaum
1695 2547 1822 2590 ver-

173 2630 304 2676 sum
326 2620 510 2677 illum
553 2633 847 2692 eaponens
873 2639 884 2674 :
915 2643 940 2669 ιι
978 2621 1392 2691 Quodcumque
1427 2620 1822 2692 ligaverissu-

1931 2004 2171 2074 bellare,
2205 2007 2540 2072 terramque
2583 1996 3054 2072 repromissionis
3093 1993 3202 2050 sibi
3261 1989 3568 2047 tenendam

1931 2093 2262 2162 subjugare.
2277 2091 2417 2147 Huic
2447 2087 2804 2161 expeditioni
2830 2101 2942 2142 non
2959 2083 3146 2142 solum
3163 2081 3411 2138 diversa}
3432 2081 3570 2134 asta-

1928 2181 2004 2236 tis
2036 2181 2369 2253 populares,
2403 2178 2505 2235 sed
2527 2177 2829 2248 etiamipsi
2864 2172 3291 2246 provinciarum
3324 2180 3570 2224 consen-

1928 2273 2126 2326 serant
2165 2269 2547 2341 principes,et
2575 2269 2786 2337 sponte
2817 2261 3173 2336 posthabitis
3199 2257 3482 2315 uxoribus
3511 2258 3570 2310 et

1931 2357 2088 2428 ﬁliis,
2119 2357 2438 2414 honoribus
2467 2369 2696 2427 quoque
2727 2358 2784 2408 et
2812 2349 3178 2424 patrimoniis
3202 2350 3301 2404 aut
3334 2343 3568 2401 omnino

1931 2448 2157 2504 relictis
2179 2452 2276 2503 aut
2296 2445 2486 2518 pretio
2509 2444 2692 2500 distra
2704 2442 2837 2511 etis,
2856 2439 3212 2498 festinabant
3233 2437 3474 2505 captare
3495 2430 3571 2486 in-

1936 2542 2098 2593 certa
2133 2551 2238 2608 pro
2269 2533 2476 2590 certis.
2516 2535 2654 2588 Cum
2683 2526 3158 2586 hiisGodefridus
3192 2523 3310 2580 dux
3341 2521 3426 2577 ire
3455 2519 3571 2576 dis-

1932 2630 2231 2698 posuerat,
2256 2629 2315 2678 et
2347 2635 2520 2678 causa
2555 2619 2796 2691 parandi
2820 2619 3178 2673 commeatus
3218 2609 3568 2668 Buloniense

168 2721 274 2779 per
312 2708 558 2779 terram,
583 2709 701 2766 erit
716 2708 974 2779 ligatum
1001 2709 1139 2766 etin
1151 2709 1313 2766 catis
1335 2709 1392 2766 et
1417 2711 1824 2783 quodcumque
1935 2719 2192 2771 castrum
2208 2712 2455 2768 Otberto
2473 2723 2578 2766 ven
2590 2708 2676 2764 ale
2689 2707 3061 2778 exposuerat.
3080 2703 3262 2758 Causa
3287 2699 3460 2770 hujus
3473 2711 3572 2752 ne-

173 2795 422 2855 solveris
432 2811 609 2868 super
623 2797 1058 2869 terram,eritso
1066 2798 1256 2854 lutum
1268 2798 1397 2855 etin
1410 2798 1701 2870 calisUlIa
1708 2799 1816 2855 tth.

179 2898 293 2956 xvr,
321 2889 374 2956 9,
404 2904 434 2937 υ
466 2885 560 2942 ita
590 2885 768 2944 dicit:
801 2907 826 2934 «ι
847 2885 1040 2943 Istum
1067 2885 1255 2944 locum
1279 2885 1596 2958 presbiteri
1617 2887 1674 2942 et
1702 2887 1820 2958 epi-

177 2975 336 3046 scopi
361 2988 480 3030 non
522 2974 946 3046 intelligentes,
981 2973 1228 3047 aliquid
1253 2974 1371 3032 sibi
1392 2975 1464 3032 de
1488 2975 1819 3047 pharisao—

175 3075 329 3134 rum,
364 3064 685 3121 assumunt
705 3063 1048 3134 supercilio,
1080 3064 1150 3120 ut
1173 3063 1269 3120 vel
1297 3064 1616 3136 dampnent
1655 3066 1817 3122 inuo-

175 3151 394 3219 centes,
422 3152 520 3209 vel
537 3152 834 3210 solverese
852 3151 1058 3208 nescios
1071 3151 1462 3224 arbitrentur,
1497 3167 1629 3210 cum
1654 3156 1818 3227 apud

1928 2803 2074 2876 gotii
2105 2799 2430 2872 exequendi
2460 2799 2557 2854 Ida
2581 2801 2767 2853 mater
2799 2793 2966 2850 ducis
2985 2787 3567 2876 ejusdemBulonium

1929 2893 2111 2958 venit;
2138 2905 2264 2961 qua)
2289 2889 2493 2946 videns
2515 2885 2814 2958 deperisse
2845 2880 3219 2939 elemosinam
3255 2875 3442 2948 patris
3477 2875 3567 2931 sui

1928 2979 2166 3051 majoris
2197 2976 2511 3043 Godet‘ridi,
2546 2979 2604 3030 et
2633 2973 2950 3030 monachos
2989 2967 3338 3025 discessisse
3375 2965 3447 3020 ab
3477 2977 3570 3020 ec-

1924 3069 2104 3126 clesia
2141 3065 2472 3124 beatiPetri
2505 3077 2792 3121 consensu
2817 3060 2919 3116 ﬁlii
2966 3059 3054 3116 sui
3095 3052 3410 3123 Godefridi,
3469 3051 3566 3122 qui

1925 3157 2192 3214 remissis
2215 3154 2497 3211 fratribus
2517 3151 2590 3209 ad
2630 3155 2872 3208 matrem
2920 3145 3232 3205 ecclesiam
3267 3140 3422 3198 beati
3450 3141 3564 3196 Hu-

173 3238 359 3298 Deum
387 3253 507 3296 non
532 3241 832 3298 sententia
873 3239 1264 3310 sacerdotum,
1288 3241 1393 3298 sed
1426 3255 1658 3298 reorum
1685 3244 1816 3300 vita
1845 3264 1893 3326 ο
1927 3247 2098 3316 berti,
2125 3246 2361 3302 hortatu
2387 3239 2825 3300 domniHenrici
2851 3233 3368 3326 pontiﬁcisiterata
3389 3230 3570 3326 dona:

172 3329 508 3398 quaratur.
545 3329 824 3399 Legimus
851 3329 918 3386 in
939 3328 1196 3386 Levitico
1221 3329 1292 3386 de
1313 3329 1562 3400 leprosis
1589 3331 1693 3387 ubi
1709 3331 1814 3400 ju-

173 3413 336 3474 betzer
351 3417 429 3474 ut
448 3417 764 3475 ostendant
779 3431 843 3476 se
866 3417 1272 3476 sacerdotibus
1295 3437 1316 3472 :
1351 3438 1374 3469 (ι
1408 3420 1493 3475 Et
1508 3421 1565 3477 si
1595 3419 1816 3491 lepram

172 3501 513 3574 habuerint,
549 3505 688 3564 tunc
709 3520 748 3562 a
775 3505 1078 3564 sacerdote
1104 3507 1400 3563 immundi
1418 3507 1586 3577 ﬂant
1606 3507 1810 3579 (Levii,

171 3604 279 3648 xxv.
316 3596 395 3666 4).
423 3613 452 3645 ››
475 3607 593 3651 non
634 3594 794 3665 quod
830 3593 1165 3652 sacerdotes
1203 3593 1538 3652 immundos
1561 3595 1818 3668 faciant

173 3678 448 3752 leprosos,
477 3681 584 3739 sed
609 3681 770 3753 quod
789 3681 1050 3740 habeant
1075 3681 1357 3740 notitiam
1377 3683 1596 3755 leprosi
1625 3685 1688 3741 et
1699 3699 1816 3743 non

172 3766 406 3842 leprosi,
437 3773 494 3828 et
517 3770 756 3843 possint
776 3771 1130 3842 discernere,
1156 3773 1264 3844 qui
1290 3773 1549 3830 mundus
1573 3774 1676 3831 vel
1706 3777 1816 3846 qui

166 3856 512 3918 immundus
537 3860 640 3917 sit.
679 3859 968 3924 Quomodo
999 3873 1134 3931 ergo
1165 3860 1460 3933 leprosum
1497 3861 1585 3919 ibi
1621 3876 1814 3920 sacer-

169 3944 268 4004 dos
293 3947 588 4005 mundum
614 3947 711 4004 vel
733 3947 1103 4004 immundum
1143 3947 1806 4022 discooperiendofacit,

163 4033 252 4090 sic
279 4035 337 4092 et
363 4036 467 4094 hic
493 4035 608 4093 aut
631 4034 791 4107 ligat
815 4034 927 4092 aut
941 4033 1126 4092 solrit
1145 4037 1448 4108 episcopus
1467 4039 1564 4094 vel
1575 4040 1810 4109 presbi~

165 4120 269 4192 ter,
302 4136 421 4182 non
439 4137 534 4180 eos
549 4124 654 4196 qui
677 4122 941 4181 insontes
955 4123 1098 4181 sunt
1134 4123 1190 4179 et
1217 4122 1408 4192 noaii,
1441 4125 1547 4182 sed
1561 4139 1675 4196 pro
1688 4128 1806 4198 opl-

161 4211 250 4267 cio
279 4225 390 4270 suo
434 4225 566 4269 cum
589 4211 964 4283 peccatorum
1001 4211 1271 4270 audierit
1307 4213 1649 4284 varietates,
1689 4217 1809 4274 scit

159 4299 266 4368 qui
287 4300 578 4374 ligandus
595 4301 690 4357 vel
705 4302 812 4372 qui
828 4300 1142 4358 solvendus
1161 4300 1264 4358 sit.
1293 4323 1317 4350 ιι
1353 4299 1679 4374 Gregorius
1694 4320 1802 4376 pa-

149 4400 237 4458 pa
261 4389 564 4448 Januario
579 4389 737 4447 σανα
745 4389 958 4446 llitano
970 4390 1261 4462 episcopo:
1299 4409 1327 4443 α
1347 4391 1515 4447 Inter
1525 4393 1800 4464 querelas

1927 3335 2083 3392 tione
2145 3331 2318 3404 legali
2343 3329 2624 3403 quidquid
2643 3332 2768 3386 erat
2819 3325 3152 3383 elemosinaa
3176 3319 3444 3393 praedicti
3474 3316 3564 3374 avi

1925 3425 2012 3482 sui
2039 3423 2093 3478 in
2129 3425 2306 3479 rebus
2331 3419 2647 3478 mobilibus
2660 3413 3162 3474 velimmobilibus
3185 3413 3355 3467 beato
3391 3409 3565 3464 Petro

1925 3517 1986 3569 et
2009 3514 2180 3568 beato
2209 3511 2471 3568 Huberto
2486 3507 2810 3565 tradiderat
2834 3519 3028 3562 coram
3046 3500 3301 3558 testibus
3315 3495 3563 3566 idoneis,

1923 3599 2354 3673 gravitertulit,
2387 3603 2446 3655 et
2476 3597 2744 3654 abbatem
2791 3591 3206 3650 Theodericum
3253 3588 3326 3644 ad
3375 3601 3438 3642 se
3479 3597 3568 3640 ve-

1929 3691 2053 3746 nire
2072 3689 2396 3745 mandavit.
2437 3690 2478 3742 A
2513 3700 2626 3756 quo
2655 3684 2790 3740 dum
2815 3686 3108 3754 quareret
3129 3692 3259 3735 cum
3291 3687 3563 3743 maerore,

1924 3794 2031 3837 cur
2051 3777 2145 3834 vel
2205 3771 2786 3846 quomodomemoria
2834 3769 3018 3840 patris
3047 3767 3138 3823 sui
3186 3765 3314 3820 loco
3337 3763 3437 3818 illo
3469 3762 3564 3817 de-

1925 3867 2180 3935 fecisset,
2214 3861 2518 3934 respondit
2550 3859 2732 3916 abbas
2769 3857 2826 3911 id
2877 3855 3042 3911 fratri
3067 3868 3172 3910 suo
3203 3858 3260 3907 et
3294 3851 3412 3906 filio
3459 3863 3563 3905 suo

1923 3952 2343 4028 imputandum,
2400 3948 2498 4019 qui
2533 3945 2853 4004 subtractis
2894 3942 3184 4000 reditibus
3217 3936 3564 3995 adnichilas-

1921 4048 2048 4102 sent
2079 4043 2269 4098 locum
2293 4051 2610 4107 omnesque
2651 4035 3056 4090 destruetores
3076 4031 3202 4099 ejus
3225 4030 3430 4083 nosset
3467 4039 3564 4079 ex-

1919 4130 2372 4191 communicatos
2393 4125 2712 4183 secundum
2766 4118 3080 4178 Alexandri
3114 4131 3279 4189 papae
3330 4111 3565 4186 privile-

1913 4221 2070 4292 gium
2087 4260 2099 4273 .
2115 4220 2184 4272 At
2202 4215 2408 4272 femina
2429 4211 2668 4270 virtutis
2689 4208 2942 4267 sollicita
2966 4220 3071 4278 pro
3096 4208 3260 4276 patre
3285 4197 3562 4258 salvando

1912 4311 2168 4378 itemque
2189 4319 2295 4378 pro
2325 4305 2506 4359 fratre
2519 4305 2578 4357 et
2600 4299 2719 4355 lilio
2742 4294 3126 4365 absolvendo,
3142 4293 3557 4378 abbatemrcum

1909 4375 2166 4455 lacrimis
2189 4375 2398 4450 adorsa
2428 4393 2520 4446 est
2550 4401 2740 4458 orare,
2777 4389 2842 4444 ut
2872 4399 3070 4442 curam
3102 4380 3370 4438 ecclesia)
3405 4375 3558 4433 beati

157 4476 520 4550 multiplices
545 4477 822 4536 Isidorus
840 4479 936 4534 vir
955 4477 1332 4536 clarissimus
1347 4478 1800 4550 afraternitate
1906 4485 2068 4545 Petri
2093 4483 2449 4549 resumeret,
2481 4484 2540 4535 et
2572 4475 2852 4549 repositis
2883 4473 2961 4530 ibi
3002 4471 3303 4538 fratribus,
3339 4465 3562 4539 perieu-

161 4563 264 4622 tua
281 4579 346 4624 se
384 4567 956 4625 eacommunicatum
983 4567 1337 4638 conquestus
1367 4568 1486 4626 est:
1515 4570 1675 4642 quod
1690 4586 1798 4630 cur

154 4653 616 4728 factum/uerti,
637 4655 1048 4713 dumaclerico
1063 4654 1130 4688 ί²⁶
1149 4657 1247 4712 tuo
1267 4656 1374 4729 qui
1384 4671 1650 4728 prasens
1666 4661 1798 4717 erat

155 4740 548 4802 voluissemus
579 4743 904 4813 addiscere,
936 4757 1051 4814 pro
1085 4745 1263 4801 nulla
1304 4745 1437 4802 alia
1457 4759 1643 4804 causa
1674 4750 1799 4806 nisi

148 4841 260 4898 pro
291 4845 353 4888 eo
381 4831 542 4904 quod
569 4831 624 4888 te
651 4831 1064 4902 injuriaverat
1075 4831 1322 4904 factum
1343 4834 1622 4892 innotuit.
1664 4837 1801 4901 Qua

153 4930 251 4974 res
270 4933 378 4978 nos
390 4919 758 4977 vehementer
769 4918 1011 4992 afﬂixit
1031 4938 1042 4974 :
1060 4921 1207 4990 quia
1230 4923 1286 4978 si
1304 4921 1394 4978 ita
1414 4924 1519 4994 est,
1539 4924 1736 4981 nichil
1748 4925 1802 4982 te

157 5005 420 5078 cogitare
441 5008 512 5065 de
538 5006 868 5066 calestibus
888 5009 1182 5079 ostendis;
1191 5011 1296 5067 sed
1305 5011 1603 5070 terrenvm
1625 5013 1681 5070 te
1698 5015 1803 5072 ha-

159 5089 289 5150 bere
329 5095 835 5153 conversationem
854 5095 1186 5168 signiﬁcas,
1223 5097 1362 5154 dum
1386 5113 1503 5170 pro
1533 5100 1804 5160 vindicta

147 5185 412 5254 propria
439 5185 706 5256 injuria,
735 5184 896 5256 quod
929 5185 1124 5242 sacris
1167 5187 1398 5257 regulis
1421 5189 1796 5260 prohibetur,

154 5270 630 5330 maledictionem
665 5273 1074 5330 anathematis
1101 5275 1408 5334 invenisti.
1447 5269 1610 5334 Unde
1631 5278 1701 5334 de
1720 5293 1802 5336 ce-

157 5356 278 5416 tero
291 5363 414 5420 esto
428 5363 889 5435 circumspectus
901 5364 1081 5434 atque
1093 5362 1410 5435 sollicitus,
1427 5367 1488 5422 et
1503 5367 1658 5424 talia
1674 5371 1797 5426 cui-

153 5459 337 5516 quam
350 5465 461 5524 pro
475 5451 817 5524 defensione
835 5451 1084 5523 iniuria
1103 5451 1218 5510 tua
1236 5453 1468 5525 inferre
1477 5455 1666 5511 denuo
1676 5469 1796 5514 non

1911 4576 2025 4632 lum
2045 4585 2251 4628 eorum
2268 4567 2365 4640 qui
2389 4567 2444 4624 in
2462 4569 2638 4624 Deum
2657 4570 2718 4622 et
2733 4570 2957 4636 patrem
2980 4575 3146 4617 suum
3168 4558 3560 4630 peccaverunt

1913 4661 2277 4720 absolveret.
2309 4657 2393 4714 Ad
2445 4655 2766 4712 haecabbas
2796 4665 2926 4708 cum
2979 4651 3222 4718 negaret
3269 4660 3329 4702 se
3385 4658 3560 4714 posse

1911 4751 2063 4824 quod
2099 4747 2422 4818 cogebatur
2453 4742 2622 4813 velle,
2648 4745 2834 4797 mater
2883 4737 3060 4793 ﬁlium
3111 4731 3559 4824 suumimpulit

1911 4838 2143 4913 porrige
2155 4851 2213 4892 re
2246 4834 2329 4889 llli
2351 4831 2650 4889 humiliter
2673 4827 2905 4885 vadium
2927 4823 3559 4913 satisfactionis,utque

1909 4909 2136 4984 veniam
2193 4917 2817 4980 excommunicationis
2883 4914 3200 4984 obtineret,
3249 4909 3555 4968 ecclesiam

1911 5019 2154 5070 matrem
2175 5011 2246 5067 de
2279 5008 2532 5064 Saltiaco
2554 5006 2680 5062 rivo
2704 5004 2848 5075 (181)
2881 5018 3011 5060 eum
3044 5000 3288 5073 capellis
3323 4997 3556 5052 illisub-

1906 5101 2353 5173 jectisitemque
2372 5095 2595 5168 capella
2620 5093 2840 5150 sanctis
2857 5090 3098 5149 Iohanni
3136 5097 3194 5146 et
3227 5085 3558 5161 prmbcndis

1913 5191 1993 5248 ibi
2031 5185 2466 5246 deserventium
2497 5181 2844 5240 clericorum
2867 5179 3254 5250 omnibusque
3291 5175 3555 5246 ejusdem

1907 5278 2150 5352 capellae
2221 5272 2538 5331 mobilibus
2565 5276 2624 5328 et
2657 5269 3090 5334 immobilibus;
3122 5268 3200 5322 ita
3247 5270 3444 5352 tamen
3493 5265 3560 5318 ut

1909 5350 2331 5424 decedentibus
2352 5359 2584 5418 clericis
2615 5359 2713 5430 qui
2736 5361 2904 5414 erant
2945 5361 3084 5412 tunc
3107 5350 3404 5424 temporis,
3438 5361 3562 5402 om-

1905 5457 1997 5512 nia
2031 5448 2706 5524 subjaceantmonaehis,
2735 5449 3090 5519 procurante
3123 5443 3336 5500 abbate
3365 5432 3536 5506 capel

1517 5567 1752 5626 VARle
1789 5569 2189 5626 LECTIONES.

1737 5708 1960 5766 ΝΟΤΕ.

225 5631 292 5666 ³⁸⁵
322 5634 671 5709 Leupodone
702 5645 754 5696 1.
789 5639 866 5695 1'.
942 5635 1010 5672 ⁸⁸⁸
1036 5635 1196 5694 clero
1229 5642 1277 5692 1.
1315 5638 1390 5693 1".

221 5772 370 5851 (181)
395 5777 806 5838 Sansanruth.
840 5779 904 5834 Β.
