3968 6362
229 434 386 499 1488

1188 424 1666 491 CHRONICON
1723 425 1790 486 S.
1836 419 2200 485 HUBERTI
2242 415 2631 482 ANDAGIN.

3472 411 3625 476 1434

221 587 678 651 sentialitcrvel
684 601 788 660 per
809 584 1045 644 litteras
1057 583 1472 657 ejussignatas
1485 577 1876 638 essetabsolu-
1903 558 1955 613 Α
1984 593 2124 650 inde
2143 606 2274 662 ws,-
2300 593 2404 650 ,ςσά
2431 593 2580 664 quia
2610 591 2856 649 ἀοῃιηριε
2883 591 3060 663 Enyo
3091 588 3504 662 Lugdunensis
3533 603 3630 648 αν-

225 683 426 750 t-us,ac
443 679 534 738 sic
549 678 697 735 liber
710 676 1148 747 archiepiscopo
1163 673 1434 730 Remensi
1447 670 1876 740 concessus-ju-

223 769 497 828 dicatum
527 768 615 824 est
648 767 845 838 ipsum
865 763 939 822 ab
957 763 1168 822 abbate
1187 777 1291 820 sui
1311 759 1878 819 excommunicatum

222 872 373 928 esse,
389 871 496 914 nec
511 855 585 914 ab
604 856 866 926 episcopo
887 853 1158 909 Remensi
1172 851 1423 907 retineri
1434 863 1620 920 posse.
1637 845 1878 904 Judicio

225 945 426 1015 ﬁnito,
440 944 789 1015 seepedictus
804 942 1124 998 monachus
1137 940 1382 996 minime
1399 937 1728 1007 adquievit,
1745 936 1804 993 et
1815 939 1880 995 ut

221 1032 506 1106 pluribus
526 1033 584 1088 vi
590 1032 761 1088 detur
783 1043 1051 1101 quarens
1067 1031 1420 1086 occasionem
1435 1025 1718 1100 vagandi,
1732 1038 1880 1096 pree-

211 1122 480 1194 gravari
495 1135 558 1177 se
573 1121 756 1190 dixit,
777 1120 834 1175 et
849 1118 1221 1176 audientiam
1236 1117 1486 1174 vestram
1503 1114 1872 1174 reclamavit.

225 1212 411 1276 Quem
439 1224 569 1268 cum
598 1209 1074 1280 archiepiscopus
1104 1209 1359 1263 retinere
1389 1206 1564 1262 vellet
1588 1205 1648 1261 et
1675 1202 1880 1261 abbati

224 1312 337 1356 suo
375 1298 642 1367 reddere,
672 1297 914 1368 propter
948 1297 1432 1353 reclamationem
1457 1296 1712 1352 vestram
1743 1292 1881 1348 libe-

224 1401 368 1444 rum
379 1386 658 1459 permisit
671 1387 776 1442 ire.
803 1386 914 1451 Qui
932 1385 1096 1442 illico
1113 1385 1196 1441 ad
1209 1398 1314 1442 nos
1331 1386 1586 1451 veniens,
1601 1383 1691 1439 rei
1700 1383 1882 1454 gesta

219 1476 440 1533 seriem
469 1474 638 1532 nobis
664 1473 995 1542 nuntiavit,
1021 1473 1081 1530 et
1095 1487 1170 1529 ea:
1189 1475 1318 1544 ejus
1343 1472 1640 1529 relatione
1668 1469 1887 1526 didici.

215 1577 374 1634 mus,
407 1564 579 1634 justo
615 1576 744 1620 eum
779 1577 943 1635 posse
979 1563 1247 1618 revocari
1276 1561 1350 1617 ab
1380 1561 1591 1616 abbate
1627 1559 1882 1630 Majoris

225 1653 612 1711 monasterii.
652 1651 977 1708 Nuntiavit
1007 1653 1184 1707 etiam
1210 1649 1377 1706 nobis
1401 1665 1508 1721 pro
1537 1647 1882 1720 hujusmodi

226 1741 468 1812 negotio
489 1741 774 1812 quosdam
783 1739 1026 1812 fratres
1041 1739 1298 1811 Μαίονές
1315 1739 1665 1795 monasterii
1682 1736 1763 1794 ad
1778 1749 1880 1792 nos

223 1831 525 1900 venturos,
542 1831 598 1886 et
613 1829 778 1886 nobis
795 1829 1010 1901 aferen
1019 1827 1178 1886 tibus
1194 1829 1262 1884 ut
1269 1843 1377 1899 pro
1393 1842 1503 1885 sua
1520 1825 1880 1884 commenda.

225 1918 384 1976 tione
403 1919 497 1975 vel
512 1918 914 1985 restitutione,
939 1919 993 1974 si
1003 1918 1148 1988 ﬁeri
1159 1918 1375 1988 posset,
1407 1931 1500 1972 eos
1522 1914 1874 1986 expectaret,
1907 1917 1963 1979 Β

218 2009 524 2065 sustinere
542 2007 755 2064 noluit.
778 2006 886 2063 eta
901 2005 1070 2063 nobis
1091 2005 1394 2063 abscessit.
1419 2005 1532 2061 Die
1553 2003 1749 2060 autem
1767 2003 1880 2058 ter-

222 2096 306 2153 tio
323 2097 456 2166 post
475 2095 530 2166 ej
535 2109 604 2153 us
621 2094 954 2152 abscessum
973 2094 1222 2151 domnus
1240 2093 1561 2164 Hilgoldus
1582 2090 1882 2164 quondam

223 2185 678 2242 Suessionensis
699 2185 1000 2256 episcopus
1022 2183 1169 2254 (187)
1189 2182 1460 2255 etfrater
1477 2181 1729 2238 Pontius
1749 2192 1880 2236 nos-

221 2271 314 2330 ter
336 2287 486 2344 quon
497 2272 638 2329 dam
661 2273 856 2341 notus,
886 2271 1190 2346 Rodulfns
1216 2284 1448 2343 quoque
1472 2270 1777 2328 Remensis
1797 2283 1882 2326 ec-

226 2363 428 2420 clesiis
448 2361 806 2434 praepositus
827 2360 909 2418 ad
924 2374 1029 2418 nos
1049 2362 1365 2430 venientes,
1394 2375 1520 2416 rem
1532 2361 1765 2432 gestam
1783 2375 1881 2416 no-

221 2451 316 2510 bis
340 2464 446 2522 per
476 2451 743 2507 ordinem
769 2452 1193 2518 nan'averunt,
1218 2450 1275 2506 et
1294 2464 1368 2506 etv
1385 2451 1552 2520 parte
1575 2447 1880 2506 Remensis

234 2539 672 2612 archiepiscopi
722 2539 952 2596 litteras
998 2537 1365 2604 obtulerunt,
1411 2537 1777 2595 obsecrantes
1813 2538 1882 2592 ut

227 2628 432 2685 nostro
469 2627 718 2685 consilio
755 2627 1012 2684 alterum
1045 2626 1317 2684 abbatem
1342 2628 1408 2684 in
1438 2627 1682 2684 ecclesia
1725 2624 1880 2682 beati

235 2713 504 2787 Remigii
519 2713 638 2772 sibi
657 2715 940 2772 ordinare
962 2715 1181 2784 liceret,
1198 2729 1269 2771 ne
1287 2713 1702 2771 detrimentum
1715 2713 1880 2784 pate-

227 2803 420 2873 retur,
445 2805 501 2861 si
531 2803 637 2860 diu
660 2803 885 2860 rectore
913 2803 1157 2860 careret.
1189 2803 1354 2868 Quod
1379 2803 1620 2874 quidem
1637 2801 1881 2874 prapter

223 2892 417 2950 solam
472 2892 932 2964 appellationem
985 2891 1245 2950 vestram
1283 2893 1498 2964 facere
1551 2891 1880 2962 noluimus,

225 2981 509 3052 quamvis
541 2981 702 3052 quod
725 2982 792 3038 in
823 2981 989 3038 tanto
1016 2981 1300 3038 conventu
1321 2981 1377 3036 et
1395 2995 1433 3037 a
1456 2981 1578 3036 tam
1603 2979 1882 3036 discretis

209 3071 500 3142 personis
507 3069 998 3142 factum/uerat,
1011 3069 1246 3140 justum
1269 3082 1649 3126 censeremus.
1667 3068 1884 3138 Itaque

225 3170 366 3214 cum
387 3171 504 3226 non
523 3159 612 3215 sit
625 3159 893 3216 nostrum
912 3156 1256 3216 sanctitatis
1276 3159 1486 3215 vestris
1495 3157 1885 3228 prudentiam

229 3244 454 3317 docere,
485 3247 802 3318 provideat
824 3247 1024 3304 vestra
1043 3246 1403 3317 paternitas,
1438 3245 1706 3316 qualiter
1737 3259 1887 3316 pree-

229 3336 388 3393 d.cto
426 3337 732 3405 monacho,
769 3338 825 3394 si
849 3336 1226 3407 prasentiam
1256 3335 1514 3392 vestram
1543 3334 1775 3392 adierit
1798 3336 1893 3394 υιι

238 3426 478 3483 litteras
505 3425 669 3482 vobis
698 3425 1012 3493 direxerit,
1043 3425 1477 3496 respondeatis.
1514 3425 1592 3480 Si
1621 3425 1776 3479 enim
1804 3439 1887 3480 ec-

229 3514 418 3572 clesia
460 3512 614 3571 beati
654 3513 918 3584 Remigii
955 3514 1185 3570 venerit
1211 3515 1274 3569 in
1292 3512 1586 3584 potestate
1621 3512 1887 3584 alicujus

229 3603 586 3674 irreligiosi,
619 3602 678 3658 et
703 3603 771 3659 in
801 3600 1228 3672 temporalibus
1269 3601 1328 3657 et
1363 3601 1428 3656 in
1461 3601 1888 3672 spiritual—ibus

229 3691 556 3760 minuetur,
583 3691 640 3747 et
658 3704 789 3748 cum
800 3689 1072 3762 periculo
1097 3690 1439 3746 animarum
1455 3689 1650 3746 cultus
1669 3688 1889 3746 divinee

229 3779 549 3853 religionis
577 3779 664 3836 ibi
705 3777 1208 3836 adnichilabitur.

303 3888 391 3941 86.
429 3885 601 3957 (105.)
643 3887 804 3954 nugo
855 3898 1087 3955 quoque
1141 3883 1544 3941 Cluniacensis
1595 3884 1774 3940 abbas
1817 3883 1888 3939 de

231 3973 436 4032 eodem
461 3973 694 4043 negotio
721 3973 962 4044 scripsit
983 3973 1169 4028 eidem
1197 3987 1359 4044 papa)
1378 3973 1610 4028 Urbano
1637 3991 1648 4026 :
1673 3973 1896 4029 Aman-

236 4062 468 4122 tissimo
491 4063 548 4119 et
565 4061 1058 4119 recerendissimo
1076 4061 1270 4132 patri,
1302 4061 1523 4117 sanctae
1547 4062 1727 4133 atque
1757 4075 1895 4132 apo-

233 4153 464 4211 stolica
483 4151 642 4209 sedis
662 4165 886 4208 summo
903 4152 1071 4222 ponti
1065 4150 1196 4222 ﬁci,
1219 4150 1424 4206 domno
1431 4163 1610 4223 papee
1633 4149 1892 4211 Urbano:

238 4242 436 4300 frater
465 4241 640 4313 Hugo
680 4240 1094 4298 Cluniacensis
1122 4253 1254 4296 cum
1289 4239 1412 4296 tota
1441 4241 1895 4312 congregatione

237 4330 445 4387 nostra
479 4330 796 4386 continuas
825 4330 884 4386 et
895 4329 1294 4401 ﬁdelissimus
1324 4329 1649 4386 devotionis
1675 4329 1894 4386 oratio-

239 4433 344 4476 nes
366 4419 426 4476 et
436 4417 785 4490 perpetuam
795 4431 1015 4489 pacem.
1041 4417 1244 4488 Multi,
1269 4433 1299 4473 o
1321 4417 1552 4474 domine
1578 4418 1766 4490 pater,
1789 4420 1894 4490 ju-

240 4508 355 4566 stis
387 4521 460 4566 ac
486 4506 841 4566 necessariis
869 4507 1072 4564 causis
1103 4505 1493 4564 existentibus
1523 4508 1770 4580 cupiunt
1805 4508 1893 4565 di-

234 4611 426 4668 gnam
451 4597 710 4692 vestram
731 4595 904 4652 adire
912 4596 1318 4668 preesentiam,
1351 4595 1456 4654 sed
1483 4597 1893 4668 impediuntur
1919 4628 1976 4692 Β

243 4686 439 4744 variis
465 4676 936 4758 difﬂéultatibus
962 4683 1398 4742 obsistentibus.
1435 4686 1601 4742 Unde
1620 4687 1678 4742 et
1696 4685 1894 4758 aliqui

247 4788 446 4832 eorum
471 4773 684 4832 saltem
711 4773 792 4830 ad
815 4787 921 4830 nos
945 4772 1205 4842 veniunt,
1234 4774 1414 4842 quasi
1444 4775 1526 4830 ad
1551 4775 1896 4833 domesticos

245 4862 492 4933 vestros,
524 4863 580 4920 si
602 4875 718 4933 quo
736 4861 904 4918 modo
926 4860 1012 4917 eis
1032 4860 1378 4918 consulatur
1396 4863 1492 4918 vel
1508 4861 1898 4920 subveniatur

247 4953 497 5010 illorum
521 4948 989 5008 necessitatibus.
1022 4949 1194 5008 Inter
1215 4963 1361 5022 quos
1383 4950 1628 5009 domn-us
1656 4949 1898 5010 Manas-

248 5053 343 5099 ses
365 5041 676 5096 Remorum
686 5037 991 5112 ponti/etv,
1014 5037 1204 5095 vester
1223 5039 1388 5095 humi
1396 5039 1472 5096 lis
1480 5035 1678 5118 ﬁlius,
1702 5040 1898 5097 noster

250 5142 487 5202 quoque
503 5127 743 5186 devotus
758 5128 1008 5196 amicus,
1032 5137 1205 5198 quem
1227 5127 1286 5182 et
1300 5128 1365 5184 in
1385 5128 1516 5186 alia
1536 5128 1786 5199 epistola
1805 5143 1902 5185 vo-

253 5218 344 5277 bis
361 5216 917 5288 commendavimus,
932 5215 1284 5288 conquestus
1301 5217 1392 5272 est
1404 5217 1572 5275 nobis
1589 5217 1659 5273 de
1672 5217 1902 5288 Majori

251 5304 610 5362 monasterio
643 5307 708 5360 in
735 5305 984 5363 ecclesia
1015 5304 1172 5362 beati
1203 5303 1468 5375 Remigii
1502 5317 1560 5361 se
1588 5304 1902 5376 quemdam

251 5393 602 5452 monachum
623 5391 893 5451 abbatem
913 5393 1243 5462 ordinasse,
1267 5393 1324 5448 et
1341 5393 1506 5465 longe
1523 5393 1704 5449 aliter
1721 5406 1904 5462 quam

252 5481 534 5554 sperabat
564 5482 635 5539 de
660 5483 790 5554 ejus
814 5481 1167 5554 irreligione
1194 5481 1527 5538 maximum
1558 5481 1674 5538 loco
1704 5479 1906 5552 damp-

249 5584 395 5629 num
427 5571 793 5641 provenisse.
839 5571 1032 5630 Petiit
1067 5576 1263 5629 autem
1292 5571 1363 5626 ut
1387 5568 1906 5646 interpellaremus

326 5741 475 5810 (187)
505 5741 661 5797 Tunc
690 5740 1007 5797 monachus
1038 5738 1458 5797 Cluniacensis.

1987 682 2386 755 chiepiscopus
2407 697 2630 738 omnem
2650 683 2917 740 ordinem
2930 695 3132 738 rerum
3147 680 3311 738 vobis
3325 681 3379 738 si
3377 682 3630 753 gniﬁca-

1983 773 2090 840 vit,
2106 772 2264 829 sicut
2279 772 2640 841 audi-vimus,
2655 771 2998 829 reverentiae
3011 771 3218 828 vestris
3232 771 3628 843 suggerimus,

1986 861 2058 918 ut
2083 861 2139 918 si
2169 860 2250 917 ad
2276 873 2374 917 vos
2403 861 2632 917 venerit
2669 861 2826 917 idem
2862 862 3206 930 monachus,
3237 859 3631 932 prudentiam

1985 949 2245 1006 vestram
2267 949 2454 1007 nullis
2475 949 2903 1008 circumveniat
2919 965 2986 1007 ca
2996 948 3382 1017 lliditatibus,
3410 949 3517 1006 sed
3523 949 3634 1021 fa-

1987 1038 2169 1096 ciatis
2189 1037 2245 1094 ei
2264 1037 2585 1096 secundum
2603 1039 2962 1110 sapientiam
2983 1053 3164 1109 quam
3184 1053 3222 1096 a
3243 1040 3358 1094 Deo
3376 1037 3630 1095 habetis.

1989 1129 2552 1186 Reverentissimam
2589 1141 2660 1184 ac
2693 1129 3146 1185 dilectissimum
3174 1126 3340 1185 nobis
3360 1127 3635 1198 paterni-

1991 1215 2171 1273 tatem
2199 1217 2462 1274 vestram
2489 1217 2762 1275 dominus
2795 1217 3074 1275 Christus
3101 1231 3315 1274 sanam
3335 1217 3392 1272 et
3409 1215 3636 1274 incolu-

1988 1319 2136 1361 mem
2157 1303 2324 1362 nobis
2345 1307 2641 1362 conservet
2659 1306 2715 1362 et
2733 1307 3028 1364 universes
3047 1307 3328 1364 ecclesia.

2061 1450 2147 1502 85.
2171 1445 2342 1518 (106.)
2363 1447 2554 1503 Abbas
2577 1453 2770 1503 autem
2792 1447 3182 1504 Theodericus
3201 1447 3256 1502 in
3279 1447 3427 1502 festo
3447 1444 3634 1502 sancti

1989 1534 2193 1603 Aigidii
2237 1535 2422 1606 (Sept.
2460 1539 2532 1606 1),
2577 1537 2672 1606 qui
2702 1536 2834 1592 olim
2871 1537 3057 1592 fuerat
3091 1536 3216 1592 dies
3249 1533 3637 1590 ordinationis

1991 1623 2136 1692 ejus,
2171 1623 2242 1678 de
2283 1625 2633 1680 monasterio
2677 1639 2951 1694 egressus
2985 1641 3112 1680 cum
3154 1624 3346 1680 Remis
3385 1636 3638 1679 morare-

1991 1713 2110 1781 tur,
2145 1711 2199 1767 in
2226 1711 2658 1784 sollempnitale
2690 1713 2875 1768 sancti
2911 1712 3151 1781 Remigii
3175 1710 3442 1782 sequenti
3467 1725 3637 1766 vene-

1993 1805 2129 1856 runt
2154 1799 2224 1856 ad
2247 1816 2376 1858 eum
2402 1801 2687 1858 Bainerus
2711 1802 2990 1872 Pirensis,
3015 1802 3308 1858 llobertus
3333 1798 3633 1869 Cunensis,

1993 1889 2262 1945 Wiredns
2305 1904 2533 1960 quoque
2576 1891 2930 1962 przepositus
2964 1889 3417 1954 Ebernéicortis,
3451 1889 3521 1944 de
3555 1889 3638 1944 in-

1993 1979 2252 2036 tentione
2292 1979 2418 2049 ejus
2459 1980 2678 2036 certius
2717 1979 3070 2050 inquisituri.
3118 1983 3162 2035 A
3191 1995 3304 2050 quo
3330 1993 3460 2036 cum
3493 1976 3640 2033 didi-

1991 2069 2230 2138 cissent,
2271 2068 2550 2140 privatam
2592 2069 2765 2124 vitam
2797 2083 2858 2124 se
2889 2073 3099 2140 sponte
3129 2068 3402 2138 elegisse,
3433 2070 3522 2124 tot
3558 2067 3642 2122 in-

1991 2157 2345 2214 sectationes
2367 2157 2596 2213 Otberti
2623 2157 2740 2229 pati
2767 2172 2876 2213 non
2904 2172 3090 2228 posse,
3115 2156 3421 2213 ecclesiam
3447 2156 3522 2212 ob
3545 2155 3636 2212 sui

1992 2244 2264 2301 invidiam
2288 2245 2511 2302 destrui
2538 2245 2741 2316 vitare,
2763 2245 2919 2302 nolle
2943 2245 3190 2316 amplius
3215 2258 3488 2317 praeesse,
3517 2244 3640 2315 qui-

1993 2335 2099 2390 bus
2117 2334 2172 2390 in
2192 2339 2276 2390 tot
2299 2335 2580 2406 periculis
2605 2349 2716 2390 non
2742 2334 3030 2391 sufficeret
3059 2335 3375 2406 prodesse:
3402 2348 3642 2405 respon-

1992 2423 2204 2479 derunt
2247 2423 2459 2479 fratres
2501 2424 2610 2480 hoc
2652 2439 2762 2480 non
2805 2423 2890 2480 sic
2931 2428 3151 2479 temere
3189 2421 3493 2492 agendum,
3536 2421 3639 2479 sed

1989 2511 2386 2568 consulendos
2409 2513 2654 2568 abbates
2676 2513 2770 2583 qui
2791 2511 2859 2568 ad
2883 2511 3224 2583 praedictum
3247 2516 3642 2568 convenerant

1991 2598 2222 2654 festum.
2249 2601 2591 2658 Decernitur
2615 2602 2794 2670 igitur
2817 2606 3046 2672 tempus
3069 2600 3139 2656 ad
3166 2615 3304 2656 rem.
3333 2601 3398 2656 Et
3419 2615 3547 2657 cum
3569 2600 3640 2657 ad

1991 2687 2257 2744 abbatem
2281 2695 2469 2744 sancti
2494 2689 2737 2760 Remigii
2759 2695 3128 2760 exterasque
3149 2689 3226 2745 ibi
3248 2689 3537 2746 collectos
3561 2704 3628 2746 ec

1991 2775 2184 2832 clesia}
2209 2778 2510 2834 Remensis
2530 2777 2835 2834 consilium
2869 2778 3179 2848 referrent,
3213 2784 3274 2834 et
3297 2777 3379 2832 illi
3403 2792 3638 2834 causam

1993 2863 2221 2920 abLatis
2241 2865 2577 2924 Theoderici
2601 2867 2787 2922 veteri
2811 2866 2927 2936 jam
2953 2867 3155 2922 auditu
3179 2865 3542 2922 notissimam
3566 2866 3638 2922 ad

1992 2954 2457 3024 respondendum
2509 2955 2910 3026 ventilassent,
2955 2956 3024 3011 ad
3078 2957 3227 3013 hunc
3277 2955 3640 3013 devenerunt

1996 3042 2185 3112 linem,
2208 3049 2270 3100 ut
2291 3045 2423 3114 quia
2451 3045 2710 3116 privatus
2728 3045 2920 3102 vivere
2943 3045 3121 3102 vellet
3144 3061 3214 3101 ne
3239 3045 3484 3101 Otberto
3506 3045 3640 3101 sub-

1994 3135 2170 3202 esset,
2201 3139 2455 3204 caveret,
2489 3149 2558 3190 ne
2587 3133 2738 3191 unde
2767 3149 2828 3191 se
2855 3134 3162 3206 expediret
3193 3134 3367 3191 alium
3397 3133 3640 3206 impedi-

1997 3226 2106 3290 ret,
2134 3237 2276 3278 neve
2303 3223 2583 3294 praadicto
2607 3224 2852 3279 Otberto
2878 3223 3190 3294 ingereret,
3217 3237 3386 3293 quem
3411 3221 3640 3278 noviter

1999 3325 2103 3380 pro
2133 3325 2197 3366 se
2229 3311 2683 3368 consecrandum
2717 3312 2982 3383 eligeret.
3016 3311 3340 3384 Respondit
3371 3311 3552 3367 abbas
3583 3310 3638 3365 in

1997 3399 2104 3454 hoc
2137 3399 2262 3471 ipso
2294 3400 2403 3456 sibi
2435 3405 2495 3456 et
2528 3401 2809 3457 fratribus
2833 3401 2957 3457 suis
2980 3399 3366 3469 consuluisse,
3396 3403 3456 3456 et
3483 3403 3642 3454 dom-

1997 3500 2128 3540 num
2153 3487 2540 3557 Berengerum
2561 3489 2830 3544 abbatem
2851 3489 3037 3544 sancti
3063 3487 3355 3546 Laurentii
3381 3486 3490 3544 sibi
3515 3501 3644 3542 suc-

1995 3589 2289 3630 cessorem
2315 3575 2431 3645 jam
2457 3577 2554 3632 diu
2579 3578 2730 3648 apud
2756 3592 2818 3634 se
2843 3577 3186 3649 destinasse,
3214 3576 3345 3648 quia
3369 3579 3427 3632 et
3451 3588 3646 3631 mona-

1994 3661 2142 3718 chus
2173 3662 2307 3718 olim
2340 3664 2516 3720 fuerit
2543 3666 2830 3735 ecclesiae,
2864 3671 2922 3721 et
2954 3681 2985 3722 a
3018 3667 3227 3722 domno
3259 3664 3504 3722 Henrico
3528 3662 3645 3736 epi-

1995 3763 2173 3821 scopo
2193 3759 2574 3808 consecratus
2595 3752 2874 3824 legitime,
2906 3754 3063 3809 nulla
3097 3755 3382 3824 indigeret
3415 3752 3643 3808 Otberti

1993 3841 2454 3896 consecratione.
2478 3841 2765 3897 Laudatus
2784 3841 2964 3897 abbas
2981 3841 3037 3896 id
3058 3843 3278 3914 optime
3297 3841 3642 3913 providisse,

1997 3941 2285 3984 consensu
2318 3927 2730 4000 praedictorum
2760 3929 2852 3986 vel
2881 3929 3258 4001 praesentium
3289 3931 3533 3986 fratrum
3567 3927 3647 3984 ibi

2000 4018 2239 4090 scripsit
2291 4019 2615 4087 Bercngero
2664 4019 2772 4074 sub
2820 4019 3217 4075 obtestatione
3269 4017 3648 4090 professionis

2003 4122 2142 4176 suae,
2171 4121 2339 4178 quam
2367 4107 2580 4163 fecerat
2605 4106 2892 4178 ecclesiae,
2919 4111 2980 4164 ut
3005 4106 3086 4162 illi
3111 4107 3167 4162 in
3194 4107 3467 4179 praesenti
3498 4107 3650 4178 peri-

2003 4196 2134 4255 culo
2158 4199 2554 4266 succurreret,
2581 4195 2852 4266 quodque
2885 4195 3103 4253 volenti
3133 4195 3324 4252 animo
3353 4195 3646 4252 abbatiam

2005 4286 2115 4344 sibi
2140 4286 2510 4343 commissam
2535 4283 2924 4355 relinqueret;
2952 4285 3060 4342 hac
3092 4289 3280 4342 tamen
3308 4284 3539 4341 omnino
3568 4284 3651 4341 in-

2003 4376 2292 4447 terposita
2315 4374 2670 4445 conditione,
2697 4374 2850 4446 quod
2875 4375 3232 4446 quibuslibet
3257 4374 3388 4431 aliis
3412 4378 3651 4446 postpo-

2007 4464 2158 4536 sitis,
2195 4463 2322 4522 ideo
2343 4479 2472 4523 eum
2497 4477 2899 4522 successorem
2922 4463 3223 4535 elegisset,
3254 4477 3324 4520 ne
3345 4477 3651 4520 consecra-

2007 4555 2162 4610 tione
2195 4553 2421 4609 Otberti
2455 4552 2762 4624 indigeret.
2799 4552 3046 4624 Scripsit
3075 4552 3248 4608 etiam
3281 4551 3560 4608 fratribus
3593 4551 3648 4608 in

2005 4657 2331 4714 commune,
2366 4647 2427 4699 ut
2452 4657 2619 4714 quem
2642 4641 2921 4712 elegerat,
2955 4641 3064 4713 ipsi
3090 4655 3319 4712 quoque
3341 4639 3648 4712 eligerent,

2007 4731 2207 4802 sicque
2240 4745 2342 4804 per
2373 4746 2573 4787 manus
2612 4730 2844 4786 Raineri
2885 4729 3142 4787 Pil‘OIlSiS
3172 4733 3229 4785 et
3261 4729 3502 4785 Roberti
3547 4730 3651 4785 Cu-

2007 4819 2205 4876 nensis
2237 4818 2504 4876 baculum
2529 4816 2882 4890 pastoralem
2907 4817 3127 4874 remisit
3151 4816 3447 4882 ecclesiae;
3482 4831 3652 4888 quem

2008 4907 2090 4963 illi
2123 4907 2275 4979 apud
2306 4907 2473 4964 Piros
2504 4921 2576 4962 ex
2605 4905 2880 4963 consultu
2911 4905 3144 4962 interim
3177 4905 3562 4977 reliquerunt,
3589 4909 3651 4962 ut

2009 4996 2176 5067 quasi
2201 4995 2271 5052 de
2295 4994 2536 5052 incertis
2563 4993 2752 5052 adhuc
2786 4996 2960 5051 rebus
2990 4993 3336 5067 praeveniret
3361 4993 3517 5050 inter
3537 4992 3656 5050 dis-

2009 5085 2270 5144 sidentes
2290 5084 2512 5141 certius
2533 5083 2858 5154 consilium,
2879 5087 2938 5139 et
2963 5087 3126 5140 tanto
3148 5082 3324 5140 citius
3345 5081 3653 5153 Berengeri

2010 5173 2293 5242 eligerent
2342 5169 2642 5241 auxilium,
2695 5175 2912 5242 quanto
2942 5186 3011 5228 ex
3039 5169 3396 5227 Theoderico
3442 5171 3655 5228 abbate

2009 5265 2282 5332 gravaret
2320 5273 2423 5314 eos
2460 5257 2839 5316 desolationis
2877 5273 2998 5315 suae
3041 5257 3358 5328 fastidium,
3411 5258 3656 5314 maxime

2015 5353 2256 5422 pr0pter
2288 5347 2728 5404 insectationem
2761 5347 3013 5417 Otberti,
3049 5361 3177 5418 quae
3209 5349 3370 5402 tanto
3401 5345 3660 5402 immine-

2015 5443 2102 5495 ret
2133 5437 2218 5494 cis
2251 5435 2540 5506 infestior,
2571 5440 2788 5506 quanto
2815 5435 2873 5492 in
2903 5435 3200 5493 desolatos
3227 5434 3588 5492 effrenatior.

2085 5573 2171 5626 86.
2199 5567 2370 5642 (107.)
2395 5562 2662 5626 Redditis
2683 5582 2821 5630 vero
2841 5566 3058 5630 litteris
3075 5565 3416 5628 Theoderici
3434 5565 3490 5624 in
3511 5581 3640 5623 com
3653 5603 3685 5626 .

1841 5668 2044 5734 NOTzE
2059 5709 2072 5724 .
