3968 6318
375 377 528 446 1485

1352 393 1832 465 CHRONICON
1874 397 1942 462 Β.
1993 395 2360 468 HUBERTI
2404 399 2802 468 ANDAGIN.

3620 397 3762 467 1486

375 536 529 594 muni
561 537 875 614 audientis,
905 557 1034 603 cum
1059 559 1212 606 mers
1233 553 1540 610 notaretur
1572 552 1664 612 vel
1694 553 1820 624 ejus
1847 567 2018 626 spon-
2047 546 2103 608 Α
2131 567 2290 612 ream
2322 555 2378 613 in
2406 555 2774 629 coemptione
2803 550 3164 612 Bulloniensi
3192 551 3570 626 deliberaret,
3599 554 3764 616 Gede-

376 630 542 684 tanea
565 629 818 700 privatio
837 633 929 690 vel
950 637 1256 706 Berengcri
1277 639 1542 709 eligenda
1565 643 1848 714 prastatio,
1874 647 1934 700 ut
1955 642 2019 699 fit

373 713 427 813 in
454 717 734 813 novandis
761 722 952 794 rebus,
988 740 1094 795 pro
1117 741 1222 783 suo
1245 729 1492 800 quisque
1520 713 1625 788 niti
1658 713 1839 804 cmpit
1865 733 2021 802 inge-

372 808 467 860 nio
487 815 642 871 ;orta
664 808 816 865 inter
834 827 934 867 eos
956 813 1335 886 dissentione,
1352 819 1765 876 Theodericum
1787 821 2018 892 quidem

377 895 721 952 commissos
755 898 868 955 sibi
903 901 1228 961 inordinate
1260 905 1606 977 deseruisse,
1633 909 1702 964 ad
1727 911 2019 966 abbatiam

369 995 512 1036 vero
547 987 854 1054 regendam
888 989 1087 1060 plures
1117 995 1266 1065 apud
1300 1010 1402 1052 eos
1437 1013 1768 1068 superesse,
1813 1001 2021 1054 Beren-

366 1083 508 1168 gero
529 1086 691 1131 suam
714 1076 794 1132 illi
819 1081 1086 1137 subicere
1102 1099 1288 1153 posse,
1307 1086 1467 1142 nullo
1486 1089 1651 1142 modo
1671 1103 1734 1143 se
1755 1088 1872 1158 pati
1890 1103 2020 1144 eum

368 1161 478 1215 sibi
517 1177 791 1233 praeesse.
839 1169 1149 1228 lndiflinito
1179 1188 1318 1229 vero
1350 1175 1595 1232 consilio
1626 1175 1679 1232 in
1715 1181 1830 1232 tam
1862 1176 2022 1232 vario

373 1247 666 1323 dissensu,
710 1271 818 1311 non
854 1259 1036 1315 multo
1070 1267 1200 1332 post
1231 1262 1473 1319 reddita)
1505 1270 1640 1321 sunt
1675 1263 1890 1323 litterae
1925 1267 2024 1321 Be-

373 1353 644 1410 rengero,
685 1345 873 1402 missa)
896 1347 980 1404 illi
1008 1365 1037 1405 a
1058 1350 1432 1408 Theoderico.
1471 1356 1528 1408 in
1559 1355 1771 1424 quibus
1799 1370 1927 1411 cum
1959 1369 2021 1410 se

375 1427 620 1498 legisset
642 1433 911 1504 electum,
934 1443 992 1494 et
1011 1439 1188 1494 sciret
1206 1440 1319 1509 jam
1342 1457 1369 1496 a
1394 1442 1675 1498 fratribus
1699 1444 2016 1514 repulsum,

372 1518 672 1587 paululum
695 1525 1004 1582 subridens
1023 1547 1033 1581 :
1055 1528 1223 1599 Cato,
1242 1531 1448 1601 inquit,
1470 1533 1765 1590 Uticensis
1783 1533 1880 1589 die
1898 1547 2022 1602 qua

2131 644 2280 702 frido
2321 645 2394 703 de
2429 648 2568 702 Ham
2608 646 2723 702 duo
2765 643 3018 702 dorsalia
3059 657 3189 700 cum
3227 641 3536 700 dalmatica
3566 659 3673 702 una
3707 650 3760 702 et

2125 749 2308 808 cappa
2337 736 2752 804 commodaret,
2787 733 2843 789 in
2875 733 2997 804 ipsa
3031 747 3262 803 quoque
3292 733 3631 790 infirmitate
3661 749 3757 792 sua

2127 827 2387 880 extrema
2419 825 2747 892 Berengero
2776 827 2998 893 partem
3029 821 3152 876 auri
3176 825 3236 876 et
3257 821 3485 892 copiam
3519 822 3760 894 lapidum

2132 913 2522 984 pretiosorum
2553 928 2582 968 a
2613 912 2742 967 loco
2784 907 3139 981 asportanda
3181 907 3566 980 relinqueret.
3607 911 3671 966 Et
3698 925 3762 968 ne

2131 1001 2223 1058 cui
2245 1001 2516 1057 videatur
2538 1000 2608 1055 de
2633 1000 2942 1055 Lambcrto
2964 999 3086 1054 haec
3108 997 3248 1052 talis
3271 997 3488 1054 mentio
3511 997 3602 1054 vel
3625 999 3759 1070 apud

2128 1091 2304 1145 Deum
2348 1087 2593 1160 pmnalis
2629 1085 2961 1144 criminatio
3003 1083 3096 1140 vel
3135 1085 3289 1155 apud
3330 1085 3595 1141 homines
3627 1087 3763 1156 judi-

2130 1177 2296 1234 cialis
2311 1177 2622 1245 detractio,
2650 1175 2874 1232 noverit
2893 1189 3024 1230 eum
3048 1174 3260 1230 acerbo
3282 1177 3340 1230 et
3361 1173 3537 1244 longo
3555 1172 3758 1246 dolore,

2133 1273 2194 1323 ut
2224 1267 2334 1322 hoc
2367 1268 2604 1337 faceret,
2646 1267 3046 1337 provocatum,
3091 1262 3223 1319 dum
3263 1263 3438 1318 nimis
3476 1262 3759 1320 inhoneste

2137 1359 2424 1412 tractatus
2443 1360 2502 1410 et
2522 1355 2836 1426 despectus
2859 1353 2914 1408 in
2938 1353 3066 1424 ipsa
3087 1355 3415 1420 senectute,
3437 1355 3530 1408 tot
3551 1350 3761 1410 labores

2125 1445 2454 1518 juventutis
2469 1458 2589 1500 suae
2603 1443 2754 1514 apud
2771 1442 3033 1512 ingratos
3046 1439 3270 1496 doleret
3285 1440 3598 1496 evanuisse
3613 1459 3628 1508 ;
3641 1441 3758 1510 quia

2129 1538 2302 1590 etest
2327 1533 2713 1589 miserrimum
2737 1545 2921 1600 genus
2944 1529 3328 1598 infelicitatis,
3352 1527 3578 1586 felicem
3599 1528 3758 1586 fuisse

361 1620 580 1674 passus
595 1611 686 1667 est
698 1614 997 1682 repulsam
1017 1618 1180 1683 risit,
1203 1619 1262 1674 et
1275 1621 1436 1676 nocte
1453 1634 1576 1690 qua
1591 1623 1918 1681 moriturus
1935 1624 2029 1680 est
2129 1629 2184 1678 et
2203 1622 2272 1678 de
2289 1635 2468 1690 regno
2482 1621 2536 1676 in
2553 1621 2704 1676 servi
2715 1621 2878 1688 tium,
2898 1619 3069 1674 immo
3083 1616 3474 1674 contumelias
3488 1617 3756 1674 decidere.

365 1694 526 1765 legit.
577 1699 714 1764 Quae
749 1701 977 1771 quidem
1011 1706 1246 1777 repulsa
1281 1707 1419 1763 licet
1455 1710 1630 1768 altius
1660 1726 1828 1781 quam
1864 1713 2019 1782 quis-

366 1797 538 1852 quam
570 1791 735 1844 ratus
766 1795 920 1846 esset
947 1792 1000 1848 in
1025 1808 1130 1850 cor
1150 1795 1275 1864 ejus
1301 1798 1668 1855 descenderit
1703 1799 1872 1870 (188),
1910 1816 2015 1872 pro

2196 1716 2284 1770 88.
2312 1711 2484 1780 (110.)
2508 1712 2565 1765 In
2589 1710 2790 1765 eodem
2813 1722 2953 1764 vero
2975 1721 3124 1763 anno
3147 1705 3381 1778 [1097?]
3407 1704 3558 1778 (189)
3579 1705 3758 1763 Kalen-

2129 1801 2216 1857 dis
2243 1800 2394 1856 Junii
2428 1799 2710 1855 Otbertus
2740 1800 2999 1853 castrum
3023 1795 3249 1851 Mirvolt
3277 1810 3389 1850 non
3411 1794 3581 1864 longe
3603 1795 3754 1852 situm

365 1877 626 1985 tempore
664 1880 854 1985 tamen
882 1882 1046 1949 quasi
1075 1884 1318 1954 benigne
1352 1887 1671 1958 respondit,
1707 1889 1851 1944 satis
1881 1905 2016 1945 con'
2043 1923 2098 1985 Η
2128 1905 2158 1947 a
2192 1888 2546 1945 monasterio
2578 1886 2650 1942 ad
2683 1885 3104 1942 desolationem
3145 1883 3615 1954 circumjacentis
3642 1897 3756 1954 pro-

363 1960 518 2058 sulte
550 1966 898 2058 pepulsores
940 1985 1078 2028 suos
1116 1975 1414 2031 censuisse
1448 1991 1548 2032 sua
1583 1977 1691 2032 sibi
1725 1979 2008 2048 sufficere,

369 2053 680 2123 unicuique
699 2055 751 2110 in
769 2058 1017 2115 ecclesia
1039 2074 1140 2116 sua
1162 2063 1432 2118 militanti
1455 2065 1712 2122 debitum
1734 2066 2012 2124 honorem

359 2143 717 2211 competere,
753 2144 904 2200 scire
929 2162 991 2202 se
1017 2149 1275 2206 moribus
1304 2166 1504 2209 eorum
1530 2169 1642 2211 non
1666 2157 2011 2226 convenire;

366 2236 698 2296 quaererent
729 2233 820 2288 cui
859 2234 963 2292 flos
991 2236 1194 2306 gloria:
1219 2238 1332 2308 jam
1369 2242 1518 2313 apud
1552 2258 1653 2298 eos
1686 2243 2012 2302 decidentis

363 2313 690 2412 refloreret,
726 2325 786 2376 et
818 2323 1024 2392 religio
1065 2326 1342 2383 deficiens
1383 2337 1736 2399 resurgeret.
1774 2333 2012 2390 Audivit

361 2406 584 2459 interea
613 2406 897 2466 Otbertus
923 2425 1113 2468 rerum
1137 2415 1368 2486 seriem,
1399 2422 1455 2472 et
1481 2420 1737 2476 evocatis
1760 2421 1830 2477 ad
1854 2437 1916 2478 se
1939 2422 2011 2479 de

365 2495 718 2552 monasterio
749 2511 897 2568 quos
931 2506 1169 2558 noverat
1205 2504 1495 2574 meliores,
1543 2507 1734 2565 mirari
1771 2524 1832 2565 se
1865 2510 2009 2566 dixit

357 2595 464 2636 cur
489 2581 877 2654 Berengerum
907 2589 1284 2661 repulissent,
1315 2608 1482 2664 quem
1510 2594 1564 2650 in
1587 2595 2010 2655 ecclesiasticis

355 2667 716 2730 utilitatibus
756 2674 942 2732 virum
985 2685 1100 2734 tam
1144 2679 1432 2738 valentem
1459 2683 1575 2752 jam
1609 2684 1872 2756 rapuisse
1915 2686 2012 2743 de-

357 2757 644 2816 buissent.
670 2762 879 2820 Eadem
907 2768 1198 2824 sententia
1225 2769 1295 2825 de
1321 2772 1645 2842 Bercngero
1669 2773 1820 2844 apud
1843 2772 2012 2830 cleri-

361 2860 465 2903 cos
483 2852 544 2904 et
565 2847 748 2908 laicos
764 2855 1198 2927 crebrescebat,
1215 2862 1270 2914 et
1287 2860 1568 2917 neminem
1585 2862 1666 2917 rei
1687 2867 1746 2918 et
1765 2866 2009 2934 tempori

358 2933 651 2994 utiliorem
676 2942 1015 3000 censebant.
1039 2947 1159 3001 Jam
1183 2947 1357 3003 etiam
1386 2949 1598 3006 fratres
1622 2954 1705 3005 tot
1734 2933 2013 3008 assertio-

361 3023 532 3081 nibus
563 3029 812 3086 convicti
842 3040 1266 3090 consenserant
1287 3037 1414 3108 ejus
1437 3039 1732 3110 electioni,
1756 3055 1885 3096 cum
1910 3041 2009 3096 ille

363 3114 541 3202 semel
599 3124 878 3190 concepta
929 3121 1324 3192 indignatione
1379 3126 1580 3198 primae
1632 3128 2004 3202 repulsionis,

356 3200 530 3258 nullis
563 3206 838 3276 precibus
870 3209 1120 3280 Otberti,
1155 3212 1332 3270 nullis
1357 3215 1875 3274 acclamationibus
1900 3200 2008 3276 fra-

355 3293 507 3346 trum
543 3292 634 3350 vel
663 3294 804 3351 cieri
837 3296 1055 3354 evaluit
1087 3302 1486 3370 procurationi
1516 3303 1732 3360 oblata}
1765 3307 2000 3363 attrahi.

355 3379 451 3434 Tot
481 3380 660 3450 igitur
681 3388 1152 3457 tempestatibus,
1184 3393 1275 3444 tot
1307 3390 1816 3462 dilationibusjam
1841 3409 2004 3465 paene

352 3466 680 3527 deficientis
748 3475 1013 3532 ecclesiae
1081 3482 1368 3548 perta‘sus
1432 3483 1734 3554 Otbertus,
1796 3485 2002 3542 indixit

353 3555 655 3628 fratribus,
702 3565 761 3616 ut
807 3577 975 3632 quem
1007 3565 1226 3623 vellent
1257 3568 1327 3624 de
1359 3571 1484 3626 suis
1515 3570 1798 3641 eligerent
1829 3574 2003 3645 eique

345 3648 812 3706 consecrandum
846 3651 900 3708 in
931 3654 1200 3712 abbatem
1235 3663 1678 3728 przcscntarent.

347 3820 357 3831 .
418 3736 505 3831 8?.
533 3735 564 3831 (A
563 3739 707 3810 109.)
734 3740 1016 3831 Lnterhas
1041 3743 1504 3817 disceptationes
1529 3749 1864 3806 Lambertus
1888 3765 2003 3808 ma-

336 3821 430 3891 jor
469 3821 797 3885 infirmatus
835 3830 904 3886 ad
946 3838 1214 3906 mortem,
1270 3837 1658 3906 Berengcrum
1693 3839 1764 3894 de
1793 3839 2000 3897 Leodio

341 3909 414 3967 ad
465 3927 529 3969 se
585 3919 1080 3978 reconciliandam
1128 3925 1443 3995 mandavit,
1495 3931 1824 3996 unctusque
1867 3927 1996 3986 oleo

349 4001 504 4070 quod
529 4004 642 4061 sibi
668 4013 1012 4078 reposuerat
1035 4025 1106 4066 ex
1127 4013 1567 4070 consecratione
1600 4017 1827 4072 Henrici
1863 4033 1998 4088 pon-

341 4089 540 4163 tificis,
586 4109 735 4151 anno
769 4095 1057 4156 incarnati
1091 4099 1260 4157 Veibi
1300 4105 1455 4174 1099,
1487 4105 1521 4159 8
1553 4104 1838 4162 Kalendas
1868 4106 1996 4163 Maii

339 4178 508 4235 obiit.
542 4181 650 4248 Qui
685 4187 966 4244 strenuus
1001 4194 1353 4259 cooperator
1391 4191 1624 4248 abbatis
1657 4191 1993 4250 Theoderici

341 4267 600 4341 majoris,
646 4271 702 4328 in
744 4275 1118 4345 acquirendis
1158 4277 1396 4348 praediis
1435 4283 1492 4334 et
1531 4281 1905 4352 ornamentis,
1939 4282 1994 4338 in

347 4358 694 4415 renovandis
711 4365 770 4416 et
788 4362 1136 4434 ampliandis
1155 4366 1441 4437 aedificiis,
1461 4367 1514 4423 in
1531 4368 1998 4428 vitreisetfabre-

341 4447 605 4517 iacturis,
642 4447 696 4504 in
731 4450 1056 4508 ordinando
1094 4453 1336 4511 fratrum
1376 4457 1534 4512 victu
1567 4460 1624 4512 et
1659 4459 1900 4526 vestitu,
1935 4465 1995 4517 et

339 4535 394 4590 in
439 4535 902 4610 quibuscumque
943 4545 1179 4612 poterat
1219 4542 1485 4600 ecclesiae
1524 4547 1894 4616 profectibus
1931 4553 1991 4606 et

340 4623 723 4696 utilitatibus,
750 4641 879 4685 cum
905 4629 1014 4686 sub
1035 4629 1389 4688 Theoderico
1408 4633 1640 4703 iuniore
1660 4640 1893 4692 assueta
1919 4635 1995 4692 di-

338 4712 568 4781 gnitate
599 4715 883 4787 privatus,
919 4717 1328 4777 adolescentes
1359 4721 1469 4777 sibi
1503 4722 1766 4794 praeponi
1791 4722 1995 4792 justis-

334 4801 479 4856 sime
503 4801 925 4877 indignaretur,
960 4807 1106 4865 adeo
1136 4814 1382 4866 coactus
1405 4814 1500 4866 est
1521 4808 1590 4844 ¹²⁸
1611 4811 1901 4883 desipere,
1930 4816 1995 4870 ut

334 4894 468 4960 post
490 4891 810 4952 discessum
840 4896 1096 4967 ejusdem
1125 4899 1465 4956 Theoderici
1491 4900 1810 4957 scrinulum
1836 4900 1990 4958 beati

337 4979 579 5037 Huberti
597 4984 748 5054 quod
765 4993 1007 5056 argento
1021 4993 1354 5060 paraverat,
1373 4989 1570 5046 ablato
1587 4989 1760 5046 etiam
1775 4990 1994 5062 capitio

339 5081 516 5124 aureo
548 5070 778 5128 mirifici
823 5075 1037 5148 operis,
1073 5077 1426 5150 dispararet,
1457 5093 1587 5136 cum
1621 5078 1998 5135 exactoribus

339 5154 596 5230 episcopi
639 5163 765 5218 tres
808 5177 1016 5222 cruces
1045 5180 1254 5224 aureas
1280 5171 1342 5223 et
1371 5166 1627 5224 tabulam
1659 5165 1866 5224 altaris
1897 5182 1996 5224 au-

2127 1979 2330 2036 vinciaa
2364 1976 2712 2043 refirmavit;
2747 1973 2902 2046 quod
2925 1977 3170 2044 optentu
3195 1972 3417 2028 domini
3439 1970 3756 2030 Theoderici

2125 2066 2359 2136 majoris
2392 2065 2676 2121 Henricus
2701 2063 3018 2134 episcopus
3046 2060 3347 2132 dejecerat
3378 2061 3492 2117 sub
3523 2059 3756 2116 intermi-

2123 2155 2354 2211 natione
2387 2151 2655 2225 perpetui
2683 2150 3072 2207 anathematis
3099 2169 3112 2204 :
3137 2149 3326 2220 ipsum
3357 2163 3590 2220 quoque
3619 2163 3754 2205 mon-

2121 2249 2238 2300 tem
2270 2243 2366 2315 qui
2396 2244 2468 2300 ab
2499 2242 2742 2312 antiquo
2785 2241 2972 2296 fuerat
3006 2239 3160 2296 beati
3194 2239 3446 2294 Huberti
3487 2237 3750 2308 ecclesiae,

2122 2333 2350 2390 firmato
2391 2331 2700 2403 privilegio
2736 2328 3009 2399 legaliter
3043 2326 3304 2384 reddidit
3333 2327 3508 2399 (190),
3538 2326 3749 2384 condita

2121 2422 2332 2478 ibidem
2380 2423 2439 2476 et
2485 2419 2754 2476 dedicata
2803 2417 3052 2474 ecclesia
3103 2416 3158 2472 in
3207 2415 3432 2473 honore
3479 2417 3629 2473 beati
3672 2416 3753 2472 Mi-

2120 2509 2358 2578 chaelis,
2393 2510 2606 2564 fratres
2637 2506 2927 2564 secretius
2949 2492 3156 2576 utpote
3180 2505 3234 2560 in
3258 2503 3502 2562 deserto
3529 2505 3639 2560 Deo
3667 2505 3752 2560 mi-

2119 2598 2398 2654 litaturos
2434 2596 2760 2653 constituit.
2805 2593 3203 2651 Provinciales
3230 2600 3432 2650 autem
3464 2608 3538 2649 ex
3566 2595 3752 2649 timore

2120 2685 2500 2742 desolationis
2535 2698 2705 2754 quam
2737 2683 3095 2740 verebantur
3125 2697 3238 2738 non
3271 2681 3463 2738 solum
3495 2681 3621 2751 sibi,
3663 2679 3750 2738 sed

2119 2779 2176 2830 et
2204 2773 2456 2846 posteris
2481 2773 2626 2842 suis,
2651 2772 2920 2829 condicta
2944 2771 3037 2827 die
3057 2773 3461 2827 convenerunt
3493 2769 3562 2826 ad
3587 2768 3751 2826 eccle-

2121 2863 2265 2920 siam
2290 2863 2445 2918 beati
2468 2861 2737 2932 Hubcrti,
2765 2859 3213 2932 expostulantes
3243 2873 3463 2931 corpus
3491 2857 3615 2928 ejus
3639 2873 3751 2916 cum

2119 2952 2376 3029 lacrimis
2407 2953 2656 3008 Otberto
2689 2949 3054 3022 praesentari,
3092 2947 3139 3004 si
3175 2948 3330 3004 forte
3354 2947 3450 3004 vel
3475 2947 3557 3004 sic
3581 2946 3757 3018 resipi-

2120 3049 2311 3101 sceret
2345 3044 2417 3100 ab
2450 3043 2773 3100 intentione
2803 3041 2976 3111 hujus
3008 3055 3133 3098 suae
3165 3039 3542 3112 inceptionis.
3577 3036 3751 3097 Coacti

2119 3134 2332 3190 fratres
2354 3148 2467 3189 non
2491 3131 2678 3188 solum
2701 3129 3056 3188 necessitate
3087 3129 3408 3199 communi,
3440 3127 3544 3186 sed
3563 3135 3620 3184 et
3639 3141 3750 3199 pro-

2117 3223 2242 3296 pria
2276 3237 2404 3292 qua)
2437 3220 2621 3289 magis
2655 3217 3166 3292 praeponderabat,
3199 3216 3339 3274 licet
3372 3217 3543 3274 nimis
3581 3217 3752 3273 incon-

2117 3309 2296 3380 sulte,
2317 3313 2497 3380 utque
2520 3308 2585 3363 fit
2606 3307 2660 3362 in
2679 3321 2873 3363 rerum
2892 3305 3281 3363 tumultuaria
3307 3303 3747 3378 perturbatione,

2114 3397 2292 3455 nullis
2314 3395 2638 3469 praemissis
2654 3394 2912 3465 jejuniis,
2945 3392 3123 3450 nullis
3147 3391 3388 3463 vigiliis,
3420 3391 3578 3449 nullo
3598 3405 3750 3464 appa-

2115 3491 2243 3542 ratu
2278 3487 2452 3556 hujus
2485 3483 2867 3552 executionis,
2902 3488 3165 3538 assumto
3188 3480 3346 3537 beati
3369 3481 3480 3537 viri
3503 3493 3744 3552 corpore,

2114 3577 2536 3648 processerunt
2557 3571 2731 3629 nudis
2751 3571 2997 3644 pedibus
3019 3573 3076 3627 et
3099 3574 3310 3642 operto
3332 3571 3530 3642 capite
3559 3569 3640 3624 θ’.
3669 3567 3748 3623 Vi-

2109 3665 2282 3721 deres
2301 3662 2517 3734 passim
2537 3659 3013 3717 concurrentium
3033 3659 3243 3716 turbas
3257 3658 3464 3729 augeri
3479 3657 3565 3729 ίδο,
3583 3657 3748 3716 luctu-

2111 3766 2224 3824 que
2255 3749 2520 3822 populari
2553 3748 2884 3805 canentium
2916 3747 3166 3804 letanias
3192 3750 3255 3802 et
3287 3747 3549 3820 psalmos
3577 3745 3744 3817 depri-

2110 3842 2205 3898 mi.
2239 3838 2472 3896 Audivit
2504 3839 2788 3895 Otbertus
2813 3836 2962 3893 tanti
2992 3834 3292 3907 pontificis
3320 3836 3665 3893 auctoritate
3691 3847 3744 3890 se

2109 3927 2363 4000 insequi,
2395 3933 2455 3984 et
2484 3927 2555 3984 ad
2581 3927 2786 3983 horam
2829 3927 3026 3983 furore
3063 3924 3464 3996 dissimulato,
3505 3937 3743 3980 ascenso-

2109 4034 2222 4092 que
2254 4033 2405 4089 equo
2428 4031 2559 4075 cum
2582 4017 2706 4074 suis
2729 4020 2786 4073 et
2813 4016 2938 4088 ipse
2968 4014 3348 4072 Venientibus
3380 4013 3604 4070 obviam
3634 4023 3744 4084 pr0'

2105 4108 2310 4166 cessit.
2333 4109 2621 4163 Prmtenta
2643 4119 2782 4162 vero
2798 4103 3094 4176 paulisper
3113 4104 3447 4160 reverentia
3463 4100 3738 4168 orationis,

2109 4200 2242 4268 post
2262 4194 2666 4267 aspersionem
2690 4207 2856 4264 aqua)
2879 4191 3226 4261 benedicta,
3256 4191 3414 4249 inter
3433 4187 3742 4248 thurifican-

2025 4255 2080 4318 D
2109 4255 2243 4341 dum
2274 4255 2487 4342 fustem
2521 4281 2593 4339 ad
2623 4255 2963 4352 hocdpsum
2999 4255 3269 4352 paratum
3301 4279 3571 4351 arripuit,
3601 4281 3652 4334 et
3681 4275 3740 4332 de

2108 4373 2275 4431 caesis
2306 4374 2550 4430 fratrum
2590 4370 2884 4442 capitibus
2923 4367 3205 4439 sanguine
3245 4367 3395 4438 fuso,
3437 4381 3539 4438 per
3562 4364 3738 4422 silvam

2110 4461 2378 4534 palantes
2409 4460 2525 4517 huc
2555 4457 2811 4528 illucque
2843 4457 3142 4529 dispersit.
3168 4456 3242 4512 Su
3255 4470 3362 4528 per
3381 4458 3596 4512 tantam
3616 4457 3740 4508 tam-

2106 4564 2218 4622 que
2266 4548 2606 4619 injuriosam
2658 4545 3048 4602 temeritatem
3097 4543 3530 4600 demirantibus
3571 4537 3738 4598 turbis

2098 4637 2385 4711 justitiam
2428 4634 2732 4706 Altissimi,
2775 4633 2871 4705 qui
2914 4647 3044 4690 cum
3083 4633 3165 4690 sit
3204 4632 3440 4704 patiens
3481 4629 3733 4694 redditor,

2103 4725 2423 4784 secundum
2456 4723 2895 4781 multitudinem
2931 4721 3032 4778 iraa
3066 4736 3186 4778 suae
3218 4721 3419 4782 (Psal.
3452 4735 3506 4789 χ,
3537 4719 3610 4788 It),
3640 4729 3735 4772 non

2105 4816 2338 4889 quaerit,
2387 4813 2674 4888 perlatum
2715 4815 2808 4869 est
2849 4825 3066 4884 corpus
3105 4811 3298 4868 sancti
3340 4810 3415 4867 ad
3455 4806 3734 4865 ecclesiam

2106 4903 2262 4960 beati
2294 4899 2592 4959 Michaelis
2623 4898 2980 4970 archangeli,
3013 4898 3352 4969 ibidemque
3381 4895 3734 4966 advigilatum

2107 5004 2137 5046 a
2169 4988 2451 5046 fratribus
2482 4984 2832 5043 recollectis.
2868 4986 2926 5040 lu
2956 4985 3280 5041 crastinum
3314 4981 3653 5055 disponebat
3681 4975 3736 5034 il-

2106 5077 2206 5135 lud
2235 5075 2520 5133 violenter
2542 5073 2918 5132 auferendum
2951 5073 3256 5143 Otbertus,
3291 5071 3398 5130 sed
3422 5085 3550 5128 cum
3572 5069 3624 5124 in
3647 5065 3732 5122 tali

2107 5163 2566 5239 prasumptione
2613 5177 2782 5220 nemo
2821 5160 2932 5219 sibi
2971 5161 3294 5218 assentiret
3335 5173 3592 5228 suorum,
3633 5155 3732 5226 jam

1689 5279 1924 5338 VARI/{'3
1967 5279 2368 5338 LECTIONES.

410 5365 474 5400 ¹²⁸
503 5367 668 5430 deest
694 5378 750 5430 1.

835 5373 904 5410 ί²⁹
930 5389 1178 5450 corpore
1209 5384 1231 5435 1
1258 5379 1282 5434 ἲ
1353 5377 1423 5412 ²⁸⁰
1449 5379 1542 5439 ita
1575 5393 1733 5437 corr.
1769 5377 2078 5447 Martem;
2107 5377 2324 5450 angari
2357 5380 2404 5432 1.

1926 5492 2128 5551 ΝΟΤᾸΞ
2145 5533 2159 5548 .

327 5565 370 5592 ”
403 5586 551 5662 (188)
582 5589 914 5662 E_Sallustii
942 5590 1069 5658 Jug.
1105 5605 1163 5662 c.
1195 5594 1252 5662 11
1284 5591 1462 5648 verba
1495 5591 1764 5662 sumpsit.

403 5591 529 5650 (188
582 5591 626 5648 Ε
657 5591 914 5647 Sallustii
942 5591 1069 5658 Iug.
1105 5605 1158 5646 c.
1195 5594 1252 5646 11
1284 5591 1462 5648 verba
1495 5591 1764 5662 sumpsit.

402 5591 551 5734 (189;
583 5660 892 5734 Hicgerror
921 5661 1176 5734 est,_qui_
1202 5661 1452 5716 fortasse
1468 5662 1541 5734 _in
1575 5663 1706 5734 anni
1737 5675 1981 5734 numero

331 5721 493 5802 latet,
518 5721 650 5793 nam
673 5730 744 5790 de
773 5727 985 5786 Wiredi
1005 5721 1290 5784 electione
1311 5734 1446 5800 post
1467 5731 1592 5788 haec
1615 5733 1769 5788 facta
1791 5731 1981 5789 adhuc

2095 5589 2362 5660 Urbanus
2397 5600 2542 5660 papa
2584 5585 2702 5657 (ob.
2728 5587 2878 5660 1099
2906 5583 3020 5642 Jul.
3053 5584 3148 5656 29)
3191 5583 3538 5642 sententiam
3577 5577 3717 5637 tulit.

2163 5663 2288 5732 190)
2320 5659 2594 5732 V.’supra
2625 5673 2676 5714 ο.
2712 5659 2798 5714 48.
