3968 6354
218 436 374 503 1437

1200 430 1675 499 CHRONICON
1720 427 1784 492 S.
1833 410 2201 488 HUBERTI
2246 417 2639 483 ANDAGIN.

3479 406 3637 475 1488

214 592 474 652 sanioris
499 590 672 650 animi
708 606 1008 650 resumens
1030 589 1355 661 consilium,
1383 603 1510 645 cum
1538 581 1863 642 reverentia
1895 561 1949 622 Α
1981 590 2192 648 cedere
2241 587 2734 661 detrectantibus,
2789 588 3232 647 intervenerunt
3279 582 3633 642 mediatores

213 687 273 741 et
306 685 531 740 honore
564 682 632 739 ad
689 698 855 739 suum
918 680 1118 738 retulit
1168 680 1375 737 locum.
1434 678 1610 748 Cujus
1642 672 1867 731 evectio

212 788 348 830 cum
373 772 600 827 maximi
630 772 833 828 fuisset
867 771 1158 842 ponderis,
1195 768 1452 824 revectio
1474 783 1610 823 vero
1643 764 1869 822 levissi-

212 862 289 918 mi
343 863 609 932 probavit
650 861 908 916 eamdem
942 860 1299 915 evectionem
1333 858 1443 914 sibi
1494 856 1865 927 diSpIicuisse

212 956 274 1006 et
305 950 705 1025 revectionem
738 949 1044 1020 placuisse.
1079 948 1339 1004 Positum
1370 952 1561 1003 autem
1588 961 1765 1016 super
1787 945 1867 1002 al-

215 1047 345 1097 tare
373 1040 526 1096 beati
555 1039 731 1107 Petri,
761 1043 816 1094 et
844 1054 945 1110 per
970 1042 1103 1093 octo
1134 1037 1258 1093 dies
1283 1035 1442 1093 nullo
1476 1036 1642 1091 modo
1677 1034 1867 1105 potuit

215 1128 348 1185 loco
382 1145 489 1186 suo
541 1129 763 1200 reponi,
825 1127 988 1198 quasi
1041 1126 1342 1197 quamdam
1404 1124 1863 1181 satisfactionem

213 1217 486 1286 exigeret
518 1217 688 1285 hujus
721 1231 841 1272 sua:
875 1215 1232 1273 remotionis.
1270 1216 1387 1269 Non
1425 1213 1605 1268 multo
1641 1218 1767 1283 post
1800 1225 1865 1265 ea

214 1307 346 1377 ipsa
375 1306 468 1362 die
492 1304 908 1375 anniversaria,
936 1319 1047 1374 qua
1069 1306 1237 1360 beato
1255 1304 1510 1358 lluberto
1531 1300 1866 1373 praedictam

215 1396 359 1452 fecit
390 1395 677 1466 injuriam,
708 1396 988 1450 Otbertus
1008 1396 1217 1465 captus
1241 1397 1328 1448 est
1365 1408 1392 1447 a
1424 1391 1636 1448 comite
1668 1390 1869 1445 licnri-

213 1500 312 1556 co,
349 1491 409 1541 et
440 1486 754 1556 Durbojum
811 1499 991 1555 usque
1025 1484 1313 1539 deductus
1364 1483 1605 1538 incitato
1636 1496 1785 1550 equo
1813 1483 1867 1533 et

217 1575 371 1630 satis
407 1575 606 1644 feroci,
664 1573 977 1630 durissime
1016 1578 1075 1629 et
1114 1572 1417 1627 inhoneste
1475 1570 1716 1626 eollisus
1775 1567 1869 1623 vix

222 1666 471 1719 mortem
505 1662 725 1727 evasit;
761 1662 862 1718 sed
894 1666 951 1716 et
988 1662 1259 1731 quamdiu
1295 1676 1365 1717 ex
1388 1666 1527 1715 tunc
1556 1656 1865 1730 superfuit,

213 1765 534 1821 numquam
561 1750 1019 1806 adversitatibus
1047 1756 1105 1805 et
1129 1749 1507 1805 dedccorosis
1536 1745 1869 1819 OppPCSSiO‘

212 1839 389 1896 nibus
414 1840 623 1895 caruit.

1982 683 2347 748 Berengerus
2377 682 2436 734 et
2465 680 2829 749 Frcdericus,
2857 678 3249 748 suffragantes
3269 678 3441 746 prout
3469 677 3630 745 pote-

1979 774 2109 828 rant
2146 768 2377 836 ingenio
2408 773 2465 822 et
2498 769 2740 835 ratione,
2779 784 2848 824 ne
2882 769 2966 825 sic
3003 763 3634 823 inconvenienterhac—

1979 865 2151 918 tenus
2179 854 2368 928 fratri,
2402 856 2607 913 amodo
2668 873 2807 913 vero
2839 858 2988 929 patri
3052 853 3456 922 dissentirent,
3489 856 3545 906 et
3579 850 3629 905 si

1975 966 2105 1010 eum
2144 949 2251 1007 hoc
2284 944 2427 1020 pati,
2463 945 2593 1001 illos
2622 951 2811 1002 tamen
2838 948 3027 1003 facere
3061 960 3173 1002 non
3206 945 3636 1007 deceret;con-

1978 1042 2239 1099 sulerent
2273 1040 2366 1097 vel
2416 1040 2578 1095 fama)
2613 1050 2754 1105 suae,
2810 1052 2879 1090 ne
2914 1037 3084 1092 nimis
3116 1032 3444 1091 inconsulte
3476 1028 3641 1108 vide-

1978 1136 2181 1187 rentur
2205 1130 2322 1187 tale
2339 1128 2559 1200 aliquid
2588 1126 2801 1197 egisse,
2820 1126 3232 1195 eXperirentur
3252 1122 3412 1194 prius
3435 1124 3635 1175 utrum

1977 1226 2133 1277 esset
2152 1220 2309 1276 utilis
2332 1225 2388 1275 et
2419 1217 2786 1285 retinendus,
2826 1228 2893 1269 an
2921 1214 3146 1269 inutilis
3166 1217 3225 1269 et
3250 1208 3626 1280 rejiciendus.

1976 1309 2224 1365 Tandem
2262 1309 2470 1365 rationi
2507 1306 2576 1363 ad
2624 1307 2823 1362 horam
2878 1302 3175 1374 cedentes,
3210 1311 3526 1372 suppressa
3562 1294 3633 1350 ad

1978 1400 2210 1468 tempus
2226 1396 2717 1465 contradictione,
2739 1392 2898 1466 passi
2916 1397 3051 1447 sunt
3068 1390 3229 1446 illum
3247 1389 3481 1451 adesse,
3500 1380 3636 1437 sibi-

1980 1499 2089 1554 que
2119 1484 2525 1554 aequanimiter
2559 1485 2868 1549 interesse,
2899 1480 3079 1534 donec
3104 1478 3303 1533 eadem
3336 1469 3636 1531 contradi-

1980 1571 2096 1628 ctio
2121 1573 2464 1643 quandoque
2492 1573 2651 1627 fieret
2673 1571 2908 1641 justior,
2950 1568 2997 1623 si
3030 1569 3413 1621 consecratus
3435 1564 3509 1618 ab
3538 1556 3637 1611 Οι-

1980 1662 2147 1717 berto
2172 1662 2764 1718 Romanazsententiae
2791 1650 3633 1732 probareturdescrtor,cujus

1978 1755 2144 1805 antea
2178 1754 2360 1808 fuerat
2418 1751 2741 1807 acerrimus
2792 1754 3069 1806 assertor.
3108 1744 3397 1799 Gravabat
3428 1744 3624 1796 autem

1979 1838 2165 1895 adhuc
2192 1842 2261 1895 ab
2282 1840 2522 1896 introitu
2562 1839 2911 1907 lngobrandi
2939 1838 3282 1908 prmsentem
3312 1831 3625 1889 ecclesiam

285 1931 374 1983 89.
411 1927 583 1996 (111.)
615 1929 685 1983 Et
716 1928 850 1984 dum
882 1928 1163 1984 Otbertus
1197 1928 1407 1983 fratres
1442 1927 1650 1983 iterum
1684 1932 1859 1997 atque
1888 1930 1940 1989 B
1976 1929 2219 1984 maxima
2274 1945 2465 1986 rerum
2515 1930 2730 2000 inopia,
2768 1928 2902 1999 quia
2953 1926 3395 1997 diSpensatores
3423 1935 3623 1976 carum

212 2017 429 2073 iterum
463 2017 532 2073 de
590 2016 858 2086 eligendo
890 2017 1101 2073 abbate
1160 2016 1559 2087 compelleret,
1598 2021 1731 2071 tunc
1762 2016 1858 2072 de-

213 2121 369 2162 mum
400 2104 518 2161 illis
550 2104 797 2176 praefixit
851 2106 1019 2176 diem,
1057 2121 1171 2176 quo
1202 2106 1352 2162 tales
1402 2105 1857 2161 determinaren-

214 2200 313 2250 tur
347 2194 681 2250 dilationes.
733 2195 968 2251 Electus
1000 2195 1229 2250 tandem
1281 2196 1568 2250 communi
1603 2195 1854 2250 omnium

209 2297 504 2339 consensu
545 2283 778 2353 quidam
835 2284 1129 2345 Girardus.
1166 2285 1435 2340 Leodium
1489 2285 1852 2347 ducebatur;

211 2387 345 2427 cum
383 2373 533 2428 inter
566 2373 817 2429 eundum
848 2372 918 2427 de
958 2373 1204 2428 Otberto
1255 2374 1432 2444 coepit
1486 2373 1577 2443 agi
1610 2388 1796 2428 sermo
1825 2387 1854 2427 a

210 2460 668 2530 deducentibus,
726 2460 939 2517 donum
970 2462 1098 2531 ejus
1128 2462 1289 2519 nullo
1337 2462 1504 2517 modo
1533 2461 1854 2531 legitimum

213 2551 359 2617 fore,
396 2554 509 2604 tam
541 2565 642 2621 pro
680 2550 911 2605 Henrisi
948 2551 1102 2620 regis
1149 2551 1632 2607 cxcommunicati
1666 2552 1857 2621 subje—

208 2639 428 2707 ctione,
465 2653 632 2709 quam
659 2654 761 2711 pro
786 2639 1013 2710 przefati
1038 2640 1261 2696 castelli
1289 2640 1679 2697 rcfirmatione
1705 2640 1852 2712 quod

213 2729 550 2784 restruebat
584 2728 811 2784 Henriei
843 2729 1139 2798 pontificis
1168 2730 1436 2799 neglecto
1465 2730 1850 2800 anathemate,

216 2821 339 2872 tum
374 2816 548 2871 etiam
581 2831 687 2887 pro
716 2816 900 2873 effuso
930 2818 1163 2888 propria
1198 2833 1362 2874 inanu
1396 2817 1521 2887 ejus
1552 2820 1857 2874 monacho-

211 2920 341 2960 rum
370 2905 541 2960 immo
565 2906 934 2961 sacerdotum
961 2906 1258 2976 sanguine.
1288 2906 1623 2975 llnjusmodi
1658 2907 1855 2978 dispu-

207 2993 358 3049 tatio
382 2993 516 3049 dum
543 2994 829 3050 attentius
853 2999 1276 3051 retractarctur
1297 2995 1448 3052 inter
1465 2996 1853 3052 Gislcbertum

209 3083 497 3139 decanum
515 3090 574 3139 et
601 3082 893 3139 \Virednm
910 3084 1293 3139 Ebernensem
1318 3086 1714 3157 priepositum,
1737 3100 1857 3155 per-

207 3176 523 3229 suaserunt
560 3173 816 3229 Gerardo
861 3173 1092 3229 interim
1127 3174 1495 3244 cessandum,
1528 3174 1709 3230 donec
1744 3174 1850 3245 ipsi

206 3264 421 3317 euntes
455 3263 726 3319 Leodium
785 3279 960 3334 super
1020 3264 1130 3318 hiis
1158 3264 1422 3319 abbatem
1477 3262 1849 3319 consulerent
1887 3296 1933 3357 Ο

208 3352 600 3419 Berengerum
650 3352 966 3417 Gerardus,
1003 3357 1061 3408 ut
1093 3356 1217 3407 erat
1279 3353 1366 3408 vir
1399 3353 1614 3423 probus
1640 3357 1698 3407 et
1733 3351 1854 3407 nul-

205 3440 322 3496 lius
348 3438 580 3508 injustze
605 3441 988 3511 promotionis
1007 3441 1276 3511 cupidus,
1303 3440 1650 3512 simpliciter
1671 3442 1852 3496 cessit

205 3527 326 3583 illis
378 3528 501 3584 suis
548 3529 991 3585 consultoribus
1048 3528 1376 3585 condictum
1415 3530 1492 3584 rei
1555 3530 1851 3598 negotium

203 3615 363 3671 ultro
387 3618 834 3686 exequentibus.
861 3617 967 3683 Qui
991 3632 1118 3673 eum
1147 3618 1201 3672 id
1235 3618 1465 3689 penitus
1491 3634 1597 3674 non
1622 3620 1851 3674 curanti

209 3707 538 3774 Berengero
572 3705 642 3762 de
679 3705 974 3762 reddendo
1018 3721 1194 3778 super
1224 3707 1334 3763 hiis
1379 3707 1625 3763 consilio
1657 3695 1855 3779 sugge-

206 3798 433 3865 rerent,
468 3795 654 3850 eidem
680 3796 852 3850 etiam
880 3797 1127 3851 Otberto
1162 3797 1312 3866 quod
1340 3797 1406 3851 de
1431 3796 1580 3852 dono
1613 3814 1716 3853 suo
1742 3812 1852 3854 non

205 3881 383 3952 legali
416 3884 775 3939 verebantur
822 3884 1186 3953 ingererent;
1232 3884 1327 3940 ille
1363 3885 1415 3940 id
1445 3885 1551 3940 sibi
1588 3887 1749 3955 quasi
1784 3886 1854 3941 ad

206 3972 478 4041 injuriam
517 3976 796 4042 reputans
845 3973 1158 4042 ingestum,
1197 3974 1549 4043 primoribus
1585 3976 1707 4030 suis
1739 3988 1858 4047 cra_

205 4062 425 4117 stinum
470 4061 676 4116 indixit
730 4061 1024 4132 publicum
1061 4061 1434 4130 auditorium,
1470 4068 1528 4116 et
1560 4067 1750 4118 utrum
1782 4063 1858 4120 in.

198 4147 485 4219 juriosam
521 4150 632 4205 sibi
659 4154 773 4205 tam
806 4150 901 4206 diu
934 4151 1223 4206 abbatiam
1251 4149 1697 4206 sanctiliuberti
1734 4152 1857 4209 fun-

204 4237 369 4295 ditus
393 4238 746 4308 annullarct,
773 4254 841 4295 an
867 4238 1187 4308 ordinaret,
1213 4238 1396 4295 edixit
1417 4239 1502 4295 eis
1526 4239 1580 4294 in
1601 4255 1854 4296 commu-

201 4339 272 4381 ne
321 4326 767 4382 consulcndum.
828 4326 1335 4383 Succlamantibus
1392 4327 1622 4383 cunctis
1657 4329 1850 4400 potius

201 4413 606 4480 ordinandam,
667 4415 874 4471 iterum
910 4420 1084 4486 atque
1144 4415 1355 4492 iterum
1389 4413 1452 4447 ¹³ί
1476 4415 1602 4485 ejus
1633 4416 1845 4473 obtulit

203 4502 537 4571 Berengero
571 4503 1016 4573 providentiam.
1043 4503 1145 4559 Ille
1166 4518 1292 4560 cum
1319 4504 1496 4559 semel
1524 4511 1847 4563 recusatam

201 4587 364 4644 nullo
398 4589 565 4645 modo
593 4589 927 4646 admitteret
962 4605 1180 4657 curam,
1209 4606 1567 4647 communem
1592 4593 1845 4649 omnium

201 4678 434 4749 accepit
464 4679 836 4748 sententiam,
872 4683 933 4735 ut
968 4679 1289 4736 destinaret
1328 4696 1431 4751 pro
1462 4681 1848 4739 testimatione

200 4780 304 4821 sua
333 4781 503 4836 quam
530 4767 599 4822 ad
623 4767 728 4823 hoc
753 4768 1151 4838 exequendum
1179 4768 1469 4824 utiliorem
1494 4776 1692 4826 nosset
1723 4787 1851 4842 per-

201 4868 425 4909 sonam.
463 4854 568 4920 Qui
628 4854 927 4926 paululum
987 4862 1297 4914 cunctatus
1329 4857 1382 4912 in
1420 4857 1520 4914 tali
1580 4861 1849 4931 opposita

199 4942 310 4998 sibi
341 4941 782 5012 deliberatione,
820 4945 1120 5019 reSpondit
1145 4961 1249 5016 pro
1276 4952 1537 5017 tempore
1564 4950 1846 5005 neminem

202 5031 496 5088 utiliorem
530 5046 590 5087 se
621 5047 816 5101 nosse,
854 5048 1022 5104 quam
1058 5034 1134 5089 ibi
1170 5041 1517 5106 praesentem
1551 5038 1844 5095 Wiredum

199 5120 543 5181 monachum
593 5119 852 5190 ejusdem
902 5122 1187 5179 ecclesiae.
1234 5126 1515 5181 llortatus
1565 5128 1844 5186 accedere

196 5209 486 5278 Wiredus,
516 5209 652 5265 licet
680 5216 741 5265 ut
764 5210 1195 5282 fitaliquamdiu
1218 5211 1496 5278 reluctari
1519 5216 1839 5289 videretur,

196 5302 386 5354 tamen
418 5297 672 5355 donante
706 5299 950 5355 Otbcrtn
1001 5299 1290 5356 abbatiam
1324 5305 1609 5376 suscepit,
1642 5307 1843 5377 sicque

191 5387 509 5443 comitatus
532 5387 859 5457 Berengero
882 5393 939 5443 et
964 5388 1272 5445 Frederico
1288 5404 1446 5461 praep
1463 5392 1627 5463 ssito,
1656 5395 1839 5451 Anda-

191 5475 389 5545 ginum
421 5475 602 5531 venit.
654 5476 957 5532 Fratribus
986 5483 1178 5533 autem
1226 5475 1572 5535 electionem
1607 5482 1691 5538 sic
1722 5484 1837 5540 fru-

193 5567 439 5620 stratam
471 5562 926 5635 indignantibus,
958 5568 1014 5620 et
1050 5565 1305 5622 venienti
1340 5572 1403 5621 ut
1428 5572 1517 5623 est
1553 5583 1676 5625 mos
1705 5586 1836 5641 pro-

260 5758 325 5831 1,‘
356 5758 517 5815 deest
549 5761 594 5811 1.
630 5758 807 5816 addit
828 5758 1012 5818 Mart.
1094 5760 1159 5794 ¹³²
1191 5776 1303 5817 non
1329 5760 1527 5819 deesse
1558 5763 1809 5822 videtur.

1972 2019 2307 2073 tractabant
2325 2034 2423 2074 eas
2440 2018 2608 2073 nimis
2625 2017 2887 2088 prodige,
2913 2014 3072 2071 nullo
3088 2017 3358 2085 respectu
3377 2008 3623 2066 fidelita-

1968 2106 2064 2175 tis,
2091 2112 2148 2161 et
2173 2121 2336 2178 paene
2360 2106 2430 2162 ad
2457 2122 2757 2164 numerum
2783 2105 2986 2175 viginti
3015 2104 3293 2158 librarum
3329 2097 3622 2155 imminuti

1966 2200 2136 2250 erant
2162 2196 2386 2253 reditus
2419 2195 2807 2253 ecclesiastici
2841 2196 2911 2249 ab
2937 2193 3182 2249 introitu
3214 2190 3407 2247 domui
3440 2189 3624 2245 Theo—

1967 2282 2149 2340 derici
2178 2285 2433 2355 majoris,
2464 2286 2533 2341 de
2561 2285 2869 2358 praebenda
2903 2285 3145 2339 fratrum
3178 2282 3301 2337 sina
3325 2293 3622 2336 consensu

1966 2387 2165 2430 eorum
2200 2374 2353 2431 datis
2382 2375 2554 2431 immo
2578 2380 2637 2430 et
2658 2373 2916 2430 venditis
2943 2372 3167 2427 noviter
3194 2374 3252 2425 et
3282 2368 3495 2437 injuste
3523 2368 3616 2422 be-

1966 2462 2207 2532 neficiis,
2236 2468 2291 2518 et
2320 2464 2450 2534 hoc,
2478 2468 2537 2519 ut
2565 2462 2966 2535 supradictum
2992 2466 3100 2527 est,
3126 2458 3373 2515 consilio
3397 2463 3451 2512 et
3478 2459 3612 2513 actu

1969 2549 2255 2607 Lamberti
2290 2553 2523 2622 majoris
2583 2558 2640 2609 et
2670 2550 3007 2608 Theoderici
3055 2548 3325 2618 junioris.
3388 2548 3614 2601 Etcum

1967 2640 2240 2710 frequens
2269 2642 2628 2712 querimonia
2666 2642 2909 2697 fratrum
2940 2654 3136 2695 coram
3162 2635 3397 2692 Wiredo
3423 2634 3619 2703 hujus-

1966 2729 2118 2784 modi
2153 2729 2496 2799 injustitiam
2525 2735 2584 2785 et
2616 2731 2925 2801 dampnum
2962 2727 3366 2798 deplangeret,
3400 2722 3496 2778 ille
3526 2737 3622 2779 ca-

1966 2823 2068 2890 put
2110 2835 2412 2890 quassans,
2440 2819 2753 2891 complosis
2774 2819 3041 2874 manibus
3058 2832 3186 2873 cum
3213 2812 3621 2884 indignatione

1968 2906 2189 2963 talibus
2223 2908 2663 2965 consultoribus
2693 2911 2751 2962 et
2784 2907 3124 2963 auctoribus
3174 2902 3464 2976 pcenalem
3497 2900 3617 2957 vin-

1966 2995 2180 3051 dictam
2233 2997 2470 3054 ultionis
2521 2997 2952 3069 imprecabatur
3003 2995 3230 3051 divina).
3296 2992 3404 3048 Sed
3439 3006 3613 3062 quam

1965 3085 2383 3142 inexcusabilis
2413 3091 2503 3142 est
2557 3086 2743 3142 omnis
2775 3085 2870 3155 qui
2925 3084 3173 3155 judicat,
3231 3097 3358 3137 cum
3391 3084 3446 3137 et
3482 3079 3613 3152 ipse.

1966 3173 2117 3229 idem
2153 3175 2357 3230 faciat!
2394 3174 2535 3242 Quia
2569 3174 2737 3245 enim,
2776 3178 2835 3230 ut
2870 3174 3108 3243 dicitur,
3142 3171 3480 3227 voluntates
3514 3183 3607 3223 rc-

1964 3277 2095 3342 gum
2130 3267 2193 3318 ut
2221 3267 2352 3318 sunt
2380 3265 2756 3320 vehementes
2778 3263 2855 3319 ita
2887 3268 2946 3317 et
2972 3259 3297 3328 mutabiles,
3331 3272 3442 3313 non
3465 3256 3608 3313 mul-

1964 3357 2024 3407 to
2057 3358 2191 3423 post
2226 3353 2492 3408 Wircdus
2526 3353 2823 3424 praedictis
2851 3352 3078 3409 uovitcr
3110 3348 3325 3405 casatis
3353 3346 3502 3402 diem
3536 3344 3606 3400 ad

1965 3456 2029 3496 se
2061 3443 2442 3499 conveniendi
2479 3445 2694 3513 posuit,
2720 3448 2778 3498 et
2801 3450 3005 3500 contra
3039 3439 3325 3513 publicam
3365 3438 3607 3492 fratrum

1962 3532 2484 3588 contradictionem
2519 3533 2587 3588 ad
2614 3534 2898 3604 privatam
2922 3546 3121 3589 eorum
3145 3528 3391 3600 gratiam
3417 3526 3611 3595 singu-

1965 3619 2052 3676 los
2080 3622 2388 3689 recasavit,
2407 3637 2534 3678 cum
2552 3626 2606 3677 et
2623 3621 3088 3692 antelegitimam
3103 3614 3607 3675 consecrationem

1964 3710 2087 3767 suis
2122 3709 2341 3766 nullum
2376 3710 2561 3779 legale
2603 3712 2815 3767 donum
2848 3715 3041 3782 poss-t
3066 3710 3137 3763 ab
3160 3722 3231 3763 eo
3265 3704 3407 3760 fieri.
3447 3703 3610 3759 Unde

1964 3803 2020 3853 et
2057 3799 2238 3867 magis
2270 3814 2340 3852 ex
2370 3799 2480 3853 hoc
2520 3800 2933 3854 crebrescebat
2981 3796 3305 3853 communis
3363 3793 3608 3848 fratrum

1966 3886 2277 3955 sententia,
2314 3886 2475 3942 illum
2530 3887 2759 3943 omnino
2814 3886 2906 3942 vel
2937 3901 3040 3956 pro
3087 3884 3245 3939 nullo
3276 3880 3605 3938 habendum

1966 3973 2057 4030 vel
2090 3973 2488 4044 rejicicndum,
2526 3974 2657 4031 dum
2684 3976 2954 4031 Romanae
2980 3970 3349 4029 auctoritatis
3374 3968 3612 4040 privile-

1966 4061 2143 4131 gium,
2180 4063 2328 4132 quod
2366 4078 2393 4118 a
2428 4063 2705 4133 Gregorio
2746 4077 2892 4135 papa
2926 4061 3059 4117 huic
3090 4058 3356 4116 ecclesiae
3384 4056 3611 4128 specia-

1964 4148 2100 4206 liter
2130 4158 2218 4207 est
2243 4151 2563 4222 decretum,
2585 4151 2910 4222 hujusmodi
2938 4154 3419 4222 praesumptorem
3444 4150 3609 4217 pote-

1963 4240 2136 4295 statis
2167 4240 2518 4312 honorisque
2548 4242 2636 4298 sui
2662 4240 2946 4311 dignitate
2968 4243 3207 4296 censeat
3230 4236 3598 4309 privandum,

1961 4331 2055 4384 aut
2087 4327 2131 4383 si
2164 4329 2317 4398 quod
2351 4330 2665 4386 verebatur
2687 4329 2951 4387 manibus
2981 4327 3179 4384 Oberti
3206 4341 3271 4384 se
3298 4325 3604 4383 submitte-

1964 4418 2048 4471 ret
2082 4418 2563 4474 conseerandum.
2616 4419 2777 4485 Quod
2808 4418 2903 4473 ille
2961 4416 3344 4489 praesentiens
3378 4414 3600 4469 Oberto

1961 4506 2462 4562 consecrationem
2495 4523 2656 4564 suam
2685 4507 2954 4564 offerenti
2986 4505 3340 4576 aliquamdiu
3371 4519 3433 4559 se
3466 4505 3602 4559 sub-

1963 4595 2145 4661 duxit,
2182 4598 2361 4665 utque
2401 4598 2589 4654 tutius
2619 4597 2835 4652 vitaret
2866 4596 3093 4667 pondus
3124 4591 3495 4649 necessitatis
3528 4592 3599 4647 de

1961 4690 2227 4760 proximo
2278 4687 2648 4743 imminentis.
2697 4687 2995 4741 Franciam
3044 4682 3304 4753 divertit,
3353 4684 3414 4738 et
3444 4682 3598 4752 apud

1960 4779 2348 4835 Eberncnscm
2397 4775 2601 4832 cellam
2646 4773 2858 4830 morari
2892 4772 3089 4845 C(Bpit.
3125 4772 3379 4827 Obertus
3428 4769 3602 4840 hujus

1959 4867 2370 4924 subductionis
2394 4866 2538 4921 satis
2569 4864 2856 4933 conscius,
2883 4860 3253 4933 attemptavit
3286 4875 3415 4916 eum
3436 4858 3601 4915 indu-

1957 4970 2091 5012 cere
2118 4959 2280 5011 tanto
2316 4954 2541 5011 facilius
2570 4958 2788 5024 quanto
2820 4956 2877 5008 et
2901 4951 3155 5017 suavius,
3181 4964 3253 5005 ex
3276 4964 3382 5005 suo
3408 4948 3603 5016 conje-

1955 5044 2384 5113 ctansingenio,
2411 5048 2469 5099 ut
2501 5058 2628 5099 sese
2655 5057 2745 5098 res
2767 5042 3040 5111 habebat,
3068 5038 3221 5095 nolle
3244 5038 3402 5094 illum
3428 5035 3597 5092 facile

1948 5133 2063 5204 jam
2096 5147 2304 5188 carere
2329 5132 2509 5189 semel
2539 5125 3599 5201 degustatibonorisexpericutia,cu-

1954 5221 2044 5291 jus
2083 5221 2294 5278 donum
2346 5222 2400 5276 in
2444 5220 2781 5291 accipiendo
2813 5219 2880 5253 ¹³²
2913 5221 3286 5276 recusaverat
3323 5216 3392 5271 de
3427 5230 3595 5272 manu

1955 5312 2099 5382 ejus,
2118 5325 2245 5380 quze
2262 5310 2371 5366 sibi
2389 5324 2497 5366 non
2521 5310 2832 5366 videbatur
2854 5309 3017 5380 prius
3046 5306 3325 5377 legitima.
3352 5304 3600 5375 Scripsit

1948 5404 2141 5455 autem
2159 5398 2239 5452 illi
2262 5398 2317 5454 in
2336 5396 2732 5454 huncmodum
2758 5412 2786 5452 a
2813 5395 3025 5453 Lcodio
3044 5414 3056 5448 :
3076 5393 3598 5462 ObertusDez'gra-

1948 5487 2039 5545 tia
2061 5487 2477 5546 Leodiensium
2495 5487 2799 5558 episwpus
2805 5486 3011 5559 fratri
3046 5485 3276 5541 Wiredo
3297 5482 3504 5540 abbati
3525 5480 3598 5537 de

1945 5577 2152 5633 sancto
2173 5577 2241 5633 H
2241 5575 2438 5635 uberto
2444 5575 2715 5648 gratiam
2729 5588 2899 5632 suam
2924 5574 3201 5632 eteemm
3223 5570 3599 5633 dilectionem

1544 5666 1781 5724 VARI/ﬂ
1823 5671 2220 5729 LECTIONES.
