3968 6316
407 376 560 446 1489
1379 369 1853 439 CHRONICON
1896 368 1964 433 S.
2009 364 2105 432 HI.

2216 365 2376 431 ERTI
2419 363 2810 430 ANDAGIN.
3603 359 3720 426 tuo

405 515 474 575 in
489 515 746 575 Christo.
757 516 842 572 De
848 513 1210 586 promotione
1223 514 1328 570 tua
1339 511 1603 585 qualiter
1615 508 1894 567 canonice
1905 503 1961 562 et
1969 517 2048 562 se-
2075 501 2105 564 Α

2216 523 2436 580 uianon
2446 519 2745 593 posuistis
2763 531 2940 592 super
2961 530 3078 587 cor,
3101 514 3416 588 utgtoriam
3430 514 3724 574 minimae

406 605 665 664 cundum
683 605 959 678 regulam
977 605 1171 662 sancti
1181 601 1489 659 Benedicti
1487 596 1891 672 fuerit/acta,
1911 607 2050 666 quo-

2216 612 2314 668 etis
2329 610 2614 676 (Malach.
2650 625 2711 678 ll,
2743 612 2818 681 2).
2855 609 3178 678 Acceperat
3200 609 3336 662 tunc
3357 605 3609 676 temporis
3634 606 3728 676 qui-

403 694 594 764 modo,
617 693 888 764 inquam,
914 694 1179 750 humana
1193 690 1405 763 gratia
1419 691 1475 745 et
1498 690 1731 744 terrena
1744 681 2051 742 commodi-

2216 714 2293 756 ιω
2317 699 2632 756 monachus
2661 697 2816 754 beati
2844 694 3132 752 Laurentii
3166 693 3490 748 Lambertus
3517 691 3578 748 de
3597 707 3726 750 manu

412 785 505 840 tas
521 785 578 840 et
597 781 1032 855 cetera,quibus
1051 779 1291 852 indigni
1315 779 1576 836 homines
1599 775 1845 846 indigne
1857 772 1938 830 ad
1957 771 2054 828 ho-

2217 789 2394 846 tberti
2425 787 2716 844 abbatiam
2751 784 3168 852 Florinensem,
3194 781 3310 853 qui,
3343 785 3402 841 ut
3423 780 3528 850 jam
3557 781 3729 838 dictum

413 886 586 929 nores
604 873 794 930 solent
813 872 1085 943 provehi,
1097 869 1314 942 procul
1315 867 1581 941 fuerunt
1599 879 1637 922 a
1657 863 1844 932 nobis,
1860 860 2056 933 utpote

2216 883 2252 934 il.
2288 878 2435 949 (193)
2478 891 2590 932 non
2629 875 2742 931 nisi
2771 889 2902 931 cum
2933 877 3108 944 sputo
3141 869 3382 926 nominis
3405 869 3522 938 ejus
3548 873 3729 940 poterat

417 961 524 1034 qui
549 961 670 1017 tam
689 959 992 1018 carnalem
1009 974 1191 1031 quam
1209 957 1590 1030 spirituulem
1607 953 1699 1010 νεὶ
1728 953 1937 1008 τεετγω
1953 963 2058 1021 ριι-
2168 965 2517 1033 meminisse,
2574 961 2846 1034 quamdiu
2903 975 3030 1017 cum
3087 959 3406 1028 Berengero
3461 959 3733 1014 morabatur

2169 1054 2321 1127 apud
2354 1053 2560 1110 cellam
2594 1053 3006 1108 Ebernensem.
3038 1048 3217 1119 Hujus
3260 1061 3385 1102 cum
3410 1043 3612 1101 Wiredo
3634 1060 3734 1101 con-

2170 1143 2452 1200 secrando
2492 1141 2812 1198 constituta
2859 1142 2988 1194 erat
3036 1134 3423 1204 consecratio,
3463 1145 3607 1204 quam
3631 1137 3736 1190 tunc

2173 1231 2404 1304 quidem
2426 1229 2614 1301 gratia
2638 1227 2858 1285 Wiredi
2885 1227 3250 1294 Berengerus
3269 1221 3610 1278 differendam
3629 1220 3738 1291 opti-

421 1047 588 1106 blica
605 1049 1045 1120 reparationem
1055 1063 1168 1120 per
1185 1062 1282 1105 eos
1305 1046 1711 1104 desideramus
1733 1043 1885 1110 ﬂeri,
1901 1037 2060 1096 nulli

417 1137 616 1193 notius
636 1138 726 1194 est
741 1152 923 1208 quam
942 1137 1122 1205 vobis,
1147 1136 1205 1193 et
1231 1135 1493 1192 eumdem
1519 1133 1692 1189 recta:
1713 1127 2060 1186 intentionis

419 1226 653 1282 ocul-um
671 1241 897 1298 semper
908 1241 1144 1298 purum,
1167 1239 1392 1295 semper
1402 1221 1671 1296 apertum
1685 1234 1825 1290 erga
1837 1231 1938 1274 eos
1959 1217 2062 1273 Ιια-

423 1312 554 1369 bere
574 1313 788 1383 colens,
813 1315 972 1385 quod
991 1317 1057 1371 in
1075 1313 1237 1371 vobis
1261 1313 1396 1369 bene
1417 1311 1661 1382 cleptum
1667 1308 1824 1380 fuit,
1847 1305 2064 1362 melius

2216 1321 2321 1390 uit,
2347 1321 2532 1380 donec
2556 1317 2885 1388 Stephanus
2915 1313 3100 1369 sancti
3122 1310 3320 1367 Jacobi
3343 1310 3510 1366 abbas
3539 1309 3738 1380 praemis

419 1402 703 1471 per/icere
721 1403 903 1470 rolui,
929 1405 985 1460 et
1005 1403 1087 1458 ad
1114 1400 1536 1458 benedictionis
1561 1397 1833 1469 gratiam
1853 1395 1917 1450 in
1931 1407 2065 1464 pro-

2216 1424 2278 1466 us
2299 1409 2371 1465 ad
2396 1406 2707 1464 ecclesiam
2739 1404 2893 1460 beati
2924 1401 3165 1458 Huberti
3193 1415 3265 1455 ex
3297 1398 3614 1455 auctoritate
3638 1412 3740 1467 pon-

421 1491 588 1546 zimo
607 1503 706 1548 ros
723 1490 1060 1560 perducere,
1094 1492 1213 1546 Deo
1243 1487 1592 1560 opitulante,
1619 1483 1911 1556 disposui.
1965 1481 2068 1538 Vos

2216 1497 2377 1554 iﬁcali
2403 1497 2742 1553 hortaretur
2758 1495 2973 1550 fratres
2989 1488 3319 1547 consentire
3337 1485 3743 1556 agendaabenedi-

425 1579 626 1634 autem
653 1579 758 1635 illo
789 1579 1039 1650 tempore
1068 1578 1454 1649 imparatum,
1486 1589 1585 1633 eos
1615 1576 1679 1631 in
1709 1570 2070 1646 quibusdam

2220 1587 2379 1643 tioni.
2421 1585 2522 1641 llle
2555 1583 2872 1640 adveniens
2922 1595 3050 1637 cum
3078 1577 3296 1634 nullum
3329 1574 3633 1646 quaestionis
3656 1588 3743 1630 sua

428 1667 688 1735 negotiis
712 1666 1170 1724 lacrimabililer
1183 1667 1432 1722 dixistis
1445 1663 1794 1735 obligatur»,
1811 1663 1868 1718 et
1885 1659 2072 1718 consi-

2181 1677 2479 1748 0ptineret
2509 1673 2800 1736 etl‘ectum,
2847 1671 3000 1725 inter
3030 1665 3316 1736 agendum
3345 1663 3743 1734 requisitusesta

432 1753 510 1809 lio
533 1755 590 1810 et
617 1755 854 1811 auxilio
887 1754 1183 1824 bonorum,
1211 1756 1508 1826 praecipue
1535 1754 1732 1810 autem
1760 1748 2073 1808 concordia

2216 1764 2488 1832 ratribus,
2533 1767 2596 1818 ut
2645 1759 2962 1818 secundum
2996 1756 3211 1813 suimet
3261 1751 3594 1808 intellectum
3616 1765 3747 1822 super

431 1841 1173 1918 etunanimitatefratrum
1191 1843 1513 1899 cesti-orum
1529 1841 1610 1897 ad
1629 1842 1750 1897 tam
1764 1838 2074 1895 sublimem
2107 1859 2156 1918 Β
2185 1853 2444 1925 ejusdem
2468 1851 2548 1907 rei
2573 1849 2870 1920 negotium
2891 1844 3162 1902 redderet
3191 1843 3282 1900 eis
3299 1841 3529 1898 uberum
3545 1839 3749 1896 vel-imi;

423 1931 694 2002 gratiam
715 1945 838 1988 esse
853 1931 1335 2002 proceniendum,
1358 1931 1628 2001 diemque
1646 1930 1829 2000 hujus
1847 1926 1938 1983 rei
1948 1939 2076 1996 per-

2187 1947 2246 2000 ct
2269 1941 2516 2012 justitia:
2549 1937 2879 1995 consilium.
2915 1935 3155 1990 Miratus
3186 1932 3367 1988 abbas
3395 1930 3472 1987 sic
3499 1943 3553 1986 se
3577 1926 3751 1985 conclu-

431 2018 976 2089 ﬂciendaelegislis
994 2021 1050 2076 et
1066 2021 1326 2092 petistis,
1344 2020 1476 2076 etin
1491 2020 1622 2090 ipsa
1633 2017 1826 2074 sancti
1838 2014 2078 2072 Andrere

2216 2047 2338 2100 ,um,
2356 2046 2484 2087 cum
2512 2029 2674 2100 quasi
2699 2028 2936 2083 obtorto
2965 2023 3118 2081 collo
3139 2026 3448 2092 cogeretur
3464 2015 3751 2088 dicerequod

436 2105 788 2176 festivitate,
812 2123 902 2164 me
932 2109 1248 2178 annuente,
1280 2109 1604 2166 statuistis.
1631 2105 1756 2162 Sed
1775 2104 1925 2176 quia
1944 2103 2082 2160 tunc

2216 2119 2430 2177 nolebat
2453 2116 2723 2174 veritatis
2745 2120 2806 2172 et
2817 2112 3064 2184 justitise
3079 2109 3488 2177 testimonium,
3502 2105 3752 2179 respondit,

436 2193 642 2252 Leodii
663 2195 1053 2268 non/nimus,
1085 2197 1304 2269 quippe
1333 2198 1540 2254 honori
1570 2195 1859 2266 etgratice
1885 2191 2083 2250 damni

2216 2223 2257 2265 ιθ
2284 2223 2398 2264 non
2427 2207 2657 2264 venisse
2701 2209 2765 2260 ut
2797 2203 3052 2259 deferret
3085 2200 3174 2257 eis
3203 2197 3472 2255 veritatis
3497 2198 3551 2252 et
3569 2193 3754 2264 iustitia

437 2283 818 2354 ίνηΡθΓαιονίε
843 2283 2088 2357 ἀθεσνυίνηιιε(191),υοειιιησιεοάίιωηποη
2195 2296 2616 2365 testimonium,
2671 2292 2776 2349 sed
2812 2296 2872 2348 ut
2925 2287 3250 2347 voluntatis
3281 2299 3475 2343 eorum
3520 2283 3594 2340 eis
3618 2281 3756 2354 quise

437 2371 669 2429 venisse
689 2387 1070 2446 nequaquam
1099 2375 1480 2445 negligentiae
1506 2375 1886 2443 imputamus.
1915 2371 2090 2428 Nunc

2216 2385 2479 2442 niserant
2507 2383 2758 2440 referret
2789 2393 3112 2437 assensum.
3147 2377 3359 2446 Sicque
3407 2373 3610 2429 inactus
3635 2369 3759 2426 rediit

441 2458 639 2514 autem
648 2461 1221 2532 pracipiendooobis
1236 2462 1681 2532 denuntiamus,
1695 2461 1754 2517 et
1766 2473 1874 2532 per
1886 2474 1988 2516 cer
1997 2471 2093 2515 am

443 2545 843 2605 obedientiam
853 2564 953 2608 eos
965 2551 1362 2620 admonemus,
1379 2550 1695 2608 utremotis
1707 2547 1978 2606 omnibus
1990 2549 2094 2605 im-

432 2635 799 2704 pedimentis
827 2643 890 2694 10
906 2639 1050 2695 Kal.
1075 2639 1392 2698 Februarii
1415 2640 1599 2710 (1098)
1635 2637 1838 2695 Leodii
1863 2637 2003 2695 sitis
2028 2636 2096 2693 in

449 2725 736 2796 crastino,
757 2727 864 2784 hoc
883 2727 973 2784 est
999 2729 1064 2784 in
1083 2728 1355 2798 sequenti
1376 2728 1472 2784 die
1493 2727 1792 2784 dominica
1815 2725 1989 2795 (192),
2016 2723 2097 2781 ad

449 2814 896 2885 percipiendam
935 2815 1386 2874 benedictionem
1427 2816 1704 2888 paratus,
1751 2827 1968 2886 vosque
1983 2826 2099 2884 per

454 2901 641 2958 Deum
665 2904 721 2959 et
718 2918 832 2974 per
861 2903 1092 2961 beatum
1138 2904 1474 2962 Hubertum
1491 2903 1846 2961 omnimodis
1883 2915 2098 2958 ammo-

454 2990 652 3048 nitum
678 3006 802 3050 esse
827 2996 1118 3064 volumus,
1157 2995 1227 3050 ut
1253 2994 1498 3050 interim
1524 2992 1723 3050 nichil
1749 2991 1942 3060 aliud,
1974 2989 2098 3047 nisi

453 3083 610 3150 quod
637 3080 720 3137 ad
745 3096 937 3139 meum
966 3083 1243 3140 honorem
1271 3084 1329 3140 et
1353 3082 1436 3138 ad
1459 3082 1716 3140 ecclesiae
1741 3079 1948 3138 vestrae
1977 3091 2100 3150 spe-

2203 2475 2493 2532 Leodium.
2525 2469 2794 2530 Wiredus
2821 2469 2962 2526 licet
2992 2465 3288 2524 sollicitus
3317 2465 3569 2520 fraternae
3592 2463 3760 2517 contra-

2203 2563 2497 2632 dictionis,
2532 2560 2715 2630 magis
2757 2562 2952 2614 autem
3002 2555 3280 2613 curiosus
3309 2549 3762 2625 quomodocumque

2206 2653 2523 2710 retinenda
2547 2646 2925 2722 praelationis,
2948 2642 3238 2702 Lamberti
3266 2638 3765 2714 praedictieonseera-

2203 2741 2348 2799 tioni
2381 2739 2617 2811 agendae
2651 2736 2804 2793 ultro
2836 2749 2896 2792 se
2932 2731 3372 2791 consecrandus
3403 2724 3631 2798 ingessit.
3655 2724 3766 2811 lani-

2204 2809 2549 2888 bertus'non
2583 2825 2764 2883 multo
2795 2827 2928 2897 post
2961 2821 3356 2891 redarguente
3383 2830 3442 2872 se
3480 2809 3765 2870 conscientia

2207 2918 2497 2976 abhatiam
2523 2915 2910 2973 Florinensem
2935 2913 3144 2984 sponte
3167 2906 3448 2990 deseruit.
3471 2901 3694 2990 Wiredns
3706 2912 3769 2990 as-

2207 3011 2440 3079 sumpto
2471 3020 2665 3064 secum
2691 3004 2901 3060 iterum
2925 2997 3242 3058 Frederico
3268 2987 3567 3069 praeposito
3588 2987 3770 3057 Audasi-

2209 3111 2342 3153 num
2376 3094 2552 3164 venit,
2587 3090 3029 3161 diutissimeque
3063 3090 3326 3160 sperata,
3352 3082 3453 3141 sed
3486 3083 3661 3152 negata
3683 3089 3773 3164 pro-

454 3169 926 3276 ﬁtetutilitatem,
941 3171 1474 3242 quaraturaoobis
1493 3171 1586 3228 vel
1603 3171 1842 3242 agatur.
1881 3167 2094 3225 Valete.

2216 3185 2474 3241 sessione
2503 3163 2814 3238 ecclesiam
2843 3177 3089 3235 introiit.
3112 3173 3390 3244 Injuriam
3413 3171 3569 3241 hujus
3587 3163 3774 3276 aversio-

458 3256 549 3312 Sic
573 3257 873 3328 Otbertus,
902 3264 966 3316 ut
988 3260 1170 3330 aiunt,
1193 3261 1390 3329 gladio
1411 3259 1578 3316 melle
1599 3259 1703 3316 lito
1725 3259 1772 3315 si
1799 3257 1937 3329 quid
1967 3271 2102 3314 con-

457 3348 688 3403 stantia:
722 3347 777 3403 in
803 3349 1031 3405 Wirch
1061 3354 1370 3420 supererat
1395 3349 1654 3405 funditus
1676 3348 1948 3418 extinxit,
1978 3345 2104 3402 ille-

459 3451 571 3505 que
625 3435 857 3508 praefixa
909 3437 1021 3493 sibi
1055 3437 1148 3493 die
1203 3435 1469 3492 Leodium
1505 3436 1686 3492 venit.
1755 3435 1934 3503 Quem
1967 3434 2102 3492 dum

461 3525 744 3580 Otbertus
761 3529 1035 3594 argueret
1062 3531 1173 3580 tam
1197 3524 1292 3579 diu
1317 3523 1528 3580 oblata:
1544 3524 1653 3578 sibi
1680 3523 2108 3580 benedictionis

461 3613 710 3682 gratiam
733 3613 1178 3683 subterfugisse,
1207 3611 1304 3669 ille
1327 3613 1398 3668 ad
1414 3613 1611 3668 horam
1630 3613 1792 3684 quasi
1810 3616 2107 3684 resumpto

465 3700 592 3757 zelo
620 3702 890 3758 veritatis
921 3702 1294 3772 attestanda},
1328 3701 1419 3757 vel
1454 3706 1516 3757 ut
1549 3701 1680 3756 inde
1707 3700 1858 3773 apud
1893 3701 2108 3757 fratres

464 3789 861 3847 cxcusabilior
890 3789 1192 3848 videretur
1223 3790 1293 3847 de
1323 3803 1428 3847 sua
1467 3790 1930 3858 consecratione,
1964 3790 2111 3845 hanc

465 3879 882 3950 praetenderet,
913 3879 968 3934 in
998 3879 1230 3952 publica
1258 3878 1552 3936 audientia
1587 3878 1897 3936 subintulit
1928 3879 2112 3936 libero

469 3981 592 4038 ore,
613 3983 723 4024 non
746 3968 858 4025 sibi
881 3968 1065 4025 videri
1082 3967 1439 4026 commodam
1462 3969 1587 4039 ejus
1615 3967 2112 4035 benedictionem;

471 4057 686 4129 quippe
707 4074 836 4114 cum
877 4057 1342 4114 inobstinatione
1371 4060 1487 4112 tam
1513 4057 1682 4126 longa
1725 4055 2006 4112 adversus
2029 4069 2117 4112 se-

471 4151 601 4202 dem
616 4151 672 4202 et
695 4146 1072 4202 autoritatem
1098 4145 1477 4218 apostolicam
1504 4145 1752 4202 Henrico
1769 4143 2113 4214 reginitenti

474 4235 847 4306 singulariter
871 4235 1111 4305 faveret,
1157 4239 1277 4290 tum
1309 4233 1440 4306 quia
1467 4248 1540 4289 ex
1561 4233 1669 4289 hoc
1694 4233 1840 4305 ipso,
1873 4232 1922 4290 si
1947 4233 2118 4290 bene-

475 4325 775 4382 diceretur
797 4323 868 4379 ab
899 4338 990 4394 eo,
1016 4323 1259 4378 timebat
1284 4322 1527 4379 fratrum
1552 4336 1792 4378 suorum
1825 4319 2118 4378 contradi-

476 4414 752 4483 ctionem,
787 4417 908 4469 tum
939 4411 1114 4467 etiam
1145 4411 1278 4484 quia
1311 4411 1365 4467 in
1400 4410 1820 4468 desolationem
1851 4409 2116 4467 ecclesia;

479 4503 634 4560 beati
659 4501 902 4558 lluberti
927 4504 1182 4556 castrum
1207 4499 1435 4557 Mirvolt
1459 4500 1840 4570 reﬁrmasset,
1869 4498 2020 4570 quod
2048 4512 2117 4554 ne

2211 3274 2300 3330 nis
2327 3288 2438 3329 non
2462 3271 2646 3329 solum
2673 3269 2782 3325 sibi
2818 3261 3294 3339 injuriosam,sed
3315 3265 3372 3319 et
3404 3260 3622 3316 Otberto
3645 3250 3778 3310 eccle-

2213 3364 2432 3433 siseque
2455 3357 2758 3418 Leodiensi
2778 3357 2834 3413 in
2855 3355 3090 3428 publico
3114 3354 3366 3409 fratrum
3383 3349 3658 3412 conventu,
3677 3353 3776 3413 pre-

2214 3457 2377 3509 sente
2410 3449 2582 3504 immo
2613 3446 2948 3516 indignante
2980 3441 3296 3499 Frederico
3321 3439 3664 3508 conquestus,
3687 3440 3776 3485 cum

2215 3555 2284 3598 eo
2307 3537 2578 3596 Leodium
2601 3536 2797 3605 rediit,
2822 3533 3034 3590 ibidem
3058 3531 3169 3587 hoc
3201 3530 3391 3601 ipsum
3412 3525 3776 3594 conquestum.

2217 3631 2286 3687 Et
2309 3628 2444 3700 quia
2466 3633 2605 3683 tunc
2623 3631 2736 3681 tem
2744 3621 3203 3696 porisjustitiam
3219 3614 3570 3690 deprimebat
3584 3607 3780 3700 potestas

2219 3723 2280 3775 et
2307 3697 2588 3773 rationem
2622 3713 2917 3782 voluntas,
2947 3709 3180 3781 quidam
3211 3722 3286 3764 ex
3317 3703 3579 3762 fratribus
3603 3697 3782 3787 inferen-

2221 3806 2350 3862 dam
2374 3803 2484 3861 sibi
2528 3801 2863 3858 violentiam
2910 3799 3259 3865 timuerunt,
3279 3797 3338 3851 et
3362 3807 3433 3849 ex
3453 3790 3533 3848 eis
3551 3787 3782 3878 decem-tl-

2225 3893 2342 3951 mul
2371 3893 2426 3948 in
2449 3906 2559 3948 una
2583 3890 2674 3946 die
2699 3890 2984 3946 abeuntes
3006 3900 3112 3958 per
3133 3883 3326 3942 cellas
3345 3869 3783 3966 diverteruntjliis

2225 3981 2386 4054 quasi
2405 3983 2756 4036 exoneratus
2779 3975 2896 4046 jam
2928 3973 3198 4032 securior
3231 3972 3405 4027 immo
3424 3963 3642 4056 ferocior
3659 3959 3785 4056 Wire-

2225 4050 2336 4127 dus
2366 4068 2562 4136 rediit,
2588 4064 2943 4135 nimiumque
2963 4061 3319 4119 ambitiosus
3332 4055 3570 4132 prepriaa
3593 4050 3785 4141 domina-

2228 4159 2470 4216 tioniset
2494 4155 2728 4213 omnino
2752 4151 3092 4210 incredulus
3122 4149 3401 4206 fraternae
3422 4136 3788 4218 procurationis,

2227 4244 2666 4304 ecclesiasticas
2697 4240 3171 4314 dispensationes
3195 4238 3312 4295 sub
3334 4249 3398 4292 se
3424 4231 3542 4290 solo
3563 4224 3792 4314 provisere

2229 4334 2520 4392 commisit
2551 4333 2737 4389 laicis.
2774 4310 2869 4386 Sic
2907 4343 3048 4399 ergo
3080 4327 3205 4398 ipse
3233 4323 3452 4382 laboris
3479 4315 3737 4391 impatiens
3755 4310 3795 4363 et

2230 4423 2385 4480 domi
2417 4421 2859 4493 conquiescens,
2893 4417 3029 4474 dum
3058 4429 3170 4471 non
3205 4413 3309 4470 Dei
3354 4410 3456 4468 sed
3480 4420 3575 4466 sua
3604 4408 3798 4493 quartu-

2231 4515 2392 4571 tibus
2417 4487 2600 4582 magis
2623 4522 2793 4581 quam
2815 4487 3096 4563 fratribus
3114 4498 3578 4575 dispensationes
3595 4487 3799 4582 ecclesiae

477 4608 509 4650 3
540 4607 829 4664 quoquam
879 4588 1129 4662 amplius
1161 4589 1328 4646 ηθνθί
1376 4588 1660 4645 Henricus
1719 4563 2119 4660 Ρηέάδοθδδοτ
2147 4563 2201 4624 D
2233 4563 3042 4666 stieasergderet.cceperunt
3066 4563 3230 4648 nullo
3260 4575 3802 4662 procurantesationes

479 4681 608 4752 ejus
631 4680 1018 4738 interdixerat
1031 4679 1141 4736 sub
1158 4681 1440 4750 perpetuo
1461 4677 1859 4743 anathemate;
1885 4691 2123 4748 respon-

481 4773 657 4828 dente
680 4770 926 4826 Otberto
949 4784 1062 4825 non
1082 4767 1253 4825 modo
1274 4781 1406 4824 esse
1441 4771 1670 4838 tempus
1700 4765 1872 4822 istius
1903 4765 2127 4822 discus-

482 4859 665 4918 sionis
697 4859 957 4930 agendae.
990 4856 1471 4928 dissimulataque
1498 4853 1708 4912 callide
1731 4854 2128 4924 indignatione

485 4947 832 5017 invectionis
867 4955 979 5004 tam
1013 4946 1247 5017 subitae,
1285 4944 1439 5000 illam
1469 4959 1631 5000 suam
1663 4942 2127 5024 benedictionem

483 5037 599 5109 iam
623 5035 787 5108 quasi
811 5034 1409 5092 nolentideliberabat
1423 5033 1792 5090 subtrahere.
1809 5031 2134 5102 Statimque

488 5127 637 5182 bene
650 5125 924 5182 conscius
946 5123 1073 5194 ejus
1099 5122 1490 5180 animositatis
1520 5121 1592 5178 ad
1615 5136 1736 5177 rem
1753 5120 1905 5177 inter
1918 5125 2138 5176 utrum-

491 5227 605 5284 que
620 5213 1078 5284 componendam
1113 5213 1473 5281 Berengerus
1504 5209 1835 5280 subintulit,
1872 5206 2141 5265 benedic-

487 5301 710 5356 tionem
728 5315 841 5356 non
865 5314 999 5357 esse
1033 5299 1286 5370 Otberti,
1318 5299 1419 5356 sed
1449 5298 1577 5364 Dei;
1608 5312 1738 5354 eum
1766 5301 2006 5354 econtra
2031 5297 2139 5352 Do-

495 5388 686 5444 minus
715 5403 816 5459 per
845 5388 1181 5446 Malachiam
1216 5387 1370 5444 dicat
1397 5386 1469 5443 de
1496 5385 1907 5444 sacerdotibus
1940 5382 2142 5456 displi-

493 5473 768 5534 centibus
797 5477 938 5535 sibi:
979 5476 1346 5535 Maledicam
1396 5473 1896 5534 benedictionibus
1924 5473 2143 5532 vestris

2236 4689 2527 4763 deperire,
2545 4682 2924 4743 dominicales
2949 4679 3284 4737 mansiones
3294 4691 3424 4734 cum
3438 4667 3643 4729 horreis
3661 4671 3800 4724 ruere,

2237 4758 2694 4838 assentientibus
2708 4770 3044 4828 inﬁdelibus
3058 4765 3350 4824 ministris
3364 4759 3616 4820 eteadem
3628 4758 3805 4811 assensu

2239 4883 2303 4926 se
2329 4867 2490 4939 ipsos
2510 4863 2836 4930 tuentibus,
2867 4856 3199 4916 omnimodo
3231 4848 3497 4910 advocati
3519 4852 3724 4941 regnare

2240 4920 2668 5030 perrpauperes
2691 4920 2978 5018 ecclesiae,
3011 4943 3309 5016 legitimas
3322 4920 3808 5030 consuetudines?

2241 5013 2433 5103 tortas
2454 5013 2526 5098 ad
2541 5039 2820 5113 placitum
2835 5013 3006 5093 suum
3023 5013 3355 5102 demutare,
3379 5023 3604 5116 obsonia
3617 5013 3809 5116 indebita

2246 5133 2484 5204 exigere
2513 5109 2570 5187 et
2597 5128 2756 5199 leges
2781 5122 3140 5183 voluntarias
3162 5120 3451 5177 adversus
3476 5109 3812 5204 ecclesiamtn-

2249 5198 2984 5295 gravare,constitutiones
3000 5225 3141 5270 suas
3155 5207 3388 5266 exactis
3398 5198 3814 5295 scabinorulntftl:

2248 5283 2436 5370 tenter
2461 5283 2700 5379 judiciis
2729 5305 2784 5360 in
2829 5307 3132 5376 posterum
3177 5298 3432 5366 firmare,
3463 5283 3816 5362 deprecatoris:

2246 5399 2535 5459 violenter
2564 5391 2923 5467 quaestiones
2954 5400 3337 5459 exaggerarc.

2095 5557 2297 5617 ΝΟΊῈ

573 5663 724 5736 (191)
774 5662 882 5736 Qui
917 5659 1390 5736 tuneuogontiae
1417 5659 1772 5732 colloquium
1805 5658 2026 5728 habuit,
2055 5659 2142 5714 te.

510 5731 601 5792 ste
631 5731 997 5808 Ekkehardo.

2340 5651 2492 5724 (192)
2527 5650 2644 5724 Hoc
2673 5643 2947 5724 convenit
2980 5655 3033 5699 a.
3071 5643 3225 5699 1098.

2351 5721 2503 5797 (193)
2537 5723 2674 5793 Cap.
2703 5721 2789 5779 52.
