3968 6334
174 360 330 427 1441

1151 352 1631 425 CHRONICON
1675 354 1743 421 S.
1792 344 2160 421 HUBERTI
2199 346 2595 422 ANDAGIN.

3423 351 3576 421 1442

245 520 333 573 90.
353 513 526 587 (114.)
549 515 570 570 l
576 517 775 571 nterea
800 512 1214 584 indignabatur
1234 512 1623 570 Theodericus
1657 524 1818 568 suam
1849 492 1905 553 Α
1922 508 2289 579 panitentia
2304 512 2516 570 sciatis
2536 511 2605 569 in
2625 510 2730 568 hoc
2749 523 3066 582 superesse,
3090 511 3162 568 ut
3185 509 3391 570 Jesu/m
3420 524 3578 583 pra-

176 603 249 661 de
275 606 601 674 Berengero
627 602 982 659 annullatam
1013 601 1381 672 electionem,
1404 602 1698 673 cmpitque
1726 601 1824 656 ab-

180 692 399 749 batiam
422 707 582 749 suam
621 696 910 763 repetere,
939 706 1107 762 quam
1140 705 1203 747 ea
1256 694 1478 747 tantum
1522 689 1823 746 remiserat

177 780 534 850 conditione,
558 785 622 836 ut
661 780 714 836 ei
747 779 880 836 talis
920 780 1286 849 succederet,
1315 778 1412 850 qui
1462 793 1573 834 non
1598 776 1827 833 Otherti

181 868 473 939 indigeret
502 868 962 929 consecratione.
996 867 1247 925 Consilio
1273 882 1413 937 ergo
1447 866 1728 923 Manassis
1762 863 1830 899 ¹³³

181 958 498 1015 Remorum
522 956 949 1029 archiepiscopi
974 963 1031 1012 et
1057 957 1331 1013 abbatum
1353 956 1449 1026 qui
1466 957 1828 1012 testeserant

182 1046 446 1118 praefatae
467 1045 821 1102 conditionis
834 1045 1233 1115 confirmatus,
1249 1059 1321 1101 ex
1344 1044 1453 1100 hoc
1478 1043 1829 1116 ipsojustam

184 1132 483 1204 querelam
507 1133 714 1203 agendi
737 1133 961 1204 scripto
984 1132 1278 1189 mandavit
1299 1132 1552 1202 Wiredo,
1585 1147 1647 1189 se
1688 1133 1832 1188 satis

180 1236 478 1294 superque
522 1222 742 1293 mirari,
778 1221 939 1279 illum
979 1235 1094 1278 tam
1144 1222 1512 1293 impudenter
1568 1222 1833 1294 potuisse

184 1310 313 1367 fieri
356 1318 679 1368 monstrum
721 1315 836 1367 tam
860 1312 1109 1368 diversae
1140 1311 1655 1382 dissimilitudinis,
1689 1319 1754 1370 ut
1801 1327 1833 1368 a

183 1399 486 1457 sententia
515 1400 683 1471 cujus
705 1399 840 1456 olim
865 1414 1064 1456 secum
1094 1401 1281 1456 fuerat
1305 1400 1625 1457 acerrimus
1647 1414 1835 1457 asser-

186 1492 430 1559 tor,tam
443 1488 562 1545 cito
586 1489 867 1545 exciderit
884 1489 1248 1561 apostaticus
1271 1489 1539 1545 desertor
1555 1533 1570 1557 ,
1588 1489 1835 1561 ideoque

184 1575 407 1635 nullam
451 1577 560 1634 sibi
605 1577 860 1633 debitam
902 1577 958 1633 in
997 1577 1412 1635 ecclesiasticxs
1451 1578 1837 1647 dignitatibus

187 1664 611 1737 praelationem,
635 1680 763 1724 cum
787 1666 961 1722 etiam
985 1682 1089 1738 pro
1113 1666 1379 1724 mercede
1421 1667 1591 1738 hujus
1630 1668 1837 1738 iniqui-

188 1752 332 1811 tatis
355 1752 693 1825 apostolicze
717 1754 872 1811 sedis
911 1754 1238 1827 prodiderit
1269 1756 1679 1813 auctoritatem
1705 1776 1717 1812 :
1743 1756 1833 1815 vel

1933 600 2219 669 ceptorem
2229 600 2566 658 reclametis
2579 615 2616 657 a
2630 601 2800 671 longe
2808 602 2883 658 Si
2896 601 3095 657 autem
3098 602 3357 670 gloriam
3372 602 3481 658 Dei
3496 616 3584 658 re-

1937 685 2268 756 linquentes
2280 688 2336 744 et
2353 689 2607 745 vestram
2617 689 2970 747 constituere
2988 689 3421 765 volentesjacti
3441 689 3585 748 estis

1937 775 2277 846 apostatici,
2301 790 2491 833 nonne
2507 808 2577 816 —
2595 778 2896 848 siquidem
2917 779 2988 835 de
3002 778 3302 836 similibus
3323 778 3477 836 idem
3498 779 3589 836 est

1928 863 2237 935 judicium
2256 895 2325 904 —
2345 864 2540 936 eiecti
2557 866 2699 923 estis
2713 866 2975 924 membra
2994 867 3238 938 diaboli,
3255 869 3328 924 ut
3343 869 3409 925 in
3425 867 3586 926 vobis

1929 955 2066 1024 jam
2077 954 2348 1024 operetur
2356 954 2707 1025 mysterium
2717 956 3072 1027 iniquitatis
3082 964 3107 1013 7
3122 958 3207 1015 Et
3218 972 3293 1014 ne
3307 957 3587 1015 videatur

1941 1041 2104 1099 vobis
2122 1042 2306 1099 nimis
2328 1043 2628 1113 injuriosa
2651 1043 2771 1100 hac
2795 1045 2998 1102 nostra
3014 1047 3328 1117 sententia,
3343 1046 3514 1103 verbo
3531 1047 3593 1104 et

1942 1132 2206 1203 exemplo
2225 1132 2415 1187 vestro
2420 1133 2557 1203 jam
2579 1131 2687 1188 diu
2702 1131 2974 1202 probata,
2989 1136 3274 1192 consulite
3294 1136 3476 1194 totius
3497 1150 3589 1194 ca-

1945 1219 2178 1276 tholica
2224 1220 2701 1277 cbristianitatis
2740 1221 3037 1291 ecclesias,
3069 1223 3357 1280 consulite
3404 1226 3588 1282 etiam

1942 1308 2170 1366 vestras
2190 1308 2353 1379 apud
2369 1321 2471 1365 vos
2491 1310 2903 1379 conscientias,
2925 1313 3130 1368 utrum
3148 1326 3247 1368 vos
3282 1314 3348 1369 in
3367 1314 3464 1371 liis
3502 1328 3588 1371 co-

1942 1396 2186 1454 natibus
2210 1397 2425 1454 vestris
2454 1410 2652 1455 coram
2678 1399 2798 1453 Deo
2833 1400 2931 1455 vel
2963 1402 3248 1458 accusent
3277 1402 3366 1458 vel
3401 1402 3591 1460 absab

1945 1486 2107 1542 vant.
2128 1486 2497 1557 thuomodo
2510 1486 2939 1556 defecitvestra
2949 1488 3144 1547 virtus
3162 1490 3587 1563 etconstantia,

1946 1574 2056 1645 qui
2075 1573 2377 1633 nobiscum
2385 1589 2500 1647 per
2527 1576 2766 1633 exteras
2794 1577 3079 1647 regiones,
3108 1580 3179 1635 ut
3202 1580 3590 1655 videbamini,

1941 1677 2049 1733 pro
2069 1677 2266 1719 amore
2289 1663 2523 1721 Christi
2524 1666 2698 1736 passi
2718 1665 3123 1724 mendicitates
3138 1669 3195 1724 et
3208 1671 3403 1727 exilia
3414 1672 3595 1743 quasi

1950 1753 2265 1824 cujusdam
2284 1754 2573 1825 martyrii
2597 1755 2835 1825 palmas
2862 1757 2931 1812 in
2958 1759 3266 1829 conspectu
3292 1759 3596 1821 hominum

186 1840 240 1897 si
263 1855 395 1897 eum
421 1847 483 1901 ut
506 1842 695 1900 minus
720 1843 999 1899 scientem
1039 1858 1145 1900 suo
1192 1842 1425 1901 seduxit
1472 1845 1738 1916 consilio,
1773 1850 1835 1903 ut
1865 1854 1922 1916 Β
1947 1841 2406 1915 praferebatis?
2435 1842 2717 1913 quomodo
2762 1844 3204 1903 scandalizelur
3243 1850 3309 1905 in
3334 1851 3596 1909 vestram

190 1945 255 1987 se
275 1931 511 1990 abbatia
527 1947 633 2003 pro
648 1932 859 1988 Christi
884 1932 995 1987 ﬁde
1018 1932 1267 2005 privato,
1287 1934 1689 1991 fraudulenter
1711 1935 1840 2005 ejus

191 2021 535 2078 succederet
561 2020 709 2093 loco,
736 2022 793 2078 in
815 2021 1089 2079 condicto
1121 2038 1151 2080 a
1181 2037 1242 2080 se
1264 2023 1529 2082 ecclesias
1570 2027 1840 2082 Romanae

182 2107 411 2178 judicio
434 2124 507 2166 ex
528 2110 642 2168 hiis
673 2111 942 2167 omnibus
973 2111 1125 2167 inter
1164 2126 1267 2169 eos
1306 2118 1580 2183 ageretur
1622 2114 1846 2171 discus-

187 2197 299 2254 sio.
324 2198 571 2271 Scripsit
594 2204 788 2259 autem
812 2199 865 2255 ei
890 2200 997 2256 hoc
1013 2200 1216 2257 modo:
1237 2201 1454 2260 Frater
1482 2204 1848 2276 T.ceterique

167 2286 418 2360 fratres
440 2287 831 2360 dispersionis
846 2288 1103 2346 ecclesia
1114 2288 1266 2348 beati
1279 2290 1450 2348 Petri
1472 2292 1531 2348 et
1550 2291 1707 2351 beati
1722 2296 1849 2358 Hu.

186 2374 343 2434 berti
372 2377 452 2433 W.
476 2379 662 2434 nimis
695 2376 1009 2435 ambitioso
1048 2379 1109 2436 et
1131 2380 1574 2438 inconsiderate
1587 2383 1849 2453 gloriam

176 2465 494 2537 propriam
512 2467 826 2536 quarenti,
852 2465 913 2521 et
931 2467 1000 2524 in
1020 2465 1129 2524 hoc
1146 2468 1275 2538 ipso
1300 2469 1510 2525 contra
1540 2470 1747 2543 Deum
1794 2489 1848 2537 es

182 2552 577 2624 apostolicam
590 2554 780 2612 sedem
775 2554 1135 2627 faventibus
1144 2555 1281 2614 sibi.
1302 2556 1499 2615 Filius
1512 2559 1718 2617 aterni
1728 2561 1848 2618 Pa-

184 2640 304 2697 tris
324 2654 550 2712 semper
565 2642 883 2701 coaternus
901 2643 963 2699 et
974 2645 1294 2716 coaqualis
1315 2646 1370 2702 ei
1383 2646 1449 2703 in
1467 2648 1701 2705 unitate
1710 2649 1848 2720 Spi-

188 2728 357 2787 ritus
371 2732 588 2801 sancti,
623 2745 741 2787 non
774 2733 1058 2803 rapinam
1079 2732 1417 2791 arbitratus
1455 2749 1517 2792 se
1562 2738 1851 2808 aqualem

190 2816 340 2887 Deo,
375 2819 754 2891 semetipsum
798 2821 1161 2891 eainanivit,
1194 2820 1255 2878 et
1303 2825 1612 2898 assumpta
1638 2826 1852 2899 forma

191 2906 355 2963 servi
373 2907 505 2964 sine
524 2906 860 2964 conditione
887 2908 1118 2979 servili,
1154 2908 1419 2967 oblatum
1455 2911 1573 2970 sibi
1601 2927 1853 2984 regnum

194 2991 488 3064 fugiendo
506 2995 813 3052 recusavit
827 2995 889 3051 et
902 3010 1133 3054 crucem
1151 2996 1270 3054 sibi
1303 2997 1587 3071 bajulans
1604 3001 1686 3058 ad
1702 3017 1854 3061 mor-

196 3081 316 3138 tem
324 3096 440 3154 pro
460 3082 628 3141 nobis
648 3083 807 3141 ultro
836 3084 1150 3157 descendit,
1174 3100 1354 3159 seque
1365 3089 1530 3146 viam
1550 3090 1855 3151 humilita-

201 3169 1855 3244 tisnonarrogantiaconstituitimitatoribussuistem
1885 3215 1934 3277 Ο

198 3272 522 3331 resurgens
542 3274 582 3318 a
598 3262 853 3319 mortuis
872 3263 940 3320 in
962 3262 1127 3321 trina
1142 3266 1507 3338 confessione
1520 3268 1857 3329 dilectionis

202 3361 329 3405 sua
348 3362 498 3420 oves,
517 3363 671 3422 quas
689 3351 982 3421 sanguine
999 3365 1104 3408 suo
1118 3352 1468 3426 redemerat,
1494 3358 1672 3414 Petro
1691 3373 1854 3417 com-

202 3437 394 3494 misit.
422 3437 639 3496 Petrus
660 3452 793 3495 cum
812 3439 960 3497 data
978 3438 1097 3498 sibi
1110 3442 1402 3512 potestate
1423 3444 1659 3516 ligandi
1679 3448 1856 3506 etsol—

203 3526 383 3582 vendi
401 3526 665 3583 eamdem
684 3528 1101 3586 auctoritatem
1120 3531 1179 3586 et
1194 3544 1402 3589 curam
1419 3534 1549 3591 sedi
1582 3537 1858 3597 Romana

204 3615 481 3687 reliquit.
503 3617 750 3674 Constat
768 3631 903 3688 ergo
928 3618 1531 3695 L'ltristorepugnare,
1555 3627 1858 3687 ecclesias-

211 3703 344 3761 tica
373 3705 725 3762 auctoritati
748 3705 808 3762 et
831 3707 1166 3777 apostolica
1213 3711 1342 3767 sedi
1370 3725 1489 3769 non
1523 3712 1777 3786 obedire,
1804 3716 1861 3773 et

211 3804 310 3849 eos
330 3792 561 3850 aterna
578 3794 789 3852 mortis
808 3794 1039 3853 diluvio
1059 3797 1298 3867 involvi,
1324 3799 1433 3870 qui
1463 3802 1638 3860 eatra
1658 3817 1864 3862 arcam

1954 1931 2323 2002 apostasiam
2332 1929 2400 1986 in
2408 1929 2537 1986 suis
2554 1930 3254 1992 locis?Scandalieantur
3264 1938 3330 1994 in
3340 1938 3503 1997 vobis
3518 1954 3599 1998 se-

1956 2020 2056 2078 des
2070 2020 2391 2089 Remensis,
2411 2019 2842 2091 Laudunensis,
2855 2021 3159 2093 Metensis,
3189 2026 3594 2102 Virdunensis,

1964 2109 2278 2177 Tullensis,
2300 2122 2431 2179 qua
2449 2107 2610 2165 vobis
2625 2111 3101 2179 praconantibus
3123 2113 3401 2172 dolebant
3417 2121 3600 2177 omni-

1956 2213 2051 2268 no,
2066 2197 2172 2256 sed
2181 2198 2378 2254 adhuc
2389 2196 2587 2253 dolent
2598 2196 3084 2256 decolorationem
3094 2203 3395 2272 quondam
3409 2208 3601 2279 splen-

1959 2287 2291 2345 didissima
2300 2286 2362 2342 et
2371 2285 2841 2356 religiosissima
2860 2288 3115 2347 ecclesia
3137 2292 3603 2367 Leodiensis,sed

1960 2378 2016 2434 et
2034 2377 2251 2433 nostra
2266 2374 2860 2446 Andaginensis.Sed
2869 2378 3364 2440 etillemodernus
3375 2386 3505 2456 ejus
3515 2401 3601 2445 se-

1960 2466 2056 2523 dis
2076 2464 2469 2536 angelus,non
2490 2464 2628 2521 bene
2655 2466 2846 2522 nostri
2866 2468 3185 2539 sollicitus,
3199 2472 3495 2532 instinctu
3511 2489 3604 2533 ve-

1957 2557 2081 2615 stro
2092 2552 2624 2624 srcipsitRemensi
2635 2566 2819 2625 nuper
2830 2556 3610 2630 archiepiscopo,utelaude-

1957 2646 2053 2704 ret
2068 2642 2238 2701 nobis
2262 2642 2473 2713 aperta
2492 2640 2726 2699 viscera
2747 2656 2871 2700 sua
2889 2645 3257 2716 caritatis,et
3260 2650 3610 2719 prohiberet

1959 2747 2065 2792 nos
2082 2730 2353 2805 aﬂnibus
2371 2730 2500 2789 suis
2513 2730 2923 2788 etconstitutis
2934 2734 3098 2803 apud
3115 2735 3211 2804 sej
3214 2737 3368 2795 ustis
3378 2754 3608 2810 posses-

1960 2821 2231 2881 sionibus
2241 2821 2479 2877 nostris.
2489 2821 2693 2891 Neque
2711 2820 2864 2877 certe
2873 2821 3029 2879 satis
3032 2823 3145 2894 fui
3151 2825 3216 2895 tg
3223 2825 3389 2884 loria
3402 2830 3610 2889 vestra

1963 2911 2399 2970 ecclesiasticas
2414 2923 2707 2981 personas
2730 2909 2798 2966 in
2816 2924 2921 2968 nos
2942 2915 3333 2985 commovisse,
3341 2918 3485 2988 quot
3516 2920 3609 2975 ut-

1963 2998 2420 3072 cumquefuerit
2443 2997 2782 3069 tolerabile;
2800 2999 2903 3054 sed
2921 2999 2977 3055 et
2986 3001 3611 3074 conductuprasentia

1961 3090 2172 3147 vestra
2193 3087 2577 3158 quamplures
2598 3086 2980 3144 sacularium
3001 3089 3394 3160 tyrannorum
3409 3095 3492 3151 ad
3504 3108 3611 3154 nos

1965 3176 2378 3236 insectandum
2388 3175 2654 3246 pramiis
2675 3175 3223 3248 etpromissionibus
3240 3184 3615 3255 armastis,et

1965 3268 2175 3326 contra
2201 3266 2545 3323 sanctorum
2571 3278 2860 3322 canonum
2877 3266 3110 3325 decreta
3130 3283 3169 3339 α
3185 3269 3211 3322 t
3235 3272 3612 3331 audientiam

1967 3370 2165 3414 eorum
2185 3368 2292 3411 nos
2313 3353 2601 3411 violenter
2613 3355 2904 3427 coegistis.
2919 3355 3032 3421 Qui
3050 3357 3614 3420 innossatisltuma-

1964 3444 2164 3502 niores
2191 3442 2451 3502 caritate
2469 3444 2691 3514 vestra,
2707 3458 2839 3501 cum
2859 3445 3281 3518 intelligerent,
3296 3449 3474 3507 immo
3486 3465 3618 3509 cum

1964 3534 2337 3593 mirarentur
2348 3546 2454 3590 nos
2466 3531 2532 3565 ¹⁸⁴
2546 3546 2585 3589 a
2592 3533 2789 3604 priori
2800 3534 3098 3593 sententia
3108 3536 3387 3595 veritatis
3400 3539 3627 3599 dissen.

1966 3620 2548 3695 tire,e.vltorruerunt
2573 3622 2731 3678 inter
2760 3636 2866 3680 nos
2888 3623 3151 3682 tractare
3170 3626 3331 3697 quod
3347 3629 3620 3699 nonIera.

1968 3728 2167 3774 eorum
2166 3710 2469 3783 judicare.
2486 3707 2672 3767 Nobis
2682 3709 2883 3766 autem
2893 3712 3269 3772 audientiam
3280 3716 3373 3772 vel
3379 3708 3625 3774 Remint

1970 3806 2057 3863 sis
2078 3798 2601 3858 velLaudunensis
2618 3798 3372 3874 ecclesiareclamantibus,
3382 3805 3622 3862 tandem

211 3879 525 3939 catholica
552 3883 814 3940 unitatis
827 3883 1079 3955 fuerint
1091 3889 1331 3958 reperti.
1366 3889 1459 3946 Ad
1493 3890 1649 3949 hanc
1682 3893 1866 3965 ﬁdem
1974 3891 2174 3951 Remis
2194 3888 2586 3955 convenimus,
2601 3886 2805 3959 ibique
2824 3902 2956 3946 cum
2991 3888 3276 3950 Manasse
3294 3894 3623 3965 archiepis-

215 3970 530 4027 tenendam
549 3971 795 4029 domnus
813 3973 1184 4044 Berengerus
1203 3988 1335 4031 cum
1357 3978 1486 4034 suis
1512 3979 1712 4037 vestra
1731 3996 1868 4053 quo-
1976 3994 2111 4053 eopo
2128 3977 2596 4048 Engelramnum
2617 3976 3063 4034 Laudunensem
3080 3979 3412 4051 episcopum
3420 3981 3623 4053 pridie

215 4072 335 4132 que
354 4057 663 4117 industria
677 4059 898 4117 doctior
908 4062 964 4117 et
967 4062 1308 4133 ferventior
1328 4065 1669 4138 ceteris,nos
1689 4071 1872 4141 quasi
1979 4065 2938 4137 Romaregressmninvenimus:in
2949 4066 3266 4125 audientia
3276 4082 3474 4127 eorum
3486 4070 3627 4127 dato

214 4147 616 4219 simpliciores
636 4149 695 4206 et
712 4149 1011 4208 tardiores
1039 4152 1414 4224 informavit,
1431 4154 1513 4211 ad
1531 4157 1663 4227 ejus
1674 4158 1873 4230 defen-
1979 4156 2149 4216 nobis
2182 4153 2248 4188 ¹³⁴
2278 4155 2395 4211 loco
2423 4166 2522 4210 vos
2548 4151 2925 4224 defendendi,
2948 4153 3116 4212 nobis
3145 4156 3345 4213 autem
3377 4158 3626 4215 libenter

216 4238 445 4296 sionem
465 4237 647 4296 etiam
665 4253 797 4295 cum
822 4241 1095 4310 periculo
1124 4241 1261 4298 vita
1279 4242 1496 4300 nostra
1543 4246 1876 4318 exemplum
1984 4242 2430 4304 concedentibus
2444 4240 2670 4313 placito
2680 4240 2871 4298 vestro
2895 4242 3114 4315 cedere,
3131 4244 3419 4318 nobisque
3439 4245 3505 4279 ³³⁸
3530 4260 3628 4303 su—

219 4330 484 4383 vestrum
503 4327 785 4384 armavit.
818 4328 1107 4394 Quomodo
1125 4343 1260 4401 ergo
1271 4329 1440 4387 verbo
1460 4333 1573 4389 Dei
1593 4335 1878 4396 inimicus
1989 4335 2166 4403 besse,
2187 4333 2243 4389 si
2271 4331 2448 4389 salva
2454 4330 2583 4401 ﬁde
2597 4329 2986 4400 judicaretur
3002 4331 3172 4390 nobis
3193 4333 3260 4390 id
3274 4335 3413 4403 fieri
3429 4348 3627 4406 posse.

220 4414 395 4471 homo
434 4418 933 4489 superseminavit
975 4418 1254 4477 zizania?
1289 4419 1578 4484 Quomodo
1624 4424 1691 4481 in
1732 4439 1879 4497 agro
1986 4423 2177 4483 Scitis
2198 4419 3524 4495 certe,quojudiciouterquepontifeacausam
3538 4437 3632 4481 ve-

222 4503 426 4562 cordis
451 4505 639 4563 vestri
655 4508 1215 4579 germinavitspina
1237 4512 1294 4566 et
1316 4509 1577 4568 tributus
1598 4512 1772 4571 tanta
1790 4517 1883 4573 in-
1989 4514 2180 4572 stram
2189 4507 3016 4579 concluserit,videlicetnullo
3032 4511 3199 4567 modo
3216 4513 3634 4582 competerevo-

226 4594 581 4652 constantia
600 4597 657 4651 et
694 4594 1220 4655 dissimilitudinis
1234 4605 1261 4655 Ρ
1278 4597 1663 4659 Monstruosa
1698 4604 1884 4674 plane
1909 4583 1964 4644 Ῑ)
1995 4602 2085 4660 bis
2102 4601 2197 4657 vel
2203 4612 2412 4657 nomen
2429 4596 2522 4654 vel
2530 4596 2785 4668 oﬁcium
2804 4596 3188 4668 abbatis,nisi
3210 4601 3479 4657 Romana
3496 4614 3635 4659 auc-

228 4683 464 4741 constat
480 4684 915 4742 dissimilitudo
936 4685 995 4741 et
1010 4688 1244 4743 omnino
1272 4687 1645 4747 detestabilis
1683 4705 1883 4750 coram
1996 4690 2209 4748 toritas
2230 4689 2297 4746 id
2321 4686 2667 4759 specialiter
2688 4684 2920 4743 rationi
2940 4688 3147 4744 vestra
3166 4687 3633 4762 adjudicaverit,

228 4772 373 4842 Deo,
406 4773 571 4845 apud
596 4788 772 4845 quem
790 4774 965 4832 nulla
983 4775 1076 4833 est
1099 4776 1529 4834 transmutatio
1567 4794 1672 4837 nec
1708 4782 1885 4841 vicis-
1995 4779 2104 4838 aut
2117 4774 3287 4850 legationeveraci,delatisindesignatis
3302 4776 3639 4848 litteris,vo-

229 4860 525 4919 situdinis
572 4862 1056 4934 obumbratio,ut
1087 4864 1305 4935 quibus
1343 4868 1740 4927 assertoribus
1770 4872 1885 4941 λῖν·
1997 4868 2087 4926 bis
2102 4864 2565 4939 conﬁrmaverit.
2593 4865 2921 4922 Precamur
2938 4878 3092 4937 ergo,
3107 4878 3404 4924 monemus
3420 4864 3641 4923 etobte-

229 4951 401 5008 mata
420 4950 510 5008 est
526 4953 826 5010 sententia
861 4968 1045 5024 quam
1082 4955 1593 5026 tenemus,eisdem
1633 4958 1886 5017 deserto-
1993 4958 2228 5018 stamu/r
2257 4954 2365 5013 sub
2385 4952 2772 5012 obtestatione
2792 4954 2853 5010 et
2870 4954 3107 5026 judicio
3148 4954 3345 5012 divini
3379 4954 3642 5013 nominis

230 5038 424 5109 ribus,
448 5040 742 5111 quantum
759 5041 828 5099 in
844 5043 999 5114 ipsis
1016 5044 1120 5115 est,
1142 5044 1874 5118 injirmatapervertatu/r.
1990 5062 2097 5122 per
2137 5044 2559 5105 auctoritatem
2587 5055 2921 5102 concessam
2960 5042 3123 5101 beato
3170 5044 3348 5101 Petro
3394 5045 3643 5116 ejusque

230 5128 312 5186 Si
339 5129 498 5186 enim
514 5131 655 5202 post
677 5131 759 5188 tot
784 5132 1076 5190 ventilata
1094 5133 1237 5201 fidei
1256 5134 1606 5193 christiana
1628 5136 1885 5196 testimo-
1993 5136 2333 5213 apostolica
2351 5134 2498 5193 sedi:
2531 5131 2746 5203 utjam
2785 5132 3019 5190 tandem
3051 5132 3380 5206 aliquando
3422 5133 3483 5190 et
3518 5146 3645 5191 ves-

234 5216 365 5288 nia,
390 5219 461 5275 ut
479 5221 538 5276 et
551 5233 658 5278 nos
681 5222 850 5278 etvos
868 5222 1467 5294 seduceretis,contra
1493 5225 1683 5282 Deum
1701 5228 1886 5287 sensi-
1993 5234 2087 5292 ira
2120 5231 2177 5289 et
2193 5225 2393 5288 nostra
2421 5221 2693 5297 periculo
2729 5222 3073 5294 consulatis,
3100 5227 3161 5282 et
3195 5222 3277 5282 ad
3313 5222 3646 5282 discernen-

234 5307 371 5378 stis,
397 5308 632 5366 omnino
640 5308 989 5382 probamini
1008 5310 1293 5383 haretici,
1320 5312 1381 5368 et
1403 5312 1530 5369 ideo
1549 5314 1617 5371 in
1637 5315 1887 5376 ecclesia
1996 5323 2134 5381 dam
2182 5330 2428 5378 causam
2471 5313 2683 5372 vestra
2729 5310 3144 5383 dissensionis,
3190 5311 3496 5371 nobiscum
3542 5325 3649 5371 au-

235 5395 353 5454 Dei
364 5397 685 5457 secundum
710 5411 912 5457 sacros
950 5412 1199 5457 canones
1230 5400 1465 5458 nullius
1487 5402 1888 5473 promotionis
1995 5411 2238 5470 dientia
2267 5410 2547 5465 Romana
2570 5403 2637 5461 in
2660 5401 2904 5459 venturo
2904 5401 3067 5473 festo
3093 5402 3366 5460 Simonis
3396 5402 3453 5460 et
3475 5401 3650 5461 Juda

238 5485 339 5545 vel
353 5487 741 5548 auctoritatis
758 5488 1020 5551 nubendi
1035 5491 1512 5566 estis,solumque
1521 5491 1685 5553 vobis
1698 5496 1886 5555 locum
1992 5514 2094 5559 vos
2112 5495 2503 5575 prasentetis,
2517 5504 2759 5566 nosque,
2772 5490 2842 5550 ut
2849 5490 3088 5564 justum
3106 5492 3214 5564 est,
3234 5505 3310 5550 ea
3326 5489 3651 5565 stipendiis

1614 5601 1853 5660 VARIE
1883 5603 2288 5663 LECTIONES.
2383 5649 2386 5653 .

320 5707 389 5745 ⁸³³
416 5709 512 5772 ita
534 5709 755 5787 scripsi
775 5726 885 5787 pro
914 5708 1222 5790 Raginoldi
1235 5734 1261 5790 ,-
1286 5715 1345 5775 is
1372 5716 1534 5781 enim
1557 5714 1831 5781 mortuus
1860 5720 1997 5783 erat
2028 5720 2091 5782 et
2108 5719 2425 5783 Manasses
2437 5717 2581 5794 jam
2606 5731 2663 5779 c.
2697 5719 2766 5775 83
2794 5716 3301 5783 commemoratur.
3378 5708 3449 5753 ι⁸⁴
3473 5714 3570 5779 ita
3600 5717 3650 5777 1.
