3968 6338
200 338 354 403 1445

1199 316 1683 393 CHRONICON
1726 325 1796 388 S.
1844 324 2211 392 HUBERTI
2249 330 2640 399 ANDAGIN.

3455 338 3611 404 1446

200 496 723 557 communicatione
752 507 783 550 a
830 505 976 564 papa
1011 492 1275 560 formata,
1318 493 1378 546 et
1400 488 1534 546 data
1562 502 1756 545 coram
1788 501 1848 543 se
1879 462 1935 522 Α
1965 482 2075 540 bus
2094 482 2360 543 θοοιεειω
2378 488 2532 544 beati
2556 487 3046 562 Hubertipublice
3061 491 3356 564 redderet,
3371 493 3607 551 Wiredo

203 587 463 660 ejusdem
477 580 1095 642 excommunicationis
1119 578 1367 650 epistola
1394 597 1406 635 :
1437 576 1715 635 Urbanus
1728 578 1849 648 epi-

200 690 431 748 scOpus,
449 685 655 732 servus
675 683 978 729 servorum
1002 668 1138 737 Dei,
1177 667 1627 724 Arduennensis
1654 679 1853 723 mona-

198 763 376 822 sterii
400 762 555 819 beati
575 758 831 817 Huberti
858 755 1171 815 catholicis
1178 753 1499 829 fratribus
1520 753 1774 811 salutem
1796 752 1853 809 et

203 851 593 923 apostolicam
624 846 1099 904 benedictionem.
1126 843 1478 900 Audivimus
1498 843 1555 900 et
1576 842 1855 911 auditum

201 953 322 997 non
344 938 538 994 dolere
561 950 676 992 non
702 946 1038 1007 possumus,
1064 931 1215 1002 quia
1258 930 1483 987 Otberti
1502 930 1855 1002 pseudoepi-

201 1026 364 1098 scapi
383 1024 675 1083 violentia
686 1020 1051 1080 venerabilis
1052 1020 1233 1091 ﬁlius
1248 1019 1444 1077 noster
1463 1019 1855 1077 Theodericus

201 1116 396 1173 vester
421 1113 626 1183 abbas,
658 1126 773 1184 pro
804 1108 1275 1180 catholica/idsi
1298 1109 1509 1180 gratia
1562 1107 1631 1164 de
1660 1108 1854 1165 vestro

199 1201 662 1262 sitmonasterio
686 1198 988 1273 expulsus,
1042 1198 1102 1254 et
1141 1198 1412 1254 Wiredus
1429 1196 1854 1268 pseudomona-

206 1292 355 1349 citus
381 1305 486 1363 per
516 1289 780 1362 ejusdem
800 1287 1025 1345 Otberti
1050 1286 1400 1343 violentiam
1436 1297 1614 1355 super
1653 1284 1857 1356 capita

202 1381 405 1439 vestra
433 1380 520 1437 sit
543 1380 831 1451 ingestus.
866 1376 1032 1442 Quod
1062 1374 1298 1431 omnino
1328 1373 1498 1431 nobis
1541 1373 1859 1445 displicere

206 1470 442 1528 sciatis.
483 1468 648 1525 Unde
676 1480 777 1524 vos
816 1465 1039 1523 litteris
1076 1463 1467 1536 prasentibus
1499 1461 1855 1533 salutantes,

203 1557 497 1615 utvestra
520 1556 667 1625 fidei
685 1553 1091 1612 constantiam
1128 1553 1483 1610 conservetis
1524 1552 1854 1622 hortamur,

206 1647 266 1704 et
292 1645 600 1703 licentiam
622 1644 921 1715 indulgeo,
950 1643 1018 1698 ut
1051 1642 1109 1699 si
1145 1643 1213 1698 in
1262 1641 1626 1698 monasterio
1669 1640 1859 1697 vestro

206 1734 529 1792 secundum
551 1733 825 1805 regulam
867 1730 1027 1788 beati
1055 1729 1366 1787 Benedicti
1388 1730 1445 1785 et
1472 1728 1861 1799 apostolicam

1964 577 2101 629 tunc
2123 575 2274 630 forte
2288 576 2547 648 absente,
2567 578 2868 636 intellecto
2883 581 3200 637 animarum
3217 597 3449 639 suarum
3467 582 3615 654 peri-

1961 660 2092 716 culo
2113 664 2421 735 communi,
2455 666 2667 736 singuli
2692 682 2746 721 m
2764 668 3062 725 absentem
3080 669 3485 740 scandalizari,
3505 686 3609 742 pro

1961 763 2025 839 se
2054 750 2304 821 quisque
2358 753 2776 822 subjectionem
2809 759 3342 816 etcommunionem
3385 759 3611 839 vereri;

1962 838 2106 895 adeo
2134 845 2192 897 ut
2220 840 2505 900 dominica
2545 858 2673 914 quae
2691 844 2909 901 dicitur
2951 846 3006 901 in
3044 846 3252 918 palmis
3291 847 3410 917 (an.
3448 838 3607 908 1099.

1962 928 2188 1001 Apr.3.)
2210 944 2394 1001 usque
2411 930 2481 986 ad
2496 936 2765 988 exactum
2787 948 2958 1004 pasca
2973 936 3043 990 ab
3068 936 3338 993 omnibus
3352 952 3514 1009 paene
3531 939 3613 994 vi-

1964 1015 2204 1073 deretur
2232 1016 2502 1075 destitui.
2532 1018 2838 1077 llletamen
2872 1022 3237 1080 dissimulata
3264 1026 3614 1096 recognitio-

1964 1119 2036 1159 ne
2054 1107 2447 1177 superpositae
2468 1108 2579 1163 sibi
2599 1108 3002 1181 obligationis,
3025 1111 3416 1170 defensionem
3443 1114 3616 1185 hujus

1964 1207 2084 1249 suae
2099 1194 2514 1252 obstinationis
2532 1210 2595 1252 se
2610 1196 2738 1267 ipso
2755 1197 2951 1267 judice
2966 1201 3286 1257 conabatur
3303 1203 3613 1273 tueri,con-

1967 1283 2212 1338 tendens
2243 1297 2306 1339 se
2338 1297 2369 1339 a
2399 1285 2626 1341 nemine
2660 1285 2768 1341 nisi
2788 1287 2861 1342 ab
2889 1287 3168 1359 episcopo
3193 1304 3299 1345 suo
3334 1306 3502 1362 posse
3517 1307 3615 1347 ex-

1964 1371 2398 1441 communicari,
2433 1385 2614 1443 seque
2638 1377 2906 1444 paratum
2939 1375 2996 1430 in
3022 1378 3332 1447 priesentia
3371 1379 3498 1448 ejus
3529 1394 3616 1436 re-

1967 1459 2256 1530 spondere
2317 1461 2646 1531 quibusque
2693 1460 3260 1534 calumpniatoribus
3299 1469 3441 1525 suis.
3496 1468 3615 1525 iliis

1968 1548 2286 1620 compertis
2300 1548 2599 1620 Otbertus,
2612 1549 2743 1606 licet
2758 1566 2829 1607 ex
2845 1551 3084 1609 decreto
3101 1555 3440 1625 apostolica)
3456 1557 3616 1613 sedis

1968 1636 2170 1693 eadem
2200 1637 2527 1709 calumpnia
2552 1639 2661 1695 sibi
2695 1643 2860 1694 esset
2901 1642 3242 1712 communis,
3270 1644 3618 1702 subridebat

1968 1731 2161 1783 tamen
2186 1742 2401 1798 secum,
2418 1728 2724 1785 occasione
2746 1728 2921 1799 hujus
2938 1731 3315 1788 necessitatis
3331 1746 3359 1788 a
3382 1734 3616 1790 Wiredo

206 1822 524 1879 veritatem
543 1822 742 1877 vivere
760 1833 878 1876 non
904 1817 1143 1887 valetis,
1177 1818 1260 1875 ad
1285 1818 1697 1890 quodcumque
1716 1817 1859 1874 reli-
1888 1818 1943 1879 B
1972 1817 2204 1873 tandem
2228 1816 2524 1887 legitimus
2555 1818 2870 1889 episcopus
2912 1821 3274 1892 recognosci,
3320 1836 3349 1878 a
3372 1837 3485 1893 quo
3515 1822 3619 1879 ali-

199 1912 443 1984 giosum
485 1909 802 1967 volueritis
850 1908 1281 1966 monasterium
1330 1906 1638 1977 secedatis,
1682 1906 1863 1965 donec

208 1999 576 2071 omnipotens
621 1999 779 2056 Deus
812 1998 1000 2055 locum
1027 1997 1290 2054 vestrum
1326 1996 1635 2067 respiciat,
1667 1996 1727 2052 et
1775 2009 1861 2053 se-

210 2088 468 2146 cundum
498 2085 927 2159 beneplacitum
939 2099 1113 2143 suum
1132 2087 1201 2143 in
1213 2085 1655 2158 pristinostatu
1671 2085 1860 2157 refor-

206 2175 344 2233 met.
367 2175 553 2234 Illum
569 2176 768 2233 autem
802 2174 1099 2232 Wiredum
1117 2173 1470 2232 monasterii
1485 2173 1672 2231 vestri
1693 2175 1861 2231 inva-

210 2280 402 2324 sorem
427 2280 561 2325 eum
588 2268 718 2324 suis
747 2264 1017 2322 omnibus
1036 2262 1315 2334 subditis,
1340 2264 1633 2335 quamdiu
1666 2262 1740 2320 ab
1760 2262 1849 2334 ip-

210 2356 344 2413 sius
371 2355 724 2413 monasterii
751 2353 1065 2412 invasione
1087 2366 1205 2410 non
1236 2352 1553 2422 destiterit,
1593 2366 1633 2409 a
1651 2352 1862 2410 sancta

213 2446 488 2503 Romana
523 2444 772 2501 ecclesia
820 2441 1397 2501 eacommunicatum
1432 2454 1573 2513 esse,
1616 2441 1863 2514 scriptis

206 2531 368 2590 vobis
381 2531 775 2604 prasentibus
794 2530 1235 2589 innotescimus.
1268 2530 1456 2587 Dat...

283 2621 708 2693 92.(120).Misit
723 2620 902 2677 etiam
913 2620 1185 2676 Urbanus
1202 2634 1347 2691 papa
1366 2618 1663 2675 Leodiensi
1681 2618 1863 2676 eccle-

215 2708 314 2766 size
336 2722 441 2780 pro
453 2708 812 2764 Theodorico
826 2708 975 2764 hanc
993 2705 1335 2777 epistolam:
1359 2704 1633 2763 Urbanus
1645 2708 1865 2778 episeo-

203 2811 556 2869 pus,servus
570 2811 872 2855 servorum
883 2795 1337 2865 Dei,catlzolicis
1348 2793 1618 2851 omnibus
1629 2795 1696 2851 in
1710 2795 1863 2853 clero

213 2883 524 2941 Leodiensi
550 2883 608 2939 et
610 2885 829 2955 populo
844 2883 1100 2941 salutem
1142 2884 1198 2939 et
1219 2885 1609 2955 apostolicam
1631 2883 1865 2942 benedi-

212 2972 477 3031 ctionem.
501 2973 588 3029 Do
596 2972 778 3029 lenius
784 2986 897 3043 pro
914 2970 1078 3029 vobis
1090 2973 1523 3045 graviter,ﬂlii
1538 2975 1605 3031 in
1623 2971 1862 3030 Christo

212 3062 611 3133 dilectissimi,
644 3062 938 3135 quiajam
957 3064 1121 3120 tanto
1134 3068 1386 3134 tempore
1400 3064 1661 3121 vestram
1694 3064 1864 3122 eccle-

206 3152 366 3209 siam
390 3164 658 3208 errorum
681 3150 931 3209 tenebrae
950 3151 1287 3223 contegunt,
1312 3153 1687 3210 etaveritate
1699 3154 1864 3211 sedis

208 3239 546 3313 apostolica
583 3240 875 3297 alienant.
906 3242 1070 3297 Unde
1104 3254 1205 3297 vos
1233 3242 1540 3312 tamquam
1571 3243 1865 3300 viscerum

208 3328 652 3400 meorum/ilics
660 3329 917 3400 paterna
931 3328 1246 3387 dilectione
1258 3330 1632 3400 corripimus,
1649 3344 1865 3387 ammo-

208 3418 417 3476 nentes
439 3417 497 3474 et
524 3416 911 3487 obsecrantes,
962 3417 1032 3473 ut
1050 3416 1134 3474 ad
1157 3430 1328 3474 mera
1345 3417 1627 3475 veritatis
1667 3417 1866 3475 lumen

204 3506 498 3564 mentium
513 3507 853 3564 vestrarum
870 3506 1068 3564 oculos
1085 3506 1206 3563 elev
1214 3507 1346 3564 etis.
1373 3507 1622 3579 Auferte
1632 3507 1863 3564 malum

211 3609 288 3651 ea:
305 3594 473 3652 vobis
494 3596 647 3666 ipsis
662 3614 687 3665 ;
710 3595 914 3666 lupum
932 3594 1110 3652 illum
1141 3595 1271 3653 dico
1284 3595 1342 3652 et
1355 3595 1592 3667 furem,
1613 3597 1724 3667 qui
1748 3609 1866 3653 non

212 3682 298 3740 ad
315 3681 574 3741 salutem
588 3683 844 3741 vestram
861 3697 964 3755 per
981 3683 1200 3741 ostium
1218 3684 1518 3751 introivit,
1544 3684 1649 3741 sed
1667 3685 1868 3743 aliun-

215 3771 307 3842 de,
323 3771 613 3842 ascendit,
638 3772 707 3828 ut
718 3772 937 3830 mactet
956 3774 1013 3830 et
1045 3773 1366 3830 manducet
1391 3774 1448 3830 et
1476 3773 1710 3845 perdat.
1749 3776 1869 3832 Aut

212 3860 406 3931 igitur
424 3860 681 3917 ecclesia
693 3860 1024 3917 invasorem
1038 3861 1097 3917 et
1116 3861 1539 3932 oecupatorem,
1563 3861 1868 3920 Otbertum

216 3948 492 4018 dicimus,
510 3948 764 4005 Henrici
782 3947 1118 4018 complicem
1130 3950 1188 4003 et
1207 3947 1499 4017 Guiberti,
1526 3963 1601 4005 ea:
1614 3948 1796 4019 vobis,
1811 3950 1868 4007 si

216 4050 333 4110 quo
349 4036 518 4094 modo
527 4036 816 4107 possibile
826 4036 1059 4107 pellite;
1079 4037 1256 4093 autei
1276 4037 1584 4107 tamquam
1599 4052 1637 4094 a
1656 4039 1869 4095 sancta

216 4127 491 4183 Romana
508 4126 759 4183 ecclesia
772 4125 970 4181 alieno
1001 4125 1057 4181 et
1069 4124 1569 4182 eaeommunicato
1599 4124 1868 4183 obedien-

217 4213 369 4271 tiam
404 4214 664 4270 vestram
711 4213 1188 4285 consortiumque
1212 4213 1471 4268 vestrum
1507 4211 1862 4270 subtrahite.

216 4302 347 4360 Hoc
359 4303 555 4373 ipsum
570 4302 640 4359 de
664 4298 1743 4373 Wiredopseudoabbatepracipimus,
1759 4301 1868 4373 qui

209 4404 321 4463 per
335 4389 599 4462 ejusdem
604 4390 1092 4463 pseudoepiscopi
1109 4389 1461 4445 violentiam
1491 4390 1869 4448 Ardennense

216 4479 648 4539 monasterium
662 4478 821 4537 beati
834 4479 1093 4536 Huberti
1108 4491 1323 4549 occupa
1334 4494 1357 4533 ε·
1368 4478 1436 4549 it,
1451 4478 1506 4536 si
1518 4480 1659 4551 quis
1670 4481 1869 4536 autem

218 4568 492 4640 deinceps
511 4568 597 4626 eis
627 4569 1062 4626 communicare
1084 4541 1553 4639 praesumpserit,
1576 4567 1753 4625 donec
1783 4581 1869 4626 ec-
1899 4541 1951 4600 D

217 4658 541 4716 etesiarum
556 4657 777 4729 quibus
797 4656 1468 4729 incubantoppressione
1480 4657 1735 4729 deserta,
1748 4659 1867 4715 Deo

220 4746 417 4843 etsedi
434 4746 780 4843 apostolica
788 4744 1202 4843 satisfaciant,
1224 4745 1383 4843 sciat
1398 4759 1462 4803 se
1478 4745 1742 4843 ejusdem
1769 4760 1868 4843 ea:

220 4833 574 4915 communio;
591 4835 771 4893 tionis
798 4833 1035 4892 vinculo
1062 4833 1435 4891 innodatum.
1481 4834 1870 4892 Vobissaneet

218 4923 434 4982 ceteris
460 4920 745 4998 Mnibus
776 4925 981 4981 notum
1014 4923 1118 4993 sit,
1157 4923 1309 4995 quia
1341 4922 1626 4995 religioso
1658 4923 1865 4982 abbati

226 5000 925 5072 Theoderieodicentiam
966 5012 1256 5082 dedimus,
1277 5012 1350 5070 ut
1384 5026 1424 5069 a
1460 5011 1865 5071 scitismaticis

220 5114 543 5172 conversos,
567 5101 676 5173 qui
693 5096 773 5158 ad
800 5102 996 5174 ipsum
1011 5100 1416 5175 confugerint,
1440 5114 1480 5158 a
1505 5101 1744 5160 vinculo
1765 5115 1864 5160 ea:-

224 5190 778 5250 communicationis
790 5189 1075 5248 absolvat.
1092 5191 1350 5248 Datum.
1376 5231 1390 5245 .
1419 5233 1432 5246 .
1452 5188 1631 5257 Quam
1646 5190 1862 5263 episto-

222 5278 337 5337 lam
358 5294 489 5337 cum
522 5278 754 5338 rediens
779 5278 1169 5338 Theodericus
1182 5293 1257 5338 ex
1277 5278 1473 5338 edicto
1484 5294 1650 5354 papae
1664 5280 1859 5338 fratri-

1973 1906 2245 1976 quamdiu
2278 1906 2443 1977 quasi
2476 1906 2898 1977 nonlegitimus
2928 1910 3093 1965 visus
3116 1914 3209 1965 est
3232 1909 3434 1979 vitari;
3461 1926 3619 1969 man-

1972 1995 2246 2066 davitque
2266 1995 2548 2053 fratribus
2571 1996 2800 2052 interim
2816 2010 3056 2069 parcere
3076 2004 3285 2071 coeptae
3326 2000 3617 2074 discepta-

1971 2083 2136 2153 tioni,
2173 2084 2357 2141 donec
2386 2085 2631 2157 ipsemet
2674 2086 2911 2143 veniens
2940 2087 3263 2160 imponeret
3297 2089 3465 2146 finem
3508 2092 3611 2148 rei.

1970 2172 2240 2230 Wiredus
2265 2173 2484 2231 interea
2508 2174 3315 2235 elaborabatadversantibus
3337 2179 3448 2235 sibi
3473 2196 3618 2252 prae-

1972 2261 2202 2318 stabilis
2227 2262 2373 2334 fieri,
2401 2268 2570 2335 prout
2606 2279 2891 2335 quemque
2920 2271 3167 2323 noverat
3219 2282 3324 2340 pro
3356 2269 3618 2326 moribus

1971 2350 2096 2407 suis
2131 2365 2305 2421 posse
2337 2351 2720 2423 complacari;
2760 2353 2961 2424 sicque
2997 2355 3276 2426 paulatim
3328 2356 3481 2427 apud
3536 2362 3620 2413 te-

1974 2453 2131 2497 mere
2164 2440 2587 2498 tumultuantes
2607 2442 2828 2499 animos
2859 2448 2919 2499 et
2941 2444 3269 2515 apostolica
3321 2447 3615 2502 sententia

1972 2528 2163 2598 viluit,
2197 2534 2257 2584 et
2290 2530 2483 2585 fervor
2513 2531 2744 2587 tuendae
2775 2532 3046 2588 veritatis
3081 2533 3372 2604 refriguit.
3399 2537 3517 2592 Hoc
3549 2535 3619 2591 ad

1972 2621 2205 2689 tempus
2236 2618 2648 2689 impedimento
2681 2620 2766 2676 sic
2826 2620 3030 2692 dilato,
3062 2636 3171 2678 non
3219 2626 3411 2679 tamen
3442 2624 3622 2680 omni-

1974 2707 2163 2763 modis
2198 2706 2410 2778 ablato,
2436 2708 2705 2765 Wiredus
2724 2709 2913 2767 factus
2937 2712 3202 2768 securior
3227 2711 3282 2767 in
3308 2714 3617 2771 maximum

1974 2794 2239 2852 ecclesiae
2271 2796 2577 2867 dampnum
2602 2796 2821 2855 liberos
2842 2802 2903 2855 et
2925 2798 3210 2856 militares
3234 2805 3470 2857 casatos
3506 2816 3620 2858 coe-

1977 2875 2062 2945 pit
2090 2875 2199 2931 sibi
2221 2875 2512 2945 all‘ectare,
2536 2890 2777 2947 quorum
2796 2878 3051 2950 receptis
3072 2880 3339 2936 manibus
3369 2880 3621 2937 inaniter

1969 2963 2219 3034 jactaret
2253 2978 2390 3021 suos
2413 2978 2568 3021 esse.
2610 2964 2790 3021 Causa
2812 2964 2987 3038 hujus
3014 2966 3293 3022 vanitatis
3344 2967 3507 3024 dedit
3527 2970 3621 3025 Jo-

1974 3050 2148 3107 banni
2172 3052 2452 3109 advocato
2478 3052 2945 3110 Caviniacensem
2988 3054 3426 3112 advocationem
3456 3073 3470 3123 ;
3503 3071 3615 3128 qua

1974 3141 2280 3198 occasione
2311 3141 2411 3197 ille
2442 3142 2858 3200 contraxitsibi
2892 3144 3073 3200 totius
3097 3144 3619 3202 Caviniaciutilita-

1975 3234 2118 3285 tem.
2140 3230 2309 3287 Dedit
2327 3230 2585 3288 Waltero
2603 3230 2674 3288 de
2701 3231 3213 3304 Amplizallodium
3234 3233 3306 3289 de
3331 3232 3614 3306 εει-161⁸³⁷,

1977 3318 2132 3389 quod
2157 3321 2228 3376 ab
2259 3321 2501 3391 antiquo
2522 3323 2959 3379 erataddictum
2978 3327 3032 3377 et
3059 3323 3455 3393 conscriptum
3474 3339 3620 3395 pra:-

1977 3411 2181 3467 bendze
2206 3410 2805 3469 fratrumcumtribus
2835 3412 3067 3469 solidis.
3107 3411 3275 3467 Dedit
3321 3414 3523 3470 Bovini
3547 3414 3620 3471 de

1974 3501 2213 3557 Wahart
2247 3497 2391 3571 (199)
2426 3499 2819 3557 molendinum
2851 3503 2920 3558 ad
2956 3502 3143 3559 lacum
3166 3505 3223 3558 et
3252 3504 3515 3561 combam
3548 3505 3621 3561 de

1978 3590 2321 3662 Gruispont.
2360 3588 2633 3645 Reddidit
2666 3591 2915 3648 Rodulfo
2936 3592 3280 3649 Vilantiensi
3320 3594 3486 3664 quasi
3510 3608 3618 3651 suo

1977 3679 2204 3753 parenti
2229 3677 2514 3733 solidatas
2540 3684 2731 3749 terrae,
2755 3694 2899 3749 quas
2922 3681 3167 3752 ipsemet
3192 3681 3361 3752 legali
3399 3682 3622 3753 judicio

1978 3764 2401 3837 reacquisierat
2434 3764 2736 3834 ecclesiae;
2767 3766 3075 3825 Lamberto
3112 3769 3183 3826 de
3212 3770 3620 3843 Ruvinia(200)

1978 3856 2365 3912 hereditatem
2395 3852 2540 3925 ejus,
2577 3868 2704 3925 quae
2726 3856 2983 3927 ascripta
3013 3863 3139 3915 erat
3162 3859 3488 3931 praebenda:
3512 3861 3624 3916 fia-

1979 3950 2153 4014 trum,
2180 3943 2234 3998 in
2250 3945 2645 3999 casamentum
2669 3942 2958 3999 vendidit.
2981 3946 3251 4003 Vendidit
3277 3948 3621 4005 Goderauno

1979 4034 2049 4090 de
2070 4034 2216 4090 Burs
2246 4032 2523 4088 minutam
2581 4031 2862 4087 decimam
2894 4033 3150 4103 ejusdem
3173 4035 3346 4108 villae,
3410 4042 3467 4095 et
3514 4039 3623 4094 Du-

1978 4137 2160 4179 ranno
2194 4120 2470 4193 quicquid
2495 4120 2731 4177 tenebat
2760 4124 2965 4178 terrae.
2996 4124 3119 4181 Hiis
3151 4126 3366 4183 casatis
3385 4126 3493 4183 sibi
3525 4142 3625 4184 no-

1978 4211 2131 4268 viter
2152 4209 2460 4268 conductis
2491 4209 2561 4266 de
2577 4211 2750 4266 rebus
2765 4210 3206 4284 ecclesiasticis,
3230 4215 3495 4273 ecclesiae
3527 4216 3624 4274 do-

1980 4298 2123 4357 lenti
2139 4301 2194 4356 in
2211 4303 2559 4373 perpetuum
2582 4299 2890 4356 subductis
2906 4300 3207 4374 subsidiis,
3234 4305 3401 4374 quasi
3418 4305 3626 4363 fortior

1980 4394 2036 4445 et
2054 4388 2561 4459 gloriosiorvellet
2591 4388 2798 4459 videri,
2824 4388 2994 4461 longe
3014 4389 3187 4447 aliter
3229 4407 3320 4449 res
3345 4394 3467 4464 ipsa
3492 4410 3626 4466 pro-

1982 4478 2183 4549 cessit,
2217 4479 2529 4550 hocipsum
2555 4478 3138 4550 disponentejustitia
3169 4480 3621 4556 Omnipotentis,

1983 4566 2081 4638 qui
2117 4567 2170 4622 in
2203 4566 2561 4623 contrarium
2585 4567 2762 4622 vertit
2811 4566 3088 4637 quicquid
3113 4567 3276 4625 videt
3326 4574 3529 4627 contra
3562 4586 3625 4629 se

1983 4656 2276 4713 inutiliter
2306 4655 2517 4712 moliri.
2550 4657 2689 4711 Nam
2723 4670 2870 4726 quos
2887 4656 3239 4728 sperabatin
3270 4658 3522 4715 consilio
3566 4664 3624 4716 et

1982 4744 2199 4801 auxilio
2231 4744 2341 4800 sibi
2376 4744 2498 4801 fore
2532 4744 2683 4815 usui,
2717 4744 3081 4814 frequentius
3139 4746 3305 4817 quasi
3351 4746 3421 4803 ad
3446 4747 3627 4804 domi-

1983 4848 2117 4890 num
2137 4848 2304 4890 suum
2317 4834 2753 4904 convenientes,
2780 4838 3226 4905 cmperuntesse
3237 4836 3431 4904 oneri;
3453 4851 3625 4908 quos-

1983 4937 2094 4993 que
2116 4923 2172 4977 in
2186 4922 2556 4979 affluentibus
2575 4923 2860 4979 conviviis
2885 4929 3205 4995 praesentes
3217 4925 3488 4983 audiebat
3504 4925 3625 4984 lau-

1980 5012 2237 5082 datores,
2270 5026 2343 5068 ex
2365 5016 2707 5083 contemptu
2732 5012 2923 5069 nimiae
2957 5012 3369 5072 familiaritatis
3419 5016 3615 5072 absen-

1975 5106 2065 5159 tes
2097 5101 2351 5158 habebat
2374 5099 2701 5158 derisores.
2752 5101 3008 5173 Contigit
3033 5102 3210 5159 etiam
3236 5108 3298 5163 ut
3348 5103 3623 5163 invidiam

1974 5190 2207 5248 Otberti
2238 5204 2343 5264 per
2377 5189 2659 5262 quosdam
2690 5202 2894 5248 eorum
2926 5190 3276 5267 incurreret,
3341 5192 3477 5250 dum
3523 5192 3626 5250 ali-

1567 5380 1803 5439 VARIIE
1841 5380 2249 5444 “GTIONES.

1802 5522 2034 5588 NOTE.

289 5448 356 5484 “7
382 5449 482 5509 vel
503 5448 691 5508 Senel.

291 5611 443 5686 (199)
470 5609 801 5671 Castellano
827 5608 1243 5685 Mirwoldeusi,
1272 5624 1331 5671 v.
1351 5609 1500 5670 infra
1529 5624 1581 5670 c.
1616 5615 1705 5687 93,
1740 5620 1802 5673 et

219 5710 429 5787 agis,
463 5723 515 5770 ο.
552 5714 633 5771 19.

2003 5613 2156 5688 (200)
2186 5612 2459 5685 Revogne
2488 5610 2553 5668 Β.
