3968 6328
387 335 537 406 1441

1360 323 1836 394 CHRONICON
1879 323 1945 388 S.
1994 311 2355 385 HUBERTI
2399 310 2794 383 ANDAGIN.

3630 310 3794 373 1448

387 493 616 570 quando
648 486 976 570 apudillum
998 485 1380 570 convivantes
1395 481 1666 570 graviter
1684 474 2020 570 indignanti
2050 461 2099 520 Α
2129 473 2307 570 ritas,
2338 485 2638 570 maenas”
2666 469 2914 570 deceant
2942 459 3246 570 hii-0.2:!!!“
3259 465 3514 570 [deierat
3535 464 3802 570 clerici?

383 553 730 639 dbjiceren't,
772 559 1254 618 abundantiorem
1301 557 1474 610 immo
1527 553 1834 608 lautiorem
1887 562 2014 604 esse

384 638 642 715 mensam
674 651 904 709 abbatis
938 648 1124 704 sancti
1166 644 1408 701 lluberti
1447 655 1641 698 mensa
1689 638 2022 694 Leodiensis

383 737 645 811 episcopi
676 739 773 801 ;et
793 747 922 790 cum
952 727 1186 784 Wiredo
1228 727 1550 781 referretur
1593 737 1621 777 a
1675 719 2022 790 quibusdam

383 806 602 896 amicis,
623 825 677 880 in
699 823 809 880 sibi
848 819 1191 886 cavendum,
1217 815 1430 884 illeque
1443 814 1767 868 commotus
1783 806 2029 878 promit-

384 922 537 972 teret
567 913 686 969 tale
706 909 842 982 quid
868 907 1118 979 amplius
1169 919 1281 960 non
1307 899 1754 961 admittendum,
1808 908 2024 966 parvus

386 1010 577 1062 tamen
603 999 910 1075 praevaluit
935 1011 1098 1061 usus,
1135 1008 1240 1050 nec
1303 991 1410 1047 fuit
1457 985 1768 1045 resistendi
1813 985 2020 1052 virtus,

387 1095 526 1166 quin
556 1094 749 1163 ccepta
779 1087 1010 1145 vanitas
1032 1083 1505 1142 continuaretur.

459 1187 546 1240 93.
585 1162 769 1250 (122.)
806 1181 965 1233 Anno
998 1177 1189 1229 autem
1217 1167 1498 1225 incarnati
1524 1164 1852 1220 Verbi1103
1871 1162 2024 1250 Bovo

386 1248 756 1330 castellanus
782 1261 1206 1324 Mirvoldcnsis,
1233 1258 1330 1330 qui
1369 1255 1682 1312 videbatur
1731 1251 1786 1306 in
1810 1248 2027 1306 talibus

385 1360 782 1419 amicissimus
824 1369 1035 1411 mensze
1053 1348 1274 1416 amicis,
1316 1346 1600 1401 adversus
1623 1339 1934 1397 ecclesiam
1967 1341 2026 1393 et

389 1448 682 1508 Wiredum
709 1441 1050 1502 insurrexit.
1076 1440 1214 1494 Nam
1269 1434 1557 1492 violenter
1608 1429 1873 1502 pervasis
1905 1425 2030 1496 qui-

388 1543 569 1598 busve
601 1535 890 1592 reditibus
924 1529 1108 1597 silvze,
1135 1525 1231 1597 qui
1263 1528 1507 1580 eatenus
1547 1522 1712 1576 erant
1736 1516 2024 1585 ecclesize,

388 1627 636 1686 vastatis
667 1624 842 1681 etiam
863 1619 1042 1677 sartis
1076 1615 1455 1681 rusticorum,
1482 1625 1551 1666 eo
1585 1607 1734 1679 quod
1788 1605 1884 1660 illa
1904 1603 2028 1660 sine

391 1733 498 1775 suo
529 1714 814 1787 permissu
842 1709 1136 1775 fecissent,
1159 1704 1486 1776 piscatores
1501 1711 1732 1769 quoque
1754 1692 2030 1750 ecclesia-

2136 554 2420 610 Continuo
2453 551 2889 620 indignantibus
2911 547 3344 605 archidiaconis
3381 544 3808 603 adversuslai-

2133 658 2234 700 cos
2265 642 2562 699 contentio
2584 639 2863 707 surrexit,
2897 639 3234 707 veritusque
3293 637 3575 692 Otbertus
3613 647 3804 690 even-

2137 730 2685 799 tumcoutentionis,
2729 729 3054 785 sessionem
3079 726 3345 794 mutavit,
3387 724 3660 781 evocatis
3702 737 3799 778 so—

2135 823 2251 879 lum
2269 823 2338 878 ad
2361 821 2781 878 consulendum
2823 817 3225 875 assessoribus
3260 815 3656 872 ecclesiastici
3699 829 3798 870 or-

2136 910 2487 968 dinis.Dixit
2520 925 2751 980 quoque
2769 907 3026 978 Wiredo,
3061 912 3122 962 ut
3149 906 3204 960 in
3254 905 3436 974 majus
3497 903 3792 976 palatium

2135 1015 2264 1057 cum
2298 1000 2422 1056 suis
2449 998 2774 1067 secederet,
2797 996 2978 1053 donec
3034 993 3362 1052 consultius
3397 1007 3638 1049 causam
3661 992 3794 1062 ejus

2137 1089 2434 1144 diﬁlniret.
2463 1084 3056 1143 lnterconsulendum
3078 1099 3208 1141 cum
3234 1082 3456 1138 diceret
3473 1081 3786 1150 Otbertus,

2137 1177 2429 1234 Wiredum
2456 1182 2658 1248 utpote
2682 1175 2765 1231 sic
2789 1174 2899 1230 sibi
2933 1173 3277 1244 injuriosum
3313 1185 3375 1228 se
3407 1169 3558 1226 velle
3609 1170 3795 1240 depo-

2138 1281 2296 1336 nere,
2330 1264 2544 1322 allodia
2567 1280 2706 1320 vero
2745 1261 3012 1319 ecclesiae
3036 1263 3180 1317 Braz
3210 1266 3270 1316 et
3319 1260 3636 1330 Gruispont
3694 1271 3793 1313 ca-

2139 1361 2264 1412 stro
2297 1352 2536 1411 Mirvold
2571 1351 2952 1424 stipendiaria
2987 1351 3197 1418 facere,
3234 1348 3456 1404 restitit
3499 1349 3786 1415 Berenge-

2140 1459 2242 1500 rus
2273 1442 2766 1511 constantissime,
2793 1454 3065 1496 asserens
3083 1453 3188 1494 nec
3223 1435 3520 1492 Wiredum
3543 1435 3782 1504 dignum

2141 1533 2531 1604 depositione,
2572 1546 2675 1586 nec
2732 1527 3172 1586 convellendam
3197 1525 3427 1583 Henrici
3482 1522 3787 1596 pontificis

2142 1621 2386 1691 legalem
2417 1619 2807 1688 donationem,
2833 1615 3065 1690 publico
3093 1620 3153 1671 et
3193 1617 3421 1685 signato
3468 1610 3789 1685 privilegio

2141 1710 2543 1766 confirmatam
2573 1707 2864 1764 ecclesiae.
2907 1705 3267 1772 Quibusdam
3293 1702 3504 1772 injuste
3534 1702 3794 1758 Otberto

387 1782 569 1865 sticos
592 1803 662 1860 ad
699 1800 991 1858 Lumniam
1023 1794 1405 1852 transmissos
1449 1789 1644 1845 ῐῐιίεεῖι
1683 1782 2032 1858 apparitori‘
2061 1808 2112 1868 Β
2145 1797 2494 1861 faventibus,
2538 1795 2886 1868 quibusdam
2913 1795 3241 1863 Berengero
3270 1793 3427 1863 juste
3453 1789 3801 1847 attestauti-

391 1901 498 1955 bus
529 1894 706 1966 cepit,
741 1898 796 1946 et
833 1890 886 1944 in
920 1889 1117 1942 castro
1144 1882 1428 1940 custodia:
1455 1876 1823 1947 mancipavit.
1852 1871 2032 1942 Hujus

390 1965 615 2057 injurias
647 1987 702 2038 et
736 1979 1078 2036 incitatores
1096 1979 1155 2030 et
1177 1977 1450 2030 auctores
1470 1984 1599 2026 cum
1643 1965 1912 2021 Wiredus
1960 1977 2033 2018 ex

389 2053 660 2133 consultu
696 2071 937 2126 fratrum
963 2061 1466 2121 excommunicare
1493 2057 1749 2125 fecisset,
1775 2053 2034 2107 ——habet

388 2164 540 2220 enim
573 2162 692 2217 haec
715 2155 966 2214 ecclesia
994 2169 1066 2210 ex
1091 2150 1446 2208 auctoritate
1481 2144 1816 2218 apostolica:
1871 2139 2031 2198 sedis

389 2251 706 2322 legitimam
724 2248 1076 2320 potestatem
1090 2234 1622 2296 excominunicandi
1640 2232 1810 2302 injust
1825 2245 1890 2284 os
1908 2243 2034 2301 per—

389 2320 632 2398 va‘sores
680 2336 769 2392 sui
823 2333 1104 2403 cujusque
1148 2328 1320 2398 juris,
1355 2358 1419 2367 —
1473 2326 1625 2380 Bovo
1675 2320 1838 2392 quasi
1888 2321 2032 2374 hanc

391 2421 1137 2488 inauditamtemeritatem,
1157 2420 1327 2489 prout
1353 2413 1548 2469 aerius
1569 2409 2032 2483 potuit,0tberto

393 2516 617 2586 retulit,
639 2511 912 2570 videlicet
943 2506 1209 2563 familiam
1234 2502 1619 2576 episcopalem
1643 2495 2035 2555 excommuni-

391 2605 633 2665 candam
659 2616 771 2658 non
805 2612 957 2666 esse,
987 2595 1097 2651 nisi
1129 2593 1219 2650 vel
1243 2593 1408 2664 prius
1433 2591 1502 2646 ad
1527 2589 1685 2645 illum
1731 2586 2034 2660 praemisso

390 2695 662 2753 clamore.
683 2689 1106 2745 Otbertuscum
1123 2682 1365 2738 maxima
1383 2677 1780 2748 indignatione
1796 2674 2033 2746 przefixa

393 2785 486 2841 die
515 2780 877 2838 exactionem
904 2775 1079 2845 hujus
1101 2787 1219 2829 sua:
1262 2768 1487 2839 injuriae
1521 2766 1756 2822 Wiredo
1802 2763 2030 2832 indixit,

393 2879 449 2931 et
483 2886 553 2928 ne
579 2869 807 2926 interim
832 2865 902 2920 de
935 2863 1166 2920 duobus
1207 2858 1476 2916 ecclesiae
1520 2854 1769 2921 allodiis,
1806 2851 2037 2908 scilicet

396 2963 540 3018 Braz
561 2963 618 3015 et
635 2956 1008 3026 Gruisponte,
1032 2966 1094 3007 se
1110 2949 1229 3006 ullo
1243 2945 1410 3004 modo
1426 2943 1846 3000 intromitteret
1863 2941 2039 2994 inter-

2146 1890 2272 1959 bus,
2307 1885 2617 1943 subintulit
2654 1885 2954 1954 Otbertus,
2991 1883 3289 1955 praedictae
3308 1879 3647 1937 donationis
3669 1877 3808 1935 nul-

2146 1977 2261 2033 lum
2295 1975 2658 2049 privilegium
2682 1988 2834 2044 esse,
2857 1972 2946 2029 vel
2965 1971 3010 2028 si
3034 1968 3378 2040 esset,illud
3421 1969 3478 2024 in
3510 1966 3810 2039 praasenti

2145 2064 2552 2131 vellevidere;
2590 2064 2832 2136 putabat
2862 2062 3014 2117 enim
3075 2075 3185 2116 non
3243 2057 3471 2114 adesse.
3533 2058 3811 2128 Uterque

2147 2154 2429 2210 Henricus
2460 2152 2635 2223 (202),
2673 2155 2731 2208 ιιι
2755 2155 2923 2208 erant
2959 2148 3161 2206 ﬁdeles
3183 2147 3469 2216 ecclesiae,
3497 2145 3814 2201 Wiredum

2143 2243 2428 2299 adeuntes
2480 2240 2768 2314 privilegii
2799 2239 3179 2310 quaestionem
3215 2240 3511 2301 fecerunt;
3548 2233 3710 2306 quod
3753 2234 3809 2290 si

2144 2332 2482 2401 haberetur,
2541 2329 2940 2388 committeret
2987 2328 3071 2384 eis
3115 2327 3362 2384 Otberto
3384 2322 3800 2382 deferendum.

2143 2423 2356 2477 Exacta
2381 2426 2440 2475 et
2471 2423 2710 2490 accepta
2737 2417 2847 2474 [ide
2871 2416 3161 2474 referendi
3181 2415 3582 2486 commissum,
3612 2415 3805 2470 Wire-

2145 2511 2254 2566 dus
2278 2508 2569 2565 commisit
2600 2507 2864 2578 utrisque
2905 2505 3304 2578 privilegium;
3363 2503 3518 2575 quod
3541 2518 3677 2559 cum
3713 2502 3804 2558 in-

2146 2598 2432 2669 terposita
2486 2597 2820 2653 conditione
2878 2595 3022 2650 illud
3100 2593 3377 2650 reddendi
3431 2591 3804 2648 obtulissent

2147 2686 2636 2757 Otberto,i|leque
2667 2691 2970 2758 acceptum
2997 2683 3086 2740 vel
3112 2685 3249 2754 joco
3270 2683 3359 2739 vel
3381 2680 3540 2739 serio
3555 2694 3809 2738 conare-

2151 2782 2245 2835 tur
2277 2779 2552 2847 retinere,
2587 2791 2817 2833 morose
2873 2774 3229 2848 explicatum
3277 2771 3574 2829 morosius
3615 2771 3808 2842 coepit

2148 2865 2363 2935 legere.
2385 2870 2452 2922 At
2471 2866 2834 2934 Berengerus
2857 2862 3124 2920 alludens
3141 2861 3308 2932 quasi
3325 2860 3440 2930 jam
3455 2858 3807 2916 caecutieuti

2147 2959 2208 3012 et
2231 2954 2360 3010 ideo
2384 2969 2439 3008 in
2465 2952 2710 3023 legendo
2728 2951 3004 3022 tardanti,
3023 2951 3145 3006 dari
3166 2949 3280 3007 sibi
3304 2948 3617 3018 legendum
3632 2962 3810 3016 roga-

394 3050 570 3108 dixit.
602 3037 1512 3112 WiredusassumptoLamberto
1534 3037 1593 3089 et
1622 3031 1865 3086 Widone
1907 3044 2036 3086 cum
2070 3055 2118 3118 Ο
2150 3045 2250 3100 vi,"
2289 3043 2630 3112 Indignatus
2664 3043 2718 3098 ίη
2749 3057 2880 3098 cum
2913 3041 3218 3111 οιδειειυδ,
3251 3039 3414 3110 quasi
3446 3037 3533 3093 ini
3577 3038 3808 3093 nonbe-

396 3137 704 3211 privilegio
724 3131 893 3204 legali
910 3129 1240 3186 interdictae
1254 3125 1362 3182 sibi
1379 3121 1798 3180 ecclesiastica)
1813 3133 2041 3191 posscs-

396 3227 581 3283 sionis
613 3224 684 3281 ad
736 3220 1064 3279 condictam
1089 3213 1443 3273 audientiam
1485 3211 1662 3280 venit,
1723 3222 2038 3278 omnesque

396 3314 762 3389 potentiores
790 3309 953 3368 urbis
968 3319 1256 3380 personas
1293 3318 1422 3359 cum
1453 3301 1699 3355 Otberto
1729 3297 2038 3354 adversum

393 3384 456 3462 se
485 3404 871 3472 congregatas
903 3395 1144 3452 invenit.
1173 3387 1640 3462 Locatojudicio,
1661 3385 1936 3443 sederunt
1981 3384 2037 3438 in

395 3497 562 3566 parte
595 3490 840 3546 abbates
872 3490 932 3541 et
963 3480 1446 3550 archidiaconi,in
1475 3483 1642 3550 parte
1667 3476 1949 3531 Otbertus
1981 3476 2038 3528 et

394 3580 559 3638 laici.
585 3575 928 3650 Appellatus
947 3576 1037 3629 est
1056 3571 1246 3628 Wired
1257 3585 1344 3640 us,
1363 3567 1514 3640 quod
1539 3566 1810 3624 familiam
1824 3566 2042 3637 episco-

396 3669 606 3742 palem,
641 3665 866 3723 scilicet
900 3663 1240 3720 defensores
1287 3659 1376 3716 sui
1415 3657 1618 3728 castri,
1653 3655 2044 3714 excommuni-

394 3771 530 3817 care
559 3753 1021 3830 praesumpserit,
1055 3751 1180 3809 sine
1220 3752 1494 3820 respectu
1528 3745 1817 3820 praemissi
1857 3743 1930 3802 ad
1979 3759 2044 3802 se

398 3845 701 3906 clamoris.
741 3840 1066 3914 Respondit
1088 3855 1198 3897 non
1232 3853 1293 3895 se
1307 3838 1656 3894 arbitratum
1680 3849 1808 3892 esse
1823 3833 2046 3904 ejusfa-

397 3933 931 3995 milietemerarios
952 3927 1564 3998 desertoresjustitiaa,
1605 3925 1898 3982 violentos
1941 3925 2043 3979 im-

401 4029 755 4100 pugnatores
811 4020 1099 4090 ecclesiae,
1133 4017 1448 4074 violatores
1508 4015 1669 4087 pacis
1703 4013 2042 4070 constitutae

399 4113 622 4186 (201)et
639 4127 742 4170 sua
763 4107 1364 4167 excommunicatione
1382 4106 1775 4170 ﬁrmataemec
1799 4116 1862 4158 se
1909 4103 2045 4158 illos

397 4203 552 4261 tales
566 4206 627 4260 ut
643 4201 751 4258 sibi
767 4201 1092 4272 imputabat
1109 4205 1330 4255 temere
1347 4198 1900 4264 excommunicasse,
1943 4195 2042 4252 sed

400 4289 1200 4364 ejusexcommunicationem
1244 4302 1350 4360 pro
1373 4303 1514 4359 pace
1553 4287 1798 4342 infracta
1839 4284 2046 4342 conﬁr-

402 4395 612 4440 masse.
634 4377 1350 4436 Silentibusabbatibuset
1376 4375 1826 4446 archidiaconis,
1872 4378 1929 4430 et
1949 4388 2047 4430 an-

401 4468 859 4539 nuentibusejus
881 4465 1215 4524 rationabili
1265 4464 1650 4536 responsioni,
1675 4464 1746 4520 ad
1791 4465 2044 4520 favorem

403 4561 634 4620 Otberti
658 4558 1014 4615 obstiterunt
1030 4551 1828 4625 laici,judicantesWiredum
1842 4567 1914 4608 ex
1936 4551 2046 4608 hoc

402 4650 638 4709 omnino
669 4645 1041 4720 culpabilem,
1067 4647 1124 4700 et
1145 4642 1276 4700 ideo
1297 4659 1370 4700 ex
1392 4643 1500 4700 hoc
1531 4641 1854 4698 incurrisse
1873 4643 2050 4698 oil‘en-

403 4755 527 4800 sam
549 4735 966 4812 episcOpalem.
993 4738 1064 4790 At
1090 4735 1432 4790 Lambertus
1452 4733 1664 4790 sedens
1696 4747 1826 4790 cum
1863 4732 2050 4789 archi-

408 4829 700 4889 diaconis:
745 4824 1052 4895 Quomodo,
1082 4823 1290 4897 inquit,
1317 4821 1604 4880 hiclwdic
1640 4821 1829 4880 siluit
1873 4821 2049 4880 eccle-

405 4917 673 4980 siastica
683 4916 740 4974 et
749 4913 960 4973 vestra
969 4913 1296 4984 dignitatis
1309 4911 1482 4970 decus
1502 4910 1590 4983 ιδ’,
1605 4912 1744 4968 dum
1758 4908 1865 4970 hoc
1875 4909 2049 4982 judi-

409 5009 566 5069 cium
591 5005 750 5082 quod
767 5001 1226 5063 rationabiliter
1262 5001 1395 5060 erat
1427 5001 1832 5060 censenda/ma
1861 5001 2043 5059 vobis,

409 5096 532 5155 tam
541 5091 1060 5156 irrationabilitor
1061 5093 1200 5165 jam
1204 5089 1613 5166 praecipitavit
1623 5090 1866 5149 (dicatis
1880 5091 2048 5148 tema-

2150 3147 2220 3189 ne
2253 3133 2456 3189 videns
2471 3132 2791 3202 videretur,
2810 3131 2988 3202 cmpit
3018 3129 3215 3200 legere
3241 3129 3440 3198 citius,
3468 3128 3806 3196 Berengero

2151 3223 2402 3278 iterante
2431 3236 2502 3277 ne
2531 3225 2912 3290 gravaretur;
2935 3219 3042 3275 hac
3073 3219 3198 3290 ipsa
3225 3216 3800 3282 uitensincitatioue,

2153 3315 2216 3367 ut
2247 3309 2302 3364 in
2336 3310 2732 3380 subscriptum
2758 3309 3062 3364 anathema
3117 3304 3799 3378 perlegendoincideret.

2151 3399 2418 3457 Perlecto
2451 3398 2780 3472 privilegio,
2805 3413 2938 3454 cum
2969 3396 3228 3453 novitate
3260 3395 3545 3466 temporis
3561 3397 3804 3450 attesta-

2153 3493 2356 3545 rentur
2387 3501 2485 3559 qut
2518 3483 3120 3559 prasenteserant‘”,
3152 3499 3353 3540 verum
3384 3482 3529 3538 illud
3563 3496 3800 3552 esse,se

2154 3579 2431 3650 legitimae
2492 3577 2793 3634 donationi
2835 3575 3068 3632 Ilenrici
3100 3571 3396 3646 pontificis
3439 3571 3794 3640 interfuisse,

2153 3681 2335 3739 seque
2366 3680 2492 3723 eam
2515 3667 2730 3723 vidisse
2760 3670 2822 3721 et
2849 3664 3103 3732 audisse,
3129 3668 3375 3719 evocato
3411 3660 3648 3716 Wiredo
3692 3661 3801 3732 pri-

2154 3757 2428 3828 vilegium
2465 3755 2698 3828 publice
2731 3755 3044 3826 probatum
3069 3751 3152 3807 illi
3187 3751 3598 3819 reddiderunt,
3621 3747 3798 3805 dilato

2149 3846 2370 3918 judicio
2397 3851 2620 3902 exactae
2660 3840 3276 3901 excommunicationis
3336 3838 3408 3894 ad
3461 3840 3670 3894 festum
3711 3851 3799 3894 se-

2156 3951 2341 4008 quens
2374 3935 2528 3992 beati
2546 3933 2834 3990 Lamberti
2854 3931 3038 4004 (Sept.
3067 3931 3180 4000 17.)
3213 3929 3336 3996 Quo
3381 3928 3518 3984 dum
3558 3927 3801 3982 abbates

2154 4025 2436 4099 episcopii
2460 4023 2894 4092 convenissent,
2925 4027 2984 4077 et
3030 4033 3206 4076 causa
3239 4017 3456 4074 Wiredi
3501 4015 3798 4082 ventilata,

2156 4116 2240 4172 illi
2274 4129 2473 4187 pacem
2493 4113 2946 4185 adjudicassent,
2971 4125 3041 4166 eo
3059 4109 3214 4181 quod
3252 4105 3802 4164 excommunicatio‘

2156 4201 2689 4274 nemepiscopalem
2735 4200 2806 4256 de
2835 4200 3078 4256 infracta
3100 4213 3239 4270 pace
3271 4211 3375 4254 sua
3415 4193 3806 4252 excommuni-

2156 4294 2385 4353 catione
2406 4292 2877 4350 conﬁrmassent:
2891 4286 3419 4345 Otbertusiuterim
3439 4282 3803 4342 dissimulata

2160 4383 2576 4454 indignatione,
2605 4387 2741 4438 tunc
2775 4378 3005 4450 quidem
3035 4377 3220 4446 siluit,
3253 4389 3433 4447 seque
3491 4372 3803 4447 plurimum

2157 4472 2388 4545 gravari
2437 4469 2858 4543 privatioribus
2907 4468 3032 4524 suis
3091 4465 3419 4538 sepissime
3481 4464 3800 4536 deplanxit.

2158 4565 2317 4620 Unus
2348 4575 2548 4620 eorum
2575 4561 2766 4615 Bruno
2784 4573 2912 4614 cum
2943 4571 3006 4614 se
3027 4557 3281 4627 jactaret
3299 4554 3469 4625 quasi
3495 4555 3610 4611 loci
3637 4556 3804 4627 hujus

2159 4646 2606 4704 archidiaconus
2630 4645 2814 4717 ipsam
2847 4641 3153 4700 ecclesiam
3212 4645 3271 4697 et
3299 4638 3604 4697 Wiredum
3631 4640 3806 4712 quali-

2157 4750 2406 4806 cumque
2437 4734 2750 4792 occasione
2766 4737 3168 4804 gravaturum,
3195 4731 3474 4786 hortatus
3497 4733 3592 4786 est
3607 4728 3804 4787 Otber~

2157 4840 2256 4897 tus
2286 4824 2342 4880 id
2376 4824 2662 4881 attentius
2691 4821 3118 4893 exequendum.

2228 4914 2316 4968 94.
2351 4913 2519 4983 (123).
2559 4913 2720 4966 Anno
2771 4911 2910 4966 1104
2953 4909 3238 4966 incarnati
3271 4909 3447 4965 Verbi
3490 4909 3688 4966 Bruno
3733 4922 3808 4964 ar-

2157 5001 2558 5070 chidiaconus,
2589 4999 2854 5056 collectis
2877 4997 3225 5070 presbiteris
3251 5012 3420 5068 quam
3459 4997 3734 5069 pluribus
3756 5003 3804 5054 et

2158 5090 2532 5163 congregatis
2574 5088 2882 5159 militibus,
2929 5093 2990 5145 ut
3025 5087 3082 5144 in
3117 5087 3340 5160 synodo
3372 5093 3602 5161 ageret,
3637 5091 3808 5162 magis

1753 5207 1990 5266 vanu:
2021 5169 2425 5267 LECTIONES.

480 5299 548 5336 m
582 5300 743 5362 deest
769 5299 1007 5371 codici;
1032 5296 1276 5358 addidit
1299 5294 1596 5356 Martem.

1997 5406 2222 5470 ΝΟἸῈ.

489 5514 638 5589 (201)
667 5511 780 5570 Per
800 5508 1114 5568 Heuricum
1127 5511 1468 5584 episcopum
1485 5510 1582 5582 qui
1610 5508 1744 5568 inde
1775 5509 2060 5569 Paciﬁcas
2169 5523 2282 5589 nus
2318 5507 2510 5589 simul,
2545 5506 2696 5589 alter
2726 5520 2976 5589 praepes.
3004 5507 3310 5589 Fossensis

410 5580 604 5643 dictus
617 5580 713 5643 'est
729 5625 743 5639 .

482 5655 632 5732 (202)
659 5647 1260 5716 ArchidiaconiEccl.
1307 5651 1661 5726 Leodieusis,
1691 5652 1844 5710 alter
1900 5653 2063 5712 deca-

2171 5523 2282 5568 nus
2318 5507 2510 5580 simul,
2545 5507 2696 5566 alter
2726 5520 2976 5579 prrepos.
3004 5507 3310 5566 Fossensis
3389 5507 3486 5566 hic
3521 5507 3680 5568 illius
3724 5507 3804 5566 ille

2171 5583 2355 5664 frater
2386 5580 2639 5664 Qononis
2664 5578 2938 5664 delicate
2958 5583 3132 5639 acuto
3151 5593 3209 5638 v.
3233 5551 3383 5638 infra
3405 5595 3459 5640 c.
3494 5583 3568 5640 98
3614 5553 3801 5640 Hii-ach

2171 5653 2244 5711 de
2274 5651 2600 5724 Sigeberto.
2633 5665 2693 5724 p.
2721 5652 2840 5709 178.
