3968 6330
244 253 397 314 1449

1221 250 1699 314 CHRONICON
1740 250 1827 351 S.‘
1854 250 2219 313 HUBERTI
2266 250 2657 313 ANDAGN.

3503 254 3661 316 M50

237 423 431 475 autem
474 422 537 475 ut
576 418 883 475 ecclesiam
930 421 1190 486 vexaret,
1216 417 1577 487 Andaginum
1618 416 1799 485 venit,

2089 401 2161 472 pit
2183 402 2558 458 censendum.
2596 401 2782 473 Super
2810 401 2923 458 hiis
2957 402 3227 458 Wiredus
3249 417 3279 458 a
3305 403 3656 473 quibusdam

237 506 472 563 Wiredo
494 513 555 564 ut
578 508 687 563 sibi
710 512 770 564 et
795 507 916 564 suis
942 506 1248 563 obsonium
1305 506 1521 563 faceret
1573 505 1887 562 mandavit.

238 594 511 652 Wiredus
547 596 791 653 audiens
839 610 969 652 cum
1019 593 1283 667 synodali
1332 608 1511 651 causa
1560 599 1891 663 venturum,

237 686 474 741 omnino
507 683 829 740 indebitum
851 684 903 740 ei
928 683 1227 740 recusavit
1256 683 1586 753 servitium,
1616 682 1893 739 videlicet

230 786 311 828 ex
332 772 531 829 edicto
564 772 717 827 beati
742 786 905 843 papa
932 771 1214 841 Gregorii,
1242 771 1340 841 qui
1366 785 1472 827 nec
1512 771 1585 826 ab
1614 771 1894 842 episcopo

232 874 345 917 nec
364 876 394 917 a
417 859 678 931 qualibet
703 873 954 931 persona
976 857 1295 930 episcopali
1322 873 1427 930 per
1452 858 1896 930 procurationes

230 946 472 1003 omnino
494 946 797 1003 interdicit
828 945 1179 1001 monasteria
1207 944 1624 1002 monachorum
1673 945 1895 1016 inquie-

231 1034 368 1090 tari.
400 1034 563 1101 Quod
614 1034 789 1090 etiam
841 1033 1212 1090 Gualcaudus
1262 1032 1535 1105 prohibet
1584 1032 1894 1105 privilegio

230 1136 353 1179 sua
400 1122 797 1179 auctoritatis.
842 1122 1223 1178 Remandavit
1266 1126 1481 1192 tamen,
1517 1120 1565 1178 si
1622 1121 1894 1178 caritatis

227 1210 731 1280 gratiainviseret
756 1209 965 1279 locum,
993 1209 1455 1281 hospitalitatem
1490 1223 1553 1265 se
1586 1208 1670 1265 illi
1720 1215 1784 1266 ut
1833 1213 1895 1266 et

227 1297 365 1355 aliis
396 1298 945 1369 supervenientibus
979 1299 1288 1367 facturum,
1315 1298 1402 1354 sin
1453 1303 1647 1354 autem
1695 1313 1897 1369 parro-

230 1385 401 1443 chias
460 1401 598 1444 snas
643 1386 1008 1457 sollicitaret,
1050 1386 1519 1457 expectationem
1566 1401 1729 1443 suam
1780 1402 1893 1443 non

234 1476 372 1546 sibi,
408 1478 509 1533 sed
542 1476 1027 1548 procuratoribus
1052 1490 1254 1532 earum
1295 1476 1616 1532 mandaret.
1651 1476 1743 1532 Sic
1794 1474 1894 1531 ille

231 1578 369 1622 cum
400 1564 486 1620 ira
527 1569 584 1619 et
637 1564 1036 1634 indignatione
1088 1564 1360 1633 rejectus,
1388 1563 1482 1619 vix
1508 1563 1659 1619 enim
1703 1564 1893 1620 fuerat

234 1651 295 1707 in
327 1651 746 1707 monasterium
785 1651 977 1721 gratia
1004 1651 1286 1708 orationis
1335 1652 1648 1723 admissus,
1689 1652 1744 1707 in
1796 1652 1893 1708 do-

234 1754 391 1795 mum
423 1740 626 1795 Oberti
662 1745 800 1796 tunc
830 1740 1107 1811 temporis
1141 1741 1455 1812 presbiteri
1488 1740 1559 1796 ad
1598 1740 1893 1811 bospitan-
1922 1749 1976 1809 Β

230 1826 374 1884 dum
405 1828 667 1895 divertit,
720 1834 779 1884 et
818 1834 1056 1901 postera
1091 1828 1184 1885 die
1217 1829 1381 1906 (Jan.
1426 1831 1481 1902 8)
1536 1828 1590 1884 in
1652 1828 1891 1885 basilica

230 1915 393 1972 beati
418 1915 643 1986 Egidii,
671 1930 800 1986 qua
830 1917 990 1988 prius
1031 1918 1102 1972 ab
1150 1917 1393 1987 antiquo
1445 1917 1801 1973 constiterat
1836 1916 1892 1972 in

228 2002 456 2060 honore
487 2004 639 2060 beati
674 2004 928 2075 Dionysii
956 2005 1249 2077 martyris,
1289 2004 1510 2077 synodo
1541 2011 1747 2062 exacta
1799 2006 1896 2061 Ba-

227 2092 487 2149 stoniam
513 2092 770 2148 divertit.
802 2093 880 2148 lbi
914 2097 948 2149 6
979 2094 1112 2149 ldus
1158 2093 1416 2149 Januarii
1466 2093 1895 2150 archidiacona-

228 2185 332 2237 tus
364 2180 455 2237 sui
496 2180 749 2237 clericos
799 2182 1052 2239 concilio
1099 2181 1319 2237 indicto
1366 2182 1652 2251 evocavit,
1672 2186 1733 2238 et
1783 2183 1893 2238 hoc

235 2268 484 2324 maxime
505 2268 577 2325 ad
602 2270 847 2326 insidias
878 2275 934 2327 et
977 2269 1417 2341 oppressionem
1448 2269 1715 2326 ecclesia
1738 2270 1892 2327 beati

235 2356 513 2413 Hubcrti.
546 2360 603 2412 ln
634 2365 833 2414 castro
865 2364 1058 2415 autem
1107 2359 1260 2429 quod
1306 2360 1519 2415 Ambra
1553 2358 1772 2415 dictum
1803 2364 1892 2415 est

234 2446 313 2501 ab
347 2445 609 2516 antiquo,
662 2447 1023 2516 Andaginum
1071 2462 1209 2503 vero
1234 2447 1652 2503 monasterium
1685 2442 1899 2517 cognoi

236 2534 524 2591 minatum
549 2549 578 2589 a
608 2536 779 2590 beato
806 2535 1099 2604 Beregiso,
1127 2540 1312 2590 mater
1342 2534 1589 2591 ecclesia
1610 2535 1894 2591 conslite-

244 2629 334 2677 rat
369 2622 427 2677 in
458 2623 678 2678 honore
712 2623 867 2678 beati
900 2623 1058 2678 Petri
1098 2623 1495 2694 apostolorum
1521 2624 1803 2696 principis
1822 2623 1894 2681 ab

240 2710 413 2767 initio
473 2711 550 2766 ibi
598 2715 823 2767 exorta
853 2709 1324 2767 Christianitatis.
1360 2713 1419 2766 in
1466 2711 1595 2781 bac,
1628 2716 1687 2768 ut
1724 2711 1894 2783 longe

242 2799 586 2871 pradictum
617 2805 730 2865 est,
766 2799 1140 2855 Gualcaudus
1172 2800 1487 2870 episcopus
1532 2800 1889 2871 Leodiensis,

236 2900 487 2943 assensu
522 2886 726 2942 leonis
760 2887 1001 2942 Romani
1037 2885 1352 2958 pontiﬁcis,
1386 2887 1628 2943 consilio
1660 2902 1892 2959 quoque

238 2972 574 3030 ﬂildeboldi
597 2974 1023 3046 metropolitani
1052 2974 1434 3044 Coloniensis,
1451 2974 1689 3031 hortatu
1713 2976 1889 3032 etiam

2006 487 2277 546 fidelibus
2306 488 2573 546 ecclesia
2606 490 3005 561 pramonitus,
3031 490 3255 546 adierat
3283 490 3432 546 idem
3465 490 3657 547 conci-

2004 574 2166 645 lium,
2194 583 2256 633 ut
2288 582 2612 634 removeret
2649 578 2697 633 si
2723 577 2859 648 quid
2894 578 3177 634 adversus
3198 593 3322 634 eam
3348 578 3658 635 moliretur

2005 664 2501 736 impedimentum.
2524 664 2629 731 Qui
2654 680 3017 734 consurgens
3041 665 3221 721 libera
3238 666 3658 723 contradictio-

2004 768 2077 810 ne
2097 756 2464 825 protestatus
2495 759 2582 810 est
2627 754 2954 825 hujusmodi
2979 769 3179 810 eorum
3206 770 3316 810 non
3340 770 3473 810 esse
3499 754 3655 823 judi-

2003 840 2176 912 cium,
2204 857 2307 897 nec
2351 841 2438 897 eis
2476 841 2785 898 convenire
2808 857 2985 913 super
3013 843 3320 899 ecclesiam
3347 848 3523 898 tanta
3557 857 3657 899 au-

2006 929 2304 987 ctoritatis
2333 938 2393 985 et
2447 930 2739 986 libertatis
2769 929 2990 1001 aliquid
3040 930 3419 987 censendum.
3471 930 3654 1001 Hujus

2007 1032 2237 1089 quoque
2266 1018 2585 1075 conaminis
2618 1019 2969 1090 rescriptum
3002 1019 3153 1075 inter
3187 1025 3385 1091 patres
3417 1035 3558 1075 suos
3590 1018 3650 1075 in

2002 1107 2261 1178 generali
2288 1105 2511 1176 synodo
2535 1107 2867 1177 appellabat
2889 1107 3361 1178 respectandum.
3390 1106 3656 1176 Indigna-

2004 1198 2101 1251 tus
2123 1196 2311 1251 Bruno
2333 1194 2419 1251 sic
2442 1209 2506 1250 se
2538 1194 2709 1265 legali
2736 1196 3162 1266 protestatione
3186 1202 3244 1250 et
3268 1195 3529 1266 synodali
3557 1211 3656 1267 ap-

2005 1281 2320 1354 pellatione
2341 1288 2722 1354 praventum,
2742 1282 2966 1352 judicio
2985 1284 3292 1354 prasentis
3317 1284 3393 1338 ibi
3416 1283 3653 1339 concilii

2002 1368 2183 1427 vellet
2201 1370 2380 1427 nollet
2395 1371 2688 1427 concessit
2710 1370 2939 1427 Wircdo
2959 1376 3314 1442 respectum.
3331 1372 3453 1426 Non
3468 1369 3652 1425 multo

2004 1463 2133 1530 post
2158 1459 2412 1515 Obertus
2441 1459 2789 1529 legationem
2821 1474 2984 1515 suam
3016 1461 3084 1514 ad
3111 1460 3430 1514 Manasscm
3457 1460 3659 1514 Remo-

2006 1561 2132 1603 rum
2155 1547 2659 1619 archiepiscopum
2683 1548 2918 1617 direxit,
2945 1552 3003 1602 et
3034 1553 3095 1603 ut
3124 1563 3226 1618 pro
3246 1546 3602 1617 requirendo
3625 1560 3659 1601 a

2004 1649 2067 1692 se
2091 1635 2375 1691 beneficio
2393 1635 2722 1692 Buloniensi
2745 1636 2817 1692 ad
2840 1636 3291 1706 colloqiiendum
3316 1636 3424 1692 sibi
3448 1653 3662 1697 conve-

2005 1724 2180 1794 niret,
2208 1724 2481 1796 precibus
2505 1725 2780 1795 optinuit.
2804 1727 2955 1795 Ergo
2978 1726 3049 1780 ab
3076 1725 3343 1795 utrisque
3367 1728 3519 1797 apud
3550 1729 3659 1784 Du-

2003 1812 2228 1870 ciacum
2252 1814 2400 1885 (204)
2430 1813 2697 1869 condicta
2729 1814 2821 1869 die
2855 1813 3027 1884 hujus
3064 1813 3364 1882 colloquii,
3402 1814 3658 1873 Obertus

2004 1901 2281 1958 affectans
2306 1902 2493 1958 videri
2517 1905 2649 1973 quis
2680 1906 2839 1959 esset
2871 1901 2960 1957 vel
2986 1901 3123 1971 quid
3148 1908 3370 1972 posset,
3408 1906 3652 1961 abhates

2002 1995 2059 2046 et
2076 1989 2519 2046 archidiaconos
2536 2006 2675 2047 suos
2690 1996 2749 2046 et
2764 2005 3024 2062 quosque
3045 1989 3410 2061 potentiores
3423 1992 3658 2060 episco-

2002 2077 2082 2148 pii
2100 2092 2172 2132 ex
2193 2076 2386 2133 edicto
2411 2078 2749 2149 assumpsit,
2774 2084 2834 2133 et
2855 2077 3294 2147 archiepiscopo
3322 2078 3496 2133 nichil
3532 2077 3647 2135 tale

2003 2167 2234 2224 curanti
2257 2167 2399 2223 satis
2421 2182 2733 2239 pomposus
2775 2167 3055 2223 occurrit.
3083 2168 3143 2220 In
3170 2167 3308 2221 feria
3335 2174 3470 2222 ante
3495 2182 3526 2221 η
3564 2182 3656 2223 se-

2001 2256 2190 2312 cunda
2213 2256 2577 2325 regationum
2596 2255 2866 2325 (Manli)
2882 2260 3089 2310 exacto
3111 2255 3313 2310 eadem
3330 2255 3649 2333 colloquio,

2003 2348 2220 2413 prator
2236 2344 2504 2399 effectum
2539 2343 2838 2400 frustrata
2861 2343 3221 2414 quastionis.
3252 2343 3654 2412 unusquisque

2003 2430 2076 2487 ad
2098 2431 2486 2488 diversorium
2516 2432 2668 2502 quod
2695 2432 2805 2487 sibi
2830 2433 3105 2501 sperabat
3131 2432 3471 2485 familiarius
3498 2430 3656 2485 festi-

2004 2522 2199 2577 nabat.
2232 2521 2487 2589 Cogebat
2537 2521 2691 2575 enim
2722 2534 2823 2576 eos
2855 2520 3031 2575 solito
3084 2518 3404 2574 ferventior
3432 2526 3640 2575 astas.

2002 2608 2273 2665 Wiredus
2300 2623 2497 2665 secum
2531 2608 2765 2665 reduxit
2793 2608 3141 2663 Leodienses
3168 2609 3413 2662 alibatrs
3448 2609 3657 2662 Beren-

2001 2710 2204 2767 gerum
2243 2702 2302 2752 et
2339 2697 2716 2768 Stephanum,
2749 2695 2985 2765 jamque
3032 2694 3141 2750 sibi
3182 2694 3471 2750 mitiorem
3517 2696 3659 2750 Bru-

2001 2797 2209 2839 nonem
2233 2784 2724 2840 archidiaconum.
2754 2782 3080 2853 Aliquando
3116 2783 3268 2837 enim
3312 2780 3649 2837 moderatur

2002 2875 2285 2943 tempore,
2312 2872 2468 2944 quod
2500 2872 2571 2928 ad
2606 2878 2833 2942 tempus
2867 2886 2975 2925 non
3012 2876 3212 2941 potest
3239 2870 3529 2925 moderari
3562 2883 3653 2924 ra-

2001 2959 2177 3016 tione.
2214 2960 2338 3027 Quo
2368 2961 2502 3017 du:n
2549 2959 2869 3016 abundanti
2906 2958 3259 3014 liberalitate
3291 2957 3639 3013 dominicim

236 3062 515 3158 L““°V.‘°‘
569 3044 827 3158 Ρίίεείηὶί.
878 3063 1259 3158 ίιηβοηίοπίδ.
1294 3062 1398 3118 “ii
1450 3078 1579 3158 '93?
1606 3064 1886 3158 ¹ί.¹ί³¹“⁰¹ίν
1921 3095 1971 3158 c
2000 3044 3645 3158 ῗῗῗίῖῗῗῖίῖῗθξῗῖἵὲῗ·ῗῗῗῖίῖίῗ¹εῗῖῗῗῗῗίί¹ἶίηῖῗῗῗἚξῗζῗέίῗξῖῗ

236 3151 634 3207 constituerat
702 3150 962 3207 ordinem
1013 3150 1348 3208 monastica
1402 3150 1722 3222 religionis,
1758 3167 1887 3223 qua

234 3239 560 3296 secundum
614 3240 954 3295 canonicam
1020 3240 1434 3312 auctoritatem
1486 3245 1887 3311 permanserat

234 3332 458 3383 extunc
482 3343 583 3398 per
610 3343 793 3384 annos
815 3332 918 3382 325
955 3327 1270 3398 positionis
1295 3330 1705 3385 monachorum
1738 3332 1885 3403 (203)

233 3413 431 3471 libera
474 3416 656 3473 totius
696 3416 1137 3488 inquietudinis.
1188 3418 1318 3474 Hac
1359 3422 1425 3474 ut
1466 3420 1553 3473 est
1588 3418 1887 3488 proprium

234 3503 445 3561 matris
481 3503 751 3561 ecclesia
791 3504 1111 3575 legitimum
1157 3520 1293 3576 poss
1321 3506 1416 3561 det
1452 3505 1885 3577 baptisterium,

232 3593 457 3649 habens
477 3592 635 3649 dotis
666 3593 898 3649 nomine
930 3594 1353 3664 subjectionem
1388 3598 1455 3651 14
1481 3594 1884 3665 ecclesiarum,

232 3695 484 3753 quarum
545 3681 789 3738 libertas
840 3681 1074 3753 publico
1142 3684 1504 3740 auctorizata
1555 3682 1882 3755 privilegio,

231 3768 460 3828 nullum
494 3768 815 3841 episcopali
856 3769 949 3825 vel
987 3770 1439 3828 arcliidiaconali
1468 3771 1756 3827 exactioni
1788 3771 1885 3826 de-

233 3857 335 3915 bet
364 3864 721 3929 respectum.
758 3858 906 3924 Quia
945 3873 1083 3915 vero
1103 3858 1216 3915 hiis
1254 3861 1470 3917 nostris
1517 3860 1885 3931 temporibus

230 3943 559 4002 dissidente
581 3945 914 4002 sacerdotio
941 3949 999 4002 et
1028 3960 1223 4016 regno,
1248 3946 1645 4004 ecclesiastica
1668 3948 1883 4019 passim

233 4029 554 4102 languebat
589 4034 935 4102 auctoritas,
962 4034 1017 4089 in
1048 4036 1270 4104 agenda
1305 4034 1475 4105 legali
1502 4035 1735 4105 justitia
1780 4051 1885 4109 pro

228 4120 519 4192 cujusque
550 4136 797 4193 persona
819 4122 949 4178 loco
982 4122 1225 4179 rationis
1243 4118 1656 4179 dominabatur
1684 4125 1885 4182 volun-

233 4213 349 4266 tas.
392 4208 550 4265 Unde
582 4215 643 4266 et
682 4213 877 4268 Bruno
901 4213 1345 4284 reputansapud
1366 4226 1431 4268 se
1455 4218 1680 4268 mutare
1712 4229 1883 4285 posse

227 4294 391 4367 leges
416 4302 479 4353 et
494 4303 781 4370 tempora,
799 4299 854 4355 in
883 4300 1161 4372 praedicto
1191 4300 1694 4358 suorumconcilio
1717 4302 1883 4373 quasi

229 4385 675 4457 pracordialem
724 4386 834 4444 sibi
877 4389 1074 4445 intulit
1116 4388 1555 4460 querimoniam,
1606 4390 1885 4448 videlicet

229 4469 697 4541 Andaginensem
727 4474 1035 4532 ecclesiam
1065 4450 1236 4531 nimis
1266 4475 1382 4531 sibi
1413 4474 1706 4533 invenisse
1739 4476 1886 4547 inju-
1914 4450 1968 4511 D

225 4558 465 4630 riosam,
507 4575 573 4617 se
592 4576 826 4632 passum
851 4562 906 4619 in
931 4577 995 4619 ea
1026 4562 1441 4635 despicabilem
1462 4564 1777 4636 repulsam,
1803 4564 1886 4621 in-

224 4646 420 4718 deque
443 4648 594 4705 velle
619 4663 986 4722 quacumque
1007 4652 1316 4709 occasione
1335 4658 1677 4724 conceptam
1691 4652 1887 4725 exple-

225 4748 294 4793 re
315 4735 807 4804 vindictam.Quia
829 4739 1001 4810 enim,
1021 4745 1225 4812 utpote
1249 4741 1420 4796 matri
1438 4741 1726 4813 ecclesia,
1742 4742 1888 4799 scie-

227 4823 330 4882 bat
351 4838 418 4882 se
444 4823 767 4896 legitimum
795 4828 1208 4900 baptisterium
1225 4829 1384 4886 nullo
1400 4830 1569 4886 modo
1595 4845 1769 4902 posse
1789 4831 1887 4889 de-

223 4919 486 4993 trahere,
512 4923 836 4980 conabatur
876 4925 1144 4997 equidem
1174 4926 1365 4983 oleum
1397 4931 1457 4983 et
1477 4926 1729 4985 chrisma
1763 4943 1886 4987 sua

226 5004 693 5080 dispensationis
736 5013 970 5068 omnino
998 5013 1051 5070 ei
1101 5014 1452 5085 subducere,
1510 5015 1797 5074 ecclesias
1825 5021 1886 5076 et

224 5094 360 5167 ejus
374 5097 763 5169 subjectionis
776 5105 834 5157 et
855 5101 1211 5159 defensionis
1226 5102 1416 5160 banno
1428 5103 1886 5177 superimposito

225 5182 514 5244 hactenus
552 5188 773 5246 liberas
803 5188 1097 5248 violenter
1119 5191 1457 5263 infringere,
1483 5196 1543 5249 et
1562 5193 1735 5264 hujus
1764 5208 1887 5253 sua

225 5271 553 5335 voluntatis
577 5282 851 5334 conatum
879 5292 1081 5337 eorum
1097 5279 1322 5352 judicio
1353 5280 1443 5338 ira
1460 5280 1718 5341 dictante
1742 5299 1887 5357 pra-

1998 3137 2329 3206 abbatibus,
2344 3137 2576 3192 vexatio
2600 3151 2768 3206 quam
2794 3136 3077 3191 inferebat
3098 3135 3368 3190 ecclesia
3391 3132 3642 3190 Bruaoni

1997 3224 2228 3294 objecta
2249 3230 2358 3280 est.
2389 3226 2644 3281 Abbatcs
2672 3224 2831 3280 illum
2854 3224 3122 3294 privatim
3146 3223 3570 3279 cunvcnientes
3590 3225 3650 3277 et

1995 3312 2209 3369 leniter
2238 3314 2633 3384 increpantes,
2659 3312 3054 3368 defensionem
3076 3311 3253 3366 etiam
3273 3309 3648 3366 anctor.tatis

1996 3401 2338 3473 apostolica
2362 3402 2555 3458 locum
2574 3406 2833 3458 tuentem
2854 3399 3191 3472 specialiter
3218 3399 3342 3453 firm
3366 3404 3445 3453 ito
3467 3398 3650 3469 privi-

1997 3488 2166 3561 legio,
2208 3505 2278 3546 ne
2300 3491 2431 3561 quis
2473 3491 2682 3546 inferat
2718 3491 3007 3560 injuriam,
3054 3489 3164 3544 nisi
3211 3488 3449 3543 honoris
3471 3488 3561 3544 sui
3586 3492 3642 3544 et

2000 3579 2309 3651 potestatis
2332 3580 2643 3636 interdicta
2677 3579 2983 3648 dignitate,
3020 3577 3166 3632 satis
3194 3577 3467 3632 renitenti
3507 3592 3650 3647 pra-

1997 3668 2271 3735 ferentes,
2299 3668 2530 3723 tandem
2552 3683 2581 3722 a
2605 3667 2893 3722 sententia
2920 3665 3148 3721 deduxe
3188 3672 3311 3720 unt.
3339 3666 3426 3719 Sic
3456 3666 3645 3720 Bruno

1999 3754 2224 3811 ratione
2264 3756 2594 3825 convictus,
2648 3754 2925 3827 quicquid
2972 3753 3247 3808 inlebita
3293 3752 3645 3822 exactionis,

1998 3843 2275 3915 quicquid
2308 3844 2606 3913 clamoris,
2642 3844 2915 3916 quicquid
2953 3842 3195 3912 alicujus
3230 3840 3543 3897 insectatio
3562 3840 3641 3897 iis

1996 3932 2088 3990 vel
2111 3933 2479 3990 infractionis
2508 3934 2596 3990 vel
2623 3936 2859 4005 proprio
2883 3938 3092 3988 conatu
3119 3930 3207 3987 vel
3236 3931 3471 3986 hortatu
3506 3929 3650 3984 alte-

1997 4022 2417 4079 riusadversus
2449 4022 2660 4078 ecclesi
2683 4038 2753 4077 nn
2790 4024 3009 4078 fecerat
3034 4020 3120 4076 vel
3157 4021 3346 4075 facere
3382 4017 3645 4074 intende-

1998 4112 2115 4181 bat,
2135 4110 2348 4181 injuste
2363 4125 2427 4167 se
2445 4111 2649 4167 fecisse
2666 4110 2896 4182 publice
2916 4110 3330 4179 recognovitet
3349 4110 3489 4177 pan
3509 4105 3639 4177 tuit,

1996 4209 2140 4257 etne
2162 4201 2293 4271 quis
2312 4214 2378 4256 ea
2398 4200 2605 4256 amodo
2620 4204 2819 4271 ageret
2847 4199 3075 4255 bannali
3097 4197 3451 4254 auctoritate
3468 4195 3647 4250 inter-

1998 4288 2165 4359 dixit,
2193 4293 2448 4359 itemque
2472 4289 2935 4345 interdicendum
2964 4287 3176 4343 Alardo
3195 4284 3486 4341 decanoin
3513 4299 3650 4340 con-

1997 4383 2176 4436 ventu
2196 4383 2571 4435 sacerdotum
2587 4392 2709 4433 sua
2729 4377 3119 4449 subjectionis
3137 4390 3238 4446 per
3251 4373 3648 4431 obedientiam

1998 4467 2208 4524 edixit.
2260 4465 2510 4523 Alardus
2542 4466 2597 4520 in
2628 4466 2894 4537 sequenti
2929 4464 3195 4521 natalitio
3245 4462 3647 4535 apostolorum

1996 4556 2153 4612 Petri
2177 4559 2236 4612 et
2258 4554 2419 4610 Pauli
2446 4553 2611 4625 (Ῑιωι.
2637 4558 2728 4623 20)
2761 4554 3038 4611 hannales
3068 4568 3275 4610 cruces
3301 4550 3641 4608 deducenti-

1999 4644 2110 4700 bns
2144 4642 2509 4715 presbiteris,
2542 4657 2673 4698 cum
2703 4642 3052 4699 exsolvisset
3074 4640 3406 4698 oblationes
3430 4638 3647 4695 debita

1998 4730 2349 4800 devotionis,
2385 4730 2440 4785 in
2484 4729 2719 4803 publico
2749 4744 2952 4787 eorum
2984 4735 3277 4787 conventu
3311 4726 3648 4799 adjudicato

1998 4820 2109 4878 sibi
2141 4833 2435 4876 consensu
2482 4817 2759 4889 omnium,
2808 4820 2995 4875 banno
3040 4816 3491 4874 archidiaconali
3526 4813 3654 4870 edi-

1997 4913 2157 4968 ctum
2190 4907 2261 4965 de
2293 4906 2590 4979 recognita
2624 4920 2765 4980 pace
2796 4913 2855 4964 et
2886 4907 3161 4964 libertate
3189 4906 3459 4963 ecclesia
3491 4900 3646 4959 beati

1996 4997 2241 5056 Huberti
2268 4995 2659 5067 confirmavit,
2696 5001 2755 5051 et
2797 5010 2868 5052 ne
2904 4995 3034 5067 quis
3066 4996 3214 5052 idem
3250 4996 3501 5051 bannum
3532 5006 3655 5048 am-

1996 5088 2153 5162 plius
2183 5086 2528 5157 infringeret
2558 5083 3105 5143 excommunicavit.

2066 5198 2155 5252 95.
2190 5194 2363 5267 (125.)
2408 5196 2570 5250 Anno
2610 5192 2899 5249 incarnati
2923 5189 3098 5247 Verbi
3133 5194 3288 5259 1105,
3322 5187 3653 5246 Richardus

1997 5281 2229 5356 quidam
2252 5279 2570 5339 cardinalis
2591 5278 2859 5338 ecclesia
2882 5279 3159 5353 Romana
3178 5273 3351 5347 (205),
3373 5273 3646 5333 conciliis

1824 5379 2047 5440 NOTA'...

324 5471 453 5530 203)
484 5471 663 5528 Error
692 5472 1061 5530 manifestus.

324 5472 429 5528 203
484 5471 663 5528 Error
692 5472 1061 5530 manifestus.

323 5471 453 5614 206;
479 5542 683 5614 Douzy
714 5542 785 5599 ad
818 5543 870 5599 ll.
906 5544 1134 5602 Carum.

549 5629 815 5692 PATROL.
890 5629 1101 5694 CLIV.

2067 5478 2219 5552 (205)
2251 5477 2354 5551 Ep.
2393 5474 2759 5535 Albanensis.

3333 5626 3415 5685 46
