3968 6372
363 330 513 390 1451

361 488 618 557 indictis,
652 487 862 558 agebat
897 501 1002 561 per
1047 487 1264 543 Gallias
1295 486 1652 559 apostolicas
1678 486 1858 543 vices.
1910 487 2014 544 Cui

361 579 720 648 suffragante
742 578 998 632 Roberto
1021 577 1393 646 Virdunensi,
1418 591 1452 646 q
1503 577 1515 630 i
1543 575 1623 630 illi
1651 574 2016 630 familiariter

362 669 723 734 adhaerebat,
768 666 823 720 in
855 665 1070 721 eisdem
1100 665 1366 720 conciliis
1389 663 1734 720 declamavit
1765 663 2017 718 Theode-

363 759 524 813 ricus
551 755 812 810 ordinem
860 769 980 810 sum
1032 753 1400 819 privationis.
1449 753 1625 822 Cujus
1672 766 1845 808 causa
1877 751 2014 806 dum

362 845 775 909 ventilaretur,
804 859 875 897 ex
921 842 1210 898 sententia
1265 841 1518 896 ﬁdelium
1567 841 1829 896 decrevit
1863 838 1920 894 id
1962 853 2014 894 m

363 932 707 994 cardinalis,
733 947 835 986 nec
869 932 1083 986 debeie
1116 946 1221 985 nec
1257 945 1426 1001 posse
1459 929 1618 985 illum
1653 928 2017 1000 prmlationis

362 1035 486 1078 sua:
510 1021 795 1089 dignitate
821 1021 1058 1091 privari,
1088 1035 1254 1089 quam
1288 1020 1460 1074 nimis
1484 1018 1810 1074 inconsulte
1841 1019 2018 1072 inter-

363 1110 597 1165 misisse
617 1109 925 1164 videbatur
947 1109 1022 1163 ob
1046 1108 1438 1164 defensionem
1465 1107 1730 1162 veritatis
1752 1111 1809 1160 et
1837 1105 2018 1160 ﬁdeli-

361 1203 542 1254 tatem
579 1198 918 1269 aprslolica:
943 1196 1044 1251 sed
1075 1213 1122 1265 s,
1155 1198 1451 1267 sciretque
1483 1195 1747 1250 Wiredus
1771 1194 2018 1264 Andagi-

366 1303 602 1343 nensem
635 1287 924 1341 abbatiam
958 1285 1190 1341 oumino
1222 1285 1591 1339 interdictam
1623 1283 1756 1352 sibi,
1789 1288 1886 1339 aut
1915 1299 2016 1354 pro

364 1384 531 1434 certo
553 1383 1115 1431 excommumcatum
1139 1390 1267 1428 cum
1299 1373 1568 1428 omnibus
1602 1373 1928 1428 fautoribus
1957 1376 2015 1428 et

366 1465 655 1537 subjectis
679 1464 819 1518 suis.
853 1466 1002 1517 lianc
1027 1462 1367 1532 apostolica:
1391 1461 1764 1516 auctoritatis
1788 1465 2018 1515 sentcn-

367 1556 504 1619 tiapi
532 1554 879 1610 Laurentius
900 1553 1081 1607 abbas
1102 1550 1289 1605 sancti
1314 1550 1532 1606 Vittoni
1560 1550 1706 1618 (206)
1725 1556 1784 1605 et
1803 1551 2019 1606 Rober-

365 1650 465 1699 tus
498 1641 816 1698 monaehus
851 1641 1288 1709 interceperunt
1319 1638 1550 1694 Wiredo
1571 1638 2012 1694 enunciandam.

367 1731 467 1788 Cui
498 1747 626 1786 cum
650 1732 718 1783 ad
739 1727 1187 1796 colloquendum
1212 1727 1361 1780 diem
1385 1733 1443 1781 et
1471 1726 1659 1781 locum
1679 1725 2017 1782 constituis-

363 1824 518 1882 sent,
557 1818 769 1886 illeque
804 1831 914 1870 non
965 1815 1352 1882 convenisset,
1392 1829 1494 1885 per
1525 1814 1836 1869 Adelonem
1872 1828 2016 1884 prze-
2048 1823 2098 1882 Β

370 1907 626 1979 positum
650 1903 1066 1959 mandaverunt
1091 1903 1142 1956 ei
1167 1902 1482 1958 cardiualis
1501 1902 1800 1957 decretum
1820 1901 2016 1966 ;'l‘heo-

369 1995 606 2051 dericus
633 2007 865 2064 quoque
896 1991 1112 2046 litteris
1140 1992 1208 2045 ad
1239 1992 1448 2044 fratres
1471 1990 1801 2060 destinatis,
1828 1989 2017 2058 ingra-

365 2083 524 2139 vavit
557 2082 642 2136 eis
691 2081 948 2150 ejusdem
999 2079 1619 2134 excommunicationis
1666 2079 2010 2150 periculum.

363 2172 482 2226 Sub
534 2171 646 2224 hiis
685 2168 1173 2224 insectationibus
1225 2167 1350 2220 suis
1391 2167 1658 2223 Wiredus
1697 2169 2012 2223 Manassem

367 2260 678 2314 Remorum
706 2257 1035 2328 pontiﬁcem
1061 2254 1222 2322 adiit,
1249 2261 1308 2309 et
1331 2255 1514 2310 altare
1544 2254 1614 2309 de
1637 2255 1834 2326 Sulpio
1859 2255 2012 2325 quod

357 2347 629 2404 ecclesia:
666 2361 767 2417 per
797 2359 976 2400 annos
1005 2347 1038 2397 7
1085 2345 1480 2411 subtraxerat,
1513 2343 1871 2400 reddendum
1905 2344 2013 2400 sibi

355 2433 723 2492 reclamavit.
750 2434 1042 2487 Manasses
1075 2446 1186 2485 non
1231 2430 1415 2485 solum
1448 2431 1602 2500 quod
1627 2431 2011 2502 subduxerat,

360 2523 468 2579 sed
489 2523 663 2575 etiam
685 2520 870 2574 altare
891 2519 961 2573 de
981 2517 1259 2586 Nogarias
1279 2524 1498 2572 remota
1520 2533 1761 2588 persona
1784 2523 1840 2574 et
1863 2520 2014 2574 facta

354 2611 592 2682 publica
616 2611 672 2662 et
712 2605 882 2675 legali
935 2607 1265 2674 donatione,
1311 2622 1600 2662 consensu
1634 2608 1890 2663 Gervasii
1925 2623 2014 2663 ar-

355 2696 691 2756 chidiaconi
721 2703 780 2750 et
810 2695 993 2750 totius
1015 2694 1157 2749 clcri
1190 2695 1277 2749 sui
1306 2696 1532 2749 ﬁrmato
1554 2700 1613 2750 et
1642 2695 1871 2764 signato
1898 2696 2011 2767 pri-

351 2787 592 2855 vilegio,
617 2784 886 2840 ecclesia:
911 2783 1065 2838 beati
1092 2783 1330 2838 lluberti
1360 2798 1462 2853 pro
1485 2783 1882 2839 anniversario
1906 2798 2012 2840 suo

358 2891 436 2933 ex
459 2876 586 2945 ejus
608 2873 800 2929 reditu
820 2872 1222 2943 sollempniter
1244 2871 1468 2941 agendo
1490 2877 1776 2942 perpetuo
1799 2871 2012 2928 haben-

353 2963 495 3021 dum
529 2961 790 3018 tradidit.

430 3101 520 3154 96.
549 3098 722 3166 (1-26.)
747 3095 1002 3150 Obertus
1030 3094 1246 3149 interea
1273 3093 1444 3148 nimis
1471 3093 1887 3150 immoderatus
1909 3093 2010 3151 do-

1343 327 1820 392 CHRONICON
1868 327 1936 386 S.
1983 321 2196 385 HUBF
2214 321 2347 382 R'l‘l
2389 319 2822 383 ANDAGlN.’

3580 331 3707 392 4521

2043 459 2098 518 Α
2117 451 2416 520 ﬂenricus
2437 457 2498 508 et
2519 453 2712 509 Bruno
2733 451 3149 522 archidiaconi,
3175 456 3412 525 postque
3432 459 3712 520 orationem

2130 541 2346 612 palatio
2383 540 2782 597 introductum
2830 541 3374 598 commendaverunt
3422 545 3712 607 Coloniensi

2125 629 2407 700 pontiﬁci.
2441 631 2484 684 Α
2516 643 2631 699 quo
2679 627 3248 700 bilariterexeeptus
3275 637 3333 686 et
3360 633 3711 710 deosculatus,

2126 717 2521 786 interrogatus
2561 732 2792 788 quoque
2816 717 2887 773 ad
2920 718 3059 788 quid
3096 719 3366 788 venisset,
3397 721 3591 792 illeque
3607 740 3714 796 gn.

2128 806 2277 862 viter
2299 806 2606 876 suspirans
2647 806 2878 862 interim
2931 806 3202 862 reticeret
3227 839 3285 848 —
3311 809 3419 880 jam
3441 812 3574 868 enim
3601 821 3714 875 ante

2128 896 2506 965 pricmonitus
2528 898 2657 950 erat
2681 909 2709 950 a
2745 897 3091 965 Berengero,
3128 895 3286 954 nullo
3311 897 3468 955 modo
3491 901 3588 957 sibi
3611 904 3715 964 fore

2128 981 2293 1050 utile,
2310 982 2356 1038 si
2377 981 2624 1037 intertot
2649 981 3045 1038 adversitates
3069 999 3230 1038 suam
3247 999 3370 1041 qua:
3386 991 3713 1057 eratgravior

2126 1084 2359 1124 causam
2376 1071 2447 1124 de
2462 1069 2688 1124 Mirvolt
2712 1069 2994 1126 adversus
3019 1071 3297 1126 Obertum
3321 1073 3400 1128 sic
3415 1090 3710 1145 oppressum

2128 1156 2288 1226 iugra
2299 1164 2462 1212 varet
2475 1189 2528 1196 —
2549 1157 2811 1228 pontifex
2824 1173 3142 1228 exsurgem
3169 1159 3533 1230 Berengerum
3554 1170 3602 1219 et
3616 1167 3716 1224 Ste-

2129 1246 2379 1316 phanum
2403 1245 2646 1302 abbates
2669 1261 2934 1303 seorsum
2963 1247 3252 1316 evocavit,
3277 1254 3336 1303 et
3359 1255 3413 1304 ut
3437 1252 3536 1306 sibi
3555 1256 3712 1322 queri-

2129 1348 2258 1388 mon
2270 1335 2316 1388 ia
2328 1350 2376 1388 ιιι
2397 1349 2526 1389 cum
2543 1333 2743 1390 dolore
2758 1335 3064 1391 reticentis
3079 1351 3150 1391 ex
3163 1335 3368 1393 ordine
3385 1349 3712 1414 exponerent,

2127 1436 2232 1492 per
2246 1423 2636 1478 obedientiam
2653 1422 2882 1478 indixit.
2895 1425 3255 1491 Berengerus
3267 1426 3474 1494 optime
3486 1431 3713 1487 conscius

2129 1511 2211 1565 rei
2239 1515 2299 1565 et
2342 1511 2566 1581 peritus
2595 1511 2847 1581 dicendi,
2893 1511 3047 1582 quod
3083 1512 3399 1581 jubebatur
3433 1519 3706 1574 enarravit.

2128 1598 2416 1653 Videlicet
2436 1599 2726 1669 quomodo
2753 1600 3098 1670 praedictum
3133 1607 3405 1672 castrum,
3427 1605 3563 1660 omni
3589 1606 3711 1677 adja-

2127 1687 2280 1742 centi
2310 1686 2621 1756 provincia)
2648 1687 2943 1755 infestum,
2969 1703 3039 1743 ex
3058 1688 3255 1744 edicto
3279 1691 3490 1746 llenrici
3515 1693 3710 1764 impera-

2131 1775 2279 1830 toris
2293 1775 2517 1830 viribus
2533 1775 2718 1831 totius
2738 1775 3124 1846 Lt-tharingize
3144 1778 3236 1832 vix
3261 1779 3436 1834 fuerat
3451 1780 3707 1853 dejectum,

2134 1864 2424 1933 quomodo
2448 1864 2518 1918 ab
2553 1863 2830 1935 epise0po
2871 1865 3120 1921 llenrice
3152 1869 3711 1926 restractum.iterum-

2128 1966 2238 2022 que
2263 1951 2460 2006 abillo
2483 1951 3087 2008 subinterminatione
3111 1955 3712 2024 perpetuiauatbematis

2125 2039 2518 2108 destructum,
2569 2041 2856 2109 quomodo
2878 2041 3052 2097 etiam
3081 2043 3311 2098 nuncin
3335 2043 3548 2099 exilium
3565 2045 3712 2102 eccle-

2127 2127 2228 2181 siae
2249 2126 2402 2181 beati
2423 2128 2663 2182 lluberti
2680 2133 2979 2184 constaret
2999 2131 3714 2202 reﬁrmatum.Subjungente

2125 2222 2319 2270 autem
2349 2217 2646 2286 pontiﬁce,
2664 2232 2769 2272 cur
2794 2217 2926 2272 inde
2951 2217 3135 2273 abbas
3159 2222 3460 2274 clamorem
3481 2221 3711 2288 differret,

2127 2303 2434 2374 respondit
2452 2303 2550 2359 ille
2567 2304 2957 2374 quiajustitiae
2973 2305 3488 2377 diﬁlderetﬂapuit
3504 2308 3713 2378 pontifex

2125 2405 2254 2446 cum
2281 2391 2683 2459 indignatione
2708 2392 2948 2448 verbum
2975 2392 3639 2464 dilﬁdentia:,juravitque
3655 2394 3711 2452 de

2127 2479 2585 2547 agendajustitia
2611 2479 2881 2534 abbatem
2908 2481 3130 2536 frustra
3154 2481 3426 2551 ditlldere,
3443 2483 3482 2539 si
3505 2484 3601 2538 vita
3621 2483 3709 2542 sibi

2126 2571 2466 2637 superesset
2511 2581 2640 2622 cum
2675 2567 3090 2638 prosperitate.
3133 2568 3293 2624 Circa
3324 2569 3500 2626 horam
3527 2575 3704 2627 srxtam

2124 2654 2375 2710 Collecto
2399 2654 2685 2710 adversus
2707 2655 2987 2711 Obertum
3012 2654 3177 2710 tlero
3203 2656 3503 2726 Leodiensi,
3521 2658 3705 2714 videres

2122 2741 2503 2799 tumultuaria
2522 2742 2890 2798 dissensione
2911 2742 3200 2800 rationem
3229 2745 3504 2816 confundi,
3526 2745 3627 2802 sine
3641 2745 3704 2800 vi-

2124 2830 2475 2886 cissitudine
2526 2829 2850 2886 dicendiet
2902 2830 3180 2887 audiendi
3233 2833 3460 2903 injurias
3507 2849 3625 2904 quas
3648 2833 3703 2888 ab

2123 2918 2341 2974 Oberto
2391 2917 2756 2988 pertulerant
2802 2917 3068 2988 singulos
3111 2921 3404 2990 conqueri,
3451 2920 3704 2978 canonica:

2121 3007 2445 3062 sententias
2467 3006 2753 3063 adversus
2773 3021 2902 3063 eum
2934 3007 3336 3064 indifferenter
3364 3009 3600 3077 conferri,
3627 3008 3701 3064 do-

2120 3109 2226 3151 nec
2262 3095 2524 3166 pontifex
2557 3094 2925 3151 Coloniensis
2955 3110 3025 3151 eo
3059 3111 3260 3153 secum
3294 3097 3700 3153 introduclocon-

357 3185 692 3242 minationis
718 3182 1061 3239 exercendae
1094 3183 1273 3252 coepit
1299 3181 1490 3237 Leodii
1514 3181 1859 3253 civiliajura
1876 3197 2010 3240 con-
2041 3192 2090 3254 ο
2121 3183 2296 3238 sedit.
2331 3182 2580 3238 Tandem
2614 3182 2817 3238 sedato
2844 3183 3122 3254 tumultu,
3155 3190 3214 3239 et
3243 3185 3370 3240 data
3393 3184 3634 3241 sententia
3652 3187 3697 3239 ut

358 3273 600 3341 vellere,
636 3273 794 3341 leges
828 3272 1105 3340 majorum
1141 3279 1383 3338 mutare,
1423 3271 1881 3327 consuetudines
1911 3287 2010 3327 an-

355 3362 611 3428 nullarc,
641 3366 817 3430 utque
849 3361 1092 3416 liberius
1120 3359 1536 3429 comprimeret
1558 3360 1828 3426 minores,
1855 3360 2009 3416 diffe-

353 3452 529 3507 rebat
561 3450 792 3506 interim
837 3463 1187 3517 exasperare
1222 3447 1491 3516 majores,
1544 3447 1712 3504 donis
1742 3449 1916 3504 etiam
1947 3453 2007 3504 et

357 3537 664 3610 promissis
685 3536 752 3591 ad
775 3534 1256 3592 consentiendum
1279 3535 1386 3590 sibi
1407 3536 1792 3592 contrahebat
1814 3542 2010 3606 poten-

358 3627 558 3682 tiores.
581 3625 690 3680 δρᾶ
715 3639 820 3679 nec
845 3625 940 3679 diu
968 3624 1152 3694 potuit
1177 3637 1240 3678 se
1257 3623 1581 3693 continere,
1604 3624 1738 3694 quin
1763 3625 1915 3694 quod
1934 3624 2007 3680 ad

359 3719 591 3784 tempus
613 3712 924 3768 distulerat
952 3712 1249 3782 proderet,
1274 3718 1330 3767 et
1369 3712 1420 3765 in
1449 3713 1650 3768 eadem
1673 3714 2010 3782 oupressio—

358 3817 432 3858 ne
475 3803 642 3858 ﬁeret
673 3802 943 3857 omnibus
985 3800 1155 3856 idem.
1207 3800 1598 3856 Ecclesiarum
1651 3801 1899 3871 denique
1948 3806 2009 3858 et

356 3890 707 3948 clericorum
733 3905 786 3961 ρ’
805 3894 1148 3945 ocuratores
1189 3891 1372 3945 totius
1393 3889 1611 3946 liberos
1652 3890 1903 3946 forensis
1919 3890 2010 3959 ju-

355 3977 440 4034 ris
464 3978 750 4034 violeuter
770 3977 1086 4046 infringere
1109 3978 1448 4047 temptavit:
1466 3977 1610 4033 adeo
1633 3982 1697 4033 ut
1719 3977 2009 4034 custodite

361 4067 722 4136 mancipat-et
767 4066 1124 4122 domesticos
1165 4066 1457 4121 Frederici
1492 4066 1793 4136 praepositi
1824 4066 2010 4122 eccle-

357 4154 458 4210 sia:
487 4155 637 4209 beati
680 4153 988 4209 Lambtrti.
1034 4152 1194 4208 Unde
1217 4159 1500 4210 evocatus
1541 4153 1899 4224 querimonia
1924 4158 2010 4211 to-

357 4243 476 4299 tius
497 4242 641 4298 cieri
669 4242 1024 4310 Leodiensis,
1067 4242 1226 4296 venit
1256 4243 1680 4312 Aquisgranum
1706 4243 2004 4313 palatium,

362 4329 549 4386 donec
576 4330 916 4385 Fredericus
936 4329 1422 4402 metropolitanus
1447 4329 2010 4387 Coloniensismibi-

348 4417 598 4488 demque.
638 4417 993 4474 audientiam
1021 4417 1314 4474 canonica;
1347 4418 1733 4476 discussionis
1770 4419 2006 4490 publice

2123 3286 2270 3328 unus
2295 3270 2519 3326 diceret
2552 3285 2658 3341 pro
2680 3271 2976 3338 omnibus,
3011 3272 3083 3326 ad
3109 3273 3218 3328 hoc
3237 3271 3598 3342 exequendum
3615 3269 3698 3326 cle-

2116 3364 2249 3414 ctus
2269 3357 2543 3412 constitit
2577 3358 2634 3411 in
2658 3355 2848 3412 medio
2875 3359 3161 3414 Henricus
3188 3358 3606 3424 arcbiniacouus,
3627 3358 3696 3426 qui

2119 3446 2316 3501 dicere
2335 3449 2578 3501 exortus
2597 3463 2618 3499 :
2639 3445 2780 3514 Hic,
2807 3445 3016 3514 inquit,
3041 3445 3268 3502 clamor
3284 3461 3449 3517 super
3463 3446 3697 3502 dominum

2117 3536 2449 3606 episcopum
2475 3548 2515 3591 α
2539 3533 2708 3590 nobis
2738 3533 2914 3590 hodie
2939 3535 3212 3606 agendus
3238 3551 3350 3592 non
3377 3538 3459 3592 est
3476 3538 3587 3606 ejus
3599 3533 3698 3604 pri-

2116 3623 2288 3690 vatae,
2311 3624 2468 3691 vitae,
2490 3622 2662 3691 cujus
2685 3622 2854 3678 testis
2875 3622 2963 3678 est
2985 3624 3149 3680 Deus
3179 3625 3239 3680 et
3250 3625 3436 3696 judex
3458 3623 3610 3684 solus,
3625 3617 3701 3678 sed

2119 3711 2188 3767 de
2214 3709 2545 3782 injuslitiis
2575 3709 2996 3768 ecclesiasticis
3023 3713 3089 3766 et
3109 3725 3254 3769 nosti
3276 3715 3328 3770 is
3352 3711 3553 3784 legibus
3575 3710 3696 3766 etre-

2119 3799 2221 3857 bus
2242 3799 2542 3871 publicis;
2569 3797 2856 3855 videlicet
2869 3799 3030 3869 quod
3049 3799 3326 3858 abtazias
3345 3802 3530 3856 laxato
3542 3796 3696 3868 pretio

2115 3888 2469 3956 vendiderit,
2495 3887 2654 3957 quid
2675 3887 3090 3945 ecclesiastica
3115 3891 3447 3946 ministeria
3465 3897 3695 3959 μαργινε

2115 3978 2258 4034 sunt
2275 3977 2618 4032 animarum
2647 3975 2810 4032 curis
2831 3975 2889 4030 et
2909 3990 3065 4046 quae,
3097 3979 3290 4048 utpete
3316 3977 3459 4033 dona
3480 3973 3696 4046 Spiritus

2115 4065 2334 4134 sancti,
2377 4063 2656 4120 donanda
2687 4064 2743 4118 et
2778 4063 3136 4134 accipienda
3175 4066 3314 4122 sunt
3333 4065 3528 4136 gratis.
3555 4061 3694 4133 pecte

2114 4154 2376 4210 mercede
2401 4151 2814 4218 distrituerit;
2839 4151 3001 4221 quod
3029 4151 3099 4208 in
3126 4167 3417 4210 commune
3441 4153 3696 4221 dampnari

2116 4241 2500 4298 ecclesiarum
2514 4242 2776 4295 omnium
2786 4241 3259 4310 provincialium
3271 4241 3694 4312 Iegitmamo'te

2118 4331 2210 4388 tas
2232 4329 2444 4386 totiens
2457 4327 2784 4384 mutaverit
2798 4327 2894 4384 vel
2906 4329 3225 4400 minueril,
3244 4333 3316 4400 rt,
3337 4329 3478 4400 quod
3492 4329 3569 4384 est
3581 4324 3694 4380 dele-

2112 4418 2266 4486 rius,
2284 4413 2585 4486 corrumpi
2602 4415 2997 4483 consenserit;
3017 4417 3183 4487 quod
3197 4407 3692 4484 iiberlatempubliei

359 4505 681 4562 habendam
709 4507 928 4562 Oberto
952 4506 1180 4561 indixit.
1207 4507 1449 4562 Advenit
1475 4507 1746 4596 Obertus,
1767 4508 2006 4596 advenit
2032 4537 2084 4596 υ
2104 4505 2294 4596 juris,
2329 4501 2922 4596 leyesamajoribus
2951 4505 3181 4596 nostris
3209 4498 3695 4596 Magnentius

358 4596 533 4652 etiam
549 4612 678 4652 cum
701 4597 1017 4652 abbatibus
1031 4602 1092 4651 et
1109 4596 1535 4652 areliidiaconis
1554 4595 1859 4668 mul.iplex
1874 4599 2007 4654 Leo-
2032 4589 2076 4596 ⁷
2113 4595 2400 4651 violenter
2421 4591 2759 4665 infringere
2777 4592 3188 4662 contenderit;
3207 4593 3362 4664 quod
3379 4590 3525 4648 nobis
3537 4589 3692 4658 etqui-

355 4684 647 4742 diensium
667 4687 884 4742 clerus.
901 4687 1036 4741 Erat
1065 4689 1200 4742 1104
1215 4700 1323 4740 aun
1335 4699 1400 4742 us
1421 4685 1703 4741 incarnati
1721 4685 1917 4756 Verbi,
1938 4687 2008 4746 fe-

346 4773 431 4830 ria
465 4775 667 4844 quinta
692 4775 892 4844 primae
917 4775 1294 4830 hebdomadas
1320 4773 2002 4844 quadragesiiuawlart.

351 4864 462 4934 10).
495 4863 613 4918 Sub
636 4862 858 4919 hisdem
885 4864 1064 4918 ferme
1083 4862 1289 4918 diebus
1312 4877 1473 4916 vene:
1493 4868 1554 4918 at
1577 4862 1844 4919 Wiredus
1871 4864 2004 4920 Leo-

352 4951 514 5008 dium
539 4951 611 5008 de
636 4951 982 5021 quibusdam
1025 4951 1330 5022 injustitiis
1352 4950 1616 5008 ecclesiae
1639 4955 1857 5009 nostrae
1880 4951 2005 5008 illa-

343 5040 425 5096 tis
445 5041 932 5111 curaturusapud
949 5040 1248 5096 Obertum.
1269 5039 1524 5096 Audiens
1545 5047 1736 5097 autem
1753 5045 1867 5096 tam
1893 5042 2004 5098 fre-

347 5128 907 5199 quensauditorium
933 5129 1112 5200 Aquis
1130 5128 1493 5200 convenisse,
1511 5129 1829 5187 comitatus
1849 5129 2004 5186 Lam-

343 5214 803 5285 berto,Adelone
819 5216 1033 5273 ibidem
1052 5218 1367 5272 maturavit
1382 5216 1771 5284 adesseQuem
1787 5222 2002 5290 praeter

336 5317 500 5374 spem
515 5303 821 5362 advenisse
853 5304 1070 5376 mirati,
1105 5305 1593 5376 processeruntin
1623 5306 1784 5364 curia
1817 5306 2000 5378 regali

2116 4679 2632 4754 busgueﬂdelibus
2649 4681 2846 4737 sancti
2867 4680 3171 4738 Lamberti
3186 4697 3258 4738 ne
3273 4683 3374 4739 hoc
3374 4678 3582 4754 faceret
3591 4685 3692 4744 sal-

2105 4768 2692 4845 gerentibus,audire
2703 4769 3030 4840 contempse
3045 4795 3048 4800 τ
3066 4771 3154 4842 it;
3165 4770 3318 4841 quod
3327 4768 3538 4826 tandem
3536 4762 3694 4837 potel-

2114 4860 2366 4917 tioribus
2382 4874 2445 4930 ep
2453 4857 2666 4926 iscopii
2683 4857 3066 4928 exigentibus
3084 4866 3218 4916 utse
3234 4853 3544 4929 corrigeret,
3554 4849 3693 4908 corri-

2104 4948 2291 5022 pendi
2301 4961 2363 5005 se
2361 4947 2548 5018 ﬁdem
2562 4943 3096 5013 dederit,etdatam
3111 4948 3350 5004 irritam
3348 4932 3694 5019 feceritmuod

2114 5039 2344 5096 thesau-z
2361 5051 2424 5096 os
2434 5038 2820 5096 ecclesiarum
2836 5051 2990 5108 quas
3004 5033 3690 5111 exspoliatiinecdumeul

2104 5127 2299 5200 possit
2313 5127 2631 5185 restituere
2650 5127 2928 5184 voluerit.
2959 5128 3120 5193 Quia
3141 5142 3276 5198 ergo
3291 5128 3376 5184 sic
3389 5137 3446 5182 se
3459 5121 3520 5177 Ita
3529 5116 3692 5186 teips-

2112 5216 2271 5274 blica
2286 5215 2625 5275 Le~diensis
2640 5215 3150 5288 ecclesi¢,prceter
3163 5215 3426 5288 privatas
3437 5207 3690 5288 mtth

2111 5305 2542 5378 querimonias,
2564 5318 2720 5378 quas
2737 5286 2980 5377 longum
2998 5305 3086 5362 est
3087 5286 3468 5378 proclamare,
3481 5286 3693 5356 um!“

1702 5403 1941 5459 VARI/['2
1985 5403 2385 5462 LECTIONES.

406 5486 474 5521 ³³³
493 5487 617 5546 Hic
636 5488 886 5560 aliquid
899 5489 1096 5546 deesse
1118 5489 1216 5548 vel
1231 5491 1570 5565 corruptum
1586 5503 1712 5550 esse
1729 5490 1990 5552 videtur.

1931 5579 2157 5638 NOTE.

406 5643 556 5718 (206)
587 5641 996 5702 Virdunensis.
