3968 6358
230 287 382 349 1453

1208 284 1704 349 CHRONICON.
1757 288 1821 348 S.
1871 287 2236 349 HUBERTI
2280 290 2673 350 ANDAGIN.

3496 294 3645 355 1454

226 436 576 497 auctoritati
604 435 812 493 castra
837 433 1122 506 apti-imm
1146 436 1388 493 consilii
1415 437 1472 491 et
1482 436 1881 508 fortitudinis
1910 427 1961 484 A
1994 442 2190 493 mento
2223 437 2526 496 fidelitatis
2556 438 2896 509 obligasset.
2935 441 3043 497 Sed
3078 442 3362 498 Henricus
3391 457 3495 514 spe
3527 443 3648 500 bel-

225 526 453 593 adesse,
470 523 1051 596 utdictantejudicio
1065 524 1704 597 reformeturjustitia,
1721 524 1882 581 etab.

225 616 444 677 solutis
452 615 726 686 ﬁliorum
747 626 991 671 suorum
1011 613 1406 683 querimoniis
1426 613 1655 684 in'pace
1684 626 1882 669 eorum

232 705 464 763 letatur
487 704 681 761 mater
710 701 976 760 ecclesia.
1026 701 1109 756 Ad
1150 702 1274 758 haec
1316 702 1795 773 archiepiscopus
1826 702 1880 756 in

226 792 478 853 concilio
499 792 780 863 loquutus
804 791 1024 846 Oberto
1044 791 1238 859 rediit,
1262 791 1633 860 breviterque
1654 790 1882 846 concio-

236 889 412 940 natus
436 895 614 952 super
638 879 995 951 querimonia
1021 880 1330 949 communi,
1362 880 1641 935 Obortqu
1668 880 1882 933 rubore

231 973 406 1027 immo
441 969 838 1039 indignatione
868 968 1170 1024 confusum
1195 968 1265 1023 de
1290 968 1503 1037 quibus
1532 967 1882 1038 culpabatur

227 1060 461 1132 publice
496 1057 840 1130 increpavit.
872 1057 986 1113 Nec
1018 1058 1183 1126 prius
1214 1056 1445 1111 abstitit
1474 1071 1639 1125 quam
1666 1056 1737 1110 de
1761 1052 1884 1124 qni-

229 1152 339 1207 bus
362 1148 784 1206 criminabatur
804 1144 945 1201 cleri
970 1144 1059 1201 sui
1084 1144 1332 1201 consilio
1354 1148 1413 1199 et
1438 1145 1682 1200 arbitrio
1704 1146 1884 1201 corri-

229 1238 422 1310 genda
451 1236 809 1303 condicerct,
839 1233 1217 1303 ejusdemque
1240 1233 1593 1289 conditionis
1616 1233 1880 1289 obsidem

234 1324 530 1398 propriam
555 1322 718 1378 fidem
734 1327 794 1377 et
807 1321 1093 1378 auctorita
1108 1329 1216 1376 lem
1232 1320 1623 1391 episcopalem
1643 1321 1695 1375 in
1714 1336 1881 1378 manu

234 1412 665 1484 archiepiscopi
697 1410 1035 1482 deponeret.
1068 1408 1392 1465 Terminum
1421 1424 1650 1479 quoque
1676 1409 1882 1480 praedi-

223 1507 339 1559 ctae
379 1500 730 1558 conditionis
769 1514 797 1553 a
841 1513 901 1554 se
943 1498 1167 1567 agendo
1211 1497 1456 1553 concilio
1502 1497 1753 1553 Coloniae
1793 1512 1881 1553 se-

222 1591 414 1649 cunda
438 1588 723 1644 dominica
748 1591 877 1657 post
899 1601 1069 1657 pasca
1091 1586 1571 1658 archiepiscopus
1597 1586 1875 1657 pricfixit;

220 1677 563 1749 sicquejam
589 1689 827 1745 vespera
856 1674 1189 1730 imminente
1220 1674 1572 1731 audientiam
1605 1675 1801 1730 solwt.

1992 523 2147 580 laudi
2179 526 2480 597 deceptus,
2516 526 2688 583 immo
2720 527 2873 598 quod
2905 529 3240 585 imminebat
3271 530 3322 585 ei
3355 531 3640 604 deterius,

1994 613 2201 669 mediis
2231 615 2506 671 hostibus
2538 632 2684 686 quos
2718 618 2962 688 putabat
3003 618 3220 675 amicos
3254 620 3641 699 interceptus,

1992 702 2286 757 continuis
2302 710 2361 758 et
2382 706 2689 760 nocturnis
2713 705 3022 761 itineribus
3044 708 3468 783 Lotliaringiam
3490 715 3645 771 refu-

1992 790 2097 857 git,
2126 789 2246 846 filio
2272 791 2612 860 insequente
2640 793 2951 863 fugientem
2973 810 3101 851 cum
3125 796 3346 853 facibus
3362 805 3417 853 et
3438 802 3637 858 armis.

1994 878 2319 948 Factusque
2351 883 2437 934 est
2472 879 2553 934 illi
2587 881 2731 937 adeo
2764 882 3030 953 infestus,
3068 889 3126 939 ut
3162 885 3216 939 in
3248 894 3507 943 castrum
3542 891 3644 946 Re-

1993 966 2336 1022 chenesliem
2363 968 2506 1036 (208)
2535 971 2619 1023 cis
2643 971 2859 1025 Renum
2893 972 3204 1040 fugientem
3235 976 3640 1051 concluderet,

1993 1060 2052 1109 et
2075 1056 2300 1111 exactis
2317 1058 2387 1110 ab
2405 1071 2474 1111 eo
2493 1057 2791 1126 regalibus
2817 1059 3003 1130 ipsum
3030 1076 3258 1131 quoque
3281 1078 3518 1134 regnum
3547 1069 3643 1124 ab-

1988 1142 2187 1212 jurare
2215 1145 2616 1213 compelleret.
2660 1148 2832 1201 Facta
2865 1153 2999 1202 sunt
3031 1150 3153 1205 l1ch
3189 1154 3321 1205 1106
3355 1154 3639 1211 incarnati

1993 1231 2165 1285 Verbi
2201 1247 2349 1287 anno
2383 1232 2540 1301 (Dec.
2567 1236 2678 1305 31).
2712 1235 2804 1289 Sic
2840 1240 3005 1306 pater
3036 1252 3065 1291 a
3100 1238 3216 1293 filio
3245 1243 3557 1313 tractatus,
3581 1248 3640 1299 et

1991 1318 2088 1371 vix
2108 1317 2178 1373 de
2198 1319 2463 1373 custodia
2485 1320 2610 1387 ejus
2627 1320 2879 1390 elapsus,
2897 1322 3189 1378 Coloniam
3212 1326 3387 1387 venit,
3406 1328 3511 1382 sibi
3532 1329 3643 1385 sol-

1993 1403 2303 1476 lempniter
2324 1407 2654 1463 videntibus
2678 1411 2991 1478 procedere
3014 1426 3123 1466 non
3144 1415 3460 1483 consensit,
3486 1415 3644 1471 inde-

1994 1508 2104 1564 que
2141 1501 2197 1549 ut
2236 1495 2498 1565 privatus
2532 1495 2701 1552 nudis
2736 1497 2980 1566 pedibus
3013 1500 3066 1553 iu
3102 1502 3420 1569 asperrima
3456 1504 3643 1561 hieme

1993 1583 2339 1652 Aquisgrani
2364 1583 2639 1653 palatium
2660 1587 3161 1655 peracecssiHan.
3185 1593 3364 1659 1106).
3389 1592 3642 1650 Obertus

1992 1672 2197 1728 dolens
2228 1673 2351 1727 haec
2380 1673 2649 1728 evenisse
2680 1673 2786 1741 illi,
2821 1675 3001 1743 magis
3032 1680 3221 1731 autem
3247 1680 3293 1732 si
3322 1679 3474 1735 filius
3499 1696 3645 1751 prm-

293 1779 384 1834 97.
420 1774 593 1845 (127.)
627 1774 918 1843 Sequente
941 1786 1115 1842 pasca
1139 1771 1420 1829 Henricus
1445 1787 1544 1827 rex
1572 1772 1761 1828 Leodii
1785 1786 1877 1829 ce-
1906 1776 1957 1833 Β
1990 1760 2215 1815 valeret
2237 1761 2449 1816 timens
2470 1761 2603 1830 sibi,
2628 1761 2793 1831 quasi
2825 1763 3015 1829 gratia
3048 1763 3351 1821 fidelitatis
3380 1769 3640 1825 occurrit

217 1864 475 1922 lebravit
494 1863 666 1932 (207).
687 1861 768 1916 Ibi
794 1860 1059 1915 maximis
1082 1860 1340 1915 obsoniis
1364 1862 1515 1931 apud
1539 1877 1669 1917 eum
1696 1863 1874 1918 Ober-

219 1958 322 2009 tus
345 1951 558 2020 eﬂ'ecit,
591 1965 661 2005 ne
697 1948 994 2019 przefixum
1026 1948 1337 2003 concilium
1372 1949 1621 2006 Coloniae
1653 1950 1871 2006 sineret

218 2040 370 2110 fieri,
404 2038 536 2110 quia
567 2037 931 2093 dissimulata
962 2035 1296 2091 conditione
1326 2037 1457 2092 fidei
1487 2038 1759 2108 conditze,
1788 2037 1871 2092 di-

224 2127 508 2184 rectionis
562 2130 745 2196 pactae
802 2124 1870 2196 verebaturexactionem.Siquidde-

216 2215 396 2285 nique
418 2212 843 2270 emendationis
865 2214 1016 2282 apud
1044 2228 1303 2282 quosque
1330 2216 1691 2284 potentiores
1716 2215 1871 2271 vide-

214 2305 394 2361 batur
426 2302 559 2357 inde
587 2301 871 2369 effecisse,
905 2315 1015 2355 non
1048 2300 1154 2356 hoc
1186 2300 1463 2357 effecerat
1490 2302 1580 2357 vel
1611 2302 1742 2357 fidei
1777 2304 1869 2358 vel

211 2392 460 2449 virtutis
488 2389 857 2459 executione,
889 2387 991 2443 sed
1016 2394 1076 2444 ut
1100 2388 1171 2444 ad
1195 2394 1426 2460 tempus
1453 2405 1575 2447 suae
1604 2392 1872 2449 consule-

218 2485 311 2536 ret
341 2480 613 2535 infamize.
652 2478 745 2534 Sic
782 2492 855 2534 ex
893 2477 1073 2547 regali
1116 2477 1528 2548 impedimento
1561 2480 1871 2537 deficiente

213 2568 490 2635 concilio,
511 2573 708 2623 nostra
728 2582 957 2638 quoque
981 2568 1261 2622 frustrata
1280 2573 1372 2623 est
1391 2568 1461 2623 de
1482 2570 1870 2638 promissione

216 2655 645 2728 archiepiscopi
674 2656 1026 2727 expectatio.
1060 2657 1176 2711 Nec
1200 2656 1382 2711 multo
1405 2663 1535 2727 post
1561 2660 1869 2715 suscitavit

215 2747 374 2802 Deus
405 2744 678 2816 spiritum
712 2744 1022 2816 pessimum
1065 2744 1217 2798 inter
1257 2746 1565 2801 Henricum
1598 2752 1656 2802 et
1689 2748 1868 2804 filium

214 2834 370 2906 ejus.
406 2834 692 2890 Henricus
724 2848 752 2888 a
788 2846 934 2903 papa
968 2832 1247 2902 Gregorio
1282 2834 1376 2888 Vll
1408 2837 1871 2895 excommunica-

219 2928 318 2979 tus
350 2936 455 2994 pro
485 2922 827 2977 criminibus
867 2921 1169 2977 evidenter
1210 2923 1474 2993 probatis
1503 2938 1653 2981 anno
1684 2926 1871 2982 incar-

214 3010 339 3066 nati
371 3010 543 3066 Verbi
584 3014 716 3066 1076
749 3010 801 3065 in
837 3011 1057 3080 synodo
1088 3012 1360 3081 Romana,
1389 3017 1603 3069 extunc
1635 3030 1737 3085 per
1767 3016 1869 3070 tri-

214 3097 378 3169 ginta
407 3099 524 3153 fere
547 3112 731 3155 annos
754 3097 1138 3168 apostolicam
1163 3099 1361 3155 sedem
1387 3100 1785 3172 impugnabat,
1810 3108 1867 3159 et
1902 3126 1950 3188 Ο

217 3191 498 3258 quantum
532 3188 589 3242 in
621 3201 681 3242 se
712 3191 858 3255 erat,
887 3202 1087 3243 omnes
1118 3187 1227 3243 sibi
1263 3191 1702 3249 consentientes
1728 3209 1756 3249 a
1782 3211 1870 3252 re-

222 3282 431 3348 apectu
465 3280 521 3331 et
554 3275 836 3331 fidelitate
867 3275 991 3345 ejus
1024 3276 1284 3347 periculo
1317 3279 1636 3338 animarum
1669 3298 1869 3341 eorum

222 3364 549 3421 avertebat.
576 3363 721 3419 Filio
745 3371 935 3419 autem
957 3365 1071 3435 jam
1097 3373 1399 3438 coronato,
1427 3378 1758 3440 suggestum
1781 3379 1869 3430 est

220 3450 273 3507 ei
309 3465 339 3507 a
370 3452 571 3508 multis
603 3456 662 3507 et
696 3452 959 3508 maximis
990 3454 1346 3525 primoribus
1377 3460 1560 3528 regni,
1598 3464 1655 3516 ut
1690 3462 1874 3519 ecclo—

221 3541 327 3597 siae
355 3542 647 3612 Romanae,
677 3542 842 3612 cujus
871 3547 996 3597 erat
1032 3549 1199 3614 pater
1227 3559 1368 3602 suus
1398 3552 1510 3601 tam
1542 3547 1748 3619 longus
1777 3551 1876 3606 im-

217 3635 533 3700 pugnator,
558 3632 682 3700 ipse
701 3631 866 3686 fieret
888 3630 1075 3687 fidelis
1094 3632 1385 3703 defensor,
1410 3636 1606 3706 sicque
1631 3645 1875 3708 praeten-

217 3717 465 3774 deretur
504 3717 572 3751 ¹⁴⁰
606 3718 717 3774 sibi
759 3717 1013 3775 melioris
1054 3736 1246 3777 causae
1286 3722 1679 3781 defensionem
1722 3734 1873 3797 patri

215 3806 623 3877 repugnando.
654 3808 1018 3877 Suggestioni
1043 3811 1340 3866 consensit
1359 3812 1609 3884 juvenis,
1637 3815 1872 3875 laetatus

218 3894 330 3953 sibi
353 3894 533 3951 licere
555 3900 614 3951 ut
638 3897 956 3952 obsisteret
978 3898 1152 3967 patri,
1172 3900 1618 3972 aggregatisque
1639 3906 1874 3974 quibus-

222 3981 353 4039 dam
384 3984 716 4040 fautoribus
746 3984 867 4040 suis
900 3985 1135 4039 transiit
1157 3986 1398 4055 Renum,
1422 3994 1479 4043 et
1504 3990 1760 4048 Saxones
1784 3994 1873 4049 vel

228 4084 635 4142 quoscumque
667 4078 905 4129 noverat
938 4087 967 4128 a
1003 4078 1167 4144 patre
1197 4090 1305 4131 suo
1337 4076 1678 4136 multoticns
1712 4082 1875 4151 prius

221 4160 537 4230 injuriatos
560 4176 754 4218 secum
783 4161 862 4217 illi
888 4162 1277 4220 rebellaturos
1302 4167 1516 4221 emovit
1541 4167 1659 4235 (an.
1692 4174 1869 4244 110:5).

215 4248 397 4306 Pater
419 4255 612 4306 autem
636 4256 939 4322 assumpto
968 4252 1161 4307 Leodii
1185 4252 1401 4308 Oberto
1425 4270 1555 4310 cum
1580 4258 1723 4328 suis,
1756 4259 1875 4315 col-

210 4336 385 4394 lectis
416 4338 590 4394 etiam
625 4339 838 4410 quibus
869 4348 1186 4412 utcumque
1216 4342 1529 4399 videbatur
1555 4345 1744 4402 adhuc
1775 4348 1873 4403 do-

220 4424 452 4495 minari,
497 4427 746 4483 transito
775 4432 830 4482 et
866 4428 990 4500 ipse
1020 4431 1178 4485 Reno
1210 4445 1313 4502 per
1342 4432 1675 4501 superiores
1707 4436 1870 4503 regni

213 4511 363 4569 fines
400 4514 609 4570 itinere
650 4515 977 4586 quindtcim
1019 4518 1242 4575 dierum
1282 4526 1632 4590 prosecutus
1666 4522 1869 4594 filium,

210 4601 575 4659 sollicitabat
618 4605 1009 4674 provinciales
1039 4607 1106 4663 ad
1147 4607 1388 4663 bellum.
1425 4610 1697 4666 Evocatis
1730 4626 1869 4668 vero

208 4688 579 4759 principibus
608 4690 930 4762 regionum,
964 4709 1092 4749 cum
1124 4694 1212 4750 eis
1243 4696 1696 4766 praesentialiter
1725 4697 1869 4753 indi-

208 4782 373 4833 ceret
402 4776 861 4835 decertationem
888 4779 1173 4838 adversus
1198 4783 1399 4853 filium,
1435 4786 1865 4855 responderunt

206 4863 294 4921 illi
320 4864 392 4920 ad
416 4865 527 4921 hoc
552 4867 823 4937 compelli
848 4882 949 4925 eos
972 4884 1078 4926 nec
1102 4871 1315 4927 debere
1338 4886 1443 4927 nec
1470 4888 1665 4944 posse,
1689 4888 1867 4943 quan-

207 4953 523 5024 doquidem
568 4969 769 5011 omnes
805 4955 858 5010 in
890 4972 1197 5014 commune
1227 4961 1490 5031 ejusdem
1533 4961 1633 5016 filii
1675 4977 1866 5019 sacra-

1988 1847 2092 1918 illi,
2119 1863 2452 1919 secumque,
2490 1855 2551 1904 ut
2579 1857 2704 1904 erat
2738 1850 3099 1907 vehementis
3131 1854 3328 1923 animi,
3363 1856 3531 1911 nimis
3557 1862 3643 1913 te-

1987 1952 2143 1990 mere
2166 1937 2449 2006 nimisque
2472 1937 2870 2007 imprudenter
2896 1939 3161 1995 lteodinm
3185 1942 3459 2009 adduxit;
3487 1946 3642 2014 quod

1984 2040 2046 2081 se
2073 2026 2359 2095 poenitere
2383 2041 2511 2081 cum
2542 2024 2716 2080 vellet
2745 2041 2854 2081 non
2889 2027 3072 2082 licuit.
3104 2030 3241 2084 Nam
3276 2038 3491 2100 prieter
3517 2034 3644 2102 ejus

1986 2128 2338 2182 suorumque
2363 2113 2654 2184 impensas
2674 2115 2955 2183 gravabat
2980 2130 3109 2170 eum
3133 2120 3489 2186 permaxime
3514 2137 3646 2191 pro-

1983 2201 2320 2256 vincialium
2343 2201 2666 2273 principum
2686 2202 2896 2257 ibidem
2914 2206 3382 2261 convenientium
3406 2210 3648 2267 assidui-

1986 2293 2092 2358 tas,
2131 2303 2278 2359 quos
2309 2292 2365 2343 et
2401 2289 2527 2359 ipse
2561 2288 2715 2345 ultro
2759 2293 3118 2346 convocabat
3161 2298 3221 2347 ut
3261 2294 3646 2356 subvenirent

1985 2376 2108 2445 regi
2139 2376 2449 2447 destituto,
2485 2392 2664 2446 agens
2693 2383 2752 2433 et
2785 2378 2953 2433 denis
2981 2385 3039 2434 et
3071 2381 3374 2451 promissis
3404 2398 3475 2438 ne
3506 2401 3644 2442 con-

1985 2464 2414 2521 frederarentur
2437 2466 2572 2522 filio.
2592 2466 2770 2523 Filius
2792 2468 3012 2524 interea
3034 2484 3162 2525 cum
3187 2470 3355 2527 factae
3377 2473 3486 2527 sibi
3510 2473 3643 2530 fide-

1983 2552 2135 2607 litati
2157 2553 2229 2609 ab
2250 2554 2468 2610 Oberto
2487 2556 2816 2625 ceterisque
2839 2557 3202 2628 principibus
3219 2560 3563 2629 conlidi-ret,
3580 2566 3641 2620 et

1981 2642 2178 2697 Leodii
2212 2648 2351 2699 tunc
2380 2645 2559 2699 Pasca
2591 2644 3001 2700 celebrandum
3030 2645 3375 2714 destinaret,
3404 2648 3527 2718 ipse
3554 2663 3641 2706 re-

1982 2731 2181 2788 sidens
2216 2733 2396 2803 Aquis
2424 2737 2729 2788 trecentos
2764 2734 2881 2789 fere
2913 2734 3257 2805 optimatum
3293 2751 3530 2792 suorum
3565 2739 3639 2796 ad

1982 2822 2183 2876 urbem
2208 2821 2514 2891 praemisit,
2540 2826 2601 2875 et
2622 2821 2729 2877 hoc
2758 2822 2897 2877 feria
2924 2823 3125 2892 quinta
3159 2823 3395 2893 majoris
3424 2825 3641 2883 hebdo-

1981 2910 2164 2964 madte
2198 2908 2403 2978 (Μανι.
2428 2913 2539 2981 22).
2571 2911 2694 2965 Dux
2720 2911 3001 2966 Henricus
3036 2910 3184 2983 (209)
3218 2927 3248 2967 a
3275 2913 3393 2969 tilio
3421 2915 3640 2972 subdu-

1982 3002 2115 3053 ctus
2136 3013 2263 3052 cum
2292 3003 2456 3068 patre
2478 3002 2619 3053 tunc
2646 2998 2840 3054 Leodii
2868 2997 3226 3055 morabatur.
3267 3002 3365 3056 Hic
3398 3001 3638 3061 hortatu

1983 3085 2213 3140 Otberti
2239 3087 2292 3139 in
2319 3090 2580 3156 tempore
2603 3086 2949 3141 conficiendi
2980 3087 3339 3158 chrismatis,
3371 3089 3640 3150 collectis

1984 3188 2178 3230 secum
2230 3173 2584 3230 militaribus
2637 3175 2887 3240 auxiliis,
2943 3176 3153 3231 emotis
3195 3178 3369 3232 etiam
3416 3179 3639 3237 Viribus

1981 3261 2239 3331 ejusdem
2281 3262 2561 3331 civitatis,
2594 3262 2678 3319 eis
2721 3272 2953 3334 pontem
2996 3264 3336 3320 Visuensem
3370 3267 3511 3336 (210)
3547 3268 3639 3324 ad-

1981 3350 2361 3405 ventantibus
2403 3351 2681 3419 occurrit,
2728 3350 2961 3421 illisque
3003 3354 3168 3422 paene
3212 3352 3540 3411 interfectis
3577 3360 3640 3411 et

1985 3439 2331 3505 submersis,
2366 3439 2669 3493 maximam
2703 3440 2927 3495 cladem
2952 3454 3128 3510 regno
3155 3440 3371 3509 intulit,
3407 3442 3636 3513 sibique

1985 3532 2042 3583 et
2068 3527 2273 3597 patriae
2300 3526 2695 3583 inexorabiles
2719 3528 3061 3606 inimicitias
3080 3530 3382 3585 conscivit.

2053 3636 2139 3690 98.
2185 3634 2356 3703 (120.)
2398 3632 2605 3687 Eodem
2642 3648 2791 3688 anno
2827 3634 3101 3689 Arnnlfns
3142 3650 3337 3691 comes
3379 3636 3639 3693 Chisnia-

1984 3722 2175 3778 censis
2200 3721 2255 3776 in
2281 3722 2387 3776 hoc
2411 3720 2537 3777 loco
2560 3722 2833 3777 Kalendis
2857 3722 3072 3791 Aprilis
3099 3724 3417 3780 monachus
3448 3725 3635 3782 factus

1985 3814 2052 3866 16
2076 3809 2360 3865 Kalendas
2385 3810 2506 3864 Maii
2534 3810 2696 3865 obiit.
2737 3811 2860 3880 ipse
2884 3817 3018 3865 ante
3044 3825 3226 3865 annos
3250 3812 3635 3883 quadraginta

1985 3898 2190 3955 cellam
2217 3899 2533 3967 Pirensem,
2562 3903 2625 3953 ut
2647 3898 2990 3969 praedictum
3015 3904 3104 3954 est
3129 3898 3298 3969 (211),
3328 3900 3498 3955 beato
3526 3902 3638 3959 llu-

1986 3986 2153 4042 bi-rto
2186 3986 2453 4056 legaliter
2476 3987 2528 4040 in
2557 3992 2899 4057 perpetuum
2929 3986 3248 4041 habendam
3279 3988 3631 4060 contulerat,

1984 4079 2239 4144 tuncque
2271 4076 2594 4131 moriturus
2628 4074 2874 4145 pretium
2920 4074 3117 4130 decem
3162 4075 3441 4131 librarum
3474 4075 3632 4132 dedit

1983 4164 2249 4221 ecelesnae
2274 4164 2326 4218 in
2351 4162 2747 4219 elemosinam.
2772 4164 2837 4217 Et
2857 4163 2990 4233 quia
3016 4162 3168 4219 filius
3189 4163 3315 4231 ejus
3336 4164 3474 4220 Otto
3497 4171 3633 4222 tunc

1983 4266 2110 4307 cum
2133 4251 2381 4307 lleurico
2402 4252 2652 4307 Coloniae
2677 4252 3033 4321 morabatur,
3056 4251 3393 4322 nullumque
3418 4252 3631 4309 donum

1983 4340 2324 4396 hereditarii
2350 4340 2500 4409 juris
2529 4342 2715 4395 facere
2746 4344 2975 4410 poterat
3008 4339 3133 4396 sine
3162 4340 3288 4409 ejus
3317 4356 3627 4413 consensu,

1984 4444 2085 4501 per
2124 4432 2514 4500 obsequentes
2558 4428 2759 4484 fideles
2802 4428 3095 4483 mandavit
3137 4429 3384 4499 absenti,
3434 4435 3494 4483 ut
3530 4445 3632 4501 per

1984 4520 2152 4574 fidem
2186 4520 2439 4574 debitam
2474 4518 2624 4588 patri
2661 4532 2763 4588 pro
2791 4517 2977 4571 anima
3013 4531 3116 4571 sua
3152 4517 3507 4572 deliberaret.
3537 4518 3632 4574 de-

1980 4608 2184 4663 cimam
2226 4606 2295 4661 dc
2331 4606 2558 4662 Fescals
2589 4612 2649 4660 et
2682 4611 2934 4660 montem
2972 4604 3195 4659 Floheri
3230 4604 3399 4676 (212).
3440 4605 3633 4661 Pridie

1979 4701 2172 4752 autem
2194 4695 2478 4751 Kalendas
2495 4696 2619 4751 Maii
2644 4694 2795 4765 apud
2819 4700 3078 4748 castrum
3102 4692 3334 4747 liolbcm
3358 4693 3505 4764 (213)
3526 4695 3631 4750 sub

1979 4783 2192 4840 Leodio
2221 4783 2366 4839 obiit
2398 4798 2595 4838 comes
2629 4784 2783 4839 Ceno
2816 4781 2963 4851 (214)
3000 4780 3120 4849 (αη.
3156 4784 3313 4848 1106,
3345 4783 3484 4850 Apr.
3516 4782 3627 4853 30),

1977 4872 2229 4944 indeque
2252 4887 2315 4929 se
2340 4876 2574 4942 petente
2600 4871 2837 4936 relatus,
2859 4870 3128 4940 sepultus
3150 4872 3240 4924 est
3265 4868 3543 4923 Dinanum
3563 4868 3630 4903 ιιι

1978 4962 2089 5018 sibi
2124 4962 2220 5017 diu
2255 4961 2384 5017 loco
2416 4961 2627 5016 electo.
2673 4960 2780 5026 Qui
2826 4964 2960 5015 ante
2994 4959 3194 5014 decem
3227 4970 3408 5012 annos
3438 4956 3629 5014 iturus

1569 5061 1807 5115 VARLE
1839 5060 2242 5116 LECTIONES.

274 5153 345 5188 ιω
376 5154 503 5229 lege
532 5150 953 5228 praetenderet.
1036 5159 1104 5193 ²⁴ί
1134 5160 1306 5218 dinan
1340 5168 1396 5218 1.

1794 5235 2018 5293 ΝΟΤᾸΒ.

196 5316 435 5442 “ﬁgo-7)
459 5316 600 5372 Post
622 5315 843 5373 Pascha
869 5317 1142 5376 Leodium
1163 5322 1344 5393 venit,
1370 5323 1690 5381 secundum
1714 5325 1858 5381 Ann.

298 5458 427 5531 208)
453 5457 836 5531 Bockenheim
850 5501 863 5516 .

297 5529 428 5600 209)
456 5529 870 5600 Ιμοιὴβῐιὶηεῑω.

270 5597 424 5670 (⁷210)
470 5597 625 5657 Vict.
670 5597 759 5656 ad'
774 5602 1007 5673 Mosam,
1033 5601 1331 5674 aliquanto
1352 5620 1528 5678 supra
1552 5606 1856 5667 Leodium.

2068 5327 2479 5396 211)Cap.15.

2068 5328 2168 5380 211
2224 5327 2479 5396 Cap.15.

2045 5324 2198 5465 (212)
2225 5397 2531 5453 I’rschaua:
2551 5399 2612 5450 et
2633 5393 2987 5452 Floltimont.
3015 5393 3087 5447 R.

2048 5467 2195 5537 (213)
2220 5467 2492 5525 Del/um.
2522 5467 2585 5523 R.

2048 5538 2128 5610 (21
2141 5541 2193 5611 ι)
2220 5538 2427 5595 Montis
2454 5537 2630 5595 acuti.
