1933 3083
571 165 924 212 TRADITIO
967 165 1382 215 CATHOLICA.

695 265 906 296 SECULUM
918 266 1008 303 XIV,
1031 266 1171 297 ANNUS
1186 267 1273 298 1375.

782 445 1189 509 ELENCHUS

258 562 508 593 AUCTORUM
522 562 580 591 ET
595 562 788 592 OPERUM
809 563 887 600 QUI
906 564 956 593 IN
970 564 1066 603 HOC
1089 563 1218 593 TOMO
1243 562 1351 594 οιιν
1372 563 1709 596 CONTINENTUR.

861 657 966 668 —-—

968 656 1104 670 οσ-

609 728 785 760 JOANNES
803 730 1104 762 CANTACUZENUS
1122 731 1204 762 IMP.
1222 731 1280 763 CP.

232 789 378 821 Historia;
393 790 569 829 Byzantime
587 791 792 823 continuatio.
1587 796 1648 830 col.
1710 797 1730 828 9

230 843 341 872 Contra
367 847 481 873 sectam
499 843 735 874 Mahometicam
764 851 823 879 pro
844 843 1020 875 Christiana
1048 843 1201 883 religione
1230 844 1392 885 Apologia)
1421 849 1574 886 quatuor,
1613 857 1651 879 ex

270 893 408 924 editione
426 893 598 924 Basileensi
615 894 689 923 anni
711 893 796 928 1543.
816 894 900 932 apud
916 896 1070 926 Joannem
1087 895 1275 932 Oporinum.
1668 898 1724 929 371

228 943 344 974 Contra
362 943 576 973 Mahometem.
592 944 749 974 orationes
763 949 908 983 quatuor.
927 953 964 975 ex
980 945 1088 976 eadem
1107 945 1258 975 editione.
1667 950 1726 980 583

228 995 341 1025 Contra
358 994 495 1025 Barlaam
520 999 549 1025 et
566 995 777 1034 Auindynum,
796 995 854 1025 sub
875 995 946 1029 ﬁcto
968 995 1097 1025 nomine
1113 995 1301 1027 Christoduli
1327 997 1485 1029 monachi.
1508 999 1553 1030 Cf.
1579 999 1648 1030 Mo-

267 1045 366 1076 nitum
383 1042 556 1077 Editorum.
1669 1053 1725 1083 693

569 1100 739 1130 PHILOTH
746 1100 819 1130 EUS
835 1099 1084 1130 CPOLITANUS
1101 1099 1247 1129 PATRIA
1255 1099 1371 1132 RCIIA.

227 1150 336 1181 Sermo
349 1150 380 1180 in
399 1150 621 1180 Exaitationem
638 1151 755 1180 Crucis.
1669 1154 1726 1186 719

230 1201 272 1231 De
287 1201 442 1231 mandatis
460 1203 495 1232 D.
513 1203 551 1232 N.
569 1202 644 1231 Jesu
659 1201 781 1232 Christi.
1668 1205 1725 1235 729

225 1255 307 1285 Ordo
324 1254 402 1285 sacri
419 1255 594 1285 ministerii.
1668 1258 1728 1288 ’745

225 1306 374 1336 Lauilatio
389 1305 481 1336 trium
502 1306 680 1342 Doctorum,
703 1306 810 1337 Basilii
828 1305 957 1342 scilicet,
981 1305 1123 1346 Gregorii
1145 1308 1176 1337 et
1193 1306 1323 1338 Joannis
1338 1305 1564 1347 Chrysostomi.
1666 1309 1726 1340 767

226 1357 383 1388 Refulatio
400 1356 737 1388 Anathemalismorum
758 1357 997 1396 Harmenopuli.
1665 1360 1722 1391 821

228 1406 376 1442 (Pliilothei
391 1411 482 1433 contra
498 1407 646 1443 Grecorum
665 1408 909 1443 Ant‘rrlrvtirorum
929 1409 987 1434 libri
1003 1407 1059 1441 XII.
1076 1409 1198 1443 ejusdem
1213 1408 1373 1436 Eucomium
1388 1409 1511 1443 Gregorii
1530 1409 1646 1438 Palama':

271 1447 380 1479 exstant
394 1443 418 1468 in
435 1442 599 1479 ωιτη-(ξμς
620 1443 740 1476 ejusdem
759 1442 817 1470 Vita
836 1443 863 1470 S.
883 1443 1008 1470 Deinetrii
1028 1442 1157 1479 martyris
1174 1445 1202 1471 in
1220 1449 1294 1472 torno
1308 1443 1394 1477 CXV;
1415 1442 1537 1479 ejusdem
1555 1446 1645 1479 diplo-

272 1483 343 1504 mata
364 1478 390 1504 in
407 1481 480 1504 tonio
493 1477 584 1511 CLII.)

777 1513 1003 1544 DEMETRIUS
1022 1514 1223 1546 CYDONIUS.

222 1561 345 1592 Nomia
364 1571 403 1592 ex
421 1561 617 1593 Bibliotheca
634 1563 789 1595 Fabricii.
1667 1568 1726 1599 825

224 1611 266 1640 De
283 1612 486 1650 processione
500 1612 634 1651 Spiritus
658 1613 759 1643 sancti
777 1613 925 1644 adversus
940 1614 1126 1652 Gregorium
1142 1613 1310 1645 Palamam.
1667 1618 1725 1648 835

223 1661 265 1692 De
288 1663 399 1693 endem
425 1667 623 1701 argumento,
650 1664 686 1693 ad
708 1671 762 1694 eos
777 1664 830 1703 qui
858 1665 965 1696 dicunt
993 1666 1106 1697 Filium
1134 1665 1189 1696 Dei
1220 1673 1282 1696 non
1309 1673 1379 1696 esse
1408 1674 1447 1697 ex
1475 1667 1646 1699 substantia

264 1712 372 1743 Patris.
1665 1720 1721 1751 863

224 1761 373 1802 Ejusdem
395 1763 571 1801 argumenti
588 1763 728 1803 Epistola
743 1764 781 1795 ad
802 1765 1010 1803 Barlaamum,
1029 1776 1101 1807 qum
1119 1771 1219 1799 exstat
1237 1769 1321 1800 inter
1334 1768 1481 1807 epistolas
1493 1769 1645 1801 Barlaami

263 1815 340 1842 tom.
357 1812 428 1843 CLI.

221 1862 325 1893 Oratio
344 1863 381 1893 ad
399 1871 472 1894 suos
487 1863 526 1894 de
540 1863 735 1894 admittendo
750 1868 858 1896 contra
871 1867 985 1898 Turcas
1001 1868 1179 1898 Latinorum
1196 1869 1348 1900 subsidio.
1665 1872 1721 1905 959

224 1913 328 1944 Oratio
345 1914 547 1945 deliberativa
567 1914 606 1944 de
627 1923 689 1945 non
707 1917 863 1946 reddenda
883 1918 1039 1956 Gallipoli,
1061 1923 1186 1957 petente
1206 1921 1329 1952 sultano
1344 1923 1504 1955 Amurate.
1649 1924 1723 1956 1009

223 1963 395 1994 Translalio
412 1964 483 1994 libri
499 1963 604 1995 fratris
622 1965 760 2003 Ricardi,
777 1967 896 1998 ordinis
918 1968 1174 2006 Prtedicatorum,
1190 1975 1297 2002 contra
1314 1972 1483 2006 Mahometi
1496 1975 1644 2012 asseclas,

263 2022 302 2044 ex
321 2014 462 2044 editione
477 2014 662 2052 Basileensi,
685 2016 724 2047 de
740 2025 803 2056 qua
821 2017 890 2048 vide
907 2019 972 2048 not.
990 2019 1028 2049 ad
1046 2020 1106 2052 col.
1133 2020 1199 2052 371.
1216 2022 1342 2053 Accedit
1363 2024 1546 2055 Christianae
1570 2025 1643 2056 ﬁdei

263 2065 419 2095 confessio
433 2064 512 2095 facta
527 2066 700 2098 Saracenis.
718 2071 719 2074 ‘
1332 2101 1336 2105 .
1647 2077 1722 2109 1035

226 2115 271 2144 De
287 2115 516 2145 contemnenda
539 2119 650 2148 morte.
1646 2129 1722 2161 1169

223 2166 364 2206 Epistola
378 2166 415 2197 att
436 2175 587 2206 magnum
608 2168 822 2208 primicerium
839 2171 1037 2210 Pbacrasem,
1054 2175 1275 2210 ThessMonica
1301 2180 1415 2220 scripta
1443 2189 1516 2212 cum
1531 2183 1625 2212 Amu-

263 2220 344 2248 rates
360 2216 387 2246 ll
410 2219 521 2248 urbem
537 2218 704 2251 obsidione
719 2220 870 2259 cingeret.
893 2224 937 2254 Ex
955 2225 1029 2255 edit.
1045 2226 1118 2257 elar.
1135 2228 1231 2258 Hasii.
1364 2216 1374 2220 ’
1648 2231 1723 2261 1313

713 2285 895 2317 MAXIMUS
917 2286 1205 2321 CHRYSOBERGA
1212 2314 1219 2322 .

224 2345 268 2375 De
286 2345 488 2384 processione
504 2346 641 2386 Spiritus
655 2347 753 2380 sancti
769 2349 806 2380 ad
823 2349 1003 2382 Cretenses.
1026 2353 1071 2384 Cf.
1091 2355 1244 2386 Monitum
1260 2356 1434 2390 Editorum.
1650 2360 1725 2392 1217

500 2410 754 2444 PHILOTHEUS
769 2414 1085 2448 SELYMBRIENSIS
1102 2419 1450 2454 ARCHIEPISCOPUS.

221 2472 331 2503 Oratio
347 2473 379 2503 in
395 2474 426 2505 ε.
444 2472 690 2514 Agathonicum,
705 2484 745 2507 ex
760 2478 836 2508 Cod.
858 2478 911 2510 Gr.
932 2480 1077 2519 Nanian.,
1093 2491 1125 2522 p.
1144 2482 1212 2521 531,
1238 2484 1342 2516 addita
1367 2485 1624 2526 interpretatione

263 2527 380 2556 nostra.
719 2566 756 2570 Δ
912 2568 919 2570 _
1667 2540 1723 2570 229

716 2566 893 2600 JOANNES
911 2568 1175 2604 PALI‘EOLOGUS
1189 2574 1271 2605 IMP.

224 2613 382 2644 Professio
400 2615 484 2653 ﬁdei,
500 2624 571 2646 cum
591 2617 723 2647 Romam
743 2619 781 2649 ad
803 2618 1005 2658 ﬂagitandam
1032 2623 1071 2654 ab
1091 2623 1217 2656 Urbano
1237 2625 1260 2655 V
1275 2633 1367 2665 Opem
1396 2627 1624 2666 adnavigasset.

259 2672 366 2695 coram
386 2665 558 2699 Guillelmo
574 2667 708 2698 Ostiensi
728 2668 879 2709 episcopo
895 2672 986 2703 dicta.
1519 2665 1524 2666 ⁷
1647 2679 1721 2710 1237

1020 2804 1223 2812 *μη-..⁷,-

1329 2808 1570 2815 -___._._.-_...._
1577 2809 1707 2816 bu...‘
1730 2809 1772 2816 .—

1138 2828 1257 2857 l‘arisiil.
1272 2843 1306 2851 —
1320 2829 1360 2857 Ex
1377 2829 1459 2865 Τνρῑο
1473 2829 1544 2860 1.-Ρ.
1560 2832 1672 2860 “IGNE.
