1933 3083
140 96 176 127 23
727 95 902 128 'JOANNlS
921 98 1181 131 CANTACUZENI
1721 106 1758 138 ΞΖ

139 154 269 181 trimento
284 153 335 181 fuit
350 153 533 182 Romanorum
564 154 775 190 imperatoribus
794 155 912 190 longissi:

977 166 1022 184 σαι
1037 159 1088 194 τὴν
1105 159 1235 194 ἀλήθειαν
1259 160 1333 195 αὑτῷ
1354 161 1400 188 καὶ
1414 162 1459 189 cev
1476 162 1561 194 ἔλεον,
1575 163 1622 190 καὶ
1638 173 1756 200 καταφι-

139 209 184 229 mo
198 205 321 236 tempore
356 201 520 236 ampliﬁcata
544 201 690 230 discordia.
721 202 839 229 Proinde
868 203 920 229 etsi

137 248 262 281 qua‘dam
283 248 400 275 nefanda
416 247 538 275 l‘acinora
549 248 582 275 de
601 248 738 275 nominato
754 256 768 275 a
785 256 827 275 me
844 255 920 275 scre-

138 295 254 322 nissimo
287 295 450 329 imperatore
481 299 509 322 et
543 298 659 329 augusto
684 294 795 321 domino
816 294 920 322 Joanne

137 341 329 369 Cantacuzeno
340 340 397 376 (qui
413 341 495 373 etiam
517 345 594 374 pater
605 347 679 367 nunc
694 345 736 367 est
750 341 919 368 serenissimi

136 386 310 421 imperatoris
339 390 367 413 et
385 385 492 419 augusti
531 385 717 412 Romanorum
737 385 848 413 Joannis
870 385 920 411 P.1-

136 432 263 466 lzeologi),
277 431 414 459 sanctitati
430 436 482 458 tua:
508 436 616 458 narrata
637 435 711 464 sunt,
728 436 802 459 certe
814 439 920 466 nequa~

133 487 216 513 quam
239 479 416 510 admittenda,
436 478 552 505 necullo
568 478 647 505 modo
678 478 814 505 credenda
842 483 916 504 sunt.

133 524 259 551 Arbitror
290 524 362 550 enim
393 522 588 550 beatitudinetn
607 527 680 549 tuam
696 522 729 549 de
741 523 782 550 his
801 523 836 550 ab
851 523 917 557 ipsis

133 570 253 598 dominis
285 570 551 603 imperatorihusque
576 569 678 597 nostris
693 570 750 596 sive
771 577 820 604 per
844 569 918 605 lcga-

133 621 186 647 tns.
202 616 259 643 sive
284 623 330 649 per
346 615 449 642 litteras
474 615 560 649 probe
575 619 603 641 et
625 615 717 641 verius
731 619 812 649 atque
836 614 917 649 liqui-

134 661 198 688 dius
227 661 313 687 nihilo
342 660 436 687 minus
465 659 648 694 cognituram.
677 658 740 686 Hzec
752 659 785 686 ad
817 667 915 694 papam

132 709 298 736 Clementem
320 706 354 733 Vl
372 706 585 733 Bartholommus
596 706 630 732 de
641 705 860 740 imperatoribus.
875 705 915 732 Ad

130 754 280 781 lmL-ertum
309 759 399 780 autem
430 752 563 779 Dellinum
590 751 794 788 Viennensem,
818 759 832 778 τι
861 759 916 786 quo

132 801 337 834 etiantlcgatus
350 799 382 825 ad
413 799 517 825 Annam
537 797 743 832 imperalricem
775 797 859 829 venit,
888 797 914 823 in

130 891 229 926 jubilet
253 890 397 922 hilariter;
422 889 522 923 psallat
545 889 768 916 Christianorum
794 889 912 921 chorus;

130 937 211 972 710
228 936 254 962 in
283 934 465 963 sacrosanctis
491 935 615 961 ecclesiis
652 933 828 961 illustrissimi
855 934 915 960 dies

129 982 191 1008 festi
206 986 392 1013 renoventur;
409 979 510 1006 feriant
525 979 615 1007 sidera
640 979 798 1014 psalmodia'.
817 986 826 1012 ;
850 984 915 1006 cant

130 1028 201 1054 ccelo
214 1025 409 1054 monachorum
425 1032 525 1059 organa
539 1034 548 1058 ς
569 1024 716 1052 volvantur
730 1032 779 1059 per
790 1024 912 1063 omnium

129 1081 190 1104 ora,
211 1080 375 1107 omnemque
397 1072 577 1099 circumcirca
603 1072 741 1107 regionem
766 1078 914 1106 pervagen-

130 1125 175 1147 tur
192 1120 232 1147 ha:
246 1119 376 1153 iucundae
392 1125 552 1154 pane-gyros,
568 1123 596 1146 ut
611 1118 787 1153 gaudentium
811 1118 914 1145 clamor

129 1173 185 1192 non
199 1173 213 1192 a
230 1165 411 1191 terreslribus
423 1164 523 1195 solum,
538 1164 585 1191 sed
599 1164 682 1191 etiam
709 1171 723 1190 a
754 1163 914 1190 cmlcstibtts

129 1211 234 1238 civibus
251 1210 425 1238 exaudiatur.
437 1209 536 1236 Audite
549 1209 641 1244 igitur,
654 1208 726 1240 ςωιι,
738 1217 798 1244 quae
806 1209 913 1243 loquar,

127 1262 158 1286 et
170 1257 262 1284 audiat
281 1262 353 1284 terra
367 1255 456 1282 verbis
473 1255 529 1282 oris
544 1255 608 1282 mei.
624 1255 659 1281 At
683 1255 755 1281 enim
776 1256 836 1289 quis
857 1263 913 1282 non

128 1304 248 1330 libenter
263 1302 367 1334 audiat,
394 1301 456 1336 quis
472 1309 526 1328 l|0n
543 1301 659 1328 sollicite
682 1301 764 1329 dictis
784 1301 914 1329 adhibeat

129 1349 261 1381 animum,
279 1348 378 1375 factam
391 1354 451 1374 esse
465 1347 571 1374 scilicet
586 1355 695 1374 manum
709 1347 814 1375 Domini
830 1355 913 1382 super

130 1395 282 1422 llotnanuni
301 1394 457 1428 imperium.
474 1393 538 1428 quia
553 1393 611 1421 dies
627 1394 791 1420 illuminavit
804 1399 912 1421 nectent

129 1447 157 1469 et
178 1438 309 1476 splendor
332 1440 435 1475 iugavit
465 1440 612 1471 tenebras.
645 1439 858 1475 sedentibusque
884 1440 911 1467 in

975 204 1056 238 λῆσαι
1071 206 1183 240 είρήνην
1200 215 1229 232 τε
1241 207 1286 233 καὶ
1297 207 1482 243 δικαιοσύνην.
1504 209 1576 243 Ἐγὼ
1592 210 1624 243 δὴ
1639 211 1756 238 πέποιθα

972 251 1046 278 τοῦτ’
1062 249 1133 278 εἶναι
1146 251 1247 285 μᾶλλον
1266 253 1336 287 ὑπὲρ
1361 254 1474 287 εἰρήνης
1499 255 1545 280 καὶ
1562 257 1756 288 καταστάσεως

971 297 1019 323 τοῦ
1037 297 1196 331 σύμπαντος
1212 295 1406 332 Χρίστιανικοΰ
1421 299 1497 332 λαοῦ,
1517 301 1563 326 καὶ
1579 303 1618 332 εἰς
1632 302 1753 328 ἐπίδοσιν

971 343 1018 369 τοῦ
1035 345 1106 370 κατὰ
1129 344 1184 370 τῶν
1202 345 1307 379 ἐχθρῶν
1331 345 1378 371 τοῦ
1403 347 1520 381 σταυροῦ
1543 347 1686 381 τροπαίου,
1700 347 1753 373 ὦσ-

970 398 1024 424 περ
1039 390 1070 416 οὐ
1087 391 1189 425 μικρὰν
1203 390 1252 424 τὴν
1264 391 1367 425 ζημίαν
1378 392 1527 426 εἰργάσατο
1543 394 1598 422 τοῖς
1611 392 1752 427 βασιλεῦσι

976 437 1162 471 Ῥωμανίαςή
1182 437 1279 472 χρόνον
1302 439 1348 463 ἐπὶ
1376 438 1501 464 πλεῖστον
1535 438 1685 472 αὐξηθεῖσα
1714 440 1753 465 δι-

969 483 1072 517 χόνοια.
1089 483 1185 509 Τοίνυν
1199 484 1223 509 εί
1240 484 1286 510 καί
1306 492 1366 510 τινα
1382 484 1531 518 δεδήλωται
1549 486 1581 519 τῇ
1612 486 1644 519 σῇ
1677 485 1751 518 ἁγιό-

968 537 1029 564 τητι
1046 529 1299 564 ἀρῤητουργήματα
1315 530 1385 556 κατὰ
1400 530 1445 556 τοῦ
1456 531 1655 565 προρῤηθέντος
1665 531 1751 564 γαλη-

968 574 1079 600 νοτάτου
1091 573 1223 608 βασιλέως
1235 576 1285 612 ,καὶ
1296 575 1493 609 αὐτοκράτορος
1503 575 1644 609 ⁶Ρωμαὶων
1654 577 1748 610 κυρίου

974 620 1097 647 Ἰωάννου
1121 620 1168 646 τοῦ
1183 620 1425 654 Καντακουςηνοῦ,
1450 620 1498 646 τοῦ
1524 622 1571 647 καὶ
1586 621 1685 654 πατρὶς
1704 621 1750 647 νῦν

966 664 1012 691 τοῦ
1039 665 1219 698 γαληνοτάτου
1244 665 1375 699 βασιλέως
1398 665 1444 691 καὶ
1466 666 1666 700 αὐτοκράτορος
1686 667 1751 691 Ῥω-

967 710 1055 744 μαίων
1083 710 1177 744 κυρίου
1195 710 1318 737 Ἰωάννου
1338 711 1384 738 τοῦ
1411 711 1604 745 Παλαιολόγου,
1625 711 1682 737 ἀλλ’
1704 709 1761 737 οἷνι

969 756 1100 790 μηδαμῶς
1112 754 1166 782 εἷεν
1177 756 1283 788 δεκτέα,
1298 757 1314 792 ἢ
1325 757 1473 784 πιστευτέα
1489 759 1557 784 γατά
1569 767 1628 784 τινα
1638 758 1748 792 τρόπον.

928 809 953 839 ιι
968 800 1053 836 Οἶμαι
1081 802 1136 836 γὰρ
1151 802 1190 834 ὡς
1206 803 1235 828 ὲν
1250 802 1338 838 τούτῳ
1349 804 1464 838 ϐήσεται
1478 804 1494 838 ὴ
1510 803 1543 837 σὴ
1556 804 1669 838 ἁγιότης
1684 805 1749 838 περὶ

133 847 190 873 inec
207 846 287 872 verba
307 845 412 871 litteras
427 844 502 871 dedit
519 853 526 871 :
544 843 630 871 Totus
652 843 771 870 ﬁdelium
797 843 914 879 populus
933 880 935 883 ι

965 846 1068 872 τούτων
1083 847 1173 878 καλῶς
1191 847 1268 881 παρὰ
1282 848 1337 874 τῶν
1361 848 1575 884 προρρηθέντων
1590 849 1692 875 τούτων
1703 858 1750 874 κυς

967 892 1032 926 ρίων
1047 893 1094 919 καὶ
1110 893 1255 927 βασιλέων,
1270 894 1286 928 ἢ
1301 893 1346 920 διὰ
1363 894 1515 929 πρέσϐεων,
1528 894 1545 929 ἢ
1559 894 1604 920 διὰ
1615 896 1748 929 γραμμά-

966 946 1020 963 των
1036 937 1221 973 ἀληθέστερόν
1241 947 1269 964 τε
1287 939 1334 965 καὶ
1350 939 1557 974 καθαρώτερον.
1570 939 1688 965 Τοιαῦτα
1699 939 1748 974 μὲν

964 983 1011 1010 οὖν
1026 984 1094 1017 πρδς
1109 984 1226 1011 πάππαν
1253 984 1397 1019 Κλήμεντα
1422 985 1500 1011 ἕκτον
1515 986 1529 1011 ό
1548 985 1748 1020 Βαρθολομαῖος

964 1029 1067 1064 ἔγραψε
1081 1030 1147 1064 περὶ
1158 1030 1211 1056 τῶν
1224 1021 1369 1063 βασιλέων.
1395 1031 1558 1066 Ίνιμπέρτῳ
1582 1031 1610 1056 δὲ
1626 1031 1748 1065 Δελφίνῳ

964 1074 1104 1110 Ντεόιάνᾳ
1119 1075 1185 1108 παρ’
1199 1071 1230 1101 οὗ
1248 1077 1294 1101 καὶ
1309 1074 1482 1110 πρεσϐευτὴς
1502 1076 1571 1110 πρὸς
1589 1076 1687 1102 Ἅνναν
1696 1072 1747 1110 ἦκε

964 1119 1013 1153 τὴν
1031 1119 1166 1154 βασιλίδα,
1183 1119 1270 1150 οὕτως
1283 1127 1291 1135 ·
1325 1120 1551 1151 ’Δλαλαξάτωσαν
1565 1121 1679 1155 ἄσμενοι
1693 1121 1747 1146 τῶν

963 1165 1069 1191 πιστῶν
1083 1165 1156 1194 ἄπας
1172 1166 1186 1191 ό
1199 1165 1284 1200 δῆμος
1293 1173 1302 1182 ο
1317 1165 1497 1200 ψαλλάτωσαν
1508 1167 1522 1192 ὁ
1535 1167 1613 1201 χορὸς
1625 1166 1675 1201 τῆς
1693 1167 1747 1192 τῶν

964 1211 1137 1246 Χριστιανῶν
1166 1212 1283 1242 πίστεως
1298 1220 1304 1227 ·
1337 1212 1610 1244 ἀνακαινιξέσθωσαν
1635 1212 1664 1238 ὲν
1686 1213 1747 1242 ταῖς

965 1257 1052 1292 ἱεραῖς
1064 1257 1112 1284 καὶ
1138 1257 1229 1291 ἁγίαις
1247 1257 1409 1292 ἐκκλησίαις
1441 1258 1602 1293 περιφανεῖς
1628 1258 1721 1291 ἑορταί
1738 1265 1745 1272 ·

963 1303 1115 1338 ὴχείτωσαν
1141 1304 1182 1335 εις
1205 1303 1236 1330 τὺ
1266 1303 1331 1338 ὕψος
1365 1304 1393 1330 at
1428 1303 1603 1339 ψαλμῳδίαι·
1629 1304 1664 1329 τὰ
1691 1303 1747 1329 τῶν

966 1347 1092 1383 μοναχῶν
1103 1348 1209 1383 ὄργανα
1235 1349 1430 1384 πληττέτωσαν
1450 1350 1496 1376 τὸν
1525 1350 1605 1384 ἀέρα,
1634 1350 1680 1375 καὶ
1700 1349 1745 1375 διὰ

965 1394 1100 1429 στόματος
1114 1395 1214 1421 ίτωσαν
1226 1395 1348 1428 πάντων,
1360 1397 1407 1422 καὶ
1425 1397 1515 1422 πᾶσαν
1527 1397 1578 1431 τὴν
1592 1395 1746 1430 περίχωρον

963 1439 1179 1475 διατρεχέτωσαν
1191 1441 1220 1468 αἱ
1236 1443 1381 1477 προσηνεῖς
1390 1438 1470 1468 αὗται
1479 1442 1660 1476 πανηγύρεις,
1672 1442 1747 1473 ὅπως

127 1488 249 1514 tenebris
278 1491 306 1514 et
333 1488 429 1513 umbra
452 1487 548 1513 tnortis
562 1486 607 1513 lux
630 1486 663 1512 de
678 1486 753 1513 etelis
781 1486 911 1514 ortaest?

964 1485 980 1519 ἡ
1004 1485 1064 1522 τῶν.
1081 1486 1231 1520 χαιρόντων
1246 1475 1353 1521 epotum
1370 1487 1408 1522 μὴ
1426 1487 1506 1521 μόνον
1522 1475 1598 1520 παρα
1618 1487 1672 1512 τῶν
1688 1488 1747 1512 ἐπι-

129 1534 224 1561 Videte
240 1532 379 1567 quomodo
395 1532 441 1558 lux
457 1532 514 1559 haec
526 1531 645 1566 desuper
662 1537 721 1559 orta
739 1532 783 1564 sit,
808 1536 837 1558 nt
865 1532 910 1566 qui

127 1581 204 1607 sedet
220 1587 302 1614 super
324 1586 419 1605 omnes
443 1577 669 1610 Excelsissimus.
697 1585 751 1604 non
780 1584 910 1613 apparatu

127 1624 224 1651 bellico
240 1625 341 1651 eximio
353 1645 361 1657 ,
394 1623 443 1651 sed
459 1631 507 1650 sua
531 1623 617 1658 ipsius
638 1624 738 1650 virtute
752 1624 857 1659 fmagno
883 1628 912 1650 et

127 1671 485 1706 inclytissimoimperatori,
511 1670 623 1698 domino
650 1669 749 1697 Joanni
777 1670 912 1697 Cantaur-

127 1725 209 1749 zcno,
226 1717 370 1751 eidemque
393 1715 502 1751 imperii
532 1722 561 1743 et
582 1716 757 1751 imperatoris
791 1717 910 1751 parenti,

125 1764 197 1791 hanc
212 1763 333 1790 omnium
349 1761 457 1789 urbium
469 1762 591 1797 reginam
609 1762 741 1794 traderet,
758 1766 785 1789 et
802 1762 855 1789 huc
868 1770 911 1789 us-

125 1816 178 1844 que
194 1808 287 1844 justus
301 1807 386 1842 judex
411 1807 463 1834 hoc
491 1807 517 1834 ei
542 1807 688 1842 imperium
719 1815 769 1842 pro
796 1815 911 1835 munere

125 1857 259 1884 servaret,
277 1856 307 1878 ut
322 1851 450 1878 omnibus
469 1851 520 1877 hnc
534 1858 549 1877 a
565 1851 680 1878 Domino
704 1852 770 1883 Deo.
788 1860 852 1879 ,non
878 1853 912 1880 ab

125 1899 236 1926 homine
252 1899 352 1926 factum
368 1899 449 1933 plane
465 1903 615 1926 constaret.
640 1899 685 1926 Ait
711 1900 785 1927 enim
801 1900 911 1934 sapien-

126 1945 250 1972 tissimus
278 1944 423 1977 Salomon,
460 1954 468 1970 ι
500 1943 620 1979 Tempus
649 1945 749 1980 cuique
783 1946 821 1973 rei
861 1946 912 1973 sub

126 1991 206 2022 coelo,
235 1996 262 2018 et
286 1991 378 2018 omnia
410 1991 480 2017 bona
499 1990 528 2018 in
548 1995 673 2026 tempore
699 1998 761 2019 suo.
793 1991 911 2027 Tempus

124 2036 217 2067 ﬂendi.
249 2041 277 2064 et
315 2041 422 2071 tempus
448 2036 593 2064 laetandi’.
611 2047 620 2063 ι
636 2037 681 2065 Sic
704 2037 850 2073 aliquando
884 2043 911 2076 et

123 2083 259 2114 Christus,
271 2092 281 2108 ι
296 2082 421 2109 Nondum
439 2082 513 2110 venit
538 2083 606 2110 hora
634 2091 693 2110 mea
708 2084 728 2111 ³.
755 2093 763 2109 ι
781 2084 813 2111 Ει
835 2084 909 2114 alibi.

127 2138 137 2154 ι
154 2129 242 2160 Pater.
261 2128 335 2155 venit
355 2128 437 2160 hora,
460 2132 486 2155 et
502 2127 572 2155 nunc
586 2133 628 2156 est
645 2134 673 2156 ut
684 2129 846 2156 clarilicetur
865 2129 908 2157 Fi-
924 2138 946 2166 ι)

123 2175 176 2202 lius
193 2175 289 2208 tuus‘;
304 2183 314 2200 ι
327 2175 474 2208 statimque
490 2181 597 2209 paterna
605 2182 658 2212 vox
672 2176 703 2202 ad
721 2174 831 2205 Filium.
846 2185 856 2200 ι
874 2176 909 2202 Et

123 2221 279 2252 clariﬁcavi,
292 2225 320 2248 et
332 2221 429 2248 iterum
443 2221 596 2248 clariﬁeabo
611 2221 631 2246 ⁵.
646 2230 655 2246 ›
674 2221 758 2248 Etiam
775 2221 802 2248 in
821 2222 908 2249 Evan-

125 2268 194 2303 gelio
210 2267 335 2302 legimus,
364 2265 464 2293 Joanni
478 2267 585 2294 Christo
600 2272 695 2294 nostro
710 2267 743 2294 ad
760 2267 907 2294 Iordanem

123 2313 235 2341 dicenti:
255 2322 264 2338 ι
279 2312 334 2347 Ego
349 2320 364 2339 a
387 2317 413 2340 te
428 2313 560 2347 baptizari
575 2313 670 2345 debeo,
683 2317 710 2339 et
731 2317 758 2339 tu
773 2314 851 2340 venis
874 2313 907 2341 ad

123 2358 197 2386 me“?
211 2367 220 2383 ι
233 2357 405 2392 respondisse
413 2357 548 2384 Christum
562 2366 569 2385 :
585 2367 593 2384 ι
607 2356 670 2385 Sine
680 2357 770 2392 modo;
783 2359 822 2386 sic
834 2359 907 2385 enim

122 2406 203 2433 decet
210 2412 260 2431 nos
269 2404 381 2439 implere
392 2411 501 2430 omnem
510 2404 666 2439 justitiam'.
674 2404 773 2432 iYerba
783 2405 838 2434 illa.
845 2404 908 2432 Sine

123 2451 210 2481 modo.
226 2450 347 2477 nondum
363 2450 458 2477 adesse
472 2454 577 2484 tempus
593 2449 783 2485 signilivabant
806 2451 908 2477 exalta-

123 2497 205 2524 tionis
237 2501 264 2523 et
281 2495 386 2530 glorize,
413 2495 541 2530 quoniam
558 2496 677 2522 nondum
705 2499 818 2523 venerat
841 2497 906 2523 hora

124 2542 323 2569 benedictionis
335 2546 361 2569 et
376 2543 478 2576 grati-az.
497 2541 560 2568 llaec
589 2542 670 2576 igitur
697 2542 809 2569 luminis
839 2542 906 2569 hora

124 2589 307 2616 Romanorum
321 2593 427 2615 servata
442 2593 482 2614 est
495 2587 610 2621 imperio
632 2596 638 2613 :
656 2595 691 2614 ne
705 2589 726 2614 si
746 2592 858 2623 repente
880 2593 908 2615 et

125 2634 276 2669 improviso
288 2641 387 2661 munus
399 2633 450 2660 hoc
465 2633 591 2660 ﬁdelbus
600 2634 783 2665 exhiberetur.
793 2634 908 2669 vilipen-

123 2680 245 2707 deretur.
256 2678 307 2706 llic
319 2682 372 2711 est,
384 2678 430 2713 qui
443 2677 541 2705 caelum
557 2685 588 2704 ac
600 2682 775 2713 tempestates
787 2683 906 2706 serenat.

123 2725 174 2752 llic
185 2724 242 2758 ille,
267 2725 313 2760 qui
339 2728 402 2760 post
418 2725 641 2752 lamentationem
654 2730 681 2752 et
695 2725 828 2761 lacrymas
841 2725 907 2752 laeti-

963 1531 1179 1564 γείων,ἁ).λ’ἔτι
1196 1531 1244 1558 καὶ
1269 1532 1345 1567 παρὰ
1369 1533 1423 1559 τῶν
1451 1533 1585 1567 οὐρανίων
1611 1532 1746 1566 ἀκούηται

963 1576 1088 1602 πολιτῶν.
1111 1576 1257 1603 Ἀκούσατε
1278 1577 1519 1612 τοίνυν,οὺρανοὶ,
1549 1578 1595 1603 καὶ
1625 1577 1745 1612 λαλήσω,

963 1622 1009 1648 καὶ
1023 1621 1146 1648 ἀκουέτω
1162 1622 1198 1656 γῆ
1215 1623 1326 1658 ῥήματα
1348 1624 1380 1649 ἐκ
1409 1623 1543 1656 στόματός
1573 1631 1636 1660 μου.
1664 1622 1745 1649 Ἀλλὰ

961 1667 1003 1698 τίς
1020 1668 1071 1693 οὐκ
1084 1666 1119 1693 ἂν
1135 1667 1261 1702 ἀσμένως
1275 1667 1401 1701 ἀκούσαι,
1415 1668 1456 1700 τίς
1474 1669 1524 1695 οὐκ
1545 1669 1744 1704 ἠκριεωμένως

962 1713 1090 1748 προσέξοι
1106 1714 1162 1745 τοῖς
1177 1714 1346 1748 λεγομένοις,
1364 1714 1405 1741 ὅτι
1417 1715 1477 1750 χεὶρ
1507 1715 1610 1749 Κυρίου
1633 1716 1745 1749 ἐγένετο

961 1758 1009 1784 επὶ
1024 1759 1057 1793 τῇ
1071 1757 1195 1793 βασιλείᾳ
1210 1758 1368 1794 Ῥωμαίων,
1384 1760 1431 1786 ἐπὶ
1456 1760 1495 1794 τῷ
1508 1760 1558 1795 τὴν
1574 1762 1684 1796 ἡμέραν
1695 1771 1745 1788 κα-

961 1804 1117 1838 ταφωτίααι
1133 1804 1182 1838 τὴν
1196 1804 1292 1836 νύκτα,
1314 1805 1362 1831 καὶ
1381 1805 1430 1840 τὴν
1446 1805 1628 1842 λαμπρότητα
1649 1808 1745 1844 πόρρω

961 1850 991 1875 τδ
1009 1849 1104 1880 σκότος
1118 1849 1297 1884 ποιήσασθαι,
1313 1852 1430 1882 καὶτοῖς
1453 1851 1619 1886 καθημένοις
1638 1855 1666 1880 ὲν
1682 1854 1745 1880 σκό-

960 1902 1002 1920 τει
1022 1895 1068 1920 καὶ
1089 1895 1153 1929 σκιᾷ
1168 1894 1215 1920 τοῦ
1244 1895 1359 1922 θανάτου
1381 1896 1438 1930 φῶς
1462 1897 1491 1929 ἐξ
1515 1898 1665 1932 οὐρανὼνά
1683 1908 1748 1926 ατε-

960 1939 1106 1971 ταλκέναις
1123 1940 1222 1974 Ὁρᾶτε
1235 1940 1301 1974 γοῦν
1310 1941 1383 1972 ὅπως
1395 1942 1469 1967 τουτὶ
1483 1943 1513 1968 τὸ
1528 1943 1586 1976 φῶς
1597 1944 1745 1970 ἀνατέταλ-

961 1994 1015 2021 κεν,
1031 1986 1146 2018 ἀνωθεν,
1161 1985 1199 2017 ὡς
1212 1987 1246 2022 τῇ
1265 1986 1370 2021 μεγάλῃ
1383 1987 1436 2013 τῶν
1464 1987 1555 2014 ὃπλων
1587 1991 1744 2025 κατασκευῇ

961 2032 1007 2058 τὸν
1032 2032 1078 2057 ἐπὶ
1095 2031 1198 2062 πάντας
1214 2032 1366 2066 καῦήμενον
1382 2033 1494 2067 ὕψιστον
1507 2036 1539 2069 τῇ
1554 2035 1643 2070 οἰκείᾳ.
1665 2036 1747 2062 δυνὰ-

963 2086 1008 2113 μει
1023 2078 1225 2112 παρεσχηκέναι
1238 2077 1276 2112 τῷ
1291 2079 1401 2113 μεγάλῳ
1418 2080 1646 2115 περιφανεστάτῳ
1665 2081 1743 2115 βασι-

961 2124 1003 2150 λεῖ
1020 2124 1106 2158 κυρῖῳ
1126 2123 1238 2160 Ἰωάννῃ
1257 2124 1297 2159 τῷ
1316 2123 1543 2160 Καντακουζηνῷ,
1570 2125 1608 2160 τῷ
1627 2127 1675 2152 καὶ
1695 2126 1745 2160 τῆς

964 2171 1104 2206 βασιλείας
1119 2171 1167 2197 καὶ
1180 2170 1228 2196 τοῦ
1245 2170 1378 2206 βασιλέως
1396 2172 1490 2205 πατρὶ.
1510 2171 1559 2205 τὴν
1571 2172 1686 2198 ἀπασῶν
1698 2173 1746 2205 βα-

964 2216 1127 2242 σιλεύουσαν
1138 2216 1254 2249 ταυτηνὶ
1265 2216 1353 2246 πόλιν,
1372 2216 1420 2241 καὶ
1447 2216 1529 2250 μέχρι
1547 2217 1593 2241 καὶ
1610 2217 1649 2245 εἰς
1664 2216 1744 2251 δεῦρο

961 2262 1209 2297 διατηρεῖσθαιτδν
1227 2261 1273 2288 τοῦ
1302 2262 1410 2288 δικαίου
1442 2263 1539 2297 κριτὴν
1562 2262 1600 2296 τῷ
1632 2262 1743 2296 τοιούτῳ

963 2310 1071 2345 βασιλεῖ
1084 2309 1115 2336 τὸ
1144 2312 1233 2345 παρὸν
1257 2311 1306 2345 τῆς
1325 2309 1563 2345 ἀρχῆς”δώρημα,
1591 2311 1633 2337 ἵνα
1659 2311 1744 2344 γνῶσι

963 2348 1056 2390 cati—)6);
1069 2356 1187 2386 ἅπαντες
1212 2355 1291 2382 τοῦτο
1305 2357 1380 2390 παρὰ
1395 2356 1498 2390 Κυρίου
1513 2356 1559 2382 τοῦ
1577 2357 1645 2383 Θεοῦ
1664 2347 1744 2391 γεγο-

960 2404 1015 2435 νδς,
1033 2403 1080 2429 καὶ
1095 2398 1125 2429 οὗ
1141 2403 1216 2438 παρὰ
1231 2402 1387 2437 ἀνθρώπου.
1408 2403 1477 2437 Φησὶ
1493 2403 1547 2438 γὰρ
1561 2404 1574 2429 ὀ
1587 2403 1743 2437 σοφώτατος

959 2449 1096 2484 Σολομῶν·
1110 2459 1120 2476 ι
1136 2450 1238 2484 Καιρὸς
1251 2449 1290 2484 τῷ
1307 2449 1359 2475 ὐπδ
1371 2450 1417 2476 τὸν
1432 2449 1545 2484 οὐρανὸν
1559 2452 1640 2476 παντὶ
1653 2450 1744 2485 πράγ-

960 2503 1037 2531 ματι,
1049 2495 1096 2521 καὶ
1112 2495 1201 2522 πάντα
1213 2495 1284 2520 καλὰ
1300 2496 1329 2520 ἂν
1349 2494 1438 2529 καιρῷ
1447 2495 1547 2522 αὐτῶν.
1565 2496 1742 2531 Καιρῖςθρή-

959 2550 1018 2574 νου,
1035 2542 1081 2568 καὶ
1096 2542 1192 2577 καιρὸς
1208 2540 1359 2576 χαρμονῆς,
1373 2550 1382 2567 ι
1403 2541 1496 2573 υΰτως
1511 2542 1605 2578 εἴρηκὲ
1621 2550 1685 2568 που
1695 2543 1744 2570 καὶ¹

960 2589 974 2615 ὁ
984 2588 1110 2623 Χριστὸς,
1131 2597 1141 2613 ι
1154 2587 1253 2614 Οὐκέτι
1264 2586 1346 2623 ἦλοεν
1359 2589 1374 2622 ἡ
1388 2587 1446 2622 ὥρα
1459 2596 1519 2622 μου.
1537 2598 1546 2614 ι
1565 2590 1617 2616 Καὶ
1627 2590 1743 2626 ana-pi

960 2634 1045 2668 λέγει,
1061 2643 1070 2659 ι
1084 2633 1184 2668 Πάτερ,
1199 2633 1308 2668 ἔρχεται
1323 2633 1391 2668 ὥρα.
1402 2633 1448 2660 καὶ
1459 2634 1506 2660 νῦν
1517 2634 1601 2668 ἐστιν,
1616 2635 1745 2666 ὕπὸ-εα-

961 2681 1010 2715 σθῇ
1021 2681 1035 2706 ὁ
1047 2679 1110 2710 Υἱός
1121 2687 1177 2706 σου·
1194 2688 1203 2704 ι
1218 2679 1262 2706 καὶ
1272 2679 1401 2714 παραχρῆ
1407 2688 1442 2713 μα
1458 2680 1604 2716 ἡπατρικὴ
1618 2682 1694 2716 φωνὴ
1704 2681 1744 2716 τῷ

943 2730 945 2733 ’
959 2725 1017 2761 Υἰῷ
1030 2725 1207 2760 ἁπεκρίνατο,
1223 2733 1233 2750 ι
1244 2724 1298 2750 Καὶ
1312 2723 1435 2755 ἐδέξασα,
1448 2725 1495 2751 καὶ
1510 2725 1592 2760 πάλιν
1602 2726 1715 2758 δοξάσω.
1729 2734 1740 2752 ι

158 2798 168 2813 ¹
185 2797 272 2826 Ecclc.
286 2805 327 2830 ιιι,
347 2798 449 2832 lseqq.
491 2798 587 2826 'Joan.
601 2806 628 2831 ιι,
649 2799 675 2826 ι.
711 2799 721 2815 ⁸
735 2799 814 2826 Joan.
831 2806 896 2832 xvu,
915 2799 939 2826 l.
975 2799 985 2815 '
998 2797 1076 2825 Joan.
1090 2804 1138 2828 xu,
1152 2797 1195 2824 28.
1214 2798 1223 2813 ⁸
1238 2796 1330 2824 Matth.
1356 2796 1453 2830 1:1,“.
1493 2797 1578 2825 'ibid.
1596 2798 1638 2825 l5.
