1933 3083
156 154 194 184 39

739 146 898 177 JOANNIS
916 145 1174 176 CANTACUZENI

1735 146 1770 178 40

160 206 264 234 habuit.
283 204 383 232 Verum
405 202 572 237 Palzeologus
600 200 700 228 deinde
724 201 800 227 solus
825 201 937 234 impera-

993 198 1096 228 εἷωθός.
1113 199 1167 232 Τὴν
1184 198 1234 232 μὲν
1251 196 1297 224 οὖν
1315 198 1437 232 μεγάλην
1453 199 1534 225 στοὰν
1559 200 1627 233 μετὰ
1654 199 1700 227 τοῦ
1724 201 1772 236 βή-

159 258 212 282 tor,
239 250 310 285 quod
332 249 426 277 deerat
446 247 574 283 explevit,
602 253 766 280 manumque
788 251 936 272 extremam

159 296 298 332 imposuit.
325 293 538 322 Subserviebant
557 297 648 320 autem
670 292 882 328 imperatoribus
909 291 937 318 in

159 343 210 369 hac
242 340 369 375 praeclara
393 339 564 366 aemulatione
575 338 669 365 Asti-as
701 345 813 373 magnus
839 341 937 364 strato-

158 387 303 422 pcdarclta,
320 386 360 413 vir
382 385 408 412 in
423 385 518 420 primis
544 388 682 418 spectatus
712 389 740 410 et
772 383 937 410 architectus

159 433 397 467 insignis,ctcum
429 438 462 457 eo
483 438 515 457 ex
539 428 642 456 Latinis
668 428 824 462 imperatori
848 428 938 462 subje-

158 481 211 507 ciis
226 479 344 506 Joannes
358 477 461 504 Pcralta
476 476 642 503 nominatus.
655 474 707 502 Sed
723 476 779 502 hazc
802 474 936 509 posterius

158 526 339 560 contigerunt.
364 525 439 551 Tunc
466 532 552 558 ergo,
583 529 612 551 ut
643 523 786 554 docebam,
809 522 935 556 quoniam

159 572 284 604 magnum
328 569 392 596 illud
426 569 519 596 mundi
552 569 712 596 miraculum
742 573 771 595 et
795 567 937 594 decantata

158 615 230 641 mdes
243 615 328 642 ruinae
341 619 430 645 erant.
448 623 538 641 rerum
563 615 725 649 elegantium
742 612 870 640 studiosis
897 613 938 638 la-

157 659 330 694 crymabiles,
346 659 371 686 in
398 659 553 686 Blachernis
569 659 595 685 in
615 659 660 686 Dei
686 657 789 689 Matris,
807 657 858 684 sub
883 657 932 683 lsi-

157 704 223 731 doro
241 705 403 738 patriarcha,
430 704 529 732 llelcna
555 703 725 738 imperatoris
755 702 936 730 Cantacuzeni

158 750 210 776 filia
233 750 331 777 Joanni
348 751 503 785 imperatori
529 751 556 777 in
585 758 694 777 manqu
717 749 847 776 convenit
869 748 936 783 :qui

156 800 184 822 et
199 796 256 830 ipse
275 804 290 822 a
309 796 413 823 Joanne
431 796 583 830 patriarcha
611 802 674 822 ante
692 799 848 827 coronatus,
866 801 936 821 uxo-

158 848 216 866 rem
229 847 305 867 suam
324 841 422 867 usitato
439 847 513 867 more
527 840 677 867 coronavit.
693 838 725 865 Et
746 837 937 873 iudulgebatur

157 885 246 920 epulis
279 893 310 912 ac
338 885 487 920 plausibus.
502 884 698 918 exercebatque
716 883 797 910 ferias
811 882 937 917 populus,

158 935 188 956 ut
212 929 338 956 videlicet
374 928 475 963 nuptiis
504 929 688 963 imperatoriis
708 928 835 955 decorum
867 931 936 956 erat.

157 974 307 1008 Imperator
321 973 392 999 domi
425 974 505 1000 rebus
519 973 604 1008 probe
616 973 773 1001 consttutis
794 973 829 1000 ad
846 973 938 1000 hostes

156 1024 286 1054 externos
302 1026 363 1046 sese
378 1020 520 1050 convertit,
537 1026 564 1046 et
576 1019 609 1046 ad
623 1018 727 1046 Cralem
744 1019 834 1046 missis
848 1024 938 1047 orato-

157 1062 243 1095 ribus.
268 1063 373 1098 amplas
397 1063 421 1090 ei
437 1063 538 1098 gratias
560 1064 614 1098 egit
632 1063 713 1099 719
734 1063 768 1090 de
787 1064 889 1091 honore
905 1071 938 1091 ac

156 1108 257 1141 studio,
285 1109 384 1143 quibus
399 1114 558 1144 pra-sentem
580 1115 740 1143 prosecutus
762 1109 868 1142 fuisset,
884 1117 938 1144 quo

158 1157 280 1187 tempore
296 1153 519 1188 homophylorum
547 1161 621 1180 arma
647 1154 822 1188 pertulisset,
844 1162 936 1189 seque,

157 1197 202 1224 tibi
222 1198 329 1225 occasio
354 1198 491 1231 inciderit,
518 1198 578 1232 jure
605 1206 637 1226 ac
671 1200 770 1227 merito
796 1200 874 1226 fartis
893 1208 938 1227 re-

156 1251 343 1278 sponsurum;
367 1244 389 1271 si
412 1248 500 1271 tamen
531 1243 633 1271 fo‘dera
663 1244 736 1271 salra
772 1249 937 1278 manerent,

156 1289 255 1322 quibus
285 1289 319 1316 ab
344 1294 513 1324 utrocunque
531 1290 639 1317 violatis
668 1290 783 1318 alterum
801 1292 936 1318 vindicem

157 1339 303 1369 propterea
333 1335 361 1362 in
390 1335 457 1362 vitio
487 1343 608 1370 ponere,
636 1337 708 1363 haud
732 1344 840 1371 acquum
858 1344 936 1370 esse;

156 1380 256 1406 nullam
273 1381 374 1415 quippe
391 1381 499 1407 thtare
514 1381 610 1416 legem,
633 1381 711 1416 quin,
729 1382 774 1416 qui
790 1382 870 1409 lmsns
884 1387 936 1414 est,

156 1426 190 1452 ab
205 1433 237 1452 co
253 1426 300 1460 qui
320 1427 386 1453 larsit
404 1426 531 1460 iniuriam
557 1432 745 1461 persequatur,
772 1427 937 1462 posntlabat-

155 1479 209 1506 que
226 1471 305 1498 nrbes
327 1475 389 1506 post
411 1471 498 1499 ftcdus
527 1473 659 1499 sancitum
684 1473 808 1500 Romano
824 1473 938 1508 imperio

155 1517 296 1552 ademptas
321 1517 427 1544 restitui
445 1525 451 1543 :
469 1518 507 1545 sic
525 1517 597 1545 enim
627 1519 653 1545 in
684 1519 847 1553 juramcutis
870 1519 937 1546 scri-
952 1537 973 1565 ε

156 1569 233 1597 ptum
251 1567 366 1590 exstare.
392 1563 512 1597 Namque
524 1572 578 1590 non
594 1564 679 1590 solum
701 1563 812 1596 Pheras,
838 1569 865 1591 et
888 1564 939 1591 alia

157 1608 319 1636 Macedonia:
345 1609 443 1644 oppida
468 1614 547 1643 atque
564 1609 684 1641 castella,
701 1614 797 1643 praeter
824 1609 941 1637 Thessa-

157 1654 273 1681 lonicam
307 1660 467 1689 occuparat,
510 1655 556 1682 sed
587 1656 804 1683 Berrhomtarum
833 1663 940 1690 quoque

158 1700 360 1734 potentissimos
380 1701 492 1735 pecunia
522 1706 546 1727 et
570 1701 812 1735 pollicitationibus
835 1701 940 1736 magnis

157 1752 299 1781 corruptos
311 1754 344 1773 eo
359 1751 536 1781 pertraxerat,
557 1752 585 1773 ut
599 1751 694 1774 exacto
718 1746 841 1774 Manuele
855 1747 942 1782 impe-

159 1792 256 1819 ratoris
287 1792 342 1818 filio
370 1792 465 1818 urbem
502 1792 553 1818 sibi
574 1792 732 1818 addicerent
751 1792 846 1826 :quod
874 1800 941 1820 sane

158 1837 283 1864 molestia
319 1836 453 1864 alliciebat
487 1837 678 1870 imperatorem
712 1843 768 1864 non
798 1837 939 1864 mediocri.

158 1881 263 1909 llanucl
278 1882 366 1914 itaque
379 1883 448 1916 apud
459 1881 590 1908 Joannem
601 1881 730 1916 Angelnm
747 1882 939 1910 consobrinum

161 1928 189 1953 in
216 1926 354 1953 Thessalia
373 1927 494 1962 degebat.
515 1926 608 1953 Crales
625 1927 715 1953 audita
738 1926 872 1961 legatione
899 1927 941 1954 ni-

166 1973 204 1999 hil
229 1972 300 2005 jnste
314 1972 462 1998 obtendere
485 1976 643 2006 poterat;et
654 1972 806 2005 iuramenta
822 1973 862 1999 sic
876 1979 941 1999 con-

157 2020 236 2049 cepta
253 2023 312 2042 esse
326 2023 378 2043 non
398 2016 453 2043 ibat
471 2016 516 2042 ille
532 2016 642 2050 quidem
658 2015 774 2048 inficias,
787 2016 885 2051 oppida
897 2021 939 2044 ta-

158 2068 220 2087 men
237 2059 350 2087 rcddere
378 2060 497 2091 nolebat.
525 2061 570 2086 Sed
597 2060 629 2087 ad
645 2065 790 2094 praetextas
815 2066 939 2088 etexcu—

160 2105 283 2132 sationes
304 2105 407 2139 ineptas
436 2105 618 2140 confugiebat.
654 2105 804 2140 Imperator
841 2106 937 2133 iterata

158 2150 290 2183 legatione
303 2150 469 2183 postulat,ut
486 2151 537 2177 sibi
553 2151 664 2177 urbibus
678 2151 882 2185 exjuramentis
894 2159 938 2178 ce-

951 876 974 905 Β

994 252 1078 278 ματος
1091 245 1107 278 ή
1123 244 1226 277 βασιὶὶς
1242 245 1386 278 ἀνήγειρεν
1401 244 1479 275 αὖθις
1506 245 1599 275 Ἀννα,
1626 247 1771 274 Φακεωλά-

992 298 1036 315 τον
1050 290 1222 324 ὲπιστήσασα
1235 290 1273 323 τῷ
1286 290 1372 324 ἔργῳ·
1389 290 1419 316 τὸ
1437 290 1567 316 ἐπέκεινα
1585 291 1612 316 δὲ
1625 292 1694 324 μετὰ
1721 293 1771 325 τῆς

991 334 1091 370 ὀροφῆς
1122 335 1248 366 βασιλεὺς
1263 328 1375 370 ὗςῖτερον
1404 335 1552 370 ἀνέστησεν
1575 336 1589 362 ὁ
1616 337 1772 363 Καντακιι-

991 379 1082 414 ζηνδς,
1110 381 1157 406 καὶ
1182 382 1231 414 τῆς
1262 380 1344 415 ἄλλης
1374 381 1528 417 ἐπεμελήθη
1556 382 1602 408 τοῦ
1642 384 1770 416 τεμένιυς

989 426 1136 460 εὐκοσμίας
1150 426 1199 461 ὅση
1211 435 1239 452 τε
1251 427 1280 451 ἐν
1291 426 1445 461 μαρμάροις
1456 427 1501 453 καὶ
1519 427 1621 461 λεπτῆς
1656 428 1772 462 ψηφῖδας

991 472 1120 500 διαθέσει.
1139 474 1172 499 Ei'
1181 482 1207 499 τι
1219 474 1246 500 δὲ
1259 473 1341 499 ἐνέδει
1355 474 1422 508 πρὸς
1436 474 1583 507 τελείωσιν,
1592 475 1771 508 Παλαιολῆγπ

991 516 1103 550 ὕστερον
1122 519 1255 553 ἐπέθηκεν
1276 520 1290 545 ὀ
1312 519 1370 550 νέος
1398 519 1534 554 βασιλεὺς,
1549 521 1627 555 μόνος
1652 522 1702 556 ἥδη
1722 522 1771 553 τῖς

995 562 1140 596 Ῥωμαίων
1154 563 1301 598 ἡγεμονίας
1314 564 1383 598 έχων
1406 564 1453 600 τὴν
1474 566 1570 600 ἀρχήν.
1596 566 1718 600 Διηκίνει
1742 566 1770 592 it

990 607 1129 644 ἑκατέροις
1143 610 1198 640 τοῖς
1212 609 1351 644 βασιλεῦσι
1366 611 1433 645 πρὸς
1450 611 1498 645 τὴν
1517 611 1601 645 καλὴν
1614 612 1769 646 φιλοτιμίαν

990 653 1092 688 ταύτην
1126 654 1238 690 Ἀστρᾶς
1257 656 1271 682 ό
1295 656 1383 690 μέγας
1412 657 1661 691 στρατοπεδάρχης,
1683 657 1717 683 τά
1741 665 1770 683 τε

988 699 1056 725 ἄλλα
1070 700 1149 732 λόγου
1167 699 1242 731 ἄξιος
1254 700 1362 730 πολλοῦ,
1375 701 1422 727 καὶ
1438 701 1503 735 περὶ
1529 702 1682 735 οἰκοδομίας
1701 702 1770 736 ἔχων

988 743 1114 776 εὺρυῶς,
1130 745 1176 772 καὶ
1192 746 1222 771 ὲκ
1235 744 1289 770 τῶν
1304 746 1432 779 υπηκόων
1458 745 1564 779 βασιλεῖ
1583 745 1705 772 Λατίνων
1729 754 1771 776 τις

996 789 1122 824 Ἰωάννης
1143 790 1270 824 Περάρτα
1300 792 1582 826 προσαγορευόμενος.
1599 790 1691 817 Ταῦτα
1721 790 1771 825 μὲν

989 832 1036 860 οὖν
1051 833 1172 869 ὕστερον.
1189 834 1256 860 Τότε
1270 834 1298 861 δὲ
1311 835 1372 861 ἐπεὶ
1384 835 1413 862 τὸ
1439 836 1511 870 μέγα
1541 837 1590 870 τῆς
1610 836 1771 871 οἰκουμένης

989 878 1079 914 Θαῦμα
1094 881 1108 906 ὸ
1135 880 1295 915 περιϐόητος
1317 881 1409 908 οὐτοσὶ
1427 882 1489 914 ναὸς
1524 882 1624 918 πτῶμα
1646 883 1771 918 δακρύων

988 924 1142 958 φιλοκάλοις
1157 925 1230 957 ἄξιον
1246 923 1280 961 ἧν
1302 926 1412 961 ψυχαῖς,
1428 929 1457 953 ὲν
1469 928 1508 963 τῷ
1530 928 1585 954 τῶν
1613 927 1771 963 Βλαχερνῶν

987 969 1046 1003 τῆς
1066 969 1239 1006 Θεομήτορος
1269 971 1325 1007 ναῷ
1347 972 1399 1006 ὑπὸ
1435 973 1570 1008 Ἰσιδώρου
1600 974 1769 1008 πατριάρχου

993 1015 1134 1051 Ἑλένῃτῇ
1148 1016 1280 1050 βασιλέως
1302 1016 1419 1052 θυγατρὶ
1444 1018 1459 1044 ὁ
1487 1018 1613 1053 βασιλεὺς
1646 1019 1771 1054 Ἰωάννης

989 1060 1193 1093 συνεζεύγνυτο.
1213 1061 1329 1096 Ἐστεφε
1341 1062 1370 1088 δὲ
1384 1062 1493 1089 κατὰτὸ
1516 1063 1575 1095 ἔθος
1588 1063 1637 1098 τὴν
1655 1065 1771 1098 γυναῖκα

987 1105 1035 1131 καὶ
1050 1105 1141 1137 αὐτὸς,
1157 1106 1290 1142 πρότερον
1319 1108 1491 1143 ἐστεμμένος
1517 1109 1569 1136 ὑπὸ
1598 1109 1770 1145 πατριάρχου

987 1150 1024 1176 ὢν
1036 1150 1081 1176 τοῦ
1104 1151 1237 1184 Ἰωάννου,
1252 1153 1299 1180 καὶ
1314 1153 1426 1188 εὐωχίαι
1443 1152 1513 1189 ἦσαν
1541 1157 1588 1181 καὶ
1604 1157 1707 1190 κρότοι,
1723 1157 1771 1184 καὶ

987 1195 1110 1230 δημόσιοι
1136 1197 1234 1231 ἤγοντο
1258 1196 1384 1235 ἑορταὶῇ
1409 1199 1531 1234 προσῆκε
1557 1202 1614 1232 τοῖς
1640 1201 1771 1236 βασιλέων

987 1241 1096 1276 γάμοις.
1117 1242 1191 1268 Ἐπεὶ
1203 1242 1231 1269 δὲ
1243 1242 1278 1269 τὰ
1292 1243 1361 1270 οίκοι
1376 1244 1466 1276 καλῶς
1478 1245 1595 1280 διῴκητο
1604 1246 1641 1281 τῷ
1654 1247 1769 1281 βασιλεῖ,

988 1287 1118 1322 ἐτρέπετο
1129 1287 1175 1314 ἐπὶ
1188 1288 1253 1319 τοὺς
1276 1289 1328 1321 ἔξω
1357 1290 1514 1324 πολεμίους,
1549 1292 1596 1318 καὶ
1623 1293 1771 1327 πρεσῦείαν

988 1332 1055 1365 πρὸς
1071 1332 1183 1367 Κράλην
1198 1333 1318 1368 πέμψας,
1336 1335 1436 1367 πολλὰς
1450 1336 1499 1370 μὲν
1511 1337 1642 1372 ὡμολόγει
1655 1339 1771 1373 χάριτας

992 1377 1067 1413 αὐτῷ
1078 1378 1128 1410 τῆς
1153 1380 1192 1410 είς
1220 1379 1301 1406 αὑτὸν
1325 1381 1483 1416 φιλοτιμίας
1508 1383 1555 1408 καὶ
1580 1384 1710 1418 σπουδῆς,
1737 1387 1771 1420 ἢν

989 1422 1055 1456 πρὸς
1070 1423 1192 1457 παρόντα.
1205 1424 1363 1457 ἐνεδείξατο,
1380 1425 1440 1452 καθ’
1454 1426 1484 1452 ὃν
1499 1426 1552 1453 ὑπὸ
1563 1427 1617 1454 τῶν
1629 1428 1771 1463 ὁμοφύλων

988 1467 1147 1502 ἐπολεμεῖτο
1167 1469 1272 1503 χρόνον,
1301 1471 1347 1497 καὶ
1373 1470 1485 1503 δικαίως
1512 1470 1581 1499 εἶναι
1609 1474 1771 1508 ἀμείϐεσθαι

988 1515 1043 1544 τοίς
1072 1514 1140 1545 ἴσοις
1166 1515 1264 1549 καιροῦ
1303 1515 1459 1549 καλοῦντος,
1490 1518 1527 1551 μὴ
1556 1519 1771 1554 παραλυομένων

993 1560 1083 1594 μέντοι
1098 1560 1152 1587 τῶν
1165 1560 1254 1595 δρκων
1267 1561 1314 1587 καὶ
1341 1561 1395 1588 τῶν
1411 1563 1531 1589 σπονδῶν
1542 1564 1596 1589 τῶν
1609 1564 1676 1600 πρὸς
1691 1565 1773 1600 adﬁ-

991 1605 1063 1636 λους.
1080 1606 1112 1632 Et
1127 1606 1181 1642 γὰρ
1196 1607 1288 1633 ἐκεῖνα
1307 1607 1519 1642 παραϐαίνοιντο
1547 1610 1592 1643 ὑφ’
1607 1611 1725 1641 ὁτουοῦν,
1740 1612 1770 1637 οὐ

990 1651 1093 1678 δίκαιον
1107 1648 1177 1678 εἶναι
1192 1652 1363 1687 ἀμυνόμενον
1376 1652 1421 1680 τὸν
1443 1653 1535 1688 ἕτερον
1552 1655 1641 1686 αίτίας
1666 1656 1769 1687 ἀξιοῦν·

991 1696 1090 1722 κωλύει
1104 1696 1158 1732 γὰρ
1173 1697 1261 1728 οὐδεὶς
1276 1697 1426 1731 ἀμύνεσθαι
1454 1698 1536 1733 νόμος
1563 1699 1610 1726 τὸν
1633 1700 1771 1735 πάσχοντα

991 1743 1094 1774 κακῶς,
1111 1740 1188 1776 ἠξίου
1203 1750 1232 1768 τε
1253 1742 1327 1777 αὐτῴ
1355 1743 1518 1777 ἀποδοθῆναι
1545 1744 1595 1774 τὰς
1621 1745 1722 1776 πόλεις,
1739 1746 1773 1778 ἃς

992 1784 1062 1818 μετὰ
1076 1785 1106 1811 τὺ
1120 1786 1187 1819 πρὸς
1202 1785 1283 1811 αὑτὸν
1297 1786 1347 1817 τὰς
1371 1786 1486 1818 σπονδὰς
1513 1789 1560 1814 καὶ
1585 1788 1649 1819 τοὺς
1674 1788 1771 1824 ὅρκους

991 1829 1085 1856 Θέσθαι
1100 1831 1148 1864 τῆς
1168 1830 1312 1865 Ῥωμαίων
1324 1832 1469 1866 παρείλετο
1487 1833 1590 1868 ἁρχῆς’
1617 1833 1687 1860 οὓτω
1716 1835 1771 1869 γὰρ

990 1876 1213 1910 ἐγγεγραμμένον
1237 1878 1293 1908 τοῖς
1316 1877 1409 1912 ὅρκοις
1435 1876 1514 1906 εἷναι.
1543 1879 1589 1914 Μὴ
1616 1880 1695 1914 μόνον
1717 1883 1772 1916 γὰρ

990 1921 1077 1954 Φεράς
1091 1929 1120 1946 τε
1136 1921 1182 1947 καὶ
1196 1921 1280 1953 ἄλλας
1295 1923 1343 1957 τῆς
1357 1923 1524 1955 Μακεδονίας
1548 1924 1651 1956 πόλεις,
1666 1926 1712 1952 καὶ
1738 1927 1772 1952 τὰ

990 1965 1107 2000 φρούρια
1120 1965 1190 2001 πλὴν
1214 1967 1414 2002 Θεσσαλονίκης
1435 1965 1517 2000 εἷλεν,
1542 1970 1609 1996 ἀλλὰ
1634 1971 1680 1997 καὶ
1701 1971 1767 2006 Βερ-

990 2011 1112 2046 ροιωτῶν
1138 2012 1199 2042 τοὺς
1213 2011 1416 2044 δυνατωτάτους
1441 2015 1563 2048 χρήμασι
1579 2016 1625 2042 καὶ
1639 2017 1768 2051 μεγάλαις

989 2057 1166 2090 ἐπαγγελίαις
1179 2057 1349 2092 διαφθείρας,
1363 2059 1409 2085 τὸν
1435 2059 1566 2094 βασιλέως
1590 2061 1698 2088 ἔπεισεν
1714 2062 1771 2088 υίζν

990 2101 1115 2134 ἐξελάσαι
1131 2102 1176 2128 τὸν
1188 2103 1328 2138 Μανουὴλ,
1352 2104 1470 2139 κάκείνῳ
1498 2106 1548 2139 τὴν
1578 2105 1655 2132 πόλιν
1683 2115 1774 2141 παρα-

989 2147 1094 2174 δοῦναι·
1110 2147 1128 2174 ἃ
1146 2148 1196 2174 οὐκ
1210 2148 1254 2174 ἐπ’
1268 2149 1358 2182 ὀλίγον
1373 2149 1434 2184 ἡνία
1455 2150 1577 2185 βασιλέα.
1601 2151 1629 2177 '0
1652 2151 1701 2186 μὲν
1726 2149 1772 2178 οὖν

156 2195 217 2226 dat;
230 2195 253 2221 si
263 2195 386 2229 abneget,
397 2195 494 2222 bellum
510 2196 535 2222 ei
552 2195 701 2227 denuntiat,
714 2201 740 2223 ct
759 2201 818 2224 orat
833 2197 936 2224 futuras

990 2193 1044 2224 υἱὸς
1057 2193 1086 2220 ὲν
1101 2193 1232 2228 Θετταλίᾳ
1256 2194 1374 2229 διέτρισε
1403 2196 1475 2229 παρὰ
1493 2196 1538 2222 τὸν
1554 2197 1624 2223 θεῖον
1640 2197 1772 2230 ’Ἄγγελον

157 2240 244 2266 νωιίοε
270 2247 301 2266 ac
334 2240 480 2267 servitutes
514 2248 549 2267 ne
587 2241 638 2267 sibi
674 2241 808 2273 ascribat;
842 2242 941 2276 opibus

154 2286 230 2312 ’euim
257 2285 386 2313 Romanis
398 2286 471 2312 civili
498 2286 567 2312 bello
596 2286 690 2313 fractis
707 2294 738 2312 ac
751 2286 898 2314 debilitatis
911 2294 941 2314 se

161 2330 339 2357 Barbarorum
356 2331 462 2357 auxiliis
477 2331 518 2357 rel
531 2331 666 2357 nolentem
688 2339 810 2358 usurum.
828 2331 893 2364 Quae
913 2335 942 2358 ut

157 2375 302 2409 expendat,
321 2379 348 2402 et
369 2383 423 2410 quo
442 2376 512 2402 facto
525 2384 593 2410 opus
608 2378 653 2409 sit,
670 2376 760 2410 faciat,
778 2386 807 2405 se
826 2378 939 2405 hortari.

157 2422 224 2448 Cum
243 2428 294 2448 nec
307 2426 368 2455 post
383 2422 494 2448 alteram
509 2421 670 2456 legationem
684 2427 824 2457 praestaret
835 2423 938 2456 Crales,

155 2466 229 2501 quod
245 2466 370 2499 debebat,
400 2466 454 2494 imo
471 2467 561 2501 potius
576 2472 688 2494 ceteras
699 2467 780 2495 urbes
793 2468 938 2501 obsideret,

156 2511 305 2546 imperator
329 2511 480 2538 Orcbanem
518 2518 647 2546 generum
676 2512 826 2540 subsidium
855 2521 940 2548 popo-

156 2557 209 2584 scit
223 2564 231 2582 ε
246 2561 432 2591 veneruntque
447 2556 629 2584 Barbarorum.
643 2557 828 2592 supra_decem
845 2558 938 2591 millia,

156 2602 322 2630 ducentibus
339 2596 480 2630 Sulimano
495 2609 557 2630 cum
572 2603 702 2630 fratribus
717 2603 851 2631 Orchanis
864 2604 934 2631 liliis.

157 2648 240 2675 Mittit
255 2657 307 2676 una
323 2649 470 2684 imperator
492 2649 573 2676 etiam
598 2648 756 2676 Matthamm
772 2650 858 2677 filium
886 2650 940 2678 Ro-

158 2700 239 2720 mano
264 2693 362 2728 agmini
399 2694 591 2728 praepositum,
623 2698 651 2721 et
678 2694 744 2721 citra
776 2695 937 2730 maleficium

159 2738 282 2765 transitis
298 2737 482 2765 Romanorum
496 2739 606 2768 finibus.
636 2738 770 2767 Triballos
798 2741 938 2768 devastarc

156 2783 245 2819 jubet.
286 2784 321 2810 At
338 2782 447 2810 Barbari
476 2784 519 2811 ubi
552 2790 656 2812 tantum
688 2779 858 2822 Mygdoniam
891 2796 940 2822 per

157 2828 349 2862 munitionem,
371 2836 432 2863 quae
449 2828 525 2863 juxta
551 2829 744 2865 Christopolim
768 2837 820 2865 est,
843 2839 938 2866 pene-

995 2238 1040 2265 τὺν
1062 2238 1199 2272 Ἰωάννην.
1219 2239 1332 2274 Κράλης
1351 2241 1379 2266 δὲ
1407 2241 1468 2267 ἐπεὶ
1491 2242 1599 2272 ἐδέξατο
1620 2242 1669 2277 τὴν
1691 2250 1773 2276 πρεσ-

992 2284 1078 2316 ϐείαν,
1102 2284 1205 2324 δίκαιον
1221 2287 1270 2319 μὲν
1294 2286 1457 2312 ἀντιτιθέναι
1471 2288 1528 2318 τοῖς
1542 2288 1631 2320 λόγοις
1657 2287 1773 2321 ἠδύνατο

991 2329 1077 2362 οὐδὲν,
1098 2331 1166 2356 ἀλλὰ
1180 2331 1362 2365 συνωμολόγει
1376 2332 1437 2362 τοὺς
1449 2333 1546 2366 ὅρκους
1563 2333 1633 2359 οὕτω
1657 2334 1771 2367 γεγενῆ-

992 2375 1063 2408 σθαι,
1077 2376 1231 2402 ἁποδιδίναι
1245 2377 1272 2402 δὲ
1287 2377 1336 2408 τὰς
1351 2377 1441 2408 πόλεις
1457 2379 1508 2403 οὐκ
1528 2378 1657 2412 ἠϐούλετο
1668 2387 1674 2392 ·
1703 2379 1771 2405 ἀλλὰ

991 2420 1057 2455 πρὸς
1072 2421 1185 2456 σκήψεις
1200 2421 1297 2456 ἐχώρει
1324 2423 1370 2448 καὶ
1390 2424 1539 2457 προφάσεις
1560 2424 1673 2458 ἐχούσας
1696 2425 1773 2458 ὑγιὲς

990 2467 1077 2493 οὐδέν.
1094 2466 1225 2498 Βασιλεὺς
1246 2468 1273 2493 δὲ
1299 2468 1345 2493 καὶ
1372 2466 1449 2499 obiit;
1473 2469 1601 2504 δευτέραν
1622 2470 1771 2504 ἐποιησατο

990 2511 1147 2546 πρεσϐείαν,
1189 2506 1241 2538 καὶ.
1265 2512 1344 2539 πάλιν
1369 2511 1443 2546 ἠξίου
1469 2514 1522 2539 τῶν
1555 2514 1659 2538 πῦλεων
1697 2514 1771 2548 αὐτῷ

990 2558 1165 2592 παραχωρεῖν
1179 2558 1247 2583 κατὰ
1260 2558 1322 2588 τοὺς
1351 2558 1458 2592 ὅρκους.
1475 2559 1505 2584 Et
1519 2558 1547 2584 δὲ
1573 2559 1611 2594 μὴ
1639 2558 1770 2593 βούλοιτο,

990 2601 1096 2635 ἠπείλει
1112 2604 1292 2638 πολεμήσειν·
1306 2604 1382 2637 ἠξίου
1398 2612 1426 2629 τε
1443 2604 1481 2638 μὴ
1498 2604 1571 2638 αὐτῷ
1596 2605 1771 2639 προσλογίζεο

991 2648 1051 2674 σθαι
1069 2648 1213 2682 ἐσομένους
1229 2649 1325 2681 φόνους
1355 2650 1403 2675 καὶ
1429 2650 1491 2680 τοὺς
1518 2643 1770 2684 ἀνδραποδισμούςα

990 2695 1039 2727 τῆς
1062 2694 1115 2728 γὰρ
1137 2693 1296 2728 Ῥωμαῖκῆς
1325 2695 1465 2729 δυνάμεως
1492 2695 1692 2730 διεκϐαρμένης
1721 2695 1772 2721 ὑπὸ

988 2740 1035 2766 τοῦ
1073 2741 1235 2773 συγγενικοῦ
1272 2741 1400 2775 πολέμου,
1432 2743 1587 2774 ἀναγκαίως
1623 2741 1770 2775 χρησεσοαι

990 2786 1139 2820 βαρϐάροις
1155 2787 1224 2812 κατὰ
1241 2786 1409 2822 συμμαχίαν.
1426 2788 1459 2812 'A
1471 2787 1579 2813 ὲκέλ;υε
1602 2787 1771 2821 σκεψάμενον

988 2832 1024 2857 τὰ
1063 2832 1156 2857 δέοντα
1188 2834 1285 2858 ποιεῖν.
1307 2831 1352 2863 Ὠς
1377 2832 1404 2857 δὲ
1420 2833 1467 2858 καὶ
1496 2831 1556 2866 μετ’
1581 2832 1687 2865 εκείνην
1723 2830 1772 2865 τὴν
