1933 3083
198 109 234 143 75
785 104 948 139 JOANNIS
962 102 1230 138 'CANTACUZENI
1777 103 1818 140 ‘76

195 171 291 200 ratus,
317 170 347 194 nt
373 165 484 195 credere
513 166 593 195 velint
620 165 712 194 omnia
741 173 802 201 qua:
833 171 984 193 commune

1038 163 1230 197 Παλαιολόγων
1245 163 1355 199 Μιχαὴλ
1371 163 1451 191 τοῦτο
1466 164 1679 201 τετολμημένον,
1695 165 1725 192 οὐ
1740 168 1821 201 συνή-

193 213 387 249 episcoporum
408 212 540 248 iudicium
563 217 591 240 et
607 212 741 240 sententia
759 212 792 239 de
809 212 860 239 ﬁde
875 211 981 239 consti-

195 260 290 292 tuerit,
309 264 385 287 extra
412 259 464 286 hoc
490 258 555 286 nulli
581 266 624 286 me
654 258 766 286 novitati
791 258 924 285 addicam.
950 256 983 283 Et

190 311 257 332 'cum
276 305 420 339 episcopos
442 310 548 336 omnes,
569 308 624 330 tum
645 303 713 331 alios
733 302 982 330 ecclesiasticorum

190 350 355 386 dogmatum
385 348 545 379 defensores
578 356 610 376 ac
636 353 764 383 patronos
790 347 841 375 hoc
865 354 983 383 propen-

194 396 305 424 sissime
327 395 448 423 facturos
467 395 585 430 opinor;
604 395 646 422 sin
666 394 827 421 auctoritate
848 393 981 428 imperiali

196 442 405 477 compellantur,
425 448 504 468 aures
528 441 714 471 obturaturos,
736 444 767 466 ut
790 446 842 466 nec
867 439 982 473 primam

196 497 292 517 vocem
320 487 467 523 excipiant.
490 486 651 521 Quanquam
677 494 729 514 nec
750 485 821 520 apud
841 493 890 512 vos
916 485 982 512 mihi

197 536 278 562 iidem
306 534 429 561 habitum
456 533 489 560 iri
516 538 592 568 polo.
614 533 635 560 si
664 533 700 560 ita
728 532 825 559 leviter
854 531 984 566 nulloqtte

197 581 324 608 exatnine
347 580 480 615 dogmatis
501 580 600 606 \estris
619 579 819 613 subscripsero.
837 578 888 611 Qui
910 578 982 604 enim

197 634 294 662 parum
309 630 470 653 constanter
485 624 612 657 itthmret,
625 629 651 651 et
665 629 776 662 paratus
791 628 831 650 est
855 623 984 650 deserere

197 661 258 707 qua:
287 671 405 706 majores
430 670 468 697 illi
495 668 685 700 tradiderunt,
712 672 739 695 et
763 661 791 694 in
818 667 918 702 quibus
943 670 985 694 est

198 718 339 748 educatus,
358 724 449 752 quam,
475 722 579 750 quaeso,
597 718 689 741 teneat
714 713 748 741 de
773 713 930 740 recentibus
955 712 985 738 li-

197 765 280 792 dem?
297 763 431 796 Quocirca
455 761 640 790 necessarium
658 761 788 793 arbitror,
806 760 828 788 si
850 760 921 788 idem
939 767 985 786 vo—

197 811 240 839 bis
257 810 430 846 probabitur,
447 816 529 844 super
544 809 627 835 rebus
651 807 719 834 adco
741 807 831 842 magni
855 806 984 833 momenti

198 856 375 884 orientalium
410 853 677 887 occidentaliumqne
703 853 892 887 episroporum
919 859 984 878 con-
1002 867 1020 893 Β

197 907 311 929 rentum
335 899 534 928 meumenicum
557 898 701 925 celebrari.
727 897 752 924 |d
774 898 796 924 si
821 897 876 929 (lat,
898 896 984 923 lidcls

199 952 240 974 est
254 947 335 978 Dens,
351 945 396 980 qui
414 952 464 971 nos
480 952 494 970 a
510 943 625 971 veritate
641 943 768 970 aberrare
782 950 837 969 non
855 942 985 977 patietur.

199 994 228 1020 st
247 993 332 1028 igitur
347 991 411 1019 Asia
441 994 468 1017 et
482 989 601 1024 Europa,
617 988 848 1024 quemadmodum
868 987 942 1020 olim,
957 987 984 1014 in

199 1038 385 1066 Romanorum
406 1036 523 1072 imperio
543 1040 733 1065 censerentur.
750 1034 821 1070 apud
839 1041 889 1061 nos
905 1040 986 1068 syno-

198 1085 248 1113 dus
260 1084 380 1120 cogenda
393 1083 475 1112 esset.
488 1083 565 1116 Quod
578 1090 639 1109 cum
652 1081 709 1108 ﬁeri
718 1081 774 1116 jam
787 1080 984 1116 nequeat(nam

198 1135 226 1158 et
240 1137 309 1166 papa
322 1130 376 1157 huc
392 1128 527 1164 proﬁcisci
543 1127 639 1162 nequit
652 1131 698 1154 :et
712 1125 779 1153 mihi
793 1130 846 1152 tam
858 1125 939 1160 longe
951 1124 986 1152 ab

199 1177 315 1212 imperio
329 1175 469 1203 discedere
480 1178 592 1209 propter
601 1173 771 1200 continentia
783 1171 862 1203 bella,
872 1171 987 1199 vicinos-

198 1231 252 1258 que
268 1222 411 1253 Barbaros.
428 1226 455 1248 ct
471 1220 602 1256 dynastas
619 1219 697 1250 alios,
711 1219 790 1246 nobis
805 1217 926 1252 undique
942 1216 984 1244 in-

199 1268 370 1299 cumbentes,
388 1267 434 1302 qui
450 1274 511 1294 cum
527 1265 560 1293 de
577 1265 628 1292 [ide
644 1264 785 1291 nobiscum
801 1263 931 1296 sentiant,
946 1266 986 1289 ta-

201 1323 261 1342 men
275 1314 368 1341 hostes
380 1320 408 1340 se
421 1311 591 1347 proﬁtentur,
603 1317 657 1337 non
668 1315 708 1337 est
724 1308 825 1343 facile),
841 1308 863 1335 si
876 1313 903 1335 et
917 1307 987 1343 patri

199 1368 277 1396 papa:
284 1359 433 1392 videbitur,
443 1358 571 1386 adlocum
581 1357 697 1392 aliquem
709 1355 876 1382 maritimum
895 1354 922 1381 in
933 1362 988 1381 me-

200 1408 244 1434 dio
261 1411 442 1439 utrorumque
465 1404 546 1430 situm
569 1410 704 1430 consensu
721 1401 899 1429 dereniemus
915 1409 922 1428 :
943 1399 988 1427 ille

199 1460 261 1480 eum
278 1450 434 1480 Occidentis
447 1449 593 1484 episcopis,
609 1456 658 1484 ego
673 1456 734 1476 eum
751 1446 912 1482 patriarchis
942 1452 988 1472 eo-

201 1506 316 1533 rumque
329 1497 475 1532 episcopis.
487 1495 519 1523 Et
531 1496 557 1522 in
573 1503 620 1529 spe
634 1502 706 1526 sum,
720 1494 803 1520 Deum
819 1493 987 1528 benignitate

1035 217 1142 242 νεγκεν,
1162 209 1229 236 ἀλλά
1243 211 1333 245 χεῖρον
1349 210 1444 244 γέγονε
1455 209 1484 236 τὸ
1499 211 1605 245 ῥῆγμα,
1622 211 1668 237 καὶ
1681 211 1696 245 ἡ
1712 211 1822 238 διάστα-

1037 263 1079 286 σις
1092 255 1282 290 χαλεπωτέρα.
1301 255 1339 281 Δι’
1356 255 1373 282 ἃ.
1388 255 1447 281 οὐδὲ
1465 256 1545 287 αὐτὸς
1564 256 1655 291 οἴομαι
1673 257 1821 291 πεισθήσε-

1036 300 1098 328 σθαί
1113 310 1178 328 ποτε
1194 303 1259 337 πρὶν
1274 302 1468 337 οἱκουμενικὴν
1490 302 1599 329 σύνοδον
1616 303 1821 338 ἀθροισθεῖσαν,

1034 346 1064 373 τὸ
1078 347 1173 374 δοκοῦν
1200 348 1318 382 ἀσφαλὲς
1342 348 1538 383 ἀποφήνασθαι
1559 350 1624 382 περὶ
1647 350 1696 384 τὴν
1715 350 1819 382 πίστιν,

1034 392 1224 428 ἐπιχειρήσειν
1241 393 1322 425 αὑτός
1337 402 1367 420 τε
1390 394 1536 428 προσέχειν
1552 395 1753 428 καινοτομίαις,
1773 396 1821 421 καὶ

1035 437 1177 472 βιάζεσθαι
1193 439 1255 471 τοὺς
1272 439 1378 469 ἄλλους·
1390 439 1421 465 οὐ
1435 440 1542 475 διὰητὴν
1559 440 1724 475 Ἐκκλησίαν
1741 441 1820 474 μόνον

1034 484 1082 509 καὶ
1095 483 1124 510 τὸ
1140 485 1310 518 Χριστιανῶν
1325 484 1398 512 ἅπαν
1419 485 1565 520 πλήρωμα,
1581 486 1648 513 ἀλλὰ
1663 487 1709 513 καὶ
1723 487 1757 512 δι’
1770 487 1820 521 ἐμὲ

1035 529 1125 556 αὐτόν.
1146 530 1199 556 Καὶ
1213 530 1265 564 γὰρ
1287 529 1373 562 οὕτως
1392 531 1456 565 ἔχω,
1475 531 1512 562 ὡς
1537 533 1605 557 πᾶσι
1642 532 1691 566 μὲν
1708 532 1823 566 πεισθη-

1036 576 1149 610 σόμενος
1169 576 1237 602 ἄττα
1264 577 1296 603 ἂν
1322 577 1374 603 ὑπὸ
1394 577 1488 612 κοινῆς
1519 577 1632 612 γνώμης
1648 578 1703 603 τῶν
1726 580 1822 613 ἀρχιε-

1036 623 1106 657 ρέων
1133 622 1197 655 περὶ
1221 622 1271 655 τῆς
1298 623 1417 654 πίστεως
1447 623 1658 658 ὲπιψηιρισθείινλ⁸
1681 624 1777 650 τούτου
1793 624 1822 650 δὲ

1035 667 1162 699 ἀπόντος.
1181 668 1341 703 καινοτομίᾳ
1366 668 1481 704 οὐδεμιᾷ
1497 669 1649 704 προσέξων.
1674 669 1772 703 Οἵομαι
1795 669 1823 696 δὲ

1036 715 1082 740 καὶ
1096 714 1161 745 τοὶς
1183 714 1330 748 ἀρχιερέας
1347 713 1480 745 ἅπαντας,
1499 717 1545 741 καὶ
1561 716 1623 746 τοὺς
1641 715 1736 746 ἄλλους
1759 715 1822 746 τοὺς

1035 759 1178 793 δογμάτων
1192 759 1246 786 τῶν
1257 760 1305 794 τῆς
1314 759 1478 795 Ἐκκλησίας
1495 760 1647 795 τροφίμους
1661 761 1727 795 πρὸς
1744 761 1824 787 τοῦτο

1037 806 1087 839 μὲν
1101 805 1211 831 ἔσεσθαι
1234 805 1392 840 προθύμους
1409 806 1536 841 μάλιστα·
1563 808 1596 833 ἂν
1618 807 1646 833 δὲ
1673 807 1820 841 βιάζοιντο.

1037 851 1160 886 ὰρχικῶς
1175 851 1207 877 τὰ
1220 848 1276 877 ὦτα
1292 851 1438 886 βύσαντας,
1453 852 1522 887 μηδὲ
1538 852 1587 888 τῆς
1606 852 1715 887 πρώτης
1731 853 1824 884 avesa-

1038 897 1099 922 σθαι
1117 896 1218 931 φωνῆς.
1235 897 1331 924 Καίτοι
1354 906 1385 931 γε
1410 897 1470 924 οὐδὲ
1491 899 1556 933 παρ’
1581 898 1645 933 ὑμῖν
1669 898 1719 933 ἐμὲ
1748 898 1808 930 ἀξιό

1037 950 1126 977 χρεων
1150 941 1205 976 ἐγὼ
1221 944 1325 977 νομίζω
1343 943 1453 970 ἔσεσθαι
1477 944 1545 978 πρὸς
1570 944 1660 970 πίστιν
1690 945 1754 979 περὶ
1770 945 1823 971 τιίν

1038 988 1203 1022 μελλόντων,
1221 989 1245 1015 εί
1261 989 1361 1024 ῥαδίως
1377 989 1449 1016 οὕτω
1469 990 1515 1017 καὶ
1530 991 1714 1024 ἀνεξετάστως
1732 992 1776 1017 ἐπὶ
1788 990 1823 1017 τὰ

1036 1033 1169 1060 δοκοῦντα
1187 1034 1312 1069 δογματει
1330 1035 1395 1070 ὑμῖν
1415 1037 1613 1072 μεταχωρήσω.
1637 1037 1667 1063 '0
1690 1037 1745 1072 γὰρ
1766 1039 1822 1069 τοῖς

1037 1080 1089 1107 ὑπὸ
1102 1080 1157 1106 τῶν
1173 1081 1316 1116 προγόνων
1334 1082 1577 1117 παραδεδομένοις,
1594 1083 1641 1110 καὶ
1667 1081 1709 1115 οἷς
1727 1084 1822 1110 συντέ-

1037 1126 1144 1162 θραπτο
1155 1127 1238 1158 αὐτὸς
1254 1122 1296 1162 μὴ’
1312 1128 1383 1155 πάνυ
1399 1129 1542 1163 προσέχων
1557 1129 1696 1163 ἀσφαλῶς,
1719 1129 1776 1156 ἀλλ’
1793 1129 1823 1162 ἐξ

1037 1173 1146 1208 ἑτοίμου
1163 1173 1336 1209 προϊέμενος,
1351 1175 1412 1201 τίνα
1425 1174 1458 1201 ἂν
1472 1175 1530 1210 ἔχοι
1545 1176 1610 1212 περὶ
1627 1176 1682 1202 τῶν
1700 1177 1824 1211 προσφάο

1036 1227 1091 1246 των
1105 1218 1197 1246 πίστιν
1210 1227 1218 1252 ;
1233 1220 1272 1246 Δι’
1283 1219 1302 1246 ἀ
1316 1220 1420 1255 νομίζω
1439 1220 1499 1247 δέον
1516 1218 1597 1254 εἶναι,
1610 1222 1637 1247 εί
1649 1230 1681 1255 γε
1698 1222 1745 1248 καὶ
1759 1222 1824 1257 ὑμῖν

1038 1267 1246 1302 συνδοκεῖ,περὶ
1259 1267 1314 1294 τῶν
1335 1268 1408 1294 οὕτω
1425 1268 1553 1302 μεγάλων
1572 1269 1679 1296 σύνοδον
1696 1270 1824 1304 οίκουμε-

1038 1313 1116 1348 νικῆν
1137 1310 1196 1351 ὲνῇ
1214 1314 1240 1340 οἵ
1253 1322 1282 1340 τε
1302 1314 1365 1349 ἑῷοι
1398 1315 1445 1342 καὶ
1468 1315 1493 1341 oi
1512 1315 1638 1350 ἑσπέριοι
1659 1316 1824 1350 παρέσονται

1037 1357 1178 1393 ἀρχιερεῖς
1193 1358 1333 1392 γενέσθαι.
1349 1358 1451 1386 Τούτου
1471 1359 1500 1386 δὲ
1515 1360 1713 1395 γεγενημένου,
1728 1360 1824 1391 πιστὸς

1037 1403 1052 1430 ὸ
1068 1403 1146 1436 Θεὸς,
1162 1403 1191 1436 ὃς
1205 1405 1280 1439 ἡμᾶς
1295 1405 1344 1431 οὐκ
1367 1405 1443 1432 ὲάσει
1457 1405 1507 1440 τῆς
1519 1405 1649 1441 ἀληθείας
1667 1406 1824 1440 ἀποπλανη-

1038 1450 1129 1484 θῆναι.
1146 1450 1177 1476 Et
1196 1451 1246 1485 μὲν
1271 1450 1317 1477 οὖν
1340 1450 1435 1489 ὥσπερ
1451 1451 1588 1486 πρότερον
1614 1452 1666 1478 ὑπὺ
1691 1451 1740 1486 τὴν
1757 1452 1822 1479 Ῥω-

1040 1496 1129 1531 μαίων
1144 1496 1286 1530 βασιλείαν
1310 1496 1327 1531 ἥ
1349 1505 1379 1523 τε
1399 1497 1478 1523 Ἀσία
1494 1498 1541 1524 καὶ
1563 1497 1683 1533 Εὐρώπη
1699 1498 1824 1531 διετέλει,

200 1553 250 1573 sua
263 1544 444 1572 adducturum
459 1549 508 1568 nos
523 1542 549 1568 in
565 1548 674 1568 omnem
686 1539 839 1573 veritatem,
860 1546 911 1566 nec
927 1546 987 1574 per—

1038 1541 1103 1576 παρ’
1120 1542 1186 1576 ἡμῖν
1205 1541 1257 1568 ἔδει
1281 1541 1331 1577 τὴν
1347 1542 1457 1570 σύνοδον
1470 1543 1658 1579 ἀθροισθῆναι.
1692 1544 1771 1571 Ἐπεὶ
1794 1544 1823 1571 δὲ

201 1592 362 1623 missurum,
381 1595 410 1617 ut
433 1589 542 1624 negotio
564 1587 666 1615 infecto
685 1590 865 1614 revertamur.
881 1585 923 1612 Ad
938 1593 987 1612 ex-

201 1641 318 1664 tremum
336 1636 447 1671 adjecit,
463 1635 486 1662 si
504 1642 579 1670 papa:
595 1634 717 1669 plaecret
734 1632 986 1668 synodumfcolligi,

201 1683 344 1711 celerrime
368 1682 400 1708 ad
427 1689 456 1708 se
478 1682 604 1707 nuntium
626 1680 756 1711 mitteret,
775 1678 870 1712 quise
892 1682 920 1705 et
940 1686 989 1705 an-

202 1730 296 1756 nuisse
310 1729 398 1759 illum,
415 1731 442 1754 ct
458 1727 491 1754 de
507 1727 565 1754 loco
581 1735 612 1753 ae
627 1731 761 1760 tempore,
775 1724 884 1759 quando
899 1728 926 1751 et
941 1724 987 1751 ubi

202 1773 361 1809 congregari
388 1773 515 1803 debeant,
534 1771 678 1799 certiorem
700 1769 818 1803 faceret;
841 1771 894 1798 sibi
913 1770 987 1797 enim

203 1820 236 1847 ad
263 1819 432 1854 patriarchas
467 1817 591 1852 aliosque
615 1817 759 1851 episcopos
798 1817 989 1844 convocandos

204 1871 280 1891 mora
298 1864 421 1898 longiore
440 1870 508 1897 opus
530 1863 597 1889 fore.
616 1862 679 1888 Haec
704 1862 852 1896 imperator
867 1862 900 1889 ad
919 1862 990 1896 lega-

205 1909 307 1936 lionetn
328 1916 415 1942 papae,
431 1915 490 1942 qua:
511 1907 591 1942 legati
611 1906 731 1941 episeopi
750 1907 926 1934 vehementer
943 1915 989 1941 ap-

205 1955 363 1988 probantes,
384 1959 411 1981 ειι
438 1961 500 1980 cum
527 1957 618 1983 antea,
639 1957 694 1979 tum
718 1952 878 1984 discessuri,
897 1953 990 1980 multis

204 2002 238 2029 ab
255 2009 288 2028 eo
304 1999 463 2026 muneribus
476 1998 554 2030 culti,
568 1998 596 2025 in
611 1997 712 2025 Italiam
732 1998 872 2025 redierbnt
887 2007 893 2025 :
909 1999 989 2034 737

204 2055 235 2075 ac
255 2046 375 2082 pontilici
396 2044 560 2079 legationem
580 2044 780 2076 renuntiantes,
799 2044 890 2071 multis
907 2045 990 2080 impc-

205 2099 324 2121 ratorem
356 2091 484 2119 laudibus
511 2090 709 2125 praedicarunt,
736 2096 911 2125 exaratasque
932 2099 945 2117 a
962 2099 991 2118 se

205 2139 396 2174 ephemeridas
419 2137 608 2165 ostenderunt.
636 2135 708 2171 Papa
737 2141 765 2163 et
793 2136 850 2170 ipse
879 2144 933 2163 non
961 2144 991 2163 se

204 2181 222 2213 ιι
235 2184 338 2220 synodo
355 2184 507 2210 abhorrere
524 2181 677 2213 confessus,
695 2181 821 2209 celeriter
843 2181 926 2214 misit,
942 2182 987 2216 qui

204 2230 229 2258 ci
245 2231 379 2260 dicerent,
397 2227 543 2255 consilium
559 2227 618 2261 ejus
635 2234 663 2254 se
679 2226 755 2254 ralde
770 2227 908 2261 amplecti,
925 2235 989 2255 con-

204 2281 316 2303 ventum
348 2273 539 2308 episcoporum
567 2271 618 2299 sibi
650 2279 711 2298 esse
741 2271 768 2298 in
801 2272 988 2306 optatissimis.

205 2322 340 2349 Cancrum
365 2318 509 2353 episcopos
529 2324 594 2344 suos
614 2324 709 2344 omnes
727 2316 753 2343 in
773 2325 856 2344 unum
875 2325 990 2353 congre-

205 2372 292 2402 εςιιοε,
309 2365 399 2392 locum
427 2369 454 2391 ct
471 2369 579 2398 tempus
602 2363 706 2398 synodo
721 2363 834 2398 agundae
850 2364 991 2391 nominare

205 2413 316 2440 debere.
347 2410 458 2437 interim
484 2409 556 2436 haud
578 2408 663 2436 multo
679 2413 739 2444 post
763 2415 872 2436 rursum
889 2416 903 2436 a
921 2416 990 2443 papa

206 2459 302 2485 littera!
326 2455 484 2491 imperatori
501 2454 663 2487 redduntur,
688 2455 790 2489 quibus
817 2455 988 2487 monebatur,

207 2508 235 2530 ut
258 2502 534 2537 procrastinationem
552 2500 649 2535 synodi
669 2500 841 2534 negligentia:
856 2500 938 2528 alicui
955 2508 990 2528 ne

206 2548 369 2576 attribueret
384 2555 390 2574 :
405 2554 434 2574 se
449 2546 558 2581 quidem
574 2545 758 2573 Ecclesiarnm
775 2546 991 2581 redintegrandm

207 2592 361 2621 concordia:
387 2592 454 2619 nihil
480 2592 706 2619 antevertendum
734 2592 852 2625 ducere,
878 2597 905 2619 et
939 2592 991 2619 hoc

208 2648 291 2667 unum
310 2640 337 2666 in
355 2645 461 2666 sumnte
488 2638 651 2665 necessariis
671 2645 828 2668 numerare,
846 2638 915 2665 bello
943 2645 992 2664 au-

209 2692 263 2712 tem
283 2684 402 2711 maximo
422 2683 449 2710 in
469 2683 544 2710 italia
565 2683 636 2710 inter
654 2682 859 2718 potentissimos
883 2683 990 2717 regulos

207 2733 314 2760 exorto,
336 2727 482 2762 multisque
501 2727 642 2754 hominum
664 2727 784 2754 millibus
803 2728 990 2760 concursuris,

209 2775 306 2801 decere
322 2780 352 2800 se
376 2773 402 2799 in
424 2772 517 2808 primis
534 2777 563 2799 ut
579 2777 681 2807 patrem
698 2773 880 2807 spiritualem,
895 2780 990 2807 pacem

208 2819 262 2847 illis
287 2824 313 2845 et
340 2817 425 2845 otium
450 2818 628 2846 consuadere.
649 2818 709 2851 Quo
727 2826 760 2846 ex
776 2819 913 2846 sententia
935 2827 992 2853 per-

209 2865 292 2897 fecto,
312 2863 381 2892 nihil
406 2863 544 2898 antiquius
570 2864 738 2898 habiturum,
754 2872 834 2899 quam
860 2865 993 2893 consultis

1038 1588 1116 1615 τοῦτο
1135 1589 1182 1615 νῦν
1198 1589 1341 1623 ἀδύνατον,
1371 1590 1385 1617 ὂ
1399 1599 1429 1617 τε
1445 1591 1507 1626 γὰρ.
1519 1591 1613 1622 πάπας
1629 1591 1747 1618 ἐνταῦθα
1762 1593 1825 1626 ἀφι-

1039 1635 1138 1661 κέσθαι
1160 1635 1301 1667 ἀδυνάτως
1316 1635 1384 1670 ἔχει,
1402 1635 1465 1670 ἐμοί
1479 1644 1509 1662 τε
1534 1636 1564 1662 οὐ
1590 1636 1683 1672 ῥᾴδιον
1697 1637 1824 1664 τοσοῦτον

1038 1680 1189 1716 ἀποστῆναι
1214 1681 1266 1716 τῆς
1290 1681 1379 1716 ἀρχῆς
1405 1681 1451 1708 διὰ
1468 1681 1530 1713 τοὺς
1552 1684 1676 1717 συνεχεῖς
1689 1683 1824 1718 πολέμους

1039 1727 1086 1753 καὶ
1109 1727 1172 1758 τοὺς
1186 1726 1358 1762 πανταχόθεν
1379 1727 1509 1758 ἐπιόντας
1534 1728 1600 1762 ἡμῖν
1624 1727 1778 1763 βαρϐάρους
1793 1737 1824 1756 τε

1039 1771 1102 1802 τοὺς
1115 1771 1243 1806 ὁμόρους,
1257 1773 1303 1798 καὶ
1319 1772 1380 1803 τοὺς
1391 1772 1488 1804 ἄλλους
1500 1773 1644 1805 δυνάστας,
1659 1775 1683 1801 οἳ
1695 1775 1759 1809 περὶ
1775 1777 1824 1811 τὴν

1040 1816 1130 1843 πίστιν
1144 1819 1209 1852 ἡμῖν
1219 1819 1295 1845 οὐδὲν
1306 1818 1509 1853 διαφερόμενοι,
1521 1819 1596 1854 ὅμως
1607 1820 1732 1855 πολέμιοί
1743 1822 1822 1854 εἰσιν,

1040 1863 1064 1888 εί
1077 1863 1124 1889 καὶ
1136 1864 1175 1898 τῷ
1195 1864 1278 1899 πατρὶ
1301 1863 1433 1895 συνδόξειε
1454 1864 1542 1899 πάπᾳ,
1560 1865 1627 1899 πρός
1641 1874 1667 1892 τι
1684 1865 1738 1892 τῶν
1753 1875 1824 1902 παρ-

1040 1908 1122 1935 αλίων
1148 1908 1303 1944 ἀφιξόμεθα
1323 1910 1432 1944 χωρίων
1456 1911 1488 1936 ἐκ
1513 1910 1691 1945 συνθήματος,
1708 1911 1824 1946 ὂμέσιις

1040 1954 1073 1982 ἂν
1089 1955 1164 1990 σχοίη
1179 1955 1321 1990 ἑκατέροις
1345 1956 1413 1990 πρὸς
1431 1956 1585 1983 ἀπόστασιν
1602 1956 1658 1983 τῶν
1674 1958 1752 1984 οἴκοι.
1770 1959 1825 1984 Καὶ

1040 1999 1112 2027 οὕτω
1127 2001 1355 2035 συνελευσόμεθα,
1373 2002 1476 2033 ἐκεῖνος
1495 2002 1545 2037 μὲν
1560 2002 1624 2033 τοὺς
1639 2003 1670 2029 ἐκ
1685 2002 1734 2037 τῆς
1748 2004 1826 2029 ἑσπέ-

1043 2055 1090 2081 ρας
1106 2046 1176 2080 ἔχων
1193 2047 1352 2082 ἀρχιερέας,
1376 2048 1430 2081 ἐγὼ
1449 2048 1476 2073 δὲ
1499 2049 1561 2079 τοὺς
1585 2048 1756 2083 πατριάρχας
1780 2050 1826 2075 καὶ

1041 2092 1104 2122 τοὺς
1120 2092 1165 2118 ὑπ’
1191 2092 1283 2123 αὐτοῖς
1297 2093 1443 2123 τελοῦντας
1468 2093 1646 2124 ἐπισκόπους,
1663 2094 1784 2120 Πιστεύω
1798 2095 1825 2120 δὲ

1041 2136 1100 2171 Θεῷ
1129 2137 1167 2168 ὡς
1191 2137 1350 2172 ἀπράκτους
1381 2138 1456 2172 ἡμᾶς
1481 2138 1642 2164 ἐπανελθεῖν
1665 2139 1715 2165 οὐκ
1739 2138 1824 2171 ἐάσει,

1004 2203 1028 2232 D
1042 2182 1110 2209 ἀλλὰ
1135 2184 1168 2218 τῇ
1197 2183 1317 2217 σφετέρᾳ
1347 2183 1521 2217 χρησάμενος
1539 2183 1742 2217 φιλανθρωπίᾳ,
1759 2184 1827 2218 .661;-

1044 2229 1124 2264 γήσει
1143 2229 1216 2263 ἡμᾶς
1233 2229 1272 2260 εἰς
1288 2229 1379 2254 πᾶσαν
1394 2229 1444 2262 τὴν
1461 2228 1602 2263 ἀλήθειαν.
1630 2228 1692 2254 Ἐπὶ
1711 2229 1781 2255 τέλει
1798 2229 1827 2256 δὲ

1045 2274 1091 2300 καὶ
1105 2274 1185 2300 τοῦτο
1198 2275 1365 2308 προσετίθει,
1380 2275 1417 2306 ὡς
1439 2275 1464 2301 εί
1486 2274 1602 2309 ἀρεστὸν
1620 2274 1662 2309 εἴη
1683 2276 1762 2310 πάι-τᾳ
1777 2276 1828 2310 τὴν

1042 2319 1150 2345 av};on
1182 2320 1427 2354 συγκῇιοτηοῆναι,
1450 2320 1566 2354 τάχιστα
1597 2317 1674 2351 αὖθις
1707 2321 1829 2354 πέμπειν

1041 2365 1173 2398 ἀγγελίαν
1190 2365 1258 2400 πρὸς
1275 2366 1365 2396 αὑτὸν,
1395 2366 1408 2391 ὃ
1423 2366 1450 2392 τί
1473 2374 1500 2391 τε
1519 2366 1645 2392 συνέθετο
1659 2367 1828 2401 μηνύουσαν,

1041 2411 1089 2438 καὶ
1104 2411 1149 2437 τὸν
1165 2412 1248 2437 τόπον
1264 2411 1310 2437 καὶ
1326 2410 1371 2438 τὸν
1386 2412 1481 2446 χρόνον
1499 2411 1528 2437 ὲν
1547 2408 1569 2444 ᾧ
1581 2413 1720 2446 προσῆκον
1737 2411 1829 2438 συνελ-

1042 2455 1108 2484 θεῖν.
1121 2457 1177 2484 Οὺκ
1189 2457 1279 2490 ὀλίγου
1291 2457 1345 2492 γὰρ
1355 2456 1498 2492 δεήσεσθαι
1509 2457 1604 2491 χρόνου
1615 2457 1662 2483 καὶ
1673 2457 1754 2483 αὑτὸν
1765 2457 1830 2488 τούς

1041 2510 1070 2528 τε
1080 2503 1252 2537 πατριάρχας
1264 2502 1511 2537 μεταπεμπόμενον
1531 2503 1646 2533 καὶτοὺς
1656 2502 1751 2534 ἄλλους
1768 2503 1831 2529 ἑπι-

1042 2541 1171 2578 σκόπους.
1197 2547 1314 2574 Τοιαῦτα
1343 2548 1418 2582 μὲνό
1445 2547 1664 2584 βασιλεὺςίπρδς
1685 2548 1735 2580 τὴν
1760 2555 1830 2583 πρε-

1044 2592 1138 2618 σϐείαν
1156 2593 1234 2619 mina
1249 2593 1417 2627 ἀπεκρίνατο
1434 2600 1440 2607 ·
1459 2592 1506 2618 καὶ
1526 2592 1614 2618 ἐδόκει
1631 2592 1757 2627 βέλτιστα
1772 2593 1829 2624 τοῖς

1043 2638 1279 2671 πρεσϐευομένοις
1303 2637 1487 2670 ἐπισκόποις,
1509 2637 1534 2663 οἳ
1558 2637 1664 2664 πολλῶν
1695 2638 1832 2674 πρότερον

1041 2692 1071 2709 τε
1094 2684 1140 2710 καὶ
1158 2684 1304 2718 μέλλοντες
1329 2685 1484 2719 ἀναχωρεῖν
1500 2683 1576 2717 παρά
1596 2683 1728 2718 βασιλέως
1751 2684 1832 2718 εὐερ-

1042 2729 1142 2763 γεσιῶν
1173 2729 1302 2764 τυχόντες
1327 2748 1334 2760 ,
1363 2729 1473 2763 ἀπῆραν
1510 2728 1579 2763 πρὸς
1613 2730 1663 2763 τὴν
1694 2729 1800 2754 οἰκείαν
1821 2735 1830 2744 ⁸

1043 2774 1090 2800 καὶ
1107 2774 1324 2808 παραγενόμενοι
1348 2775 1417 2808 πρὸς
1439 2774 1542 2806 πάπαν,
1559 2774 1608 2808 τήν
1623 2781 1652 2799 τε
1677 2773 1829 2808 πρεσϐείαν

1043 2820 1224 2855 ἀπήγγελλον,
1240 2820 1287 2846 καὶ
1310 2819 1424 2852 πολλοὺς
1446 2819 1587 2854 διεξῄεσαν
1602 2819 1731 2850 ἐπαίνους
1755 2819 1828 2855 ὑπὲρ

1044 2866 1188 2902 βασιλέως,
1211 2868 1259 2892 καὶ
1280 2867 1328 2898 τὰς
1352 2867 1550 2901 γεγραμμένας
1576 2865 1746 2900 ἐφημερίδας
1771 2865 1831 2892 ὲπι-
