1933 3083
155 112 189 144 79

745 109 903 139 JUAN‘NIS
924 94 1186 140 iiAN'r'ACUZENt

1729 109 1764 142 {0

154 170 188 196 ob
203 168 344 196 dimissum
367 166 490 198 militem,
512 173 592 200 quem
617 173 726 192 rursum
758 174 855 200 cogere
879 170 930 192 tam

986 175 1064 191 τινων
1081 167 1238 201 φροντίδων.
1253 165 1358 198 Μεταξὺ
1370 167 1397 193 δὲ
1415 167 1544 199 ὁδεύοντι,
1561 167 1709 202 ἠγγέλλετο
1725 166 1769 200 ὡς’

155 215 230 242 brevi
253 219 376 248 tempore
399 220 453 239 non
478 216 595 246 poterat,
613 211 814 245 metuebatque,
833 219 867 238 ne
891 211 931 238 in-

155 265 228 287 terea
251 259 315 286 dum
342 255 467 293 cogeret,
489 257 578 284 Persa;
602 265 663 283 cum
688 257 776 291 praeda
796 257 823 283 in
841 256 930 283 Asiam

154 304 364 339 renavigarent,
392 308 419 330 ct
447 303 504 337 ipse
530 302 668 329 incassum
697 302 812 329 veniret.
838 302 931 335 Itaque

155 354 276 381 coaetus,
293 354 455 384 prmseutem
473 348 579 383 copiam
606 348 634 374 in
659 348 720 374 illos
737 348 819 379 ducit,
836 352 863 374 ct
882 356 931 382 po-

154 396 250 422 stridie
273 395 343 429 apud
368 398 488 421 montem
509 393 613 427 Lippiei
639 393 803 427 appellatum
827 398 931 420 castra-

155 440 319 467 metantibus
344 439 553 474 appropinquat.
573 438 654 465 Forte
672 438 698 465 in
718 439 777 465 loco
802 437 932 472 impedito

154 485 243 512 Persae
270 485 426 516 tendebant,
445 488 472 510 et
500 484 690 518 imperatorem
716 483 860 519 conﬂigere
884 491 932 511 vo-

154 531 254 557 lentem
276 530 371 557 adesse
394 529 563 556 nesciebant.
588 529 736 563 lmperator
752 534 842 556 autem
864 529 931 557 locis

154 575 318 606 dillicilibus,
337 574 469 608 fossisque
497 579 524 600 et
541 574 656 600 vallibus
673 574 846 608 interruptis,
863 582 930 609 quos

153 622 270 649 ducebat
289 620 488 655 cataphractos,
506 620 652 654 sagittariis
675 620 782 647 levibus
810 625 838 646 et
854 627 931 655 expe-

153 667 217 694 ditis
243 666 419 701 opponendos
443 673 497 691 non
521 665 643 699 putabat.
663 664 728 692 Nam
751 670 928 700 praeterquam

153 713 226 748 quod
253 712 343 745 plures
367 715 457 742 erant,
479 710 560 737 etiam
587 710 772 737 diiIicullatem
801 712 851 738 loci
876 720 929 739 non

148 766 247 793 partim
264 758 297 785 iis
308 758 340 785 ad
354 757 494 785 victoriam
512 757 642 783 tnomenti
658 757 810 784 allaturam.
827 757 931 786 Idcirco

154 804 338 838 prosp'cichat
364 803 432 835 suis,
453 808 481 830 ut
507 802 533 828 in
557 802 625 830 locis
649 803 832 837 opacissimis,
848 808 875 831 et
895 805 929 831 ad

152 850 345 876 occultandum
369 856 429 876 sese
453 849 559 876 idoneis
582 849 771 881 densareutur,
788 857 850 876 cum
867 857 930 876 cau-
945 838 966 866 Β

154 897 227 924 tione
255 896 351 928 multa,
373 903 407 922 ne
436 903 451 922 a
475 895 601 923 Barbaris
628 896 865 930 conspicerentur.
891 896 930 924 lta

152 942 286 976 reliquum
307 942 376 968 diem
401 942 610 974 consumebant,
627 941 750 969 fallentes
774 942 833 969 illos
853 943 898 977 qui
916 950 931 969 ο

154 987 263 1022 regione
281 992 368 1014 castra
385 987 531 1014 habebant.
549 986 612 1014 Sole
625 987 679 1021 jam
696 987 848 1020 occidente,
864 987 929 1015 Bar-

151 1033 209 1061 bari
226 1033 323 1060 castris
341 1033 488 1067 przedatum
506 1040 561 1067 quo
577 1033 678 1060 libebat
695 1034 886 1068 procedebant,
904 1038 931 1061 et

153 1077 299 1112 imperator
318 1085 365 1104 eos
385 1077 458 1104 lento
476 1078 560 1112 gradu
585 1082 640 1104 tota
665 1083 746 1105 nocte
765 1079 931 1107 omnimodis

152 1124 238 1150 latere
260 1123 373 1151 studens
400 1124 574 1157 Sequebatur.
593 1123 673 1158 739
690 1124 804 1152 Postero
829 1125 872 1152 die
897 1126 930 1152 ad

152 1168 289 1195 Mesenam
315 1167 444 1201 oppidum
473 1168 581 1202 agmina
609 1168 688 1194 ambo
715 1168 844 1201 Veniunt,
870 1177 931 1196 con-

153 1213 282 1247 ﬂictuque
307 1213 385 1240 inito.
405 1212 518 1238 Romani
543 1212 667 1246 plurimls
685 1213 863 1241 Barbarorum
885 1223 931 1242 oc-

153 1259 227 1289 cisis,
245 1258 338 1284 multis
358 1257 438 1284 etiatn
462 1257 559 1291 captis,
577 1257 678 1285 virtute
699 1258 838 1286 victoriam
857 1260 930 1287 obti-

154 1308 281 1330 nuerunt.
301 1303 329 1329 In
350 1311 438 1337 pugna
463 1303 532 1330 alter
559 1303 675 1336 durum,
703 1304 930 1333 Caraniachumet

153 1348 296 1379 votabulo,
314 1355 335 1374 ci
346 1348 429 1378 cidit;
451 1347 528 1381 pauci
553 1347 598 1382 qui
623 1348 650 1374 in
675 1356 793 1383 praesens
816 1356 929 1377 mortem

152 1394 316 1428 effugerunt,
336 1401 397 1419 cum
423 1393 607 1420 Maratumano
624 1394 709 1421 altero
728 1394 796 1421 duce
814 1396 930 1422 desertis

154 1440 232 1474 equis
255 1439 350 1466 collem
370 1441 519 1475 \qnemdam
545 1443 724 1473 occuparunt,
744 1440 814 1466 unde
835 1441 930 1467 crebro

154 1485 180 1510 in
213 1484 350 1510 Romanos
373 1483 541 1518 iaculantes,
569 1483 722 1517 multosque
750 1489 778 1510 et
800 1493 884 1518 equos
904 1489 928 1511 cl
945 1500 966 1529 ρ

154 1530 253 1556 milites
270 1529 441 1556 vulnerantes
458 1536 518 1556 sese
535 1529 689 1556 tuebantur.
711 1530 738 1556 lu
751 1535 859 1564 perator
874 1531 931 1557 suis

153 1577 272 1605 ediccus,
287 1576 325 1602 uti
341 1583 428 1609 pugna
445 1575 623 1607 abstinerent,
637 1577 747 1610 propior
760 1577 855 1609 luctus,
868 1577 931 1604 Pcr-

153 1629 197 1649 Sas
222 1629 250 1648 se
276 1621 373 1648 (ledere
394 1620 486 1654 jussit,
505 1620 575 1647 nihil
598 1621 708 1655 gravius
734 1621 930 1656 formidantes;

153 1672 212 1695 crat
227 1668 299 1694 enim
315 1667 366 1694 illis
383 1667 453 1693 baud
468 1666 587 1701 ignotus.
601 1667 697 1702 quippe
709 1668 817 1702 quicum
832 1669 931 1702 smpiirs

153 1712 223 1738 bello
240 1711 311 1739 civili
329 1711 520 1738 militaverant.
538 1710 589 1743 Qui
607 1711 787 1741 aﬂirmaruut,
806 1713 831 1738 in
849 1713 932 1740 armis

153 1765 202 1791 pro
219 1765 248 1784 se
265 1757 424 1784 dimicantes
442 1762 548 1790 paratos
563 1757 734 1789 occumbere,
751 1765 798 1784 ucc
813 1758 931 1792 abjicere

153 1810 227 1838 spem
252 1802 358 1833 salutis.
377 1809 427 1828 nec
446 1809 507 1828 cum
525 1809 655 1836 generosa
678 1807 764 1830 morte
787 1803 814 1829 in
837 1804 931 1838 praelio

153 1853 258 1882 turpem
288 1851 314 1874 et
333 1847 464 1882 abjectam
488 1847 646 1874 servitutem
664 1852 832 1874 commutare
851 1849 930 1876 velle.

153 1893 273 1921 Vacante
298 1897 387 1919 autem
413 1900 462 1923 eo,
490 1892 668 1926 hortanteque
693 1892 732 1918 uti
761 1893 928 1921 confidentes

153 1937 220 1964 nihil
240 1943 321 1963 secus
339 1943 476 1970 passuros,
494 1935 608 1962 libenter
628 1943 657 1963 se
675 1937 819 1970 traderent,
837 1937 928 1964 statim

153 1986 337 2013 accesserunt,
356 1985 383 2008 et
405 1980 573 2012 circumfusi,
591 1988 654 2007 eum
675 1981 761 2008 solum
789 1982 815 2008 in
841 1983 931 2017 medio

154 2029 282 2056 habentes
311 2027 475 2058 adorarunt,
503 2027 582 2060 eique
608 2027 688 2060 pedes
714 2027 830 2055 osculati
856 2032 927 2055 sunt.

153 2074 212 2107 Quo
238 2073 298 2099 illos
323 2072 487 2106 alloquente,
506 2076 533 2098 et
556 2071 679 2105 iniquum
699 2071 805 2099 facinus
831 2079 929 2107 expro-

154 2120 257 2149 brante,
278 2117 349 2151 quod
368 2117 446 2143 amici
464 2123 526 2142 eum
553 2119 656 2147 essent,
677 2116 704 2142 in
721 2123 796 2143 suam
819 2118 930 2152 provin-

983 211 1052 236 κατὰ
1079 212 1124 237 τὸν
1160 211 1354 245 Ἑλλήσποντον
1385 213 1498 246 στρατιὰ
1522 213 1633 248 Περσῶν
1663 215 1762 249 ἱππικὴ

983 255 1166 290 περαιωθεῖσαι
1194 256 1276 290 ὀλίγῳ
1300 256 1427 289 ἐλάσσους
1446 257 1584 292 δισχιλίων
1599 258 1761 292 ἐπιλέκτων,

983 300 1115 334 ἐτράπετο
1137 301 1182 326 ἐπὶ
1205 300 1350 335 λεηλασίαν
1368 302 1438 327 κατὰ
1459 302 1509 333 τὰς
1531 302 1579 337 τῆς
1591 302 1700 338 Θρᾴκης
1716 305 1763 330 πίε

982 345 1048 377 λεις.
1066 345 1182 381 Ἤχθετο
1208 347 1256 381 μὲν
1280 346 1326 373 οὖν
1355 347 1436 379 εὐθὺς
1457 349 1471 374 ὁ
1498 347 1624 382 βασιλεὺς
1642 349 1688 374 ἐπὶ
1711 349 1762 382 τῆς

982 392 1113 426 στρατιᾶς
1136 393 1169 426 τῇ
1194 391 1329 418 δισλύσειο
1353 382 1578 428 μεταπέμπεσθαι
1604 393 1658 428 γὰρ
1683 391 1762 425 αὖθις

981 439 1030 464 οὐκ
1047 438 1119 472 ἐνῆν,
1135 438 1184 464 οὐκ
1196 438 1374 471 ἐξαρκοῦντος
1384 439 1430 465 τοῦ
1446 439 1551 474 χρόνου.
1576 440 1686 467 Ἐδεδίει
1703 441 1760 475 γὰρ

983 483 1020 518 μὴ
1033 484 1060 508 ὲν
1072 480 1094 516 ᾧ
1114 484 1163 518 τὴν
1179 484 1307 518 στρατιὰν
1330 484 1464 518 συλλέγων
1487 484 1630 519 διατρίϐοι,
1647 485 1671 511 εί
1690 485 1760 519 Πέρ-

982 537 1027 555 σαι
1045 529 1092 563 μὲν
1110 530 1159 563 τὴν
1181 529 1256 555 λείαν
1271 530 1383 563 ἄγοντες
1405 527 1484 561 αὖθις
1509 530 1699 565 περαιωθῶσιν
1721 531 1761 561 είς

987 573 1090 606 Ἀσίαν,
1121 574 1259 610 ὑστερήσῃ
1281 575 1309 600 δὲ
1336 575 1432 602 ἐλθών.
1457 575 1539 602 Ὅθεν
1564 577 1605 606 είς
1638 576 1761 610 ἀνάγκην

982 611 1196 654 συνωθούμενος,
1212 620 1309 655 ἐχώρει
1333 621 1392 655 μεθ’
1410 617 1446 647 ὧν
1468 618 1542 656 εῖχεν
1564 622 1607 648 ἐπ’
1629 621 1760 652 ἐκείνους,

982 665 1029 692 καὶ
1056 666 1095 697 είς
1122 665 1170 701 τὴν
1188 666 1327 698 ἐπιοῦσαν,
1350 667 1433 701 ἐγγὺς
1447 663 1565 700 ’ἐγένετο
1589 667 1712 701 Περσῶν,
1735 667 1762 693 οἳ

983 711 1257 746 ἐστρατοπεδευμένοι
1280 710 1351 746 ἦσαν
1370 713 1441 738 κατὰ
1456 712 1486 739 τὸ
1503 712 1550 739 τοῦ
1567 713 1681 743 Λίπικος
1697 712 1760 747 ὅρος

982 757 1264 792 προσαγορευόμενον.
1293 757 1396 792 Συνέϐη
1426 758 1454 785 δὲ
1480 758 1508 785 ἔν
1538 767 1568 786 τε
1596 759 1761 793 δυσχωρίαις

981 801 1043 833 τοὺς
1062 802 1169 836 Πέρσας
1193 802 1466 837 ὲστρατοπεδεῦσθαι,
1490 804 1536 830 καὶ
1557 804 1640 839 μηδὲν
1661 804 1760 830 ειδέναι

982 849 1045 881 περὶ
1066 847 1208 882 βασιλέως,
1224 847 1262 880 ὡς
1276 849 1359 883 ἐγγὺς
1379 849 1422 884 εἴη
1446 849 1651 884 συμπλέκεσθαι
1668 849 1761 885 βουλό-

982 901 1073 927 μενος.
1090 894 1201 920 Βασιλεῖ
1213 895 1241 921 δὲ
1254 895 1304 921 οὐκ
1325 895 1411 922 ἐδόκει
1421 895 1475 922 δεῖν
1490 896 1519 923 ὲν
1532 896 1695 931 δυσχωρῖαις
1714 896 1761 921 καὶ

981 939 1104 974 τάφροις,
1119 940 1166 965 καὶ
1183 941 1304 976 φάραγξι
1322 941 1547 976 διατετμημένοις
1563 942 1672 977 χωρίοις
1686 941 1762 973 τοξο-

980 994 1039 1017 ταις
1067 985 1114 1012 καὶ
1143 986 1285 1014 εὑστιλέσι
1315 988 1362 1014 καὶ
1391 989 1520 1023 κούφοις,
1549 987 1760 1023 καταψράκτους

980 1031 1053 1064 ἄγων
1076 1031 1281 1065 συμπλέκεσθαι
1312 1033 1382 1068 πρὸς
1413 1034 1514 1068 μάχην.
1547 1034 1618 1068 Πρὸς
1644 1033 1698 1068 γὰρ
1722 1033 1761 1067 τῷ

981 1075 1196 1107 πολλαπλασίους
1220 1074 1304 1110 εἶναι,
1325 1078 1371 1104 καὶ
1398 1079 1414 1113 ἡ
1442 1078 1579 1114 δυσχωρία
1604 1078 1656 1105 οὐκ
1683 1077 1762 1111 ὀλίγα

982 1121 1162 1154 συμϐαλεῖται
1193 1122 1260 1156 προς
1286 1122 1334 1157 τὴν
1362 1123 1507 1158 νίκην-δι’
1530 1124 1548 1151 ἃ.
1575 1124 1683 1150 ἐκέλευε
1712 1124 1761 1160 τὴν

981 1167 1112 1202 στρατιὰν
1128 1168 1340 1202 καταζευγνύειν
1353 1169 1382 1196 ἐν
1395 1170 1488 1201 τόποις
1512 1169 1630 1205 μάλιστα
1643 1178 1759 1205 συνηρε-

981 1212 1043 1246 φέσι
1063 1214 1109 1238 καὶ
1126 1213 1284 1248 δυναμένοις
1297 1215 1494 1250 ἀποκρύπτειν,
1511 1215 1612 1251 πολλὴν
1628 1217 1758 1250 πρόνοιαν

981 1259 1158 1293 ποιουμένους
1173 1260 1209 1294 μὴ
1226 1260 1370 1296 κατάδηλοι
1385 1262 1510 1295 γενέσθαι
1528 1263 1582 1293 τοῖς
1598 1261 1757 1297 βαρϐάροις.

980 1306 1033 1331 Καὶ
1048 1305 1178 1340 διήγαγον
1191 1307 1263 1333 οὕτω
1277 1307 1307 1333 τὸ
1322 1308 1414 1333 λεῖπον
1431 1307 1480 1343 τῆς
1494 1307 1602 1342 ἡμέρας
1616 1309 1672 1338 τοῖς
1694 1308 1760 1342 βαρ-

980 1350 1073 1384 ϐάροις
1087 1352 1441 1386 ἀντιστρατοπεδευομένοις
1460 1352 1649 1386 ἀγνοούμενοι.
1663 1353 1760 1378 Δύνον-

980 1404 1024 1427 τος
1041 1397 1069 1422 δὲ
1083 1397 1156 1431 ἡλίου
1169 1397 1231 1432 ἤδη,
1243 1397 1270 1424 οῖ
1280 1406 1309 1423 τε
1326 1399 1462 1433 Βάρϐαροι
1475 1399 1506 1424 ὲκ
1519 1398 1565 1424 τοῦ
1579 1399 1761 1432 στρατοπέδου

981 1442 1106 1476 ἄραντες,
1125 1443 1247 1476 ἐϐάδιζον
1261 1453 1277 1481 ῃ
1292 1444 1383 1475 αὐτοῖς
1397 1445 1483 1471 ἐδόκει
1497 1446 1543 1472 ὲτιὶ
1554 1445 1592 1479 τῷ
1605 1445 1760 1479 ληῖσισθαι.

983 1488 1036 1513 Καὶ
1054 1489 1068 1513 ὁ
1087 1488 1213 1521 βασιλεὺς
1227 1488 1275 1523 τὴν
1292 1490 1420 1523 στρατιὰν
1435 1490 1515 1524 ἔχων,
1533 1490 1575 1526 ᾔει
1596 1491 1677 1525 σχολῇ
1694 1498 1760 1516 κατ-

982 1533 1045 1558 όπιν
1059 1533 1102 1559 διὰ
1124 1534 1213 1568 πάσης
1230 1534 1278 1568 τῆς
1297 1534 1405 1566 νυκτὸς,
1420 1536 1512 1562 πᾶσαν
1526 1535 1654 1569 πρόνοιαν
1669 1534 1761 1561 ποιούα

984 1586 1063 1611 μενος
1087 1578 1263 1612 ἀγνοηθῆναι.
1281 1579 1320 1614 Τῇ
1347 1579 1459 1615 ἐπιούσῃ
1487 1579 1516 1606 δὲ
1535 1581 1567 1606 ἐν
1583 1580 1698 1615 Μεσήνῃ
1724 1580 1758 1614 τῇ

982 1624 1057 1649 πόλει
1088 1624 1237 1659 συνηνέχθη
1265 1625 1299 1651 τὰ
1329 1625 1499 1660 στρατόπεδα
1525 1625 1688 1660 ἀμφότερα,
1713 1627 1761 1653 καὶ

982 1667 1132 1703 γενομένης
1148 1668 1296 1703 συμϐολῆς,
1312 1669 1410 1696 ἐνίκων
1424 1671 1448 1696 οι
1462 1669 1592 1704 Ῥωμαῖοι
1609 1671 1679 1697 κατὰ
1694 1670 1762 1705 κρά-

982 1721 1037 1744 τος,
1061 1714 1107 1740 καὶ
1126 1713 1190 1745 τοὺς
1207 1714 1350 1746 πλείστους
1370 1714 1420 1748 μὲν
1446 1715 1570 1742 ἔκτειναν
1585 1714 1639 1742 τῶν
1651 1715 1759 1750 Βαρϐά-

984 1767 1037 1793 ρων
1049 1779 1057 1792 ,
1074 1755 1143 1785 εἶλον
1166 1759 1193 1786 δὲ
1209 1761 1255 1786 καὶ
1270 1759 1373 1792 ζῶντας
1389 1758 1512 1792 πολλούς.
1529 1761 1629 1787 Ἐπεσε
1645 1760 1674 1787 at
1685 1761 1731 1787 καὶ
1747 1760 1762 1786 ό

982 1806 1074 1841 ἕτερος
1091 1806 1144 1833 τῶν
1169 1808 1329 1842 στρατηγῶν
1346 1809 1417 1835 κατὰ
1432 1809 1482 1843 τὴν
1509 1809 1609 1844 μάχην,
1626 1809 1759 1844 Καραμα-

982 1852 1083 1886 χούμετ
1101 1853 1382 1888 προσαγορευόμενος.
1406 1853 1435 1879 Ὀ
1451 1853 1478 1879 δὲ
1499 1853 1592 1884 λοιπὸς
1616 1854 1763 1888 Μαρατου-

984 1896 1077 1930 μάνος,
1106 1897 1215 1931 ὀλίγους
1237 1898 1292 1925 τῶν
1320 1899 1349 1925 ὲν
1378 1898 1415 1933 τῷ
1440 1899 1539 1925 αὐτίκα
1563 1899 1592 1926 τὸ
1616 1899 1762 1926 ἀποθανεῖν

981 1941 1166 1975 διαφυγόντων
1196 1942 1283 1978 ἔχων,
1311 1944 1365 1971 τῶν
1397 1944 1488 1971 ἵππων
1511 1945 1664 1976 ἀποϐάντες
1688 1945 1762 1980 λόφῳ

982 1986 1194 2023 προσεχώρησαν
1224 1997 1295 2015 τινι·
1323 1989 1371 2016 καὶ
1404 1991 1591 2022 καταστάντες
1627 1991 1762 2026 ἠμύνοντο

983 2032 1124 2067 βάλλοντες
1137 2036 1242 2070 συχνοῖς
1257 2036 1312 2068 τοῖς
1329 2035 1435 2071 βέλεσιν
1457 2037 1511 2064 ἀπὸ
1535 2037 1582 2064 τοῦ
1597 2037 1679 2072 λόφου
1697 2038 1760 2068 τοὺς

989 2079 1149 2114 Ῥωμαίους.
1167 2081 1214 2107 καὶ
1232 2081 1346 2114 πολλοὺς
1360 2082 1524 2117 ἐτίτρωσκον
1548 2082 1717 2118 στρατιώτας
1731 2091 1760 2109 τε

983 2124 1030 2151 καὶ
1042 2124 1152 2157 ἵππους.
1164 2125 1302 2157 Κελεύσας
1312 2126 1340 2153 δὲ
1355 2128 1368 2154 ὸ
1383 2127 1510 2162 βασιλεὺς
1524 2127 1692 2163 ἀποσχέσθαι
1708 2127 1760 2163 μά-

153 2165 222 2190 ciaiu
248 2163 408 2193 irruisscnt,
432 2161 601 2196 Nicephorus
623 2161 735 2196 despota
762 2169 845 2196 gener
867 2171 929 2190 cum

982 2179 1033 2205 χης
1047 2170 1078 2196 τδ
1102 2172 1295 2205 στρατόπεδον,
1312 2161 1395 2206 ἐγγὺς
1421 2175 1567 2209 γενόμενος
1593 2161 1684 2206 αὐτος,
1700 2161 1761 2200 έκε-

153 2209 371 2236 adolcscenti'uus
395 2207 556 2242 quibusdam
581 2207 717 2234 nobilibus
741 2211 843 2235 temere
868 2215 930 2243 per-

154 2254 270 2282 turbatis
290 2253 442 2284 ordiuibus,
459 2253 485 2280 in
507 2257 656 2279 extremum
674 2252 822 2280 discrimen
842 2254 931 2288 impe-

152 2305 269 2327 ratorem
286 2299 412 2333 coujecit.
432 2299 537 2325 Etenim
554 2302 664 2333 repente
680 2298 706 2324 in
721 2299 931 2327 circumstantes

153 2347 248 2373 Persas
273 2345 445 2372 incurrentes
463 2351 511 2370 eos
533 2345 592 2371 neci
616 2344 724 2371 dabant.
746 2344 797 2377 Qui
822 2346 931 2374 nudatis

152 2391 273 2422 ensibus,
293 2390 380 2422 facile,
400 2390 423 2416 si
439 2389 598 2422 voluissent,
617 2389 808 2424 imperatorem
827 2391 854 2418 in
872 2399 931 2419 me-

152 2439 197 2465 dio
213 2445 307 2465 eorum
325 2436 521 2464 consistentem
546 2436 737 2464 trucidassent.
760 2436 821 2464 Rati
837 2445 928 2472 porro,

152 2483 178 2510 id
203 2482 274 2517 quod
300 2485 368 2512 erat,
389 2485 488 2516 przeter
512 2480 585 2507 illius
607 2480 773 2508 voluntatem
799 2481 929 2510 militibus

153 2527 325 2554 turbantibus
341 2526 367 2552 id
383 2525 524 2557 accidisse,
540 2525 609 2552 nihil
625 2529 724 2560 praeter
744 2525 784 2552 fas
804 2531 928 2562 egerunt.

152 2572 299 2607 Imperator
329 2574 358 2598 ut
388 2570 519 2605 quosdam
547 2570 651 2605 aspexit
679 2570 810 2604 interﬁci,
839 2573 930 2600 statim

152 2618 262 2646 Persica
289 2617 377 2652 lingua
404 2617 559 2648 mandavit,
587 2615 626 2642 uti
654 2616 682 2643 in
708 2616 803 2644 collem
833 2618 930 2647 salutis

151 2670 233 2690 causa
265 2662 459 2697 confugerent,
489 2668 539 2688 nec
571 2661 643 2688 enim
678 2661 930 2696 Persice_omnino

151 2708 299 2735 nesciebat.
315 2708 416 2735 Navem
436 2707 482 2734 illo
497 2706 611 2742 impetu.
629 2714 682 2734 una
697 2714 759 2734 cum
773 2706 842 2734 duce
856 2707 929 2735 desi--

151 2752 271 2784 deratis,
299 2753 367 2781 colle
391 2760 486 2780 rursus
514 2760 681 2786 conscenso,
710 2760 828 2788 pugnam
857 2753 929 2782 ciere

152 2796 319 2826 institerunt.
337 2798 489 2833 imperator
507 2798 548 2825 ira
570 2797 765 2832 inﬂammatus,
781 2805 928 2834 generum-

981 2213 1042 2240 λευε
1068 2215 1124 2246 τοῖς
1149 2215 1268 2251 Πέρσαις
1290 2219 1462 2253 προσχωρεῖν
1487 2219 1561 2254 αὺτῷ
1588 2219 1671 2254 μηδὲν
1696 2220 1762 2245 ὐπο-

982 2259 1130 2291 πτεύοντας
1157 2261 1255 2290 δεινόν.
1271 2260 1325 2289 Ἦν
1342 2263 1396 2298 γὰρ
1422 2265 1514 2296 αὐτοῖς
1546 2264 1596 2291 οὐκ
1621 2265 1761 2298 ἄγνωστος

982 2304 1111 2337 πολλάκις
1140 2307 1357 2341 συστρατεύσασι
1382 2309 1451 2336 κατὰ
1479 2310 1525 2342 τὸν
1551 2309 1597 2336 τοῦ
1626 2309 1760 2344 ἐμφυλίου

981 2350 1100 2385 πολέμου
1127 2352 1232 2387 χρόνον.
1250 2353 1282 2381 οι
1307 2354 1330 2380 δ’
1345 2355 1449 2389 ἔφασαν
1473 2355 1586 2390 γνώμης
1601 2355 1651 2390 μὲν
1673 2356 1760 2386 οὕτως

981 2393 1063 2429 ἔχειν,
1080 2395 1118 2427 ὡς
1137 2396 1165 2423 ὲν
1194 2398 1250 2428 τοῖς
1271 2397 1363 2430 ὅπλοις
1383 2399 1564 2434 ἀποθνήσκειν
1582 2399 1763 2434 ἀμυνόμενοι,

980 2441 1028 2467 καὶ
1055 2441 1091 2475 μὴ
1117 2443 1335 2477 καταπροῖεσθαι
1349 2444 1399 2476 τὰς
1413 2443 1459 2472 τοῦ
1478 2444 1613 2476 σώζεσθαι
1629 2444 1739 2476 ἐλπίδας
1750 2452 1758 2460 ⁸

983 2486 1043 2521 μηδ’
1070 2486 1246 2515 ἀλλάττεσθαι
1279 2489 1402 2517 δουλείαν
1437 2490 1553 2525 αἰσχρὰν
1582 2490 1630 2517 καὶ
1659 2491 1759 2525 ἀγεννῆ

980 2533 1040 2559 ἀντὶ
1053 2532 1100 2559 τοῦ
1117 2534 1289 2569 μαχομένους
1304 2536 1435 2569 γενναίως
1456 2537 1650 2570 ἀποθνήσκειν.
1671 2535 1760 2562 Αὐτοῦ

980 2577 1010 2604 δὲ
1037 2578 1182 2610 καλοῦντος
1215 2580 1262 2606 καὶ
1300 2581 1457 2612 κελεύοντος
1485 2581 1656 2617 θαρῤεϊν,ὼς
1684 2582 1760 2609 οὐδὲν

981 2623 1184 2658 ὑπομενοῦντας
1199 2625 1322 2659 ἀγεννὲς,
1337 2626 1484 2661 προθύμως
1499 2627 1664 2662 ὲγχειρίσειν
1676 2628 1758 2662 σφᾶς.

980 2669 1028 2695 καὶ
1046 2669 1201 2704 προσῄεσαν
1228 2671 1339 2702 αὐτίκα,
1353 2673 1401 2698 καὶ
1423 2673 1642 2709 περιϊστάμενοι,
1660 2680 1759 2708 προσε-

980 2711 1076 2738 κύνουν
1086 2713 1133 2738 καὶ
1149 2713 1305 2746 ἠσπάζοντο
1318 2714 1381 2746 τοὺς
1394 2715 1478 2747 πόδας
1506 2717 1587 2751 μόνον
1601 2717 1709 2752 ἔχοντες
1730 2719 1759 2743 ὲν

980 2756 1083 2791 μέσοις.
1107 2757 1302 2794 Διαλεγομένου
1318 2759 1346 2786 δὲ
1362 2760 1467 2787 ἐκείνου
1488 2763 1545 2793 τοῖς
1565 2763 1696 2797 Πέρσαις,
1711 2763 1758 2789 καὶ

978 2802 1028 2837 τὴν
1045 2803 1241 2839 ἀγνωμοσύνην
1258 2805 1447 2839 ὀνειδίζοντος,
1461 2806 1569 2835 ὅτιτῶν
1585 2808 1670 2843 φίλων
1682 2807 1758 2839 ὄντες
