1933 3083
157 159 196 190 85
728 160 754 190 Π
762 160 884 190 lSTORl
891 161 962 192 ΔΒΗ

1020 162 1134 192 LIBER
1152 163 1197 194 ιν.

157 214 274 251 χωρίου,
305 214 352 241 καὶ
377 214 446 249 πρὸς
471 215 503 242 τὸ
531 216 633 252 πλῆθος
661 217 716 243 τῶν
743 218 886 252 φορτίδων,
917 218 950 249 ἃς

1014 218 1097 245 eriam
1114 219 1181 246 ciam
1204 218 1403 247 conveltebant.
1420 220 1566 254 Postquam
1584 224 1673 246 autem
1694 220 1781 253 impe-

158 263 311 296 ἐκτήσαντο
330 261 461 296 Ῥωμαῖοι
489 264 567 297 ναῦς,
584 264 734 299 ἐσκέψαντο
759 265 881 300 πόλεμον
908 274 950 292 κι-

158 310 226 341 νεῖν,
241 308 275 334 i'v'
286 308 353 344 ὁμοῦ
380 317 410 336 τε
430 309 543 344 εῐργωσι
564 310 719 345 Ῥωμαίους
734 312 782 345 τῆς
800 311 948 345 θαλάττης,

159 354 210 381 καὶ
235 353 265 379 τδ
290 352 400 387 χωρίον,
426 354 451 379 εί
481 354 615 387 δύναιντο,
645 355 784 390 τειχίζωσι
816 355 950 389 βασιλέως

159 399 285 430 ἄκοντος.
301 400 356 426 Καὶ
379 401 523 434 συνέλεγον
544 401 636 432 λίθους
654 401 769 435 λογάδην
784 402 826 435 ἐφ’
840 401 949 435 ἑτέραις

159 443 193 478 δή
211 452 264 470 τισι
280 445 443 479 προφάσεσι,
459 445 506 472 καὶ
527 445 577 480 τὴν
587 446 675 480 ἄλλην
690 446 756 479 ὕλην
771 446 950 480 συνεπόριζον

160 489 192 514 ὲν
211 488 372 524 ἀπορρήτῳ.
393 489 470 516 Ἐπεὶ
495 491 523 517 δὲ
549 491 676 525 βασιλεὺς
690 493 777 518 νοσεῖν
793 493 821 518 ἐν
839 492 951 526 Διδυμα-

159 535 246 570 τείχῳ
267 535 411 568 ἔγνωσται,
428 538 524 572 καιρὸν
548 536 619 564 εἶναι
643 539 784 574 οἰηθέντες
798 540 951 571 ἐπιτηδεύ-

159 589 244 608 τατον
260 583 353 615 αὐτοῖς
369 584 438 618 πρὸς
459 584 645 619 ἐπιχείρησιν,
660 585 759 620 ἀορόον
781 586 951 613 ἐπιτίθενται

161 627 260 657 νυκτὸς
273 628 342 653 κατᾶ
352 627 402 663 τὴν
416 629 531 660 περαίαν
546 629 651 656 οἰκοῦσι
668 630 814 665 Ῥωμαίοες
832 631 950 666 πρῶτον,

161 673 211 698 καὶ
227 674 276 703 τὰς
302 674 391 704 οἰκίας
417 675 526 705 ἁπάσας
550 676 707 710 ἐνέπρησαν
733 677 811 710 πυρί.
829 677 875 707 Εἰς
904 676 952 712 τὴν

161 718 312 753 ὑστεραίαν
324 720 352 747 δὲ
365 721 415 752 τὰς
433 721 507 755 σφῶν
519 722 645 756 τριήρεις
658 721 854 755 ἐφοπλίσαντες
870 722 952 753 οῦσας

162 767 439 800 παρεσκευασμένας,
456 767 503 793 καὶ
521 767 622 794 ἀκάτια
650 767 698 793 καὶ
714 768 832 802 λέμϐους
845 769 895 794 ὅσα
907 766 952 803 ἦν,

162 810 214 839 τὰς
241 811 294 842 ἔξω
320 811 419 847 τειχῶν
451 813 527 847 παρὰ
562 813 611 848 τὴν
639 813 776 840 θάλασσαν
805 814 953 845 Βυζαντίου

163 857 254 887 οἰκίας
277 858 455 893 ἐνεπίμπρων
481 859 527 885 καὶ
557 859 673 890 ὁλκάδας
701 860 750 889 τὰς
771 859 820 894 μὲν
833 860 955 894 ἐλάμὸα-

165 901 286 933 νον,τὰς
312 902 341 928 δὲ
369 903 564 938 ἐνεπίμπρων·
589 904 766 931 κατέκαυσαν
789 905 817 931 δὲ
846 905 956 937 καὶτὰς

165 947 442 982 κατασκευαζομένας
467 949 578 981 ἁπάσας
606 951 732 985 τριήρεις
766 951 836 984 πλὴν
860 952 955 986 τριῶν,

166 991 202 1024 ἃς
217 993 278 1018 ἐπεὶ
299 993 328 1020 τὸ
353 993 438 1021 κακὸν
455 995 543 1021 πάντα
561 994 720 1029 ἐπενέμετο,
736 996 852 1031 ἄραντες
871 997 901 1029 ἐξ
926 995 957 1025 οὗ

166 1040 400 1071 κατεσκευάζοντο
439 1041 524 1068 τόπου
555 1041 602 1068 τοῦ
635 1042 781 1076 Κοσμιδίου
820 1051 957 1077 προσαγο-

169 1086 330 1119 ρευομένου,
359 1086 406 1112 τοῦ
439 1086 574 1121 βασιλέως
599 1087 657 1114 υίοῦ
690 1088 880 1120 κελεύσαντος,
914 1089 958 1115 διὰ

167 1129 216 1156 τοῦ
234 1131 304 1156 κατὰ
319 1132 370 1166 τὴν
387 1132 559 1166 καλουμένην
584 1133 688 1159 ιιίσααν
706 1134 819 1164 διῖόντος
834 1133 958 1168 ποταμοῦ

167 1175 356 1210 διαγαγόντες,
385 1177 550 1204 ἀνείλκυσὸω
591 1186 621 1203 τε
656 1179 724 1212 πρὸς
762 1180 811 1213 τὴν
850 1179 958 1214 χέρσον,

168 1224 216 1248 καὶ
238 1224 359 1258 φρουρὰν
378 1224 554 1260 ἑκατέρωθεν.
571 1225 783 1260 ἐπιστήσαντες,
797 1225 958 1259 ἐφύλαττον.

168 1268 249 1295 Οὕτω
264 1269 313 1303 μὲν
332 1270 355 1296 οἱ
377 1270 488 1296 Λατῖνοι
510 1270 557 1297 τὸν
578 1270 698 1304 πόλεμον
724 1270 795 1297 κατὰ
816 1271 961 1305 Ῥωμαίων

170 1315 297 1350 φανερῶς
313 1315 477 1350 ἐξήνεγκαν,
492 1317 539 1343 καὶ
560 1316 591 1350 ἐξ
604 1317 710 1344 ἐκείνου
732 1317 782 1352 ἤδη
797 1317 847 1352 τῆς
863 1317 963 1344 θαλάσ-

171 1369 222 1395 σης
251 1362 390 1396 ἄρχοντες,
416 1362 506 1389 πάντα
536 1363 592 1390 ἂνω
623 1363 671 1390 καὶ
693 1362 769 1389 κάτω
784 1363 820 1389 τὰ
840 1363 961 1398 παράλια

171 1408 387 1442 παραπλέοντες,
407 1409 536 1440 ἐκάκουν,
557 1409 604 1435 καὶ
630 1409 696 1443 πυρὶ
719 1408 753 1435 τὰ
780 1409 869 1435 πάντα
899 1409 961 1434 em.

172 1455 295 1488 νέμοντο·
311 1455 447 1490 πανδημεί
467 1464 496 1481 τε
513 1454 677 1490 ἐξελθόντες,
692 1455 787 1490 πρῶτα
802 1456 852 1489 μὲν
867 1456 961 1489 ὲτείχι.

174 1501 220 1533 ζον
233 1502 279 1528 τὸν
301 1500 392 1536 λόφον,
409 1501 513 1536 πύργον
529 1502 681 1537 ἐγείροντες
709 1502 776 1537 πρὸς
791 1504 824 1536 τῇ
851 1502 964 1536 ἀκρολο-

174 1547 294 1582 φίᾳ,καὶ
317 1549 407 1574 πᾶσαν
423 1548 617 1574 ἐπεδείκνυντο
644 1548 775 1583 σπουδὴν,
797 1550 843 1574 καὶ
866 1548 962 1582 ἄνδρες
978 1558 998 1585 c

173 1592 277 1626 ὁμοίως
290 1592 338 1618 καὶ
361 1593 510 1625 γυναῖκες·
534 1593 580 1618 καὶ
600 1592 654 1618 οὐδ’
682 1593 705 1617 al
734 1592 963 1627 περιφανέστατοι

175 1637 266 1664 αὐτῶν
293 1638 426 1672 ἀπηξίουν
441 1638 471 1664 τὸ
498 1639 553 1669 τοῖς
575 1638 663 1669 ἄλλοις
694 1638 871 1672 συναίρεσθαι
895 1628 968 1672 πρὸς.

174 1684 224 1719 τὴν
246 1684 413 1717 οἰκοδομίαν,
435 1685 551 1710 Ἔπειτα
566 1685 612 1711 καὶ
627 1686 656 1710 τὸ
675 1684 816 1710 ἐπίλοιπον
840 1684 888 1710 τοῦ
911 1693 965 1718 χω-

177 1732 236 1766 ρίου
255 1731 431 1762 διαλαϐόντες
458 1731 472 1757 δ
485 1731 616 1765 ἐτείχιζον
641 1731 718 1765 ἄχρις
735 1727 764 1756 οὗ
783 1730 930 1765 ἐξήρκεσεν
949 1730 965 1765 ἡ

176 1777 239 1813 ὕλη,
253 1778 299 1804 καὶ
315 1778 354 1808 εἰς
370 1777 436 1812 ὕψος
451 1786 481 1803 τε
502 1777 584 1812 ᾔρετο
605 1777 635 1803 τὸ
648 1779 736 1811 τεῖχος
753 1777 845 1803 ἰκανὸν
861 1777 964 1810 αὐτοῖς,

176 1825 224 1852 καὶ
239 1823 323 1858 ἄλλην
349 1825 440 1850 πᾶσαν
463 1824 495 1850 ἐκ
521 1824 692 1857 κατασκευῆς
717 1823 869 1858 ἀσφάλειαν
902 1824 966 1850 ἐττε-

177 1871 324 1906 τεχνῶντο.
340 1870 423 1897 Ὅσον
438 1870 466 1896 δὲ
479 1870 528 1896 οὐκ
542 1870 604 1904 ἐξῆν
623 1871 751 1904 τειχίζειν
766 1870 800 1896 δι’
817 1870 883 1905 ὕλης
899 1872 967 1898 ἁπο-

179 1919 252 1953 ρίαν,
267 1918 451 1952 χαρακώμασι
471 1916 600 1950 μεγάλοις
618 1917 663 1942 καὶ
678 1918 805 1952 σταυροῖς
817 1916 966 1951 περιελάμ-

178 1965 270 1996 ϐανον,
286 1965 332 1990 καὶ
352 1964 381 1989 ἐν
404 1964 489 1997 ὀλίγῳ
512 1963 599 1997 χρόνῳ
615 1963 644 1988 τὸ
665 1963 765 1997 χωρίον
779 1963 966 1996 ἆπανείχεεο.

179 2010 310 2040 Βασιλεὺς
330 2010 357 2035 δὲ
384 2010 444 2035 ἐπεὶ
463 2008 577 2034 ἐπύθετο
592 2008 624 2034 τὰ
648 2008 723 2043 παρὰ
737 2008 790 2034 τῶν
815 2009 842 2034 ἐν
859 2008 968 2041 Γαλατᾷ

180 2056 381 2091 τετολμημένα.
403 2055 507 2089 ἤλγησε
525 2054 574 2088 μὲν
589 2054 619 2080 οὐ
642 2054 740 2088 μέτρια
764 2054 806 2088 ἐφ’
821 2052 862 2085 οἷς
877 2054 969 2080 τοιαῦ-

180 2113 215 2131 τα
237 2103 357 2137 ἔπασχεν
378 2101 430 2128 ὑπὸ
450 2102 571 2127 Λατίνων
593 2101 642 2134 τὴν
665 2099 806 2134 Ῥωμαίων
822 2099 969 2127 οἰκούντων

180 2151 243 2184 γῆν,
258 2150 305 2176 καὶ
319 2147 432 2175 δικαίων
452 2148 536 2173 ὀντων
557 2146 679 2181 amca];
707 2146 853 2173 Baulstistv.
875 2147 970 2181 Ὅμως

181 2196 219 2228 ὡς
236 2193 304 2230 εἶχε,
330 2195 418 2221 καίτοι
444 2194 605 2227 πιεζόμενος
632 2193 684 2219 ὑπὸ
701 2193 747 2226 τῆς
764 2192 842 2218 νόσου
861 2193 911 2223 ἐτι,
929 2193 969 2221 ε¹ς

1000 268 1117 291 ratorem
1136 263 1315 300 Didymotichi
1331 266 1426 292 morbo
1440 264 1568 292 affectant
1581 270 1779 297 cognoverunt,

1001 309 1051 336 rati
1081 309 1223 349 advenisse
1249 310 1288 337 rei
1315 310 1477 345 incipiendae
1501 311 1674 337 occasionem
1700 311 1785 336 tnaxi-

1002 362 1085 385 mam,
1102 360 1183 382 noctu
1201 355 1235 382 de
1258 355 1407 390 impr0viso
1421 355 1558 383 Romanos
1583 356 1699 390 primum
1713 363 1728 382 c
1742 363 1786 382 re-

1002 401 1083 435 gione
1109 401 1263 429 incolentes
1288 401 1439 435 invadunt,
1464 403 1535 428 aedes
1562 409 1658 428 omnes
1683 400 1787 427 inflatu-

1003 451 1088 472 mant.
1106 445 1240 473 Postridie
1267 447 1393 474 triremes
1417 455 1480 475 snas
1507 448 1561 482 jam
1584 451 1704 482 paratas.
1722 447 1787 473 item

1003 489 1088 515 acatia
1107 495 1133 516 et
1147 490 1406 527 lembos,quotquot
1417 493 1628 525 erant,armatis
1639 494 1788 523 instruunt.

1004 536 1122 570 Byzantii
1140 537 1253 563 aedilicia
1269 542 1346 564 extra
1362 545 1454 565 tnuros
1472 539 1505 566 ad
1525 546 1599 565 mare
1628 538 1788 569 incendunt,

1004 584 1031 606 et
1052 581 1190 608 onerarias
1206 581 1274 608 alias
1296 582 1406 616 quidem
1425 583 1548 617 capiunt,
1570 583 1636 610 alias
1658 587 1787 610 exurunt.

1003 626 1074 659 Quin
1090 627 1170 654 etiam
1187 629 1351 656 constructis
1368 629 1526 657 triremibus
1541 630 1688 661 universis,
1702 630 1789 657 tribus

1005 675 1109 698 tantum
1134 673 1266 707 exceptis,
1281 673 1370 708 ignem
1387 674 1525 710 injlcinnt.
1552 675 1625 707 Quas
1648 680 1712 705 tres.
1729 675 1792 701 reli-

1005 717 1067 751 quis
1092 717 1199 745 flamma
1227 719 1390 755 absumptis,
1410 721 1537 748 tollentes
1563 721 1685 756 Byzantii
1702 721 1795 749 eloco

1006 763 1051 790 ubi
1068 764 1247 797 parabantur,
1264 765 1405 794 Cosmidio
1425 767 1572 801 appellato,
1594 768 1649 794 lilio
1675 768 1794 802 impera-

1007 812 1075 838 toris
1093 811 1217 839 Manut-le
1237 813 1395 843 mandante.
1414 822 1462 848 per
1484 814 1597 841 ﬂuvium
1620 815 1724 842 Pissam
1750 815 1792 841 in-

1007 857 1177 885 terﬂuentem
1195 859 1221 885 in
1248 864 1346 886 terram
1367 861 1567 891 subduxerunt.
1586 866 1612 888 et
1642 860 1793 888 custodiam

1008 901 1061 928 illis
1083 903 1212 938 utrinque
1229 904 1425 932 adhibuerunt.
1442 905 1487 932 Sic
1503 905 1593 933 Latini
1619 906 1720 933 bellum
1738 905 1795 932 Ro-

1008 949 1096 976 manis
1110 955 1233 983 apertum
1250 949 1412 983 inferentes,
1428 955 1455 978 et
1469 959 1502 978 ex
1520 959 1553 979 eo
1573 952 1629 986 jam
1649 951 1732 978 maris
1746 959 1796 986 po-

1009 999 1108 1026 tentes,
1124 1003 1187 1022 cras
1214 995 1350 1030 legebant,
1367 996 1514 1031 omniaque
1541 997 1742 1031 direptiOnibus
1769 1001 1797 1023 et

1010 1040 1144 1068 incendiis
1171 1041 1371 1076 pcrmiscebant
1390 1051 1396 1068 τ
1418 1047 1446 1069 et
1461 1050 1590 1077 egressus
1613 1044 1728 1077 populus
1744 1043 1797 1070 fre-

1009 1087 1215 1120 quentissimus,
1231 1087 1348 1121 primum
1368 1088 1477 1122 quidem
1494 1088 1602 1120 callent,
1619 1089 1646 1115 in
1661 1089 1720 1122 ejus
1732 1088 1797 1123 jugo

1011 1132 1078 1157 turri
1105 1133 1222 1159 excitata
1252 1132 1422 1165 muniebant,
1439 1133 1568 1167 omnique
1603 1133 1629 1159 in
1656 1141 1714 1160 eatn
1739 1140 1797 1159 rem

1011 1184 1108 1204 cnnatu
1138 1179 1265 1205 mulieres
1286 1180 1364 1213 juxta
1396 1184 1478 1212 atque
1509 1180 1558 1206 viri
1580 1180 1796 1207 incumbebant:

1011 1231 1063 1250 nec
1079 1225 1119 1250 vel
1139 1225 1312 1252 illustrissimi
1330 1225 1364 1252 ad
1382 1225 1592 1252 aedificationem
1609 1227 1716 1253 sociare
1730 1233 1798 1259 cpe-

1013 1277 1071 1296 ram
1089 1269 1318 1306 dedignabantur.
1336 1272 1438 1306 Deinde
1453 1277 1482 1299 et
1497 1272 1632 1307 reliquum
1649 1272 1730 1306 spatii
1755 1279 1801 1298 oc-

1012 1321 1154 1350 cupantes.
1180 1326 1258 1345 tnuro
1279 1318 1467 1351 includebant,
1499 1319 1588 1353 quoad
1613 1319 1670 1345 calx
1698 1322 1724 1345 et
1749 1326 1801 1344 rw-

1014 1367 1104 1389 tne-nta
1131 1364 1349 1398 suppeditarent,
1369 1364 1415 1399 qui
1433 1365 1458 1391 in
1473 1364 1645 1391 altitudinem
1672 1371 1798 1398 magnam

1000 1409 1081 1434 Δεειιίε
1095 1410 1226 1436 surrexit.
1246 1409 1317 1442 Quin
1331 1410 1398 1437 alias
1416 1418 1524 1444 qttoque
1539 1414 1691 1437 structuras
1704 1417 1801 1437 omnes

1014 1455 1046 1481 ad
1073 1456 1246 1482 securitatem
1270 1455 1403 1483 facientes
1418 1457 1613 1491 adjungebant.
1630 1457 1688 1489 Qua
1709 1461 1800 1483 autem

1017 1500 1115 1528 defecti
1137 1501 1235 1528 murali
1257 1502 1380 1533 materia.
1402 1503 1553 1537 producere
1568 1510 1637 1537 opus
1653 1510 1706 1529 non
1725 1507 1802 1536 pute-

1016 1550 1088 1576 rant.
1103 1547 1218 1573 excelsis
1235 1548 1379 1583 aggeribus
1394 1553 1421 1575 et
1447 1548 1575 1576 crucibus
1604 1556 1664 1575 eam
1697 1553 1802 1582 partettt

1015 1592 1242 1625 circumdabant,
1272 1593 1402 1627 brevique
1442 1598 1565 1627 tempore
1590 1592 1721 1627 quidquid
1746 1597 1804 1618 erat

1016 1638 1096 1672 spatii
1119 1638 1348 1673 comprehensum
1371 1643 1423 1665 est.
1438 1638 1517 1674 743
1535 1639 1684 1673 Imperator
1706 1639 1739 1665 de
1756 1645 1805 1664 au—

1015 1684 1093 1711 dacia
1116 1683 1297 1711 Galataaorum
1323 1684 1411 1711 factus
1427 1685 1537 1715 certior,
1558 1684 1742 1718 maximopere
1756 1684 1804 1710 do—

1016 1730 1076 1762 luit,
1106 1737 1248 1765 propterea
1265 1730 1337 1765 quod
1354 1730 1412 1757 [nec
1428 1738 1442 1757 a
1460 1730 1562 1757 Latinis
1583 1729 1735 1756 Romanum
1760 1737 1804 1756 so-

1017 1777 1072 1803 lum
1085 1777 1281 1806 accolentibus.
1301 1781 1328 1803 et
1355 1776 1400 1810 qui
1416 1776 1514 1803 merito
1529 1777 1642 1803 subesse
1662 1783 1693 1802 ac
1707 1783 1805 1810 parere

1018 1823 1111 1851 sedulo
1125 1824 1264 1855 deberent.
1283 1827 1431 1859 pateretur.
1447 1822 1549 1850 Tamen
1567 1830 1732 1857 quztntquam
1757 1821 1805 1848 ad-

1020 1869 1073 1896 huc
1088 1869 1184 1897 morbo
1200 1870 1379 1900 cruciaretur,
1390 1874 1419 1896 ut
1430 1869 1528 1903 potuit,
1540 1868 1698 1903 Byzantium
1715 1867 1803 1895 inivit:

1018 1916 1064 1942 ubi
1079 1924 1140 1943 cum
1158 1916 1249 1943 statim
1271 1920 1438 1942 mercatores
1456 1914 1628 1949 potissimum
1655 1918 1681 1941 et
1694 1912 1807 1948 opifices

1019 1960 1045 1986 in
1063 1959 1161 1993 palatio
1174 1963 1374 1990 convunerttnl,
1387 1963 1508 1990 orantes,
1522 1965 1556 1985 ne
1569 1965 1598 1985 se
1611 1958 1649 1984 ita
1666 1957 1805 1985 contemni

1019 2013 1034 2032 a
1049 2005 1154 2032 Latinis
1166 2005 1301 2037 Galatzeis,
1313 2008 1342 2031 et
1362 2004 1541 2031 intolerandis
1555 2003 1686 2038 exagitari
1699 2003 1806 2038 injuriis

1019 2052 1133 2085 sineret,
1152 2051 1199 2079 sed
1229 2051 1342 2078 armatis
1357 2051 1516 2078 triremibus
1544 2050 1648 2077 ucl‘arie
1668 2054 1806 2084 perpetra-

1021 2101 1111 2124 torum
1134 2103 1230 2131 ptenas
1253 2096 1397 2130 exigeret:
1419 2103 1448 2122 se
1477 2095 1627 2130 impensam
1652 2095 1684 2121 ad
1706 2094 1808 2121 bellum

1022 2146 1146 2177 prompte
1166 2149 1213 2175 pro
1229 2140 1357 2168 facultate
1378 2141 1525 2168 collaturos
1544 2149 1550 2167 :
1573 2140 1647 2167 illata
1671 2140 1809 2174 siquidem

1022 2195 1037 2214 a
1052 2187 1155 2214 Latinis
1179 2187 1342 2214 detrimenta
1360 2186 1448 2222 magis
1472 2186 1506 2213 ad
1533 2186 1606 2221 ipsos
1621 2186 1808 2220 pertinebant,
1823 2199 1831 2211 -_

181 2241 331 2273 Βυζάντιον
345 2241 454 2274 deum.
469 2239 570 2264 Λύτίκα
587 2238 615 2264 δέ
632 2240 654 2264 οἱ
670 2239 697 2263 ἐν
714 2237 865 2270 Βυζαντίῳ,
882 2238 962 2271 μάλιι

1022 2233 1096 2268 quod
1120 2241 1216 2265 naves,
1241 2232 1373 2267 supellex,
1390 2236 1418 2259 et
1441 2232 1539 2260 domus
1566 2232 1696 2264 incensae,
1717 2231 1809 2258 omnia

184 2296 233 2314 στα
247 2287 272 2313 oi
287 2286 352 2321 περὶ
368 2285 502 2320 ἐμπορίας
519 2284 710 2319 ἢσχοῖημένοι,
729 2283 777 2309 καὶ
799 2284 823 2309 οἰ
839 2284 867 2309 ἐν
884 2284 969 2318 ἐργα-

184 2335 306 2368 στηρίοις
326 2331 521 2366 διατρίϐοντες,
549 2332 578 2357 ἐν
604 2330 750 2365 βασιλείοις
786 2329 970 2360 συνελῦόντες,

183 2380 288 2406 ἐδέοντο
309 2378 439 2412 βασιλέως
459 2379 495 2412 μὴ
512 2378 580 2410 σφᾶς
597 2377 730 2411 περιϊδεῖν
746 2375 834 2406 οὕτως
851 2376 903 2402 ὑπὸ
917 2377 971 2402 Λα-

183 2427 264 2452 τίνων
285 2425 340 2451 τῶν
367 2425 395 2450 ὲν
420 2423 527 2458 Γαλατᾷ
560 2422 839 2457 περιφρονουμένους,
863 2422 910 2447 καὶ
938 2422 970 2447 τὰ

183 2473 320 2506 ἀνήκεστα.
342 2471 547 2504 ὑπομένονάς·
574 2468 641 2494 ἀλλὰ
661 2469 739 2499 δίκας
760 2468 828 2494 τῶν·
841 2467 971 2502 τετολμη-

187 2518 274 2553 μένων
289 2517 441 2550 ἀπαιτῆσαι
461 2514 586 2550 τριήρεις
610 2513 793 2547 ἐφοπ7.ίςαντα
823 2512 927 2544 Αὐτοὺς
944 2513 972 2539 δὲ

185 2561 309 2596 ἑτοίμους
326 2557 396 2586 εἶναι
413 2559 544 2593 χρήματα
562 2557 695 2592 παρέχειν
712 2557 779 2592 πρὸς
796 2557 841 2582 τὸν
853 2556 972 2590 πόλεμον

186 2606 202 2645 ᾗ
219 2607 251 2634 ἂν
265 2607 380 2637 ἕκαστος
393 2603 534 2638 εὐποροίη.
549 2603 656 2630 Μᾶλλον
671 2603 725 2638 γὰρ
737 2603 790 2629 τῶν
802 2602 889 2629 ἄλλων
903 2602 973 2628 ἐκεί-

186 2661 239 2679 νων
255 2651 368 2686 ἣψατοή
382 2649 458 2684 παρὰ
469 2650 590 2675 Λατίνων
604 2648 690 2683 φθορὰ
704 2648 884 2683 γεγενημένη.
900 2648 974 2682 Νῆές

192 2707 217 2725 τε
235 2698 290 2733 γὰρ
313 2697 361 2724 καὶ
374 2697 515 2732 χρήματα,
534 2695 581 2722 καὶ
600 2695 684 2720 οἰκίαι
711 2695 739 2721 αί
758 2695 973 2729 ἐμπρησθεῖσαι,

189 2745 223 2773 τὰ
246 2744 393 2780 σύμπαντα
418 2741 511 2777 σχεδὸν
540 2741 653 2768 ἐκείνων
685 2739 767 2776 ἦσαν.
791 2740 925 2772 Βασιλεὺς
945 2741 975 2767 δὲ

192 2791 288 2826 πρῶτα
306 2789 356 2825 μὲν
370 2789 512 2823 ἐμέμφετο
526 2787 619 2819 αὐτοῖς
637 2788 674 2819 ὼς
688 2788 718 2814 οὐ
735 2787 888 2823 χρωμένοις
903 2786 975 2813 κατὰ

193 2836 286 2872 καιρὸν
300 2836 334 2871 τῇ
356 2833 509 2870 προθυμίᾳ.
530 2833 597 2860 τότε
611 2834 666 2868 γὰρ
680 2833 733 2860 ἐδει
756 2832 925 2869 παρέχεσθαι
941 2832 976 2858 τὰ

192 2883 321 2921 χρήματα
343 2881 503 2918 προθύμως,
526 2880 570 2908 ὅτε
591 2879 784 2908 συνεϐούλευεν
809 2879 901 2913 αὐτὸς,
928 2878 977 2906 καὶ

1024 2277 1081 2304 fere
1102 2277 1209 2304 illorum
1232 2281 1318 2304 erant.
1346 2277 1498 2311 Imperator
1511 2284 1557 2304 eos
1571 2276 1690 2311 primurn
1713 2276 1747 2303 de
1765 2277 1808 2303 in—

1024 2323 1185 2355 tempestiva
1214 2322 1364 2356 cupiditate
1391 2321 1592 2356 reprehendere
1614 2329 1620 2347 :
1645 2325 1709 2348 tunc
1734 2320 1806 2347 enim

1025 2373 1148 2403 pro.npt—e
1165 2368 1359 2395 conferendam
1376 2367 1470 2399 fuisse,
1490 2375 1551 2394 eum
1566 2367 1624 2402 ipse
1650 2371 1746 2394 auctor
1765 2366 1810 2393 fie-

1025 2416 1070 2442 bat
1085 2423 1092 2442 :
1109 2415 1144 2442 ita
1164 2422 1236 2442 nunc
1265 2413 1376 2440 Latinos
1401 2413 1468 2440 nihil
1497 2412 1550 2440 tale
1574 2420 1689 2440 ausuros
1713 2412 1808 2440 fuisse.

1024 2461 1091 2488 Nam
1105 2469 1167 2488 cum
1184 2461 1236 2487 hoc
1249 2460 1328 2495 longa
1343 2467 1433 2486 rerttm
1445 2458 1615 2493 experientia
1629 2458 1726 2485 doetus
1739 2466 1810 2493 pra:-

1026 2507 1141 2539 videret,
1167 2511 1313 2539 antequam
1342 2505 1428 2537 ﬁeret,
1458 2504 1572 2531 suadere
1596 2504 1725 2535 voluisse,
1750 2512 1811 2538 qua:

1027 2553 1107 2589 pattlo
1139 2558 1200 2588 post
1233 2552 1379 2587 plurimum
1409 2550 1552 2586 profutura
1572 2554 1691 2585 putaret.
1720 2550 1810 2577 Niltilo

1027 2600 1117 2627 minus
1130 2604 1158 2626 et
1182 2599 1251 2633 ipse,
1264 2602 1407 2633 postquam
1427 2596 1527 2624 bellum
1543 2596 1632 2623 visum
1655 2599 1697 2623 est
1713 2604 1811 2630 capes-

1026 2645 1151 2676 sendum,
1177 2643 1318 2678 Byzantios
1336 2641 1477 2676 pecuniam
1500 2647 1644 2667 numerare
1662 2640 1755 2675 jussit,
1785 2645 1812 2666 et

1026 2690 1237 2719 Constantinum
1265 2687 1476 2715 Tarchaniotam
1502 2686 1637 2713 exactioni
1667 2686 1810 2720 priefecit.

1027 2738 1107 2773 eiqtte
1135 2736 1286 2764 triremintn
1310 2733 1529 2761 tediﬁcandarum
1560 2731 1697 2767 negotium
1723 2731 1809 2758 dedit.

1027 2783 1196 2812 Tenentibtts
1206 2785 1298 2808 autem
1312 2787 1390 2807 mare
1402 2779 1540 2811 Galatasis,
1559 2786 1620 2806 cutn
1638 2785 1687 2813 per
1700 2777 1726 2804 id
1740 2777 1811 2810 ligna

1029 2829 1221 2858 construendis
1251 2827 1367 2854 navibus
1395 2825 1549 2853 subvehere
1573 2823 1686 2851 difficile
1718 2825 1812 2850 esset.

1028 2876 1116 2905 bobus
1142 2879 1169 2903 et
1200 2872 1280 2903 mulis
1304 2871 1419 2907 junctis,
1442 2878 1476 2899 ex
1509 2868 1646 2904 Sergentii
1672 2867 1811 2896 montibus
