1933 3083
157 129 195 160 89
423 170 426 173 _
727 133 947 163 Ηιειοειιιιυ

999 126 1000 130 “
1023 135 1137 168 [anan
1161 138 1210 169 iV.
1738 143 1775 176 9)

156 195 209 222 χην
221 194 228 202 ·
244 186 415 222 στρατηγούς
430 195 461 213 τε
476 188 573 222 ἐφίστη
582 190 642 220 ταῖς
663 190 712 224 μὲν
725 192 791 225 πρὸς
805 193 837 226 τῃ
854 191 943 233 [item

999 191 1003 216 i
1026 192 1161 226 jeceruut,
1179 199 1261 229 atque
1288 195 1325 222 ita
1347 194 1465 223 victores
1485 195 1511 223 in
1527 203 1585 224 eam
1606 196 1786 226 insiluerttntl'

156 233 233 266 τρισὶ
260 233 386 268 τριήρεσι
415 233 593 262 Φακεωλάτον
627 235 673 262 τὸν
696 237 938 271 πρωτοστρᾰτορα,

155 280 217 310 ταῖς
233 279 255 305 δ’
282 279 311 306 ἐν
325 279 363 314 τῷ
379 280 562 315 κοντοσκαλίῳ
586 282 828 316 ναυπηγηθείσαις.
847 283 944 317 Τζαμ-

156 324 288 350 πλάκωνα
304 325 348 350 τὸν
363 325 450 359 μέγαν
465 325 558 357 δοῦκα,
575 326 763 360 ἐφιλονείκησε
779 327 807 353 δὲ
822 327 836 353 ὁ
856 328 942 362 μέγας

155 369 219 401 δοὺς
247 370 453 405 φιλοτιμότερον
483 371 756 406 προσεξεργάσασθαι
780 374 829 405 τὰς
846 374 913 406 ιδίας
933 383 940 390 '

155 413 226 451 ἦσαν
253 416 308 451 γὰρ
323 417 370 442 καὶ
387 417 515 450 μέγισται
534 418 655 452 μεγέθει,
685 418 733 445 καὶ
748 418 872 450 ξυλίνους
887 421 946 446 ἑπι-

158 461 261 496 στήσας
285 461 418 496 πύργους,
437 463 485 489 καὶ
509 464 572 494 τοὺς
590 464 690 498 ἐρέτας
716 464 819 490 ἄνωθεν
834 465 944 499 ὲρέψας,

156 507 252 539 διπλᾶς
270 509 356 535 ἐποίει
390 509 440 540 τὰς
454 510 587 544 τριήρεις,
623 510 670 536 καὶ
702 509 805 544 πλἧοος
827 510 945 537 ὁπλιτῶν

159 555 300 588 ὲνέστησε,
325 555 373 580 καὶ
388 553 485 588 ψιλῶν,
501 555 515 581 ὁ
540 555 587 581 καὶ
615 555 735 590 μάλιστα
757 555 859 590 ἔϐλαψε
874 556 945 583 κατὰ

159 601 208 633 τῆς
225 601 314 636 μάχης
327 601 372 626 τὸν
392 601 497 635 καιρὸν,
513 602 551 632 ὡς
566 601 648 636 ὀλίγῳ
663 601 775 637 ὕστερον
793 603 944 637 εἰρήσεται.

136 649 198 690 ,ΙΤῇ
217 649 368 683 προτεραίᾳ
379 649 407 674 δὲ
427 646 460 684 ἧς
476 649 590 682 ἔμελλον
609 649 760 683 ἀνάγεσθαι
775 650 803 676 αἱ
821 650 945 684 τριήρεις

138 728 142 734 ἰ
159 696 190 721 ὲκ
203 695 250 721 τοῦ
268 694 390 729 νεωρίου,
410 695 492 726 ὁλκὰς
507 695 680 721 ἀναπλέουσα
697 695 826 729 ἐφαίνετο
838 696 870 721 ἐκ
881 695 946 721 Γεν-

159 741 251 772 νούας,
268 740 384 766 πλοῦτον
400 741 517 774 ἄγουσα,
535 741 572 771 ὡς
585 741 704 774 ἐλέγετο,
713 740 807 767 πολύν.
819 740 945 772 ’Λπλοίας

159 788 188 813 δὲ
214 787 268 813 τῶν
293 787 402 821 ἀνέμων
426 787 610 820 παυσαμένων
639 787 842 822 κατασχούσης,
876 787 944 822 πρὸς

162 833 306 867 ιιριγκίπῳ
323 834 355 868 τῇ
369 833 442 868 νήσῳ
456 833 592 868 ὡρμίξετο
615 834 659 860 ἐπ’
678 833 818 867 ἀγκυρῶν.
840 833 897 866 Ἐφ’
912 834 945 869 ἡν

994 245 1045 265 nec
1061 239 1153 272 paucis
1167 241 1346 272 obtruncatis,
1364 242 1488 268 omnium
1505 242 1580 276 potiti
1593 248 1664 270 sunt.
1679 243 1780 271 Verum

995 284 1040 310 ubi
1058 293 1151 312 rumor
1166 286 1272 313 incerto
1288 291 1400 314 auclore
1425 288 1555 319 manavit,
1575 287 1684 315 Latinas
1700 290 1781 316 trire-

994 337 1075 357 mese
1086 331 1180 358 Galntu
1192 340 1225 359 eo
1237 341 1347 360 cursum
1367 334 1497 367 dirigere,
1515 335 1634 369 perculsi
1654 334 1780 368 Romani,

994 375 1102 402 circiter
1130 377 1326 413 quinquaginta
1350 380 1383 406 de
1399 379 1457 407 suis
1478 380 1505 407 in
1525 381 1650 407 oneraria
1667 381 1778 414 relictis,

994 421 1084 455 fugam
1115 425 1300 458 arripuerunt.
1321 424 1400 461 745
1422 425 1474 452 Sed
1504 426 1548 454 hic
1580 435 1673 454 rumor
1700 427 1780 461 plane

995 468 1112 495 mendax
1127 475 1197 496 erat.
1215 471 1319 498 Deserti
1336 472 1364 498 in
1376 473 1500 500 oneraria
1514 473 1640 504 Romani,
1654 474 1779 500 triremes

995 513 1176 550 abnavigasse
1198 523 1260 543 cum
1285 518 1430 550 sentirent,
1458 519 1565 546 consilii
1593 519 1697 553 inopes,
1716 527 1777 546 cum

996 559 1097 587 Latinis
1117 562 1171 595 jam
1191 563 1271 590 victis
1302 564 1516 599 colloquuntur;
1534 569 1562 592 et
1590 565 1729 596 convenit,
1751 569 1781 592 ut

995 607 1178 633 communiter
1202 608 1358 636 incendium
1384 610 1597 645 restinguerent,
1614 618 1648 637 ne
1667 616 1694 638 et
1715 611 1781 645 ipsis

996 659 1050 678 una
1080 653 1250 687 pereundum
1283 655 1363 682 foret.
1390 655 1504 682 Postero
1534 656 1590 688 die,
1618 656 1640 683 si
1667 655 1782 683 Romani

995 698 1190 733 adnavigantes
1218 700 1374 727 onerariam
1403 705 1556 735 caperent,
1585 701 1638 735 ipsi
1668 701 1781 728 Latinos

996 744 1115 770 exoratis
1134 744 1250 772 ducibus
1270 751 1477 773 conservarent.
1503 745 1551 773 Sin
1567 746 1667 779 Latini,
1683 752 1713 773 ut
1728 747 1784 773 Ro-

996 789 1085 816 manis
1100 789 1172 816 idem
1199 790 1315 818 olIicium
1344 791 1434 818 Latini
1465 796 1638 826 prmstarent,
1655 792 1727 826 quod
1755 796 1783 819 et

997 833 1096 861 factum
1119 836 1205 869 prima
1228 836 1299 863 luce.
1312 835 1420 864 Paratis
1435 837 1508 864 enim
1527 837 1563 864 ita
1578 837 1705 865 omnibus
1731 837 1783 864 im-

160 879 207 905 δύο
221 879 273 905 τῶν
290 878 435 913 βασιλικῶν
452 879 590 913 τριήρεων
611 879 642 905 ἐκ
668 878 716 905 τοῦ
742 878 855 913 νεωρίου
881 879 946 914 ἀνή-

999 880 1130 914 peratoris
1144 882 1308 914 triremibus,
1330 883 1421 910 Latini
1436 883 1599 916 allabentes,
1619 883 1779 911 semiustam

161 932 239 957 γοντο
263 924 373 955 νυκτὸς,
407 925 575 957 παρείποντο
601 923 630 950 δὲ
643 925 690 951 καὶ
718 924 848 958 μονήρεις
865 924 944 951 [σαν

161 969 210 995 καὶ
223 969 422 1002 προσϐαλόντες
438 970 470 1004 τῇ
487 969 590 1002 ὁλκάδι,
607 969 668 996 ἐπεὶ
683 969 818 1004 ἠμύνοντο
837 970 861 996 ol
872 969 946 996 ἔνδον

162 1015 310 1049 κραταιῶς,
327 1014 382 1049 πῦρ
397 1014 501 1041 ἐνίεσαν
517 1015 542 1041 οἱ
556 1016 707 1050 τριηρῖται,
718 1015 766 1041 καὶ
780 1013 851 1042 οὕτω
866 1023 946 1050 περι-

154 1060 311 1094 γενόμενοι,
335 1059 474 1095 ὲπέϐησάν
501 1069 530 1087 τε
545 1060 595 1095 τῆς
611 1060 734 1091 ὁλκάδος,
764 1060 814 1086 οὐκ
839 1059 947 1093 ὀλίγους

161 1106 216 1133 τῶν
231 1107 409 1142 ἀμυνομένων
423 1107 646 1138 ἀποκτείναντες,
679 1106 726 1132 καὶ
751 1106 862 1133 πάντων
875 1103 947 1141 ἦσαν

161 1152 212 1187 ήδη
227 1151 326 1187 κύριοι.
351 1152 448 1186 Φήμης
463 1151 492 1178 δὲ
516 1151 625 1185 ἀδήλως
649 1151 709 1182 ταῖς
732 1152 873 1186 τριήρεσιν
886 1151 947 1178 ἐπι-

161 1197 308 1230 πεσούσης.
324 1196 362 1226 ὡς
374 1197 497 1232 τριήρεις
510 1196 686 1223 ἐπιπλέουσιν
698 1197 730 1222 ὲκ
743 1196 851 1222 Γαλατᾶ
867 1197 948 1223 Λατι-

162 1243 246 1274 νικαὶ,
262 1243 422 1278 ἐτράπησαν
439 1243 479 1274 είς
502 1242 601 1277 φυγὴν,
620 1242 703 1277 ὀλίγῳ
724 1242 853 1273 ἐλάσσους
880 1250 947 1268 πεν-

161 1288 281 1322 τήκοντα
296 1288 350 1314 τῶν
369 1287 476 1314 οἰκείων
489 1288 685 1318 καταλιπόντες
699 1287 745 1312 ἐπὶ
760 1287 809 1321 τῆς
823 1286 944 1317 ὁλκάδος.

164 1331 254 1361 Ἦσαν
268 1333 296 1360 δὲ
313 1334 470 1360 παντάπασι
487 1333 594 1367 ψευδεῖς
609 1334 636 1359 al
653 1333 752 1367 φῆμαι.
769 1333 800 1359 Οἱ
817 1332 844 1358 δὲ
860 1341 948 1359 κειτα-

164 1380 319 1414 λειφθέντες
349 1379 480 1413 Ῥωμαῖοι
494 1379 542 1406 ἐπὶ
567 1379 619 1413 τῆς
643 1378 763 1410 ὁλκάδος,
792 1378 949 1412 αἰσθόμενοι

165 1426 374 1457 ἀποπλευσασας
399 1425 448 1456 τὰς
469 1427 606 1460 τριήρεις,
641 1426 671 1451 ὲν
702 1425 842 1459 ἀμηχανίᾳ
866 1433 949 1450 κατα-

164 1471 287 1502 στάντες,
305 1471 345 1502 εὶς
374 1470 468 1504 λόγους
486 1468 569 1505 ἦλθον
590 1471 646 1500 τοῖς
663 1470 789 1500 Λατίνοις
802 1469 948 1504 νενικημέ-

163 1524 218 1547 νοις
236 1515 286 1550 ἤδη
311 1516 380 1542 κατᾶ
408 1516 518 1550 κράτος,
548 1516 596 1542 καὶ
622 1515 773 1549 συνέϐησαν
788 1515 856 1541 ὥστε
871 1515 946 1550 κοινῇ

165 1562 300 1588 σϐεννύειν
325 1562 546 1596 κατακαιομένην
572 1561 622 1596 τὴν
636 1561 745 1592 ὁλκάδα,
771 1561 814 1587 ἴνα
834 1561 870 1595 μὴ
888 1569 948 1586 συν-
963 1556 985 1586 C

164 1608 405 1642 διαφθαρῶσι-καὶ
433 1608 519 1634 αὐτοί.
553 1608 598 1638 Εἰς
627 1608 676 1642 τὴν
703 1607 833 1634 ἐπιοῦσαν
863 1608 891 1633 δὲ
915 1607 948 1633 ἂν

167 1654 215 1688 μὲν
240 1653 371 1688 Ῥωμαῖοι
401 1653 616 1684 ἐπιπλεύσαντες
644 1653 734 1689 κύριοι
764 1653 813 1687 τῆς
836 1653 948 1685 ὁλκάδος

165 1699 308 1733 γένωνται,
335 1699 526 1731 συνδιασώζειν
559 1699 622 1730 τοὺς
646 1698 858 1733 ἀπολειφθέντας
883 1699 951 1725 Ῥω-

167 1745 261 1779 μαίους
288 1745 350 1776 τοὺς
369 1745 499 1776 Λατὶνσυς
525 1744 756 1779 ἐξαιτησαμένους
789 1743 867 1779 παρὰ
893 1744 948 1771 τῶν

166 1791 318 1826 ἀρχόντων⁸
334 1791 367 1818 ἂν
381 1791 403 1817 δ’
419 1791 443 1817 οί
459 1790 567 1817 Λατῖνοι
593 1791 743 1817 ὲπιπλέωσι
768 1792 815 1818 καὶ
836 1791 949 1826 κυριεύο

164 1845 215 1863 ωσι
230 1837 279 1870 τῆς
293 1836 414 1868 ὁλκάδος,
427 1836 462 1862 τὰ.
479 1836 524 1863 ἴσα
537 1836 670 1867 Λατίνους
687 1837 777 1862 ποιεῖν
795 1835 863 1870 πρὸς
885 1836 948 1866 τοὺς

170 1883 334 1917 Ῥωμαίους,
349 1882 362 1909 ὃ
379 1883 425 1908 καὶ
443 1882 547 1916 ἐγίνετο
564 1882 621 1916 ἅμα
638 1882 676 1917 ἕῳ
691 1891 699 1898 '
716 1883 777 1908 ἐπεὶ
798 1882 853 1916 γὰρ
873 1881 949 1908 οὔπω

164 1930 250 1956 πᾶσαι
264 1930 520 1963 παρεσκευασμέναι
534 1926 604 1964 ἦσαν
619 1929 647 1955 αἱ
663 1929 803 1963 βασιλικαὶ
815 1927 948 1963 τριήρεις,

165 1977 190 2002 οἱ
208 1976 315 2002 Λατῖνοι
343 1975 570 2008 ἐπιπλεύσαντες,
586 1975 726 2010 ὴμιφλεγῆ
757 1975 879 2002 ἀνεῖλκον
901 1974 950 2009 τὴν

164 2021 274 2048 ὁλκάδα.
300 2020 436 2053 Διέσωζον
464 2022 492 2048 δὲ
521 2021 569 2048 καὶ
597 2023 662 2054 τοὺς
693 2022 849 2057 Ῥωμαίους
879 2022 950 2048 κατὰ

164 2069 228 2100 τοὺς
242 2070 340 2104 ὅρκους
353 2069 377 2095 οι
397 2069 425 2095 εν
438 2070 471 2104 τῇ
487 2070 532 2104 νηΐ
547 2077 554 2084 ’
575 2070 602 2096 αἱ
619 2069 759 2104 βασιλικαὶ
774 2069 803 2096 δὲ
828 2068 950 2104 τριήρεις

165 2116 225 2141 ἐπεὶ
241 2116 326 2141 πᾶσαι
348 2115 604 2150 παρεσκευασμέναι
623 2113 704 2150 ἦσαν,
720 2116 772 2142 καὶ
787 2115 864 2141 οὐδὲν
890 2115 952 2141 ἐνέ-

165 2161 203 2187 δει
218 2161 268 2190 ἔτι.
282 2161 413 2196 ἀνήγοντο
429 2161 461 2187 ἐκ
476 2161 522 2187 τοῦ
547 2161 660 2196 νεωρίου
678 2162 764 2188 πᾶσαι
791 2160 950 2195 διαπρεπῶς

166 2207 381 2242 κεκοσμημέναι,
398 2207 443 2233 καὶ
454 2206 551 2240 πλήθει
567 2207 685 2233 ὁπλιτῶν
701 2209 748 2233 καὶ
763 2207 948 2242 λαμπρότητι,

167 2253 212 2278 καὶ
238 2252 348 2286 μεγέθει
362 2252 539 2286 παρασκευῆς
557 2252 644 2278 οὐδενὶ
669 2252 722 2278 τῶν
738 2253 771 2278 ὲκ
788 2251 949 2285 πολλοῦιγε-

166 2297 326 2332 γενημένων
348 2297 492 2330 Ῥωμαίοις
507 2297 609 2324 στόλων
626 2297 835 2332 ἐλασσούμεναι.
851 2299 950 2333 Παρεί-

167 2351 253 2378 ποντοκ
269 2342 297 2368 δὲ
323 2343 368 2368 καὶ
382 2344 510 2378 μονήρεις
523 2344 572 2369 οὐκ
600 2343 702 2376 ὀλίγαι,
731 2343 777 2370 καὶ
792 2343 887 2377 λέμϐοι
903 2344 950 2369 καὶ

167 2388 268 2414 ἀκάτια
289 2387 400 2419 ὁπλίτας
415 2387 524 2422 ἄγοντα,
554 2388 627 2422 ἔχθει
642 2388 696 2414 τῶν
714 2388 835 2415 Λατίνων
849 2388 950 2423 προθύ-

170 2444 225 2469 μως
245 2435 371 2461 ἁπάντων
384 2436 651 2469 συστρατευομένων.
668 2435 701 2462 Οῐ
712 2443 739 2461 τε
758 2435 868 2462 Λατῖνοι
882 2435 950 2470 πρὸς

167 2482 197 2507 τὸ
214 2481 327 2514 μέγεοος
339 2481 388 2514 τῆς
401 2482 578 2516 παρασκευῆς
598 2481 830 2516 ἐκπεπληγμένοι,
861 2480 950 2507 πάντα

171 2527 281 2562 μᾶλλον,
299 2527 315 2561 ἦ
330 2527 397 2561 πρὸς
415 2527 464 2559 τὰς
482 2528 624 2562 βασιλικὰς
651 2528 776 2563 τριήρεις
799 2528 950 2561 διαναυμα-

168 2576 224 2610 χεῖν
241 2574 400 2600 διενοοῦντο·
412 2574 480 2600 ἀλλὰ
496 2575 545 2606 τὰς
561 2575 695 2609 σφετέρας
709 2575 830 2609 τριήρεις
845 2575 950 2609 πεπλη-

171 2621 293 2655 ρωμένας
307 2620 423 2655 ἔχοντες,
439 2620 594 2656 ὡρμίζοντο
611 2621 664 2656 πρὸ
680 2621 727 2647 τοῦ
742 2621 884 2656 φρουρίου,
907 2621 951 2647 δό-

169 2675 249 2701 κησιν
265 2666 314 2701 μὲν
327 2666 501 2701 παρέχοντες,
516 2667 553 2698 ὡς
568 2666 750 2702 ἐμϐαλοῦντες
769 2666 879 2693 ἐπιοῦσι
894 2668 950 2698 τοῖς

171 2711 332 2746 βασιλικοῖς.
345 2711 422 2737 Οὕτω
438 2711 466 2737 δὲ
482 2709 552 2747 ἦσαν
565 2712 831 2746 παρεσκευασμένοι,
847 2711 885 2742 ὡς
902 2713 950 2742 τὰς

173 2757 222 2792 μὲν
243 2757 366 2792 τριήρεις
391 2757 533 2789 καλωδίοις
557 2758 751 2788 ἀνελκύσοντες
777 2759 810 2784 ἂν
835 2757 950 2784 αἵσοωνι

170 2811 216 2830 ται
230 2804 279 2834 τὰς
296 2803 437 2838 βασιλικὰς
451 2803 646 2836 ὲπιπλεούσας,
661 2804 738 2830 αὐτοὶ
757 2803 780 2830 δ’
794 2803 951 2838 ἀμυνούμε-

171 2858 213 2877 νοι
227 2849 280 2876 ἀπὸ
295 2849 348 2876 τῶν
361 2850 467 2886 τειχῶν.
484 2848 576 2877 Ἷισαν
606 2850 635 2877 δὲ
652 2850 823 2885 φαυλοτάταις
844 2850 951 2886 ἔχοντες

996 927 1148 954 Onerariam
1164 928 1368 961 abstraxerunt,
1396 928 1499 964 quique
1519 929 1547 956 in
1563 936 1595 956 ea
1611 929 1783 956 vehebantur

997 972 1096 1003 Latini.
1112 982 1143 1000 ex
1164 974 1322 1008 juramento
1340 973 1470 1002 Romanis
1497 975 1710 1002 incolumitatem
1727 975 1782 1002 imo

997 1024 1147 1053 pctrarunt.
1168 1021 1350 1054 Imperatoriae
1368 1021 1495 1048 triremes
1515 1020 1658 1048 instructae
1685 1028 1782 1048 omnes

997 1072 1025 1094 et
1041 1071 1144 1102 paratae
1159 1067 1279 1101 penitus,
1293 1071 1450 1101 ornataque
1474 1066 1629 1101 insigniter,
1645 1072 1673 1094 et
1695 1075 1783 1094 arma-

998 1117 1091 1145 torum:
1103 1119 1228 1144 numero,
1244 1112 1389 1145 splendore
1416 1120 1446 1139 ac
1467 1112 1655 1146 magnitudine
1669 1120 1784 1147 appara-

998 1164 1041 1186 tus
1059 1158 1145 1186 nihilo
1161 1158 1282 1193 antiquis
1303 1159 1487 1186 Romanorum
1514 1158 1648 1185 classibus
1669 1158 1781 1187 inferio-

997 1213 1053 1235 res,
1072 1213 1087 1233 e
1112 1205 1200 1232 navali
1226 1205 1411 1232 deducuntur.
1439 1205 1580 1233 Uniremes
1607 1213 1662 1233 non
1686 1213 1782 1240 pauca:

997 1256 1147 1286 Sequuntur
1166 1261 1172 1278 :
1193 1251 1275 1278 lembi
1291 1252 1365 1281 item.
1383 1256 1411 1278 et
1438 1251 1569 1282 actuaria,
1580 1254 1613 1278 'et
1633 1252 1658 1278 in
1679 1251 1713 1278 iis
1736 1258 1783 1278 ca-

999 1298 1143 1332 taphracti,
1160 1297 1204 1331 qui
1224 1304 1320 1324 oumes
1338 1296 1403 1324 odio
1414 1297 1573 1324 Latinorum
1598 1296 1695 1331 cupide
1709 1295 1785 1323 utili-

999 1348 1082 1369 tatum
1097 1342 1351 1377 proficiscebantur.
1369 1342 1459 1369 Latini
1475 1347 1551 1369 tanto
1565 1347 1695 1377 apparatu
1709 1345 1782 1369 atto-

1000 1389 1059 1415 niti.
1077 1388 1167 1415 omnia
1187 1388 1277 1422 potius
1302 1388 1467 1422 cogitabant,
1484 1395 1564 1422 quam
1580 1395 1641 1414 cum
1660 1386 1780 1414 triremi-

999 1434 1049 1460 bus
1062 1433 1244 1468 imperatoriis
1261 1433 1412 1459 decertare.
1427 1431 1497 1459 Suas
1513 1425 1605 1459 autem
1623 1436 1685 1458 ante
1700 1432 1781 1466 oppi-

999 1479 1063 1505 dum
1097 1479 1243 1506 instructas
1265 1478 1412 1509 habebant,
1445 1478 1601 1513 opinionem
1632 1477 1784 1512 praebentes

1002 1524 1027 1549 in
1055 1523 1256 1558 imperatorias,
1286 1523 1308 1550 si
1338 1523 1474 1555 venirent,
1506 1522 1600 1551 ituras.
1618 1522 1663 1548 Sic
1693 1525 1783 1548 autem

1001 1574 1080 1597 erant
1097 1569 1247 1604 comparati
1261 1568 1383 1602 Galatzei,
1400 1574 1431 1595 ut
1448 1569 1470 1595 si
1487 1569 1674 1602 imperatorias
1689 1575 1785 1594 accur-

1001 1623 1059 1642 rere
1094 1616 1229 1647 viderent,
1258 1615 1370 1642 funibus
1398 1622 1460 1641 suas
1494 1614 1674 1646 retraherent,
1692 1621 1723 1639 ac
1751 1613 1784 1639 de

1002 1661 1086 1689 muris
1102 1668 1162 1688 sese
1189 1664 1342 1688 tuerentur.
1361 1660 1462 1687 Verum
1488 1659 1630 1686 enimvero
1654 1658 1736 1685 etiam
1756 1657 1782 1684 iu

1003 1707 1087 1734 muris
1111 1707 1154 1734 sui
1180 1707 1307 1734 servandi
1332 1714 1408 1741 spem
1433 1706 1564 1741 gerebant
1584 1704 1784 1732 inanissimam.

1002 1752 1139 1780 Triremes
1163 1751 1337 1786 imperatoris
1362 1751 1506 1783 deductae,
1533 1758 1565 1777 ea
1593 1755 1673 1777 nocte
1703 1756 1786 1783 prope

1000 1799 1095 1826 navale
1119 1802 1265 1830 steterunt,
1282 1803 1312 1825 ut
1341 1798 1426 1825 altero
1451 1797 1495 1824 die
1519 1803 1582 1824 cum
1609 1795 1697 1823 tribus
1717 1802 1785 1830 quas

1002 1844 1179 1872 l'haceolatus
1197 1844 1321 1876 ducebat,
1338 1843 1500 1878 conjunctae,
1514 1842 1542 1869 in
1567 1841 1701 1869 Galatzeos
1719 1848 1784 1874 age-

1000 1897 1104 1919 rentur.
1122 1890 1303 1918 Phaccolatus
1317 1894 1344 1917 et
1362 1889 1421 1923 ipse
1436 1892 1548 1922 paratus
1559 1891 1629 1920 erat,
1643 1891 1672 1914 ut
1683 1886 1785 1921 postri-

1001 1937 1044 1964 die
1072 1940 1237 1970 erumperet.
1266 1935 1299 1962 Et
1325 1935 1474 1969 imperator
1502 1941 1564 1961 cum
1590 1933 1645 1960 ﬁlio
1672 1932 1785 1968 despota

1001 1982 1170 2016 frequentem
1195 1987 1226 2007 ac
1250 1984 1393 2006 strenuum
1420 1978 1571 2013 equitatum
1597 1977 1733 2008 mittebat,
1754 1981 1786 2004 ut

1001 2026 1155 2062 congressis
1177 2025 1344 2058 triremibus,
1372 2025 1424 2060 ipsi
1455 2031 1563 2059 quoque
1589 2031 1603 2050 a
1628 2023 1786 2050 continente

1002 2074 1147 2101 irruerent.
1166 2071 1214 2099 Die
1237 2072 1292 2107 jam
1308 2072 1484 2107 procedente,
1503 2077 1588 2098 naves
1602 2078 1618 2097 e
1635 2069 1725 2097 navali
1752 2067 1785 2096 ad

1004 2122 1108 2152 portam
1133 2116 1318 2152 Eugenianam
1349 2116 1533 2143 cernebantur
1549 2123 1557 2142 :
1572 2115 1671 2149 quibus
1694 2119 1785 2141 autent

1002 2163 1181 2191 Pbaceohtus
1206 2165 1387 2197 protostrator
1412 2165 1537 2196 praeerat.
1563 2166 1592 2188 et
1617 2161 1682 2195 ipsze
1705 2160 1785 2194 pulsu

966 2223 988 2250 ο
1003 2217 1139 2237 remorutn
1153 2209 1267 2244 agitatae,
1289 2208 1351 2235 aliis
1365 2215 1425 2235 sese
1441 2215 1586 2243 aggregare
1605 2207 1785 2234 festinabant.

1001 2253 1036 2281 At
1054 2253 1126 2280 enim
1145 2252 1212 2285 Deo,
1226 2253 1272 2287 qui
1297 2252 1430 2286 gubernat
1445 2252 1536 2290 omnia
1562 2257 1591 2278 et
1615 2259 1663 2278 sua
1686 2251 1787 2284 cuique

999 2300 1074 2334 justo
1108 2298 1260 2333 dispensat,
1290 2297 1439 2329 Romanos,
1468 2301 1498 2323 ut
1524 2300 1647 2331 apparet,
1675 2301 1788 2332 propter

1002 2345 1150 2381 praeterita,
1160 2351 1245 2379 eaque
1257 2344 1342 2371 multa
1359 2344 1458 2371 delicta
1474 2343 1614 2378 puniente,
1626 2347 1653 2370 et
1668 2350 1684 2370 a
1702 2342 1788 2369 multo

1002 2391 1177 2419 inferioribus
1196 2389 1318 2423 superari
1340 2389 1525 2423 permittente,
1542 2396 1606 2416 ecce
1620 2389 1668 2416 tibi
1690 2396 1787 2423 magna

1001 2438 1042 2465 vis
1069 2437 1143 2465 venti
1169 2435 1398 2470 cooritur,_746
1424 2440 1450 2461 et
1471 2435 1572 2469 primas
1606 2434 1740 2467 triremes,
1755 2434 1787 2467 in_

1001 2483 1100 2519 quibus
1112 2483 1207 2517 lignea:
1221 2486 1321 2513 turres,
1333 2481 1440 2513 evertit.
1456 2481 1590 2515 simulque
1607 2481 1707 2507 milites
1722 2487 1785 2507 cum

1002 2529 1069 2564 ipsis
1081 2529 1176 2560 armis,
1188 2532 1215 2555 et
1231 2527 1346 2562 remiges
1363 2527 1390 2554 in
1409 2527 1518 2562 pelagus
1535 2526 1674 2557 decidunt,
1687 2533 1711 2553 et
1729 2534 1785 2553 uno

1001 2573 1140 2602 momento
1173 2581 1268 2601 omnes
1301 2577 1443 2600 vectorum
1477 2580 1569 2599 vacuae
1604 2573 1784 2607 aspiciuntur.

1001 2622 1102 2649 Eodem
1120 2625 1222 2655 puncto
1239 2620 1381 2654 temporis,
1395 2621 1440 2653 qui
1466 2619 1574 2645 stabant
1594 2619 1620 2645 in
1645 2618 1785 2649 tabulatis,

1001 2674 1095 2694 earum
1112 2673 1179 2700 quas
1192 2665 1369 2691 Phaceolatus
1379 2664 1505 2694 ducebat,
1516 2664 1641 2690 similiter
1655 2664 1682 2690 in
1699 2663 1785 2690 undas

1001 2711 1105 2746 delapsi
1124 2715 1207 2738 sunt:
1224 2715 1336 2744 eratque.
1353 2710 1491 2744 multiplex
1511 2715 1653 2736 nautarqu
1670 2718 1702 2748 ac
1715 2708 1787 2735 mili—

1003 2763 1059 2785 tum
1071 2757 1201 2784 intcritio.
1214 2756 1376 2790 Complures
1393 2763 1469 2787 sane,
1481 2755 1694 2790 quoniamjuxta
1711 2755 1788 2781 littus

1001 2812 1085 2831 naves
1100 2803 1303 2832 evertebantur.
1317 2807 1473 2832 evasi-runt.
1491 2801 1568 2834 aquis
1589 2801 1712 2828 suifocati
1733 2799 1788 2825 cir-

1002 2850 1070 2878 citer
1082 2848 1201 2881 ducenti,
1218 2853 1243 2876 et
1256 2848 1289 2875 dc
1303 2846 1493 2882 Zamplacmiis
1505 2853 1583 2881 grege
1598 2845 1693 2871 Mcuali
1708 2843 1787 2884 ducis
