1933 3083
132 140 164 174 οι
730 149 893 180 JOANNIS
911 149 1173 181 CANTACUZENI
1724 143 1760 178 92

130 198 218 230 titius.
244 197 351 228 Manuel
381 199 633 239 Plziianthropenus
663 205 809 239 prmiectus
840 207 918 235 navis

976 205 1082 238 ὲλπίδας
1101 206 1208 233 ¹τοῦίιαὶ
1221 205 1250 233 ἐν
1276 207 1333 238 τοῖς
1352 205 1455 242 τείχεσι
1477 203 1704 240 διασωῦήσεσοαι.
1724 204 1759 232 Δί

130 244 273 278 prmtoria,
294 245 337 273 vir
356 254 439 275 manu
450 253 603 284 promptus,
621 251 834 287 imperatorique
855 253 921 281 eba-

130 289 268 318 rissimus.
284 290 354 319 Tum
380 292 490 321 ϐοισιεί
516 295 677 325 instauratis
700 298 799 326 animis
822 307 920 334 prove-

132 334 246 368 lumtur,
265 345 350 366 naves
374 337 494 367 hostium
517 342 672 375 retrahunt,
691 351 791 379 easque
811 346 921 374 nemine

132 382 298 415 prohibente
313 389 361 412 aut
373 385 523 415 ulciscentc
538 387 655 416 ﬂammis
677 389 802 425 implent,
834 395 862 419 et
879 392 920 420 vi-

131 427 245 455 ctoriam
263 430 323 457 sine
339 432 474 468 sanguine
493 439 708 469 consequuntur.
727 436 779 469 Qui
803 445 869 465 vero
893 438 921 465 iu

133 474 292 504 continente
316 484 377 504 eum
401 478 456 506 ﬁlio
480 479 654 515 imperatoris
669 487 757 514 erant,
772 484 847 517 operi
862 485 922 520 qui-

133 523 196 550 dem
213 530 274 551 sese
289 525 476 560 accingebant.
491 532 619 562 putantes
639 529 719 558 etiam
743 532 853 561 navales
876 540 924 560 so-

133 569 190 596 cios
213 578 228 597 e
247 571 313 598 mari
336 572 544 607 impressionem
567 575 699 605 facturos.
716 579 766 605 Ast
777 579 823 607 ubi
839 588 922 610 naves

133 616 271 646 Rmttanas
287 619 383 648 inanes
397 622 511 650 subduci
527 631 742 660 conspexerunt,
766 629 848 657 etiam
871 630 922 665 ipsi

132 668 362 697 reirocesserttnt.
392 669 551 703 Imperator,
578 671 674 700 videns
695 678 796 701 tantam
817 677 922 711 copiam

133 707 216 739 gratis
242 709 363 742 periisse,
383 716 440 740 tam
459 716 533 750 gravi
556 716 742 746 Romanorum
767 721 923 750 calamitate

133 752 276 788 ingemuit.
295 761 324 783 ut
340 758 385 790 qui
403 758 485 787 Deum
503 762 637 790 on‘ensum
654 764 706 792 boc
720 766 810 798 egisse
827 768 925 795 intelli-

133 805 219 833 geret.
235 801 306 829 Nihil
322 808 410 831 tamen
425 805 458 832 de
469 807 614 835 altitudine
628 810 710 837 animi
724 812 859 846 discessit,
872 823 924 842 nec

133 845 196 879 quia
221 847 320 880 victus,
336 850 418 877 etiam
444 851 544 880 fractus
561 863 567 880 :
585 855 651 888 quin
674 856 764 884 subito
781 859 814 886 ad
838 867 923 888 novas

134 891 258 920 triremes
272 895 443 925 milificandas
457 898 587 931 lignatum
602 902 641 928 ire
661 905 798 938 praecepit,
811 909 835 933 et
847 908 922 941 operi

133 943 274 965 euratmes
299 941 432 974 prml‘ecit.
456 944 566 973 Galataei
584 955 666 981 porro
682 949 753 977 diem
772 951 846 979 illum
865 953 923 990 l'au;

134 983 284 1012 stissimnm
312 995 498 1021 numerantes.
518 999 572 1026 quo
597 998 636 1021 tot
660 994 781 1023 hostium
808 999 924 1027 navibus

135 1029 211 1056 nullo
230 1038 280 1058 suo
295 1033 390 1063 labore
406 1037 484 1069 potiti
500 1043 603 1070 essent,
618 1048 671 1067 non
691 1042 778 1069 solum
793 1043 921 1078 epinicia,

135 1076 182 1102 sed
196 1075 308 1112 insuper
319 1081 420 1108 soteria
434 1083 619 1112 celebrabant.
631 1085 689 1113 Jam
706 1088 778 1115 enim
794 1093 848 1116 tota
860 1098 924 1125 spes

134 1122 231 1149 salutis
245 1124 298 1152 leri
313 1132 450 1155 momento
467 1129 520 1157 illis
538 1133 714 1165 pependerat.
734 1134 781 1162 Die
798 1138 923 1171 sequenti

135 1168 262 1197 omnii-us
284 1170 441 1200 triremibus
458 1174 516 1202 suis
532 1175 683 1209 instruatis,
701 1184 729 1206 et
745 1185 872 1216 tanquam
896 1182 922 1210 in

135 1212 247 1240 victoria
270 1218 417 1249 coronatis.
435 1219 643 1258 elegantemque
660 1224 686 1252 in
710 1227 821 1255 modum
844 1236 921 1256 exor-

135 1259 218 1291 natis,
233 1268 265 1287 ex
287 1262 401 1291 adverso
415 1266 506 1298 palatii
523 1276 630 1298 sursum
647 1278 679 1299 ac
696 1272 825 1300 deorsum
844 1275 924 1302 navi-

134 1309 239 1339 gantes,
258 1307 433 1339 imperatoria
456 1312 532 1347 signa
554 1319 642 1349 capta.
661 1317 693 1344 ad
717 1318 877 1352 ludibrium,
894 1325 925 1348 ut

136 1356 195 1377 mos
206 1355 258 1382 est,
275 1353 427 1382 trahebant.
446 1356 479 1384 Et
492 1358 684 1393 imperatorem
699 1368 811 1398 propter
825 1365 923 1393 adver-

135 1402 195 1421 sum
218 1404 312 1424 casum
336 1400 417 1427 etiam
443 1403 536 1430 animo
562 1406 757 1440 succubuisse,
775 1410 924 1446 statimque

137 1440 207 1468 bello
233 1443 321 1476 posito
345 1453 438 1478 pacem
467 1450 663 1483 expetiturum,
686 1457 712 1480 et
735 1455 865 1488 spatium,
880 1440 924 1485 Ide

138 1492 193 1519 quo
214 1495 307 1522 supra,
331 1490 382 1518 illis
404 1491 568 1521 donaturum
591 1496 806 1526 arbitrabantur.
823 1499 875 1527 Sed
892 1505 924 1528 ut.

973 253 1023 287 μὲν
1038 252 1085 280 οὖν
1104 252 1246 287 βασιλικαὶ
1259 253 1383 288 τριήρεις
1400 252 1560 301 ἀναχθεῖσαι
1581 253 1616 301 ἐκ
1627 250 1675 301 τοῦ
1691 259 1759 301 νεω-

973 298 1032 334 ρίου
1046 298 1129 326 αὑτοῦ
1145 306 1199 326 που
1215 299 1330 334 πλησίον
1355 299 1499 334 ηὐλίσαντο
1515 297 1563 333 τὴν
1586 297 1759 336 v6¥1&,5t1-

972 344 1114 380 νοούμενοι
1129 344 1168 377 ὡς
1191 346 1221 377 ἐς
1238 344 1287 380 τὴν
1307 344 1453 380 ὑστεραίαν
1475 345 1536 375 ταῖς
1561 343 1632 378 μετὰ
1645 343 1690 370 τοῦ
1707 344 1762 370 Φα-

972 391 1108 418 κεωλάτου
1124 391 1198 427 τρισὶ
1220 392 1365 427 τριήρεσιν
1392 391 1432 422 εις
1456 390 1486 417 ἓν
1498 390 1652 424 γενόμενοι,
1668 389 1757 416 Γαλα-

972 437 1040 469 τίοις
1062 437 1258 465 ὲπιπλεύσωσι.
1282 437 1460 468 Φακεωλάτος
1482 436 1510 463 δὲ
1528 436 1575 463 καὶ
1599 435 1682 468 αὐτὸς
1708 436 1759 466 τὰς

972 483 1096 518 τριήρεις
1109 482 1269 516 ἑφοπλίσας,
1293 481 1554 517 παρεσκευασμένος
1569 478 1603 515 ἦν
1615 479 1653 511 ὡς
1667 481 1696 511 ἐς
1707 479 1759 514 τὴν

974 526 1120 562 ὑστεραίαν
1151 526 1321 562 ἑξορμήσων,
1350 525 1399 553 καὶ
1433 525 1448 552 ὸ
1484 524 1611 560 βασιλεὺς
1641 523 1758 558 ἱππικὴν

974 573 1081 607 ἔπεμπε
1108 573 1238 607 στρατιὰν
1260 573 1319 607 ἅμα
1334 571 1450 606 δεσπότῃ
1479 570 1519 605 τῷ
1544 569 1595 604 υἱῷ
1614 569 1714 603 πολλήν
1727 576 1758 594 τε

974 619 1020 646 καὶ
1036 618 1154 653 ἀγαθὴν,
1169 618 1208 650 ὡς
1234 617 1283 652 τῆς
1298 616 1437 652 συμϐολῆς
1449 617 1599 650 γενομένης
1613 614 1668 641 τῶν
1680 613 1759 649 τριή-

977 674 1056 700 ρεων,
1071 665 1118 691 καὶ
1137 664 1214 692 αὑτοὶ
1225 663 1406 700 προσϐάλοιεν
1421 663 1453 689 ὲκ
1467 662 1517 696 τῆς
1532 661 1658 696 ἠπείρου.
1681 659 1760 686 Ἐπεὶ

973 710 1002 737 δὲ
1026 710 1117 746 ἡμέρα
1131 710 1180 746 ἠδη
1209 707 1254 745 ἦν,
1272 710 1301 736 αἱ
1325 709 1374 744 μὲν
1391 709 1423 735 ὲκ
1437 708 1483 735 τοῦ
1507 706 1623 758 νεωρίου
1639 707 1762 758 τριήρεις

975 756 1142 789 ἀναχθεῖσαι,
1176 755 1242 790 πρδς
1270 756 1302 789 τῇ
1331 754 1461 787 Εὐγενὶου
1496 752 1653 788 καλουμένῃ
1685 751 1755 786 πύλῃ

975 802 1025 837 ἢδη
1039 800 1120 837 ἦσαν.
1136 802 1170 828 At
1187 801 1214 828 δὲ
1238 801 1307 836 μετὰ
1323 800 1503 851 Φακεωλάτου
1523 799 1576 851 τοῦ
1584 797 1761 851 πρωτοστρα-

975 856 1063 882 τορος,
1077 848 1124 873 καὶ
1139 847 1220 873 αὑταὶ
1248 846 1297 872 τοῦ
1315 846 1440 879 ποταμοῦ
1457 844 1664 880 ἑξορμηθεῖσαι,
1680 843 1762 878 ἠπεί-

975 905 1053 930 γοντο
1065 897 1124 927 ταῖς
1141 895 1235 927 ἄλλαις
1254 895 1283 921 ἐν
1294 894 1384 929 ταυτῷ
1396 893 1522 928 γενέσθαι
1536 901 1543 908 ·
1561 892 1608 918 τοῦ
1624 892 1652 918 δὲ
1674 892 1763 918 πάντα

975 942 1085 976 ἄγοντος
1098 941 1165 968 Θεοῦ
1178 942 1224 968 καὶ
1238 942 1305 968 πᾶσι
1322 940 1534 971 ταλαντεύοντος
1547 939 1672 970 δικαίως,
1696 937 1750 964 Ῥω

977 987 1083 1023 μαίους,
1102 988 1139 1023 ᾡς
1152 987 1251 1020 ἔοικεν,
1268 987 1309 1019 εἰς
1328 987 1434 1014 πολλῶν
1446 986 1536 1013 ἄλλων
1560 985 1664 1012 ἔκτισιν
1674 985 1765 1018 ἁμαρ-

975 1019 1111 1067 τημάτων.
1130 1019 1349 1067 τιμωρουμένου,
1378 1033 1425 1059 καὶ
1445 1032 1502 1063 τοῖς
1529 1029 1619 1065 πολλῷ
1643 1030 1764 1064 χείροσιν

975 1077 1108 1113 ἡττᾶσθαι
1132 1079 1372 1113 παραχωροῦντας,
1391 1077 1490 1112 ἀθρόον
1510 1077 1670 1111 πνεύματος
1686 1075 1771 1110 ἁκρί-“

974 1132 1021 1150 του
1037 1124 1248 1159 προσπεσόντος,
1273 1125 1321 1151 καὶ
1342 1123 1455 1159 πρώτας
1480 1122 1690 1174 ἅνατρέψαζιτυς
1716 1122 1765 1174 τὰς

975 1171 1049 1204 τρεῖς
1064 1169 1187 1204 τριήρεις
1206 1169 1249 1204 ἐφ’
1274 1167 1317 1200 αῖς
1331 1170 1355 1196 οἱ
1380 1169 1483 1201 ξύλινοι
1503 1168 1604 1202 πύργοι
1619 1164 1703 1202 ἦσαν,
1719 1166 1766 1192 καὶ

975 1217 1000 1242 οι
1014 1216 1088 1243 ἄλλοι
1101 1216 1192 1247 αὐτοῖς
1205 1215 1298 1247 ὅπλοις
1313 1216 1482 1243 κατέπιπτον
1500 1216 1554 1242 ἀπὸ
1570 1214 1624 1241 τῶν
1639 1214 1706 1241 νεῶν
1718 1212 1766 1239 ἐπὶ

975 1263 1024 1297 τὴν
1045 1262 1192 1294 θάλασσαν,
1208 1262 1255 1288 καὶ
1270 1262 1364 1289 ναῦται
1379 1262 1480 1297 ὁμοίως
1496 1262 1544 1288 καὶ
1560 1260 1679 1288 ὁπλῖται.
1710 1258 1766 1285 Καὶ

977 1307 1006 1334 ἐν
1024 1307 1073 1342 μιᾷ
1089 1307 1158 1342 ῥοπῇ
1180 1306 1276 1341 χρόνου
1304 1307 1391 1333 πᾶσαι
1416 1305 1542 1339 ἑωρῶντο
1562 1307 1643 1332 κεναὶ
1669 1303 1766 1330 ἐπιϐα-

975 1354 1039 1386 τῶν,
1056 1354 1094 1389 τῷ
1109 1353 1182 1388 αὐτῷ
1191 1354 1218 1380 δὲ
1233 1354 1322 1389 χρόνῳ
1331 1355 1375 1380 καὶ
1394 1349 1431 1380 ὧν
1446 1353 1460 1379 ὁ
1474 1351 1655 1381 Φακεωλάτος
1672 1352 1766 1384 ἐστρα-

976 1400 1064 1434 τήγει,
1093 1399 1146 1427 τῶν
1178 1400 1438 1434 καταστρωμάτων,
1471 1399 1519 1425 καὶ
1543 1397 1622 1425 αὐτοὶ
1647 1396 1694 1423 ἐπὶ
1716 1395 1766 1430 τὴν

977 1445 1114 1472 θάλασσαν
1144 1445 1321 1477 κατέπιπτον,
1355 1446 1404 1471 καὶ
1447 1444 1559 1478 ὗλεϐρος
1585 1440 1618 1477 ἦν
1641 1441 1766 1471 παντοῖος

976 1491 1081 1518 ναυτῶν
1103 1490 1171 1525 ὁμοῦ
1193 1490 1240 1517 καὶ
1261 1489 1390 1517 ὁπλιτῶν.
1410 1489 1442 1516 Oi
1472 1488 1520 1524 μὲν
1537 1485 1583 1514 οὖν
1602 1486 1695 1512 πολλοὶ
1710 1485 1765 1510 διε-

135 1538 212 1565 spem
230 1539 344 1562 eventus
359 1536 462 1570 fefellit,
478 1546 596 1575 eumque
615 1549 699 1570 novas
712 1543 838 1572 triremes
852 1553 924 1573 com-

979 1537 1105 1572 σὼθησαν
1128 1537 1212 1571 ἐγγὺς
1227 1538 1276 1571 τῆς
1293 1536 1344 1570 γῆς
1368 1534 1557 1570 γεγενημένης
1572 1534 1622 1567 τῆς
1637 1534 1743 1566 τροπῆς
1757 1537 1764 1545 ·

136 1576 285 1612 pingendas
298 1580 430 1610 locavisse
444 1585 621 1618 audiverunt,
638 1595 732 1621 pacem
754 1598 801 1624 per
820 1590 926 1626 legatos

136 1630 327 1657 poposcerunt.
358 1628 397 1655 Ae
427 1630 546 1664 primum
578 1633 688 1668 quidem
718 1635 752 1662 de
782 1636 843 1664 loco
875 1638 926 1665 sibi

136 1670 315 1705 relinquendo
342 1674 534 1709 imperatorem
562 1684 753 1715 tentaverunt;
788 1691 870 1718 quem
896 1689 927 1712 ut

137 1715 313 1751 intrepidum,
331 1726 358 1747 et
379 1721 472 1749 animo
495 1723 637 1756 invictum,
656 1715 854 1763 putantem-que
876 1731 926 1757 tri-

135 1767 204 1790 stem
223 1764 295 1791 illam
319 1765 456 1795 fortunam
478 1769 592 1797 aliorum
610 1774 792 1806 quorumdam
814 1775 927 1803 delicto-

137 1815 195 1834 rum
208 1816 269 1836 esse
284 1811 413 1845 pretium,
426 1818 454 1840 et
465 1815 491 1840 in
505 1816 596 1849 priore
609 1819 744 1845 sententia
758 1819 925 1849 immobilem

137 1852 273 1886 viderunt,
292 1855 372 1891 747
396 1865 447 1885 nec.
469 1858 492 1886 si
517 1860 616 1889 millies
635 1863 696 1889 talia
722 1865 925 1900 contingerent,

135 1897 225 1925 locum
251 1900 304 1928 illis
327 1902 503 1936 donaturum.
528 1910 556 1933 et
581 1907 680 1935 iratum
708 1908 926 1945 l'rementemque

135 1945 226 1978 potius
241 1946 312 1977 quod
329 1947 417 1976 victus
444 1955 471 1977 et
492 1951 526 1977 ad
543 1951 616 1980 vires
631 1955 794 1988 reparandas
812 1956 928 1984 alacrio-

137 1998 205 2022 rem,
227 1992 302 2020 velut
325 1999 382 2020 tum
407 1995 525 2029 primum
549 2005 625 2026 arma
645 2001 848 2034 eapessivisset,
867 2010 926 2029 me-

137 2039 244 2062 tuentes
269 2045 303 2064 ne
325 2037 376 2064 sibi
404 2047 500 2073 parum
524 2036 641 2070 feliciter
660 2045 778 2073 caderet.
794 2046 926 2074 diuturna

136 2083 286 2114 contentio,
299 2083 387 2111 locum
400 2086 539 2113 remittere
551 2088 584 2115 de
595 2096 739 2125 compacto
750 2097 925 2121 statuerunt:

137 2128 262 2163 factaque
276 2137 325 2163 pax
342 2130 368 2157 in
385 2132 454 2159 banc
467 2133 666 2168 conditionem,
682 2141 713 2163 ut
726 2137 843 2171 spatium
860 2139 928 2166 illud

137 2175 293 2209 imperatori
319 2177 481 2210 redderent,
506 2180 592 2208 veteri
615 2182 718 2210 ambitu
743 2184 876 2213 contenti.
895 2185 928 2212 Et

978 1582 1112 1609 ἀπέθανον
1135 1581 1164 1608 δὲ
1179 1582 1208 1608 ἐν
1227 1581 1283 1612 τοῖς
1301 1580 1395 1607 ὕδασιν
1421 1579 1506 1613 ὀλίγῳ
1530 1578 1660 1608 ἐλάσσους
1676 1575 1766 1602 διακο-

979 1626 1044 1654 σίων
1058 1634 1066 1641 ο
1084 1627 1131 1653 καὶ
1146 1627 1178 1653 ὲκ
1191 1627 1246 1653 τῶν
1268 1625 1339 1660 μετὰ
1352 1624 1399 1651 τοῦ
1420 1623 1647 1658 Τζαμπλάκωνος
1666 1627 1767 1653 τεταγ-

979 1672 1069 1706 μένων
1083 1670 1130 1697 τοῦ
1154 1670 1273 1706 μεγάλου
1295 1669 1401 1701 δουκὺς,
1432 1669 1446 1695 ὁ
1462 1665 1693 1718 Φιλανθρωπηςιὸς
1707 1664 1767 1718 lilia-

978 1718 1059 1751 νουὴλ
1083 1719 1134 1753 τῆς
1161 1716 1325 1752 ναυαρχίδος
1352 1716 1457 1750 ἄρχων,
1484 1713 1556 1765 ἀνὴρ
1572 1711 1658 1765 ,κατά
1677 1711 1766 1765 ,χεῖρα

979 1765 1113 1799 γενναῖος.
1124 1764 1229 1797 καὶτῆς
1236 1762 1313 1798 παρὰ
1324 1761 1456 1797 βασιλέως
1468 1758 1612 1795 εὐμενείας
1622 1758 1766 1785 ἀπολαύων

980 1810 1106 1844 μάλιστα.
1120 1810 1150 1836 οι
1164 1810 1193 1835 ὲν
1205 1808 1313 1844 Γαλατᾷ
1333 1807 1361 1834 δὲ
1384 1807 1496 1834 Λατῖνοι
1510 1804 1765 1838 ἀναθαρσήσαντες,

978 1855 1141 1891 ἀναχθέντες
1159 1855 1283 1882 ἀνεῖλκον
1300 1855 1349 1886 τὰς
1367 1854 1491 1890 τριήρεις
1513 1851 1696 1886 ἀναψάμενοι,
1712 1856 1767 1876 κω-

978 1901 1088 1933 λύοντος
1111 1901 1235 1933 οὐδενὸς,
1257 1901 1331 1928 οὐδὲ»
1349 1899 1536 1934 ἀμυνομένου,
1562 1897 1610 1924 καὶ
1629 1893 1768 1927 ἀναιμωτὶ

977 1947 1027 1983 τὴν
1054 1947 1132 1982 νίκην
1166 1945 1249 1982 εἶχον.
1271 1946 1303 1974 'H
1325 1946 1354 1972 δὲ
1371 1946 1404 1992 ιδ
1427 1945 1476 1980 τῆς
1503 1943 1630 1992 ήπεῌίρου-
1651 1940 1767 1992 στρατιὰ

980 1992 1050 2027 μετὰ
1072 1991 1205 2027 βασιλέως
1220 1991 1267 2018 τοῦ
1290 1991 1361 2022 υίοῦ,
1389 1989 1472 2026 ἔργου
1487 1987 1673 2037 privignam.
1689 1985 1767 2037 εὖού-

978 2037 1064 2070 λοντο,
1081 2037 1203 2071 οἰόμενοι
1229 2037 1320 2064 καὶτὸ
1343 2035 1470 2063 ναυτικὸν
1503 2036 1534 2061 ὲκ
1551 2034 1599 2068 τῆς
1630 2032 1767 2083 ο-αλάττης

978 2083 1107 2118 ὲμὸαλεῖν
1118 2091 1125 2099 ’
1154 2083 1216 2109 ἐπεὶ
1229 2083 1258 2109 δὲ
1269 2081 1362 2118 ἐώρων
1374 2082 1424 2113 τὰς
1439 2080 1586 2115 Ῥωμαίων
1603 2078 1670 2109 ναῦς
1684 2077 1767 2107 κενὰς

978 2129 1173 2165 ἀνελκομένας,
1204 2129 1361 2164 ἀνεχώρουν
1390 2128 1438 2155 καὶ
1461 2127 1550 2153 αὐτοί.
1566 2125 1713 2175 ,βασιλεὺς
1730 2123 1766 2175 se

978 2176 1028 2211 τὴν
1044 2176 1180 2211 τοσαύτην
1194 2175 1308 2210 δύναμιν
1318 2175 1351 2207 ὲκ
1366 2173 1532 2208 προφάσεως
1546 2171 1675 2206 οὐδεμιᾶς
1692 2170 1765 2204 ὀρῶν

137 2219 204 2247 inito
220 2220 321 2249 findere
349 2231 445 2250 novam
470 2225 652 2254 munitionem
672 2228 793 2262 despota:
809 2229 924 2265 impera-

978 2222 1150 2250 ἀπολωλυῖαν
1167 2221 1294 2254 ἐστέναξε
1311 2220 1362 2255 μὲν
1375 2220 1424 2255 τὴν
1434 2219 1563 2265 τοιαύτην
1573 2215 1766 2265 κακοπραγίαν

138 2267 204 2293 toris
227 2267 290 2298 tilio,
306 2276 366 2295 cum
389 2271 497 2304 agmine
520 2278 687 2300 armatorum
712 2275 831 2302 venienti
849 2277 927 2304 resu-

140 2316 260 2340 tucrunt.
276 2313 427 2348 Imperator
439 2321 530 2344 autem
545 2319 686 2346 accersitis
700 2327 794 2347 eorum
810 2322 928 2356 optima-

139 2358 227 2390 tibus,
265 2361 380 2388 comiter
413 2370 444 2390 ac
473 2363 578 2398 placide
606 2365 668 2392 illos
693 2365 808 2398 atratus,
835 2367 926 2395 locum

138 2410 236 2440 sponte
262 2407 356 2434 donat.
381 2408 477 2436 Aiebat
501 2410 589 2443 enim,
616 2418 670 2438 non
695 2411 730 2439 de
760 2412 865 2440 tantilla
895 2420 928 2440 ac

138 2452 240 2480 nullius
267 2454 346 2487 pretii
377 2455 551 2490 regiuncula,
591 2457 639 2484 sed
671 2457 705 2485 de
730 2458 794 2493 jure
820 2459 929 2492 imperii

139 2498 252 2526 Romani
272 2508 332 2527 cum
350 2501 415 2535 ipsis
434 2501 485 2529 sibi
510 2503 725 2531 controversiam
751 2511 822 2531 esse.
849 2503 928 2532 Haud

137 2545 210 2572 enim
247 2553 309 2572 cum
345 2547 452 2574 ratione
489 2555 662 2583 congruere,
697 2557 758 2576 cum
793 2550 848 2577 sint
881 2550 930 2577 ad-

137 2597 224 2623 venae,
240 2597 268 2618 et
292 2599 306 2618 a
329 2591 460 2620 Romanis
476 2593 689 2627 imperatoribus
703 2595 846 2630 complura
860 2602 925 2623 eou-

138 2638 225 2666 secuti
247 2638 389 2670 beneﬁcia,
404 2644 433 2666 ut
448 2640 561 2667 subesse
588 2648 620 2667 ac
643 2642 810 2676 parercjure
822 2642 929 2676 optimo

138 2684 265 2716 debeant,
281 2685 370 2712 adhuc
385 2685 558 2720 impudenter
571 2693 663 2720 agere,
681 2690 709 2714 et
725 2687 791 2722 ipsis
808 2687 929 2715 nolenti-

139 2730 200 2761 bus,
217 2729 320 2764 aliquid
342 2730 376 2758 de
398 2730 512 2766 imperio
526 2731 597 2759 velle
612 2732 771 2767 decerpere.
788 2733 877 2768 Atque
895 2733 929 2760 ob

139 2775 210 2803 hanc
223 2783 333 2803 causam
355 2776 440 2812 magis
455 2784 536 2812 quam
555 2777 590 2805 ob
603 2778 657 2806 loci
679 2779 881 2813 possessionem
901 2787 931 2807 se

137 2821 172 2849 ad
188 2822 291 2850 bellum
307 2830 477 2858 aggressum.
500 2823 579 2857 Quod
595 2823 647 2851 nisi
666 2823 781 2859 justitize
797 2823 929 2858 serviant,

136 2874 244 2898 certum
261 2869 314 2899 sibi
337 2877 408 2904 esse,
431 2869 526 2898 tandiu
547 2878 621 2898 arma
647 2870 821 2904 continuare,
837 2870 927 2907 quoad

977 2268 1031 2295 τῶν
1049 2267 1204 2302 Ῥωμαίων,
1214 2267 1278 2294 οἵων
1289 2267 1377 2294 αἴτιον
1389 2265 1483 2292 κακῶν
1497 2264 1526 2290 τδ
1537 2263 1597 2314 ea};
1610 2261 1765 2314 uposxpoti:

977 2322 1017 2340 ειν
1030 2312 1161 2348 συνορῶν.
1178 2312 1261 2339 Οὐδὲν
1283 2312 1312 2339 δὲ
1329 2312 1419 2346 ὑφῆκε
1435 2310 1482 2336 τοῦ
1500 2309 1685 2343 φρονήματος,
1704 2305 1765 2332 οὐδὲ

978 2359 1112 2386 κατέπεσε
1133 2359 1201 2395 πρὸς
1225 2358 1275 2394 τὴν
1291 2355 1387 2393 ἧτταν,
1410 2355 1469 2389 ἀλλ’
1493 2355 1540 2381 ἐπὶ
1556 2352 1688 2407 ξυλισμὸν
1705 2350 1767 2406 ἐκέ-

978 2405 1039 2432 λευε
1055 2406 1163 2441 χωρεῖν,
1178 2404 1215 2435 ὡς
1229 2404 1352 2439 τριήρεις
1366 2402 1463 2438 ἑτέρας
1478 2402 1698 2452 κατασκευασωνι
1715 2402 1765 2452 αυ-

979 2451 1020 2483 οις
1031 2459 1038 2466 ·
1055 2452 1102 2477 καὶ
1119 2451 1216 2485 ἐφίστη
1233 2450 1295 2481 τοὺς
1313 2448 1566 2484 ἐπιμελησομένους
1585 2447 1654 2480 πρὸς
1669 2444 1704 2471 τὰ
1718 2443 1761 2479 ἕρ-

979 2507 1026 2532 γα.
1042 2498 1073 2524 Οἱ
1093 2498 1123 2524 ὲν
1135 2497 1244 2532 Γαλατᾷ
1256 2496 1284 2523 δὲ
1302 2495 1504 2530 εὐτυχεστάτην
1522 2493 1683 2528 νομίσαντες
1694 2490 1768 2518 ἐκεί--

980 2553 1028 2580 νην
1044 2544 1093 2580 τὴν
1111 2544 1220 2579 ἡμέραν
1247 2543 1275 2569 ὲν
1350 2541 1487 2568 τοσούτων
1518 2539 1586 2566 νεῶν
1610 2539 1767 2574 ἐκράτησαν

980 2590 1127 2624 πολεμίων,
1143 2590 1220 2616 οὐδὲν
1239 2588 1317 2615 αὐτοὶ
1338 2587 1542 2622 είσενεγκόντες
1566 2585 1635 2621 πρὸς
1657 2585 1707 2619 τὴν
1722 2581 1768 2620 ἦτ-

979 2647 1039 2669 ταν,
1067 2635 1204 2672 ἑώρταζον
1218 2635 1270 2662 οὐκ
1295 2633 1420 2661 ἐπινίκια
1444 2633 1544 2681 μόνονζ
1555 2632 1623 2681 ἀλλά
1647 2632 1696 2681 και
1715 2639 1768 2681 om:

979 2683 1062 2719 τήρια
1079 2689 1087 2697 ³
1108 2682 1195 2709 πᾶσαι
1220 2681 1274 2716 γὰρ
1299 2680 1392 2711 αὐτοῖς
1417 2680 1446 2707 ὲν
1462 2678 1549 2714 στενῷ
1577 2679 1606 2705 αἱ
1631 2678 1697 2713 περὶ
1719 2678 1767 2704 τοῦ

981 2729 1115 2761 σώζεσθαι
1140 2728 1312 2762 κατέστησαν
1335 2725 1453 2757 ἐλπίδες.
1475 2725 1519 2756 Ἐς
1543 2725 1592 2759 τὴν
1613 2723 1764 2759 ὑστεραίαν

980 2776 1008 2803 δὲ
1021 2776 1110 2806 πάσας
1135 2773 1330 2808 ὲφοπλίσαντες
1351 2772 1401 2804 τὰς
1424 2771 1531 2798 ἑαυτῶν
1546 2771 1669 2806 τριήρεις
1689 2771 1768 2796 ὲστε-

980 2821 1153 2857 φανωμένας,
1171 2820 1208 2852 ὡς
1221 2819 1268 2846 ἐπὶ
1281 2819 1342 2855 νίκῃ
1367 2818 1416 2846 καὶ
1428 2817 1641 2852 κεκοσμημένας
1665 2817 1769 2850 ἐκπρε-

981 2868 1051 2901 πῶς,
1074 2867 1188 2902 ἀντικρὺ
1218 2865 1373 2902 παρέπλεον
1395 2863 1549 2900 βασιλείων,
1565 2862 1694 2898 σύροντες
1708 2860 1770 2888 ἀτί-
