1933 3083
144 171 180 205 95
728 173 890 204 JOANNIS
909 173 1175 207 CANTACUZENE
1444 169 1447 172 ’
1727 176 1763 208 96

144 231 289 260 dimidium
319 232 418 260 aerario
445 232 588 268 penderet,
603 237 630 260 et
654 239 706 268 pro
729 231 862 260 fructibus
882 226 932 267 pro

990 234 1025 270 μὴ
1051 235 1185 270 πρότερον
1202 234 1423 270 νενομισμένους,
1447 233 1520 260 ὥστε
1547 233 1639 260 πᾶσαν
1668 232 1766 260 ὁλκάδα

145 277 272 313 portione
306 277 445 304 similiter.
482 277 614 313 Agricolae
650 285 701 312 pro
733 277 933 312 quinquaginta

144 322 252 356 congiis
268 322 323 349 vini
353 330 467 350 aureum
497 323 697 357 persolverent.
712 322 765 355 Qui
792 330 807 348 a
823 322 932 349 rusticis

144 371 345 401 mercarentur,
358 369 470 403 duplum
485 369 591 399 darent.
619 376 674 396 non
690 369 777 395 solum
793 371 823 394 ut
837 369 932 402 copio-

146 412 243 443 siores.
259 414 305 439 sed
334 413 407 447 quod
425 413 506 439 etiam
522 413 589 440 citra
614 413 734 440 laborem
755 413 806 448 ipsi
819 420 852 440 ex
864 413 934 440 alio-

147 465 208 484 rum
235 458 374 486 laboribus
399 459 475 485 lncra
503 460 606 493 majora
631 459 796 486 factitarent.
811 458 934 493 Cumque

146 509 226 531 vetus
241 509 313 530 esset
328 504 383 536 lex,
400 509 429 530 ut
444 509 610 532 mercatores
626 505 724 540 singuli
737 506 836 532 aerario
849 505 934 532 decu-

147 557 207 577 mus
235 549 392 580 solverent,
418 550 477 585 ipse
516 551 768 586 quinquagecumas
799 551 935 584 instituit,

148 595 220 621 unde
249 595 331 628 paulo
348 595 438 622 minus
455 595 582 622 ducentis
607 596 740 623 onerariae
762 596 837 623 brevi
867 601 936 623 tem-

147 647 214 674 pore
239 639 369 668 Romanis
393 645 582 674 accesserunt,
596 641 669 676 quod
693 646 774 668 antea
795 649 936 677 nunquam

149 686 261 718 factum,
281 686 461 720 valebantque
490 687 581 713 nauali
609 688 742 722 potentia.
758 692 786 714 et
809 688 864 722 jam
888 688 938 715 do-

148 731 213 756 mini
239 731 330 764 maris,
356 739 389 758 ex
410 732 597 760 mercimoniis
614 738 746 767 quaestum
764 741 820 761 non
836 734 938 761 medio-

148 784 222 803 crem
240 776 413 812 colligebant.
427 777 495 810 Quia
510 786 575 805 vero
594 778 688 810 Cbius,
708 783 737 805 nt
754 780 936 813 narravimus,

149 822 249 854 injuste
275 827 303 849 et
317 828 411 850 contra
424 823 514 850 foedus
531 833 546 850 a
564 823 756 851 Genuensibus
786 829 935 857 teneretur,

145 868 181 894 ad
211 868 362 902 principem
387 875 483 895 eorum
511 869 619 904 (ducem
648 869 699 904 ipsi
729 869 890 904 appellant),
905 869 938 897 ad

147 918 273 940 senatum
314 914 498 949 populumque
530 914 679 949 imperator
711 915 816 950 legatos
854 916 937 948 misit,

148 959 318 993 insulamque
332 960 483 987 secundum
496 961 598 987 sancita
614 969 677 988 cum
691 961 823 988 Romanis
835 961 938 989 hedera

149 1004 289 1038 repetivit.
309 1005 377 1036 Dux.
393 1010 507 1033 senatus
539 1006 710 1041 populusque
728 1008 937 1042 responderunt,

145 1054 221 1091 justa
234 1051 344 1084 quidem
365 1051 558 1086 imperatorem
576 1053 736 1087 postulare:
752 1059 939 1081 verumtamen

149 1099 265 1126 insulam
283 1107 340 1126 non
365 1100 500 1127 sententia
527 1108 557 1127 ac
582 1099 712 1136 suffragio
727 1107 788 1130 suo.
805 1100 851 1128 sed
868 1108 939 1135 quo-

151 1145 277 1171 rumdam
305 1145 377 1178 apud
397 1152 427 1172 se
449 1145 593 1178 nobilium,
618 1153 666 1173 seu
690 1146 876 1180 patriciorum,
892 1146 940 1180 qui

151 1189 210 1217 suis
243 1189 399 1224 sumptibus
438 1190 552 1217 classem
588 1190 798 1222 instruxissent,
824 1191 939 1219 audacia

151 1235 283 1269 obtineri,
306 1243 374 1270 quos
392 1235 419 1262 in
446 1243 564 1270 prtesens
584 1244 713 1264 coercere
737 1244 790 1264 non
807 1242 937 1272 possent;

151 1288 221 1314 opus
239 1280 312 1306 enim
340 1281 398 1307 [ore
423 1280 518 1315 grandi
541 1281 675 1316 impensa,
691 1286 718 1309 et
733 1287 865 1317 apparatu
885 1290 938 1310 non

151 1326 395 1360 minimo;quibus
423 1334 484 1353 cum
502 1332 639 1359 carerent,
656 1335 703 1354 eos
718 1327 805 1354 insula
825 1328 939 1362 nequire

149 1371 301 1405 depellere,
317 1371 363 1398 sed
388 1376 509 1406 tempore
541 1371 717 1405 procedente,
734 1372 866 1399 industria
892 1379 938 1406 po-

152 1417 206 1443 tius
222 1424 254 1444 ac
280 1417 450 1451 providentia
466 1417 581 1451 quadam
597 1417 650 1444 illis
673 1417 837 1452 ademptam,
854 1418 939 1452 impe-

153 1463 235 1489 ratnri
255 1462 325 1490 haud
342 1462 424 1489 dubie
441 1462 630 1490 restituturos.
642 1464 706 1490 Haec
724 1464 937 1497 responderunt,

151 1512 179 1534 et
194 1508 275 1534 simul
305 1507 435 1535 Jacobum
464 1507 645 1540 Herminium,
658 1512 686 1535 et
700 1508 831 1535 Antarum
847 1508 937 1535 Pinc]-

152 1553 209 1579 lum
225 1553 258 1579 de
282 1553 440 1585 nobilitate,
455 1552 518 1580 ﬁdei
546 1553 677 1580 facienda:
698 1554 841 1580 miserunt.
858 1553 940 1588 749
953 1568 976 1597 ε

153 1598 313 1633 Imperatori
332 1605 490 1632 responsum
508 1605 564 1625 non
583 1598 696 1633 placuit,
710 1599 853 1634 voluitque
866 1599 938 1626 diem

153 1643 284 1678 prmstitui
312 1643 457 1671 reddenda:
483 1644 579 1671 insulae
605 1653 612 1671 :
645 1650 693 1672 aut
718 1652 747 1672 se
769 1645 881 1680 perjurii
904 1653 940 1672 ne

153 1693 324 1721 aet-uiarent,
341 1689 363 1717 si
390 1698 448 1716 eam
468 1695 631 1724 extorquere
650 1691 796 1726 potuisset.
814 1691 847 1718 Et
875 1699 944 1718 con-
963 1692 965 1696 ‘

153 1739 266 1761 ventum
291 1739 333 1762 est
353 1735 378 1762 in
403 1743 463 1762 eam
483 1736 681 1769 conditionem,
696 1741 725 1763 ut
741 1737 829 1764 Latini
846 1738 940 1764 urbem

154 1779 260 1811 insulae,
286 1780 367 1807 etiam
392 1781 490 1808 (:bium
512 1782 693 1813 nominatam.
717 1783 751 1810 ad
777 1783 940 1811 decennium

154 1825 315 1857 retinerent,
333 1826 545 1861 l‘rnercnturque
570 1827 704 1855 reditibus
732 1827 804 1863 (9|)},
821 1829 941 1862 penden-

154 1876 196 1899 tes
223 1871 251 1898 in
280 1879 366 1899 annos
391 1873 511 1907 singulos
539 1872 698 1908 imperatori
718 1874 773 1901 duo
788 1878 825 1911 .et
845 1874 940 1909 viginti

154 1923 300 1944 aureorum
325 1918 421 1944 millia.
448 1918 561 1952 Insuper
585 1919 712 1945 vexillum
737 1919 940 1953 imperatorium

154 1961 183 1988 in
205 1961 271 1988 urbe
298 1956 355 1996 pro'
376 1963 576 1991 consuetudine
601 1964 756 1998 erigerent;
785 1965 941 1999 episcopum

152 2014 188 2034 ex
207 2006 326 2034 Ecclesia
348 2008 497 2042 Byzantina
511 2009 678 2045 acciperent,
693 2014 720 2037 ct
744 2009 870 2038 Sabbatis
892 2018 941 2045 pro

154 2058 231 2078 more
244 2050 363 2078 faustum
388 2044 601 2086 imperatoribus
613 2053 819 2082 acelamarent:
834 2044 941 2082 eorum-

154 2104 208 2130 que
224 2097 383 2123 memoriam
408 2097 565 2124 sacerdotes
578 2098 607 2125 in
627 2098 762 2126 sacrificio
786 2099 875 2127 missae
888 2100 942 2127 fre—

152 2147 330 2176 quentarent,
359 2150 409 2170 nec
437 2143 470 2170 ab
495 2143 550 2170 ullo
577 2143 801 2178 prohiberentur.
829 2145 941 2181 Reliqua

155 2188 243 2215 insula
271 2192 325 2215 Iota
347 2196 409 2216 cum
431 2189 551 2217 castellis
577 2194 605 2217 et
625 2190 692 2218 vicis
712 2191 763 2218 sub
777 2192 941 2226 imperatore

984 279 1056 305 σῖτον
1076 276 1196 313 ἄγουσαν
1213 280 1243 312 ἐξ
1261 278 1417 313 ἀλλοδαπῆς
1437 277 1601 313 ἐωνημένον,
1620 277 1690 312 ὑπὲρ
1718 285 1766 313 μει-

983 324 1077 359 δίμνου
1095 325 1179 360 ἥμισυ
1200 325 1312 360 χρυσίου
1335 325 1375 359 τῷ
1388 324 1512 359 δημοσίῳ
1530 324 1634 358 φέρειν,
1652 323 1700 350 καὶ
1713 323 1766 350 τῶν

984 369 1071 398 ἄλλων
1092 370 1207 405 καρπῶν
1229 370 1379 404 ἀναλόγως.
1405 364 1474 399 Τοὺς
1494 369 1523 395 δὲ
1546 369 1610 404 περὶ
1630 368 1767 403 γεωργίαν

983 415 1186 451 ὴσχολημένους
1211 415 1294 448 οῐνου,
1321 415 1390 449 ὑπὲρ
1422 415 1590 449 πεντήκοντα
1613 414 1682 449 χοῶν
1701 422 1768 449 χρυ-

986 462 1042 489 σίον
1056 463 1085 488 ἓν
1101 463 1206 489 τελεῖν·
1228 463 1292 494 τοὺς
1311 462 1403 495 μέντοι
1425 461 1458 488 ὲκ
1484 461 1539 488 τῶν
1570 460 1766 495 γεωργούντων

985 508 1166 544 ὠνουμένους,
1191 508 1330 536 διπλάσιον
1351 507 1492 543 παρέχειν,
1516 508 1546 534 οὐ
1574 507 1654 542 μόνον
1669 505 1706 537 ὼς
1725 505 1769 532 εὐ-

985 555 1168 590 πορωτέρους,
1191 555 1248 581 ἀλλ’
1271 555 1313 581 ὅτι
1336 555 1384 581 καὶ
1401 553 1522 588 ἀμογητὶ
1541 554 1574 580 ὲκ
1597 552 1652 578 τῶν
1667 552 1767 585 ἐτέρων

987 601 1075 628 πόνων
1087 601 1164 627 αὐτοὶ
1192 600 1387 627 πολλαπλασίω
1399 599 1434 626 τὰ
1449 598 1534 634 κέρδη
1559 598 1699 633 φέρονται.
1714 596 1770 623 Νό-

989 655 1038 682 μου
1052 646 1080 673 δὲ
1093 646 1167 678 δντος
1179 646 1292 681 ἀρχαίου
1305 645 1420 676 δεκάτας
1443 645 1506 676 τοὺς
1531 642 1769 678 ὲμπορευομὲνους

990 692 1113 724 ἃπαντας
1129 692 1216 718 τελεῖν
1230 692 1268 726 τῷ
1292 691 1426 726 δημοσίῳ,
1454 688 1660 725 πεντηκοστύας
1676 685 1770 719 ἔταξεν

991 737 1083 769 αὐτός.
1114 737 1158 770 Ἐξ
1187 735 1224 763 ὧν
1240 736 1322 773 ρλίγῳ
1343 737 1452 763 δέουσαι
1490 734 1635 762 διακοσίων
1659 733 1771 764 ὁλκάδες

990 783 1184 818 προσεγένοντο
1199 783 1344 817 Ῥωμαίοις
1353 782 1381 808 ὲν
1389 782 1471 816 ὀλίγῳ
1478 781 1577 816 χρόνῳ,
1590 779 1696 806 οὐδέπω
1708 779 1771 813 ἄχρι

989 831 1049 856 τότε
1065 830 1261 864 γεγενημένον,
1279 828 1328 856 καὶ
1354 828 1476 863 μεγάλην
1491 827 1606 861 δύναμιν
1619 826 1772 859 ἐκτήσαντο

990 875 1130 910 ναυτικὴν,
1151 875 1198 901 καὶ
1226 874 1312 900 πολλὰ
1335 875 1366 901 ὲκ
1379 873 1429 908 τῆς
1447 872 1582 908 ἐμπορίας
1607 870 1770 905 ὠφελοῦντο,

992 922 1129 955 θαλάσσης
1143 921 1194 956 ἠδη
1220 920 1352 956 ἄρχοντες
1366 918 1556 954 γεγενημένοι.
1574 916 1725 951 Ἐχομένης
1744 915 1772 941 δὲ

991 967 1039 1000 τῆς
1056 967 1133 998 Χίου,
1157 966 1250 1001 ὥσπερ
1267 965 1409 1000 ἱστόρηται
1428 965 1506 998 ήμῐν,
1521 963 1574 989 ὑπὸ
1585 963 1639 988 τῶν
1657 962 1688 988 ὲκ
1709 961 1769 986 Γεν-

992 1012 1072 1042 νούας
1087 1012 1187 1042 ἀδίκως
1203 1012 1232 1037 ὲν
1246 1011 1385 1042 σπονδαῖς,
1400 1010 1469 1044 πρδς
1484 1010 1530 1036 τὸν
1544 1009 1662 1043 ἄρχοντα
1677 1007 1772 1040 αὐτῆς,

991 1057 1075 1084 δοῦκα
1094 1058 1233 1092 ὲγχωρίως
1258 1056 1541 1092 προσαγορευόμενον,
1568 1054 1614 1081 καὶ
1639 1054 1687 1088 τὴν
1713 1052 1773 1086 βουο

992 1103 1051 1137 λὴν,
1071 1103 1118 1130 καὶ
1133 1103 1181 1139 τὸν
1200 1103 1297 1137 δῆμον,
1322 1103 1336 1128 ὁ
1358 1101 1485 1136 βασιλεὺς
1503 1100 1608 1135 ἔπεμψε
1625 1097 1773 1134 πρεσϐείαν

992 1148 1116 1175 ἀπαιτῶν
1129 1147 1177 1182 τὴν
1194 1147 1275 1181 νῆσον
1289 1147 1360 1174 κατὰ
1372 1146 1422 1177 τὰς
1447 1145 1574 1176 σπονδὰς,
1593 1146 1639 1171 καὶ
1653 1144 1715 1174 τοὺς
1728 1143 1774 1177 Ep-

991 1202 1055 1226 κους
1073 1193 1120 1224 οὓς
1149 1193 1239 1228 έχουσι
1267 1194 1334 1227 μετὰ
1360 1192 1413 1218 τῶν
1441 1192 1585 1226 Ῥωμαῖων
1625 1188 1766 1224 βασιλέων.

992 1240 1060 1272 Δοὺξ
1085 1240 1113 1266 δὲ
1139 1239 1185 1265 καὶ
1217 1239 1234 1273 ἠ
1257 1239 1348 1273 βουλὴ,
1375 1238 1424 1264 καὶ
1455 1238 1468 1264 ὁ
1492 1237 1586 1271 δῆμος,
1611 1236 1701 1262 δίκαια
1726 1234 1775 1268 μὲν

992 1285 1095 1320 ἔφασαν
1110 1284 1307 1320 προκαλεῖσθαι
1323 1283 1450 1319 βασιλέα,
1477 1283 1508 1309 οὐ
1533 1282 1604 1309 κατὰ
1618 1282 1729 1314 γνώμην
1746 1279 1774 1304 δὲ

993 1331 1083 1361 αὐτοῖς
1099 1329 1209 1364 ἔχεσθαι
1227 1329 1277 1364 τὴν
1301 1329 1392 1362 νῆσον,
1415 1328 1477 1354 οὐδὲ
1492 1327 1575 1361 ψήφῳ
1590 1326 1638 1360 τῆς
1656 1325 1752 1360 βουλῆς
1765 1331 1773 1339 ⁶

992 1376 1062 1402 ἀλλὰ
1085 1376 1139 1402 τῶν
1159 1376 1226 1411 παρ’
1253 1375 1346 1407 αὐτοῖς
1368 1374 1539 1409 εὐπατριδῶν
1566 1381 1642 1403 τινας
1665 1372 1775 1402 οἰκείοις

992 1422 1153 1456 ἀναλώμασι
1194 1421 1240 1453 τὸν
1271 1421 1364 1447 στόλον
1392 1420 1591 1454 ὲιροπλίσαντας
1617 1418 1773 1451 κατασχεῖν,

992 1467 1038 1498 οὓς
1069 1468 1106 1502 μὴ
1131 1466 1261 1493 δύνασθαι
1284 1466 1332 1492 νῦν
1355 1465 1495 1500 βιάζεσθαι
1513 1473 1519 1479 ·
1535 1464 1626 1498 δεήσει
1641 1463 1696 1496 γὰρ
1710 1462 1774 1487 πολ-

991 1514 1045 1540 λῶν
1061 1513 1209 1549 χρημάτων
1232 1514 1280 1539 καὶ
1301 1512 1478 1547 παρασκευῆς
1495 1511 1525 1536 οὐ
1553 1510 1602 1544 τῆς
1628 1507 1772 1542 τυχούσης,

992 1558 1064 1585 ὥστε
1104 1557 1224 1584 ἀκόντων
1263 1557 1311 1591 τὴν
1349 1556 1430 1591 νῆσον
1475 1553 1678 1589 ἀφαιρεῖσθαιο
1707 1552 1774 1578 ἀλλὰ

990 1604 1037 1630 τοῦ
1067 1603 1167 1638 χρόνου
1216 1602 1357 1637 προϊόντος
1402 1601 1515 1636 προνοίᾳ
1563 1600 1664 1633 μᾶλλον
1703 1597 1773 1630 des-

990 1650 1130 1685 λομένους,
1160 1649 1207 1675 καὶ
1233 1647 1375 1682 οἰκονομίᾳ
1393 1645 1539 1674 ἀποδοῦναι
1555 1645 1661 1680 βασιλεῖ
1688 1644 1775 1676 ἀναμ-

991 1695 1119 1731 φιϐόλως.
1129 1693 1247 1721 Τοιαῦτα
1258 1701 1287 1719 τε
1298 1691 1374 1719 εῐπον
1387 1692 1453 1726 πρὸς
1473 1691 1535 1722 τοὺς
1551 1689 1682 1722 πρέσϐεις
1697 1688 1775 1723 βασι-

990 1742 1068 1774 λέως,
1080 1741 1126 1767 καὶ
1139 1740 1195 1774 ἅμα
1208 1739 1346 1774 Ἑρμίνιον
1363 1736 1491 1764 Ἰάκωϐον
1503 1737 1550 1762 καὶ
1562 1735 1672 1762 Πινέλον
1681 1735 1775 1760 Ἀντα-

988 1787 1042 1824 ’ρὼ,
1050 1787 1131 1817 ὄντας
1142 1788 1173 1812 ὲκ
1184 1785 1238 1811 τῶν
1249 1793 1287 1811 πα
1294 1785 1317 1818 ρ’
1331 1784 1425 1814 αὐτοῖς
1434 1782 1573 1816 ἐπιφανῶν
1583 1782 1648 1816 πρὸς
1663 1780 1773 1815 βασιλέα

991 1829 1120 1865 πρέσϐεις
1131 1828 1258 1862 ἔπεμψαν
1277 1827 1503 1862 ίσχυρισομένους
1525 1827 1589 1860 περὶ
1602 1825 1654 1851 τῶν
1672 1824 1773 1852 αὐτῶν.

991 1875 1102 1901 Βασιλεῖ
1118 1874 1146 1900 δὲ
1165 1874 1252 1901 ἐδόκει
1280 1874 1296 1909 ἡ
1323 1872 1457 1906 ἀπολογία
1481 1873 1530 1898 οὐκ
1558 1871 1692 1906 ἀρκοῦσα,
1708 1870 1776 1896 ἀλλὰ

992 1919 1164 1955 προθεσμίαν
1180 1918 1241 1945 τινὰ
1255 1918 1345 1952 ἐζήτει
1362 1917 1425 1944 καθ’
1436 1917 1470 1952 ἣν
1483 1916 1653 1943 ἀποδώσουσι
1671 1915 1718 1944 τὴν
1733 1915 1776 1948 νῆ-

992 1972 1055 1991 σονυ
1071 1964 1088 1999 ἢ
1107 1965 1144 1999 μὴ
1166 1964 1292 1997 ἐγκαλεῖν
1319 1962 1474 1997 ἐπιορκία-ι,
1490 1962 1523 1988 ἂν
1538 1961 1620 1992 αὐτὸς
1641 1961 1774 1995 ἀφέληται

991 2009 1126 2044 δυνηθείς.
1148 2009 1204 2035 Καὶ
1232 2008 1394 2042 συνέϐησαν,
1423 2007 1494 2033 ὥστε
1514 2007 1646 2036 Λατίνους
1665 2006 1712 2040 μὲν
1725 2005 1775 2040 τὴν

992 2056 1063 2083 κατά
1074 2056 1123 2090 τὴν
1136 2054 1218 2090 νῆσον
1232 2054 1321 2086 πόλιν,
1336 2054 1401 2080 Χῖον
1415 2053 1462 2079 καὶ
1477 2053 1563 2088 αὐτὴν
1574 2060 1776 2087 προσαγορευο-

992 2102 1088 2136 μένην,
1116 2101 1163 2127 ὲπὶ
1187 2100 1253 2126 δέκα
1278 2099 1351 2125 ἔτεσι
1370 2098 1509 2132 κατέχειν,
1535 2097 1582 2123 καὶ
1602 2094 1776 2131 καρποῦσθαι

991 2149 1039 2179 τὰς
1057 2146 1205 2183 προσόδους
1221 2145 1391 2180 παρέχοντας
1406 2143 1543 2170 ἐνιαύσιον
1553 2142 1592 2176 τῷ
1605 2142 1710 2176 βασιλεῖ
1722 2142 1777 2167 δισ-

993 2192 1095 2227 χιλίους
1122 2192 1169 2218 καὶ
1191 2190 1305 2225 μυρίους
1320 2189 1440 2224 χρυσοῦς
1452 2197 1459 2204 θ
1481 2189 1600 2223 ἐγείρειν
1622 2188 1650 2214 δὲ
1666 2190 1711 2214 καὶ
1726 2196 1776 2222 ση-

153 2237 239 2263 esset.
252 2233 297 2267 qui
313 2234 473 2268 praefectum
489 2242 538 2269 pro
554 2235 685 2263 arbitratu
705 2238 882 2265 constitueret
895 2246 903 2266 :
914 2242 938 2265 et

994 2237 1077 2272 μαίαν
1090 2232 1234 2272 βασιλικὴν
1246 2237 1321 2265 ἐντὸς
1333 2235 1384 2269 τῆς
1398 2234 1501 2265 πόλεως
1519 2234 1589 2260 κατὰ
1599 2233 1630 2260 τδ
1645 2233 1715 2264 ἔθος,
1729 2233 1777 2258 καὶ

155 2277 180 2305 is
200 2278 347 2311 Romanos,
360 2279 407 2314 qui
429 2280 499 2308 intra
514 2281 610 2308 urbem
622 2287 807 2314 versarentur,
824 2289 940 2318 regeret,

157 2325 335 2360 privatasque
360 2327 518 2354 earumdem
545 2328 747 2355 controversias
764 2328 941 2364 disceptaret.

153 2371 232 2404 Quod
254 2371 278 2398 si
302 2371 413 2399 Latinus
427 2373 561 2407 quispiam
578 2373 711 2407 Romano,
730 2379 777 2401 aut
803 2374 943 2404 Romanus

156 2416 259 2443 Latino
285 2417 360 2444 litcm
386 2417 553 2452 intenderet,
580 2424 721 2453 praetores,
736 2427 784 2447 seu
811 2422 942 2456 praefecti,

155 2464 237 2490 simul
250 2465 294 2498 jus
316 2465 368 2492 illis
389 2465 524 2498 dicerent,
540 2470 567 2494 et
585 2466 659 2494 litem
674 2467 823 2495 secundum
839 2468 940 2496 alteru-

156 2513 229 2535 trum
247 2500 353 2536 darent.
370 2508 433 2536 Post
454 2510 547 2537 decem
566 2517 630 2537 vero
649 2518 736 2538 annos
759 2512 794 2539 ab
808 2519 940 2548 occupato

156 2561 173 2581 a
187 2553 379 2582 Cantacnzeno
394 2555 533 2590 Byzantio,
548 2555 636 2583 Latini
660 2557 728 2584 Chio
743 2559 850 2592 penitus
863 2567 943 2587 excev

157 2599 264 2626 derant.
279 2599 340 2626 llaec
354 2606 430 2634 pacta
445 2600 524 2634 bigati
547 2599 732 2628 Genuensium
749 2610 811 2629 etim
828 2605 943 2638 impera-

159 2649 218 2671 tore
241 2645 369 2673 inierunt.
391 2646 501 2673 Simeon
521 2654 587 2673 vero
613 2646 759 2682 Benjuzus,
784 2656 878 2676 eorum
898 2652 943 2684 qui

159 2689 275 2717 insulam
293 2691 419 2718 tenebant
441 2691 519 2719 iacile
537 2692 673 2726 nrinceps,
695 2693 842 2729 caeterique
859 2696 944 2722 mani-

991 2282 1122 2317 ἀρχιερὲα
1137 2279 1206 2308 εἶναι
1217 2281 1249 2307 ἐκ
1265 2281 1313 2315 τῆς
1322 2281 1350 2306 ὲν
1361 2280 1500 2315 Βυζαντίῳ
1510 2279 1674 2314 Ἐκκλησίας
1685 2287 1776 2313 κεχει-

993 2329 1183 2365 ροτονημένον,
1200 2330 1246 2355 καὶ
1262 2329 1399 2363 εὐφημεῖν
1413 2330 1479 2361 τοὺς
1505 2327 1634 2362 βασιλέας
1656 2327 1727 2353 κατὰ
1741 2326 1777 2352 τὰ

992 2374 1124 2406 σάὸϐατα,
1148 2374 1185 2405 ὡς
1212 2373 1282 2406 ἔθος,
1301 2374 1397 2408 μνείαν
1412 2381 1441 2399 τε
1457 2372 1547 2400 αὐτῶν
1561 2372 1624 2403 τοὺς
1642 2372 1732 2406 ίερέας
1749 2372 1777 2397 ἐν

991 2421 1051 2450 ταῖς
1067 2419 1276 2455 ἱεροτελεστίαις
1294 2419 1445 2451 ποιεῖσθαι,
1459 2419 1508 2445 καὶ
1526 2418 1610 2453 μηδὲν
1623 2417 1777 2444 κωλύεσθαι

993 2466 1060 2501 παρ’
1087 2467 1204 2496 οὐδενός.
1229 2466 1286 2500 Τὴν
1303 2466 1331 2491 δὲ
1345 2465 1428 2500 ἄλλην
1447 2465 1528 2499 νῆσον
1543 2465 1664 2496 ἃπασαν,
1681 2464 1727 2490 καὶ
1742 2464 1778 2490 τά

993 2512 1122 2548 φρούρια,
1146 2513 1194 2538 καὶ
1222 2512 1318 2546 κώμας
1341 2511 1394 2538 ὑπὸ
1418 2510 1554 2546 βασιλέως
1581 2509 1701 2544 ἔχεσοαι,
1729 2509 1778 2535 καὶ

991 2559 1122 2595 ἄρχοντας
1138 2559 1230 2589 αὐτοῖς
1244 2558 1273 2584 ὃν
1297 2558 1331 2585 ἂν
1358 2557 1437 2593 ὲθέλῃ
1465 2557 1589 2592 έφιστᾷν,
1611 2556 1658 2583 τὸν
1677 2556 1705 2582 δὲ
1729 2556 1777 2582 καὶ

992 2606 1046 2631 τῶν
1060 2605 1135 2636 two;
1155 2605 1221 2631 Χίου
1235 2604 1284 2637 τῆς
1298 2605 1402 2635 πόλεως
1424 2603 1580 2637 Ῥωμαίων,
1596 2603 1702 2637 ἄρχειν.
1718 2602 1778 2629 Κᾶν

995 2651 1044 2686 μὲν
1066 2651 1194 2686 Ῥωμαίῳ
1215 2651 1281 2686 πρὸς
1304 2651 1440 2685 Ῥωμαῖον
1459 2651 1529 2683 ὑπὲρ
1546 2651 1625 2677 ,ίδίων
1641 2648 1776 2684 ἀδικημά-

994 2705 1048 2724 των
1065 2697 1270 2731 ἀμφισῦήτησις
1292 2694 1321 2732 ᾗ,
1338 2695 1414 2731 παρὰ
1429 2696 1474 2722 τὸν
1493 2696 1638 2729 Ῥωμαίων
1657 2695 1776 2730 ἄρχοντα

770 2758 877 2788 Jacobi
894 2759 1025 2790 Pontani
1050 2764 1141 2792 notae.

195 2805 253 2838 (9H
269 2804 359 2839 Ipsius
374 2805 433 2833 Chii
448 2804 523 2832 urbis
539 2809 657 2838 tantum,
676 2814 709 2834 an
726 2808 810 2835 totius
825 2809 943 2837 insulaz?

159 2837 189 2866 Si
205 2837 308 2877 tantum
325 2841 411 2877 urbis,
425 2840 725 2877 quotnodopotuerunt
741 2843 895 2877 imperatori
914 2845 940 2871 in

159 2881 248 2915 annos
270 2875 392 2912 singulos
409 2875 529 2911 pendere
552 2876 649 2911 viginti
665 2877 720 2906 duo
737 2875 837 2912 millia,
856 2880 941 2914 siqui-

997 2811 1070 2844 dem,
1088 2817 1117 2839 ut
1131 2812 1179 2839 lib.
1194 2819 1212 2838 tt
1228 2810 1332 2838 dictum
1346 2815 1397 2842 est.
1412 2815 1467 2838 tota
1481 2810 1570 2838 insula
1591 2814 1694 2837 tantum
1713 2808 1775 2836 red-

992 2847 1073 2874 debat
1089 2848 1114 2874 in
1130 2854 1231 2874 annum
1249 2851 1359 2874 centum
1373 2847 1457 2874 millia
1471 2850 1498 2873 et
1515 2846 1631 2881 viginti?
