1933 3083
150 124 199 156 117

724 127 996 159 HISTORIARUM
1017 127 1133 159 LIBER
1155 128 1203 161 IV.

1718 129 1770 161 118

146 178 300 215 πρεσϐεῦον
316 179 424 213 αἵρεσιν
439 181 576 214 καθάπαξ.
594 181 639 214 οὓς
666 182 788 217 ἀνάγκην
815 182 872 218 ἔχει
888 183 932 210 Θε-

992 188 1077 219 potest
1103 185 1237 212 derivare.
1257 184 1334 217 Quod
1359 185 1381 212 si
1409 185 1474 218 ﬁat,
1501 189 1554 213 tota
1573 183 1721 221 [Egyptus,
1737 191 1766 214 et

146 224 278 260 ραπεύειν
293 226 307 252 ὁ
326 225 441 252 σουλτὰν
456 226 593 261 Αἰγύπτου
607 248 614 259 ,
628 227 673 254 διὰ
697 229 727 254 τὸ
742 228 871 255 δύνασῡαι
887 229 932 255 τδν

144 270 241 296 Νεῖλον
261 270 307 297 ἐπ’
330 270 416 306 ἄλλην
433 271 488 306 γῆν
505 273 702 308 μιτοχετεύειν.
723 273 758 301 '0
774 275 798 300 ει
815 275 932 308 γένοιτο,

145 315 281 349 σύμπασα
295 315 381 350 ἄρδην
396 316 544 350 Αἴγυπτος,
563 319 610 344 καὶ
634 318 650 352 ἡ
678 318 746 352 ἄλλη
763 319 848 353 Συριά
864 319 933 345 ἀπο-

143 360 254 387 λοῦνται
271 361 441 395 τριφόμεναι
466 362 513 388 ὑπ’
528 363 634 389 ἐκείνου
662 364 823 399 φιλοτίμως.
847 364 887 390 Δι’
901 364 935 400 ἣν

144 406 236 433 αἰτίαν
251 407 301 433 καὶ
313 407 373 434 τότε
397 407 423 434 οι
437 407 571 444 βάρϐαροι
587 410 643 441 τοῖς
658 409 788 436 Ἰακώϐου
805 409 935 445 αἰρεσιώ-

143 461 207 484 ταις
237 454 328 489 μόνοις
345 452 416 488 ἦσαν
433 455 567 489 εὐμενεῖς.
584 456 648 486 Τοῖς
666 455 700 482 6';
715 455 806 488 ἄλλοις
832 456 935 482 ἅπασιν

144 496 235 528 οὓτως
263 498 433 534 ιπετέθησαν
447 499 579 535 σφοδρῶς,
597 501 636 532 ὡς
647 501 763 532 πολλοὺς
779 501 828 536 μὲν
839 501 877 536 τῷ
891 501 936 528 διὰ

145 543 300 578 μαρτυρίου
323 544 395 571 τέλει
418 546 608 580 παραπέμψαι
628 546 765 578 ποικίλαις
778 547 823 573 καὶ
840 546 936 580 διαφό-

145 596 204 624 ροις
219 589 359 616 κολάσεων
387 590 481 622 ἰδέαις,
498 591 549 618 οὐκ
568 591 676 626 ὀλίγους
699 592 726 618 δὲ
745 593 793 619 καὶ
817 594 868 628 τῆς
895 593 937 624 τις

144 635 266 670 Χριστὸν
293 636 447 671 ἀποστῆσαι
480 637 610 670 πίστεως,
639 638 687 665 καὶ
715 638 767 673 τῆς
799 639 935 673 σφετέρας

144 683 239 708 πεῖσαι
255 681 366 715 ἔχεσθαι
381 682 543 718 Θρησκειας,
562 683 576 709 ὃ
603 684 650 710 καὶ
667 683 786 718 μάλιστα
807 684 935 719 δακρύων

145 726 233 759 ἄξιον,
250 727 307 753 ὅσοι
320 727 388 762 δῆτα
408 728 455 754 καὶ
471 729 541 762 μετὰ
556 727 608 762 τῆς
621 728 662 760 εἰς
685 728 804 763 Χριστὸν
817 729 938 760 πίστεως

147 772 337 807 συναπήγοντο
355 772 395 808 τῷ
426 773 537 808 πονηρῷ
557 773 600 800 διὰ
619 774 675 800 τῶν
699 774 798 808 ἔργων,
825 774 872 800 καὶ
889 774 939 808 τῆς

146 817 236 852 αὑτῆς
263 818 361 852 ἐκείνῳ
387 819 504 854 γεέννης
529 817 598 855 ἦσαν
616 819 791 854 κληρονόμοι.
822 820 860 846 οὐ
884 820 939 855 γὰρ

146 864 234 896 ἐστιν,
251 864 301 891 οὐκ
325 864 383 891 ἔστι
407 865 453 891 τὸν
470 864 553 900 ὀρθοῦ
569 864 628 900 βίου
657 865 728 899 μετὰ
753 865 803 899 τῆς
821 865 939 897 πίστεως

147 909 291 944 ἐχόμενον,
311 909 468 945 ναυαγῆσαι
495 918 562 936 ποτε
580 910 648 945 περὶ
674 910 725 945 τὴν
754 910 857 942 πίστιν,
890 911 941 945 τῆς

149 955 225 990 παρὰ
238 954 306 982 Θεοῦ
333 955 497 991 επικουριας
512 956 617 991 ἔρημον
642 956 802 990 γενόμενον.
818 956 884 983 Ὅτε
909 957 941 991 δὴ

148 1000 197 1027 καὶ
211 1001 336 1036 Λάζαρον
359 1001 407 1028 τὸν
430 1003 604 1037 πατριάρχην
625 1001 814 1035 συλλαϐόντες,
843 1002 941 1037 πρῶτα

153 1047 204 1081 μὲν
220 1046 333 1076 πολλαῖς
353 1047 510 1082 ὑπήρχοντο
539 1047 680 1080 θωπείαις,
709 1049 758 1075 καὶ
785 1048 940 1084 παραλύειν

148 1092 196 1119 τὸν
221 1093 298 1119 τόνον
313 1093 476 1128 ὲπειρωντο,
495 1093 543 1120 καὶ
558 1093 609 1128 τῆς
626 1095 666 1125 εἰς
689 1093 806 1129 Χριστὸν
823 1094 942 1127 ἀπάγειν

150 1139 273 1170 πίστεως
283 1147 291 1155 ·
312 1139 470 1174 νομίζοντες
485 1139 518 1166 ἂν
532 1139 626 1166 τοῦτον
640 1140 733 1172 ἕλωσι,
750 1139 855 1171 πάντας
870 1140 942 1166 ὑπά-

150 1184 244 1217 ξεσθαι
262 1185 444 1221 Χριστιανοὺς
468 1186 535 1220 πρδς
549 1186 664 1220 ἄρνησιν
681 1185 780 1212 αὐτίκα
805 1185 852 1212 τοῦ
874 1186 941 1221 Χρι-

150 1231 226 1264 στοῦ,
236 1231 276 1267 τῷ
288 1231 414 1267 σφετέρῳ
427 1232 566 1267 προστάτῃ
577 1232 626 1266 τῆς
643 1231 762 1262 πίστεως
778 1232 940 1266 ἑπομένους,

150 1279 199 1305 καὶ
217 1278 254 1314 μὴ
269 1278 530 1313 ἀναγκασθήσεσθαι
542 1278 747 1305 ἀποκτιννύναι.
764 1278 872 1305 Μᾶλλον
884 1278 940 1313 γὰρ

150 1325 297 1361 ἠϐούλοντο
311 1326 531 1361 μεταστήσαντες
541 1324 593 1360 τῆς
606 1324 727 1356 πίστεως
739 1324 843 1357 ζῶντας
855 1324 940 1359 ἔχειν,

985 230 1083 265 Syria,
1111 238 1170 265 quae
1188 230 1249 257 inde
1264 230 1365 258 aﬁ'atim
1391 231 1500 258 aluntur
1514 251 1521 262 ,
1549 231 1619 258 fame
1645 232 1766 259 funditus

987 276 1136 302 intereant.
1153 276 1209 303 llac
1232 275 1265 303 de
1283 283 1365 303 causa
1381 281 1409 303 et
1433 281 1497 303 tunc
1514 276 1621 303 Barbari
1638 278 1704 304 solis
1727 278 1773 304 ,ἱει-

986 321 1085 347 cobitis
1101 326 1179 348 erant
1198 322 1306 356 propitii
1323 331 1329 348 :
1350 322 1469 356 reliquos
1486 321 1658 349 Christianos
1676 323 1772 349 omnes

987 366 1027 393 sic
1042 367 1198 400 premebant
1214 387 1220 398 ,
1236 373 1266 394 ut
1282 367 1435 401 complures
1461 367 1545 394 variis
1571 371 1768 395 tormentorum

987 411 1132 445 generibus
1149 412 1319 440 excruciatos
1334 420 1349 439 e
1361 412 1450 439 medio
1468 411 1604 444 tollerent,
1624 421 1678 439 non
1701 421 1770 447 pau-

988 464 1036 485 cos
1055 458 1137 485 etiam
1165 465 1180 485 a
1197 458 1249 485 ﬁde
1273 459 1299 485 in
1322 458 1462 485 Christum
1479 458 1512 486 ad
1528 465 1577 485 sna
1595 466 1607 485 ε
1626 466 1670 486 cra
1694 459 1773 493 pelli-

987 507 1092 529 cerent.
1118 502 1234 536 Dignum
1249 509 1316 530 sane
1340 502 1466 537 lacrymis
1479 522 1487 535 ,
1511 501 1579 529 adeo
1597 501 1697 528 multos
1711 509 1773 528 cum

989 546 1042 576 ﬁde
1069 547 1171 575 Christi
1199 556 1250 583 per
1276 555 1359 583 opera
1377 548 1409 575 ad
1435 547 1652 575 cacodzemonem
1676 547 1775 582 abripi,

989 594 1150 629 eteiusdem
1175 594 1308 630 gelrennm
1333 593 1492 621 eohtrredes
1517 593 1554 620 illi
1571 593 1699 620 evadere.
1716 593 1776 620 Non

987 639 1059 666 enim
1073 643 1132 671 est,
1149 646 1215 669 non,
1232 638 1341 673 inquam
1370 637 1407 673 (p)
1422 657 1430 670 ,
1455 641 1496 664 est
1518 638 1580 665 vitae
1594 638 1775 673 integritatem

989 692 1051 712 cum
1068 692 1131 711 vera
1148 684 1200 711 ﬁde
1224 688 1376 711 sectantem
1389 703 1398 715 ,
1425 682 1574 717 aliquando
1591 683 1662 709 circa
1683 682 1775 714 ﬁdem,

974 758 978 765 ι
993 729 1087 757 divino
1100 730 1201 756 auxilio
1216 729 1390 761 destitutum,
1416 728 1584 763 naufragari.
1608 728 1677 754 Tum
1696 727 1777 762 igitur

989 780 1017 803 et
1050 775 1183 802 Lalarum
1218 775 1400 810 patriarcham
1427 773 1465 809 (q)
1501 773 1776 808 comprehendentes,

992 821 1109 855 primum
1124 820 1233 855 quidem
1248 820 1387 847 blanditiis
1406 827 1469 847 eum
1490 820 1647 855 captabant,
1664 820 1778 854 ejusque

993 866 1119 894 invictam
1147 866 1329 894 constantiam
1355 865 1538 895 labefactare.
1554 870 1582 893 et
1609 874 1623 892 a
1648 865 1779 900 religione

991 912 1147 939 Christiana
1165 912 1322 940 abstrahere
1345 912 1524 939 nitebantur:
1539 911 1646 942 conﬁsi,
1666 911 1687 938 si
1705 911 1779 938 hunc

994 961 1209 991 expugnassent,
1236 956 1319 991 760
1333 955 1476 983 universos
1493 954 1584 982 statim
1609 953 1780 981 Christianus

990 1003 1069 1030 ducis
1085 1002 1127 1030 sui
1152 1002 1309 1036 exemplum
1332 1005 1477 1036 sequentes
1490 1020 1497 1032 ,
1514 1000 1549 1027 ad
1572 1000 1710 1027 Christum
1731 1007 1780 1027 ne-

991 1048 1106 1083 gandum
1136 1048 1280 1074 adacturos
1300 1054 1308 1073 :
1327 1054 1377 1073 nec
1405 1046 1437 1073 ad
1464 1053 1512 1073 eos
1531 1046 1690 1073 mactandos
1705 1052 1780 1072 com-

995 1094 1101 1126 pulsum
1122 1094 1154 1121 iri
1166 1113 1174 1125 ,
1191 1093 1327 1128 siquidem
1354 1100 1403 1120 eos
1421 1099 1436 1119 α
1452 1092 1537 1120 sacris
1552 1091 1670 1126 ipsorum
1691 1091 1780 1118 dimo-

997 1146 1052 1172 tos,
1070 1140 1170 1167 habere
1183 1139 1272 1171 vivos,
1290 1146 1369 1173 quam
1385 1138 1461 1165 nullo
1477 1145 1538 1165 cum
1554 1137 1642 1164 fructu
1656 1137 1781 1164 occidere

991 1185 1140 1213 malebant.
1152 1184 1204 1212 Ubi
1217 1184 1340 1211 adulatio
1352 1183 1453 1211 [rustra
1469 1183 1530 1213 fuit.
1543 1182 1633 1209 omnia
1646 1182 1780 1215 siquidem

990 1231 1035 1259 ille
1053 1231 1144 1266 potius
1163 1238 1212 1266 pro
1227 1230 1279 1257 ﬁde
1293 1229 1446 1258 Christiana
1463 1229 1565 1264 perpeti
1582 1234 1692 1264 paratus
1705 1234 1767 1256 erat

990 1277 1204 1311 carniﬁrumque
1219 1277 1246 1303 in
1261 1283 1290 1304 se
1305 1284 1403 1303 manus
1416 1275 1589 1309 provocabat,
1606 1279 1632 1302 et
1642 1275 1779 1306 laniatus,.

991 1331 1023 1350 ac
1040 1324 1223 1350 membrorum
1240 1321 1421 1350 distorsiones
1436 1325 1570 1356 exoptare
1591 1320 1677 1356 magis
1700 1321 1780 1348 vide-

768 1381 878 1413 Jacobi
898 1382 1036 1413 Gretseri
1054 1386 1150 1412 notae.

188 1446 227 1481 (ρ)
248 1445 408 1481 Signiﬁcare
431 1445 541 1481 videtur
564 1441 783 1481 Catntacuzenus.
804 1452 866 1471 eum
893 1444 939 1479 qui

151 1480 238 1508 semel
259 1489 350 1508 veram
365 1480 446 1507 ﬁdem
462 1480 577 1514 adeptus
591 1485 644 1512 est,
660 1480 777 1514 vitaeque
791 1484 818 1506 et
832 1487 939 1506 morum

994 1443 1133 1471 discordiw
1155 1451 1203 1470 nec
1223 1443 1344 1479 passione
1359 1447 1502 1479 purgatur.
1530 1444 1596 1470 Esse
1614 1447 1717 1477 martyr
1728 1452 1784 1471 non

994 1484 1088 1514 potest,
1108 1480 1153 1514 qui
1169 1479 1196 1505 in
1222 1477 1342 1505 Ecclesia
1359 1477 1419 1505 non
1435 1483 1483 1509 est,
1501 1479 1535 1504 att
1561 1486 1621 1505 eum
1645 1480 1781 1511 pervenire

154 1516 289 1542 honestati
317 1520 345 1542 ct
388 1515 498 1541 robitati
514 1513 630 1547 ’studet,
658 1522 712 1542 non
735 1513 815 1548 posse
846 1522 860 1541 a
887 1514 940 1541 ﬁde
994 1522 1046 1540 non
1066 1514 1173 1548 poterit,
1198 1514 1242 1547 qui
1261 1521 1319 1540 eam
1345 1521 1403 1547 qua!
1423 1513 1566 1548 regnatura
1592 1518 1641 1544 est,
1664 1513 1780 1540 derelin-

154 1550 290 1576 cxcidere.
306 1523 385 1576 quod)
393 1550 490 1576 doama
505 1549 608 1576 Calvini
622 1554 665 1576 est
680 1554 708 1576 et
716 1548 940 1576 ()alvintstarum.
955 1533 975 1560 Ε
992 1549 1058 1576 quit.
1090 1553 1144 1575 etc.
1174 1548 1304 1575 Exhiberc
1330 1556 1356 1575 se
1375 1556 1427 1574 nou
1455 1552 1539 1576 potest
1567 1553 1719 1576 marturcm.
1735 1549 1780 1576 qui

151 1550 290 1580 excidere,
306 1548 379 1584 quod
393 1550 490 1584 dogma
505 1549 608 1577 Calvini
622 1554 665 1577 est
680 1554 708 1576 et
716 1548 940 1584 deintstarum,

151 1585 228 1616 licet,
247 1588 276 1611 ut
289 1583 477 1611 consideranti
494 1584 671 1611 manifestum
689 1583 753 1616 erit,
772 1583 855 1610 νιςιὺει
871 1583 942 1611 Can—

153 1619 278 1647 tacuzeni
305 1619 332 1646 in
358 1619 459 1646 bonum
485 1626 596 1646 sensum
620 1619 706 1652 accipi
735 1619 858 1652 possint;
886 1626 940 1645 non

151 1655 225 1681 cnim
241 1661 408 1689 quemquam
425 1653 477 1680 ﬁde
491 1658 520 1680 et
542 1653 676 1689 charitate
694 1652 941 1689 praeditumdcsti-

153 1689 192 1716 tui
226 1688 296 1715 Dens
320 1688 422 1715 auxilio
444 1689 601 1715 necessario
620 1688 654 1715 ad
672 1689 736 1719 hoc,
763 1692 793 1714 ut
816 1688 896 1715 ﬁdem
915 1693 942 1715 et

154 1724 317 1750 charitatem
335 1728 490 1754 conservet,
505 1723 551 1750 sed
565 1723 588 1751 si
604 1723 716 1754 amittit.
739 1723 819 1757 culpa
843 1727 871 1750 et
894 1730 943 1751 ne-

155 1758 283 1793 gligentia
310 1765 359 1785 sua
390 1758 506 1789 amittit,
540 1765 596 1784 non
622 1758 730 1786 deiectu
765 1763 790 1784 et
827 1759 942 1792 penuria

154 1792 275 1820 caelestis
289 1792 404 1819 subsidii
421 1792 454 1819 ad
475 1793 712 1820 conservationem
730 1794 823 1826 gratiae
846 1800 943 1820 neces-

154 1828 232 1855 sarii.
261 1827 372 1854 Similes
397 1827 541 1855 sententiae
563 1832 713 1854 occurrunt
738 1827 886 1861 aliquando
914 1828 941 1856 in

155 1863 332 1890 Monumentis
349 1861 472 1896 Patrum,
497 1869 531 1888 ex
556 1870 672 1896 quorum
693 1869 808 1889 numero
831 1868 943 1890 sanctus

153 1897 306 1932 Cyprianus
325 1897 396 1932 libro
415 1897 452 1932 De
465 1895 573 1923 unitate,
586 1896 709 1923 Ecclesia:
724 1905 733 1924 :
744 1895 834 1932 gemo
857 1898 943 1925 existi-

155 1931 207 1959 met
222 1933 301 1959 bonos
313 1933 344 1958 de
368 1931 484 1958 Ecclesia
499 1940 572 1967 posse
587 1932 727 1967 discedere.
742 1931 865 1967 Triticum
890 1941 942 1960 non

155 1968 226 2001 rapit
251 1974 352 1999 ventus,
374 1975 419 1993 nec
438 1967 558 1993 arborem
585 1966 670 1993 solida
693 1966 782 1993 radice
803 1967 942 2000 fundatam

154 2001 270 2038 procella
284 2002 420 2038 subvertit.
445 2001 542 2028 luanes
559 2001 643 2038 palete
666 2005 818 2037 tempestate
836 2002 943 2035 jactan-

155 2044 210 2066 tur,
227 2037 351 2063 invalidi:
365 2037 471 2063 arbores
487 2037 598 2063 turbinis
613 2037 759 2063 incursione
778 2042 940 2064 euertuntur.

157 2071 215 2099 lloc
234 2072 297 2098 ideo
313 2071 391 2102 dicit,
406 2072 470 2106 quia
493 2079 565 2106 saepe
585 2071 625 2102 ﬁt,
652 2073 742 2106 utqui
768 2071 796 2098 in
824 2071 941 2098 hzeresin

156 2110 205 2133 aut
233 2106 313 2133 aliam
346 2106 516 2133 inﬁdelitatis
544 2106 661 2140 speciem
685 2107 827 2137 labuntur,
863 2106 941 2140 prius

155 2141 316 2168 Sceleratam
332 2140 459 2175 vitiisque
471 2141 683 2168 contaminatam
697 2142 780 2168 vitam
793 2140 939 2168 duxerint:

156 2175 246 2211 Neque
267 2175 336 2202 enim
351 2175 409 2209 ﬁeri
422 2180 514 2210 potest.
534 2176 623 2210 inqu
647 2175 840 2206 Damascenus,
865 2176 914 2203 lib.
932 2184 941 2204 t

157 2210 262 2242 Pura!"
279 2218 339 2245 cap.
370 2211 415 2240 12,
441 2215 469 2236 ιιι
494 2211 634 2245 quisquam
657 2211 793 2237 Ittcreticus
813 2211 871 2243 ﬁat,
891 2212 942 2238 nisi

155 2247 227 2281 prius
245 2245 327 2281 velrin
348 2245 441 2276 verbis,
458 2245 498 2272 vel
517 2246 544 2271 in
570 2245 713 2272 actionibus
736 2246 853 2272 rationes
881 2247 941 2273 vita:

154 2289 210 2307 sua:
238 2280 306 2307 male
329 2281 500 2315 compararit.
530 2280 642 2306 Interim
673 2285 777 2307 certum
804 2280 941 2315 ﬁxumque

157 2320 274 2347 maneat,
288 2323 362 2346 eum,
385 2316 431 2349 qui
451 2322 516 2342 vere
533 2319 597 2347 stat,
615 2322 678 2342 verte
702 2316 809 2345 cadere.
825 2321 854 2342 et
877 2324 941 2343 eum

156 2351 203 2385 qui
229 2358 294 2377 vere
322 2350 432 2383 cecidit,
453 2358 530 2385 vere,
543 2349 642 2376 iterum
676 2357 832 2385 reutrgcre,
858 2355 941 2385 atque

157 2384 226 2412 adeo
243 2392 307 2412 vere
318 2389 389 2412 stare
403 2393 493 2419 posse.
513 2384 601 2416 Quam
620 2384 697 2411 multi
712 2385 787 2411 modo
803 2384 942 2412 luxurian-

158 2425 212 2452 tur,
246 2419 335 2454 inquit
361 2425 472 2447 sanctus
500 2419 669 2454 Augustinus
700 2425 806 2448 tractat.
836 2421 888 2451 45,
914 2421 940 2447 in

156 2454 325 2487 Joan.,casti
343 2455 435 2489 futuri.
454 2455 541 2487 Quam
566 2455 644 2481 multi
667 2454 849 2489 blasphemant
865 2455 941 2482 Chri-

157 2498 169 2516 s
183 2498 238 2521 um,
253 2490 378 2516 credituri
389 2491 415 2516 in
424 2489 574 2521 Christum;
586 2498 664 2524 quam
675 2490 750 2517 multi
761 2498 788 2516 se
798 2491 941 2521 iuebriaut,

158 2525 242 2557 futuri
258 2525 357 2557 sobrii;
371 2533 450 2559 quam
467 2525 543 2551 multi
559 2525 667 2559 rapiunt
681 2533 721 2551 res
732 2524 845 2556 alienas,
859 2526 942 2551 dona-

159 2561 211 2586 turi
225 2567 296 2590 suas,
311 2564 363 2586 etc.
382 2560 448 2586 Item
465 2567 545 2594 quam
557 2559 634 2586 multi
647 2560 716 2586 intus
730 2560 851 2592 laudant,
870 2560 942 2587 blas-

159 2596 323 2629 p/tematuri;
338 2595 404 2621 casti
424 2601 497 2627 sunt,
525 2595 700 2629 fornicaturi;
721 2595 801 2622 sobrii
826 2601 899 2628 sunt,
914 2603 943 2622 se

159 2630 217 2656 vino
229 2633 318 2665 postea
330 2630 478 2664 sepulturi;
491 2634 575 2661 stant,
590 2631 685 2656 casuri.
699 2636 702 2637 '

195 2664 232 2699 (ιι)
254 2665 291 2692 De
306 2672 417 2692 carcere
442 2665 604 2699 calorisque
618 2665 750 2692 molestiis
760 2669 787 2692 et
801 2665 941 2696 aerumnis,

159 2706 228 2733 quas
243 2699 361 2727 Lazarus
379 2700 430 2727 iste
445 2707 591 2734 perpessus
603 2706 644 2726 est
658 2707 673 2726 a
687 2699 856 2731 Sarraceuis,
873 2700 942 2727 nihil

160 2735 234 2770 aliud
260 2735 349 2770 habeo
369 2735 474 2770 dicere,
495 2742 578 2768 quam
600 2734 665 2770 illud
689 2735 776 2762 saniti
800 2735 940 2770 Cypriani,

115 2770 118 2773 ’
160 2769 230 2796 libro
255 2769 294 2796 De
324 2770 426 2796 unitate
451 2769 685 2796 Ecclesitc:Tales
706 2769 894 2804 (schismatici)
920 2770 943 2797 si

161 2805 236 2832 occisi
257 2807 284 2833 in
311 2805 471 2839 confessione
497 2805 610 2831 nominis
635 2805 743 2838 fuerint,
760 2805 865 2831 macula
891 2806 942 2832 ista

162 2848 208 2868 nec
219 2841 346 2876 sanguine
365 2840 492 2868 abluitur.
518 2839 690 2875 Inexpiabilis
711 2845 734 2867 et
760 2841 845 2875 gravis
863 2840 941 2876 culpa

992 1549 1058 1581 quit,
1090 1553 1144 1575 etc.
1174 1548 1304 1575 Exhiberc
1330 1556 1356 1575 se
1375 1556 1427 1574 nou
1455 1552 1539 1583 potest
1567 1553 1719 1583 martyrem,
1735 1549 1781 1581 qui

993 1583 1140 1616 fraternam
1156 1591 1208 1610 non
1226 1584 1308 1610 tenuit
1324 1584 1490 1610 charitutem.
1519 1583 1597 1609 Docet
1613 1584 1660 1609 hoc
1676 1587 1701 1609 et
1718 1592 1782 1610 con-

994 1621 1107 1644 testatur
1129 1616 1230 1644 Paulus
1255 1617 1389 1652 apostolus
1405 1618 1492 1645 dicens
1508 1626 1514 1632 '
1533 1627 1542 1642 ι
1564 1617 1598 1644 Et
1617 1619 1640 1644 si
1665 1619 1780 1645 habuero

992 1652 1083 1686 fidem,
1100 1653 1137 1679 ita
1153 1657 1181 1678 ut
1198 1657 1297 1679 montes
1314 1652 1485 1686 transferam.
1512 1652 1668 1679 charitatem
1692 1658 1780 1680 autem

994 1695 1047 1722 non
1074 1688 1195 1717 habeant,
1224 1687 1291 1714 nihil
1303 1695 1373 1713 sum.
1392 1687 1425 1713 Et
1449 1688 1471 1713 si
1494 1688 1521 1714 in
1548 1687 1616 1714 cibos
1632 1696 1779 1722 pauperum

992 1721 1149 1748 distribuero
1165 1722 1256 1748 omnia
1273 1730 1342 1752 mea,
1354 1727 1378 1748 et
1392 1723 1415 1748 si
1426 1722 1561 1749 trad‘dcro
1576 1730 1669 1756 corpus
1682 1730 1778 1751 meum.

993 1761 1022 1782 ut
1047 1757 1167 1788 ardeam,
1185 1757 1340 1783 charitatem
1368 1761 1458 1783 autem
1485 1765 1536 1783 non
1563 1757 1683 1787 habeant,
1713 1757 1781 1783 nihil

994 1791 1118 1826 proﬁcio,
1130 1801 1139 1817 ι
1158 1797 1213 1819 etc.
1232 1791 1297 1826 Cum
1315 1791 1368 1818 Deo
1387 1799 1492 1818 manere
1509 1800 1560 1818 non
1584 1797 1702 1826 possunt,
1716 1793 1780 1826 quia

993 1827 1087 1853 essein
1109 1825 1226 1853 Ecclesia
1246 1825 1293 1852 Dei
1323 1826 1460 1853 unanimes
1485 1825 1643 1857 noluerunt;
1669 1827 1780 1852 ardeant

994 1859 1053 1888 licet
1076 1863 1191 1897 flammis
1217 1865 1242 1888 et
1270 1861 1373 1894 ignibus
1390 1861 1481 1888 traditi
1506 1861 1547 1888 rel
1571 1861 1664 1894 obiecti
1691 1861 1780 1887 bestiis

992 1897 1096 1923 animas
1111 1905 1173 1924 suos
1190 1901 1300 1931 ponant,
1334 1897 1449 1931 nouerit
1463 1897 1512 1923 illa
1528 1897 1590 1928 ﬁdei
1607 1904 1714 1925 corona.
1733 1904 1781 1922 nec

993 1931 1124 1966 religiosis
1138 1930 1244 1958 virtutis
1261 1931 1347 1958 exitus
1365 1930 1505 1966 gloriosus,
1519 1933 1565 1958 sed
1590 1932 1780 1966 desperationis

992 1965 1127 1993 interitus.
1140 1967 1230 1993 Occidi
1244 1966 1304 1993 talis
1319 1965 1412 2001 potest,
1424 1967 1548 1994 coronari
1561 1975 1612 1993 non
1629 1971 1720 1999 potest.
1737 1965 1781 1992 Sic

992 2008 1020 2026 se
1039 2001 1219 2028 Christianum
1240 2009 1294 2028 esse
1321 2001 1470 2035 proﬁtetur.
1505 2002 1633 2036 quomodo
1660 2007 1684 2027 et
1706 2001 1781 2028 Chri-

991 2040 1061 2062 stum
1080 2036 1198 2063 diabolus
1219 2043 1288 2070 sarpe
1314 2036 1450 2067 mentitur,
1466 2037 1521 2071 ipso
1539 2036 1650 2062 Domino
1672 2045 1782 2071 prterito-

993 2075 1070 2097 nonte
1095 2076 1119 2097 et
1135 2072 1235 2098 dicente
1259 2078 1295 2098 ;‹
1315 2071 1395 2099 Multi
1422 2073 1524 2098 uenient
1548 2072 1574 2098 in
1598 2072 1700 2097 nomine
1725 2079 1781 2097 meo

992 2106 1132 2132 dicentes:
1150 2106 1206 2139 Ego
1224 2114 1281 2133 sum
1303 2106 1422 2133 Christus
1436 2127 1443 2137 ,
1466 2112 1490 2133 et
1518 2105 1612 2133 multos
1642 2105 1746 2139 fallent.
1768 2116 1777 2131 ι

993 2139 1067 2166 Sicut
1086 2141 1130 2167 ille
1155 2141 1273 2168 Christus
1292 2149 1343 2168 non
1365 2147 1414 2172 est.
1429 2142 1546 2176 quamvis
1577 2140 1656 2176 fallat
1674 2141 1701 2167 in
1731 2148 1780 2166 no-

994 2176 1065 2202 mine
1084 2175 1168 2208 illius,
1186 2177 1224 2203 ita
1254 2185 1300 2203 nec
1327 2175 1492 2203 Christianus
1516 2176 1598 2203 videri
1621 2180 1715 2209 potest,
1736 2176 1780 2209 qui

994 2218 1045 2246 non
1064 2217 1200 2245 permanet
1215 2213 1242 2238 in
1257 2211 1394 2245 Evangelii
1412 2211 1467 2246 ejus
1497 2218 1519 2238 et
1545 2210 1607 2244 fidei
1624 2211 1742 2246 veritate.

1028 2244 1145 2272 Sanctus
1164 2244 1398 2280 Augustinusilib.
1413 2244 1535 2273 {Contra
1558 2245 1779 2277 l’armenianum.

993 2287 1053 2316 cap.
1073 2281 1087 2307 7
1102 2289 1109 2308 :
1127 2281 1187 2308 Non
1200 2282 1318 2316 quisquis
1333 2281 1359 2306 in
1377 2280 1469 2314 aliqua
1493 2280 1627 2315 religionis
1639 2281 1780 2315 quwstione

993 2314 1071 2351 fuerit
1091 2314 1246 2346 punitus'ab
1266 2314 1422 2351 imperatore
1447 2314 1576 2350 (su/tario)
1606 2320 1707 2349 martyr
1729 2316 1782 2348 effi-

992 2350 1070 2381 citur.
1085 2358 1137 2378 etc.
1154 2351 1213 2378 Non
1228 2359 1289 2385 ergo
1303 2350 1337 2377 ea:
1361 2352 1481 2381 passione
1507 2356 1579 2377 certa
1596 2355 1634 2377 est
1661 2350 1780 2384 justi'iu,

992 2384 1038 2410 sed
1052 2393 1083 2412 ea:
1094 2386 1200 2420 justitin
1216 2387 1303 2420 passio
1318 2386 1435 2421 gloriosa
1447 2391 1483 2412 est
1493 2394 1503 2418 ;
1515 2387 1623 2420 ideoque
1640 2385 1780 2421 Dominus,

993 2427 1026 2445 ne
1038 2421 1175 2456 quisquam
1190 2422 1216 2448 in
1232 2422 1281 2447 hac
1294 2420 1324 2447 re
1346 2421 1455 2448 nebulas
1477 2421 1621 2456 offunderet
1639 2420 1780 2454 imperitis,

992 2458 1016 2480 et
1036 2455 1063 2481 in
1083 2464 1191 2482 suorum
1200 2456 1372 2483 damnatione
1383 2457 1538 2483 meritorum
1552 2455 1657 2482 laudem
1677 2462 1780 2488 qutere—

993 2494 1032 2516 rct
1059 2495 1218 2525 martyrum,
1245 2499 1296 2517 non
1323 2491 1484 2526 generaliter
1516 2491 1554 2517 ait
1574 2498 1582 2516 :
1601 2499 1611 2515 ι
1635 2489 1711 2516 Beati
1735 2490 1781 2524 qui

993 2527 1198 2561 persecutionem
1227 2525 1384 2561 patiuntur;
1407 2535 1416 2551 ι
1445 2526 1492 2553 sed
1517 2525 1618 2552 addidit
1654 2532 1780 2559 magnum

993 2560 1179 2594 di/ferenliam,
1196 2560 1247 2596 qua
1258 2569 1320 2588 vera
1334 2569 1350 2587 a
1363 2562 1501 2596 sacrilegio
1515 2561 1599 2594 pietas
1614 2563 1778 2596 secernatur.

996 2596 1038 2621 Ait
1060 2596 1129 2632 enim
1152 2603 1162 2623 :
1192 2595 1373 2632 «'Beatithti
1400 2595 1607 2632 persecutionem
1641 2595 1782 2632 patiuntur

993 2631 1251 2665 propterjustitiam.
1267 2640 1276 2656 ι
1296 2631 1376 2658 Nullo
1398 2630 1475 2658 modo
1502 2635 1591 2658 autent
1619 2630 1780 2665 (patiuntur)

994 2670 1100 2703 propter
1110 2666 1257 2703 justitiam,
1276 2665 1442 2703 quiﬁhristi
1467 2665 1617 2703 Ecclesium
1636 2665 1781 2703 diviserunt

995 2705 1033 2728 (ut
1051 2701 1176 2727 fecerunt
1194 2701 1362 2728 schismatici
1387 2701 1497 2733 Graeci),
1516 2704 1541 2727 et
1564 2709 1623 2727 cum
1647 2709 1688 2730 ea.
1704 2701 1779 2732 quasi

993 2735 1120 2762 simulata
1144 2736 1252 2770 justitia
1279 2741 1409 2763 canuntur
1437 2742 1500 2763 autc
1532 2740 1632 2770 tempus
1661 2745 1678 2762 a
1700 2733 1778 2771 palm

993 2771 1122 2806 separari,
1144 2768 1183 2797 ἀα
1200 2771 1332 2804 fruntenta
1363 2772 1419 2806 ejus
1447 2771 1522 2806 falsis
1552 2768 1778 2806 criminationibus

994 2803 1166 2838 insectantur,
1184 2803 1245 2832 dum
1269 2806 1319 2840 ipsi
1334 2803 1409 2833 tib-ea
1434 2803 1529 2840 potius,
1548 2811 1675 2840 tanquam
1702 2803 1780 2829 levis-

994 2849 1062 2868 stma
1074 2840 1163 2876 palea,
1176 2841 1256 2868 variis
1273 2849 1408 2869 rumorum
1418 2843 1523 2877 ﬂatibus
1537 2842 1654 2868 reoaratt
1670 2843 1742 2866 sunt.
