1933 3083
147 149 200 181 125

713 154 989 188 ΗῘΞΤΟΒῘΛΒΙῙΜ
1010 159 1131 192 LlBER
1149 161 1200 192 ιν.

1715 168 1767 200 Ῑὲϐ

136 206 194 235 τῖιν,
210 204 242 232 οὐ
265 205 346 240 μόνον
360 205 404 233 διὰ
425 206 475 241 τὴν
500 206 586 243 ἀλλην
613 207 721 235 σύνεσιν
738 217 784 235 και
806 210 922 238 παιδεῖαι

982 221 1011 241 se
1022 215 1158 248 subjicere
1172 217 1235 249 (non
1249 217 1336 246 solum
1346 219 1410 254 quia
1419 221 1563 255 prudentia
1577 226 1604 249 et
1615 223 1770 251 eruditione

136 252 188 286 τήν
205 259 235 277 τε
249 250 302 283 ἔξω
315 251 363 278 καὶ
383 252 431 287 τὴν
444 252 516 287 ξκαθ¹
536 253 622 287 ἡμᾶς.
640 253 699 280 ἀλλ’
715 254 755 280 ὅτι
773 254 868 290 καὶτῷ
885 264 933 290 μο-

136 300 215 332 νήρξι
227 296 278 332 βίῳ
293 297 326 323 ὲκ
340 297 454 332 πρώτης
474 298 583 333 ἡλικίας
608 300 645 330 ὡς
670 300 758 326 εἰπεῖν
773 300 881 332 ἐκδοὺς,
896 303 930 336 τῇ

135 351 164 369 τε
180 343 283 378 σπουδῇ
300 344 348 370 καὶ
359 344 398 378 τῷ
411 345 477 379 περὶ
491 344 542 380 τὴν
561 345 680 381 ἄσκησιν
713 346 814 381 χρονίῳ
829 347 930 382 πολλὴν

135 388 200 422 περὶ
222 387 257 414 τὰ
281 388 396 415 τοιαῦτα
417 390 516 424 πεῖραν
544 389 634 425 ἔσχεν,
659 390 696 422 ὡς
721 391 832 425 καὶτῆς
852 392 928 427 ἱερᾶς

134 434 292 469 ὲξηγεῖσοαι
304 434 408 470 λαύρας
421 435 472 470 τῆς
482 435 511 461 ιν
523 435 596 470 ’Ἄθῳ
611 436 687 471 παρά
701 436 756 463 τῶν
769 437 826 464 ἐκεῖ
840 437 928 463 Πατέ-

136 488 191 514 ρων
204 479 379 514 ὲγκριθῆναι,
398 480 445 506 καὶ
463 481 529 514 πρὶν
553 480 702 508 ιπίσχοπον
718 482 857 516 γενέσθαι,
876 483 923 508 καὶ

133 525 241 559 ἑτέροις
261 525 350 552 ἐδόκει
362 525 398 552 τά
412 525 524 552 τοιαῦτα
540 527 725 561 παιδοτριόεἶν
748 525 818 554 εῖναι
835 527 925 559 ίκανδς

134 571 210 606 πιρά
221 571 254 597 τὺ
268 571 314 597 τοῦ
330 571 408 605 ἁγίου
424 572 573 607 Μάμαντος
597 574 806 608 φροντιστήριον
822 573 925 605 θέσεως

133 616 195 651 ἔχον
206 617 325 650 εὐφυῶς,
340 618 388 643 καὶ
401 618 519 652 ἐρημίας
535 617 673 644 ἀπολαῦον
688 617 725 649 ὡς
737 619 765 644 ὲν
782 618 857 644 πόλει
875 618 925 653 μά-

131 662 223 694 λιστα,
241 663 292 697 τῆς
315 662 406 697 ψυχῆς
423 663 482 689 ἐκεῖ
500 662 654 698 φροντίζειν
681 664 860 698 γενομένους,
877 665 924 691 καὶ

132 709 199 742 περὶ
222 708 277 734 τῶν
300 709 364 744 τῇδε
389 709 592 743 πεπραγμένων
622 710 815 742 ἐξιλάσκεσθαι
842 711 921 737 Θεόν.

133 753 296 780 Συνείποντο
308 753 337 780 δὲ
349 754 423 788 αὐτῷ
439 754 504 789 πρδς
518 753 568 789 τὴν
587 755 619 780 ἐκ
635 754 682 781 τοῦ
698 754 756 790 βίου
779 755 923 790 ἀναχώρη-

133 807 178 826 σιν
200 799 248 826 ita!
264 799 424 832 Καὸάσιλας
439 799 584 833 Νικόλαος,
601 799 648 826 καὶ
667 801 822 835 Δημήτριος
838 801 852 826 ὁ
867 801 922 827 Κυ-

131 844 222 880 δόνης,
241 845 337 879 σοφίας
352 845 402 879 μὲν
417 847 455 876 είς
467 844 553 878 ἄκρον
569 845 618 880 τῆς
634 844 734 878 ἔξωθεν
747 845 920 880 ἐπειλημμέ-

131 898 183 922 νοι,
200 890 249 925 οὐχ
262 887 345 926 ἦττον
355 890 383 917 δὲ
399 891 445 917 καὶ
461 890 552 926 ἔργοις
575 889 795 924 φιλοσοςςοῦντες,
813 891 860 916 καὶ
874 889 920 917 τὸν
937 889 958 917 Β

132 936 259 970 σώφρονα
276 935 343 970 βίον.
364 936 412 963 καὶ
427 936 481 962 τῶν
498 936 530 962 ὲκ
547 935 594 962 τοῦ
610 935 701 970 γάμου
717 936 811 962 κακῶν
834 935 923 970 ἀπηλ-

132 981 269 1016 λαγμένον
281 981 425 1016 ᾑρημένοι,
438 981 478 1008 Δι’
493 981 511 1008 ἀ
522 981 568 1008 καὶ
585 981 684 1016 πολλῆς
699 982 799 1012 αὐτοὺς
815 983 829 1007 ὁ
845 982 923 1014 βασι.

131 1027 196 1058 λεὺς
208 1026 284 1062 ἠξίου
305 1027 461 1060 εὐμενείας,
487 1027 533 1054 καὶ
555 1027 651 1058 ἐντοῖς
671 1026 790 1061 πρώτοις
805 1026 922 1061 μάλιστα

132 1073 189 1099 τῶν
201 1073 286 1107 φίλων
301 1071 353 1108 ἦγε
371 1073 418 1100 καὶ
441 1073 496 1100 τῶν
518 1073 667 1109 ὁμιλητῶν.
695 1073 796 1107 Πρῶτα
811 1072 861 1107 μὲν
876 1070 922 1099 οὖν

133 1118 222 1145 ἐδόκει
235 1119 304 1145 πᾶσι
318 1120 393 1154 κοινῇ
408 1118 645 1154 βουλευσαμένοις,
656 1119 731 1153 παρά
747 1119 776 1144 τὺ
786 1117 832 1144 τοῦ
845 1117 923 1152 ἁγίου

134 1164 285 1198 Μάμαντος
303 1165 513 1199 φροντιστήριον
526 1164 576 1200 τὴν
595 1163 667 1191 κατά
678 1164 724 1190 τὸν
745 1163 802 1199 βίον
815 1163 924 1197 φιλοσο-

134 1209 199 1244 φίαν
213 1210 428 1242 ἐπιδείκνυσθαι,
442 1210 490 1236 καὶ
500 1209 546 1237 τὸν
566 1209 724 1244 ἀκύμαντον
739 1209 787 1236 καὶ
799 1209 923 1244 θορύϐων

134 1255 346 1290 ἀπηλλαγμένον
362 1255 420 1290 βίον
433 1254 564 1282 διανύειν.
578 1255 696 1283 Ἔπειτα
709 1255 925 1290 μεταϐουλεύσα-

136 1310 225 1336 μενοι.
240 1301 291 1337 τὴν
315 1301 473 1335 Μαγγάνων
501 1301 604 1336 μᾶλλον
624 1301 728 1328 εἵλοντο
758 1302 851 1336 μονὴν,
878 1301 925 1328 καὶ

134 1347 293 1383 ὶκεκύρωτο
320 1348 351 1374 τὺ
366 1348 456 1381 δόξαν.
474 1348 520 1375 Διδ
546 1348 595 1375 καὶ
616 1348 631 1374 ὸ
659 1347 785 1383 βασιλεὺς
810 1347 924 1382 κτήσεις

133 1393 236 1425 πολλὰς
250 1395 372 1429 προσῆγε
382 1395 415 1429 τῇ
434 1395 514 1429 μονῇ,
526 1393 575 1421 καὶ
587 1393 626 1425 ὡς
641 1394 759 1429 μάλιστα
774 1393 921 1427 ιπεμελεῐ-

133 1448 174 1473 το,
190 1440 225 1466 ῐν*
240 1438 345 1466 ἐκεῖθεν
363 1439 412 1474 τὴν
427 1439 558 1475 εὐπορίαν
569 1438 626 1466 τῶν
640 1438 803 1473 ἐπιτηδείων
813 1438 901 1473 ἔχοιεν
914 1445 923 1454 ·

132 1486 235 1522 ᾔδεσαν
265 1486 357 1522 μέντοι
375 1487 410 1512 τὰ
438 1486 618 1522 πραττόμενα
640 1485 747 1516 οὐδένες
773 1485 844 1520 πλὴν
870 1485 926 1512 τῶν

988 268 1041 294 qua
1060 261 1185 295 profana,
1201 271 1253 297 qua
1271 263 1424 292 Christiana
1437 267 1603 301 excelleret,
1619 270 1666 296 sed
1687 271 1768 296 etiam

985 308 1050 339 quia
1068 307 1132 334 vitae
1156 309 1305 342 solilarim,
1323 318 1408 345 prope
1424 311 1537 339 dixerim
1556 322 1569 339 a
1594 322 1678 348 puero
1692 315 1753 342 addi

984 357 1064 384 ctus.
1094 353 1234 388 diligentia
1266 359 1294 381 et
1324 356 1502 385 diuturnitate
1527 358 1554 384 in
1588 361 1768 386 sanctimonia

985 398 1105 430 vivendi,
1125 400 1222 427 harum
1238 409 1328 428 rerum
1344 409 1411 429 sane
1430 410 1511 436 quam
1528 405 1672 438 experiens
1686 410 1766 433 erat:

983 447 1060 470 utet
1089 445 1244 472 moderator
1272 455 1356 474 sacra:
1382 448 1464 475 labra:
1494 449 1520 476 in
1544 450 1614 476 Atho
1642 457 1733 478 monte
1749 460 1763 478 ει

981 488 1108 516 Patribus
1138 490 1237 518 ibidem
1265 493 1334 525 lante
1368 493 1573 528 episcopatum_
1590 495 1766 530 deligeretur,

981 535 1061 571 764
1080 541 1161 570 atque
1183 537 1216 564 ad
1236 538 1303 565 alios
1330 538 1356 565 in
1380 539 1423 566 his
1448 540 1624 567 instrucndos
1652 541 1768 569 idoneus

979 581 1152 615 apparebat),
1172 581 1199 608 in
1226 583 1392 610 monasterio
1417 583 1510 611 Sancti
1537 584 1679 612 Mamantis
1707 586 1761 613 situ

979 631 1149 659 opportuno,
1180 630 1208 654 et
1234 627 1309 659 loco,
1337 632 1367 654 ut
1396 628 1422 654 in
1452 629 1538 661 urbe.
1573 630 1689 657 maxime
1723 638 1768 657 so-

979 669 1092 702 litario,
1132 676 1213 706 atque
1253 672 1314 699 ideo
1354 672 1387 700 ad
1424 673 1572 701 curandam
1622 675 1760 708 animam,

976 721 1058 750 atque
1081 717 1114 743 ad
1145 717 1228 744 Deum
1259 723 1369 752 propter
1391 724 1544 747 contractas
1571 720 1598 746 in
1622 720 1676 747 vita
1704 729 1763 748 ma-

975 761 1051 788 culas
1087 763 1289 797 propitiandum
1328 764 1463 799 apposito.
1492 765 1634 792 Addebam
1671 773 1701 793 se
1730 766 1763 792 ad

975 806 1046 834 hanc
1077 808 1256 836 secessionem
1295 810 1385 837 socios
1417 809 1542 837 Nicolaus
1568 811 1717 842 Cabasilas,
1739 817 1768 839 ct

975 852 1126 880 Demetrius
1151 854 1294 888 Cydones,
1322 855 1367 889 qui
1402 860 1523 882 externae
1552 856 1691 889 sapientia:
1725 856 1766 884 fa-

971 899 1080 934 stigium
1109 900 1274 935 attigerant,
1294 905 1322 928 et
1356 901 1478 928 moribus
1514 902 1764 937 philosophantes.

972 942 1057 970 vitam
1092 944 1213 971 caalibem
1253 945 1491 979 conjngaliumque
1527 946 1766 980 perturbationum

972 992 1111 1021 expertem
1143 989 1259 1023 amplexi
1294 989 1412 1016 fuerant.
1442 989 1576 1023 Quocirca
1597 991 1765 1025 pnecipuum

973 1033 1076 1067 gratias,
1103 1033 1230 1061 amicitia:
1263 1039 1291 1061 et
1327 1035 1520 1062 tamiliaritatis
1559 1035 1648 1062 locum
1689 1036 1761 1070 apud

973 1078 1161 1113 imperatorem
1186 1080 1358 1107 obtinebant.
1384 1080 1504 1108 Primum
1538 1081 1620 1116 igitur
1644 1089 1672 1108 re
1695 1081 1766 1108 inter

974 1125 1035 1152 illos
1057 1125 1206 1152 deliberata
1221 1146 1229 1158 ,
1254 1126 1357 1161 placuit
1388 1127 1515 1154 omnibus
1540 1127 1568 1154 in
1598 1127 1765 1154 monasterio

977 1171 1066 1198 sancti
1090 1171 1234 1198 litamantis
1261 1171 1440 1206 tranquillum
1457 1172 1546 1204 istuc,
1561 1176 1589 1200 et
1614 1179 1628 1199 a
1646 1173 1763 1208 strepitu

974 1224 1102 1244 curarum
1110 1217 1282 1248 alienumﬁac
1292 1216 1510 1252 philosophicum
1526 1217 1589 1244 vita:
1596 1225 1683 1253 genus
1692 1218 1760 1245 acti-

975 1267 1044 1291 tare.
1061 1262 1161 1290 Deinde
1175 1267 1279 1290 mutata
1297 1263 1432 1291 sententia
1443 1282 1451 1296 ,
1470 1263 1664 1290 monasterium
1680 1263 1757 1291 Man-

975 1308 1104 1343 ganicum
1125 1307 1162 1342 (8)
1185 1307 1361 1340 maluerunt,
1381 1307 1464 1342 idque
1489 1312 1578 1335 ratum
1594 1307 1657 1335 fuit.
1674 1308 1766 1342 Quare

974 1358 1002 1380 et
1017 1353 1166 1388 imperator
1180 1353 1279 1381 multas
1291 1353 1317 1381 ei
1332 1353 1520 1388 possessiOnes
1540 1354 1666 1386 dicabat,
1681 1361 1761 1382 cura-

975 1398 1077 1432 batque
1091 1399 1320 1434 diligentissime.
1337 1403 1367 1426 ut
1382 1399 1445 1426 inde
1461 1399 1495 1426 ad
1510 1407 1575 1426 usus
1590 1399 1652 1426 vitm
1667 1407 1763 1427 neces-

975 1446 1064 1473 sarios
1090 1446 1175 1480 copiae
1214 1445 1430 1480 suppeditarent.
1458 1446 1546 1480 Atque
1579 1446 1637 1472 haec
1669 1450 1767 1480 pra-ter

975 1488 1099 1524 ejusdem
1117 1489 1225 1516 consilii
1247 1489 1394 1524 populares
1419 1496 1499 1517 nemo
1518 1494 1640 1517 noverat.
1656 1490 1765 1517 Paratis

134 1533 374 1568 κεκοινωνηκότων
396 1533 446 1568 τῆς
462 1532 569 1568 βουλῆς.
593 1531 670 1559 Ἐπεὶ
687 1531 715 1558 δὲ
729 1531 818 1559 πάντα
835 1539 922 1566 παρε-

979 1534 1118 1566 omnibus,
1137 1541 1199 1562 cum
1215 1533 1242 1562 id
1258 1542 1342 1561 unum
1358 1538 1474 1562 restaret
1488 1538 1518 1561 ut
1532 1534 1677 1569 imperium
1690 1539 1766 1562 recte

135 1579 311 1613 σκευασμίνα
323 1577 406 1614 ἦσαν.
422 1578 471 1606 καὶ
497 1578 551 1605 ἔδει
569 1578 650 1613 μόνον
663 1577 694 1604 εὖ
717 1578 750 1605 τὰ
777 1579 849 1605 κατὰ
873 1578 922 1614 τὴν

134 1624 274 1660 βασιλείαν
301 1625 478 1660 διαθέμενον,
508 1624 552 1650 ἴνα
592 1624 713 1659 μηδεμία
738 1625 796 1656 τοῖς
827 1625 922 1651 παισὶν

136 1671 344 1706 ἀμφισϐήτησις
365 1671 471 1698 ἐκείνου
491 1671 544 1698 τῶν
561 1671 730 1706 πραγμάτων
748 1671 922 1698 ἀπολείποιτο

135 1717 378 1752 ἀναχωρήσαντος,
387 1716 455 1751 μηδὲ
468 1716 606 1751 πρόφασιν
615 1715 734 1751 πολέμου
744 1714 822 1748 αὖθις
834 1717 923 1752 σχοῖεν

133 1762 270 1797 δμφυλίου
282 1763 369 1789 διὰτὸ
383 1763 465 1789 αὐτὸν
485 1763 648 1797 ἀναχωρεῖν,
666 1763 713 1790 καὶ
738 1763 852 1798 ἔμελλεν
870 1763 921 1798 ἠδη

133 1807 215 1843 ιργου
230 1807 353 1843 εχεσθιι,
371 1808 526 1843 γράμματα
544 1808 643 1841 ἀφῖκτο
660 1809 692 1835 tu
708 1808 920 1842 Θεσσαλονίκης,

133 1854 189 1880 τῶν
205 1861 235 1891 τε
249 1853 337 1881 ἄλλων
355 1853 484 1884 πολιτῶν,
503 1854 550 1880 καὶ
566 1853 795 1888 πρωτοσεόαστοῦ
808 1854 855 1881 τοῦ
867 1855 922 1881 Με-

133 1900 253 1934 τοχίτου,
268 1899 318 1934 τὴν
334 1900 384 1934 μὲν
407 1899 545 1935 προτέραν
559 1899 758 1936 ἀγνωμοσύνην
781 1901 828 1927 καὶ
843 1902 922 1928 ἀναιο

135 1945 265 1980 σχυντίαν
284 1945 397 1981 ’Δνδρέᾳ
425 1947 629 1982 προσάπτοντα,
655 1946 692 1978 ὡς
714 1946 823 1973 πάντων
841 1947 922 1982 αἰτίῳ

133 1992 171 2026 τῷ
183 1991 358 2026 Παλαιολόγῳ
371 2000 379 2009 ·
404 1992 489 2020 αὐτοῦ
509 1992 538 2019 δὲ
555 1992 670 2027 δεόμενα
682 1993 732 2027 τὴν
744 1992 860 2027 δυνατὴν
876 1993 923 2019 καὶ

133 2037 265 2072 ταχίστην
280 2037 410 2072 πρόνοιαν
433 2038 504 2073 ὑπὲρ
518 2038 568 2073 τῆς
582 2038 687 2070 πόλεως
709 2039 858 2071 ποιεῖσθαι,
873 2039 922 2065 καὶ

135 2082 173 2117 μὴ
187 2083 319 2118 περιορᾷν
346 2082 398 2109 ὐπὸ
420 2083 564 2119 Τρισαλοῖς
580 2084 642 2110 ὅσον
654 2083 760 2110 οὐδέπω
774 2084 919 2119 ἐσομένην,

133 2127 166 2162 ἢν
188 2128 227 2161 μὴ
252 2128 334 2159 αὐτὸς
359 2129 540 2164 ὲπιιιουροίη·
559 2128 621 2164 μηδ’
649 2129 855 2164 ἑτερόφθαλμον
871 2130 922 2164 τὴν

139 2172 282 2208 Ῥωμαίων
291 2174 478 2209 γεγενημένην
488 2174 632 2209 ἀνέχεσθαι
648 2174 712 2201 ίδεῖν
724 2175 822 2210 ἀρχὴν,
838 2176 919 2209 μάλι-

975 1580 1169 1613 constitueret,
1192 1587 1249 1615 quo
1275 1580 1339 1607 ﬁliis
1351 1579 1472 1608 defuncti
1501 1579 1673 1615 imperatoris
1687 1579 1761 1608 nulla

973 1626 1034 1660 ejus
1048 1633 1159 1653 recessu
1182 1626 1368 1653 controversia
1391 1626 1424 1653 de
1444 1625 1597 1661 principatu
1623 1626 1761 1660 relinque-

975 1676 1062 1704 retur,
1077 1678 1164 1706 neque
1185 1678 1285 1698 novatn
1301 1671 1373 1698 belli
1389 1671 1479 1698 civilis
1495 1671 1668 1698 occasionem
1687 1671 1762 1698 inve-

974 1718 1084 1752 nirent,
1111 1722 1139 1745 et
1152 1718 1208 1754 jam
1234 1725 1303 1752 opus
1343 1717 1520 1745 inchoaturus
1546 1722 1640 1749 esset,
1667 1717 1766 1746 littera

973 1764 1166 1791 Thessalonica
1181 1771 1242 1791 cum
1259 1763 1375 1791 aliorum
1391 1763 1504 1797 civium,
1523 1768 1579 1790 lum
1607 1763 1762 1791 Metorhilaa

972 1809 1156 1845 protosebasti
1179 1809 1352 1836 redduntur:
1365 1809 1466 1843 quibus
1485 1810 1560 1845 prior
1575 1810 1620 1836 illa
1637 1809 1760 1844 nequitia

972 1860 1000 1883 et
1023 1855 1188 1890 impudentia
1207 1855 1323 1882 Andreae
1339 1854 1501 1889 Palaaologo,
1527 1859 1656 1889 tanquam
1679 1855 1763 1890 capiti

972 1906 1000 1929 et
1023 1901 1129 1929 auctori
1154 1901 1276 1928 omnium
1303 1901 1482 1928 tribuebatur.
1508 1900 1542 1928 Et
1561 1902 1706 1936 rogabatur
1730 1904 1761 1927 ut

972 1951 1105 1982 quantum
1131 1950 1244 1982 posset,
1267 1949 1296 1973 et
1311 1945 1420 1980 quidem
1443 1953 1523 1980 quam
1540 1946 1656 1980 primum
1669 1964 1677 1977 .
1695 1943 1756 1972 urbi

972 1993 1128 2020 consuleret
1141 2011 1150 2024 ,
1167 2000 1221 2020 neu
1247 1996 1387 2027 pateretur
1406 1991 1494 2026 primo
1508 1999 1616 2026 quoque
1636 1996 1758 2025 tempore

972 2038 1024 2066 sub
1039 2037 1167 2065 Triballis
1182 2037 1303 2064 futuram
1315 2056 1323 2067 .
1340 2036 1398 2064 nisi
1410 2039 1603 2068 succurreret,
1621 2043 1690 2062 neve
1708 2035 1764 2061 Ro-

979 2091 1092 2112 manum
1117 2082 1261 2118 imperium
1284 2083 1371 2110 altero
1394 2082 1474 2109 oculo
1498 2081 1599 2116 privari
1615 2081 1654 2116 (9)
1679 2080 1763 2108 susti-

980 2134 1088 2162 neret;
1119 2135 1182 2156 cum
1213 2127 1365 2164 praesertim
1396 2128 1484 2162 ejecta
1511 2125 1663 2160 Palaiologo
1688 2126 1763 2152 cives

982 2183 1089 2208 omnes,
1105 2180 1202 2210 praeter
1218 2174 1444 2203 sceleratissimos
1459 2174 1578 2205 Zelotas,
1591 2181 1652 2201 cum
1664 2173 1764 2208 gaudio

133 2226 183 2244 στα
200 2218 383 2253 Παλαιολόγου
403 2219 612 2255 ἐξεληλαμένον,
628 2221 675 2248 καὶ
696 2220 751 2247 τῶν
768 2221 856 2248 ἀλλων
871 2230 920 2249 πο-

977 2229 1040 2249 eum
1067 2221 1207 2257 accepturi
1232 2221 1383 2255 urbemque
1412 2220 1538 2247 tradituri
1555 2219 1620 2247 sint.
1638 2219 1674 2246 Ut
1690 2218 1763 2245 enim

132 2263 213 2290 λιτῶν
241 2263 380 2296 ἁπάντων,
395 2264 465 2298 πλὴν
491 2265 546 2291 τῶν
578 2265 696 2300 μάλιστα
724 2267 919 2301 πονηροτάτων

133 2309 274 2343 Ζι,λωτῶν,
287 2309 436 2344 προθύμως
448 2310 662 2346 δεχομένων,καὶ
673 2311 724 2347 τὴν
738 2312 816 2339 πόλιν
828 2321 919 2348 παρα-

132 2355 266 2382 διδόντων.
279 2355 323 2387 Ὠς
338 2355 392 2391 γάρ
411 2357 440 2383 ὲν
461 2357 534 2392 μέσῃ
547 2358 631 2391 πόλει,
644 2357 738 2393 ὥσπερ
751 2357 868 2393 ἔφημεν,
885 2359 921 2386 τὰ

134 2399 261 2434 βασιλικὰ
275 2401 436 2436 γράμματα,
448 2401 484 2429 δι’
503 2399 540 2430 ὧν
552 2404 629 2439 κοινῇ
651 2412 681 2430 τε
695 2400 742 2430 καὶ
757 2404 811 2440 ἰδίᾳ
833 2404 920 2432 πολλά

132 2444 179 2479 τὴν
195 2445 272 2471 πόλιν
291 2445 444 2481 εὐηργέτει,
459 2447 631 2484 κατεφλέχθη
649 2448 702 2475 ὑπὸ
719 2449 852 2484 Ζηλωτῶν
873 2450 922 2477 καὶ

133 2489 321 2526 Πιλαιολόγου,
337 2493 563 2526 πρωτοσεδαττδς
583 2495 597 2520 ό
623 2494 775 2530 Μετοχίτης
797 2495 826 2522 ὲν
841 2495 921 2532 δεινῷ

134 2536 250 2569 ἐτίθετο,
268 2538 315 2564 καὶ
331 2538 500 2565 ἀποστασίαν
523 2539 592 2574 ᾤετο
608 2540 768 2567 παντάπασι
780 2542 830 2576 τῆς
850 2541 920 2568 Ῥω-

136 2582 222 2616 μαίων
239 2583 378 2619 βασιλείας
391 2582 474 2613 εῐνάι.
488 2585 535 2612 Διὸ
549 2586 596 2614 καὶ
610 2587 667 2619 τοῖς
684 2586 775 2619 ἄλλοις
797 2586 922 2618 πολίταις

980 2266 1007 2293 ἰιι
1024 2266 1094 2299 foro,
1109 2267 1184 2301 quod
1199 2265 1328 2298 diximus,
1346 2264 1531 2300 imperatoriae
1542 2264 1649 2295 litterze,
1662 2263 1764 2298 quibus

976 2312 1023 2340 ille
1051 2311 1158 2347 publice
1182 2311 1361 2346 privatimque
1380 2310 1515 2338 beneﬁcia
1537 2309 1664 2337 distribui
1685 2315 1763 2335 man-

973 2357 1075 2391 dabat,
1098 2366 1112 2383 a
1144 2357 1243 2385 Zelotis
1276 2362 1304 2384 et
1332 2356 1482 2391 Palatologo
1509 2360 1638 2383 crematae
1675 2359 1759 2386 sunt,

978 2402 1139 2431 Metochites
1166 2403 1373 2438 protosebastus
1395 2402 1423 2429 id
1452 2401 1559 2428 facinus
1587 2408 1635 2435 pro
1652 2399 1763 2432 indigno

975 2450 1108 2483 habuit,
1145 2449 1268 2484 nihilque
1301 2447 1376 2475 aliud
1397 2466 1404 2480 ,
1442 2454 1523 2482 quam
1558 2446 1710 2473 absolutam
1746 2451 1760 2470 a

973 2497 1098 2524 Romano
1142 2495 1258 2530 imperio
1304 2493 1489 2521 defectionem
1534 2499 1594 2520 esse
1642 2490 1759 2518 censuit.

972 2541 1155 2575 Quamobrem
1180 2541 1250 2568 clam
1286 2548 1348 2567 cum
1379 2539 1486 2567 civibus
1521 2545 1552 2566 ea
1581 2537 1616 2565 de
1643 2544 1673 2564 re
1705 2544 1762 2564 ser-

971 2587 1148 2620 mocinatus,
1177 2594 1240 2615 cum
1258 2593 1353 2614 omnes
1386 2592 1463 2620 aique
1487 2583 1692 2612 stomachantes
1722 2589 1761 2609 rc-

764 2656 872 2687 Jacobi
889 2656 1021 2687 Pontani
1041 2658 1135 2686 noue.

169 2717 209 2751 (8)
225 2715 352 2754 Mangani
363 2721 531 2754 campusest
544 2721 621 2754 extra
634 2717 806 2754 Byzantium,
820 2718 850 2754 in
862 2725 917 2754 quo
963 2717 1057 2754 imani,
1069 2718 1142 2753 quod
1156 2723 1220 2754 tunc
1230 2723 1299 2754 erat,
1312 2713 1614 2754 imperﬁ_dtios_oculos
1625 2711 1754 2754 ηνρςιιηρ.

135 2753 328 2778 monasterium
347 2752 418 2779 istuc
434 2752 579 2779 azdifit-avit
595 2752 792 2780 Constantinus
818 2752 912 2780 Mono-

962 2753 1024 2781 Lib.
1042 2748 1088 2786 iii',
1103 2761 1164 2784 cap.
1180 2753 1223 2786 93,
1241 2753 1274 2780 de
1291 2748 1386 2779 eadem
1401 2749 1603 2780 Thessalonica,
1622 2748 1692 2786 μετα
1709 2748 1759 2786 τῂν

137 2786 256 2824 machus,
282 2786 426 2824 occasione
442 2794 540 2822 parum
559 2787 700 2820 laudabili,
720 2787 754 2815 de
770 2795 823 2823 qua
850 2788 911 2815 viJe

975 2781 1089 2824 ιεγᾲλην
1101 2781 1251 2822 Ῥωμαίοις
1264 2786 1458 2824 πρώτη-πόλις,
1473 2788 1532 2824 post
1544 2789 1668 2817 magnam
1682 2781 1756 2816 (sub-

137 2819 277 2851 lonaram,
290 2821 387 2848 Annal.
400 2829 440 2848 ιιι.

169 2855 206 2890 (9)
217 2855 295 2888 Vide.
306 2855 563 2892 Constantinopolin
582 2862 610 2886 et
626 2857 848 2886 Thessalonicam
858 2857 913 2886 lto-

967 2819 1030 2851 audi
1045 2819 1315 2858 Cbnstaritinopolin)
1331 2822 1418 2856 prima
1436 2819 1508 2846 urbs.
