1933 3083
165 161 215 193 1‘27

754 159 915 190 JOANNIS
930 158 1195 190 CANTACUZENI

1740 157 1790 190 li8

163 217 300 251 perisset,
328 219 489 249 tenet-etque
518 214 680 242 auctoritate
709 222 759 242 sua
779 215 945 250 prresidium.

1004 215 1090 250 κρύφα
1106 214 1257 249 διαλεχθεὶς
1279 213 1343 249 περὶ
1364 213 1410 240 τοῦ
1428 213 1636 249 πεπραγμένου,
1655 214 1702 240 καὶ
1728 223 1791 240 συν-

162 268 256 296 aperte
283 269 312 289 se
333 270 347 288 a
371 261 520 295 l’almologo
555 266 583 287 et
607 261 709 288 Zelotis
732 261 863 295 seiunxit.
895 261 947 287 Pa-

167 308 295 342 Izeulogus
320 308 393 334 cives
406 307 433 334 in
455 315 485 334 se
503 307 691 341 conspirantes
713 307 946 339 animadvertens,

163 353 243 388 765
261 353 473 386 parathalassios
488 353 525 386 (id
540 352 626 379 estad
643 360 729 385 mare,
743 360 792 380 seu
807 352 835 379 in
857 352 948 380 littore

164 399 332 434 habitantes)
346 404 374 425 ut
396 399 477 426 etiam
494 403 568 431 ante,
587 399 742 433 occupavit,
762 403 789 426 et
812 406 886 426 arma
907 406 948 426 ca-

164 454 228 481 pere
247 446 340 481 jussil,
358 451 453 473 contra
477 445 694 480 protosehastum
724 446 847 480 aliosque
873 446 948 473 cives

164 500 193 519 se
215 492 379 520 defensurus
408 492 542 519 videlicet.
574 492 625 524 Qui
651 500 683 519 ex
713 493 852 526 praeterito
882 499 947 519 casu

165 537 227 564 facti
243 538 392 568 cautiores,
408 545 462 564 non
475 537 529 571 jam
544 538 600 564 otio
623 541 650 564 et
671 537 839 564 cunctationi
856 537 949 564 indui.

164 583 276 616 gebant.
295 583 342 609 sed
367 582 448 609 simul
474 589 507 610 ac
524 590 586 609 cum
609 587 755 610 senserunt
778 587 860 610 noctu
887 590 948 610 cum

164 629 368 662 parathalassiis
384 629 410 655 in
423 629 507 656 arntis
521 637 592 661 esse,
607 637 662 656 non
674 635 828 664 exspectata
845 630 904 656 luce
921 629 948 656 in

165 674 241 701 illum
265 675 435 708 invaserunt,
464 675 567 702 victum
594 675 661 702 urbe
689 675 864 711 pepulerunt.
883 675 948 710 Ejus

165 725 192 748 et
219 721 479 754 parathulassiorum
501 721 598 748 domos
624 722 743 756 populus
771 722 894 756 diripuit,
921 723 949 748 in

166 773 257 800 pugna
289 771 381 793 tamen
407 774 503 793 eorum
533 774 614 794 nemo
642 768 750 794 cecidit.
783 767 949 802 Palwologus

166 811 310 838 confestim
340 812 424 838 rebus
453 812 512 839 suis
539 812 651 844 diffisus,
679 812 712 839 ad
739 812 857 844 Cralcm,
887 813 950 839 inde

167 862 262 891 postea
293 857 326 884 ad
355 862 479 885 sanctum
502 863 622 885 montem
646 858 716 885 Atho
742 859 828 885 venit.
850 858 950 885 Zelotze

167 910 229 930 cum
243 903 372 938 populum
391 903 508 938 amplius
524 903 666 931 concitare
681 911 734 930 non
755 909 880 938 possent,
901 912 952 931 nec

167 948 280 975 divitum
300 949 372 976 :edes
399 949 529 984 diripere,
557 949 662 983 abjecta
687 957 818 984 persona,
843 958 893 984 qua
922 958 952 977 se

169 1002 218 1029 pro
234 994 345 1028 juniore
360 994 529 1028 imperatore
545 994 711 1021 contendere
731 995 907 1028 simulabant,
921 1000 952 1022 ut

169 1037 266 1064 civitas
298 1036 427 1063 Triballis
453 1038 633 1071 proderetur,
661 1037 829 1065 laborarunt.
859 1038 952 1066 Crales

167 1083 239 1110 enim
256 1082 290 1109 ob
313 1082 339 1109 id
355 1083 484 1117 grandem
503 1083 646 1117 pecuniam
671 1083 841 1115 eﬂundehat,
870 1093 952 1119 gran-

169 1127 272 1155 diorem
289 1129 468 1162 promittebat
485 1136 492 1154 :
509 1129 603 1159 homo,
620 1128 666 1162 qui
689 1130 772 1156 etiam
794 1130 894 1164 alioqui
919 1137 952 1157 ex

169 1173 363 1208 largitionibus
393 1173 491 1200 famam
525 1179 719 1208 aucuparetur.
751 1175 849 1202 Verum
883 1176 951 1202 nihil

169 1223 240 1251 erat,
266 1218 340 1253 quod
367 1219 391 1246 ei
415 1227 472 1253 pra:
496 1219 691 1247 Thessalonica
718 1227 772 1247 non
801 1221 950 1249 sorderet:

170 1272 252 1298 quam
270 1265 291 1291 si
309 1270 481 1298 occupasset,
494 1265 646 1300 impensam
664 1273 694 1293 se
713 1266 888 1299 refecturum,
902 1275 952 1295 nec

170 1309 297 1344 pusillam
328 1308 443 1337 Romani
478 1310 585 1345 imperii
614 1315 716 1346 partem
746 1316 800 1339 tam
833 1313 951 1347 spatiosa

170 1355 239 1382 urbe
255 1355 288 1382 ad
311 1360 423 1382 caeteras
435 1356 490 1391 jam
507 1361 571 1383 ante
596 1361 743 1391 occupatas
758 1359 884 1393 adjuncta
903 1360 951 1386 ha-

169 1400 292 1427 biturum
317 1401 430 1428 sciebat.
455 1402 550 1436 llaque
569 1402 688 1437 profusis
712 1403 905 1431 donationibus
925 1408 952 1431 et

171 1445 292 1478 'I.e|otas,
313 1451 341 1473 et
358 1454 406 1480 per
425 1447 485 1473 illos
505 1455 558 1474 non
582 1456 682 1482 paucos
699 1448 773 1476 cives
798 1449 831 1476 ad
855 1457 883 1476 se
898 1455 952 1476 tra-

168 1491 256 1524 duxit,
270 1498 297 1518 ut
316 1492 398 1519 etiam
416 1493 502 1526 palam
523 1493 680 1526 aﬂirmaret,
697 1494 771 1529 jusle
793 1503 824 1522 ac
857 1496 952 1523 merito

170 1537 203 1563 ad
220 1545 250 1564 se
270 1538 392 1570 transiri,
411 1539 456 1572 qui
475 1539 584 1572 quando
599 1543 683 1567 totam
697 1541 865 1575 provinciam
880 1542 952 1569 obti-

170 1588 259 1616 neret,
275 1583 370 1611 urbem
386 1585 522 1618 obsidere,
538 1590 565 1612 et
581 1586 742 1613 detrimenta
757 1587 856 1615 inferre
873 1596 952 1623 quam

170 1630 329 1660 gravissima
346 1635 447 1664 posset.
466 1637 493 1657 et
510 1631 532 1658 si
558 1639 588 1659 se
603 1632 746 1666 dederent,
762 1633 815 1660 illis
832 1642 951 1661 commo-

170 1679 238 1702 dare
267 1676 361 1703 vellet.
391 1676 496 1709 Quibus
527 1678 715 1705 conditionem
744 1679 952 1714 rejicieutibus,

172 1721 266 1748 urbem
286 1722 370 1749 cinxit
396 1727 477 1757 atque
493 1723 611 1750 obsedit.
626 1723 703 1756 Quod
719 1732 781 1751 cum
797 1725 955 1759 protoseha-

167 1771 228 1794 stus
245 1773 273 1795 et
297 1767 370 1795 cives
389 1768 575 1796 Romanorum
599 1770 714 1797 studiosi
734 1776 888 1804 cernerent,
903 1780 953 1799 ne-

168 1820 223 1847 que
240 1815 423 1848 proditoribus
438 1815 587 1850 praevalere
604 1820 741 1850 poterant,
762 1821 871 1851 propter
886 1818 951 1850 vim,

169 1866 230 1892 quae
263 1859 329 1887 foris
362 1861 480 1888 instabat
507 1861 578 1896 (cum
607 1862 757 1895 praesertim
786 1867 813 1889 et
838 1863 953 1897 populus

171 1904 342 1932 obsidionem
372 1906 573 1939 aegre,;,ferens,
601 1907 729 1934 Triballis
758 1908 864 1942 subjici,
896 1909 953 1936 fore

170 1950 251 1977 malis
275 1951 384 1978 liberari
402 1953 531 1986 putaret),
549 1959 638 1986 neque
656 1956 710 1979 tam
727 1953 842 1987 amplam
858 1954 952 1981 urbem

170 1997 302 2024 Romanis
318 1998 396 2032 eripi,
414 2003 442 2025 et
462 2005 491 2026 se
517 1998 643 2025 Barbaris
669 2000 828 2027 servitutem
850 2001 954 2028 servire

169 2042 255 2077 multis
268 2043 367 2070 animis
379 2044 562 2079 patiebantur.
575 2045 747 2080 Quapropter
762 2046 952 2080 imperatorem

170 2087 362 2121 obsecrahant,
393 2096 428 2116 ne
452 2089 492 2115 sui
522 2094 594 2116 esset
619 2090 773 2122 immemor,
800 2092 846 2118 sed
870 2099 952 2126 quam

169 2133 304 2160 citissime
328 2142 405 2168 opem
431 2135 523 2162 fer‘rct.
541 2135 608 2162 Nam
631 2135 654 2162 si
678 2141 840 2167 moraretur,
857 2137 950 2164 urbem

171 2179 266 2213 paucis
289 2178 387 2206 diebus
412 2179 439 2206 in
467 2180 585 2207 hostium
614 2185 773 2215 potestatem
798 2186 951 2209 venturam.

1002 259 1221 294 αγανακτοῦντας
1235 259 1338 290 πάντας
1347 258 1482 292 εὑρηκὼς,
1499 259 1568 294 ἔχων
1582 259 1629 285 καὶ
1643 259 1694 293 τὴν
1709 267 1791 294 στρα-

1000 307 1062 334 τιὰν
1079 306 1153 341 αὐτῷ
1182 306 1380 341 προσέχουσαν,
1406 305 1535 341 διηνέχθη
1566 306 1691 340 φανερῶς
1719 306 1790 340 πρὶς

1001 351 1249 385 Παλαιολόγονκαὶ
1280 351 1345 383 τοὺς
1374 351 1512 385 Ζηλωτόις.
1547 351 1733 385 Παλαιολόγος
1762 351 1792 377 δὲ
1813 352 1820 355 “

1001 398 1073 431 ὁρῶν
1087 398 1130 424 ἐπ’
1148 396 1230 423 αὑτὸν
1255 397 1470 431 συνισταμένους
1487 397 1550 428 τοὺς
1576 396 1700 428 πολίτας,
1729 398 1792 428 τοὺς

1001 443 1239 478 παραθαλασσίους
1263 442 1480 477 κατελάμϐανεν,
1505 442 1600 478 ὥσπερ
1615 442 1664 469 καὶ
1678 443 1707 468 τὺ
1723 443 1789 477 πρό-

1001 497 1091 524 τερον,
1113 487 1160 514 καὶ
1188 487 1257 522 πρὸς
1295 487 1365 514 ὅπλα
1394 487 1503 514 ἐκέλευε
1530 489 1638 523 χωρεῖν,
1656 488 1695 519 ὡς
1716 497 1791 523 πρω-

1003 534 1162 569 τοσεὸαστῷ
1179 542 1208 559 τε
1227 533 1274 560 καὶ
1296 534 1352 565 τοῖς
1370 533 1462 565 ἄλλοις
1488 534 1792 568 ἀντικαταστησόμενος

1008 578 1143 609 πολίταις.
1168 578 1284 604 Ἐκεῖνοι
1300 577 1328 604 δὲ
1349 577 1381 605 ἐκ
1405 578 1459 604 τῶν
1477 577 1619 611 προτέρων
1644 577 1679 603 τὰ
1697 576 1792 603 δέοντα

1002 623 1199 658 δεδιδαγμένοι,
1219 623 1249 649 οὒ
1270 624 1339 658 πρὸς
1356 623 1484 658 ἀσχολίας
1499 623 1649 657 ἐτράποντο
1665 623 1713 648 καὶ
1731 622 1793 657 μέλ-

1002 670 1091 705 λησιν·
1110 669 1169 696 ἀλλ’
1189 670 1247 703 ἄμα
1260 677 1289 695 τε
1303 669 1453 704 ᾐσθάνοντο
1465 668 1536 703 μετὰ
1549 668 1604 694 τῶν
1617 668 1792 703 παραθαλασ-

1004 716 1069 742 σίων
1088 715 1264 749 όπλιζόμενον
1288 715 1395 746 νυκτὸς,
1424 715 1471 740 καὶ
1496 714 1573 740 αὐτοὶ
1599 714 1739 749 ἐπῄεσαν,
1755 713 1793 749 μὴ

1003 761 1213 796 περιμείναντες
1224 761 1272 796 τὴν
1287 761 1405 796 ἡμέραν,
1418 761 1464 786 καὶ
1478 760 1697 795 περιγενόμενοι,
1714 759 1794 792 ἐξέω-

1004 807 1124 842 σαν’τῆς
1140 806 1244 838 πόλεως
1256 814 1263 821 '
1281 808 1331 842 τήν
1348 815 1378 833 τε
1404 807 1493 833 οξκίαν
1511 806 1616 832 ἐκείνου
1638 807 1792 841 διήρπασεν

1003 854 1017 880 ὁ
1032 853 1116 888 δῆμος
1131 854 1178 879 καὶ
1195 853 1243 884 τὰς
1262 852 1509 888 παραθαλασσίων,
1528 852 1646 880 ἀπέθανε
1662 852 1690 879 δὲ
1704 852 1794 883 οὐδεὶς

969 895 989 921 Β
1004 898 1075 924 κατά
1085 897 1135 932 τὴν
1147 897 1246 932 μάχην.
1265 898 1296 923 '0
1311 897 1361 931 μὲν
1376 896 1422 923 οὖν
1434 896 1615 930 Παλαιολόγος
1631 896 1712 927 εὐθὺς
1725 895 1794 930 πρὸς

1005 945 1096 971 πᾶσαν
1122 944 1221 978 πετραν
1249 943 1386 975 ἀπειπὼν,
1413 944 1473 969 ἐπεὶ
1490 942 1653 977 ἐξηλαύνετο
1677 942 1726 978 τῆς
1743 943 1793 969 πό-

1004 990 1083 1023 λεως,
1102 990 1170 1024 πρὸς
1185 989 1298 1023 Κράλην
1316 987 1408 1024 ἦλθεν·
1427 988 1522 1015 ἔπειτα
1541 989 1645 1015 ἐκεῖθεν
1661 988 1702 1019 είς
1719 986 1794 1013 ’Δθω

1004 1036 1051 1063 τὸν
1067 1037 1148 1071 ἱερόν.
1164 1036 1195 1062 Οἱ
1213 1035 1337 1070 Ζηλωταὶ
1350 1035 1378 1061 δὲ
1394 1035 1455 1061 ἐπεὶ
1469 1034 1515 1061 τὸν
1534 1034 1618 1069 δῆμον
1635 1034 1712 1068 ἄγειν
1728 1032 1794 1066 ἡδύ-

1005 1091 1085 1109 ναντο
1099 1082 1203 1114 οὐκέτι,
1220 1081 1282 1108 οὐδὲ
1299 1080 1459 1116 διαρπάζειν
1472 1081 1522 1112 τὰς
1543 1081 1632 1112 οἰκίας
1647 1079 1701 1106 τῶν
1719 1079 1795 1114 ἐχόν-

1005 1136 1070 1159 των,
1087 1128 1137 1162 τὴν
1151 1127 1291 1163 προτέραν
1311 1127 1475 1161 ἀποθέμενοι
1496 1126 1653 1162 ὑπόκρισιν,
1672 1126 1709 1157 ὡς
1722 1126 1793 1159 ὑπὲρ

1007 1173 1139 1208 βασιλέως
1159 1173 1341 1207 ἀγωνίζονται
1366 1173 1414 1199 τοῦ
1432 1173 1505 1205 νέου,
1533 1172 1670 1207 ἔπρασσον
1685 1172 1758 1202 ὅπως
1776 1171 1793 1206 ή

1006 1219 1085 1250 πόλις
1111 1218 1255 1254 προδοθείη
1280 1218 1435 1253 Τρισαλοίς.
1456 1219 1569 1254 Κράλης
1589 1218 1644 1252 γὰρ
1667 1216 1793 1252 οὐδαμῶς

1005 1265 1126 1298 ἐφείδετο
1155 1265 1325 1300 χρημάτων,
1344 1264 1412 1291 ἀλλὰ
1436 1264 1549 1299 παρεῖχέ
1570 1272 1600 1290 τε
1623 1262 1719 1295 πολλὰ,
1745 1263 1793 1289 καὶ

1005 1310 1091 1336 πλείω
1117 1309 1312 1345 ἐπηγγέλλετοο
1337 1307 1371 1343 ἦν
1397 1308 1452 1344 γὰρ
1474 1309 1521 1335 καὶ
1545 1308 1632 1339 ἄλλως
1659 1307 1709 1342 μὲν
1725 1307 1793 1342 πρὸς

1005 1356 1164 1391 εὐεργεσίας
1179 1357 1192 1382 ὁ
1208 1355 1276 1390 ἀνὴρ
1293 1355 1448 1390 φιλότιμος,
1464 1355 1583 1390 μάλιστα
1606 1354 1635 1380 δὲ
1657 1353 1725 1389 πρὸς
1742 1353 1793 1388 τὴν

1004 1404 1206 1438 Θεσσαλονίκης
1230 1404 1337 1438 αἵρεσιν
1355 1403 1443 1430 πάντα
1459 1403 1574 1438 δεύτερα
1596 1403 1699 1437 ἡγεῖτο,
1715 1401 1792 1431 εἰδὼς

1006 1450 1044 1481 ὡς
1058 1451 1082 1477 εἰ
1102 1450 1207 1483 γένοιτο
1224 1449 1321 1485 κύριος
1335 1450 1386 1484 τῆς
1401 1449 1520 1480 πόλεως,
1534 1448 1569 1475 τά
1577 1457 1604 1474 τε
1619 1448 1793 1474 ἀναλωθέντα

1005 1496 1187 1527 ὰνασώσετσι,
1209 1497 1256 1522 καὶ
1280 1496 1363 1530 μέρος
1387 1495 1417 1522 οὺ
1445 1495 1543 1530 μικρὸν
1568 1495 1618 1528 τῆς
1657 1494 1796 1529 Ρωμαίων

1004 1542 1153 1577 ἡγεμονίας
1165 1541 1230 1574 ἕξει,
1238 1541 1406 1576 τηλικαύτην
1421 1540 1500 1567 πόλιν
1516 1541 1575 1572 ταῖς
1589 1540 1794 1574 προκατειλημ-

1010 1587 1104 1623 μέναις
1121 1587 1265 1618 τοσαύταις
1278 1587 1371 1618 οὔσαις
1394 1586 1509 1618 ἐπιθείς.
1531 1586 1660 1620 Ἀφειδῶς
1684 1584 1731 1612 οὖν
1746 1586 1792 1611 ex.

1009 1632 1095 1659 κενῶν
1109 1632 1143 1658 τὰ
1157 1633 1296 1667 χρήματα,
1315 1632 1377 1663 τούς
1393 1640 1422 1658 τε
1446 1631 1585 1667 Ζηλωτὰς,
1603 1633 1650 1658 καὶ
1671 1631 1704 1658 δι’
1720 1631 1792 1658 ὲκεί-

1009 1686 1061 1704 νων
1074 1678 1122 1703 οὐκ
1136 1677 1244 1711 ὀλίγους
1269 1678 1361 1704 ἔπεισε
1377 1677 1432 1705 τῶν
1456 1677 1574 1704 πολιτῶν
1595 1676 1669 1712 αὐτῷ
1691 1676 1792 1711 προσέ-

1008 1733 1076 1758 χειν,
1092 1723 1162 1750 ὥστε
1178 1723 1402 1760 καὶ-ἀναφανδὸν
1425 1722 1625 1757 έδικαιολόγουν
1649 1722 1718 1757 ὑπὲρ
1743 1722 1790 1748 τοῦ

1007 1768 1060 1794 δεῖν
1078 1769 1174 1803 ἐκείνῳ
1191 1770 1362 1804 προσχωρεῖν
1383 1768 1513 1803 βλάπτειν
1526 1768 1560 1795 τὰ
1576 1768 1693 1802 μέγιστα
1711 1767 1793 1794 δυνα-

1008 1816 1091 1850 μένῳ,
1111 1815 1154 1841 διὰ
1168 1815 1198 1841 τὺ
1210 1815 1259 1849 τὴν
1280 1815 1372 1850 χώραν
1387 1815 1496 1842 ἃπασαν
1514 1815 1586 1850 ἔχειν
1613 1815 1658 1848 ὑφ’
1684 1813 1790 1847 ἑαυτὸν,

1007 1861 1055 1887 καὶ
1074 1861 1203 1887 δύνασθαι
1229 1861 1396 1896 πολιορκεῖν,
1423 1861 1471 1888 καὶ
1495 1861 1610 1894 ὠφελεῖν
1625 1860 1744 1886 ἐθέλοντι
1766 1860 1791 1885 ει

1008 1907 1202 1941 προσχωροῖεν,
1215 1906 1294 1938 αὑτός
1310 1915 1340 1932 τε
1356 1907 1369 1933 ὁ
1389 1906 1500 1942 Κράλης
1513 1906 1624 1932 ἐκείνων
1639 1904 1790 1938 ἐναγόντων

1008 1951 1320 1986 περιεστρατοπεδεύετο
1342 1952 1389 1978 καὶ
1412 1952 1578 1985 ἐπολιόρκει.
1598 1953 1631 1978 ’Λ
1648 1950 1790 1985 πρωτοσέ-

1005 1996 1105 2028 Εαστός
1120 2005 1148 2023 τε
1169 1997 1240 2031 ὀρῶν
1267 1997 1314 2023 καὶ
1327 1997 1352 2023 οί
1370 1997 1566 2032 φιλορῤώμιιοι
1589 1997 1644 2023 τῶν
1662 1995 1789 2028 πολιτῶν,

1005 2041 1068 2069 οὔτε
1092 2043 1284 2077 περιγίνεσθαι
1311 2043 1366 2069 τῶν
1384 2043 1565 2078 προδιδόντων
1587 2040 1657 2077 ἦσαν
1683 2042 1791 2068 δυνατοὶ

1005 2089 1050 2115 διὰ
1063 2088 1111 2123 τὴν
1127 2088 1226 2120 ἔξωθεν
1239 2089 1418 2124 ἐπικειμένην
1435 2088 1562 2122 δύναμιν,
1585 2089 1673 2119 ἄλλως
1697 2095 1726 2114 τε
1742 2089 1790 2114 καὶ

1007 2134 1052 2159 τοῦ
1067 2133 1153 2168 δήμου
1169 2133 1236 2168 πρὸς
1253 2135 1302 2168 τὴν
1319 2135 1476 2168 πολιορκίαν
1495 2135 1657 2169 ἀχθομένου,
1673 2137 1720 2160 κα)⁸
1744 2134 1791 2160 λύ-

1008 2187 1050 2204 σιν
1067 2178 1190 2212 οίομένου
1206 2181 1260 2205 τῶν
1273 2180 1364 2205 κακῶν
1379 2180 1427 2215 τὴν
1440 2180 1495 2206 ’ὑπὸ
1510 2180 1653 2213 Τριὸαλοίς
1668 2180 1790 2207 δουλείαν

171 2224 235 2251 ΙΙοιο
248 2224 285 2250 illi
301 2225 481 2258 scripserunt.
500 2226 647 2260 Imperator
661 2232 715 2254 tam
731 2227 864 2261 pnrclarze
881 2229 951 2262 urbi,

1005 2222 1126 2254 ἔσεσθαι,
1153 2223 1215 2250 οὔτε
1239 2225 1378 2260 ἠνείχοντο
1401 2227 1450 2260 τήν
1466 2234 1495 2252 τε
1527 2227 1603 2252 πόλιν
1636 2227 1789 2261 Ῥωμαίους

171 2273 225 2295 tam
242 2269 394 2303 periculose
411 2270 544 2297 laboranti
562 2279 617 2297 non
633 2272 726 2298 renire
742 2273 855 2305 auxilio,
869 2272 953 2298 inhu-

142 2339 144 2341 .
171 2321 282 2341 manum
311 2315 549 2343 existimabatzet
578 2321 668 2344 tamen
693 2318 851 2352 deponere,
880 2318 953 2352 quod

170 2359 263 2387 animo
286 2361 466 2388 constitutum
490 2361 619 2393 habebat,
642 2367 671 2389 et
697 2363 729 2390 ad
750 2363 819 2390 bella
837 2363 951 2390 ductan-

169 2404 274 2438 dosque
297 2406 435 2433 exercitus
461 2406 551 2434 redire
570 2408 744 2443 gravabatur.
770 2409 953 2436 Nihilominus

171 2451 315 2477 utilitatem
328 2459 404 2478 suam
420 2453 612 2480 communibus
628 2453 812 2482 Romanorum
828 2463 954 2482 cornuto-

169 2496 213 2522 dis
229 2502 406 2531 postponens,
428 2498 526 2525 iterum
544 2500 693 2534 satagebat,
709 2508 743 2527 ne
759 2501 952 2529 Thessalonica

170 2541 282 2575 periret.
304 2543 386 2577 766
403 2542 539 2570 Rescribit
558 2544 640 2578 igiiur
661 2545 724 2576 illis,
751 2546 894 2581 segnitiem
919 2549 953 2574 ab

170 2594 201 2614 se
225 2593 380 2620 amoveant,
410 2590 598 2624 proditoribus
621 2598 651 2617 se
676 2597 826 2626 opponant,
852 2593 952 2620 auxilia

171 2634 328 2668 propediem
353 2635 510 2663 missurum.
531 2636 611 2664 Mittit
630 2638 712 2665 etiam
736 2638 769 2666 ad
799 2639 951 2666 Orchanem

170 2687 313 2713 generum,
335 2685 363 2707 et
387 2681 479 2716 copias
499 2682 533 2709 ab
561 2690 593 2710 eo
620 2684 797 2711 subsidiarias
823 2685 900 2718 petit.
928 2687 953 2713 Is

171 2726 261 2753 subito
276 2727 417 2754 Snlimano
433 2727 488 2755 filio
505 2729 623 2761 mandat,
636 2737 697 2756 cum
716 2730 812 2765 viginti
830 2731 951 2766 equitum

172 2771 293 2799 millibus
308 2772 465 2807 imperatori
486 2774 596 2802 militet.
615 2775 714 2803 Volens
728 2781 818 2803 autem
835 2777 951 2811 impera-

170 2821 214 2843 tor
229 2817 312 2844 etiam
328 2817 521 2853 imperatorem
541 2827 672 2855 generum
697 2821 724 2847 in
748 2821 951 2854 expeditionem

171 2861 444 2893 Thessalonicensem
460 2873 551 2893 secum
570 2865 697 2899 educere,
717 2866 841 2894 triremes
858 2874 950 2894 arma-

1005 2268 1087 2296 οὗσαν
1102 2270 1270 2306 τηλικαύτην
1283 2273 1514 2307 ἀποστερηθῆναι,
1531 2273 1578 2298 καὶ
1589 2273 1685 2304 αὐτοὺς
1703 2275 1732 2299 έν
1744 2274 1790 2300 ἀν-

1004 2317 1143 2352 δραπόδων
1161 2317 1244 2352 μοίρᾳ
1258 2318 1394 2344 δουλεύειν
1406 2319 1461 2349 τοῖς
1473 2319 1630 2355 βαρϐάροις.
1642 2319 1690 2345 Διὰ
1703 2319 1803 2352 ταῦτα,

1004 2363 1110 2389 ἐδέοντο
1125 2362 1267 2397 βασιλέως,
1286 2363 1323 2398 μὴ
1340 2365 1409 2398 σφᾶς
1426 2365 1569 2399 περιϊδεῖν,
1586 2365 1654 2391 ἀλλὰ
1678 2366 1727 2400 τὴν
1743 2354 1801 2392 ταί

1004 2409 1100 2443 κίστην
1117 2408 1284 2444 ἐπιϐοηθεῖν,
1298 2409 1335 2440 ὡς
1356 2410 1421 2435 εῐσω
1441 2410 1539 2444 ὀλίγων
1563 2411 1676 2446 ἡμερῶν
1701 2412 1725 2437 εί
1751 2400 1803 2446 μὴι

1004 2453 1176 2488 ἐπικουροίη,
1199 2451 1252 2488 τῆς
1263 2453 1368 2486 πόλεως
1394 2455 1579 2491 ἁλωσομένης.
1604 2457 1722 2483 Τοιαῦτα
1740 2457 1789 2492 μὲν

1004 2500 1103 2525 ἐκεῖνοι
1119 2499 1249 2534 ἔγραφον.
1264 2500 1371 2526 Βασιλεῖ
1384 2501 1412 2527 δὲ
1438 2502 1468 2528 τό
1487 2510 1517 2529 τε
1540 2502 1667 2536 τοιαύτης
1685 2497 1802 2535 πόλεωςθ

1004 2546 1213 2579 κινδυνευούσης
1235 2547 1370 2581 μηδεμίαν
1388 2547 1518 2582 πρόνοιαν
1553 2535 1720 2583 ποιήσασθαι
1736 2535 1804 2594 Set-1

1003 2591 1048 2618 νὸν
1058 2591 1156 2625 ἐδόκει,
1171 2594 1218 2619 καὶ
1235 2593 1301 2627 πρὸς
1313 2594 1342 2619 τὺ
1365 2594 1419 2620 τῶν
1432 2594 1598 2629 δεδογμένων
1611 2595 1789 2631 ἀμελήσαντα

1003 2635 1079 2669 αὖθις
1087 2639 1133 2665 ἐπὶ
1143 2639 1278 2673 πολέμους
1292 2639 1439 2674 τρέπεσθαι
1458 2641 1504 2667 καὶ
1522 2642 1689 2677 στρατηγίας
1710 2643 1788 2669 ἐδυσ-

1002 2684 1141 2718 χέραινεν,
1164 2685 1238 2719 ὅμως
1271 2687 1320 2719 τῆς
1354 2687 1448 2722 κοινῆς
1477 2688 1614 2721 ὠφελείας
1643 2689 1788 2724 Ῥωμαίων

1002 2730 1051 2764 τὴν
1073 2729 1141 2756 ίδίαν
1167 2730 1295 2765 δευτέραν
1312 2731 1433 2766 θέμενος,
1450 2733 1527 2764 αὖθις
1549 2734 1695 2769 ἔπραττεν,
1713 2736 1788 2767 ὅπως

1004 2776 1041 2810 μὴ
1055 2776 1190 2810 ἀπόληται
1206 2777 1401 2812 Θεσσαλονίκη·
1418 2780 1465 2806 καὶ
1481 2781 1583 2816 ἔγραφε
1598 2781 1649 2816 μὲν
1662 2782 1786 2815 ἐκείνοις,

1002 2821 1179 2849 ἀνθίστασθαι
1196 2823 1251 2853 τοῖς
1269 2823 1435 2858 προδιδοῦσι,
1453 2827 1499 2853 καὶ
1522 2827 1559 2862 μὴ
1584 2828 1727 2863 ῥᾳθυμεῖν,
1748 2828 1786 2860 ὡς

1002 2868 1048 2894 καὶ
1057 2867 1139 2894 αὑτοῦ
1149 2868 1196 2903 τὴν
1209 2868 1335 2904 βοήθειαν
1346 2871 1436 2903 ὀξεῖαν
1451 2873 1641 2908 ποιησομένου.
1657 2874 1784 2909 Ἔπεμπε
