  <div class='ocr_page' id='page_1' title='image "/cluster/home/n/w/nwhite01/storage/ocr_20150623/154/njp.32101010943486/072.png"; bbox 0 0 1933 3083; ppageno 0'>
   <div class='ocr_carea' id='block_1_1' title="bbox 118 129 166 160">
    <p class='ocr_par' dir='ltr' id='par_1_1' title="bbox 118 129 166 160">
     <span class='ocr_line' id='line_1_1' title="bbox 118 129 166 160; baseline 0 0"><span class='ocrx_word' id='word_1_1' title='bbox 118 129 166 160; x_wconf 80' lang='lat'><strong>133</strong></span> 
     </span>
    </p>
   </div>
   <div class='ocr_carea' id='block_1_2' title="bbox 696 124 1173 157">
    <p class='ocr_par' dir='ltr' id='par_1_2' title="bbox 696 124 1173 157">
     <span class='ocr_line' id='line_1_2' title="bbox 696 124 1173 157; baseline 0 0"><span class='ocrx_word' id='word_1_2' title='bbox 696 124 974 157; x_wconf 75' lang='lat' dir='ltr'><strong>HISTORIARUM</strong></span> <span class='ocrx_word' id='word_1_3' title='bbox 992 125 1107 155; x_wconf 79' lang='lat' dir='ltr'><strong>LIBER</strong></span> <span class='ocrx_word' id='word_1_4' title='bbox 1127 126 1173 157; x_wconf 77' lang='grc' dir='ltr'><strong>ιν.</strong></span> 
     </span>
    </p>
   </div>
   <div class='ocr_carea' id='block_1_3' title="bbox 1689 125 1741 157">
    <p class='ocr_par' dir='ltr' id='par_1_3' title="bbox 1689 125 1741 157">
     <span class='ocr_line' id='line_1_3' title="bbox 1689 125 1741 157; baseline -0.019 0"><span class='ocrx_word' id='word_1_5' title='bbox 1689 125 1741 157; x_wconf 69' lang='grc'><strong>134</strong></span> 
     </span>
    </p>
   </div>
   <div class='ocr_carea' id='block_1_4' title="bbox 116 181 906 220">
    <p class='ocr_par' dir='ltr' id='par_1_4' title="bbox 116 183 903 220">
     <span class='ocr_line' id='line_1_4' title="bbox 116 183 903 220; baseline -0.003 -9"><span class='ocrx_word' id='word_1_6' title='bbox 116 185 175 216; x_wconf 72' lang='grc' dir='ltr'><strong>κείς,</strong></span> <span class='ocrx_word' id='word_1_7' title='bbox 190 185 224 216; x_wconf 74' lang='grc' dir='ltr'><strong>ἃς</strong></span> <span class='ocrx_word' id='word_1_8' title='bbox 237 183 318 216; x_wconf 73' lang='grc' dir='ltr'><strong>αὐτὸς</strong></span> <span class='ocrx_word' id='word_1_9' title='bbox 333 184 433 220; x_wconf 73' lang='grc' dir='ltr'><strong>ιχρῆτο</strong></span> <span class='ocrx_word' id='word_1_10' title='bbox 448 183 514 220; x_wconf 78' lang='grc' dir='ltr'><strong>πρὸς</strong></span> <span class='ocrx_word' id='word_1_11' title='bbox 530 183 669 219; x_wconf 73' lang='grc' dir='ltr'><strong>λῃστείας,</strong></span> <span class='ocrx_word' id='word_1_12' title='bbox 677 184 766 210; x_wconf 69' lang='grc' dir='ltr'><strong>πάντα</strong></span> <span class='ocrx_word' id='word_1_13' title='bbox 782 183 903 209; x_wconf 81' lang='grc' dir='ltr'><strong>ἀνάλωσε</strong></span> 
     </span>
    </p>
   </div>
   <div class='ocr_carea' id='block_1_5' title="bbox 957 181 1740 220">
    <p class='ocr_par' dir='ltr' id='par_1_5' title="bbox 958 181 1740 216">
     <span class='ocr_line' id='line_1_5' title="bbox 958 181 1740 216; baseline 0.003 -8"><span class='ocrx_word' id='word_1_14' title='bbox 958 189 1068 208; x_wconf 90' lang='lat' dir='ltr'><strong>manum</strong></span> <span class='ocrx_word' id='word_1_15' title='bbox 1085 181 1230 216; x_wconf 88' lang='lat' dir='ltr'><strong>imperium</strong></span> <span class='ocrx_word' id='word_1_16' title='bbox 1246 185 1402 216; x_wconf 75' lang='lat' dir='ltr'><strong>augeretur.</strong></span> <span class='ocrx_word' id='word_1_17' title='bbox 1417 181 1445 209; x_wconf 83' lang='lat' dir='ltr'><strong>id</strong></span> <span class='ocrx_word' id='word_1_18' title='bbox 1466 186 1556 209; x_wconf 89' lang='lat' dir='ltr'><strong>autem</strong></span> <span class='ocrx_word' id='word_1_19' title='bbox 1570 190 1650 210; x_wconf 85' lang='lat' dir='ltr'><strong>secus</strong></span> <span class='ocrx_word' id='word_1_20' title='bbox 1668 189 1740 215; x_wconf 84' lang='lat' dir='ltr'><strong>erat,</strong></span> 
     </span>
    </p>
   </div>
   <div class='ocr_carea' id='block_1_6' title="bbox 115 229 902 266">
    <p class='ocr_par' dir='ltr' id='par_1_6' title="bbox 115 229 902 266">
     <span class='ocr_line' id='line_1_6' title="bbox 115 229 902 266; baseline -0.003 -9"><span class='ocrx_word' id='word_1_21' title='bbox 115 232 192 266; x_wconf 81' lang='grc' dir='ltr'><strong>πυρί.</strong></span> <span class='ocrx_word' id='word_1_22' title='bbox 203 231 264 258; x_wconf 83' lang='grc' dir='ltr'><strong>Ἔτι</strong></span> <span class='ocrx_word' id='word_1_23' title='bbox 278 231 307 257; x_wconf 81' lang='grc' dir='ltr'><strong>δὲ</strong></span> <span class='ocrx_word' id='word_1_24' title='bbox 321 230 396 265; x_wconf 81' lang='grc' dir='ltr'><strong>αὐτῷ</strong></span> <span class='ocrx_word' id='word_1_25' title='bbox 412 230 477 265; x_wconf 72' lang='grc' dir='ltr'><strong>περὶ</strong></span> <span class='ocrx_word' id='word_1_26' title='bbox 492 231 583 257; x_wconf 79' lang='grc' dir='ltr'><strong>ἐκεῖνα</strong></span> <span class='ocrx_word' id='word_1_27' title='bbox 596 230 759 265; x_wconf 73' lang='grc' dir='ltr'><strong>διατρίϐοντι</strong></span> <span class='ocrx_word' id='word_1_28' title='bbox 772 229 806 256; x_wconf 76' lang='grc' dir='ltr'><strong>τὰ</strong></span> <span class='ocrx_word' id='word_1_29' title='bbox 821 230 902 264; x_wconf 82' lang='grc' dir='ltr'><strong>μέρη,</strong></span> 
     </span>
    </p>
   </div>
   <div class='ocr_carea' id='block_1_7' title="bbox 115 274 904 311">
    <p class='ocr_par' dir='ltr' id='par_1_7' title="bbox 115 274 904 311">
     <span class='ocr_line' id='line_1_7' title="bbox 115 274 904 311; baseline -0.005 -8"><span class='ocrx_word' id='word_1_30' title='bbox 115 277 261 311; x_wconf 75' lang='grc' dir='ltr'><strong>ἠγγέλλετο</strong></span> <span class='ocrx_word' id='word_1_31' title='bbox 277 276 315 307; x_wconf 78' lang='grc' dir='ltr'><strong>ὡς</strong></span> <span class='ocrx_word' id='word_1_32' title='bbox 332 276 348 310; x_wconf 81' lang='grc' dir='ltr'>ἡ</span> <span class='ocrx_word' id='word_1_33' title='bbox 365 275 436 302; x_wconf 80' lang='grc' dir='ltr'><strong>κατὰ</strong></span> <span class='ocrx_word' id='word_1_34' title='bbox 455 275 616 310; x_wconf 71' lang='grc' dir='ltr'><strong>συμμαχίαν</strong></span> <span class='ocrx_word' id='word_1_35' title='bbox 632 274 819 309; x_wconf 81' lang='grc' dir='ltr'><strong>ἀφικνουμένη</strong></span> <span class='ocrx_word' id='word_1_36' title='bbox 837 274 904 300; x_wconf 84' lang='grc' dir='ltr'><strong>ἀνα-</strong></span> 
     </span>
    </p>
   </div>
   <div class='ocr_carea' id='block_1_8' title="bbox 116 317 904 356">
    <p class='ocr_par' dir='ltr' id='par_1_8' title="bbox 116 317 904 356">
     <span class='ocr_line' id='line_1_8' title="bbox 116 317 904 356; baseline -0.005 -8"><span class='ocrx_word' id='word_1_37' title='bbox 116 322 240 356; x_wconf 68' lang='grc' dir='ltr'><strong>στρέψειε</strong></span> <span class='ocrx_word' id='word_1_38' title='bbox 257 321 373 356; x_wconf 76' lang='grc' dir='ltr'><strong>στρατιὰ</strong></span> <span class='ocrx_word' id='word_1_39' title='bbox 390 320 512 355; x_wconf 85' lang='grc' dir='ltr'><strong>Περσῶν.</strong></span> <span class='ocrx_word' id='word_1_40' title='bbox 527 320 632 346; x_wconf 73' lang='grc' dir='ltr'><strong>Ἐδόκει</strong></span> <span class='ocrx_word' id='word_1_41' title='bbox 648 319 697 353; x_wconf 79' lang='grc' dir='ltr'><strong>μὲν</strong></span> <span class='ocrx_word' id='word_1_42' title='bbox 711 317 758 346; x_wconf 84' lang='grc' dir='ltr'><strong>οὖν</strong></span> <span class='ocrx_word' id='word_1_43' title='bbox 771 319 831 345; x_wconf 75' lang='grc' dir='ltr'><strong>τότε</strong></span> <span class='ocrx_word' id='word_1_44' title='bbox 847 319 904 350; x_wconf 77' lang='grc' dir='ltr'><strong>τοῖς</strong></span> 
     </span>
    </p>
   </div>
   <div class='ocr_carea' id='block_1_9' title="bbox 115 366 906 401">
    <p class='ocr_par' dir='ltr' id='par_1_9' title="bbox 115 366 906 401">
     <span class='ocr_line' id='line_1_9' title="bbox 115 366 906 401; baseline -0.004 -7"><span class='ocrx_word' id='word_1_45' title='bbox 115 369 221 399; x_wconf 77' lang='grc' dir='ltr'><strong>πολλοῖς</strong></span> <span class='ocrx_word' id='word_1_46' title='bbox 237 368 289 394; x_wconf 78' lang='grc' dir='ltr'><strong>ὑπό</strong></span> <span class='ocrx_word' id='word_1_47' title='bbox 302 376 384 394; x_wconf 87' lang='grc' dir='ltr'><strong>τινων</strong></span> <span class='ocrx_word' id='word_1_48' title='bbox 399 367 544 401; x_wconf 69' lang='grc' dir='ltr'><strong>Ῥωμαίων</strong></span> <span class='ocrx_word' id='word_1_49' title='bbox 556 367 619 398; x_wconf 75' lang='grc' dir='ltr'><strong>τοὺς</strong></span> <span class='ocrx_word' id='word_1_50' title='bbox 634 366 742 400; x_wconf 79' lang='grc' dir='ltr'><strong>Πέρσας</strong></span> <span class='ocrx_word' id='word_1_51' title='bbox 757 366 906 392; x_wconf 80' lang='grc' dir='ltr'><strong>ὰναπεπεῖ-</strong></span> 
     </span>
    </p>
   </div>
   <div class='ocr_carea' id='block_1_10' title="bbox 116 411 904 447">
    <p class='ocr_par' dir='ltr' id='par_1_10' title="bbox 116 411 904 447">
     <span class='ocr_line' id='line_1_10' title="bbox 116 411 904 447; baseline -0.004 -7"><span class='ocrx_word' id='word_1_52' title='bbox 116 413 174 440; x_wconf 80' lang='grc' dir='ltr'><strong>σθαι</strong></span> <span class='ocrx_word' id='word_1_53' title='bbox 197 413 378 447; x_wconf 67' lang='grc' dir='ltr'><strong>ἀναστρέφειν</strong></span> <span class='ocrx_word' id='word_1_54' title='bbox 398 412 471 447; x_wconf 79' lang='grc' dir='ltr'><strong>ἔχθει</strong></span> <span class='ocrx_word' id='word_1_55' title='bbox 489 412 529 447; x_wconf 84' lang='grc' dir='ltr'><strong>τῷ</strong></span> <span class='ocrx_word' id='word_1_56' title='bbox 550 411 616 447; x_wconf 71' lang='grc' dir='ltr'><strong>πρὸς</strong></span> <span class='ocrx_word' id='word_1_57' title='bbox 636 412 681 438; x_wconf 67' lang='grc' dir='ltr'><strong>τὸν</strong></span> <span class='ocrx_word' id='word_1_58' title='bbox 701 413 760 438; x_wconf 82' lang='grc' dir='ltr'><strong>νέον</strong></span> <span class='ocrx_word' id='word_1_59' title='bbox 781 411 904 445; x_wconf 80' lang='grc' dir='ltr'><strong>βασιλέα,</strong></span> 
     </span>
    </p>
   </div>
   <div class='ocr_carea' id='block_1_11' title="bbox 115 457 906 494">
    <p class='ocr_par' dir='ltr' id='par_1_11' title="bbox 115 457 906 494">
     <span class='ocr_line' id='line_1_11' title="bbox 115 457 906 494; baseline -0.003 -9"><span class='ocrx_word' id='word_1_60' title='bbox 115 460 150 491; x_wconf 85' lang='grc' dir='ltr'><strong>ὼς</strong></span> <span class='ocrx_word' id='word_1_61' title='bbox 166 460 200 486; x_wconf 77' lang='grc' dir='ltr'>ἂν</span> <span class='ocrx_word' id='word_1_62' title='bbox 216 459 254 494; x_wconf 83' lang='grc' dir='ltr'><strong>μὴ</strong></span> <span class='ocrx_word' id='word_1_63' title='bbox 268 460 284 494; x_wconf 77' lang='grc' dir='ltr'>ἡ</span> <span class='ocrx_word' id='word_1_64' title='bbox 301 459 444 493; x_wconf 82' lang='grc' dir='ltr'><strong>Ῥωμαίων</strong></span> <span class='ocrx_word' id='word_1_65' title='bbox 457 457 565 491; x_wconf 76' lang='grc' dir='ltr'><strong>αὔξοιτο</strong></span> <span class='ocrx_word' id='word_1_66' title='bbox 580 458 663 493; x_wconf 79' lang='grc' dir='ltr'><strong>ἀρχή.</strong></span> <span class='ocrx_word' id='word_1_67' title='bbox 679 458 716 484; x_wconf 81' lang='grc' dir='ltr'><strong>Τὸ</strong></span> <span class='ocrx_word' id='word_1_68' title='bbox 730 457 757 483; x_wconf 78' lang='grc' dir='ltr'><strong>δὲ</strong></span> <span class='ocrx_word' id='word_1_69' title='bbox 772 458 802 484; x_wconf 77' lang='grc' dir='ltr'><strong>οὑ</strong></span> <span class='ocrx_word' id='word_1_70' title='bbox 817 457 906 484; x_wconf 84' lang='grc' dir='ltr'><strong>τοιοῦ-</strong></span> 
     </span>
    </p>
   </div>
   <div class='ocr_carea' id='block_1_12' title="bbox 115 503 905 541">
    <p class='ocr_par' dir='ltr' id='par_1_12' title="bbox 115 503 905 541">
     <span class='ocr_line' id='line_1_12' title="bbox 115 503 905 541; baseline -0.003 -10"><span class='ocrx_word' id='word_1_71' title='bbox 115 514 159 531; x_wconf 87' lang='grc' dir='ltr'><strong>τον</strong></span> <span class='ocrx_word' id='word_1_72' title='bbox 171 503 216 541; x_wconf 81' lang='grc' dir='ltr'><strong>ἧν,</strong></span> <span class='ocrx_word' id='word_1_73' title='bbox 230 504 297 531; x_wconf 74' lang='grc' dir='ltr'><strong>ἀλλὰ</strong></span> <span class='ocrx_word' id='word_1_74' title='bbox 311 505 484 531; x_wconf 75' lang='grc' dir='ltr'><strong>παντάπασιν</strong></span> <span class='ocrx_word' id='word_1_75' title='bbox 497 504 654 538; x_wconf 76' lang='grc' dir='ltr'><strong>ἡμάρτανον</strong></span> <span class='ocrx_word' id='word_1_76' title='bbox 666 505 689 530; x_wconf 87' lang='grc' dir='ltr'><strong>οἱ</strong></span> <span class='ocrx_word' id='word_1_77' title='bbox 704 503 905 534; x_wconf 73' lang='grc' dir='ltr'><strong>ὑποπτεύοντες</strong></span> 
     </span>
    </p>
   </div>
   <div class='ocr_carea' id='block_1_13' title="bbox 116 549 904 585">
    <p class='ocr_par' dir='ltr' id='par_1_13' title="bbox 116 549 904 585">
     <span class='ocr_line' id='line_1_13' title="bbox 116 549 904 585; baseline -0.001 -9"><span class='ocrx_word' id='word_1_78' title='bbox 116 552 163 585; x_wconf 76' lang='grc' dir='ltr'><strong>τῆς</strong></span> <span class='ocrx_word' id='word_1_79' title='bbox 185 550 323 585; x_wconf 77' lang='grc' dir='ltr'><strong>ἀληθείας.</strong></span> <span class='ocrx_word' id='word_1_80' title='bbox 345 550 478 584; x_wconf 83' lang='grc' dir='ltr'><strong>Ὀρχάνης</strong></span> <span class='ocrx_word' id='word_1_81' title='bbox 497 549 553 584; x_wconf 88' lang='grc' dir='ltr'><strong>γὰρ</strong></span> <span class='ocrx_word' id='word_1_82' title='bbox 575 550 644 584; x_wconf 77' lang='grc' dir='ltr'><strong>μετὰ</strong></span> <span class='ocrx_word' id='word_1_83' title='bbox 661 549 692 575; x_wconf 86' lang='grc' dir='ltr'><strong>τδ</strong></span> <span class='ocrx_word' id='word_1_84' title='bbox 707 549 758 584; x_wconf 87' lang='grc' dir='ltr'><strong>τὴν</strong></span> <span class='ocrx_word' id='word_1_85' title='bbox 776 551 904 584; x_wconf 74' lang='grc' dir='ltr'><strong>στρατιὰν</strong></span> 
     </span>
    </p>
   </div>
   <div class='ocr_carea' id='block_1_14' title="bbox 116 595 904 631">
    <p class='ocr_par' dir='ltr' id='par_1_14' title="bbox 116 595 904 631">
     <span class='ocr_line' id='line_1_14' title="bbox 116 595 904 631; baseline -0.003 -8"><span class='ocrx_word' id='word_1_86' title='bbox 116 598 153 626; x_wconf 85' lang='grc' dir='ltr'><strong>εἰς</strong></span> <span class='ocrx_word' id='word_1_87' title='bbox 170 596 219 631; x_wconf 84' lang='grc' dir='ltr'><strong>τὴν</strong></span> <span class='ocrx_word' id='word_1_88' title='bbox 236 597 348 631; x_wconf 68' lang='grc' dir='ltr'><strong>Θρᾴκην</strong></span> <span class='ocrx_word' id='word_1_89' title='bbox 366 595 568 630; x_wconf 71' lang='grc' dir='ltr'><strong>περαιωθεῖσαν</strong></span> <span class='ocrx_word' id='word_1_90' title='bbox 583 596 634 630; x_wconf 83' lang='grc' dir='ltr'><strong>τῆς</strong></span> <span class='ocrx_word' id='word_1_91' title='bbox 650 596 690 625; x_wconf 85' lang='grc' dir='ltr'><strong>εἰς</strong></span> <span class='ocrx_word' id='word_1_92' title='bbox 707 595 827 629; x_wconf 79' lang='grc' dir='ltr'><strong>ἑσπέραν</strong></span> <span class='ocrx_word' id='word_1_93' title='bbox 844 595 904 628; x_wconf 77' lang='grc' dir='ltr'><strong>ἐχε-</strong></span> 
     </span>
    </p>
   </div>
   <div class='ocr_carea' id='block_1_15' title="bbox 117 641 904 677">
    <p class='ocr_par' dir='ltr' id='par_1_15' title="bbox 117 641 904 677">
     <span class='ocr_line' id='line_1_15' title="bbox 117 641 904 677; baseline -0.001 -9"><span class='ocrx_word' id='word_1_94' title='bbox 117 643 178 669; x_wconf 77' lang='grc' dir='ltr'><strong>σοαι</strong></span> <span class='ocrx_word' id='word_1_95' title='bbox 195 642 266 673; x_wconf 77' lang='grc' dir='ltr'><strong>ὁδοῦ,</strong></span> <span class='ocrx_word' id='word_1_96' title='bbox 280 643 432 677; x_wconf 82' lang='grc' dir='ltr'><strong>γράμματα</strong></span> <span class='ocrx_word' id='word_1_97' title='bbox 445 641 483 676; x_wconf 84' lang='grc' dir='ltr'><strong>τῷ</strong></span> <span class='ocrx_word' id='word_1_98' title='bbox 497 641 548 676; x_wconf 80' lang='grc' dir='ltr'><strong>υίῷ</strong></span> <span class='ocrx_word' id='word_1_99' title='bbox 561 641 697 675; x_wconf 81' lang='grc' dir='ltr'><strong>Σουλιμάν</strong></span> <span class='ocrx_word' id='word_1_100' title='bbox 712 642 741 667; x_wconf 81' lang='grc' dir='ltr'><strong>ἐν</strong></span> <span class='ocrx_word' id='word_1_101' title='bbox 755 641 904 677; x_wconf 62' lang='grc' dir='ltr'><strong>ἀπορρήτῳ</strong></span> 
     </span>
    </p>
   </div>
   <div class='ocr_carea' id='block_1_16' title="bbox 117 686 905 722">
    <p class='ocr_par' dir='ltr' id='par_1_16' title="bbox 117 686 905 722">
     <span class='ocr_line' id='line_1_16' title="bbox 117 686 905 722; baseline -0.003 -7"><span class='ocrx_word' id='word_1_102' title='bbox 117 688 244 722; x_wconf 76' lang='grc' dir='ltr'><strong>πέμψας,</strong></span> <span class='ocrx_word' id='word_1_103' title='bbox 263 688 388 715; x_wconf 72' lang='grc' dir='ltr'><strong>ἐκέλευεν</strong></span> <span class='ocrx_word' id='word_1_104' title='bbox 404 688 586 722; x_wconf 76' lang='grc' dir='ltr'><strong>ἀναστρέφειν</strong></span> <span class='ocrx_word' id='word_1_105' title='bbox 599 696 606 703; x_wconf 91' lang='grc'>·</span> <span class='ocrx_word' id='word_1_106' title='bbox 625 688 731 713; x_wconf 65' lang='grc' dir='ltr'><strong>ἐπιέναι</strong></span> <span class='ocrx_word' id='word_1_107' title='bbox 752 687 807 722; x_wconf 74' lang='grc' dir='ltr'><strong>γὰρ</strong></span> <span class='ocrx_word' id='word_1_108' title='bbox 830 686 905 721; x_wconf 84' lang='grc' dir='ltr'><strong>αὐτῷ</strong></span> 
     </span>
    </p>
   </div>
   <div class='ocr_carea' id='block_1_17' title="bbox 117 733 905 769">
    <p class='ocr_par' dir='ltr' id='par_1_17' title="bbox 117 733 905 769">
     <span class='ocr_line' id='line_1_17' title="bbox 117 733 905 769; baseline -0.001 -10"><span class='ocrx_word' id='word_1_109' title='bbox 117 734 169 760; x_wconf 77' lang='grc' dir='ltr'><strong>τῷν</strong></span> <span class='ocrx_word' id='word_1_110' title='bbox 177 734 285 768; x_wconf 71' lang='grc' dir='ltr'><strong>ὁμόρων</strong></span> <span class='ocrx_word' id='word_1_111' title='bbox 295 733 407 769; x_wconf 81' lang='grc' dir='ltr'><strong>Περσῶν</strong></span> <span class='ocrx_word' id='word_1_112' title='bbox 418 734 480 764; x_wconf 77' lang='grc' dir='ltr'><strong>τοὺς</strong></span> <span class='ocrx_word' id='word_1_113' title='bbox 488 733 701 765; x_wconf 75' lang='grc' dir='ltr'><strong>δυνατωτάτους.</strong></span> <span class='ocrx_word' id='word_1_114' title='bbox 710 733 758 760; x_wconf 72' lang='grc' dir='ltr'><strong>καὶ</strong></span> <span class='ocrx_word' id='word_1_115' title='bbox 766 734 814 768; x_wconf 84' lang='grc' dir='ltr'><strong>τὴν</strong></span> <span class='ocrx_word' id='word_1_116' title='bbox 824 741 905 767; x_wconf 63' lang='grc' dir='ltr'><strong>σφρα-</strong></span> 
     </span>
    </p>
   </div>
   <div class='ocr_carea' id='block_1_18' title="bbox 115 778 904 814">
    <p class='ocr_par' dir='ltr' id='par_1_18' title="bbox 115 778 904 814">
     <span class='ocr_line' id='line_1_18' title="bbox 115 778 904 814; baseline -0.001 -9"><span class='ocrx_word' id='word_1_117' title='bbox 115 782 175 805; x_wconf 73' lang='grc' dir='ltr'><strong>τιὰν</strong></span> <span class='ocrx_word' id='word_1_118' title='bbox 197 780 324 814; x_wconf 75' lang='grc' dir='ltr'><strong>παρεῖναι</strong></span> <span class='ocrx_word' id='word_1_119' title='bbox 347 779 422 809; x_wconf 85' lang='grc' dir='ltr'><strong>δέον,</strong></span> <span class='ocrx_word' id='word_1_120' title='bbox 447 780 493 805; x_wconf 66' lang='grc' dir='ltr'><strong>καὶ</strong></span> <span class='ocrx_word' id='word_1_121' title='bbox 517 779 669 813; x_wconf 71' lang='grc' dir='ltr'><strong>ἀμύνεσθαι</strong></span> <span class='ocrx_word' id='word_1_122' title='bbox 692 781 748 810; x_wconf 74' lang='grc' dir='ltr'><strong>τοῖς</strong></span> <span class='ocrx_word' id='word_1_123' title='bbox 771 778 904 807; x_wconf 69' lang='grc' dir='ltr'><strong>ἐπιοῦσιν.</strong></span> 
     </span>
    </p>
   </div>
   <div class='ocr_carea' id='block_1_19' title="bbox 123 824 904 860">
    <p class='ocr_par' dir='ltr' id='par_1_19' title="bbox 123 824 904 860">
     <span class='ocr_line' id='line_1_19' title="bbox 123 824 904 860; baseline -0.001 -9"><span class='ocrx_word' id='word_1_124' title='bbox 123 824 246 851; x_wconf 79' lang='grc' dir='ltr'><strong>Ἐχέλευε</strong></span> <span class='ocrx_word' id='word_1_125' title='bbox 273 825 365 860; x_wconf 80' lang='grc' dir='ltr'><strong>μέντοι</strong></span> <span class='ocrx_word' id='word_1_126' title='bbox 379 825 416 859; x_wconf 84' lang='grc' dir='ltr'><strong>μὴ</strong></span> <span class='ocrx_word' id='word_1_127' title='bbox 431 825 579 859; x_wconf 81' lang='grc' dir='ltr'><strong>κατάδηλον</strong></span> <span class='ocrx_word' id='word_1_128' title='bbox 591 825 739 859; x_wconf 77' lang='grc' dir='ltr'><strong>Ῥωμαίοις</strong></span> <span class='ocrx_word' id='word_1_129' title='bbox 752 824 803 859; x_wconf 83' lang='grc' dir='ltr'><strong>τὴν</strong></span> <span class='ocrx_word' id='word_1_130' title='bbox 815 824 904 851; x_wconf 78' lang='grc' dir='ltr'><strong>αἰτίαν</strong></span> 
     </span>
    </p>
   </div>
   <div class='ocr_carea' id='block_1_20' title="bbox 116 870 903 906">
    <p class='ocr_par' dir='ltr' id='par_1_20' title="bbox 116 870 903 906">
     <span class='ocr_line' id='line_1_20' title="bbox 116 870 903 906; baseline 0 -10"><span class='ocrx_word' id='word_1_131' title='bbox 116 871 165 905; x_wconf 78' lang='grc' dir='ltr'><strong>τῆς</strong></span> <span class='ocrx_word' id='word_1_132' title='bbox 185 871 389 906; x_wconf 62' lang='grc' dir='ltr'><strong>ἀναχωρήσεως</strong></span> <span class='ocrx_word' id='word_1_133' title='bbox 411 872 517 903; x_wconf 79' lang='grc' dir='ltr'><strong>ποιεῖν,</strong></span> <span class='ocrx_word' id='word_1_134' title='bbox 534 871 578 898; x_wconf 75' lang='grc' dir='ltr'><strong>ἵνα</strong></span> <span class='ocrx_word' id='word_1_135' title='bbox 597 871 636 905; x_wconf 81' lang='grc' dir='ltr'><strong>μὴ</strong></span> <span class='ocrx_word' id='word_1_136' title='bbox 652 871 666 896; x_wconf 78' lang='grc' dir='ltr'><strong>ὀ</strong></span> <span class='ocrx_word' id='word_1_137' title='bbox 684 870 809 905; x_wconf 74' lang='grc' dir='ltr'><strong>βασιλεὺς</strong></span> <span class='ocrx_word' id='word_1_138' title='bbox 830 870 903 905; x_wconf 78' lang='grc' dir='ltr'><strong>αὑτῷ</strong></span> 
     </span>
    </p>
   </div>
   <div class='ocr_carea' id='block_1_21' title="bbox 116 916 905 951">
    <p class='ocr_par' dir='ltr' id='par_1_21' title="bbox 116 916 905 951">
     <span class='ocr_line' id='line_1_21' title="bbox 116 916 905 951; baseline 0 -9"><span class='ocrx_word' id='word_1_139' title='bbox 116 916 267 951; x_wconf 70' lang='grc' dir='ltr'><strong>ὀργίζοιτο,</strong></span> <span class='ocrx_word' id='word_1_140' title='bbox 286 917 352 951; x_wconf 76' lang='grc' dir='ltr'><strong>ἀλλὰ</strong></span> <span class='ocrx_word' id='word_1_141' title='bbox 372 916 546 951; x_wconf 68' lang='grc' dir='ltr'><strong>πλασάμενον</strong></span> <span class='ocrx_word' id='word_1_142' title='bbox 561 925 639 948; x_wconf 88' lang='grc' dir='ltr'><strong>τινας</strong></span> <span class='ocrx_word' id='word_1_143' title='bbox 660 917 749 948; x_wconf 78' lang='grc' dir='ltr'><strong>αἰτίας</strong></span> <span class='ocrx_word' id='word_1_144' title='bbox 769 916 905 951; x_wconf 80' lang='grc' dir='ltr'><strong>ἀναστρέ-</strong></span> 
     </span>
    </p>
   </div>
   <div class='ocr_carea' id='block_1_22' title="bbox 117 959 904 999">
    <p class='ocr_par' dir='ltr' id='par_1_22' title="bbox 117 959 904 999">
     <span class='ocr_line' id='line_1_22' title="bbox 117 959 904 999; baseline 0.001 -11"><span class='ocrx_word' id='word_1_145' title='bbox 117 971 188 996; x_wconf 79' lang='grc' dir='ltr'><strong>φειν.</strong></span> <span class='ocrx_word' id='word_1_146' title='bbox 203 964 236 989; x_wconf 79' lang='grc' dir='ltr'><strong>’Δ</strong></span> <span class='ocrx_word' id='word_1_147' title='bbox 257 962 392 998; x_wconf 54' lang='lat' dir='ltr'><strong>Equitin</strong></span> <span class='ocrx_word' id='word_1_148' title='bbox 411 963 497 989; x_wconf 73' lang='grc' dir='ltr'><strong>ἐποίει</strong></span> <span class='ocrx_word' id='word_1_149' title='bbox 560 962 634 996; x_wconf 77' lang='grc' dir='ltr'><strong>αὑτῷ</strong></span> <span class='ocrx_word' id='word_1_150' title='bbox 655 963 670 988; x_wconf 86' lang='grc' dir='ltr'><strong><em>ὸ</em></strong></span> <span class='ocrx_word' id='word_1_151' title='bbox 692 963 782 997; x_wconf 77' lang='grc' dir='ltr'><strong>πατὴρ</strong></span> <span class='ocrx_word' id='word_1_152' title='bbox 804 963 904 997; x_wconf 83' lang='grc' dir='ltr'><strong>προσέ-</strong></span> 
     </span>
    </p>
   </div>
   <div class='ocr_carea' id='block_1_23' title="bbox 117 1008 904 1043">
    <p class='ocr_par' dir='ltr' id='par_1_23' title="bbox 117 1008 904 1043">
     <span class='ocr_line' id='line_1_23' title="bbox 117 1008 904 1043; baseline 0.003 -10"><span class='ocrx_word' id='word_1_153' title='bbox 117 1016 198 1034; x_wconf 81' lang='grc' dir='ltr'><strong>ταττε</strong></span> <span class='ocrx_word' id='word_1_154' title='bbox 209 1027 216 1039; x_wconf 84' lang='grc'><strong>,</strong></span> <span class='ocrx_word' id='word_1_155' title='bbox 233 1008 279 1034; x_wconf 77' lang='grc' dir='ltr'><strong>καί</strong></span> <span class='ocrx_word' id='word_1_156' title='bbox 295 1016 355 1034; x_wconf 84' lang='grc' dir='ltr'><strong>τινα</strong></span> <span class='ocrx_word' id='word_1_157' title='bbox 373 1008 546 1042; x_wconf 74' lang='grc' dir='ltr'><strong>πλασάμενος</strong></span> <span class='ocrx_word' id='word_1_158' title='bbox 566 1009 603 1043; x_wconf 85' lang='grc' dir='ltr'><strong>μὴ</strong></span> <span class='ocrx_word' id='word_1_159' title='bbox 621 1008 702 1041; x_wconf 71' lang='grc' dir='ltr'><strong>ὄντα,</strong></span> <span class='ocrx_word' id='word_1_160' title='bbox 720 1009 752 1034; x_wconf 76' lang='grc' dir='ltr'><strong>ἐκ</strong></span> <span class='ocrx_word' id='word_1_161' title='bbox 769 1009 815 1034; x_wconf 67' lang='grc' dir='ltr'><strong>τοῦ</strong></span> <span class='ocrx_word' id='word_1_162' title='bbox 833 1009 904 1035; x_wconf 69' lang='grc' dir='ltr'><strong>κατὰ</strong></span> 
     </span>
    </p>
   </div>
   <div class='ocr_carea' id='block_1_24' title="bbox 117 1052 904 1089">
    <p class='ocr_par' dir='ltr' id='par_1_24' title="bbox 117 1052 904 1089">
     <span class='ocr_line' id='line_1_24' title="bbox 117 1052 904 1089; baseline -0.001 -9"><span class='ocrx_word' id='word_1_163' title='bbox 117 1054 162 1080; x_wconf 71' lang='grc' dir='ltr'><strong>τὸν</strong></span> <span class='ocrx_word' id='word_1_164' title='bbox 173 1053 275 1087; x_wconf 78' lang='grc' dir='ltr'><strong>Ἐὗρον</strong></span> <span class='ocrx_word' id='word_1_165' title='bbox 295 1053 381 1089; x_wconf 84' lang='grc' dir='ltr'><strong>πόρου</strong></span> <span class='ocrx_word' id='word_1_166' title='bbox 401 1052 470 1087; x_wconf 79' lang='grc' dir='ltr'><strong>πρὸς</strong></span> <span class='ocrx_word' id='word_1_167' title='bbox 490 1053 540 1088; x_wconf 84' lang='grc' dir='ltr'><strong>τὴν</strong></span> <span class='ocrx_word' id='word_1_168' title='bbox 560 1054 668 1080; x_wconf 78' lang='grc' dir='ltr'><strong>Μυσίαν</strong></span> <span class='ocrx_word' id='word_1_169' title='bbox 689 1054 734 1080; x_wconf 81' lang='grc' dir='ltr'>ὲπὶ</span> <span class='ocrx_word' id='word_1_170' title='bbox 758 1053 904 1089; x_wconf 76' lang='grc' dir='ltr'><strong>λεηλασίαν</strong></span> 
     </span>
    </p>
   </div>
   <div class='ocr_carea' id='block_1_25' title="bbox 117 1098 905 1134">
    <p class='ocr_par' dir='ltr' id='par_1_25' title="bbox 117 1098 905 1134">
     <span class='ocr_line' id='line_1_25' title="bbox 117 1098 905 1134; baseline 0 -8"><span class='ocrx_word' id='word_1_171' title='bbox 117 1098 255 1134; x_wconf 78' lang='grc' dir='ltr'><strong>ἀπεχώρει</strong></span> <span class='ocrx_word' id='word_1_172' title='bbox 265 1107 272 1115; x_wconf 91' lang='grc'>·</span> <span class='ocrx_word' id='word_1_173' title='bbox 286 1098 334 1125; x_wconf 74' lang='grc' dir='ltr'><strong>καὶ</strong></span> <span class='ocrx_word' id='word_1_174' title='bbox 347 1098 448 1132; x_wconf 83' lang='grc' dir='ltr'><strong>πλῆθος</strong></span> <span class='ocrx_word' id='word_1_175' title='bbox 463 1098 531 1134; x_wconf 78' lang='grc' dir='ltr'><strong>ὁμοῦ</strong></span> <span class='ocrx_word' id='word_1_176' title='bbox 547 1098 728 1134; x_wconf 72' lang='grc' dir='ltr'><strong>βοσκημάτων</strong></span> <span class='ocrx_word' id='word_1_177' title='bbox 741 1100 789 1126; x_wconf 80' lang='grc' dir='ltr'><strong>καὶ</strong></span> <span class='ocrx_word' id='word_1_178' title='bbox 800 1099 905 1134; x_wconf 82' lang='grc' dir='ltr'><strong>ἀνθρώ-</strong></span> 
     </span>
    </p>
   </div>
   <div class='ocr_carea' id='block_1_26' title="bbox 117 1143 902 1181">
    <p class='ocr_par' dir='ltr' id='par_1_26' title="bbox 117 1143 902 1181">
     <span class='ocr_line' id='line_1_26' title="bbox 117 1143 902 1181; baseline 0.001 -10"><span class='ocrx_word' id='word_1_179' title='bbox 117 1154 177 1171; x_wconf 84' lang='grc' dir='ltr'><strong>πων</strong></span> <span class='ocrx_word' id='word_1_180' title='bbox 191 1145 292 1176; x_wconf 72' lang='grc' dir='ltr'><strong>ἐλάσεις</strong></span> <span class='ocrx_word' id='word_1_181' title='bbox 306 1143 488 1179; x_wconf 80' lang='grc' dir='ltr'><strong>αξχμαλώτων</strong></span> <span class='ocrx_word' id='word_1_182' title='bbox 500 1146 546 1172; x_wconf 68' lang='grc' dir='ltr'><strong>ἐπὶ</strong></span> <span class='ocrx_word' id='word_1_183' title='bbox 557 1145 607 1181; x_wconf 80' lang='grc' dir='ltr'><strong>τὴν</strong></span> <span class='ocrx_word' id='word_1_184' title='bbox 623 1145 717 1172; x_wconf 77' lang='grc' dir='ltr'><strong>Ἀσίαν</strong></span> <span class='ocrx_word' id='word_1_185' title='bbox 730 1145 902 1180; x_wconf 70' lang='grc' dir='ltr'><strong>ἐπεραιοῦτο.</strong></span> 
     </span>
    </p>
   </div>
   <div class='ocr_carea' id='block_1_27' title="bbox 116 1190 905 1227">
    <p class='ocr_par' dir='ltr' id='par_1_27' title="bbox 116 1190 905 1227">
     <span class='ocr_line' id='line_1_27' title="bbox 116 1190 905 1227; baseline 0 -9"><span class='ocrx_word' id='word_1_186' title='bbox 116 1190 258 1222; x_wconf 72' lang='grc' dir='ltr'><strong>Ματοαῖος</strong></span> <span class='ocrx_word' id='word_1_187' title='bbox 276 1191 304 1217; x_wconf 72' lang='grc' dir='ltr'><strong>δὲ</strong></span> <span class='ocrx_word' id='word_1_188' title='bbox 322 1191 337 1217; x_wconf 83' lang='grc' dir='ltr'>ὁ</span> <span class='ocrx_word' id='word_1_189' title='bbox 352 1190 400 1217; x_wconf 82' lang='grc' dir='ltr'><strong>τοῦ</strong></span> <span class='ocrx_word' id='word_1_190' title='bbox 421 1190 550 1226; x_wconf 83' lang='grc' dir='ltr'><strong>βασιλέως</strong></span> <span class='ocrx_word' id='word_1_191' title='bbox 570 1191 629 1223; x_wconf 77' lang='grc' dir='ltr'><strong>υίὸς</strong></span> <span class='ocrx_word' id='word_1_192' title='bbox 651 1191 711 1218; x_wconf 74' lang='grc' dir='ltr'><strong>ἐπεὶ</strong></span> <span class='ocrx_word' id='word_1_193' title='bbox 732 1192 770 1227; x_wconf 81' lang='grc' dir='ltr'><strong>μὴ</strong></span> <span class='ocrx_word' id='word_1_194' title='bbox 785 1193 819 1227; x_wconf 78' lang='grc' dir='ltr'><strong>τῇ</strong></span> <span class='ocrx_word' id='word_1_195' title='bbox 839 1190 905 1218; x_wconf 79' lang='grc' dir='ltr'><strong>Ῥω-</strong></span> 
     </span>
    </p>
   </div>
   <div class='ocr_carea' id='block_1_28' title="bbox 118 1235 905 1273">
    <p class='ocr_par' dir='ltr' id='par_1_28' title="bbox 118 1235 905 1273">
     <span class='ocr_line' id='line_1_28' title="bbox 118 1235 905 1273; baseline 0.001 -10"><span class='ocrx_word' id='word_1_196' title='bbox 118 1237 209 1273; x_wconf 83' lang='grc' dir='ltr'><strong>μαίων</strong></span> <span class='ocrx_word' id='word_1_197' title='bbox 225 1237 294 1272; x_wconf 86' lang='grc' dir='ltr'><strong>μόνῃ</strong></span> <span class='ocrx_word' id='word_1_198' title='bbox 313 1238 426 1272; x_wconf 79' lang='grc' dir='ltr'><strong>στρατιᾷ</strong></span> <span class='ocrx_word' id='word_1_199' title='bbox 442 1237 553 1269; x_wconf 77' lang='grc' dir='ltr'><strong>δυνατὸς</strong></span> <span class='ocrx_word' id='word_1_200' title='bbox 568 1235 603 1273; x_wconf 80' lang='grc' dir='ltr'><strong>ἦν</strong></span> <span class='ocrx_word' id='word_1_201' title='bbox 618 1238 667 1273; x_wconf 85' lang='grc' dir='ltr'><strong>τὴν</strong></span> <span class='ocrx_word' id='word_1_202' title='bbox 684 1237 751 1273; x_wconf 80' lang='grc' dir='ltr'><strong>πρὸς</strong></span> <span class='ocrx_word' id='word_1_203' title='bbox 769 1238 905 1265; x_wconf 71' lang='grc' dir='ltr'><strong>Θεσσαλο-</strong></span> 
     </span>
    </p>
   </div>
   <div class='ocr_carea' id='block_1_29' title="bbox 117 1281 903 1318">
    <p class='ocr_par' dir='ltr' id='par_1_29' title="bbox 117 1281 903 1318">
     <span class='ocr_line' id='line_1_29' title="bbox 117 1281 903 1318; baseline 0.003 -11"><span class='ocrx_word' id='word_1_204' title='bbox 117 1282 329 1318; x_wconf 65' lang='grc' dir='ltr'><strong>νίκην“ἀπιέναι</strong></span> <span class='ocrx_word' id='word_1_205' title='bbox 351 1281 396 1308; x_wconf 76' lang='grc' dir='ltr'><strong>διὰ</strong></span> <span class='ocrx_word' id='word_1_206' title='bbox 420 1282 561 1316; x_wconf 84' lang='grc' dir='ltr'><strong>πολεμίας,</strong></span> <span class='ocrx_word' id='word_1_207' title='bbox 573 1281 705 1318; x_wconf 83' lang='grc' dir='ltr'><strong>ποταμῶν</strong></span> <span class='ocrx_word' id='word_1_208' title='bbox 727 1291 757 1309; x_wconf 84' lang='grc' dir='ltr'><strong>τε</strong></span> <span class='ocrx_word' id='word_1_209' title='bbox 783 1282 903 1309; x_wconf 79' lang='grc' dir='ltr'><strong>ἀεννάων</strong></span> 
     </span>
    </p>
   </div>
   <div class='ocr_carea' id='block_1_30' title="bbox 116 1327 904 1365">
    <p class='ocr_par' dir='ltr' id='par_1_30' title="bbox 116 1327 904 1365">
     <span class='ocr_line' id='line_1_30' title="bbox 116 1327 904 1365; baseline 0.001 -11"><span class='ocrx_word' id='word_1_210' title='bbox 116 1327 239 1355; x_wconf 80' lang='grc' dir='ltr'><strong>διιόντων</strong></span> <span class='ocrx_word' id='word_1_211' title='bbox 253 1328 334 1363; x_wconf 73' lang='grc' dir='ltr'>ὲν.τῷ</span> <span class='ocrx_word' id='word_1_212' title='bbox 349 1329 460 1363; x_wconf 67' lang='grc' dir='ltr'><strong>μεταξὺ,</strong></span> <span class='ocrx_word' id='word_1_213' title='bbox 470 1329 516 1355; x_wconf 77' lang='grc' dir='ltr'><strong>καὶ</strong></span> <span class='ocrx_word' id='word_1_214' title='bbox 528 1329 558 1355; x_wconf 83' lang='grc' dir='ltr'><strong>οὺ</strong></span> <span class='ocrx_word' id='word_1_215' title='bbox 572 1329 662 1365; x_wconf 79' lang='grc' dir='ltr'><strong>ῥᾴδιον</strong></span> <span class='ocrx_word' id='word_1_216' title='bbox 677 1329 722 1356; x_wconf 79' lang='grc' dir='ltr'><strong>τὸν</strong></span> <span class='ocrx_word' id='word_1_217' title='bbox 735 1329 819 1365; x_wconf 79' lang='grc' dir='ltr'><strong>πόρον</strong></span> <span class='ocrx_word' id='word_1_218' title='bbox 832 1338 904 1364; x_wconf 74' lang='grc' dir='ltr'><strong>παρ-</strong></span> 
     </span>
    </p>
   </div>
   <div class='ocr_carea' id='block_1_31' title="bbox 117 1373 903 1410">
    <p class='ocr_par' dir='ltr' id='par_1_31' title="bbox 117 1373 903 1410">
     <span class='ocr_line' id='line_1_31' title="bbox 117 1373 903 1410; baseline 0.003 -10"><span class='ocrx_word' id='word_1_219' title='bbox 117 1373 268 1408; x_wconf 75' lang='grc' dir='ltr'><strong>εχομένων,</strong></span> <span class='ocrx_word' id='word_1_220' title='bbox 281 1374 328 1400; x_wconf 80' lang='grc' dir='ltr'><strong>καὶ</strong></span> <span class='ocrx_word' id='word_1_221' title='bbox 353 1374 496 1408; x_wconf 80' lang='grc' dir='ltr'><strong>Τριὸαλῶν</strong></span> <span class='ocrx_word' id='word_1_222' title='bbox 515 1375 711 1410; x_wconf 69' lang='grc' dir='ltr'><strong>ἐνεδρευόντων</strong></span> <span class='ocrx_word' id='word_1_223' title='bbox 724 1375 809 1402; x_wconf 69' lang='grc' dir='ltr'><strong>ὅντων</strong></span> <span class='ocrx_word' id='word_1_224' title='bbox 822 1374 903 1402; x_wconf 71' lang='grc' dir='ltr'><strong>δυνα-</strong></span> 
     </span>
    </p>
   </div>
   <div class='ocr_carea' id='block_1_32' title="bbox 118 1417 902 1456">
    <p class='ocr_par' dir='ltr' id='par_1_32' title="bbox 118 1417 902 1456">
     <span class='ocr_line' id='line_1_32' title="bbox 118 1417 902 1456; baseline -0.001 -9"><span class='ocrx_word' id='word_1_225' title='bbox 118 1420 258 1454; x_wconf 79' lang='grc' dir='ltr'><strong>τωτέρων,</strong></span> <span class='ocrx_word' id='word_1_226' title='bbox 272 1420 288 1455; x_wconf 81' lang='grc' dir='ltr'>ἢ</span> <span class='ocrx_word' id='word_1_227' title='bbox 304 1419 364 1446; x_wconf 81' lang='grc' dir='ltr'><strong>καθ’</strong></span> <span class='ocrx_word' id='word_1_228' title='bbox 375 1419 409 1455; x_wconf 80' lang='grc' dir='ltr'><strong>ἢν</strong></span> <span class='ocrx_word' id='word_1_229' title='bbox 422 1417 489 1455; x_wconf 80' lang='grc' dir='ltr'><strong>ἦγεν</strong></span> <span class='ocrx_word' id='word_1_230' title='bbox 503 1420 583 1452; x_wconf 59' lang='lat' dir='ltr'><strong>assa;</strong></span> <span class='ocrx_word' id='word_1_231' title='bbox 600 1420 744 1455; x_wconf 82' lang='grc' dir='ltr'><strong>Ῥωμαίων</strong></span> <span class='ocrx_word' id='word_1_232' title='bbox 759 1422 902 1456; x_wconf 81' lang='grc' dir='ltr'><strong>στρατιὰν,</strong></span> 
     </span>
    </p>
   </div>
   <div class='ocr_carea' id='block_1_33' title="bbox 119 1464 904 1500">
    <p class='ocr_par' dir='ltr' id='par_1_33' title="bbox 119 1464 904 1500">
     <span class='ocr_line' id='line_1_33' title="bbox 119 1464 904 1500; baseline 0 -8"><span class='ocrx_word' id='word_1_233' title='bbox 119 1464 273 1499; x_wconf 78' lang='grc' dir='ltr'><strong>ἀνέστρεφε</strong></span> <span class='ocrx_word' id='word_1_234' title='bbox 287 1465 333 1491; x_wconf 83' lang='grc' dir='ltr'><strong>καὶ</strong></span> <span class='ocrx_word' id='word_1_235' title='bbox 347 1464 438 1496; x_wconf 78' lang='grc' dir='ltr'><strong>αὐτὸς,</strong></span> <span class='ocrx_word' id='word_1_236' title='bbox 453 1464 502 1490; x_wconf 71' lang='grc' dir='ltr'><strong>καὶ</strong></span> <span class='ocrx_word' id='word_1_237' title='bbox 516 1464 602 1491; x_wconf 81' lang='grc' dir='ltr'><strong>διέλυε</strong></span> <span class='ocrx_word' id='word_1_238' title='bbox 616 1465 646 1491; x_wconf 75' lang='grc' dir='ltr'><strong>τὸ</strong></span> <span class='ocrx_word' id='word_1_239' title='bbox 661 1465 821 1500; x_wconf 72' lang='grc' dir='ltr'><strong>στράτευμα</strong></span> <span class='ocrx_word' id='word_1_240' title='bbox 831 1473 839 1481; x_wconf 86' lang='grc'><strong>·</strong></span> <span class='ocrx_word' id='word_1_241' title='bbox 856 1466 904 1500; x_wconf 69' lang='grc' dir='ltr'><strong>βι-</strong></span> 
     </span>
    </p>
   </div>
   <div class='ocr_carea' id='block_1_34' title="bbox 955 227 1741 262">
    <p class='ocr_par' dir='ltr' id='par_1_34' title="bbox 955 227 1741 262">
     <span class='ocr_line' id='line_1_34' title="bbox 955 227 1741 262; baseline 0.003 -8"><span class='ocrx_word' id='word_1_242' title='bbox 955 232 983 254; x_wconf 91' lang='lat' dir='ltr'><strong>ct</strong></span> <span class='ocrx_word' id='word_1_243' title='bbox 997 227 1161 254; x_wconf 84' lang='lat' dir='ltr'><strong>onmimodis</strong></span> <span class='ocrx_word' id='word_1_244' title='bbox 1176 234 1191 253; x_wconf 89' lang='lat' dir='ltr'><strong>a</strong></span> <span class='ocrx_word' id='word_1_245' title='bbox 1208 234 1273 253; x_wconf 80' lang='lat' dir='ltr'><strong>vero</strong></span> <span class='ocrx_word' id='word_1_246' title='bbox 1289 227 1432 254; x_wconf 87' lang='lat' dir='ltr'><strong>aberrahat</strong></span> <span class='ocrx_word' id='word_1_247' title='bbox 1452 227 1582 262; x_wconf 83' lang='lat' dir='ltr'><strong>suspicio.</strong></span> <span class='ocrx_word' id='word_1_248' title='bbox 1599 228 1741 256; x_wconf 86' lang='lat' dir='ltr'><strong>Orcltanes</strong></span> 
     </span>
    </p>
   </div>
   <div class='ocr_carea' id='block_1_35' title="bbox 955 271 1741 307">
    <p class='ocr_par' dir='ltr' id='par_1_35' title="bbox 955 271 1741 307">
     <span class='ocr_line' id='line_1_35' title="bbox 955 271 1741 307; baseline 0.003 -9"><span class='ocrx_word' id='word_1_249' title='bbox 955 272 1090 306; x_wconf 84' lang='lat' dir='ltr'><strong>siquidem</strong></span> <span class='ocrx_word' id='word_1_250' title='bbox 1115 276 1178 306; x_wconf 87' lang='lat' dir='ltr'><strong>post</strong></span> <span class='ocrx_word' id='word_1_251' title='bbox 1200 271 1349 299; x_wconf 82' lang='lat' dir='ltr'><strong>exercitum</strong></span> <span class='ocrx_word' id='word_1_252' title='bbox 1372 272 1398 298; x_wconf 93' lang='lat' dir='ltr'><strong>in</strong></span> <span class='ocrx_word' id='word_1_253' title='bbox 1412 271 1557 299; x_wconf 75' lang='lat' dir='ltr'><strong>Thraciam</strong></span> <span class='ocrx_word' id='word_1_254' title='bbox 1583 273 1741 307; x_wconf 84' lang='lat' dir='ltr'><strong>trajectum,</strong></span> 
     </span>
    </p>
   </div>
   <div class='ocr_carea' id='block_1_36' title="bbox 955 317 1738 352">
    <p class='ocr_par' dir='ltr' id='par_1_36' title="bbox 955 317 1738 352">
     <span class='ocr_line' id='line_1_36' title="bbox 955 317 1738 352; baseline 0.001 -8"><span class='ocrx_word' id='word_1_255' title='bbox 955 322 985 344; x_wconf 90' lang='lat' dir='ltr'><strong>ut</strong></span> <span class='ocrx_word' id='word_1_256' title='bbox 1000 317 1026 344; x_wconf 92' lang='lat' dir='ltr'><strong>in</strong></span> <span class='ocrx_word' id='word_1_257' title='bbox 1042 317 1215 344; x_wconf 79' lang='lat' dir='ltr'><strong>Occidenth</strong></span> <span class='ocrx_word' id='word_1_258' title='bbox 1231 322 1365 352; x_wconf 80' lang='lat' dir='ltr'><strong>pergeret.</strong></span> <span class='ocrx_word' id='word_1_259' title='bbox 1378 318 1468 345; x_wconf 85' lang='lat' dir='ltr'><strong>missis</strong></span> <span class='ocrx_word' id='word_1_260' title='bbox 1481 319 1586 345; x_wconf 77' lang='lat' dir='ltr'><strong>occulte</strong></span> <span class='ocrx_word' id='word_1_261' title='bbox 1603 319 1635 345; x_wconf 86' lang='lat' dir='ltr'><strong>ad</strong></span> <span class='ocrx_word' id='word_1_262' title='bbox 1652 319 1738 346; x_wconf 84' lang='lat' dir='ltr'><strong>lilium</strong></span> 
     </span>
    </p>
   </div>
   <div class='ocr_carea' id='block_1_37' title="bbox 957 362 1740 398">
    <p class='ocr_par' dir='ltr' id='par_1_37' title="bbox 957 362 1740 398">
     <span class='ocr_line' id='line_1_37' title="bbox 957 362 1740 398; baseline 0.003 -9"><span class='ocrx_word' id='word_1_263' title='bbox 957 362 1131 390; x_wconf 90' lang='lat' dir='ltr'><strong>Sulimanum</strong></span> <span class='ocrx_word' id='word_1_264' title='bbox 1148 363 1260 394; x_wconf 87' lang='lat' dir='ltr'><strong>litteris,</strong></span> <span class='ocrx_word' id='word_1_265' title='bbox 1277 363 1394 390; x_wconf 77' lang='lat' dir='ltr'><strong>reditum</strong></span> <span class='ocrx_word' id='word_1_266' title='bbox 1407 363 1600 398; x_wconf 69' lang='lat' dir='ltr'><strong>praecipiebat;</strong></span> <span class='ocrx_word' id='word_1_267' title='bbox 1620 372 1650 391; x_wconf 90' lang='lat' dir='ltr'><strong>se</strong></span> <span class='ocrx_word' id='word_1_268' title='bbox 1667 366 1740 391; x_wconf 88' lang='lat' dir='ltr'><strong>enim</strong></span> 
     </span>
    </p>
   </div>
   <div class='ocr_carea' id='block_1_38' title="bbox 956 409 1740 445">
    <p class='ocr_par' dir='ltr' id='par_1_38' title="bbox 956 409 1740 445">
     <span class='ocr_line' id='line_1_38' title="bbox 956 409 1740 445; baseline 0.001 -9"><span class='ocrx_word' id='word_1_269' title='bbox 956 417 970 436; x_wconf 90' lang='lat' dir='ltr'><strong>a</strong></span> <span class='ocrx_word' id='word_1_270' title='bbox 985 410 1081 436; x_wconf 82' lang='lat' dir='ltr'><strong>vicinis</strong></span> <span class='ocrx_word' id='word_1_271' title='bbox 1093 414 1119 436; x_wconf 79' lang='lat' dir='ltr'><strong>et</strong></span> <span class='ocrx_word' id='word_1_272' title='bbox 1134 410 1332 444; x_wconf 86' lang='lat' dir='ltr'><strong>potentissimis</strong></span> <span class='ocrx_word' id='word_1_273' title='bbox 1345 409 1491 437; x_wconf 82' lang='lat' dir='ltr'><strong>Persarum</strong></span> <span class='ocrx_word' id='word_1_274' title='bbox 1506 410 1627 445; x_wconf 73' lang='lat' dir='ltr'><strong>dynastis</strong></span> <span class='ocrx_word' id='word_1_275' title='bbox 1638 411 1740 441; x_wconf 84' lang='lat' dir='ltr'><strong>invadi.</strong></span> 
     </span>
    </p>
   </div>
   <div class='ocr_carea' id='block_1_39' title="bbox 956 454 1741 490">
    <p class='ocr_par' dir='ltr' id='par_1_39' title="bbox 956 454 1741 490">
     <span class='ocr_line' id='line_1_39' title="bbox 956 454 1741 490; baseline 0.001 -9"><span class='ocrx_word' id='word_1_276' title='bbox 956 455 988 481; x_wconf 91' lang='lat' dir='ltr'><strong>ad</strong></span> <span class='ocrx_word' id='word_1_277' title='bbox 1006 462 1075 489; x_wconf 87' lang='lat' dir='ltr'><strong>quos</strong></span> <span class='ocrx_word' id='word_1_278' title='bbox 1095 454 1277 490; x_wconf 75' lang='lat' dir='ltr'><strong>proﬂigandos</strong></span> <span class='ocrx_word' id='word_1_279' title='bbox 1293 455 1326 482; x_wconf 69' lang='lat' dir='ltr'><strong>iis</strong></span> <span class='ocrx_word' id='word_1_280' title='bbox 1347 456 1432 489; x_wconf 82' lang='lat' dir='ltr'><strong>copiis</strong></span> <span class='ocrx_word' id='word_1_281' title='bbox 1447 456 1500 483; x_wconf 90' lang='lat' dir='ltr'><strong>sibi</strong></span> <span class='ocrx_word' id='word_1_282' title='bbox 1517 463 1585 490; x_wconf 90' lang='lat' dir='ltr'><strong>opus</strong></span> <span class='ocrx_word' id='word_1_283' title='bbox 1601 456 1647 483; x_wconf 84' lang='lat' dir='ltr'><strong>sit.</strong></span> <span class='ocrx_word' id='word_1_284' title='bbox 1662 456 1741 483; x_wconf 82' lang='lat' dir='ltr'><strong>Jube-</strong></span> 
     </span>
    </p>
   </div>
   <div class='ocr_carea' id='block_1_40' title="bbox 956 501 1740 534">
    <p class='ocr_par' dir='ltr' id='par_1_40' title="bbox 956 501 1740 534">
     <span class='ocr_line' id='line_1_40' title="bbox 956 501 1740 534; baseline -0.001 -7"><span class='ocrx_word' id='word_1_285' title='bbox 956 501 1001 527; x_wconf 83' lang='lat' dir='ltr'><strong>hat</strong></span> <span class='ocrx_word' id='word_1_286' title='bbox 1016 501 1080 527; x_wconf 90' lang='lat' dir='ltr'><strong>item</strong></span> <span class='ocrx_word' id='word_1_287' title='bbox 1097 508 1132 527; x_wconf 88' lang='lat' dir='ltr'><strong>ne</strong></span> <span class='ocrx_word' id='word_1_288' title='bbox 1148 501 1318 528; x_wconf 85' lang='lat' dir='ltr'><strong>reversionis</strong></span> <span class='ocrx_word' id='word_1_289' title='bbox 1329 509 1437 528; x_wconf 79' lang='lat' dir='ltr'><strong>causam</strong></span> <span class='ocrx_word' id='word_1_290' title='bbox 1456 501 1585 528; x_wconf 74' lang='lat' dir='ltr'><strong>ltounanis</strong></span> <span class='ocrx_word' id='word_1_291' title='bbox 1598 501 1740 534; x_wconf 83' lang='lat' dir='ltr'><strong>indicaret,</strong></span> 
     </span>
    </p>
   </div>
   <div class='ocr_carea' id='block_1_41' title="bbox 956 547 1741 582">
    <p class='ocr_par' dir='ltr' id='par_1_41' title="bbox 956 547 1741 582">
     <span class='ocr_line' id='line_1_41' title="bbox 956 547 1741 582; baseline 0.003 -10"><span class='ocrx_word' id='word_1_292' title='bbox 956 554 989 573; x_wconf 91' lang='lat' dir='ltr'><strong>ne</strong></span> <span class='ocrx_word' id='word_1_293' title='bbox 1004 547 1155 581; x_wconf 79' lang='lat' dir='ltr'><strong>imperator</strong></span> <span class='ocrx_word' id='word_1_294' title='bbox 1169 547 1222 574; x_wconf 83' lang='lat' dir='ltr'><strong>sibi</strong></span> <span class='ocrx_word' id='word_1_295' title='bbox 1239 547 1420 580; x_wconf 79' lang='lat' dir='ltr'><strong>irasceretur,</strong></span> <span class='ocrx_word' id='word_1_296' title='bbox 1437 547 1608 582; x_wconf 80' lang='lat' dir='ltr'><strong>scdlingeret</strong></span> <span class='ocrx_word' id='word_1_297' title='bbox 1625 547 1741 582; x_wconf 79' lang='lat' dir='ltr'><strong>aliquid,</strong></span> 
     </span>
    </p>
   </div>
   <div class='ocr_carea' id='block_1_42' title="bbox 955 592 1742 628">
    <p class='ocr_par' dir='ltr' id='par_1_42' title="bbox 955 592 1742 628">
     <span class='ocr_line' id='line_1_42' title="bbox 955 592 1742 628; baseline 0.001 -10"><span class='ocrx_word' id='word_1_298' title='bbox 955 596 1036 626; x_wconf 89' lang='lat' dir='ltr'><strong>atque</strong></span> <span class='ocrx_word' id='word_1_299' title='bbox 1055 592 1091 618; x_wconf 88' lang='lat' dir='ltr'><strong>ita</strong></span> <span class='ocrx_word' id='word_1_300' title='bbox 1106 592 1219 619; x_wconf 78' lang='lat' dir='ltr'><strong>rediret.</strong></span> <span class='ocrx_word' id='word_1_301' title='bbox 1237 592 1303 625; x_wconf 67' lang='lat' dir='ltr'><strong>Qua:</strong></span> <span class='ocrx_word' id='word_1_302' title='bbox 1319 597 1453 627; x_wconf 75' lang='lat' dir='ltr'><strong>praecepta</strong></span> <span class='ocrx_word' id='word_1_303' title='bbox 1474 592 1560 627; x_wconf 90' lang='lat' dir='ltr'><strong>patris</strong></span> <span class='ocrx_word' id='word_1_304' title='bbox 1577 592 1618 619; x_wconf 87' lang='lat' dir='ltr'><strong>sul</strong></span> <span class='ocrx_word' id='word_1_305' title='bbox 1634 593 1742 628; x_wconf 74' lang='lat' dir='ltr'><strong>agitans</strong></span> 
     </span>
    </p>
   </div>
   <div class='ocr_carea' id='block_1_43' title="bbox 955 637 1743 673">
    <p class='ocr_par' dir='ltr' id='par_1_43' title="bbox 955 637 1743 673">
     <span class='ocr_line' id='line_1_43' title="bbox 955 637 1743 673; baseline 0.003 -10"><span class='ocrx_word' id='word_1_306' title='bbox 955 637 1124 670; x_wconf 86' lang='lat' dir='ltr'><strong>Sulimanus,</strong></span> <span class='ocrx_word' id='word_1_307' title='bbox 1142 637 1232 665; x_wconf 85' lang='lat' dir='ltr'><strong>Hebro</strong></span> <span class='ocrx_word' id='word_1_308' title='bbox 1254 638 1416 665; x_wconf 82' lang='lat' dir='ltr'><strong>transmisso</strong></span> <span class='ocrx_word' id='word_1_309' title='bbox 1430 639 1457 664; x_wconf 89' lang='lat' dir='ltr'><strong>in</strong></span> <span class='ocrx_word' id='word_1_310' title='bbox 1483 638 1604 665; x_wconf 62' lang='lat' dir='ltr'><strong>Moesiam</strong></span> <span class='ocrx_word' id='word_1_311' title='bbox 1629 638 1743 673; x_wconf 85' lang='lat' dir='ltr'><strong>popula-</strong></span> 
     </span>
    </p>
   </div>
   <div class='ocr_carea' id='block_1_44' title="bbox 957 683 1742 718">
    <p class='ocr_par' dir='ltr' id='par_1_44' title="bbox 957 683 1742 718">
     <span class='ocr_line' id='line_1_44' title="bbox 957 683 1742 718; baseline 0.001 -9"><span class='ocrx_word' id='word_1_312' title='bbox 957 687 1012 709; x_wconf 93' lang='lat' dir='ltr'><strong>tum</strong></span> <span class='ocrx_word' id='word_1_313' title='bbox 1029 683 1106 713; x_wconf 86' lang='lat' dir='ltr'><strong>abiit,</strong></span> <span class='ocrx_word' id='word_1_314' title='bbox 1127 687 1155 710; x_wconf 91' lang='lat' dir='ltr'><strong>et</strong></span> <span class='ocrx_word' id='word_1_315' title='bbox 1176 691 1238 710; x_wconf 88' lang='lat' dir='ltr'><strong>cum</strong></span> <span class='ocrx_word' id='word_1_316' title='bbox 1264 691 1394 718; x_wconf 83' lang='lat' dir='ltr'><strong>pecorum</strong></span> <span class='ocrx_word' id='word_1_317' title='bbox 1417 684 1615 718; x_wconf 84' lang='lat' dir='ltr'><strong>hominumque</strong></span> <span class='ocrx_word' id='word_1_318' title='bbox 1644 691 1742 718; x_wconf 76' lang='lat' dir='ltr'><strong>magno</strong></span> 
     </span>
    </p>
   </div>
   <div class='ocr_carea' id='block_1_45' title="bbox 955 729 1742 764">
    <p class='ocr_par' dir='ltr' id='par_1_45' title="bbox 955 729 1742 764">
     <span class='ocr_line' id='line_1_45' title="bbox 955 729 1742 764; baseline 0.001 -9"><span class='ocrx_word' id='word_1_319' title='bbox 955 736 1069 756; x_wconf 85' lang='lat' dir='ltr'><strong>noluero</strong></span> <span class='ocrx_word' id='word_1_320' title='bbox 1100 729 1127 756; x_wconf 92' lang='lat' dir='ltr'><strong>in</strong></span> <span class='ocrx_word' id='word_1_321' title='bbox 1157 729 1248 757; x_wconf 82' lang='lat' dir='ltr'><strong>Asiam</strong></span> <span class='ocrx_word' id='word_1_322' title='bbox 1284 729 1460 764; x_wconf 76' lang='lat' dir='ltr'><strong>rcnavigavit.</strong></span> <span class='ocrx_word' id='word_1_323' title='bbox 1493 729 1653 762; x_wconf 68' lang='lat' dir='ltr'><strong>Matthteus,</strong></span> <span class='ocrx_word' id='word_1_324' title='bbox 1673 737 1742 764; x_wconf 86' lang='lat' dir='ltr'><strong>quo-</strong></span> 
     </span>
    </p>
   </div>
   <div class='ocr_carea' id='block_1_46' title="bbox 956 774 1742 810">
    <p class='ocr_par' dir='ltr' id='par_1_46' title="bbox 956 774 1742 810">
     <span class='ocr_line' id='line_1_46' title="bbox 956 774 1742 810; baseline 0.001 -10"><span class='ocrx_word' id='word_1_325' title='bbox 956 774 1029 801; x_wconf 83' lang='lat' dir='ltr'><strong>niam</strong></span> <span class='ocrx_word' id='word_1_326' title='bbox 1056 782 1118 801; x_wconf 92' lang='lat' dir='ltr'><strong>cum</strong></span> <span class='ocrx_word' id='word_1_327' title='bbox 1151 775 1218 802; x_wconf 71' lang='lat' dir='ltr'><strong>solis</strong></span> <span class='ocrx_word' id='word_1_328' title='bbox 1258 775 1388 802; x_wconf 77' lang='lat' dir='ltr'><strong>Romanis</strong></span> <span class='ocrx_word' id='word_1_329' title='bbox 1425 783 1474 810; x_wconf 82' lang='lat' dir='ltr'><strong>per</strong></span> <span class='ocrx_word' id='word_1_330' title='bbox 1509 776 1600 802; x_wconf 78' lang='lat' dir='ltr'><strong>hostes</strong></span> <span class='ocrx_word' id='word_1_331' title='bbox 1624 776 1662 802; x_wconf 89' lang='lat' dir='ltr'><strong>ire</strong></span> <span class='ocrx_word' id='word_1_332' title='bbox 1688 783 1742 802; x_wconf 84' lang='lat' dir='ltr'><strong>non</strong></span> 
     </span>
    </p>
   </div>
   <div class='ocr_carea' id='block_1_47' title="bbox 956 821 1740 855">
    <p class='ocr_par' dir='ltr' id='par_1_47' title="bbox 956 821 1740 855">
     <span class='ocr_line' id='line_1_47' title="bbox 956 821 1740 855; baseline 0.001 -8"><span class='ocrx_word' id='word_1_333' title='bbox 956 824 1074 854; x_wconf 83' lang='lat' dir='ltr'><strong>poterat,</strong></span> <span class='ocrx_word' id='word_1_334' title='bbox 1092 821 1260 855; x_wconf 85' lang='lat' dir='ltr'><strong>perennibus</strong></span> <span class='ocrx_word' id='word_1_335' title='bbox 1289 823 1372 849; x_wconf 84' lang='lat' dir='ltr'><strong>etiam</strong></span> <span class='ocrx_word' id='word_1_336' title='bbox 1403 821 1429 848; x_wconf 91' lang='lat' dir='ltr'><strong>in</strong></span> <span class='ocrx_word' id='word_1_337' title='bbox 1449 822 1538 849; x_wconf 92' lang='lat' dir='ltr'><strong>medio</strong></span> <span class='ocrx_word' id='word_1_338' title='bbox 1555 821 1644 849; x_wconf 78' lang='lat' dir='ltr'><strong>ﬂuviis</strong></span> <span class='ocrx_word' id='word_1_339' title='bbox 1669 821 1740 849; x_wconf 81' lang='lat' dir='ltr'><strong>haud</strong></span> 
     </span>
    </p>
   </div>
   <div class='ocr_carea' id='block_1_48' title="bbox 955 865 1742 904">
    <p class='ocr_par' dir='ltr' id='par_1_48' title="bbox 955 865 1742 904">
     <span class='ocr_line' id='line_1_48' title="bbox 955 865 1742 904; baseline 0.003 -11"><span class='ocrx_word' id='word_1_340' title='bbox 955 865 1062 894; x_wconf 80' lang='lat' dir='ltr'><strong>facilem</strong></span> <span class='ocrx_word' id='word_1_341' title='bbox 1078 868 1223 894; x_wconf 89' lang='lat' dir='ltr'><strong>transitum</strong></span> <span class='ocrx_word' id='word_1_342' title='bbox 1237 868 1465 901; x_wconf 83' lang='lat' dir='ltr'><strong>concedentibus,</strong></span> <span class='ocrx_word' id='word_1_343' title='bbox 1479 874 1506 895; x_wconf 86' lang='lat' dir='ltr'><strong>ct</strong></span> <span class='ocrx_word' id='word_1_344' title='bbox 1520 868 1602 904; x_wconf 77' lang='lat'><strong>769</strong></span> <span class='ocrx_word' id='word_1_345' title='bbox 1617 868 1742 895; x_wconf 77' lang='lat' dir='ltr'><strong>Triballis</strong></span> 
     </span>
    </p>
   </div>
   <div class='ocr_carea' id='block_1_49' title="bbox 955 910 1740 951">
    <p class='ocr_par' dir='ltr' id='par_1_49' title="bbox 955 910 1740 951">
     <span class='ocr_line' id='line_1_49' title="bbox 955 910 1740 951; baseline 0.005 -15"><span class='ocrx_word' id='word_1_346' title='bbox 955 910 1012 937; x_wconf 84' lang='lat' dir='ltr'><strong>vias</strong></span> <span class='ocrx_word' id='word_1_347' title='bbox 1025 910 1220 951; x_wconf 82' lang='lat' dir='ltr'><strong>insidentibus,</strong></span> <span class='ocrx_word' id='word_1_348' title='bbox 1235 920 1266 940; x_wconf 84' lang='lat' dir='ltr'><strong>ac</strong></span> <span class='ocrx_word' id='word_1_349' title='bbox 1279 913 1445 940; x_wconf 82' lang='lat' dir='ltr'><strong>ﬁrmioribus</strong></span> <span class='ocrx_word' id='word_1_350' title='bbox 1460 914 1647 945; x_wconf 79' lang='lat' dir='ltr'><strong>multitudine,</strong></span> <span class='ocrx_word' id='word_1_351' title='bbox 1659 922 1740 949; x_wconf 82' lang='lat' dir='ltr'><strong>qualn</strong></span> 
     </span>
    </p>
   </div>
   <div class='ocr_carea' id='block_1_50' title="bbox 955 956 1793 994">
    <p class='ocr_par' dir='ltr' id='par_1_50' title="bbox 955 956 1793 994">
     <span class='ocr_line' id='line_1_50' title="bbox 955 956 1793 994; baseline 0.005 -12"><span class='ocrx_word' id='word_1_352' title='bbox 955 963 1004 990; x_wconf 93' lang='lat' dir='ltr'><strong>pro</strong></span> <span class='ocrx_word' id='word_1_353' title='bbox 1029 956 1116 990; x_wconf 88' lang='lat' dir='ltr'><strong>copiis</strong></span> <span class='ocrx_word' id='word_1_354' title='bbox 1141 956 1283 988; x_wconf 78' lang='lat' dir='ltr'><strong>Romanis.</strong></span> <span class='ocrx_word' id='word_1_355' title='bbox 1311 965 1379 992; x_wconf 85' lang='lat' dir='ltr'><strong>quas</strong></span> <span class='ocrx_word' id='word_1_356' title='bbox 1402 958 1543 991; x_wconf 77' lang='lat' dir='ltr'><strong>ducebat,</strong></span> <span class='ocrx_word' id='word_1_357' title='bbox 1575 959 1658 986; x_wconf 82' lang='lat' dir='ltr'><strong>eliam</strong></span> <span class='ocrx_word' id='word_1_358' title='bbox 1683 959 1743 994; x_wconf 87' lang='lat' dir='ltr'><strong>ipse</strong></span> <span class='ocrx_word' id='word_1_359' title='bbox 1791 967 1793 969; x_wconf 79' lang='lat'>‘</span> 
     </span>
    </p>
   </div>
   <div class='ocr_carea' id='block_1_51' title="bbox 955 1003 1742 1039">
    <p class='ocr_par' dir='ltr' id='par_1_51' title="bbox 955 1003 1742 1039">
     <span class='ocr_line' id='line_1_51' title="bbox 955 1003 1742 1039; baseline 0.005 -12"><span class='ocrx_word' id='word_1_360' title='bbox 955 1008 1083 1029; x_wconf 77' lang='lat' dir='ltr'><strong>reversus</strong></span> <span class='ocrx_word' id='word_1_361' title='bbox 1113 1006 1165 1035; x_wconf 90' lang='lat' dir='ltr'><strong>est,</strong></span> <span class='ocrx_word' id='word_1_362' title='bbox 1194 1006 1223 1029; x_wconf 89' lang='lat' dir='ltr'><strong>et</strong></span> <span class='ocrx_word' id='word_1_363' title='bbox 1254 1003 1391 1030; x_wconf 80' lang='lat' dir='ltr'><strong>exercitus</strong></span> <span class='ocrx_word' id='word_1_364' title='bbox 1426 1003 1591 1038; x_wconf 85' lang='lat' dir='ltr'><strong>dissipatus,</strong></span> <span class='ocrx_word' id='word_1_365' title='bbox 1616 1005 1742 1039; x_wconf 81' lang='lat' dir='ltr'><strong>patrique</strong></span> 
     </span>
    </p>
   </div>
   <div class='ocr_carea' id='block_1_52' title="bbox 955 1047 1742 1084">
    <p class='ocr_par' dir='ltr' id='par_1_52' title="bbox 955 1047 1742 1084">
     <span class='ocr_line' id='line_1_52' title="bbox 955 1047 1742 1084; baseline 0.005 -10"><span class='ocrx_word' id='word_1_366' title='bbox 955 1047 1021 1082; x_wconf 86' lang='lat' dir='ltr'><strong>quid</strong></span> <span class='ocrx_word' id='word_1_367' title='bbox 1033 1048 1082 1075; x_wconf 87' lang='lat' dir='ltr'><strong>sibi</strong></span> <span class='ocrx_word' id='word_1_368' title='bbox 1095 1047 1247 1076; x_wconf 87' lang='lat' dir='ltr'><strong>obstitisset</strong></span> <span class='ocrx_word' id='word_1_369' title='bbox 1262 1049 1403 1077; x_wconf 82' lang='lat' dir='ltr'><strong>indicavit.</strong></span> <span class='ocrx_word' id='word_1_370' title='bbox 1414 1048 1566 1084; x_wconf 87' lang='lat' dir='ltr'><strong>Imperator</strong></span> <span class='ocrx_word' id='word_1_371' title='bbox 1577 1050 1629 1077; x_wconf 88' lang='lat' dir='ltr'><strong>hoc</strong></span> <span class='ocrx_word' id='word_1_372' title='bbox 1640 1056 1742 1078; x_wconf 88' lang='lat' dir='ltr'><strong>eventu</strong></span> 
     </span>
    </p>
   </div>
   <div class='ocr_carea' id='block_1_53' title="bbox 954 1093 1742 1130">
    <p class='ocr_par' dir='ltr' id='par_1_53' title="bbox 954 1093 1742 1130">
     <span class='ocr_line' id='line_1_53' title="bbox 954 1093 1742 1130; baseline 0.006 -11"><span class='ocrx_word' id='word_1_373' title='bbox 954 1093 1153 1126; x_wconf 85' lang='lat' dir='ltr'><strong>stomachatus,</strong></span> <span class='ocrx_word' id='word_1_374' title='bbox 1164 1101 1228 1121; x_wconf 85' lang='lat' dir='ltr'><strong>cum</strong></span> <span class='ocrx_word' id='word_1_375' title='bbox 1243 1095 1309 1129; x_wconf 87' lang='lat' dir='ltr'><strong>quid</strong></span> <span class='ocrx_word' id='word_1_376' title='bbox 1326 1095 1417 1130; x_wconf 83' lang='lat' dir='ltr'><strong>potius</strong></span> <span class='ocrx_word' id='word_1_377' title='bbox 1428 1099 1530 1130; x_wconf 73' lang='lat' dir='ltr'><strong>ageret,</strong></span> <span class='ocrx_word' id='word_1_378' title='bbox 1545 1103 1600 1123; x_wconf 92' lang='lat' dir='ltr'><strong>non</strong></span> <span class='ocrx_word' id='word_1_379' title='bbox 1617 1096 1742 1130; x_wconf 79' lang='lat' dir='ltr'><strong>haberet,</strong></span> 
     </span>
    </p>
   </div>
   <div class='ocr_carea' id='block_1_54' title="bbox 955 1138 1743 1177">
    <p class='ocr_par' dir='ltr' id='par_1_54' title="bbox 955 1138 1743 1177">
     <span class='ocr_line' id='line_1_54' title="bbox 955 1138 1743 1177; baseline 0.005 -12"><span class='ocrx_word' id='word_1_380' title='bbox 955 1138 1038 1166; x_wconf 87' lang='lat' dir='ltr'><strong>Eione</strong></span> <span class='ocrx_word' id='word_1_381' title='bbox 1061 1139 1283 1167; x_wconf 84' lang='lat' dir='ltr'><strong>Thessalonicam</strong></span> <span class='ocrx_word' id='word_1_382' title='bbox 1303 1140 1492 1175; x_wconf 76' lang='lat' dir='ltr'><strong>proﬁciscens,</strong></span> <span class='ocrx_word' id='word_1_383' title='bbox 1508 1145 1589 1168; x_wconf 84' lang='lat' dir='ltr'><strong>nocte</strong></span> <span class='ocrx_word' id='word_1_384' title='bbox 1602 1141 1645 1168; x_wconf 86' lang='lat' dir='ltr'><strong>illa</strong></span> <span class='ocrx_word' id='word_1_385' title='bbox 1660 1149 1743 1177; x_wconf 85' lang='lat' dir='ltr'><strong>prope</strong></span> 
     </span>
    </p>
   </div>
   <div class='ocr_carea' id='block_1_55' title="bbox 954 1184 1743 1222">
    <p class='ocr_par' dir='ltr' id='par_1_55' title="bbox 954 1184 1743 1222">
     <span class='ocr_line' id='line_1_55' title="bbox 954 1184 1743 1222; baseline 0.005 -11"><span class='ocrx_word' id='word_1_386' title='bbox 954 1184 1153 1220; x_wconf 80' lang='lat' dir='ltr'><strong>Amphipolim,</strong></span> <span class='ocrx_word' id='word_1_387' title='bbox 1172 1193 1253 1221; x_wconf 87' lang='lat' dir='ltr'><strong>quant</strong></span> <span class='ocrx_word' id='word_1_388' title='bbox 1281 1186 1395 1214; x_wconf 84' lang='lat' dir='ltr'><strong>Triballi</strong></span> <span class='ocrx_word' id='word_1_389' title='bbox 1422 1187 1564 1219; x_wconf 85' lang='lat' dir='ltr'><strong>tenebant,</strong></span> <span class='ocrx_word' id='word_1_390' title='bbox 1583 1187 1664 1222; x_wconf 85' lang='lat' dir='ltr'><strong>jactis</strong></span> <span class='ocrx_word' id='word_1_391' title='bbox 1691 1195 1743 1215; x_wconf 88' lang='lat' dir='ltr'><strong>an-</strong></span> 
     </span>
    </p>
   </div>
   <div class='ocr_carea' id='block_1_56' title="bbox 954 1231 1741 1268">
    <p class='ocr_par' dir='ltr' id='par_1_56' title="bbox 954 1231 1741 1268">
     <span class='ocr_line' id='line_1_56' title="bbox 954 1231 1741 1268; baseline 0.005 -10"><span class='ocrx_word' id='word_1_392' title='bbox 954 1231 1046 1258; x_wconf 89' lang='lat' dir='ltr'><strong>choris</strong></span> <span class='ocrx_word' id='word_1_393' title='bbox 1060 1232 1167 1259; x_wconf 86' lang='lat' dir='ltr'><strong>mansit.</strong></span> <span class='ocrx_word' id='word_1_394' title='bbox 1179 1232 1242 1260; x_wconf 87' lang='lat' dir='ltr'><strong>Eam</strong></span> <span class='ocrx_word' id='word_1_395' title='bbox 1255 1232 1383 1268; x_wconf 82' lang='lat' dir='ltr'><strong>Brajaues</strong></span> <span class='ocrx_word' id='word_1_396' title='bbox 1399 1234 1520 1268; x_wconf 78' lang='lat' dir='ltr'><strong>regebat.</strong></span> <span class='ocrx_word' id='word_1_397' title='bbox 1531 1234 1690 1268; x_wconf 85' lang='lat' dir='ltr'><strong>imperatori</strong></span> <span class='ocrx_word' id='word_1_398' title='bbox 1706 1235 1741 1262; x_wconf 92' lang='lat' dir='ltr'><strong>ob</strong></span> 
     </span>
    </p>
   </div>
   <div class='ocr_carea' id='block_1_57' title="bbox 955 1278 1743 1314">
    <p class='ocr_par' dir='ltr' id='par_1_57' title="bbox 955 1278 1743 1314">
     <span class='ocr_line' id='line_1_57' title="bbox 955 1278 1743 1314; baseline 0.004 -11"><span class='ocrx_word' id='word_1_399' title='bbox 955 1282 1074 1304; x_wconf 84' lang='lat' dir='ltr'><strong>veterem</strong></span> <span class='ocrx_word' id='word_1_400' title='bbox 1094 1278 1320 1305; x_wconf 87' lang='lat' dir='ltr'><strong>consuetudinem</strong></span> <span class='ocrx_word' id='word_1_401' title='bbox 1332 1279 1594 1313; x_wconf 80' lang='lat' dir='ltr'><strong>coniunctissimus;</strong></span> <span class='ocrx_word' id='word_1_402' title='bbox 1612 1279 1644 1306; x_wconf 82' lang='lat' dir='ltr'><strong>ad</strong></span> <span class='ocrx_word' id='word_1_403' title='bbox 1662 1287 1743 1314; x_wconf 88' lang='lat' dir='ltr'><strong>quem</strong></span> 
     </span>
    </p>
   </div>
   <div class='ocr_carea' id='block_1_58' title="bbox 955 1323 1744 1359">
    <p class='ocr_par' dir='ltr' id='par_1_58' title="bbox 955 1323 1744 1359">
     <span class='ocr_line' id='line_1_58' title="bbox 955 1323 1744 1359; baseline 0.004 -10"><span class='ocrx_word' id='word_1_404' title='bbox 955 1327 1036 1350; x_wconf 87' lang='lat' dir='ltr'><strong>noctu</strong></span> <span class='ocrx_word' id='word_1_405' title='bbox 1052 1323 1187 1358; x_wconf 76' lang='lat' dir='ltr'><strong>navigiolo</strong></span> <span class='ocrx_word' id='word_1_406' title='bbox 1203 1323 1271 1351; x_wconf 84' lang='lat' dir='ltr'><strong>clam</strong></span> <span class='ocrx_word' id='word_1_407' title='bbox 1287 1324 1470 1359; x_wconf 78' lang='lat' dir='ltr'><strong>Amphipolim</strong></span> <span class='ocrx_word' id='word_1_408' title='bbox 1485 1325 1570 1357; x_wconf 82' lang='lat' dir='ltr'><strong>venit,</strong></span> <span class='ocrx_word' id='word_1_409' title='bbox 1585 1330 1612 1352; x_wconf 88' lang='lat' dir='ltr'><strong>et</strong></span> <span class='ocrx_word' id='word_1_410' title='bbox 1630 1334 1693 1353; x_wconf 90' lang='lat' dir='ltr'><strong>cum</strong></span> <span class='ocrx_word' id='word_1_411' title='bbox 1710 1334 1744 1353; x_wconf 89' lang='lat' dir='ltr'><strong>co</strong></span> 
     </span>
    </p>
   </div>
   <div class='ocr_carea' id='block_1_59' title="bbox 956 1371 1746 1406">
    <p class='ocr_par' dir='ltr' id='par_1_59' title="bbox 956 1371 1746 1406">
     <span class='ocr_line' id='line_1_59' title="bbox 956 1371 1746 1406; baseline 0.005 -10"><span class='ocrx_word' id='word_1_412' title='bbox 956 1376 1110 1397; x_wconf 76' lang='lat' dir='ltr'><strong>Sermonem</strong></span> <span class='ocrx_word' id='word_1_413' title='bbox 1137 1371 1243 1399; x_wconf 79' lang='lat' dir='ltr'><strong>habuit.</strong></span> <span class='ocrx_word' id='word_1_414' title='bbox 1258 1372 1309 1405; x_wconf 86' lang='lat' dir='ltr'><strong>Qui</strong></span> <span class='ocrx_word' id='word_1_415' title='bbox 1325 1373 1397 1406; x_wconf 90' lang='lat' dir='ltr'><strong>quod</strong></span> <span class='ocrx_word' id='word_1_416' title='bbox 1423 1373 1455 1399; x_wconf 89' lang='lat' dir='ltr'><strong>ad</strong></span> <span class='ocrx_word' id='word_1_417' title='bbox 1469 1381 1497 1400; x_wconf 88' lang='lat' dir='ltr'><strong>se</strong></span> <span class='ocrx_word' id='word_1_418' title='bbox 1514 1373 1655 1403; x_wconf 81' lang='lat' dir='ltr'><strong>attinebat.</strong></span> <span class='ocrx_word' id='word_1_419' title='bbox 1675 1373 1746 1400; x_wconf 81' lang='lat' dir='ltr'><strong>bene</strong></span> 
     </span>
    </p>
   </div>
   <div class='ocr_carea' id='block_1_60' title="bbox 955 1413 1746 1454">
    <p class='ocr_par' dir='ltr' id='par_1_60' title="bbox 955 1413 1746 1454">
     <span class='ocr_line' id='line_1_60' title="bbox 955 1413 1746 1454; baseline 0.005 -12"><span class='ocrx_word' id='word_1_420' title='bbox 955 1415 1115 1451; x_wconf 85' lang='lat' dir='ltr'><strong>imperatori</strong></span> <span class='ocrx_word' id='word_1_421' title='bbox 1137 1418 1243 1451; x_wconf 82' lang='lat' dir='ltr'><strong>volens,</strong></span> <span class='ocrx_word' id='word_1_422' title='bbox 1257 1418 1348 1446; x_wconf 84' lang='lat' dir='ltr'><strong>omnia</strong></span> <span class='ocrx_word' id='word_1_423' title='bbox 1362 1426 1393 1446; x_wconf 87' lang='lat' dir='ltr'><strong>ex</strong></span> <span class='ocrx_word' id='word_1_424' title='bbox 1408 1420 1466 1454; x_wconf 87' lang='lat' dir='ltr'><strong>ejus</strong></span> <span class='ocrx_word' id='word_1_425' title='bbox 1478 1413 1640 1454; x_wconf 68' lang='lat' dir='ltr'><strong>complacita</strong></span> <span class='ocrx_word' id='word_1_426' title='bbox 1657 1419 1746 1447; x_wconf 80' lang='lat' dir='ltr'><strong>iactu-</strong></span> 
     </span>
    </p>
   </div>
   <div class='ocr_carea' id='block_1_61' title="bbox 961 1463 1746 1500">
    <p class='ocr_par' dir='ltr' id='par_1_61' title="bbox 961 1463 1746 1500">
     <span class='ocr_line' id='line_1_61' title="bbox 961 1463 1746 1500; baseline 0.004 -11"><span class='ocrx_word' id='word_1_427' title='bbox 961 1469 1032 1495; x_wconf 84' lang='lat' dir='ltr'><strong>rum,</strong></span> <span class='ocrx_word' id='word_1_428' title='bbox 1043 1467 1071 1490; x_wconf 85' lang='lat' dir='ltr'><strong>et</strong></span> <span class='ocrx_word' id='word_1_429' title='bbox 1085 1470 1146 1490; x_wconf 89' lang='lat' dir='ltr'><strong>cum</strong></span> <span class='ocrx_word' id='word_1_430' title='bbox 1163 1463 1224 1490; x_wconf 88' lang='lat' dir='ltr'><strong>aliis</strong></span> <span class='ocrx_word' id='word_1_431' title='bbox 1236 1464 1359 1497; x_wconf 81' lang='lat' dir='ltr'><strong>ejusdem</strong></span> <span class='ocrx_word' id='word_1_432' title='bbox 1373 1464 1469 1492; x_wconf 87' lang='lat' dir='ltr'><strong>amicis</strong></span> <span class='ocrx_word' id='word_1_433' title='bbox 1485 1467 1611 1491; x_wconf 85' lang='lat' dir='ltr'><strong>acturum</strong></span> <span class='ocrx_word' id='word_1_434' title='bbox 1625 1465 1746 1500; x_wconf 88' lang='lat' dir='ltr'><strong>recipie-</strong></span> 
     </span>
    </p>
   </div>
   <div class='ocr_carea' id='block_1_62' title="bbox 122 1507 906 1545">
    <p class='ocr_par' dir='ltr' id='par_1_62' title="bbox 122 1509 903 1545">
     <span class='ocr_line' id='line_1_62' title="bbox 122 1509 903 1545; baseline -0.001 -8"><span class='ocrx_word' id='word_1_435' title='bbox 122 1511 192 1537; x_wconf 81' lang='grc' dir='ltr'><strong>σ.λετ</strong></span> <span class='ocrx_word' id='word_1_436' title='bbox 207 1518 237 1537; x_wconf 83' lang='grc' dir='ltr'><strong>τε</strong></span> <span class='ocrx_word' id='word_1_437' title='bbox 253 1509 292 1544; x_wconf 83' lang='grc' dir='ltr'><strong>τῷ</strong></span> <span class='ocrx_word' id='word_1_438' title='bbox 309 1509 393 1545; x_wconf 79' lang='grc' dir='ltr'><strong>πατρὶ</strong></span> <span class='ocrx_word' id='word_1_439' title='bbox 410 1509 505 1544; x_wconf 81' lang='grc' dir='ltr'><strong>ὲδήλου</strong></span> <span class='ocrx_word' id='word_1_440' title='bbox 522 1509 571 1545; x_wconf 80' lang='grc' dir='ltr'><strong>τὴν</strong></span> <span class='ocrx_word' id='word_1_441' title='bbox 588 1510 679 1536; x_wconf 81' lang='grc' dir='ltr'><strong>αἰτίαν</strong></span> <span class='ocrx_word' id='word_1_442' title='bbox 696 1511 745 1545; x_wconf 78' lang='grc' dir='ltr'><strong>τῆς</strong></span> <span class='ocrx_word' id='word_1_443' title='bbox 764 1509 903 1545; x_wconf 86' lang='grc' dir='ltr'><strong>κωλύμης.</strong></span> 
     </span>
    </p>
   </div>
   <div class='ocr_carea' id='block_1_63' title="bbox 957 1507 1742 1545">
    <p class='ocr_par' dir='ltr' id='par_1_63' title="bbox 958 1507 1742 1544">
     <span class='ocr_line' id='line_1_63' title="bbox 958 1507 1742 1544; baseline 0.005 -10"><span class='ocrx_word' id='word_1_444' title='bbox 958 1507 1014 1540; x_wconf 86' lang='lat' dir='ltr'><strong>bat,</strong></span> <span class='ocrx_word' id='word_1_445' title='bbox 1029 1512 1059 1535; x_wconf 89' lang='lat' dir='ltr'><strong>ut</strong></span> <span class='ocrx_word' id='word_1_446' title='bbox 1073 1513 1229 1543; x_wconf 91' lang='lat' dir='ltr'><strong>opportuno</strong></span> <span class='ocrx_word' id='word_1_447' title='bbox 1246 1514 1368 1544; x_wconf 90' lang='lat' dir='ltr'><strong>tempore</strong></span> <span class='ocrx_word' id='word_1_448' title='bbox 1391 1509 1429 1536; x_wconf 88' lang='lat' dir='ltr'><strong>illi</strong></span> <span class='ocrx_word' id='word_1_449' title='bbox 1455 1517 1566 1544; x_wconf 87' lang='lat' dir='ltr'><strong>operam</strong></span> <span class='ocrx_word' id='word_1_450' title='bbox 1594 1516 1742 1544; x_wconf 85' lang='lat' dir='ltr'><strong>navarcnt;</strong></span> 
     </span>
    </p>
   </div>
   <div class='ocr_carea' id='block_1_64' title="bbox 119 1555 908 1590">
    <p class='ocr_par' dir='ltr' id='par_1_64' title="bbox 119 1555 908 1590">
     <span class='ocr_line' id='line_1_64' title="bbox 119 1555 908 1590; baseline -0.001 -8"><span class='ocrx_word' id='word_1_451' title='bbox 119 1555 251 1585; x_wconf 80' lang='grc' dir='ltr'><strong>Βασιλεὺς</strong></span> <span class='ocrx_word' id='word_1_452' title='bbox 266 1555 293 1582; x_wconf 77' lang='grc' dir='ltr'><strong>δὲ</strong></span> <span class='ocrx_word' id='word_1_453' title='bbox 309 1555 458 1590; x_wconf 67' lang='grc' dir='ltr'><strong>ὴγανάκτει</strong></span> <span class='ocrx_word' id='word_1_454' title='bbox 473 1555 524 1590; x_wconf 73' lang='grc' dir='ltr'><strong>μὲν</strong></span> <span class='ocrx_word' id='word_1_455' title='bbox 540 1555 608 1590; x_wconf 74' lang='grc' dir='ltr'><strong>πρὸς</strong></span> <span class='ocrx_word' id='word_1_456' title='bbox 622 1555 656 1582; x_wconf 84' lang='grc' dir='ltr'><strong>τὰ</strong></span> <span class='ocrx_word' id='word_1_457' title='bbox 671 1555 823 1590; x_wconf 77' lang='grc' dir='ltr'><strong>συμϐάντα,</strong></span> <span class='ocrx_word' id='word_1_458' title='bbox 839 1556 908 1590; x_wconf 86' lang='grc' dir='ltr'><strong>πρός</strong></span> 
     </span>
    </p>
   </div>
   <div class='ocr_carea' id='block_1_65' title="bbox 120 1600 907 1637">
    <p class='ocr_par' dir='ltr' id='par_1_65' title="bbox 120 1600 907 1637">
     <span class='ocr_line' id='line_1_65' title="bbox 120 1600 907 1637; baseline -0.003 -8"><span class='ocrx_word' id='word_1_459' title='bbox 120 1611 147 1629; x_wconf 75' lang='grc' dir='ltr'><strong>τι</strong></span> <span class='ocrx_word' id='word_1_460' title='bbox 158 1602 187 1629; x_wconf 77' lang='grc' dir='ltr'><strong>δὲ</strong></span> <span class='ocrx_word' id='word_1_461' title='bbox 200 1602 419 1637; x_wconf 79' lang='grc' dir='ltr'><strong>λυσιτελέστερον</strong></span> <span class='ocrx_word' id='word_1_462' title='bbox 431 1601 480 1628; x_wconf 83' lang='grc' dir='ltr'><strong>οὐκ</strong></span> <span class='ocrx_word' id='word_1_463' title='bbox 494 1601 564 1635; x_wconf 69' lang='grc' dir='ltr'><strong>ἔχων</strong></span> <span class='ocrx_word' id='word_1_464' title='bbox 575 1601 735 1636; x_wconf 74' lang='grc' dir='ltr'><strong>τρέπεσθαι,</strong></span> <span class='ocrx_word' id='word_1_465' title='bbox 749 1600 847 1637; x_wconf 70' lang='grc' dir='ltr'><strong>ἐχώρει</strong></span> <span class='ocrx_word' id='word_1_466' title='bbox 859 1601 907 1637; x_wconf 81' lang='grc' dir='ltr'><strong>τὴν</strong></span> 
     </span>
    </p>
   </div>
   <div class='ocr_carea' id='block_1_66' title="bbox 120 1646 907 1681">
    <p class='ocr_par' dir='ltr' id='par_1_66' title="bbox 120 1646 907 1681">
     <span class='ocr_line' id='line_1_66' title="bbox 120 1646 907 1681; baseline -0.001 -7"><span class='ocrx_word' id='word_1_467' title='bbox 120 1648 161 1679; x_wconf 69' lang='lat' dir='ltr'><strong>sic</strong></span> <span class='ocrx_word' id='word_1_468' title='bbox 173 1647 386 1681; x_wconf 69' lang='grc' dir='ltr'><strong>Θεσσαλονίκην,</strong></span> <span class='ocrx_word' id='word_1_469' title='bbox 395 1647 426 1672; x_wconf 67' lang='grc' dir='ltr'><strong>ἑκ</strong></span> <span class='ocrx_word' id='word_1_470' title='bbox 432 1646 481 1681; x_wconf 81' lang='grc' dir='ltr'><strong>τῆς</strong></span> <span class='ocrx_word' id='word_1_471' title='bbox 495 1646 598 1678; x_wconf 80' lang='grc' dir='ltr'><strong>Ἣῖὸνος</strong></span> <span class='ocrx_word' id='word_1_472' title='bbox 610 1646 692 1681; x_wconf 81' lang='grc' dir='ltr'><strong>ἄρας,</strong></span> <span class='ocrx_word' id='word_1_473' title='bbox 704 1646 751 1672; x_wconf 79' lang='grc' dir='ltr'><strong>καὶ</strong></span> <span class='ocrx_word' id='word_1_474' title='bbox 762 1647 811 1680; x_wconf 77' lang='grc' dir='ltr'><strong>τὴν</strong></span> <span class='ocrx_word' id='word_1_475' title='bbox 822 1646 907 1673; x_wconf 84' lang='grc' dir='ltr'><strong>νύκτα</strong></span> 
     </span>
    </p>
   </div>
   <div class='ocr_carea' id='block_1_67' title="bbox 120 1691 906 1728">
    <p class='ocr_par' dir='ltr' id='par_1_67' title="bbox 120 1691 906 1728">
     <span class='ocr_line' id='line_1_67' title="bbox 120 1691 906 1728; baseline -0.003 -8"><span class='ocrx_word' id='word_1_476' title='bbox 120 1694 230 1728; x_wconf 67' lang='lat' dir='ltr'><strong>huiqu</strong></span> <span class='ocrx_word' id='word_1_477' title='bbox 245 1692 386 1728; x_wconf 79' lang='grc' dir='ltr'><strong>ὡρμίσατο</strong></span> <span class='ocrx_word' id='word_1_478' title='bbox 403 1692 446 1718; x_wconf 74' lang='grc' dir='ltr'><strong>ἐπ’</strong></span> <span class='ocrx_word' id='word_1_479' title='bbox 461 1691 590 1726; x_wconf 82' lang='grc' dir='ltr'><strong>ἀγκυρῶν</strong></span> <span class='ocrx_word' id='word_1_480' title='bbox 607 1691 796 1726; x_wconf 76' lang='grc' dir='ltr'><strong>Ἀμφιπόλεως</strong></span> <span class='ocrx_word' id='word_1_481' title='bbox 813 1693 906 1726; x_wconf 76' lang='grc' dir='ltr'><strong>ἔγγὺς,</strong></span> 
     </span>
    </p>
   </div>
   <div class='ocr_carea' id='block_1_68' title="bbox 121 1734 907 1773">
    <p class='ocr_par' dir='ltr' id='par_1_68' title="bbox 121 1734 907 1773">
     <span class='ocr_line' id='line_1_68' title="bbox 121 1734 907 1773; baseline -0.004 -7"><span class='ocrx_word' id='word_1_482' title='bbox 121 1738 175 1766; x_wconf 74' lang='grc' dir='ltr'><strong>ὑπὸ</strong></span> <span class='ocrx_word' id='word_1_483' title='bbox 187 1738 328 1773; x_wconf 76' lang='grc' dir='ltr'><strong>Τριῦαλῶν</strong></span> <span class='ocrx_word' id='word_1_484' title='bbox 339 1734 590 1772; x_wconf 81' lang='grc' dir='ltr'><strong>κατεχομένης.Ἧς</strong></span> <span class='ocrx_word' id='word_1_485' title='bbox 601 1738 767 1772; x_wconf 71' lang='grc' dir='ltr'><strong>ἐπετρόπευε</strong></span> <span class='ocrx_word' id='word_1_486' title='bbox 780 1738 907 1773; x_wconf 83' lang='grc' dir='ltr'><strong>Μπεραῖ-</strong></span> 
     </span>
    </p>
   </div>
   <div class='ocr_carea' id='block_1_69' title="bbox 121 1781 907 1819">
    <p class='ocr_par' dir='ltr' id='par_1_69' title="bbox 121 1781 907 1819">
     <span class='ocr_line' id='line_1_69' title="bbox 121 1781 907 1819; baseline -0.003 -9"><span class='ocrx_word' id='word_1_487' title='bbox 121 1785 189 1819; x_wconf 84' lang='grc' dir='ltr'><strong>άνης</strong></span> <span class='ocrx_word' id='word_1_488' title='bbox 212 1783 318 1818; x_wconf 75' lang='grc' dir='ltr'><strong>βασιλεῖ</strong></span> <span class='ocrx_word' id='word_1_489' title='bbox 340 1783 369 1814; x_wconf 69' lang='grc' dir='ltr'><strong>ις</strong></span> <span class='ocrx_word' id='word_1_490' title='bbox 390 1783 424 1808; x_wconf 74' lang='grc' dir='ltr'><strong>τὰ</strong></span> <span class='ocrx_word' id='word_1_491' title='bbox 448 1782 565 1816; x_wconf 76' lang='grc' dir='ltr'><strong>μάλιστα</strong></span> <span class='ocrx_word' id='word_1_492' title='bbox 581 1782 656 1817; x_wconf 82' lang='grc' dir='ltr'><strong>φίλος</strong></span> <span class='ocrx_word' id='word_1_493' title='bbox 671 1782 709 1808; x_wconf 83' lang='grc' dir='ltr'><strong>ὢν</strong></span> <span class='ocrx_word' id='word_1_494' title='bbox 721 1783 752 1808; x_wconf 79' lang='grc' dir='ltr'><strong>ὲκ</strong></span> <span class='ocrx_word' id='word_1_495' title='bbox 773 1782 822 1817; x_wconf 88' lang='grc' dir='ltr'><strong>τῆς</strong></span> <span class='ocrx_word' id='word_1_496' title='bbox 840 1781 907 1817; x_wconf 73' lang='grc' dir='ltr'><strong>πρὸς</strong></span> 
     </span>
    </p>
   </div>
   <div class='ocr_carea' id='block_1_70' title="bbox 122 1827 906 1863">
    <p class='ocr_par' dir='ltr' id='par_1_70' title="bbox 122 1827 906 1863">
     <span class='ocr_line' id='line_1_70' title="bbox 122 1827 906 1863; baseline -0.003 -7"><span class='ocrx_word' id='word_1_497' title='bbox 122 1829 222 1860; x_wconf 71' lang='grc' dir='ltr'><strong>αὐτοὺς</strong></span> <span class='ocrx_word' id='word_1_498' title='bbox 238 1828 380 1863; x_wconf 76' lang='grc' dir='ltr'><strong>διατριϐῆς</strong></span> <span class='ocrx_word' id='word_1_499' title='bbox 393 1835 400 1843; x_wconf 83' lang='lat'><strong>&#39;</strong></span> <span class='ocrx_word' id='word_1_500' title='bbox 419 1828 486 1863; x_wconf 80' lang='grc' dir='ltr'><strong>πρὸς</strong></span> <span class='ocrx_word' id='word_1_501' title='bbox 501 1827 531 1854; x_wconf 81' lang='grc' dir='ltr'><strong>ὃν</strong></span> <span class='ocrx_word' id='word_1_502' title='bbox 547 1828 660 1855; x_wconf 79' lang='grc' dir='ltr'><strong>ἀκατίου</strong></span> <span class='ocrx_word' id='word_1_503' title='bbox 678 1827 776 1859; x_wconf 66' lang='grc' dir='ltr'><strong>ἂπιόὰς</strong></span> <span class='ocrx_word' id='word_1_504' title='bbox 792 1828 906 1860; x_wconf 72' lang='grc' dir='ltr'><strong>νυκτὸς,</strong></span> 
     </span>
    </p>
   </div>
   <div class='ocr_carea' id='block_1_71' title="bbox 121 1872 908 1910">
    <p class='ocr_par' dir='ltr' id='par_1_71' title="bbox 121 1872 908 1910">
     <span class='ocr_line' id='line_1_71' title="bbox 121 1872 908 1910; baseline -0.004 -9"><span class='ocrx_word' id='word_1_505' title='bbox 121 1875 238 1910; x_wconf 81' lang='grc' dir='ltr'><strong>ἀφίκετο</strong></span> <span class='ocrx_word' id='word_1_506' title='bbox 251 1875 290 1904; x_wconf 80' lang='grc' dir='ltr'><strong>είς</strong></span> <span class='ocrx_word' id='word_1_507' title='bbox 300 1873 463 1909; x_wconf 82' lang='grc' dir='ltr'><strong>Ἀμφίπολιν</strong></span> <span class='ocrx_word' id='word_1_508' title='bbox 477 1874 491 1900; x_wconf 86' lang='grc' dir='ltr'><strong>ὸ</strong></span> <span class='ocrx_word' id='word_1_509' title='bbox 506 1873 630 1909; x_wconf 69' lang='grc' dir='ltr'><strong>βασιλεὺς</strong></span> <span class='ocrx_word' id='word_1_510' title='bbox 645 1873 800 1909; x_wconf 77' lang='grc' dir='ltr'><strong>κρύφα,καὶ</strong></span> <span class='ocrx_word' id='word_1_511' title='bbox 814 1872 908 1899; x_wconf 85' lang='grc' dir='ltr'><strong>διειλέ-</strong></span> 
     </span>
    </p>
   </div>
   <div class='ocr_carea' id='block_1_72' title="bbox 122 1916 908 1956">
    <p class='ocr_par' dir='ltr' id='par_1_72' title="bbox 122 1916 908 1956">
     <span class='ocr_line' id='line_1_72' title="bbox 122 1916 908 1956; baseline -0.004 -10"><span class='ocrx_word' id='word_1_512' title='bbox 122 1920 186 1956; x_wconf 83' lang='grc' dir='ltr'><strong>χοη.</strong></span> <span class='ocrx_word' id='word_1_513' title='bbox 204 1920 233 1946; x_wconf 91' lang='lat'><strong>&#39;0</strong></span> <span class='ocrx_word' id='word_1_514' title='bbox 247 1919 276 1946; x_wconf 78' lang='grc' dir='ltr'><strong>δι</strong></span> <span class='ocrx_word' id='word_1_515' title='bbox 290 1919 326 1946; x_wconf 80' lang='grc' dir='ltr'><strong>τά</strong></span> <span class='ocrx_word' id='word_1_516' title='bbox 339 1927 370 1946; x_wconf 78' lang='grc' dir='ltr'><strong>τε</strong></span> <span class='ocrx_word' id='word_1_517' title='bbox 386 1919 453 1953; x_wconf 73' lang='grc' dir='ltr'><strong>πρὸς</strong></span> <span class='ocrx_word' id='word_1_518' title='bbox 467 1919 549 1945; x_wconf 76' lang='grc' dir='ltr'><strong>αὐτὸν</strong></span> <span class='ocrx_word' id='word_1_519' title='bbox 563 1916 593 1945; x_wconf 81' lang='grc' dir='ltr'><strong>εὖ</strong></span> <span class='ocrx_word' id='word_1_520' title='bbox 608 1918 710 1945; x_wconf 73' lang='grc' dir='ltr'><strong>διέθετο</strong></span> <span class='ocrx_word' id='word_1_521' title='bbox 732 1917 836 1952; x_wconf 77' lang='grc' dir='ltr'><strong>βασιλεῖ</strong></span> <span class='ocrx_word' id='word_1_522' title='bbox 859 1918 908 1944; x_wconf 82' lang='grc' dir='ltr'><strong>ὲπ-</strong></span> 
     </span>
    </p>
   </div>
   <div class='ocr_carea' id='block_1_73' title="bbox 121 1962 908 1999">
    <p class='ocr_par' dir='ltr' id='par_1_73' title="bbox 121 1962 908 1999">
     <span class='ocr_line' id='line_1_73' title="bbox 121 1962 908 1999; baseline -0.005 -7"><span class='ocrx_word' id='word_1_523' title='bbox 121 1964 323 1999; x_wconf 77' lang='grc' dir='ltr'><strong>αγγειλάμενος</strong></span> <span class='ocrx_word' id='word_1_524' title='bbox 335 1966 424 1991; x_wconf 78' lang='grc' dir='ltr'><strong>πάντα</strong></span> <span class='ocrx_word' id='word_1_525' title='bbox 437 1964 563 1998; x_wconf 77' lang='grc' dir='ltr'><strong>ποιήσειν</strong></span> <span class='ocrx_word' id='word_1_526' title='bbox 575 1965 645 1990; x_wconf 69' lang='grc' dir='ltr'><strong>κατὰ</strong></span> <span class='ocrx_word' id='word_1_527' title='bbox 659 1962 781 1998; x_wconf 83' lang='grc' dir='ltr'><strong>γνώμην,</strong></span> <span class='ocrx_word' id='word_1_528' title='bbox 795 1962 842 1989; x_wconf 81' lang='grc' dir='ltr'><strong>καὶ</strong></span> <span class='ocrx_word' id='word_1_529' title='bbox 853 1964 908 1994; x_wconf 83' lang='grc' dir='ltr'><strong>τοῖς</strong></span> 
     </span>
    </p>
   </div>
   <div class='ocr_carea' id='block_1_74' title="bbox 122 2008 908 2046">
    <p class='ocr_par' dir='ltr' id='par_1_74' title="bbox 122 2008 908 2046">
     <span class='ocr_line' id='line_1_74' title="bbox 122 2008 908 2046; baseline -0.005 -8"><span class='ocrx_word' id='word_1_530' title='bbox 122 2011 214 2042; x_wconf 73' lang='grc' dir='ltr'><strong>ἄλλοις</strong></span> <span class='ocrx_word' id='word_1_531' title='bbox 228 2010 360 2046; x_wconf 82' lang='grc' dir='ltr'><strong>βασιλέως</strong></span> <span class='ocrx_word' id='word_1_532' title='bbox 375 2010 462 2044; x_wconf 81' lang='grc' dir='ltr'><strong>φίλοις</strong></span> <span class='ocrx_word' id='word_1_533' title='bbox 477 2009 611 2043; x_wconf 83' lang='grc' dir='ltr'><strong>ὑπέσχετο</strong></span> <span class='ocrx_word' id='word_1_534' title='bbox 625 2009 860 2044; x_wconf 74' lang='grc' dir='ltr'><strong>διαλεχθήσεσθαι,</strong></span> <span class='ocrx_word' id='word_1_535' title='bbox 874 2008 908 2035; x_wconf 70' lang='grc' dir='ltr'><strong>ἶν’</strong></span> 
     </span>
    </p>
   </div>
   <div class='ocr_carea' id='block_1_75' title="bbox 124 2054 908 2091">
    <p class='ocr_par' dir='ltr' id='par_1_75' title="bbox 124 2054 908 2091">
     <span class='ocr_line' id='line_1_75' title="bbox 124 2054 908 2091; baseline -0.005 -7"><span class='ocrx_word' id='word_1_536' title='bbox 124 2057 153 2084; x_wconf 69' lang='grc' dir='ltr'>ιν</span> <span class='ocrx_word' id='word_1_537' title='bbox 167 2056 256 2091; x_wconf 80' lang='grc' dir='ltr'><strong>καιρῷ</strong></span> <span class='ocrx_word' id='word_1_538' title='bbox 272 2057 438 2091; x_wconf 82' lang='grc' dir='ltr'><strong>προσήκοντι</strong></span> <span class='ocrx_word' id='word_1_539' title='bbox 452 2055 585 2090; x_wconf 81' lang='grc' dir='ltr'><strong>χρήσιμοι</strong></span> <span class='ocrx_word' id='word_1_540' title='bbox 598 2054 707 2089; x_wconf 78' lang='grc' dir='ltr'><strong>ὀφθεῖεν</strong></span> <span class='ocrx_word' id='word_1_541' title='bbox 723 2054 838 2089; x_wconf 77' lang='grc' dir='ltr'><strong>βασιλεῖ,</strong></span> <span class='ocrx_word' id='word_1_542' title='bbox 854 2055 908 2081; x_wconf 83' lang='grc' dir='ltr'><strong>ἀπ-</strong></span> 
     </span>
    </p>
   </div>
   <div class='ocr_carea' id='block_1_76' title="bbox 123 2100 909 2137">
    <p class='ocr_par' dir='ltr' id='par_1_76' title="bbox 123 2100 909 2137">
     <span class='ocr_line' id='line_1_76' title="bbox 123 2100 909 2137; baseline -0.003 -9"><span class='ocrx_word' id='word_1_543' title='bbox 123 2102 239 2137; x_wconf 70' lang='grc' dir='ltr'><strong>ήγγελλέ</strong></span> <span class='ocrx_word' id='word_1_544' title='bbox 254 2111 282 2128; x_wconf 85' lang='grc' dir='ltr'><strong>τε</strong></span> <span class='ocrx_word' id='word_1_545' title='bbox 297 2101 334 2133; x_wconf 82' lang='grc' dir='ltr'><strong>ὡς</strong></span> <span class='ocrx_word' id='word_1_546' title='bbox 349 2102 414 2136; x_wconf 81' lang='grc' dir='ltr'><strong>περί</strong></span> <span class='ocrx_word' id='word_1_547' title='bbox 424 2102 592 2137; x_wconf 63' lang='grc' dir='ltr'><strong>,Στρυμμόνα</strong></span> <span class='ocrx_word' id='word_1_548' title='bbox 606 2101 670 2135; x_wconf 83' lang='grc' dir='ltr'><strong>νῆες</strong></span> <span class='ocrx_word' id='word_1_549' title='bbox 682 2101 849 2135; x_wconf 79' lang='grc' dir='ltr'><strong>ὡρμίζονται</strong></span> <span class='ocrx_word' id='word_1_550' title='bbox 862 2100 909 2126; x_wconf 68' lang='grc' dir='ltr'><strong>δύο</strong></span> 
     </span>
    </p>
   </div>
   <div class='ocr_carea' id='block_1_77' title="bbox 123 2145 908 2181">
    <p class='ocr_par' dir='ltr' id='par_1_77' title="bbox 123 2145 908 2181">
     <span class='ocr_line' id='line_1_77' title="bbox 123 2145 908 2181; baseline -0.006 -6"><span class='ocrx_word' id='word_1_551' title='bbox 123 2150 172 2175; x_wconf 78' lang='grc' dir='ltr'><strong>καὶ</strong></span> <span class='ocrx_word' id='word_1_552' title='bbox 185 2147 274 2174; x_wconf 83' lang='grc' dir='ltr'><strong>ετκοσι</strong></span> <span class='ocrx_word' id='word_1_553' title='bbox 289 2146 419 2181; x_wconf 82' lang='grc' dir='ltr'><strong>Περσικαὶ</strong></span> <span class='ocrx_word' id='word_1_554' title='bbox 431 2147 477 2173; x_wconf 74' lang='grc' dir='ltr'><strong>ἐπὶ</strong></span> <span class='ocrx_word' id='word_1_555' title='bbox 489 2146 620 2181; x_wconf 75' lang='grc' dir='ltr'><strong>λεηλασίᾳ</strong></span> <span class='ocrx_word' id='word_1_556' title='bbox 634 2145 796 2179; x_wconf 77' lang='grc' dir='ltr'><strong>ἀφιγμέναι.</strong></span> <span class='ocrx_word' id='word_1_557' title='bbox 814 2145 843 2172; x_wconf 90' lang='lat'><strong>&#39;0</strong></span> <span class='ocrx_word' id='word_1_558' title='bbox 858 2145 908 2180; x_wconf 79' lang='grc' dir='ltr'><strong>μὲν</strong></span> 
     </span>
    </p>
   </div>
   <div class='ocr_carea' id='block_1_78' title="bbox 958 1553 1745 1590">
    <p class='ocr_par' dir='ltr' id='par_1_78' title="bbox 958 1553 1745 1590">
     <span class='ocr_line' id='line_1_78' title="bbox 958 1553 1745 1590; baseline 0.008 -10"><span class='ocrx_word' id='word_1_559' title='bbox 958 1553 1168 1588; x_wconf 87' lang='lat' dir='ltr'><strong>nuntiabatque,</strong></span> <span class='ocrx_word' id='word_1_560' title='bbox 1186 1554 1220 1581; x_wconf 92' lang='lat' dir='ltr'><strong>ad</strong></span> <span class='ocrx_word' id='word_1_561' title='bbox 1245 1554 1399 1590; x_wconf 77' lang='lat' dir='ltr'><strong>Strymonis</strong></span> <span class='ocrx_word' id='word_1_562' title='bbox 1423 1556 1498 1590; x_wconf 86' lang='lat' dir='ltr'><strong>ripas</strong></span> <span class='ocrx_word' id='word_1_563' title='bbox 1515 1565 1600 1584; x_wconf 88' lang='lat' dir='ltr'><strong>naves</strong></span> <span class='ocrx_word' id='word_1_564' title='bbox 1619 1557 1745 1586; x_wconf 71' lang='lat' dir='ltr'><strong>Persicas</strong></span> 
     </span>
    </p>
   </div>
   <div class='ocr_carea' id='block_1_79' title="bbox 958 1600 1744 1638">
    <p class='ocr_par' dir='ltr' id='par_1_79' title="bbox 958 1600 1744 1638">
     <span class='ocr_line' id='line_1_79' title="bbox 958 1600 1744 1638; baseline 0.006 -12"><span class='ocrx_word' id='word_1_565' title='bbox 958 1600 1026 1627; x_wconf 89' lang='lat' dir='ltr'><strong>duas</strong></span> <span class='ocrx_word' id='word_1_566' title='bbox 1042 1607 1123 1633; x_wconf 89' lang='lat' dir='ltr'><strong>supra</strong></span> <span class='ocrx_word' id='word_1_567' title='bbox 1140 1600 1235 1635; x_wconf 80' lang='lat' dir='ltr'><strong>viginti</strong></span> <span class='ocrx_word' id='word_1_568' title='bbox 1251 1601 1402 1635; x_wconf 88' lang='lat' dir='ltr'><strong>populandi</strong></span> <span class='ocrx_word' id='word_1_569' title='bbox 1419 1609 1502 1629; x_wconf 83' lang='lat' dir='ltr'><strong>causa</strong></span> <span class='ocrx_word' id='word_1_570' title='bbox 1521 1603 1665 1638; x_wconf 85' lang='lat' dir='ltr'><strong>appulsas.</strong></span> <span class='ocrx_word' id='word_1_571' title='bbox 1688 1604 1744 1631; x_wconf 88' lang='lat' dir='ltr'><strong>lm-</strong></span> 
     </span>
    </p>
   </div>
   <div class='ocr_carea' id='block_1_80' title="bbox 958 1644 1745 1681">
    <p class='ocr_par' dir='ltr' id='par_1_80' title="bbox 958 1644 1745 1681">
     <span class='ocr_line' id='line_1_80' title="bbox 958 1644 1745 1681; baseline 0.008 -11"><span class='ocrx_word' id='word_1_572' title='bbox 958 1650 1069 1679; x_wconf 85' lang='lat' dir='ltr'><strong>peratcr</strong></span> <span class='ocrx_word' id='word_1_573' title='bbox 1098 1644 1174 1671; x_wconf 85' lang='lat' dir='ltr'><strong>linito</strong></span> <span class='ocrx_word' id='word_1_574' title='bbox 1199 1645 1249 1672; x_wconf 90' lang='lat' dir='ltr'><strong>hoc</strong></span> <span class='ocrx_word' id='word_1_575' title='bbox 1279 1651 1414 1673; x_wconf 87' lang='lat' dir='ltr'><strong>nocturno</strong></span> <span class='ocrx_word' id='word_1_576' title='bbox 1437 1647 1586 1681; x_wconf 85' lang='lat' dir='ltr'><strong>colloquio.</strong></span> <span class='ocrx_word' id='word_1_577' title='bbox 1604 1648 1638 1674; x_wconf 86' lang='lat' dir='ltr'><strong>ad</strong></span> <span class='ocrx_word' id='word_1_578' title='bbox 1666 1649 1745 1676; x_wconf 52' lang='lat' dir='ltr'><strong>triren</strong></span> 
     </span>
    </p>
   </div>
   <div class='ocr_carea' id='block_1_81' title="bbox 959 1690 1741 1726">
    <p class='ocr_par' dir='ltr' id='par_1_81' title="bbox 959 1690 1741 1726">
     <span class='ocr_line' id='line_1_81' title="bbox 959 1690 1741 1726; baseline 0.006 -10"><span class='ocrx_word' id='word_1_579' title='bbox 959 1697 1016 1716; x_wconf 91' lang='lat' dir='ltr'><strong>mes</strong></span> <span class='ocrx_word' id='word_1_580' title='bbox 1042 1690 1166 1722; x_wconf 84' lang='lat' dir='ltr'><strong>revertit,</strong></span> <span class='ocrx_word' id='word_1_581' title='bbox 1187 1691 1317 1718; x_wconf 87' lang='lat' dir='ltr'><strong>cautione</strong></span> <span class='ocrx_word' id='word_1_582' title='bbox 1343 1699 1442 1726; x_wconf 72' lang='lat' dir='ltr'><strong>magna</strong></span> <span class='ocrx_word' id='word_1_583' title='bbox 1466 1692 1598 1725; x_wconf 86' lang='lat' dir='ltr'><strong>adhibita,</strong></span> <span class='ocrx_word' id='word_1_584' title='bbox 1621 1701 1656 1720; x_wconf 89' lang='lat' dir='ltr'><strong>ne</strong></span> <span class='ocrx_word' id='word_1_585' title='bbox 1677 1702 1741 1721; x_wconf 88' lang='lat' dir='ltr'><strong>cum</strong></span> 
     </span>
    </p>
   </div>
   <div class='ocr_carea' id='block_1_82' title="bbox 959 1735 1743 1771">
    <p class='ocr_par' dir='ltr' id='par_1_82' title="bbox 959 1735 1743 1771">
     <span class='ocr_line' id='line_1_82' title="bbox 959 1735 1743 1771; baseline 0.005 -9"><span class='ocrx_word' id='word_1_586' title='bbox 959 1735 1078 1762; x_wconf 82' lang='lat' dir='ltr'><strong>Tviballo</strong></span> <span class='ocrx_word' id='word_1_587' title='bbox 1094 1742 1257 1771; x_wconf 75' lang='lat' dir='ltr'><strong>congressus</strong></span> <span class='ocrx_word' id='word_1_588' title='bbox 1273 1735 1435 1764; x_wconf 78' lang='lat' dir='ltr'><strong>&#39;rcsciretur.</strong></span> <span class='ocrx_word' id='word_1_589' title='bbox 1455 1736 1579 1765; x_wconf 59' lang='lat' dir='ltr'><strong>Diluculo</strong></span> <span class='ocrx_word' id='word_1_590' title='bbox 1596 1738 1692 1766; x_wconf 80' lang='lat' dir='ltr'><strong>Persas</strong></span> <span class='ocrx_word' id='word_1_591' title='bbox 1709 1740 1743 1767; x_wconf 84' lang='lat' dir='ltr'><strong>ad</strong></span> 
     </span>
    </p>
   </div>
   <div class='ocr_carea' id='block_1_83' title="bbox 958 1780 1745 1816">
    <p class='ocr_par' dir='ltr' id='par_1_83' title="bbox 958 1780 1745 1816">
     <span class='ocr_line' id='line_1_83' title="bbox 958 1780 1745 1816; baseline 0.005 -8"><span class='ocrx_word' id='word_1_592' title='bbox 958 1780 1088 1808; x_wconf 84' lang='lat' dir='ltr'><strong>auxilium</strong></span> <span class='ocrx_word' id='word_1_593' title='bbox 1105 1781 1213 1812; x_wconf 86' lang='lat' dir='ltr'><strong>invitat.</strong></span> <span class='ocrx_word' id='word_1_594' title='bbox 1228 1782 1275 1816; x_wconf 91' lang='lat' dir='ltr'><strong>qui</strong></span> <span class='ocrx_word' id='word_1_595' title='bbox 1297 1782 1356 1810; x_wconf 86' lang='lat' dir='ltr'><strong>sine</strong></span> <span class='ocrx_word' id='word_1_596' title='bbox 1381 1790 1456 1810; x_wconf 91' lang='lat' dir='ltr'><strong>mora</strong></span> <span class='ocrx_word' id='word_1_597' title='bbox 1471 1783 1609 1816; x_wconf 89' lang='lat' dir='ltr'><strong>advolant,</strong></span> <span class='ocrx_word' id='word_1_598' title='bbox 1627 1793 1688 1811; x_wconf 90' lang='lat' dir='ltr'><strong>cum</strong></span> <span class='ocrx_word' id='word_1_599' title='bbox 1710 1786 1745 1812; x_wconf 86' lang='lat' dir='ltr'><strong>iis</strong></span> 
     </span>
    </p>
   </div>
   <div class='ocr_carea' id='block_1_84' title="bbox 959 1825 1746 1864">
    <p class='ocr_par' dir='ltr' id='par_1_84' title="bbox 959 1825 1746 1864">
     <span class='ocr_line' id='line_1_84' title="bbox 959 1825 1746 1864; baseline 0.005 -11"><span class='ocrx_word' id='word_1_600' title='bbox 959 1825 1183 1855; x_wconf 80' lang='lat' dir='ltr'><strong>Thessalonicam</strong></span> <span class='ocrx_word' id='word_1_601' title='bbox 1197 1827 1330 1859; x_wconf 79' lang='lat' dir='ltr'><strong>defertur,</strong></span> <span class='ocrx_word' id='word_1_602' title='bbox 1347 1828 1393 1855; x_wconf 88' lang='lat' dir='ltr'><strong>ubi</strong></span> <span class='ocrx_word' id='word_1_603' title='bbox 1406 1829 1536 1864; x_wconf 88' lang='lat' dir='ltr'><strong>populum</strong></span> <span class='ocrx_word' id='word_1_604' title='bbox 1548 1835 1576 1857; x_wconf 87' lang='lat' dir='ltr'><strong>et</strong></span> <span class='ocrx_word' id='word_1_605' title='bbox 1593 1830 1700 1858; x_wconf 82' lang='lat' dir='ltr'><strong>Zelotas</strong></span> <span class='ocrx_word' id='word_1_606' title='bbox 1711 1831 1746 1858; x_wconf 78' lang='lat' dir='ltr'><strong>ab</strong></span> 
     </span>
    </p>
   </div>
   <div class='ocr_carea' id='block_1_85' title="bbox 958 1872 1745 1907">
    <p class='ocr_par' dir='ltr' id='par_1_85' title="bbox 958 1872 1745 1907">
     <span class='ocr_line' id='line_1_85' title="bbox 958 1872 1745 1907; baseline 0.006 -9"><span class='ocrx_word' id='word_1_607' title='bbox 958 1872 1136 1907; x_wconf 86' lang='lat' dir='ltr'><strong>optimatibus</strong></span> <span class='ocrx_word' id='word_1_608' title='bbox 1152 1872 1316 1900; x_wconf 84' lang='lat' dir='ltr'><strong>dissidentes</strong></span> <span class='ocrx_word' id='word_1_609' title='bbox 1335 1874 1452 1906; x_wconf 88' lang='lat' dir='ltr'><strong>invenit,</strong></span> <span class='ocrx_word' id='word_1_610' title='bbox 1467 1879 1495 1902; x_wconf 90' lang='lat' dir='ltr'><strong>et</strong></span> <span class='ocrx_word' id='word_1_611' title='bbox 1513 1875 1609 1902; x_wconf 88' lang='lat' dir='ltr'><strong>urbem</strong></span> <span class='ocrx_word' id='word_1_612' title='bbox 1629 1880 1686 1903; x_wconf 92' lang='lat' dir='ltr'><strong>tum</strong></span> <span class='ocrx_word' id='word_1_613' title='bbox 1710 1879 1745 1904; x_wconf 82' lang='lat' dir='ltr'><strong>ab</strong></span> 
     </span>
    </p>
   </div>
   <div class='ocr_carea' id='block_1_86' title="bbox 959 1918 1746 1951">
    <p class='ocr_par' dir='ltr' id='par_1_86' title="bbox 959 1918 1746 1951">
     <span class='ocr_line' id='line_1_86' title="bbox 959 1918 1746 1951; baseline 0.003 -5"><span class='ocrx_word' id='word_1_614' title='bbox 959 1919 1081 1946; x_wconf 77' lang='lat' dir='ltr'><strong>externis</strong></span> <span class='ocrx_word' id='word_1_615' title='bbox 1107 1918 1244 1951; x_wconf 85' lang='lat' dir='ltr'><strong>hostibus,</strong></span> <span class='ocrx_word' id='word_1_616' title='bbox 1270 1924 1325 1946; x_wconf 94' lang='lat' dir='ltr'><strong>lum</strong></span> <span class='ocrx_word' id='word_1_617' title='bbox 1350 1919 1385 1946; x_wconf 91' lang='lat' dir='ltr'><strong>ab</strong></span> <span class='ocrx_word' id='word_1_618' title='bbox 1403 1919 1521 1948; x_wconf 83' lang='lat' dir='ltr'><strong>intentis</strong></span> <span class='ocrx_word' id='word_1_619' title='bbox 1538 1921 1746 1949; x_wconf 69' lang='lat' dir='ltr'><strong>insidiatoribus</strong></span> 
     </span>
    </p>
   </div>
   <div class='ocr_carea' id='block_1_87' title="bbox 960 1963 1745 1994">
    <p class='ocr_par' dir='ltr' id='par_1_87' title="bbox 960 1963 1745 1994">
     <span class='ocr_line' id='line_1_87' title="bbox 960 1963 1745 1994; baseline 0.006 -5"><span class='ocrx_word' id='word_1_620' title='bbox 960 1963 1118 1990; x_wconf 86' lang='lat' dir='ltr'><strong>all&#39;lictatam</strong></span> <span class='ocrx_word' id='word_1_621' title='bbox 1143 1965 1338 1991; x_wconf 82' lang='lat' dir='ltr'><strong>communiter.</strong></span> <span class='ocrx_word' id='word_1_622' title='bbox 1354 1964 1452 1992; x_wconf 86' lang='lat' dir='ltr'><strong>Verum</strong></span> <span class='ocrx_word' id='word_1_623' title='bbox 1476 1973 1559 1993; x_wconf 89' lang='lat' dir='ltr'><strong>omne</strong></span> <span class='ocrx_word' id='word_1_624' title='bbox 1574 1964 1673 1994; x_wconf 81' lang='lat' dir='ltr'><strong>malum</strong></span> <span class='ocrx_word' id='word_1_625' title='bbox 1695 1969 1745 1994; x_wconf 79' lang='lat' dir='ltr'><strong>ad-</strong></span> 
     </span>
    </p>
   </div>
   <div class='ocr_carea' id='block_1_88' title="bbox 960 2009 1744 2045">
    <p class='ocr_par' dir='ltr' id='par_1_88' title="bbox 960 2009 1744 2045">
     <span class='ocr_line' id='line_1_88' title="bbox 960 2009 1744 2045; baseline 0.006 -10"><span class='ocrx_word' id='word_1_626' title='bbox 960 2014 1045 2036; x_wconf 89' lang='lat' dir='ltr'><strong>ventu</strong></span> <span class='ocrx_word' id='word_1_627' title='bbox 1061 2016 1112 2036; x_wconf 83' lang='lat' dir='ltr'><strong>suo</strong></span> <span class='ocrx_word' id='word_1_628' title='bbox 1128 2009 1270 2040; x_wconf 86' lang='lat' dir='ltr'><strong>discussit,</strong></span> <span class='ocrx_word' id='word_1_629' title='bbox 1289 2014 1399 2045; x_wconf 88' lang='lat' dir='ltr'><strong>totaque</strong></span> <span class='ocrx_word' id='word_1_630' title='bbox 1419 2011 1519 2039; x_wconf 85' lang='lat' dir='ltr'><strong>civitas</strong></span> <span class='ocrx_word' id='word_1_631' title='bbox 1544 2012 1644 2039; x_wconf 81' lang='lat' dir='ltr'><strong>festum</strong></span> <span class='ocrx_word' id='word_1_632' title='bbox 1671 2013 1744 2041; x_wconf 88' lang='lat' dir='ltr'><strong>diem</strong></span> 
     </span>
    </p>
   </div>
   <div class='ocr_carea' id='block_1_89' title="bbox 960 2053 1747 2092">
    <p class='ocr_par' dir='ltr' id='par_1_89' title="bbox 960 2053 1747 2092">
     <span class='ocr_line' id='line_1_89' title="bbox 960 2053 1747 2092; baseline 0.006 -11"><span class='ocrx_word' id='word_1_633' title='bbox 960 2062 1056 2089; x_wconf 77' lang='lat' dir='ltr'><strong>agens,</strong></span> <span class='ocrx_word' id='word_1_634' title='bbox 1081 2059 1108 2082; x_wconf 88' lang='lat' dir='ltr'><strong>et</strong></span> <span class='ocrx_word' id='word_1_635' title='bbox 1131 2053 1345 2083; x_wconf 65' lang='lat' dir='ltr'><strong>acclamationes</strong></span> <span class='ocrx_word' id='word_1_636' title='bbox 1364 2056 1551 2091; x_wconf 81' lang='lat' dir='ltr'><strong>ingeminans.</strong></span> <span class='ocrx_word' id='word_1_637' title='bbox 1567 2058 1747 2092; x_wconf 74' lang='lat' dir='ltr'><strong>imperatores</strong></span> 
     </span>
    </p>
   </div>
   <div class='ocr_carea' id='block_1_90' title="bbox 960 2100 1746 2135">
    <p class='ocr_par' dir='ltr' id='par_1_90' title="bbox 960 2100 1746 2135">
     <span class='ocr_line' id='line_1_90' title="bbox 960 2100 1746 2135; baseline 0.006 -8"><span class='ocrx_word' id='word_1_638' title='bbox 960 2100 1019 2128; x_wconf 52' lang='lat' dir='ltr'><strong>laeta</strong></span> <span class='ocrx_word' id='word_1_639' title='bbox 1034 2108 1083 2128; x_wconf 90' lang='lat' dir='ltr'><strong>sus</strong></span> <span class='ocrx_word' id='word_1_640' title='bbox 1099 2101 1166 2135; x_wconf 91' lang='lat' dir='ltr'><strong>epit.</strong></span> <span class='ocrx_word' id='word_1_641' title='bbox 1182 2102 1340 2129; x_wconf 88' lang='lat' dir='ltr'><strong>Secundum</strong></span> <span class='ocrx_word' id='word_1_642' title='bbox 1365 2103 1511 2130; x_wconf 88' lang='lat' dir='ltr'><strong>adventum</strong></span> <span class='ocrx_word' id='word_1_643' title='bbox 1539 2103 1746 2133; x_wconf 72' lang='lat' dir='ltr'><strong>Cantacuzonus</strong></span> 
     </span>
    </p>
   </div>
   <div class='ocr_carea' id='block_1_91' title="bbox 960 2144 1743 2182">
    <p class='ocr_par' dir='ltr' id='par_1_91' title="bbox 960 2144 1743 2182">
     <span class='ocr_line' id='line_1_91' title="bbox 960 2144 1743 2182; baseline 0.006 -11"><span class='ocrx_word' id='word_1_644' title='bbox 960 2149 1057 2172; x_wconf 89' lang='lat' dir='ltr'><strong>vocato</strong></span> <span class='ocrx_word' id='word_1_645' title='bbox 1070 2144 1098 2172; x_wconf 93' lang='lat' dir='ltr'><strong>in</strong></span> <span class='ocrx_word' id='word_1_646' title='bbox 1112 2145 1273 2172; x_wconf 88' lang='lat' dir='ltr'><strong>concionem</strong></span> <span class='ocrx_word' id='word_1_647' title='bbox 1290 2146 1400 2180; x_wconf 86' lang='lat' dir='ltr'><strong>populo,</strong></span> <span class='ocrx_word' id='word_1_648' title='bbox 1419 2146 1454 2173; x_wconf 92' lang='lat' dir='ltr'><strong>de</strong></span> <span class='ocrx_word' id='word_1_649' title='bbox 1477 2147 1559 2179; x_wconf 89' lang='lat' dir='ltr'><strong>bello,</strong></span> <span class='ocrx_word' id='word_1_650' title='bbox 1580 2148 1652 2182; x_wconf 92' lang='lat' dir='ltr'><strong>quod</strong></span> <span class='ocrx_word' id='word_1_651' title='bbox 1677 2156 1743 2176; x_wconf 85' lang='lat' dir='ltr'><strong>con-</strong></span> 
     </span>
    </p>
   </div>
   <div class='ocr_carea' id='block_1_92' title="bbox 125 2189 906 2227">
    <p class='ocr_par' dir='ltr' id='par_1_92' title="bbox 125 2191 906 2227">
     <span class='ocr_line' id='line_1_92' title="bbox 125 2191 906 2227; baseline -0.004 -7"><span class='ocrx_word' id='word_1_652' title='bbox 125 2191 172 2221; x_wconf 76' lang='grc' dir='ltr'><strong>οὖν</strong></span> <span class='ocrx_word' id='word_1_653' title='bbox 191 2192 317 2227; x_wconf 81' lang='grc' dir='ltr'><strong>βασιλεὺς</strong></span> <span class='ocrx_word' id='word_1_654' title='bbox 333 2191 444 2219; x_wconf 81' lang='grc' dir='ltr'><strong>τοιαῦτα</strong></span> <span class='ocrx_word' id='word_1_655' title='bbox 464 2192 510 2218; x_wconf 77' lang='grc' dir='ltr'><strong>ἐπὶ</strong></span> <span class='ocrx_word' id='word_1_656' title='bbox 529 2192 625 2223; x_wconf 69' lang='grc' dir='ltr'><strong>νυκτὸς</strong></span> <span class='ocrx_word' id='word_1_657' title='bbox 643 2191 793 2226; x_wconf 76' lang='grc' dir='ltr'><strong>διαλεχθεὶς</strong></span> <span class='ocrx_word' id='word_1_658' title='bbox 804 2212 812 2224; x_wconf 87' lang='grc'><strong>,</strong></span> <span class='ocrx_word' id='word_1_659' title='bbox 831 2191 906 2218; x_wconf 59' lang='grc' dir='ltr'><strong>πάλιν</strong></span> 
     </span>
    </p>
   </div>
   <div class='ocr_carea' id='block_1_93' title="bbox 957 2189 1745 2227">
    <p class='ocr_par' dir='ltr' id='par_1_93' title="bbox 964 2190 1745 2226">
     <span class='ocr_line' id='line_1_93' title="bbox 964 2190 1745 2226; baseline 0.006 -9"><span class='ocrx_word' id='word_1_660' title='bbox 964 2195 1005 2218; x_wconf 89' lang='lat' dir='ltr'><strong>tra</strong></span> <span class='ocrx_word' id='word_1_661' title='bbox 1024 2198 1054 2218; x_wconf 91' lang='lat' dir='ltr'><strong>se</strong></span> <span class='ocrx_word' id='word_1_662' title='bbox 1068 2190 1184 2218; x_wconf 81' lang='lat' dir='ltr'><strong>Romani</strong></span> <span class='ocrx_word' id='word_1_663' title='bbox 1201 2191 1361 2225; x_wconf 84' lang='lat' dir='ltr'><strong>movissent,</strong></span> <span class='ocrx_word' id='word_1_664' title='bbox 1378 2191 1510 2220; x_wconf 89' lang='lat' dir='ltr'><strong>disseruit</strong></span> <span class='ocrx_word' id='word_1_665' title='bbox 1524 2201 1532 2220; x_wconf 74' lang='grc' dir='ltr'><strong>ι</strong></span> <span class='ocrx_word' id='word_1_666' title='bbox 1550 2201 1603 2220; x_wconf 89' lang='lat' dir='ltr'><strong>non</strong></span> <span class='ocrx_word' id='word_1_667' title='bbox 1621 2195 1683 2226; x_wconf 87' lang='lat' dir='ltr'><strong>sibi,</strong></span> <span class='ocrx_word' id='word_1_668' title='bbox 1696 2196 1745 2222; x_wconf 78' lang='lat' dir='ltr'><strong>Sl&#39;d</strong></span> 
     </span>
    </p>
   </div>
   <div class='ocr_carea' id='block_1_94' title="bbox 124 2237 910 2274">
    <p class='ocr_par' dir='ltr' id='par_1_94' title="bbox 124 2237 910 2274">
     <span class='ocr_line' id='line_1_94' title="bbox 124 2237 910 2274; baseline -0.001 -9"><span class='ocrx_word' id='word_1_669' title='bbox 124 2239 165 2271; x_wconf 81' lang='grc' dir='ltr'><strong>εἰς</strong></span> <span class='ocrx_word' id='word_1_670' title='bbox 181 2239 231 2270; x_wconf 79' lang='grc' dir='ltr'><strong>τὰς</strong></span> <span class='ocrx_word' id='word_1_671' title='bbox 245 2239 367 2273; x_wconf 75' lang='grc' dir='ltr'><strong>τριήρεις</strong></span> <span class='ocrx_word' id='word_1_672' title='bbox 384 2237 539 2273; x_wconf 79' lang='grc' dir='ltr'><strong>ἀπεχώρει,</strong></span> <span class='ocrx_word' id='word_1_673' title='bbox 555 2238 684 2272; x_wconf 83' lang='grc' dir='ltr'><strong>πρόνοιαν</strong></span> <span class='ocrx_word' id='word_1_674' title='bbox 701 2238 801 2274; x_wconf 82' lang='grc' dir='ltr'><strong>πολλὴν</strong></span> <span class='ocrx_word' id='word_1_675' title='bbox 818 2237 910 2265; x_wconf 70' lang='grc' dir='ltr'><strong>ποιού-</strong></span> 
     </span>
    </p>
   </div>
   <div class='ocr_carea' id='block_1_95' title="bbox 126 2281 909 2320">
    <p class='ocr_par' dir='ltr' id='par_1_95' title="bbox 126 2281 909 2320">
     <span class='ocr_line' id='line_1_95' title="bbox 126 2281 909 2320; baseline 0 -9"><span class='ocrx_word' id='word_1_676' title='bbox 126 2293 207 2320; x_wconf 73' lang='grc' dir='ltr'><strong>μενος</strong></span> <span class='ocrx_word' id='word_1_677' title='bbox 226 2284 274 2310; x_wconf 83' lang='grc' dir='ltr'><strong>τοῦ</strong></span> <span class='ocrx_word' id='word_1_678' title='bbox 297 2284 334 2318; x_wconf 81' lang='grc' dir='ltr'><strong>μὴ</strong></span> <span class='ocrx_word' id='word_1_679' title='bbox 356 2285 470 2318; x_wconf 82' lang='grc' dir='ltr'><strong>φανερὸς</strong></span> <span class='ocrx_word' id='word_1_680' title='bbox 490 2281 559 2310; x_wconf 78' lang='grc' dir='ltr'><strong>εἶναι</strong></span> <span class='ocrx_word' id='word_1_681' title='bbox 580 2284 764 2319; x_wconf 79' lang='grc' dir='ltr'><strong>διειλεγμένος</strong></span> <span class='ocrx_word' id='word_1_682' title='bbox 784 2284 822 2320; x_wconf 77' lang='grc' dir='ltr'><strong>τῷ</strong></span> <span class='ocrx_word' id='word_1_683' title='bbox 843 2285 909 2319; x_wconf 87' lang='grc' dir='ltr'><strong>Τρι-</strong></span> 
     </span>
    </p>
   </div>
   <div class='ocr_carea' id='block_1_96' title="bbox 126 2329 911 2366">
    <p class='ocr_par' dir='ltr' id='par_1_96' title="bbox 126 2329 911 2366">
     <span class='ocr_line' id='line_1_96' title="bbox 126 2329 911 2366; baseline 0 -9"><span class='ocrx_word' id='word_1_684' title='bbox 126 2330 212 2366; x_wconf 74' lang='grc' dir='ltr'><strong>σαλιῖ».</strong></span> <span class='ocrx_word' id='word_1_685' title='bbox 229 2330 307 2365; x_wconf 81' lang='grc' dir='ltr'><strong>’Δμα</strong></span> <span class='ocrx_word' id='word_1_686' title='bbox 328 2329 355 2356; x_wconf 77' lang='grc' dir='ltr'><strong>δὲ</strong></span> <span class='ocrx_word' id='word_1_687' title='bbox 377 2329 415 2364; x_wconf 65' lang='grc' dir='ltr'>ἕῳ</span> <span class='ocrx_word' id='word_1_688' title='bbox 437 2330 562 2364; x_wconf 73' lang='grc' dir='ltr'><strong>ἔπεμπεν</strong></span> <span class='ocrx_word' id='word_1_689' title='bbox 582 2331 628 2357; x_wconf 69' lang='grc' dir='ltr'><strong>ἐπὶ</strong></span> <span class='ocrx_word' id='word_1_690' title='bbox 642 2331 712 2362; x_wconf 79' lang='grc' dir='ltr'><strong>,τοὺς</strong></span> <span class='ocrx_word' id='word_1_691' title='bbox 734 2331 842 2365; x_wconf 81' lang='grc' dir='ltr'><strong>Πέρσας</strong></span> <span class='ocrx_word' id='word_1_692' title='bbox 863 2331 911 2357; x_wconf 80' lang='grc' dir='ltr'><strong>καὶ</strong></span> 
     </span>
    </p>
   </div>
   <div class='ocr_carea' id='block_1_97' title="bbox 125 2375 910 2411">
    <p class='ocr_par' dir='ltr' id='par_1_97' title="bbox 125 2375 910 2411">
     <span class='ocr_line' id='line_1_97' title="bbox 125 2375 910 2411; baseline 0 -9"><span class='ocrx_word' id='word_1_693' title='bbox 125 2377 218 2403; x_wconf 73' lang='grc' dir='ltr'><strong>ἐκάλει</strong></span> <span class='ocrx_word' id='word_1_694' title='bbox 233 2376 278 2401; x_wconf 70' lang='grc' dir='ltr'><strong>ἐπὶ</strong></span> <span class='ocrx_word' id='word_1_695' title='bbox 293 2376 460 2409; x_wconf 82' lang='grc' dir='ltr'><strong>συμμαχίαν,</strong></span> <span class='ocrx_word' id='word_1_696' title='bbox 475 2376 500 2401; x_wconf 87' lang='grc' dir='ltr'><strong>οί</strong></span> <span class='ocrx_word' id='word_1_697' title='bbox 524 2375 553 2402; x_wconf 82' lang='grc' dir='ltr'><strong>δὲ</strong></span> <span class='ocrx_word' id='word_1_698' title='bbox 578 2376 705 2411; x_wconf 66' lang='grc' dir='ltr'><strong>παρῇσαν</strong></span> <span class='ocrx_word' id='word_1_699' title='bbox 718 2376 795 2402; x_wconf 71' lang='grc' dir='ltr'><strong>οὐδὲν</strong></span> <span class='ocrx_word' id='word_1_700' title='bbox 810 2376 910 2410; x_wconf 57' lang='lat' dir='ltr'><strong>peni]—</strong></span> 
     </span>
    </p>
   </div>
   <div class='ocr_carea' id='block_1_98' title="bbox 126 2419 911 2456">
    <p class='ocr_par' dir='ltr' id='par_1_98' title="bbox 126 2419 911 2456">
     <span class='ocr_line' id='line_1_98' title="bbox 126 2419 911 2456; baseline -0.001 -9"><span class='ocrx_word' id='word_1_701' title='bbox 126 2429 242 2452; x_wconf 82' lang='grc' dir='ltr'><strong>σαντες”</strong></span> <span class='ocrx_word' id='word_1_702' title='bbox 264 2420 312 2452; x_wconf 84' lang='grc' dir='ltr'><strong>οὓς</strong></span> <span class='ocrx_word' id='word_1_703' title='bbox 334 2419 408 2453; x_wconf 73' lang='grc' dir='ltr'><strong>ἄγων</strong></span> <span class='ocrx_word' id='word_1_704' title='bbox 431 2420 500 2455; x_wconf 72' lang='grc' dir='ltr'><strong>μετὰ</strong></span> <span class='ocrx_word' id='word_1_705' title='bbox 521 2421 576 2446; x_wconf 83' lang='grc' dir='ltr'><strong>τῶν</strong></span> <span class='ocrx_word' id='word_1_706' title='bbox 596 2421 732 2456; x_wconf 79' lang='grc' dir='ltr'><strong>τριήρεων</strong></span> <span class='ocrx_word' id='word_1_707' title='bbox 752 2422 851 2455; x_wconf 73' lang='grc' dir='ltr'><strong>ἀφῖκτο</strong></span> <span class='ocrx_word' id='word_1_708' title='bbox 871 2421 911 2452; x_wconf 86' lang='grc' dir='ltr'><strong>είς</strong></span> 
     </span>
    </p>
   </div>
   <div class='ocr_carea' id='block_1_99' title="bbox 125 2463 910 2502">
    <p class='ocr_par' dir='ltr' id='par_1_99' title="bbox 125 2463 910 2502">
     <span class='ocr_line' id='line_1_99' title="bbox 125 2463 910 2502; baseline 0.001 -10"><span class='ocrx_word' id='word_1_709' title='bbox 125 2465 344 2501; x_wconf 77' lang='grc' dir='ltr'><strong>Θεσσαλονίκην,</strong></span> <span class='ocrx_word' id='word_1_710' title='bbox 360 2463 422 2500; x_wconf 80' lang='grc' dir='ltr'><strong>εὗρε</strong></span> <span class='ocrx_word' id='word_1_711' title='bbox 438 2466 465 2492; x_wconf 75' lang='grc' dir='ltr'>δὲ</span> <span class='ocrx_word' id='word_1_712' title='bbox 479 2466 525 2492; x_wconf 85' lang='grc' dir='ltr'><strong>τὸν</strong></span> <span class='ocrx_word' id='word_1_713' title='bbox 539 2466 624 2501; x_wconf 83' lang='grc' dir='ltr'><strong>δῆμον</strong></span> <span class='ocrx_word' id='word_1_714' title='bbox 639 2467 687 2493; x_wconf 78' lang='grc' dir='ltr'><strong>καὶ</strong></span> <span class='ocrx_word' id='word_1_715' title='bbox 701 2468 763 2498; x_wconf 75' lang='grc' dir='ltr'><strong>τοὺς</strong></span> <span class='ocrx_word' id='word_1_716' title='bbox 781 2467 910 2502; x_wconf 84' lang='grc' dir='ltr'><strong>Ζηλωτὰς</strong></span> 
     </span>
    </p>
   </div>
   <div class='ocr_carea' id='block_1_100' title="bbox 127 2511 910 2548">
    <p class='ocr_par' dir='ltr' id='par_1_100' title="bbox 127 2511 910 2548">
     <span class='ocr_line' id='line_1_100' title="bbox 127 2511 910 2548; baseline 0.001 -10"><span class='ocrx_word' id='word_1_717' title='bbox 127 2512 196 2547; x_wconf 81' lang='grc' dir='ltr'><strong>πρὸς</strong></span> <span class='ocrx_word' id='word_1_718' title='bbox 211 2512 274 2542; x_wconf 69' lang='grc' dir='ltr'><strong>τοὺς</strong></span> <span class='ocrx_word' id='word_1_719' title='bbox 293 2511 417 2545; x_wconf 76' lang='grc' dir='ltr'><strong>ἀρίστους</strong></span> <span class='ocrx_word' id='word_1_720' title='bbox 435 2511 685 2544; x_wconf 78' lang='grc' dir='ltr'><strong>διαστασιάζοντας,</strong></span> <span class='ocrx_word' id='word_1_721' title='bbox 702 2513 748 2538; x_wconf 84' lang='grc' dir='ltr'><strong>καὶ</strong></span> <span class='ocrx_word' id='word_1_722' title='bbox 765 2513 841 2548; x_wconf 74' lang='grc' dir='ltr'><strong>κοινῇ</strong></span> <span class='ocrx_word' id='word_1_723' title='bbox 859 2521 910 2539; x_wconf 80' lang='grc' dir='ltr'><strong>κα-</strong></span> 
     </span>
    </p>
   </div>
   <div class='ocr_carea' id='block_1_101' title="bbox 124 2555 910 2592">
    <p class='ocr_par' dir='ltr' id='par_1_101' title="bbox 124 2555 910 2592">
     <span class='ocr_line' id='line_1_101' title="bbox 124 2555 910 2592; baseline 0.003 -10"><span class='ocrx_word' id='word_1_724' title='bbox 124 2557 181 2588; x_wconf 84' lang='grc' dir='ltr'><strong>κῶς</strong></span> <span class='ocrx_word' id='word_1_725' title='bbox 198 2556 248 2591; x_wconf 74' lang='grc' dir='ltr'><strong>τὴν</strong></span> <span class='ocrx_word' id='word_1_726' title='bbox 264 2556 341 2582; x_wconf 73' lang='grc' dir='ltr'><strong>πόλιν</strong></span> <span class='ocrx_word' id='word_1_727' title='bbox 358 2555 390 2582; x_wconf 73' lang='grc' dir='ltr'><strong>ἐκ</strong></span> <span class='ocrx_word' id='word_1_728' title='bbox 405 2564 435 2582; x_wconf 82' lang='grc' dir='ltr'><strong>τε</strong></span> <span class='ocrx_word' id='word_1_729' title='bbox 450 2556 504 2582; x_wconf 83' lang='grc' dir='ltr'><strong>τῶν</strong></span> <span class='ocrx_word' id='word_1_730' title='bbox 520 2556 619 2590; x_wconf 67' lang='grc' dir='ltr'>ἔξωθεν</span> <span class='ocrx_word' id='word_1_731' title='bbox 635 2556 774 2592; x_wconf 83' lang='grc' dir='ltr'><strong>πολεμίων</strong></span> <span class='ocrx_word' id='word_1_732' title='bbox 791 2557 840 2584; x_wconf 81' lang='grc' dir='ltr'><strong>καὶ</strong></span> <span class='ocrx_word' id='word_1_733' title='bbox 854 2557 910 2584; x_wconf 87' lang='grc' dir='ltr'><strong>τῶν</strong></span> 
     </span>
    </p>
   </div>
   <div class='ocr_carea' id='block_1_102' title="bbox 123 2600 911 2636">
    <p class='ocr_par' dir='ltr' id='par_1_102' title="bbox 123 2600 911 2636">
     <span class='ocr_line' id='line_1_102' title="bbox 123 2600 911 2636; baseline 0.003 -9"><span class='ocrx_word' id='word_1_734' title='bbox 123 2602 200 2628; x_wconf 70' lang='grc' dir='ltr'><strong>ἔνδον</strong></span> <span class='ocrx_word' id='word_1_735' title='bbox 216 2600 368 2628; x_wconf 69' lang='grc' dir='ltr'><strong>ιπιὸούλων</strong></span> <span class='ocrx_word' id='word_1_736' title='bbox 384 2600 510 2636; x_wconf 73' lang='grc' dir='ltr'><strong>ἔχουσαν.</strong></span> <span class='ocrx_word' id='word_1_737' title='bbox 526 2602 618 2629; x_wconf 79' lang='grc' dir='ltr'><strong>Πάντα</strong></span> <span class='ocrx_word' id='word_1_738' title='bbox 633 2602 662 2629; x_wconf 74' lang='grc' dir='ltr'><strong>ὁὶ</strong></span> <span class='ocrx_word' id='word_1_739' title='bbox 677 2603 758 2634; x_wconf 74' lang='grc' dir='ltr'><strong>εὐθὺς</strong></span> <span class='ocrx_word' id='word_1_740' title='bbox 773 2603 860 2629; x_wconf 81' lang='grc' dir='ltr'><strong>διέλυε</strong></span> <span class='ocrx_word' id='word_1_741' title='bbox 876 2603 911 2630; x_wconf 74' lang='grc' dir='ltr'><strong>τὰ</strong></span> 
     </span>
    </p>
   </div>
   <div class='ocr_carea' id='block_1_103' title="bbox 123 2646 910 2684">
    <p class='ocr_par' dir='ltr' id='par_1_103' title="bbox 123 2646 910 2684">
     <span class='ocr_line' id='line_1_103' title="bbox 123 2646 910 2684; baseline 0.003 -11"><span class='ocrx_word' id='word_1_742' title='bbox 123 2647 199 2674; x_wconf 77' lang='grc' dir='ltr'><strong>δεινὰ</strong></span> <span class='ocrx_word' id='word_1_743' title='bbox 216 2647 367 2681; x_wconf 74' lang='grc' dir='ltr'><strong>ἐπιφανεὶς,</strong></span> <span class='ocrx_word' id='word_1_744' title='bbox 383 2647 430 2674; x_wconf 75' lang='grc' dir='ltr'><strong>καὶ</strong></span> <span class='ocrx_word' id='word_1_745' title='bbox 446 2647 462 2682; x_wconf 83' lang='grc' dir='ltr'><strong>ἡ</strong></span> <span class='ocrx_word' id='word_1_746' title='bbox 479 2648 552 2674; x_wconf 79' lang='grc' dir='ltr'><strong>πᾶσα</strong></span> <span class='ocrx_word' id='word_1_747' title='bbox 568 2647 645 2680; x_wconf 79' lang='grc' dir='ltr'><strong>πόλις</strong></span> <span class='ocrx_word' id='word_1_748' title='bbox 662 2649 691 2674; x_wconf 74' lang='grc' dir='ltr'><strong>ἐν</strong></span> <span class='ocrx_word' id='word_1_749' title='bbox 706 2649 813 2684; x_wconf 76' lang='grc' dir='ltr'><strong>ἑορταῖς</strong></span> <span class='ocrx_word' id='word_1_750' title='bbox 829 2646 910 2683; x_wconf 77' lang='grc' dir='ltr'><strong>ἦσαν,</strong></span> 
     </span>
    </p>
   </div>
   <div class='ocr_carea' id='block_1_104' title="bbox 124 2692 909 2729">
    <p class='ocr_par' dir='ltr' id='par_1_104' title="bbox 124 2692 909 2729">
     <span class='ocr_line' id='line_1_104' title="bbox 124 2692 909 2729; baseline 0.001 -10"><span class='ocrx_word' id='word_1_751' title='bbox 124 2693 174 2719; x_wconf 75' lang='grc' dir='ltr'><strong>καὶ</strong></span> <span class='ocrx_word' id='word_1_752' title='bbox 186 2692 257 2727; x_wconf 79' lang='grc' dir='ltr'><strong>μετὰ</strong></span> <span class='ocrx_word' id='word_1_753' title='bbox 268 2692 369 2726; x_wconf 80' lang='grc' dir='ltr'><strong>πολλῆς</strong></span> <span class='ocrx_word' id='word_1_754' title='bbox 378 2692 516 2728; x_wconf 78' lang='grc' dir='ltr'><strong>εὐφημίας</strong></span> <span class='ocrx_word' id='word_1_755' title='bbox 528 2693 688 2728; x_wconf 75' lang='grc' dir='ltr'><strong>ὑπεδέχοντο</strong></span> <span class='ocrx_word' id='word_1_756' title='bbox 698 2694 760 2724; x_wconf 81' lang='grc' dir='ltr'><strong>τοὺς</strong></span> <span class='ocrx_word' id='word_1_757' title='bbox 771 2694 909 2729; x_wconf 73' lang='grc' dir='ltr'><strong>βασιλέας.</strong></span> 
     </span>
    </p>
   </div>
   <div class='ocr_carea' id='block_1_105' title="bbox 126 2737 910 2776">
    <p class='ocr_par' dir='ltr' id='par_1_105' title="bbox 126 2737 910 2776">
     <span class='ocr_line' id='line_1_105' title="bbox 126 2737 910 2776; baseline 0.004 -13"><span class='ocrx_word' id='word_1_758' title='bbox 126 2737 232 2772; x_wconf 79' lang='grc' dir='ltr'><strong>Μικρὸν</strong></span> <span class='ocrx_word' id='word_1_759' title='bbox 251 2738 280 2764; x_wconf 74' lang='grc' dir='ltr'><strong>δὲ</strong></span> <span class='ocrx_word' id='word_1_760' title='bbox 303 2739 372 2773; x_wconf 74' lang='grc' dir='ltr'><strong>μετὰ</strong></span> <span class='ocrx_word' id='word_1_761' title='bbox 391 2739 440 2774; x_wconf 76' lang='grc' dir='ltr'><strong>τὴν</strong></span> <span class='ocrx_word' id='word_1_762' title='bbox 461 2738 626 2774; x_wconf 77' lang='grc' dir='ltr'><strong>ἐπιδημίαν,</strong></span> <span class='ocrx_word' id='word_1_763' title='bbox 651 2740 876 2776; x_wconf 78' lang='grc' dir='ltr'><strong>Καντακουζηνὸς</strong></span> <span class='ocrx_word' id='word_1_764' title='bbox 896 2740 910 2767; x_wconf 84' lang='grc' dir='ltr'><strong>ό</strong></span> 
     </span>
    </p>
   </div>
   <div class='ocr_carea' id='block_1_106' title="bbox 129 2781 910 2818">
    <p class='ocr_par' dir='ltr' id='par_1_106' title="bbox 129 2781 910 2818">
     <span class='ocr_line' id='line_1_106' title="bbox 129 2781 910 2818; baseline 0.005 -11"><span class='ocrx_word' id='word_1_765' title='bbox 129 2781 255 2815; x_wconf 80' lang='grc' dir='ltr'><strong>βασιλεὺς</strong></span> <span class='ocrx_word' id='word_1_766' title='bbox 269 2781 416 2817; x_wconf 70' lang='grc' dir='ltr'><strong>ἐκκλησίαν</strong></span> <span class='ocrx_word' id='word_1_767' title='bbox 428 2782 569 2818; x_wconf 81' lang='grc' dir='ltr'><strong>πάνδημον</strong></span> <span class='ocrx_word' id='word_1_768' title='bbox 581 2784 612 2811; x_wconf 79' lang='grc' dir='ltr'><strong>ἐκ</strong></span> <span class='ocrx_word' id='word_1_769' title='bbox 625 2784 679 2811; x_wconf 85' lang='grc' dir='ltr'><strong>τῶν</strong></span> <span class='ocrx_word' id='word_1_770' title='bbox 691 2784 910 2811; x_wconf 82' lang='grc' dir='ltr'><strong>Θεσσαλονικέων</strong></span> 
     </span>
    </p>
   </div>
   <div class='ocr_carea' id='block_1_107' title="bbox 132 2827 910 2865">
    <p class='ocr_par' dir='ltr' id='par_1_107' title="bbox 132 2827 910 2865">
     <span class='ocr_line' id='line_1_107' title="bbox 132 2827 910 2865; baseline 0.006 -13"><span class='ocrx_word' id='word_1_771' title='bbox 132 2827 325 2862; x_wconf 75' lang='grc' dir='ltr'><strong>συναθροίσας,</strong></span> <span class='ocrx_word' id='word_1_772' title='bbox 341 2828 402 2863; x_wconf 83' lang='grc' dir='ltr'><strong>περί</strong></span> <span class='ocrx_word' id='word_1_773' title='bbox 417 2836 446 2856; x_wconf 80' lang='grc' dir='ltr'><strong>τε</strong></span> <span class='ocrx_word' id='word_1_774' title='bbox 463 2828 508 2855; x_wconf 81' lang='grc' dir='ltr'><strong>τοῦ</strong></span> <span class='ocrx_word' id='word_1_775' title='bbox 523 2828 727 2865; x_wconf 76' lang='grc' dir='ltr'><strong>σνμὸεῆηκότος</strong></span> <span class='ocrx_word' id='word_1_776' title='bbox 744 2830 812 2865; x_wconf 74' lang='grc' dir='ltr'><strong>πρὸς</strong></span> <span class='ocrx_word' id='word_1_777' title='bbox 828 2830 910 2857; x_wconf 68' lang='grc' dir='ltr'><strong>αὑτὸν</strong></span> 
     </span>
    </p>
   </div>
   <div class='ocr_carea' id='block_1_108' title="bbox 959 2236 1747 2272">
    <p class='ocr_par' dir='ltr' id='par_1_108' title="bbox 959 2236 1747 2272">
     <span class='ocr_line' id='line_1_108' title="bbox 959 2236 1747 2272; baseline 0.005 -10"><span class='ocrx_word' id='word_1_778' title='bbox 959 2236 1134 2272; x_wconf 85' lang='lat' dir='ltr'><strong>sycophantis</strong></span> <span class='ocrx_word' id='word_1_779' title='bbox 1157 2243 1268 2264; x_wconf 86' lang='lat' dir='ltr'><strong>causam</strong></span> <span class='ocrx_word' id='word_1_780' title='bbox 1287 2237 1359 2264; x_wconf 90' lang='lat' dir='ltr'><strong>illius</strong></span> <span class='ocrx_word' id='word_1_781' title='bbox 1380 2238 1570 2265; x_wconf 85' lang='lat' dir='ltr'><strong>ascribendam</strong></span> <span class='ocrx_word' id='word_1_782' title='bbox 1585 2246 1592 2271; x_wconf 90' lang='lat'><strong>;</strong></span> <span class='ocrx_word' id='word_1_783' title='bbox 1607 2243 1635 2266; x_wconf 91' lang='lat' dir='ltr'><strong>et</strong></span> <span class='ocrx_word' id='word_1_784' title='bbox 1650 2240 1683 2266; x_wconf 88' lang='lat' dir='ltr'><strong>de</strong></span> <span class='ocrx_word' id='word_1_785' title='bbox 1697 2239 1747 2266; x_wconf 74' lang='lat' dir='ltr'><strong>Ze-</strong></span> 
     </span>
    </p>
   </div>
   <div class='ocr_carea' id='block_1_109' title="bbox 960 2282 1744 2319">
    <p class='ocr_par' dir='ltr' id='par_1_109' title="bbox 960 2282 1744 2319">
     <span class='ocr_line' id='line_1_109' title="bbox 960 2282 1744 2319; baseline 0.005 -11"><span class='ocrx_word' id='word_1_786' title='bbox 960 2282 1022 2309; x_wconf 89' lang='lat' dir='ltr'><strong>lotis</strong></span> <span class='ocrx_word' id='word_1_787' title='bbox 1041 2282 1174 2317; x_wconf 87' lang='lat' dir='ltr'><strong>ipsorum,</strong></span> <span class='ocrx_word' id='word_1_788' title='bbox 1193 2283 1241 2317; x_wconf 89' lang='lat' dir='ltr'><strong>qui</strong></span> <span class='ocrx_word' id='word_1_789' title='bbox 1266 2290 1354 2318; x_wconf 91' lang='lat' dir='ltr'><strong>neque</strong></span> <span class='ocrx_word' id='word_1_790' title='bbox 1366 2287 1458 2315; x_wconf 87' lang='lat' dir='ltr'><strong>antea,</strong></span> <span class='ocrx_word' id='word_1_791' title='bbox 1483 2285 1562 2318; x_wconf 84' lang='lat' dir='ltr'><strong>quasi</strong></span> <span class='ocrx_word' id='word_1_792' title='bbox 1587 2284 1744 2319; x_wconf 65' lang='lat' dir='ltr'><strong>imperatori</strong></span> 
     </span>
    </p>
   </div>
   <div class='ocr_carea' id='block_1_110' title="bbox 958 2328 1746 2363">
    <p class='ocr_par' dir='ltr' id='par_1_110' title="bbox 958 2328 1746 2363">
     <span class='ocr_line' id='line_1_110' title="bbox 958 2328 1746 2363; baseline 0.006 -9"><span class='ocrx_word' id='word_1_793' title='bbox 958 2328 1062 2363; x_wconf 79' lang='lat' dir='ltr'><strong>juniori</strong></span> <span class='ocrx_word' id='word_1_794' title='bbox 1089 2329 1243 2360; x_wconf 83' lang='lat' dir='ltr'><strong>studerent,</strong></span> <span class='ocrx_word' id='word_1_795' title='bbox 1264 2336 1340 2356; x_wconf 90' lang='lat' dir='ltr'><strong>arma</strong></span> <span class='ocrx_word' id='word_1_796' title='bbox 1369 2329 1396 2356; x_wconf 92' lang='lat' dir='ltr'><strong>in</strong></span> <span class='ocrx_word' id='word_1_797' title='bbox 1423 2337 1453 2357; x_wconf 87' lang='lat' dir='ltr'><strong>se</strong></span> <span class='ocrx_word' id='word_1_798' title='bbox 1472 2330 1632 2362; x_wconf 79' lang='lat' dir='ltr'><strong>movissent,</strong></span> <span class='ocrx_word' id='word_1_799' title='bbox 1646 2332 1692 2358; x_wconf 63' lang='lat' dir='ltr'><strong>sed</strong></span> <span class='ocrx_word' id='word_1_800' title='bbox 1718 2338 1746 2359; x_wconf 85' lang='lat' dir='ltr'><strong>ut</strong></span> 
     </span>
    </p>
   </div>
   <div class='ocr_carea' id='block_1_111' title="bbox 961 2372 1745 2410">
    <p class='ocr_par' dir='ltr' id='par_1_111' title="bbox 961 2372 1745 2410">
     <span class='ocr_line' id='line_1_111' title="bbox 961 2372 1745 2410; baseline 0.005 -11"><span class='ocrx_word' id='word_1_801' title='bbox 961 2372 1125 2408; x_wconf 87' lang='lat' dir='ltr'><strong>locupletum</strong></span> <span class='ocrx_word' id='word_1_802' title='bbox 1143 2373 1284 2401; x_wconf 82' lang='lat' dir='ltr'><strong>facultates</strong></span> <span class='ocrx_word' id='word_1_803' title='bbox 1301 2374 1463 2409; x_wconf 86' lang='lat' dir='ltr'><strong>diriperent,</strong></span> <span class='ocrx_word' id='word_1_804' title='bbox 1478 2374 1527 2409; x_wconf 88' lang='lat' dir='ltr'><strong>ipsi</strong></span> <span class='ocrx_word' id='word_1_805' title='bbox 1545 2376 1667 2410; x_wconf 64' lang='lat' dir='ltr'><strong>plerique</strong></span> <span class='ocrx_word' id='word_1_806' title='bbox 1684 2384 1745 2403; x_wconf 85' lang='lat' dir='ltr'><strong>om-</strong></span> 
     </span>
    </p>
   </div>
   <div class='ocr_carea' id='block_1_112' title="bbox 958 2419 1744 2452">
    <p class='ocr_par' dir='ltr' id='par_1_112' title="bbox 958 2419 1744 2452">
     <span class='ocr_line' id='line_1_112' title="bbox 958 2419 1744 2452; baseline 0.005 -8"><span class='ocrx_word' id='word_1_807' title='bbox 958 2419 1009 2444; x_wconf 85' lang='lat' dir='ltr'><strong>hes</strong></span> <span class='ocrx_word' id='word_1_808' title='bbox 1030 2422 1163 2452; x_wconf 71' lang='lat' dir='ltr'><strong>egentes:</strong></span> <span class='ocrx_word' id='word_1_809' title='bbox 1186 2423 1214 2445; x_wconf 89' lang='lat' dir='ltr'><strong>et</strong></span> <span class='ocrx_word' id='word_1_810' title='bbox 1243 2426 1317 2446; x_wconf 94' lang='lat' dir='ltr'><strong>nunc</strong></span> <span class='ocrx_word' id='word_1_811' title='bbox 1345 2420 1529 2447; x_wconf 87' lang='lat' dir='ltr'><strong>nihilominus</strong></span> <span class='ocrx_word' id='word_1_812' title='bbox 1560 2421 1744 2448; x_wconf 81' lang='lat' dir='ltr'><strong>’l&#39;riballornm</strong></span> 
     </span>
    </p>
   </div>
   <div class='ocr_carea' id='block_1_113' title="bbox 954 2462 1746 2501">
    <p class='ocr_par' dir='ltr' id='par_1_113' title="bbox 954 2462 1746 2501">
     <span class='ocr_line' id='line_1_113' title="bbox 954 2462 1746 2501; baseline 0.006 -12"><span class='ocrx_word' id='word_1_813' title='bbox 954 2462 1151 2497; x_wconf 73' lang='lat' dir='ltr'><strong>largitionibus</strong></span> <span class='ocrx_word' id='word_1_814' title='bbox 1164 2464 1283 2499; x_wconf 88' lang='lat' dir='ltr'><strong>corrupti</strong></span> <span class='ocrx_word' id='word_1_815' title='bbox 1294 2484 1302 2496; x_wconf 85' lang='lat'><strong>,</strong></span> <span class='ocrx_word' id='word_1_816' title='bbox 1317 2473 1370 2492; x_wconf 93' lang='lat' dir='ltr'><strong>non</strong></span> <span class='ocrx_word' id='word_1_817' title='bbox 1381 2466 1571 2500; x_wconf 83' lang='lat' dir='ltr'><strong>imperatcrem</strong></span> <span class='ocrx_word' id='word_1_818' title='bbox 1588 2468 1679 2499; x_wconf 79' lang='lat' dir='ltr'><strong>modo,</strong></span> <span class='ocrx_word' id='word_1_819' title='bbox 1695 2475 1746 2501; x_wconf 93' lang='lat' dir='ltr'><strong>pro</strong></span> 
     </span>
    </p>
   </div>
   <div class='ocr_carea' id='block_1_114' title="bbox 960 2503 1743 2545">
    <p class='ocr_par' dir='ltr' id='par_1_114' title="bbox 960 2503 1743 2545">
     <span class='ocr_line' id='line_1_114' title="bbox 960 2503 1743 2545; baseline 0.008 -12"><span class='ocrx_word' id='word_1_820' title='bbox 960 2516 1014 2543; x_wconf 87' lang='lat' dir='ltr'><strong>quo</strong></span> <span class='ocrx_word' id='word_1_821' title='bbox 1031 2516 1060 2536; x_wconf 88' lang='lat' dir='ltr'><strong>se</strong></span> <span class='ocrx_word' id='word_1_822' title='bbox 1076 2503 1246 2544; x_wconf 70' lang='lat' dir='ltr'><strong>pugnaturos</strong></span> <span class='ocrx_word' id='word_1_823' title='bbox 1258 2511 1450 2545; x_wconf 85' lang='lat' dir='ltr'><strong>allirmassent,</strong></span> <span class='ocrx_word' id='word_1_824' title='bbox 1470 2513 1516 2539; x_wconf 83' lang='lat' dir='ltr'><strong>scd</strong></span> <span class='ocrx_word' id='word_1_825' title='bbox 1540 2517 1567 2539; x_wconf 89' lang='lat' dir='ltr'><strong>et</strong></span> <span class='ocrx_word' id='word_1_826' title='bbox 1593 2513 1686 2540; x_wconf 84' lang='lat' dir='ltr'><strong>urbem</strong></span> <span class='ocrx_word' id='word_1_827' title='bbox 1700 2517 1743 2540; x_wconf 67' lang='lat' dir='ltr'><strong>to.</strong></span> 
     </span>
    </p>
   </div>
   <div class='ocr_carea' id='block_1_115' title="bbox 961 2555 1746 2591">
    <p class='ocr_par' dir='ltr' id='par_1_115' title="bbox 961 2555 1746 2591">
     <span class='ocr_line' id='line_1_115' title="bbox 961 2555 1746 2591; baseline 0.006 -11"><span class='ocrx_word' id='word_1_828' title='bbox 961 2557 1016 2580; x_wconf 86' lang='lat' dir='ltr'><strong>tam</strong></span> <span class='ocrx_word' id='word_1_829' title='bbox 1042 2559 1152 2588; x_wconf 86' lang='lat' dir='ltr'><strong>propter</strong></span> <span class='ocrx_word' id='word_1_830' title='bbox 1175 2555 1368 2590; x_wconf 89' lang='lat' dir='ltr'><strong>compendium</strong></span> <span class='ocrx_word' id='word_1_831' title='bbox 1394 2564 1473 2583; x_wconf 86' lang='lat' dir='ltr'><strong>suum</strong></span> <span class='ocrx_word' id='word_1_832' title='bbox 1505 2557 1684 2591; x_wconf 81' lang='lat' dir='ltr'><strong>prodiderint.</strong></span> <span class='ocrx_word' id='word_1_833' title='bbox 1707 2557 1746 2585; x_wconf 84' lang='lat' dir='ltr'><strong>Ac</strong></span> 
     </span>
    </p>
   </div>
   <div class='ocr_carea' id='block_1_116' title="bbox 961 2600 1746 2637">
    <p class='ocr_par' dir='ltr' id='par_1_116' title="bbox 961 2600 1746 2637">
     <span class='ocr_line' id='line_1_116' title="bbox 961 2600 1746 2637; baseline 0.003 -10"><span class='ocrx_word' id='word_1_834' title='bbox 961 2600 1055 2628; x_wconf 90' lang='lat' dir='ltr'><strong>multis</strong></span> <span class='ocrx_word' id='word_1_835' title='bbox 1071 2601 1241 2636; x_wconf 70' lang='lat' dir='ltr'><strong>argumentis</strong></span> <span class='ocrx_word' id='word_1_836' title='bbox 1254 2601 1471 2634; x_wconf 84' lang='lat' dir='ltr'><strong>demonstrabat,</strong></span> <span class='ocrx_word' id='word_1_837' title='bbox 1488 2610 1542 2629; x_wconf 88' lang='lat' dir='ltr'><strong>non</strong></span> <span class='ocrx_word' id='word_1_838' title='bbox 1557 2603 1644 2630; x_wconf 84' lang='lat' dir='ltr'><strong>solum</strong></span> <span class='ocrx_word' id='word_1_839' title='bbox 1658 2603 1746 2637; x_wconf 89' lang='lat' dir='ltr'><strong>impe-</strong></span> 
     </span>
    </p>
   </div>
   <div class='ocr_carea' id='block_1_117' title="bbox 960 2648 1744 2684">
    <p class='ocr_par' dir='ltr' id='par_1_117' title="bbox 960 2648 1744 2684">
     <span class='ocr_line' id='line_1_117' title="bbox 960 2648 1744 2684; baseline 0.003 -9"><span class='ocrx_word' id='word_1_840' title='bbox 960 2649 1044 2676; x_wconf 86' lang='lat' dir='ltr'><strong>ratori</strong></span> <span class='ocrx_word' id='word_1_841' title='bbox 1066 2648 1181 2683; x_wconf 73' lang='lat' dir='ltr'><strong>iuniori,</strong></span> <span class='ocrx_word' id='word_1_842' title='bbox 1211 2649 1260 2676; x_wconf 87' lang='lat' dir='ltr'><strong>sed</strong></span> <span class='ocrx_word' id='word_1_843' title='bbox 1278 2649 1414 2677; x_wconf 85' lang='lat' dir='ltr'><strong>universis</strong></span> <span class='ocrx_word' id='word_1_844' title='bbox 1429 2657 1541 2684; x_wconf 85' lang='lat' dir='ltr'><strong>quoque</strong></span> <span class='ocrx_word' id='word_1_845' title='bbox 1556 2649 1689 2677; x_wconf 81' lang='lat' dir='ltr'><strong>Romanis</strong></span> <span class='ocrx_word' id='word_1_846' title='bbox 1715 2654 1744 2677; x_wconf 89' lang='lat' dir='ltr'><strong>et</strong></span> 
     </span>
    </p>
   </div>
   <div class='ocr_carea' id='block_1_118' title="bbox 960 2694 1743 2730">
    <p class='ocr_par' dir='ltr' id='par_1_118' title="bbox 960 2694 1743 2730">
     <span class='ocr_line' id='line_1_118' title="bbox 960 2694 1743 2730; baseline 0 -9"><span class='ocrx_word' id='word_1_847' title='bbox 960 2694 1065 2721; x_wconf 89' lang='lat' dir='ltr'><strong>civibus</strong></span> <span class='ocrx_word' id='word_1_848' title='bbox 1084 2694 1148 2722; x_wconf 89' lang='lat' dir='ltr'><strong>inde</strong></span> <span class='ocrx_word' id='word_1_849' title='bbox 1163 2695 1196 2722; x_wconf 90' lang='lat' dir='ltr'><strong>ab</strong></span> <span class='ocrx_word' id='word_1_850' title='bbox 1208 2694 1287 2722; x_wconf 88' lang='lat' dir='ltr'><strong>initio</strong></span> <span class='ocrx_word' id='word_1_851' title='bbox 1304 2695 1453 2722; x_wconf 86' lang='lat' dir='ltr'><strong>malevolos</strong></span> <span class='ocrx_word' id='word_1_852' title='bbox 1469 2695 1607 2723; x_wconf 83' lang='lat' dir='ltr'><strong>exstitisse</strong></span> <span class='ocrx_word' id='word_1_853' title='bbox 1622 2701 1630 2724; x_wconf 85' lang='lat'><strong>:</strong></span> <span class='ocrx_word' id='word_1_854' title='bbox 1647 2694 1743 2730; x_wconf 64' lang='lat' dir='ltr'><strong>praeci-</strong></span> 
     </span>
    </p>
   </div>
   <div class='ocr_carea' id='block_1_119' title="bbox 959 2740 1745 2775">
    <p class='ocr_par' dir='ltr' id='par_1_119' title="bbox 959 2740 1745 2775">
     <span class='ocr_line' id='line_1_119' title="bbox 959 2740 1745 2775; baseline -0.001 -9"><span class='ocrx_word' id='word_1_855' title='bbox 959 2746 1085 2774; x_wconf 74' lang='lat' dir='ltr'><strong>puosque</strong></span> <span class='ocrx_word' id='word_1_856' title='bbox 1109 2740 1305 2774; x_wconf 88' lang='lat' dir='ltr'><strong>comprehendi</strong></span> <span class='ocrx_word' id='word_1_857' title='bbox 1327 2740 1488 2775; x_wconf 79' lang='lat' dir='ltr'><strong>imperabat,</strong></span> <span class='ocrx_word' id='word_1_858' title='bbox 1503 2748 1571 2775; x_wconf 89' lang='lat' dir='ltr'><strong>quos</strong></span> <span class='ocrx_word' id='word_1_859' title='bbox 1588 2744 1615 2767; x_wconf 86' lang='lat' dir='ltr'><strong>ct</strong></span> <span class='ocrx_word' id='word_1_860' title='bbox 1642 2740 1745 2775; x_wconf 81' lang='lat' dir='ltr'><strong>Byzan-</strong></span> 
     </span>
    </p>
   </div>
   <div class='ocr_carea' id='block_1_120' title="bbox 950 2783 1744 2821">
    <p class='ocr_par' dir='ltr' id='par_1_120' title="bbox 950 2783 1744 2821">
     <span class='ocr_line' id='line_1_120' title="bbox 950 2783 1744 2821; baseline -0.001 -10"><span class='ocrx_word' id='word_1_861' title='bbox 950 2784 1029 2811; x_wconf 92' lang='lat' dir='ltr'><strong>-tinm</strong></span> <span class='ocrx_word' id='word_1_862' title='bbox 1041 2792 1134 2812; x_wconf 87' lang='lat' dir='ltr'><strong>secum</strong></span> <span class='ocrx_word' id='word_1_863' title='bbox 1148 2785 1273 2812; x_wconf 78' lang='lat' dir='ltr'><strong>adduxit.</strong></span> <span class='ocrx_word' id='word_1_864' title='bbox 1290 2785 1363 2812; x_wconf 82' lang='lat' dir='ltr'><strong>Alios</strong></span> <span class='ocrx_word' id='word_1_865' title='bbox 1377 2785 1444 2813; x_wconf 64' lang='lat' dir='ltr'><strong>urb:</strong></span> <span class='ocrx_word' id='word_1_866' title='bbox 1459 2786 1548 2821; x_wconf 79' lang='lat' dir='ltr'><strong>fugari</strong></span> <span class='ocrx_word' id='word_1_867' title='bbox 1564 2784 1645 2819; x_wconf 86' lang='lat' dir='ltr'><strong>jussit</strong></span> <span class='ocrx_word' id='word_1_868' title='bbox 1659 2793 1665 2810; x_wconf 87' lang='lat'><strong>:</strong></span> <span class='ocrx_word' id='word_1_869' title='bbox 1680 2783 1744 2810; x_wconf 82' lang='lat' dir='ltr'><strong>Tri-</strong></span> 
     </span>
    </p>
   </div>
   <div class='ocr_carea' id='block_1_121' title="bbox 964 2828 1742 2867">
    <p class='ocr_par' dir='ltr' id='par_1_121' title="bbox 964 2828 1742 2867">
     <span class='ocr_line' id='line_1_121' title="bbox 964 2828 1742 2867; baseline -0.006 -8"><span class='ocrx_word' id='word_1_870' title='bbox 964 2830 1051 2859; x_wconf 84' lang='lat' dir='ltr'><strong>ballos</strong></span> <span class='ocrx_word' id='word_1_871' title='bbox 1078 2838 1143 2859; x_wconf 80' lang='lat' dir='ltr'><strong>vero</strong></span> <span class='ocrx_word' id='word_1_872' title='bbox 1169 2830 1380 2867; x_wconf 76' lang='lat' dir='ltr'><strong>propugnaculis</strong></span> <span class='ocrx_word' id='word_1_873' title='bbox 1394 2831 1497 2859; x_wconf 82' lang='lat' dir='ltr'><strong>circum</strong></span> <span class='ocrx_word' id='word_1_874' title='bbox 1515 2831 1608 2858; x_wconf 86' lang='lat' dir='ltr'><strong>urbem</strong></span> <span class='ocrx_word' id='word_1_875' title='bbox 1625 2828 1742 2863; x_wconf 73' lang='lat' dir='ltr'><strong>expulit,</strong></span> 
     </span>
    </p>
   </div>
  </div>
