1933 3083
99 71 140 103 l'l’l

655 69 928 100 HISTORIARUM
950 67 1066 98 LIBER
1081 67 1132 99 IV.

1656 63 1705 96 138

97 126 153 159 ταξὺ
188 125 242 153 τῶν
279 125 326 152 δύο
363 125 463 161 τειχῶν
500 124 660 157 αὐλίζεσθαι
687 127 737 162 τῆς
770 126 872 157 πόλεως

928 126 1006 154 missa
1021 133 1112 153 secum
1129 124 1267 158 auferens,
1287 124 1309 151 si
1331 123 1366 152 ad
1389 125 1484 155 urbem
1517 122 1706 157 oceupaudum

98 173 138 207 τὴν
149 172 248 198 νύκτα·
281 171 330 198 καὶ
356 171 493 207 μηδεμίαν
510 171 571 199 κατ’
597 172 696 203 αὐτοὺς
727 170 796 198 εἶναι
822 180 873 206 φυ-

97 217 181 251 λακὴν,
213 216 278 243 ὥστ’
308 214 378 243 εἶναι
405 216 497 252 ῥᾴδιον
521 217 584 248 τοὺς
608 216 734 251 ἑταίρους
763 217 872 242 πείσαν-

97 271 134 294 τα,
148 261 276 295 πράττειν
291 261 399 296 βασιλεῖ
421 262 456 288 τὰ
477 261 547 288 κατὰ
563 261 688 296 γνώμην.
714 261 742 288 Ὀ
761 262 810 296 μὲν
826 259 872 288 οὖν

97 308 223 344 βὶρόαρος
237 308 310 340 οὕτω
326 307 491 342 συνθέμενος
504 307 572 342 πρὸς
587 307 710 342 βασιλέα,
722 307 872 342 ἀπεχώρει,
885 323 887 326 ι

96 354 190 380 ἐκείνου
208 353 449 387 ἐπαγγειλαμένου
471 353 516 379 τὸν
533 353 593 378 υἱὸν
613 352 667 378 ἀπὸ
685 351 740 378 τῶν
761 352 873 386 Περσῶν

96 399 258 434 ἐλευθεροῦν,
279 399 304 425 εἰ
325 398 498 434 συμπράξειε
512 398 546 426 τὰ
563 399 663 426 δυνατὰ
681 399 748 432 πρὸς
761 398 790 424 τὸ
804 398 872 433 Βέρ-

96 447 164 481 ῥοιαν
183 446 297 472 ἁλῶναι.
325 445 456 476 Βασιλεὺς
478 444 507 471 δὲ
528 444 761 479 παρεσκευάζετο,
779 444 816 476 ὡς
834 445 874 476 είς

95 491 217 526 Βέρῤοιαν
234 491 400 525 ἀφιξόμενος
426 490 534 522 νυκτὸς,
551 490 598 517 καὶ
621 490 670 520 τὰς
687 490 735 523 μὲν
750 490 874 524 τριήρεις

95 537 196 563 ἐκέλευε
210 537 273 567 τοὺς
285 536 438 570 ναυάρχους
453 534 664 569 ἐφοπλίσαντας,
685 534 802 568 ἄγοντας
825 533 873 560 καὶ

93 584 151 614 τοὺς
168 582 334 618 βαρϐάρους,
346 582 392 608 ὲπί
407 590 469 608 τινα
491 582 613 616 ποταμδν
627 580 680 607 τῶν
708 580 828 607 ἀεννὰωυ
842 580 872 606 οὑ

93 629 158 655 πάνυ
174 628 270 663 πόρρω
287 627 384 663 ῥέοντα
400 627 546 662 Βερροίας,
572 627 605 652 ἐκ
631 626 804 661 συνθήματος
830 626 875 652 ὲ).-

93 675 154 707 οεῑν,
170 675 218 701 καὶ
239 675 399 709 περιμένειν
421 673 546 709 βασιλέα.
567 673 653 705 Αὐτὸς
676 673 704 700 δὲ
727 673 777 708 τήν
797 681 827 700 τε
842 673 875 699 ἐκ

93 721 287 755 Θεσσαλονίκης
301 721 376 754 ἄγων
389 720 530 755 στρατιὰν,
545 721 592 746 καὶ
605 720 659 746 τῶν
673 720 706 746 ὲκ
721 719 873 752 Βυζαντίου

92 766 233 800 ἑπομένων
248 765 300 792 οὐκ
318 765 435 798 ὀλίγους,
447 764 564 792 αὐτόθεν
585 764 685 795 ἵππους
703 772 875 799 συμπορισα-

92 811 197 844 μένους.
211 811 243 837 ὲκ
259 810 307 845 τῆς
328 810 444 846 ἠπείρου
459 810 528 845 πρὸς
542 810 674 845 Βέρροιαν
696 809 806 846 ἐχώρει,
823 809 873 845 βα·
891 801 911 829 Β

93 856 165 883 σιλέα
180 856 226 883 τὸν
239 855 299 882 νέον
316 856 345 882 ὲν
360 855 549 891 Θεσσαλονίκῃ
564 855 735 884 καταλιπών.
754 857 798 883 Ἐν
812 856 875 892 Βερ-

92 901 150 937 ῥοίᾳ
167 901 195 928 δὲ
210 901 257 928 καὶ
270 901 402 936 πρότερον
420 901 470 936 μὲν
484 899 554 937 ἦσαν
569 902 618 928 οὐκ
632 901 718 935 ὀλίγοι
732 902 876 939 Τριδαλῶν

91 947 142 974 ὑπὸ
166 947 262 983 Κράλῃ
291 948 510 982 κατῳκισμένοι,
533 948 564 974 οὺ
594 956 760 981 στρατιωται
783 949 875 984 μόνον,

89 992 156 1019 ἀλλὰ
171 993 220 1019 καὶ
234 992 288 1019 τῶν
301 993 434 1025 δυνατῶν,
445 993 489 1019 διά
504 1002 534 1019 τε
548 993 598 1028 τὴν
612 993 697 1028 ἄλλην
707 995 756 1029 τῆς
769 994 875 1026 πόλεως

83 1039 202 1075 ,εὐφυΐαν
214 1047 222 1054 ο
234 1039 341 1070 οὐδενος
356 1039 410 1073 γὰρ
421 1040 476 1064 τῶν
487 1039 537 1065 ὃσα
553 1039 632 1065 πόλιν
643 1038 792 1072 εὐδαίμονα
805 1041 877 1067 ποιεῖ

89 1085 169 1117 ἐνδεῖ,
184 1085 231 1111 καὶ
249 1085 292 1111 διὰ
314 1085 344 1110 τὺ
363 1085 485 1120 μεγάλην
504 1083 586 1118 εἶναι,
608 1086 656 1111 καὶ
673 1085 788 1118 πολλοὺς
812 1087 876 1118 τοὺς

89 1131 261 1162 ἐνοικοῦντας
285 1130 371 1165 ἔχειν,
389 1131 419 1156 οὐ
446 1130 558 1165 δημώδη
588 1130 670 1166 μόνον
694 1131 784 1165 δχλον,
806 1131 878 1158 ἀλλὰ

89 1175 135 1201 καὶ
152 1174 336 1210 στρατιώτας,
350 1175 395 1201 καὶ
408 1175 459 1201 οὐκ
473 1175 580 1208 ὀλίγους
593 1175 649 1202 τῶν
668 1176 858 1210 συγκλητικῶν
868 1184 874 1191 ·

87 1218 124 1248 ὢν
139 1223 204 1252 τοὺς
220 1221 331 1251 πλείους
347 1221 409 1253 μὲν,
423 1220 439 1256 ἢ
454 1221 560 1252 πάντας
590 1221 605 1248 ὁ
626 1221 738 1257 Κράλης
762 1222 877 1258 ἐξήλασε

89 1265 244 1301 κατασχὼν,
260 1266 335 1300 ὅμως
349 1265 389 1292 ἔτι
409 1266 459 1300 τὴν
471 1266 644 1294 ἀποστασίαν
657 1266 752 1299 δεδιὼς
767 1268 817 1302 τῆς
829 1268 878 1295 πό-

87 1311 163 1343 λεως,
182 1312 355 1346 στρατιώτας
372 1319 402 1337 τε
416 1311 608 1347 ἐγκατῴκισεν
623 1313 674 1339 οὐκ
698 1313 816 1348 ὀλίγους,
830 1315 878 1341 καὶ

87 1356 140 1382 τῶν
154 1356 222 1391 παρ’
237 1355 312 1390 αὐτῷ
326 1355 465 1390 ἐπιφανῶν
479 1364 558 1388 τινας
568 1364 578 1374 '
590 1356 751 1392 ἀκροπόλεις
765 1357 794 1384 δὲ
806 1357 879 1384 olito-

87 1402 211 1436 δομήσας
227 1401 285 1433 δύο,
297 1402 348 1436 τὴν
364 1402 414 1436 μὲν
428 1402 641 1438 ἀπηρτισμένην
654 1404 757 1438 πάντη,
770 1402 878 1438 φρουρὰ

88 1448 205 1482 κατέσχε
223 1448 371 1483 Γερμανῶν
384 1448 432 1484 τὴν
446 1448 515 1484 πρὸς
529 1450 562 1484 τῇ
575 1449 707 1484 Βασιλικῇ
723 1448 877 1484 καλουμένῃ

89 1539 145 1564 ἀλλ’
160 1539 256 1573 ὥσπερ
275 1539 363 1574 μικρὰ
377 1540 453 1571 πόλις
474 1540 503 1566 ἐν
524 1540 639 1575 μεγάλῃ.
652 1541 744 1576 Μέρος
759 1541 812 1575 γὰρ
828 1541 879 1567 οὐκ

86 1585 177 1618 ὀλίγον
192 1585 239 1612 τοῦ
253 1585 397 1620 περιὸόλου
424 1586 474 1620 τῆς
497 1587 609 1622 πρώτης
627 1587 733 1618 πόλεως
747 1587 880 1622 ἀποτεμό-

90 1640 171 1665 μενος
186 1632 348 1666 διετείχιζεν
361 1631 408 1658 ἐπὶ
420 1632 454 1658 τὰ
470 1632 544 1659 ἔνδον
558 1633 607 1664 τὰς
623 1633 712 1664 οἰκίας
727 1633 878 1668 καθαιρῶν,

88 1678 135 1704 καὶ
156 1677 281 1712 πύργους
293 1678 388 1713 ἀνίστη
405 1678 448 1712 ἐφ’
467 1678 508 1704 ἐνὶ
522 1678 561 1713 τῷ
577 1679 700 1713 μεγίστῳ
713 1680 787 1713 τρεῖς
799 1679 879 1706 ὲλάσ-

90 1732 165 1756 σους,
193 1725 243 1750 καὶ
266 1725 320 1750 τῶν
336 1724 408 1750 κατὰ
428 1724 462 1750 τὰ
482 1724 657 1759 μεσοπύργια
679 1725 776 1760 τειχῶν
792 1726 879 1760 πάχος

88 1770 252 1806 σύμμετρον
266 1770 381 1805 ἑχόντων
407 1771 506 1801 διπλᾶς
520 1770 606 1797 ἐποίει
624 1772 672 1803 τὰς
688 1771 826 1805 ἐπάλξεις,
846 1771 879 1798 ῐν⁹

86 1816 112 1841 εἰ
139 1815 241 1847 δέοιτο,
265 1815 308 1849 ἐφ’
324 1815 420 1850 ἕτερον
445 1815 515 1842 ίὲναι
532 1815 561 1848 ἐξ
579 1817 686 1851 ἑτέρου,
702 1817 782 1851 ῥᾳδία
803 1817 846 1852 εἴη
861 1818 878 1852 ὴ

86 1860 242 1895 διεξαγωγή
256 1869 263 1876 ·
282 1860 332 1887 κᾶν
351 1862 374 1887 εί
393 1861 517 1896 συμὸαίη
535 1861 584 1896 τὴν
601 1862 750 1897 ἀκρόπολιν
766 1863 879 1896 ἁλῶναι,

88 1907 174 1942 μηδὲν
202 1906 445 1940 παραῦλὰπτοιντο
468 1907 493 1933 οι
521 1907 642 1941 φύλακες
659 1909 761 1942 ὁμοίως
782 1909 835 1935 ἀπό
849 1918 879 1935 τε

86 1953 143 1978 τῶν
160 1953 214 1985 ἕξω
228 1953 275 1978 καὶ
297 1952 352 1978 τῶν
374 1953 450 1979 ἔνδον
471 1953 621 1988 πολεμίων.
641 1953 751 1988 Ταύτην
767 1954 816 1989 μὲν
833 1954 879 1981 οὖν

85 1998 220 2033 τοιαύτην
244 1997 336 2028 οὖσαν.
362 1999 412 2025 οὐκ
440 1998 559 2034 ἔφθασεν
586 1999 626 2031 εἰς
653 1999 729 2031 τέλος
754 2001 878 2034 ἀγαγεῖν,

86 2044 160 2071 ἀλλὰ
174 2044 221 2070 τοῦ
237 2045 423 2080 προσήκοντος
444 2043 527 2079 ὕψους
545 2045 728 2072 ἀπελείποντο
740 2046 763 2072 oi
778 2045 880 2080 πύργοι

85 2090 141 2118 ἔτι.
155 2090 207 2117 Διά
218 2099 249 2116 τε
264 2090 310 2116 οὖν
327 2091 375 2121 τὰς
393 2091 541 2126 εἰρημένας
557 2091 658 2123 αἰτίας,
673 2091 766 2117 πολλοὶ
781 2091 882 2126 Τρισα-

922 179 1033 207 operam
1053 172 1167 200 viriliter
1187 170 1358 199 contulisset.
1375 170 1489 204 Jamque
1505 169 1652 204 imperator
1678 172 1708 194 ut

923 217 1079 245 Berrhceam
1094 222 1177 245 noctu
1193 218 1247 245 iret
1261 225 1291 244 se
1304 216 1493 250 comparabat,
1511 215 1641 242 mandans
1657 222 1708 240 na-

923 254 1042 294 varehis,
1070 262 1195 289 triremes
1223 262 1400 292 instruerent,
1430 265 1457 287 et
1476 260 1606 286 barbaros
1629 259 1709 285 simul

923 308 1063 339 ducentes.
1083 308 1110 334 in
1128 307 1239 334 ﬂuvium
1254 307 1398 342 quemdam
1415 313 1575 341 perennem,
1593 313 1647 332 nou
1661 307 1710 332 ad-

925 354 1033 381 modum
1050 353 1178 381 Berrhtea
1199 352 1293 388 procul
1311 355 1479 382 manantem,
1509 359 1541 378 ex
1556 351 1709 385 compositu

924 400 1060 431 venirent,
1086 399 1179 434 ibique
1203 406 1234 426 se
1259 401 1462 433 exspectarem.
1494 396 1554 430 Ipse
1567 403 1631 422 vero
1654 400 1709 422 tum

924 453 957 473 ex
973 446 1166 473 Thessalonica
1181 445 1351 480 praesidium,
1370 449 1427 471 tum
1441 443 1486 478 qui
1504 451 1520 470 e
1538 443 1665 478 Bytautio
1682 449 1711 468 se

925 496 1083 526 sequentes,
1107 499 1160 518 nou
1174 499 1276 526 paucos
1292 491 1356 517 inde
1381 497 1469 524 equos
1494 489 1710 524 conquisi‘mnl,

924 535 1026 563 ducens
1045 544 1077 562 et
1106 536 1264 564 centineute
1277 535 1447 566 Berrhteam,
1474 534 1640 568 imperatore
1665 533 1711 566 ju-

925 581 1001 608 niore
1013 581 1213 609 Thessalonica:
1229 581 1324 608 relicto
1334 601 1342 613 ,
1357 581 1479 616 petebat.
1509 580 1639 607 Berrhcea
1664 587 1714 605 au-

926 630 993 657 tem.
1024 627 1076 654 etsi
1099 628 1152 663 jam
1188 632 1270 655 antea
1295 627 1372 655 multi
1405 627 1533 662 degerent
1559 626 1713 658 Trib:tl|i,a

924 671 1003 700 Crale
1013 680 1045 700 eo
1058 674 1208 701 habitatum
1226 674 1313 707 missi,
1331 681 1385 701 non
1398 673 1498 700 milites
1510 673 1601 705 modo,
1617 680 1711 699 verum

925 719 1007 746 etiam
1025 720 1151 748 homines
1165 721 1282 756 eopiosi,
1300 725 1357 747 tum
1375 724 1487 755 propter
1502 724 1627 746 cmteram
1640 726 1715 745 com-

925 764 1086 792 moditatem
1116 765 1198 801 (nihil
1214 766 1348 800 siquidem
1365 773 1459 792 eorum
1475 772 1535 799 qua:
1549 764 1641 791 urbem
1666 765 1714 790 nli-

925 818 1006 845 quam
1023 811 1127 838 beatam
1147 811 1264 844 faciunt,
1281 811 1334 838 illic
1348 810 1446 844 deest),
1466 815 1521 838 tum
1539 811 1601 845 quia
1622 818 1676 844 am;
1688 809 1712 836 la

925 861 978 890 est,
995 857 1146 892 multisque
1163 857 1261 884 incolis
1275 857 1413 892 frequens,
1429 863 1482 883 non
1503 856 1610 891 plebeia
1622 856 1711 882 solum

927 902 1016 935 turba,
1045 902 1093 929 sed
1118 906 1146 929 et
1173 902 1302 930 militibus
1334 906 1361 929 et
1387 901 1577 937 optimatibus,
1596 909 1711 936 quorum

925 947 1028 982 plures,
1039 948 1082 975 vel
1090 955 1186 975 omnes
1196 947 1287 982 potius
1302 947 1396 975 Crales
1407 955 1437 974 ea
1450 953 1581 982 occupata
1597 947 1712 982 expulit,

927 994 1013 1021 nihilo
1035 994 1126 1021 minus
1153 994 1242 1021 adhuc
1258 994 1319 1029 ejus
1335 994 1515 1021 defectionem
1533 995 1642 1026 timens,
1655 1002 1711 1021 non

926 1046 1028 1074 paucos
1042 1039 1144 1067 milites
1173 1044 1202 1067 et
1220 1039 1323 1066 nobiles
1348 1039 1450 1074 aliquot
1474 1039 1513 1066 ibi
1538 1039 1629 1066 Stabili
1648 1039 1713 1066 sede

926 1085 1084 1113 collocarat.
1111 1086 1195 1112 Arces
1221 1093 1302 1120 porro
1326 1085 1480 1112 construxit
1503 1085 1583 1113 duas.
1601 1085 1640 1112 Ac
1654 1093 1714 1112 om-

927 1131 992 1158 nino
1014 1131 1122 1166 quidem
1135 1130 1270 1166 perfccun,
1287 1131 1320 1158 ad
1345 1135 1450 1166 portam
1468 1138 1528 1165 quae
1545 1131 1628 1166 Regia
1646 1131 1715 1158 dici-

928 1182 981 1209 tur,
1000 1176 1150 1214 Germanos
1166 1175 1351 1211 prmsidiarios
1364 1176 1512 1210 imposuit:
1523 1175 1605 1203 altera
1616 1176 1714 1203 etiam-

927 1229 993 1249 num
1030 1221 1157 1257 praesidio
1178 1222 1307 1252 carebat;
1353 1229 1408 1248 non
1445 1221 1517 1248 enim
1557 1226 1611 1248 tam
1641 1229 1714 1255 arx,

928 1276 1009 1303 quam
1027 1275 1118 1305 parva
1144 1268 1209 1295 urbs
1223 1268 1251 1294 in
1268 1275 1365 1302 magna
1380 1271 1437 1294 erat
1462 1267 1528 1302 (l0).
1545 1267 1625 1294 Parte
1641 1267 1714 1295 enim

927 1322 982 1342 non
1002 1314 1098 1350 exigua
1113 1313 1147 1341 de
1157 1315 1262 1341 ambitu
1279 1314 1380 1349 prioris
1397 1313 1473 1341 urbis
1485 1314 1618 1346 abscissa,
1635 1322 1714 1341 muro

928 1368 988 1388 eam
1007 1360 1191 1393 discludebat,
1219 1360 1277 1387 solo
1297 1360 1414 1395 aequatis
1433 1360 1548 1392 wdibus.
1573 1365 1600 1387 et
1627 1365 1715 1388 turres

930 1407 1062 1443 erigebat,
1082 1411 1143 1440 post
1172 1414 1252 1433 unam
1271 1407 1417 1434 maximam
1434 1411 1489 1434 tres
1504 1407 1636 1438 minores,
1653 1399 1715 1434 mu-

892 1465 913 1494 c
930 1460 1076 1487 rerumque
1091 1452 1161 1478 inter
1176 1456 1266 1479 turres
1284 1452 1465 1480 crassitudine
1476 1452 1530 1479 illis
1547 1452 1715 1487 responden~

90 1494 174 1528 πύλῃ,
188 1495 204 1528 ἡ
221 1493 304 1528 λοιπὴ
317 1493 344 1520 δὲ
362 1495 446 1521 ἐνέδει
460 1495 511 1521 ἔτι.
534 1495 571 1522 Οὐ
590 1495 643 1530 γὰρ
658 1494 808 1529 ἀκρόπολις
831 1492 876 1530 ἦν,
892 1527 899 1532 _

930 1500 997 1526 tium
1012 1498 1129 1533 duplicia
1153 1498 1365 1534 propugnacula,
1386 1505 1435 1525 seu
1459 1498 1559 1532 pinnas
1586 1497 1712 1529 faciebat,

928 1551 959 1573 ut
973 1546 996 1573 si
1012 1552 1082 1580 opus
1094 1544 1174 1577 foret,
1194 1544 1228 1571 ab
1243 1552 1295 1571 una
1312 1544 1339 1571 in
1353 1544 1466 1571 alteram
1482 1543 1561 1570 facile
1577 1551 1716 1570 commea-

927 1595 990 1618 rent
1004 1590 1103 1618 militcs
1119 1600 1125 1617 τ
1145 1594 1172 1617 et
1185 1590 1207 1617 si
1225 1597 1271 1616 arx
1286 1589 1357 1616 forte
1376 1593 1528 1624 caperetur,
1543 1589 1668 1616 custodes
1679 1589 1714 1616 ab

929 1635 1055 1663 hostibus
1083 1643 1159 1670 aeque
1185 1635 1259 1662 intus
1292 1641 1324 1661 ac
1350 1633 1416 1661 foris
1443 1634 1509 1660 nihil
1541 1634 1714 1661 laederentur.

929 1682 1004 1709 Hanc
1019 1682 1100 1717 igitur
1115 1689 1205 1709 arcem
1232 1681 1273 1708 sic
1298 1680 1448 1707 institutam
1460 1680 1494 1707 ad
1510 1680 1590 1707 linem
1615 1681 1715 1715 perdu-

930 1734 992 1754 cere
1006 1735 1060 1754 uon
1079 1727 1178 1762 potuit,
1195 1726 1243 1754 sed
1257 1726 1425 1753 conveniens
1447 1725 1562 1753 altitudo
1590 1725 1715 1753 turribus

929 1774 1020 1800 adhuc
1033 1773 1136 1800 deerat.
1151 1772 1267 1806 Propter
1281 1779 1377 1798 causas
1393 1772 1478 1806 igitur
1492 1779 1507 1798 a
1532 1778 1576 1798 me
1599 1771 1714 1806 positas,

929 1827 1026 1854 magna
1041 1825 1069 1846 et
1083 1818 1211 1846 bellicosa
1225 1817 1408 1844 Triballorum
1422 1816 1463 1844 vis
1486 1816 1644 1844 Beirhaaam
1675 1817 1716 1844 iu-

930 1865 1036 1892 colebat
1052 1873 1059 1891 :
1078 1869 1106 1891 et
1122 1868 1184 1891 tunc
1200 1867 1310 1898 propter
1321 1861 1451 1889 infestum
1480 1862 1653 1897 imperatoris
1667 1863 1717 1890 ad-

930 1915 1039 1937 ventum
1054 1917 1107 1936 uou
1121 1910 1197 1943 pauci
1216 1909 1242 1935 iu
1265 1908 1332 1935 vicis
1359 1907 1523 1941 habitantes,
1543 1908 1615 1943 quod
1630 1913 1658 1935 et
1685 1915 1716 1935 se

931 1955 1055 1982 iuvasum
1073 1954 1106 1981 iri
1122 1957 1287 1985 metuerent,
1302 1960 1334 1980 co
1346 1953 1548 1985 confluxerant,
1576 1952 1717 1980 custodie-

931 2001 1065 2035 baturque
1077 2001 1141 2028 urbs
1154 2004 1233 2027 noctu
1263 2004 1289 2026 et
1315 1998 1436 2026 interdiu
1460 1998 1614 2033 vigilanter,
1632 2002 1659 2026 et
1682 1999 1716 2026 ad

932 2048 1036 2074 hostem
1053 2046 1265 2086 propulsandum
1284 2052 1344 2071 sese
1360 2045 1541 2072 instruebant.
1560 2045 1626 2077 Quae
1653 2051 1716 2072 cum

932 2097 959 2119 et
976 2090 1122 2126 imperator
1142 2090 1363 2126 exploratissime~
1374 2090 1467 2121 sciret,
1487 2097 1541 2116 non
1555 2094 1646 2124 aperte
1668 2097 1716 2117 eos

84 2136 142 2162 λῶν
161 2135 331 2170 ὲνδιέτριὸον
352 2136 482 2171 Βερῤοίᾳ,
497 2135 546 2162 καὶ
569 2135 718 2170 ἀξιόμαχος
743 2136 859 2171 στρατιά
871 2144 877 2151 '

934 2136 1227 2173 aggrediebatur,quod
1239 2143 1268 2162 sc
1282 2136 1315 2162 ad
1334 2139 1387 2161 tam
1402 2134 1501 2162 multos
1514 2135 1716 2170 expugnatione

85 2182 137 2208 καὶ
151 2182 214 2208 τότε
234 2181 278 2207 διὰ
293 2181 342 2215 τὴν
358 2181 492 2215 βασιλέως
504 2181 599 2215 ἔφοδον
615 2181 664 2207 οὐκ
676 2181 762 2215 ὀλίγοι
776 2183 808 2208 ἐκ
828 2182 882 2208 τῶν

86 2228 118 2253 ὲν
132 2228 196 2258 ταῖς
208 2227 316 2261 κώμαις
329 2227 542 2262 κατῳκισμένων
556 2226 705 2262 συνῆλθονς·
720 2226 880 2254 ὑπώπτευον

85 2273 146 2308 γὰρ
164 2273 213 2300 καὶ
232 2273 310 2299 αὐτοὶ
329 2272 443 2308 βασιλέα
456 2274 645 2308 ἐπιχειρήσειν
662 2273 746 2307 σφίσι,
768 2274 816 2300 καὶ
833 2274 882 2308 τῆς

84 2328 117 2345 τε
136 2319 245 2350 πόλεως
263 2319 403 2345 ἐποιοῦντο
418 2318 542 2354 φυλακὴν
561 2321 608 2346 καὶ
623 2320 743 2354 νύκτωρ.
756 2321 802 2346 καὶ.
821 2319 882 2353 μεθ’

84 2365 200 2400 ἡμέραν
228 2365 259 2391 οὒ
288 2364 441 2400 ῥᾳθύμως·
464 2367 512 2393 καὶ
539 2365 779 2401 παρεσκευάζοντο
813 2364 880 2398 πρὺς

84 2412 213 2445 ἄμυναν,
225 2412 258 2446 ἦν
276 2419 317 2442 τις
336 2411 428 2442 αὐτοῖς
441 2411 519 2446 ἐπίῃ.
537 2413 570 2438 Ἀ
594 2412 642 2438 καὶ
658 2411 783 2446 βασιλεὺς
796 2410 879 2444 σαφέ-

85 2464 180 2482 στατα
203 2456 294 2488 είδὼςς
312 2457 343 2482 οὐ
361 2457 488 2491 φανερῶς
514 2457 670 2493 ἐπεχείρει·
688 2457 747 2492 ᾔδει
771 2456 825 2491 γὰρ
849 2456 880 2482 οὺ

82 2502 207 2533 δυνατὸς
223 2502 351 2536 ἐσόμενος
367 2502 512 2534 τοσούτους
526 2502 572 2538 βίᾳ
595 2502 721 2537 αἱρήσειν
739 2503 808 2537 μετὰ
826 2501 881 2528 τῶν

81 2547 195 2582 τειχῶν
207 2554 214 2562 ⁸
231 2547 290 2574 ἀλλ’
305 2547 353 2573 ἐπὶ
375 2547 480 2583 κλοπὴν
495 2547 592 2583 ἐχώρει
609 2547 721 2582 μᾶλλον,
736 2547 787 2574 οὐκ
803 2546 882 2580 ὀλίγα

82 2594 140 2620 καὶ
166 2594 225 2624 τοῖς
246 2593 392 2628 ἐγχωρίοις
415 2594 564 2626 πεποιθὼς,
582 2593 619 2624 ὡς
642 2594 822 2628 συστήσονται
837 2591 884 2618 ἐπὶ

82 2639 158 2671 τοὺς
182 2638 330 2675 πολεμίους
355 2640 389 2676 ἢν
413 2639 561 2667 αἴσθωνται
577 2639 652 2667 ἔνδον
664 2638 739 2673 (ivra,
754 2638 803 2665 καὶ
819 2645 885 2672 συγ-

933 2183 1098 2218 subigendos
1113 2183 1216 2210 viribus
1232 2183 1362 2216 imparem
1380 2186 1484 2213 nosset,
1513 2181 1561 2208 sed
1591 2181 1623 2208 ad
1643 2181 1716 2207 furta

933 2236 962 2256 se
976 2228 1152 2257 convertebat
1170 2227 1270 2262 potius,
1283 2235 1337 2254 non
1353 2234 1447 2261 parum
1466 2231 1494 2253 et
1511 2226 1610 2253 incolis
1627 2226 1714 2253 conli-

933 2281 994 2306 Sus;
1021 2273 1101 2308 772
1120 2281 1221 2308 nempe
1241 2273 1264 2299 si
1277 2280 1305 2299 sc
1320 2273 1392 2299 intus
1409 2278 1469 2298 esse
1481 2272 1718 2307 cognoverint,si-

933 2320 988 2345 mul
1006 2319 1034 2345 iu
1051 2320 1142 2345 hostes
1158 2322 1339 2349 surrecturos,
1354 2317 1519 2351 bellumque~
1532 2324 1624 2344 secum
1648 2324 1716 2343 con-

933 2364 1062 2392 fecturos.
1075 2365 1170 2399 Itaque
1181 2371 1344 2398 magnopere
1360 2363 1483 2395 studens,
1501 2369 1535 2389 ne
1550 2362 1576 2388 iu
1608 2361 1717 2388 Tribal-

933 2411 973 2438 los
986 2410 1025 2438 ire
1041 2415 1211 2442 nosceretur,
1225 2417 1257 2437 ex
1278 2413 1420 2444 compacto
1448 2416 1509 2436 cum
1534 2408 1653 2436 exercitu
1682 2407 1716 2436 ad

934 2457 1036 2484 ﬂumen
1057 2456 1143 2484 venit.
1169 2456 1306 2483 Trircuit‘l
1330 2460 1420 2482 autem
1446 2455 1566 2482 nondum
1589 2455 1715 2482 aderant.

932 2501 1000 2530 Curti
1016 2502 1088 2529 enim
1103 2505 1196 2528 essent
1209 2500 1242 2528 ad
1258 2500 1359 2527 ostium
1383 2499 1513 2532 ﬂuminis,
1535 2507 1551 2526 e
1578 2499 1645 2527 mari
1672 2504 1715 2526 at-

933 2555 986 2582 que
1006 2554 1021 2574 e
1044 2546 1126 2573 ﬂuvio
1151 2546 1179 2573 iu
1196 2546 1309 2573 modum
1329 2546 1436 2581 aggeris
1462 2551 1573 2581 aggesto
1600 2545 1658 2572 luto
1673 2547 1716 2580 (ut

933 2596 1006 2620 amat
1035 2591 1293 2627 aceidere),aditus
1319 2591 1353 2619 ad
1377 2591 1571 2619 transeundum
1598 2589 1714 2617 obtineri

933 2646 987 2667 non
1003 2641 1111 2673 poterat
1127 2645 1134 2664 :
1167 2642 1195 2666 et
1222 2637 1353 2667 navarchi
1371 2637 1406 2665 ad
1420 2644 1505 2665 naves
1532 2634 1714 2671 expediendas

710 2707 819 2739 Jacobi
836 2707 968 2739 Pontani
985 2710 1079 2739 notes.

130 2772 190 2808 (10)
210 2771 305 2800 Graece
322 2771 447 2799 festivius
460 2775 572 2807 propter
587 2770 813 2806 παρωνομασίαν.

255 2819 394 2848 ΡΑτιιοι..
412 2819 470 2849 (in.
489 2815 593 2848 CLlV.
608 2835 613 2839 -
