1933 3083
173 88 222 123 141

740 91 1004 123 HISTORIARUM
1026 91 1140 122 LIBER
1160 93 1209 124 IV.

1741 98 1792 131 142

174 147 290 174 Ἔπειτᾱ
304 145 428 178 ἐλθόντες
445 147 491 174 ἐπὶ
503 147 590 184 πύλην
611 148 660 183 τὴν
682 149 860 185 Ὀψικκιανὴν
876 157 943 184 upon

1011 151 1082 181 ptam
1098 148 1357 184 animadvertentes,
1373 151 1489 186 primttm
1503 153 1536 180 ad
1564 153 1706 188 prxrl‘vctos
1727 163 1788 183 cum

172 192 388 226 αγορευομένην,
414 191 518 228 ἑτέροις
545 193 671 229 ἐνέτυχον
697 194 795 229 φύλαξι
820 195 954 228 πολίταις,

170 237 218 266 οὓς
228 237 353 263 ἐκέλευον
367 239 556 272 συμπράττειν
567 239 654 274 σφίσι,
674 241 955 278 καὶλκαταρῤηγνύναι

170 283 236 314 τοὺς
253 282 369 317 μοχλούς
382 291 389 299 ·
400 283 496 310 θᾶττον
512 284 539 310 δὲ
557 285 573 319 ἢ
597 285 676 319 λόγος
693 287 791 313 ἐκεῖνοι
805 287 853 319 τὰς
868 288 956 319 πύλας

170 328 368 360 διανοιξαντες,
393 329 559 364 είσεδέχοντο
580 330 704 366 βασιλέα.
726 332 754 359 '0
773 332 811 365 δὲ,
829 334 882 360 τῶν
896 334 956 368 ἀρί-

170 382 241 400 στων
251 374 360 407 ὀλίγους
370 375 438 409 πρὸς
451 376 508 407 ταῖς
518 375 618 408 πύλαις
629 377 774 412 κατασχὼν
785 380 849 414 περὶ
862 379 953 412 αὑτὸν,

168 418 232 448 τοὺς
247 417 341 450 ἄλλους
356 418 430 445 ἔνδον
444 419 551 447 ἐκέλευε
563 422 672 456 χωρεῖν,
686 423 733 448 καὶ
748 423 952 457 συμπλέκεσθαι

168 466 226 496 τοῖς
242 465 394 499 πολεμίοις.
412 466 481 497 Τοὺς
498 466 526 493 δὲ
555 468 603 494 καὶ
626 469 701 502 μόνοι
718 469 820 504 ἦρκουν
833 470 954 504 διαφθεί-

169 519 229 545 ρειν
244 511 269 538 οἱ
287 511 425 547 ἐγχώριοι.
448 512 492 543 Ὧς
510 513 564 548 γὰρ
579 513 692 548 ᾔσθοντο
710 515 784 542 ἔνδον
799 515 863 542 ὄντα
877 517 954 551 βασι-

166 556 226 586 λέα,
239 557 288 591 τῆς
312 558 449 592 εὐφημίας
475 559 543 585 πᾶσι
569 560 700 595 ποιούσης
718 561 809 596 δῆλον,
824 562 953 590 ἐπέθεντο

166 602 266 629 αὐτίκα
279 602 436 636 Τριϐαλοίς,
466 605 514 631 καὶ
531 605 566 633 τά
586 614 616 632 τε
643 606 709 633 ὂντα
727 607 889 642 διήρπαζον,
905 609 952 636 καὶ

168 648 373 683 συνελάμϐανον
389 650 416 677 et
435 659 488 677 που
509 652 683 687 περιτύχοιέν
696 661 760 682 τινι.
776 655 806 680 Ol
821 654 952 689 Τρισαλοὶ

165 692 205 723 δὲ,
220 693 281 720 ἐπεὶ
299 694 448 730 ᾐσθάνοντο
461 695 613 724 ἑαλωκυῖαν
626 697 767 734 Βέρῤοιαν,
777 700 873 735 πρῶτα
901 701 951 736 μὲν

165 739 212 764 ἐπὶ
223 740 287 771 τοὺς
298 741 432 775 ἄρχοντας
449 742 577 770 συνέθεον
592 745 761 779 πανταχόθεν
771 746 950 782 ὠπλισμένοι,

164 784 202 816 ὡς
220 785 236 819 ἢ
252 786 437 821 ἀμυνούμενοι
450 788 484 814 ἂν
498 788 588 824 iam}
606 789 657 821 τὰς
670 791 739 825 πρὸς
750 793 784 827 τῇ
802 792 949 827 ἀκροπόλει

164 830 253 862 πύλας
263 831 447 865 διανοίξαντες
470 835 704 869 ἀποδιδράσκοιεν.
722 837 782 865 Τῶν
799 838 949 875 βαρϐάρων

163 875 193 902 δὲ
204 876 396 910 ἀλαλαξάντων
411 879 512 912 ἔξωθεν
529 880 579 915 τῆς
588 882 775 917 ἀκροπόλεως,
785 884 884 912 αὐτίκα
896 887 950 912 πᾶ-

164 930 214 948 σαν
224 922 318 950 ἐλπίδα
331 925 469 959 σωτηρίας
477 926 653 961 ἀπογνόντες,
665 929 820 960 τῶνῖππων
833 931 949 958 ἀποϐαί-

163 976 264 1001 νοντες,
279 969 406 1004 είσῄεσαν
423 971 463 1003 είς
480 971 531 1007 τὴν
545 972 703 1007 ἀκρόπολιν,
726 977 824 1008 παῖδας
838 978 885 1003 καὶ
898 986 948 1011 γυ-

163 1015 259 1046 ναῖκας
284 1015 402 1051 ἔχοντες,
419 1017 475 1043 τῶν
500 1018 528 1044 δὲ
553 1018 641 1046 ἄλλων
657 1020 751 1048 οὐδένα
780 1022 858 1056 λόγον
874 1024 950 1050 ἑποι-

161 1059 249 1087 οὖντο.
265 1061 368 1087 Ὄντων
391 1062 419 1088 δὲ
435 1062 552 1096 πολλῶν,
565 1065 714 1098 τριάκοντα
732 1066 786 1101 γὰρ
801 1064 872 1102 ἦσαν
894 1069 949 1095 τῶν

161 1107 333 1141 εὐπατριδῶν
351 1110 409 1143 ἅμα
428 1110 538 1143 γυναιξὶ
565 1111 612 1137 καὶ
633 1111 749 1145 τέκνοις,
773 1114 798 1140 οἳ
814 1123 948 1150 στρατιω-

161 1153 215 1179 τῶν
243 1154 344 1186 πάντες
370 1153 466 1190 ἦρχον,
480 1156 648 1190 στρατιῶται
661 1158 690 1184 δὲ
707 1161 880 1187 πεντακόσιοι
900 1162 947 1188 καὶ

160 1198 252 1233 χίλιοι,
270 1200 331 1226 ἐπεὶ
348 1201 383 1227 τὰ
402 1202 452 1236 τῆς
471 1202 648 1237 ἀκροπόλεως
665 1204 743 1239 τείχη
769 1206 817 1232 καὶ
837 1208 860 1233 οἱ
875 1207 945 1242 πύρ-

161 1251 204 1276 γοι
218 1241 288 1278 ἦσαν
301 1246 417 1279 ἀτελεῖς,
434 1248 459 1273 οι
475 1247 526 1280 μὲν
549 1247 679 1283 ἄρχοντες
695 1250 752 1285 ἅμα
766 1252 874 1284 γυναιξὶ
898 1254 946 1280 καὶ

159 1290 266 1321 τέκνοις
287 1291 328 1323 είς
351 1291 398 1318 ἕνα
420 1292 475 1319 τῶν
498 1293 611 1333 πύργων
630 1294 715 1329 ὕψους
737 1297 836 1328 ἱκανῶς
851 1299 945 1333 ἔχοντα

162 1335 290 1370 εἰσῄεσαν
304 1344 311 1351 ·
327 1337 357 1362 τὺ
373 1337 396 1363 δ’
422 1338 486 1364 ἄλλο
512 1330 568 1366 new
586 1340 772 1375 ’στρατιωτῶν
795 1343 904 1378 πλῆθος,
921 1346 945 1372 oi

161 1381 212 1416 μὲν
235 1382 469 1417 συνελαμϐάνοντο
484 1384 583 1412 αὐτίκα
595 1394 603 1402 ⁶
619 1387 643 1412 oi
655 1386 684 1413 δὲ
711 1388 778 1422 πρὸς
791 1389 840 1421 τὰς
855 1391 944 1422 οἰκίας

157 1427 378 1461 κατεκρύτιτοντο
396 1429 470 1463 τιαρά
487 1431 551 1461 τοὺς
568 1431 672 1465 φίλους.
699 1432 730 1459 Οί
753 1433 889 1468 Γερμανοὶ
914 1436 942 1462 ῑὲ

155 1471 206 1507 τὴν
220 1472 317 1507 ἑτέραν
331 1472 404 1508 εἶχον
419 1475 567 1510 ἀκρόπολιν
581 1477 642 1503 καθ’
659 1478 782 1510 ἑαυτοὺς,
796 1480 812 1516 ἢ
828 1481 895 1516 πρὸς
909 1484 940 1518 τῇ
958 1502 976 1530 c

157 1518 281 1530 O__.\i..x
308 1519 371 1530 _.._\A
398 1529 401 1530 ν
419 1520 427 1530 ι
448 1529 460 1530 ψ
519 1521 538 1530 ικ
589 1520 602 1530 τ
668 1524 706 1530 -ιι
745 1525 769 1530 -.
861 1527 907 1530 ,με

157 1518 283 1553 βασιλικῇ
308 1519 463 1557 καλουμένῃ
490 1521 563 1558 πύλῃ
587 1520 641 1558 ἦν’
664 1524 728 1550 ἄλλο
743 1525 770 1552 δέ
787 1535 812 1552 τι
839 1527 941 1561 πλῆθος

155 1565 390 1599 ἀχθοφορούντων,
404 1566 441 1597 ὡς
455 1566 564 1601 ἐλέγετο
576 1568 647 1603 ὑπὲρ
660 1570 774 1604 μυρίους
789 1571 829 1601 ὂν.
844 1573 874 1598 ἐκ
888 1574 941 1600 πάι

156 1618 206 1644 σης
222 1611 270 1645 τῆς
284 1611 337 1637 ὑπὸ
354 1612 465 1648 Κράλην
477 1612 530 1647 γῆς
545 1614 665 1648 ἠγμένον
680 1615 726 1642 ἐπὶ
738 1617 786 1652 τὴν
798 1617 941 1654 οἰκοδομὴν

154 1657 204 1690 τῆς
219 1656 405 1691 ἀκροπόλεως,
419 1659 471 1690 ἔξω
481 1658 657 1695 αὐλιζόμενον
668 1662 778 1697 τειχῶν,
790 1663 828 1694 ὡς
842 1663 941 1699 ᾔσθετο

153 1703 219 1733 τοὺς
236 1702 402 1738 βαρϐάρους,
412 1703 451 1731 ἔτι
466 1705 553 1731 δοκῶν
568 1707 693 1740 μεγάλων
705 1711 942 1744 προσερηρεισμέ-

155 1756 209 1774 νων
227 1751 285 1781 τοῖς
309 1749 439 1784 τείχεσιν,
455 1751 502 1778 ἐπὶ
522 1751 605 1777 λίθων
630 1753 677 1779 καὶ
706 1753 756 1787 τῆς
777 1754 860 1789 ἄλλης
875 1755 940 1790 ὕλης

153 1794 283 1829 ἀνολκὴν,
306 1795 339 1822 δι’
361 1796 451 1823 αὐτῶν
476 1797 642 1832 εἰσρυέντες,
668 1799 839 1834 διεσώθησαν
865 1803 941 1834 ἐντὸς

152 1841 203 1875 τῆς
217 1841 332 1873 πόλεως.
354 1842 384 1868 '0
400 1842 529 1877 βασιλεὺς
551 1843 579 1869 δὲ
606 1845 667 1871 ἐπεὶ
686 1845 787 1880 ᾔσθετο
803 1847 852 1881 ἤδη
870 1849 940 1875 κατὰ

152 1887 254 1922 κράτος
269 1888 318 1923 τὴν
335 1888 412 1915 πόλιν
428 1889 572 1924 ἐχομένην,
587 1890 614 1924 ῐη
633 1892 682 1918 καὶ
701 1892 782 1923 αὐτος
805 1893 871 1927 πρὸς
890 1893 939 1929 τὴν

152 1933 312 1968 ἀκρόπολιν,
322 1934 530 1969 εὐφημούμενος
545 1936 597 1962 ὑπὸ
616 1936 669 1963 τῶν
685 1938 800 1964 πολιτῶν
815 1940 860 1964 καὶ
875 1949 940 1974 προ-

152 1979 329 2014 πεμπόμενος
342 1988 348 1995 ·
363 1981 508 2016 γενόμενος
518 1981 546 2007 δὲ
557 1983 626 2014 ὲκεῖ,
643 1984 732 2010 πάντα
747 1984 796 2018 μὲν
812 1984 939 2020 εὕρισκεν

151 2025 204 2052 ὑπό
217 2034 246 2052 τε
262 2026 310 2052 τοῦ
325 2026 413 2061 δήμου
437 2028 484 2054 καὶ
501 2028 550 2062 τῆς
577 2030 706 2063 στρατιᾶς
728 2030 917 2066 διηρπασμένα
929 2040 937 2048 ·

151 2071 216 2102 τοὺς
241 2071 396 2106 βαρϐάρους
422 2073 450 2099 δὲ
474 2072 587 2107 πέμψας
603 2074 734 2108 ἐκώλυσε,
754 2076 790 2109 μὴ
807 2076 939 2104 εἰσελθεῖν

151 2118 227 2149 ἐντὸς
238 2118 288 2152 τῆς
298 2118 412 2150 πόλεως,
424 2119 468 2146 ἴνα
484 2120 520 2154 μή
537 2128 563 2146 τι
578 2119 622 2146 ὑπ’
636 2121 725 2147 αὐτῶν
744 2123 935 2158 κακουργηοῇ,

1009 193 1093 220 armis
1114 194 1233 229 undique
1244 202 1453 230 concurrerunt,
1479 204 1508 225 ιιι
1525 207 1570 226 eos
1597 201 1787 232 defenderent.

1009 238 1030 265 si
1047 245 1168 273 possent,
1185 242 1327 275 autportis
1351 243 1422 277 apud
1447 251 1537 271 arcem
1557 247 1657 280 apertis
1674 249 1789 278 aufuge-

1008 288 1080 311 rent.
1097 285 1223 312 Barbaris
1239 291 1328 313 atttcm
1351 292 1425 314 extra
1448 297 1538 316 arcent
1570 291 1661 318 butum
1688 294 1791 319 rorife-

1008 330 1140 362 rantibus,
1156 331 1246 358 statim
1264 332 1352 359 salute
1364 332 1487 361 funditus
1497 335 1652 369 desperata,
1668 338 1701 363 ab
1714 339 1791 372 cquis

1007 374 1216 409 descendentes,
1250 385 1310 403 cum
1342 377 1435 405 liberis
1459 383 1487 405 et
1519 381 1659 413 uxoribus,
1685 383 1792 408 ca-teris

1007 420 1149 455 neglectis,
1165 421 1191 448 in
1203 429 1294 450 arcem
1311 423 1504 460 confugerunt.
1522 425 1590 452 Cum
1610 435 1692 461 porro
1713 429 1791 455 tnnlti

1005 470 1098 492 essent
1114 466 1236 500 pra-fecti
1261 467 1378 495 militum
1410 471 1530 505 (triginta
1557 471 1683 499 videlicet
1714 474 1792 499 nuli-

1007 509 1055 543 les,
1079 512 1212 540 habentes
1231 522 1330 541 uxores
1366 523 1398 542 ac
1423 515 1535 548 liberos,
1570 518 1670 546 milites
1698 525 1788 547 autem

1006 553 1080 584 inille
1091 558 1255 593 quingenti),
1270 561 1400 594 quoniam
1410 562 1481 589 arcis
1496 564 1567 590 muti
1579 567 1605 590 et
1621 569 1709 592 turres
1724 574 1790 593 non-

1005 603 1070 630 dum
1097 612 1247 632 extremam
1263 615 1373 643 manum
1394 615 1569 644 acceperant,
1589 612 1658 645 prmi”
1674 613 1710 639 eti
1728 621 1788 640 (λυ-ιι

1005 649 1167 685 coniugibus
1201 657 1227 679 et
1247 653 1308 681 ﬁliis
1324 654 1349 680 in
1367 662 1448 682 unam
1466 658 1561 683 turrim
1578 660 1644 685 satis
1659 661 1740 686 altam
1760 668 1790 687 se

1004 695 1190 730 abdiderunt;
1206 698 1237 725 de
1251 699 1383 727 militibus
1394 702 1439 728 alii
1450 703 1558 736 quidem
1581 712 1641 731 mox
1666 713 1791 740 eompre-~

1004 741 1205 776 hendebantur,
1222 745 1266 772 alii
1284 746 1310 773 in
1327 747 1430 775 :edibus
1442 748 1476 775 ab
1502 751 1598 777 amicis
1615 753 1790 779 occultaban-

1003 791 1058 814 tur.
1075 787 1207 817 Germani
1223 791 1337 819 alteram
1354 801 1457 828 arcem,
1471 803 1531 830 qua:
1556 798 1588 823 aal
1616 803 1719 831 portam
1744 807 1787 825 ιιι--

1001 833 1072 868 giam
1091 840 1160 868 erat,
1184 837 1234 864 soli
1262 839 1431 867 tuebantur:
1452 841 1503 868 alia
1530 843 1686 876 multitudo,
1719 854 1787 879 npc-

1001 880 1146 913 rariorum,
1162 886 1191 909 ut
1209 883 1360 917 ferebatur,
1379 886 1439 920 plus
1453 887 1545 914 decem
1562 889 1654 920 millia,
1670 896 1701 917 ex
1729 895 1786 918 ιοιιι

1000 924 1087 953 Cralis
1102 929 1242 961 provincia
1268 930 1302 957 ad
1327 931 1398 958 arcis
1425 932 1635 962 aedificationem
1662 936 1786 970 collecta,

1000 965 1076 999 extra
1105 981 1197 1001 muros
1213 983 1336 1007 manens,
1364 977 1408 1004 tibi
1436 978 1567 1006 barbaros
1589 982 1684 1014 sensit,
1704 983 1786 1010 t-tiaut

1000 1022 1056 1045 tum
1078 1020 1200 1048 trabibus
1219 1022 1327 1056 magnis
1341 1024 1374 1049 ad
1390 1031 1484 1051 mttros
1500 1026 1635 1060 applicitis
1666 1028 1785 1063 (lapidi-

999 1063 1051 1091 bus
1068 1065 1233 1100 reliqnaeque
1249 1069 1370 1095 materia:
1383 1076 1492 1097 sursum
1508 1072 1675 1100 attrahendae
1692 1074 1787 1101 videli-

1002 1114 1066 1144 cet),
1085 1118 1133 1144 per
1159 1119 1206 1138 eas
1234 1113 1261 1139 in
1289 1114 1385 1141 urbem
1400 1115 1564 1143 scandentes
1587 1118 1686 1145 servati
1709 1124 1783 1147 sunt.

998 1154 1083 1186 Quam
1106 1161 1134 1183 Ill.
1151 1157 1206 1191 jatn
1226 1159 1252 1185 vi
1283 1166 1315 1185 ac
1334 1159 1438 1187 virtute
1471 1167 1629 1197 occupatam
1657 1166 1784 1199 cognovit

998 1200 1155 1234 imperator,
1190 1206 1216 1229 et
1233 1204 1291 1238 ipse
1305 1204 1338 1231 ad
1355 1212 1445 1233 arecm
1461 1207 1631 1235 acclamante
1648 1216 1679 1235 ac
1698 1209 1785 1237 dedu-

998 1252 1075 1274 Centc
1089 1249 1188 1282 popqu
1199 1249 1351 1283 profectus,
1367 1250 1404 1278 ibi
1425 1253 1518 1279 omnia
1541 1258 1568 1280 et
1584 1261 1598 1280 a
1624 1254 1701 1289 plebe
1724 1260 1753 1283 et
1767 1263 1784 1283 a

997 1292 1244 1328 militibusdiro-pta
1272 1297 1401 1329 invertit;
1431 1297 1572 1333 misitque,
1588 1304 1615 1326 ct
1652 1300 1784 1328 barbaros

996 1339 1071 1365 urbis
1087 1339 1210 1373 ingressu
1225 1341 1377 1375 prohibuit,
1399 1351 1433 1370 ne
1443 1344 1509 1378 quid
1528 1344 1564 1378 ei,
1585 1349 1612 1371 ιιι
1633 1346 1704 1372 bello
1719 1354 1784 1382 cap-

997 1385 1030 1410 tis
1045 1385 1123 1415 solet.
1139 1393 1292 1414 noceretur.
1311 1388 1413 1416 Deinde
1429 1389 1574 1424 Triballos,
1592 1392 1637 1426 qui
1658 1393 1742 1430 ’174
1752 1402 1783 1422 se

997 1429 1022 1456 in
1041 1431 1136 1457 turrim
1156 1432 1346 1467 condiderant,
1369 1435 1445 1462 exire
1459 1436 1551 1470 jussit,
1569 1437 1632 1464 data
1651 1439 1704 1466 title
1727 1429 1782 1475 pu-

997 1476 1075 1506 lvlfea,
1090 1477 1157 1503 nihil
1174 1479 1235 1505 mali
1257 1487 1445 1514 perpessuros.
1455 1482 1507 1514 Qui
1524 1483 1648 1517 protinus
1665 1487 1780 1521 egressi,

995 1528 1090 1547 onmcs
1104 1529 1165 1548 eum
1182 1523 1351 1557 adorarunt;
1365 1531 1446 1553 erant
1465 1526 1601 1561 siqttidcm
1618 1530 1698 1557 amici
1721 1538 1781 1558 om-

994 1574 1051 1592 nes.
1070 1568 1101 1593 At
1115 1567 1242 1596 Germani
1255 1571 1366 1604 populo,
1384 1576 1412 1598 et
1433 1573 1480 1607 qui
1493 1581 1525 1600 ex
1546 1574 1703 1604 triremibus
1731 1586 1778 1605 ve-

994 1618 1098 1645 nerant,
1111 1615 1294 1648 cataphractis
1310 1618 1489 1651 resistebant,
1508 1621 1598 1654 quoad
1631 1622 1781 1657 imperator

992 1661 1126 1692 accessit;
1156 1665 1212 1688 tum
1246 1663 1319 1689 cnim
1350 1665 1497 1692 confestim
1522 1673 1585 1693 arce
1611 1667 1719 1696 deserta
1748 1677 1779 1698 se

991 1703 1167 1732 dedidi-runt.
1187 1707 1275 1740 Atque
1303 1708 1337 1734 bi,
1358 1709 1408 1743 ipsi
1431 1709 1468 1736 illi
1493 1715 1583 1744 erant,
1598 1719 1667 1746 quos
1680 1713 1705 1740 ei
1723 1714 1780 1748 pri-

993 1756 1064 1775 mum
1082 1750 1238 1778 Bcrrhmam
1255 1754 1358 1787 petenti
1393 1754 1487 1782 Crales
1503 1755 1592 1784 socios
1605 1758 1777 1793 adjunxerat;

991 1794 1090 1828 quith
1122 1801 1186 1823 tunc
1207 1797 1355 1832 imperator
1386 1807 1498 1835 magnas
1525 1801 1559 1829 de
1585 1803 1778 1833 benevolentia

991 1841 1090 1874 gratias
1104 1842 1166 1877 egit.
1183 1842 1241 1869 Non
1257 1845 1330 1871 enim
1347 1847 1472 1879 quamvis
1488 1847 1515 1874 id
1535 1847 1629 1875 Crales
1646 1850 1774 1879 mandas-

991 1889 1042 1915 set,
1069 1885 1269 1916 Thessalonica:
1292 1889 1319 1916 in
1356 1892 1454 1918 castris
1475 1892 1564 1927 ipsum
1581 1894 1773 1930 deseruerant,

990 1931 1037 1957 sed
1068 1939 1116 1965 per
1141 1934 1230 1960 media
1259 1935 1400 1970 multaque
1421 1937 1580 1965 discrimina
1596 1946 1682 1974 usque
1710 1941 1776 1969 Ber-

992 1976 1093 2003 rbaeam
1108 1979 1206 2012 cupide
1223 1981 1308 2007 secuti
1327 1981 1444 2009 fuerant.
1463 1982 1564 2016 Qnade
1583 1992 1665 2012 causa
1688 1987 1775 2022 impe-

989 2026 1064 2048 rator
1096 2024 1144 2050 etsi
1169 2025 1292 2059 captivos
1307 2026 1422 2062 benigne
1435 2032 1462 2055 et
1478 2029 1635 2057 humaniter
1663 2032 1775 2059 eos‘ha-

989 2069 1047 2095 bnit
1063 2074 1089 2096 et
1106 2078 1167 2097 eum
1183 2073 1261 2106 cquis
1280 2077 1363 2107 atque
1380 2075 1462 2101 etiam
1484 2083 1545 2102 cum
1564 2077 1657 2108 armis,
1671 2076 1774 2106 donato

990 2116 1098 2148 viatico,
1114 2117 1146 2143 ad
1163 2118 1267 2145 (lralem
1285 2119 1398 2146 dimisit.
1416 2120 1536 2147 Caeteros
1551 2122 1652 2150 milites
1676 2132 1772 2152 omnes

149 2162 189 2194 ὡς
215 2163 327 2198 πολέμῳ
350 2164 400 2198 τῆς
420 2165 524 2196 πόλεως
551 2165 713 2195 ἑαλωκυίας.
741 2167 856 2193 Ἔπειτα
884 2170 939 2200 τοῖς

995 2166 1065 2188 extra
1092 2163 1200 2197 triginta
1228 2165 1380 2198 pra-rectos,
1412 2172 1556 2195 contentos
1589 2169 1772 2204 indumentis,

149 2209 369 2244 Τριδαλοῖς,τοῖ;
385 2212 412 2237 ὲν
426 2211 465 2246 τῷ
476 2211 573 2246 πύργῳ
587 2212 709 2238 ἐκέλευεν
719 2212 830 2246 ἐξιέναι,
847 2213 935 2245 δεξιὰν

149 2255 250 2288 διδοὺς,
264 2256 302 2288 ὡς
320 2257 396 2284 οὐδὲν
412 2258 476 2292 παρ’
496 2257 578 2284 αὐτοῦ
598 2258 735 2285 πείσονται
754 2259 850 2285 δεινόν.
867 2260 898 2285 Οἱ
913 2260 935 2286 δ’

149 2302 249 2329 αὐτίκα
267 2303 383 2336 ἐξιόντες
401 2304 586 2337 προσεκύνουν
601 2312 608 2320 ⁸
628 2306 726 2336 πάντες
746 2306 799 2340 γὰρ
815 2306 868 2330 τῶν
890 2305 935 2340 φί-

148 2347 203 2374 λων
229 2345 309 2382 ἦσαν.
334 2348 469 2382 Γερμανοὶ
496 2349 524 2375 δὲ
550 2350 673 2383 ἀντεῖχον
692 2350 760 2383 πρὶς
787 2350 831 2376 τὸν
851 2351 935 2385 δῆμον

148 2393 269 2425 καὶτοὺς
280 2395 311 2420 ὲκ
322 2394 375 2420 τῶν
386 2395 522 2430 τριήρεων
535 2395 648 2426 ὁπλίτας
658 2396 843 2430 μαχομένους,
857 2396 935 2431 ἄχρις

148 2436 178 2464 οὗ
193 2438 320 2472 βασιλεὺς
334 2439 441 2471 ἐγένετο
452 2440 498 2465 καὶ
512 2440 580 2474 πρὸς
595 2439 692 2471 αὐτούς
707 2449 713 2456 ·
729 2440 827 2466 αὐτίκα
842 2441 870 2466 δὲ
886 2442 933 2467 καὶ

147 2483 226 2509 αὐτοὶ
236 2483 393 2516 ἐκλιπόντες
404 2485 452 2519 τὴν
466 2485 615 2519 ἀκρόπολιν
627 2485 832 2520 προσεχώρουν.
843 2484 934 2512 Ἦσαν

146 2529 174 2555 δὲ
189 2530 299 2561 ἐκεῖνοι,
315 2530 339 2556 οἶ
364 2531 432 2565 μετὰ
449 2531 595 2566 βάσιλέως,
612 2531 655 2557 ὅτε
676 2532 742 2566 πρὸς
761 2532 892 2567 Βέρῥοιαν
904 2532 934 2558 τὸ

147 2575 255 2609 πρῶτον
266 2573 317 2611 ἧκε
329 2576 352 2602 Κ
357 2576 426 2611 ράλη
442 2578 656 2611 προστάττοντος
677 2577 933 2612 συνεστρατεύοντο,

146 2619 188 2652 οἷς
208 2622 222 2648 ὁ
240 2621 368 2656 βασιλεὺς
392 2623 514 2656 μεγάλας
527 2623 587 2658 ᾔδει
604 2623 717 2658 χάριτας
733 2624 782 2658 τῆς
799 2624 840 2655 είς
853 2624 934 2650 αὑτὸν

145 2667 254 2698 εὐνοίας
270 2668 331 2694 τότε
342 2676 350 2684 '
367 2669 397 2694 ού
415 2669 469 2704 γὰρ
487 2669 651 2704 ὑπέμειναν,
667 2669 756 2696 καίτοι
772 2670 824 2696 ὑπὸ
837 2670 933 2705 Κράλη

145 2712 333 2747 κελευόμενοι,
350 2714 472 2741 ἐκλιπεῖν
487 2714 569 2741 αὑτὸν
595 2714 624 2740 ἐν
646 2714 831 2751 θεσσαλονίκῃ
852 2724 934 2749 στρα-

145 2759 303 2793 τευόμενον,
321 2759 388 2786 ἀλλὰ
406 2760 495 2787 καίτοι
524 2759 633 2787 πολλῶν
644 2760 775 2788 κινδύνων
789 2762 934 2796 περισχόν-

146 2813 211 2838 των,
228 2805 303 2840 ὅμως
329 2805 391 2842 ἄχρι
407 2806 540 2842 Βερροίας
554 2806 665 2834 εῖιτοντο
685 2806 845 2843 προθύμως.
862 2807 900 2834 Δι’
915 2807 933 2835 ἃ

990 2209 1104 2242 pedibus
1119 2209 1193 2236 abire
1221 2211 1329 2238 domum
1368 2213 1471 2247 voluit;
1498 2215 1560 2249 equi
1594 2223 1713 2252 namque
1737 2218 1772 2246 ab

987 2253 1109 2280 exercitu
1127 2255 1224 2289 di-cpti
1238 2261 1336 2289 erant;
1357 2258 1487 2292 reliquam
1509 2260 1666 2294 colluviem,
1693 2262 1773 2298 baju-

987 2298 1074 2326 lorum
1104 2301 1231 2327 nimirum
1269 2310 1301 2329 ac
1331 2303 1479 2337 fossorum,
1511 2305 1617 2341 longius
1634 2307 1668 2335 ab
1691 2309 1769 2340 urbe,

984 2345 1060 2378 jussu
1076 2346 1248 2378 imperatoris
1264 2348 1420 2380 abductam,
1440 2359 1473 2377 ne
1489 2359 1503 2377 a
1521 2351 1645 2379 barbaris
1667 2354 1770 2389 spolia-

988 2394 1091 2421 rentur,
1126 2392 1225 2418 milites
1244 2393 1421 2421 dnnisernnt.
1451 2394 1519 2422 Cum
1552 2401 1642 2424 autent
1669 2403 1696 2425 ct
1721 2398 1772 2425 tri—

986 2437 1060 2469 ginta
1075 2436 1136 2463 illos
1154 2437 1397 2466 bonnriiiccvellet
1423 2440 1572 2474 dimittere,
1600 2449 1629 2468 se
1657 2443 1771 2471 retineri

987 2487 1160 2515 rogaverunt,
1176 2491 1208 2510 ne
1218 2485 1288 2518 apud
1303 2485 1425 2517 ipsorum
1439 2486 1589 2521 principem
1603 2495 1650 2521 pt-r
1661 2489 1768 2516 calum-

987 2528 1058 2553 niam
1083 2535 1287 2562 accusarcntur,
1319 2539 1433 2566 seseque
1462 2532 1584 2559 volentes
1613 2541 1674 2560 cum
1701 2535 1770 2562 urbe

987 2573 1131 2601 tradidisse
1151 2575 1320 2602 viderentur.
1345 2575 1429 2604 Paulo
1447 2583 1508 2612 post
1523 2578 1567 2605 alii
1589 2579 1698 2613 quidem
1718 2581 1770 2607 do-

986 2627 1045 2646 mos
1071 2627 1134 2647 suas
1159 2622 1332 2652 imperatoris
1350 2623 1482 2656 permissu
1507 2628 1664 2658 pcttverunt
1685 2626 1768 2658 ;aliis

985 2665 1047 2700 fuga
1062 2667 1163 2701 placuit
1177 2676 1183 2700 ;
1197 2669 1321 2695 nonnulli
1345 2669 1565 2697 Thessalonicam
1589 2670 1677 2711 ducti,
1705 2672 1770 2699 inde

985 2712 1143 2748 fugiebant;
1163 2722 1216 2741 nec
1236 2715 1309 2742 enim
1329 2716 1355 2742 in
1379 2716 1542 2743 carceribus
1564 2717 1770 2744 concludeban-

987 2763 1041 2793 tur,
1054 2760 1101 2787 scd
1118 2759 1145 2787 in
1162 2761 1336 2788 monasteriis
1353 2761 1413 2789 sine
1440 2762 1555 2789 vinculis
1574 2762 1769 2789 custodieban-

988 2812 1041 2834 tur.
1063 2806 1138 2835 Talia
1167 2807 1237 2843 apud
1263 2808 1422 2836 Bcrrbocam
1449 2808 1615 2842 acciderunt,
1645 2807 1770 2836 feliciora
