1933 3083
127 146 182 181 149

709 154 976 187 ll'iSTORlARUM
996 157 1111 187 LIBER
1132 158 1176 189 IV.

1699 160 1748 191 150

126 204 194 230 ϐίων
216 204 262 231 καὶ
278 203 560 241 τῶν”περικειμένων
586 208 687 243 κωμῶν
710 210 810 245 πολλὴν
837 211 908 239 λείαν

964 212 1147 246 perfodientes
1170 217 1314 246 penetrant
1331 222 1337 240 :
1354 214 1519 249 contigitque
1542 216 1612 242 itttra
1636 216 1745 243 dunmm

125 250 239 284 ἄγοντες
248 251 384 285 ἐπανῆκον
403 251 535 286 Ῥωμαῖοί
547 261 577 278 τε
592 254 640 279 καὶ
654 254 787 290 βάρϐαροι
797 257 905 291 ὁμοίως.

127 295 244 322 Ἔπειτα
258 296 404 331 ἐγγύτερον
421 297 574 332 γενόμενοι,
591 300 830 334 παρεσκευάζοντο
843 302 909 335 πρὸς

125 340 374 376 τὴντειχομαχίαν.
388 342 419 368 Οἱ
434 342 479 368 ἐπὶ
494 344 544 377 τῆς
567 343 620 377 ἔξω
639 345 666 371 δὲ
684 345 802 379 Σερϐξων
819 355 908 372 συνοι-

127 386 200 416 κίας,
221 386 271 421 τήν
292 395 322 412 τε
350 387 485 421 βασιλέως
511 388 660 422 δεδοικότες
674 390 777 424 ἐτοδον,
794 392 910 419 καὶτῶν

126 431 270 465 Τριϐαλῶν
290 432 330 464 είς
349 432 398 468 τὴν
415 433 492 460 πόλιν
518 435 548 460 οὐ
572 437 808 472 προσδεχομένων,
821 439 910 471 ἄλλως

125 485 156 502 τε
181 477 229 502 καὶ
256 477 289 503 τὰ
318 477 450 512 βασιλέως
477 480 579 514 μᾶλλον
614 483 759 518 ᾑρημένοι,
784 486 860 519 κοινῇ
880 493 909 511 τε

126 523 228 554 πάντες
259 524 291 549 ἐκ
312 525 486 560 συνθήματος
511 528 703 563 προσεχώρουν
725 530 847 564 βασιλεῖ,
863 533 910 558 καὶ

126 567 176 601 τὴν
205 569 336 603 στρατιὰν
367 570 499 604 ἐδέχοντο,
524 572 570 598 καὶ
592 573 710 605 ἐξένιζον
728 575 774 601 ἐπὶ
791 576 851 608 ,τῶν
870 578 909 603 oi-

126 613 206 640 κιῶν.
224 615 255 640 Οἱ
275 614 302 640 δὲ
316 614 390 641 ἔνδον
422 617 469 642 καὶ
489 619 566 644 αὐτοὶ
590 619 639 653 μὲν
655 621 687 647 τὰ
710 621 841 656 βασιλέως
857 625 909 658 μά-

126 658 207 685 λιστα
224 660 341 694 ᾑροῦντο
353 681 361 693 ,
381 663 519 697 ἐχομένων
543 665 570 691 δὲ
595 666 649 692 τῶν
675 667 776 694 παίδων
794 670 840 695 καὶΙ
855 670 910 695 τῶν

127 706 290 740 γυναικῶν,
316 706 474 741 ἀναγκαίως
508 711 654 746 προσεῖχον
687 713 840 746 Τριϐαλοίς.
864 716 910 747 Εἰς

127 751 223 786 τρίτην
234 752 262 778 δέ
275 752 381 787 ἡμέραν
402 758 682 792 παρασκευασάμενοι
703 760 908 795 ὲτειχομὰχουν,

125 796 175 823 καὶ
197 798 250 823 τῶν
265 799 407 834 ἐγχωρίων
426 802 544 835 μάλιστα
570 804 779 839 ἐφελκομένων,
801 810 847 833 καὶ
861 809 910 834 οὐκ

126 843 259 871 ἀδύνατον
274 846 519 882 ἐπαγγελλομένων
538 850 586 885 τὴν
605 851 769 886 παράληψιν.
793 854 868 880 Ἐπεὶ
882 855 909 881 δὲ

126 887 158 912 οὗ
183 890 353 924 πανταχόθεν
380 891 444 926 ἐξῆν
468 893 670 927 προσϐάλλειν,
687 897 850 932 ἀποκρότων
872 899 909 931 ὡς

126 933 301 960 ἐπιπλεῖστον
322 936 370 962 καὶ
391 937 520 972 σκληρῶν
541 939 595 965 τῶν
618 941 710 968 τόπων
737 943 831 975 ὄντων,
847 943 910 970 ἔνθα

128 978 250 1011 μάλιστα
268 980 332 1014 ἐξῆν
348 983 526 1016 προσσαίνειν
547 985 577 1011 τὸ
601 987 748 1021 κράτιστον
766 988 820 1014 τῶν
835 989 910 1020 τοξο-

126 1024 181 1050 τῶν
210 1025 364 1060 ἐπιστήσας
391 1028 405 1054 ὁ
431 1029 576 1064 βασιλεὺς,
597 1031 708 1058 ἐκέλευε
737 1034 793 1065 τοῖς
823 1035 911 1068 τόξοις

125 1071 258 1104 χρῆσθαι,
279 1073 326 1098 καὶ
344 1073 482 1108 ἀνείργειν
509 1076 571 1107 τοὺς
593 1077 794 1112 ἀμυνομένους.
819 1080 910 1107 ’Λλλσι

125 1115 154 1142 δέ
170 1115 287 1149 ἀσπίδας
303 1118 462 1152 ὑποδύντες,
483 1121 668 1156 προσέϐαλλον
682 1132 710 1149 τε
727 1126 782 1155 τοῖς
797 1126 910 1161 τείχεσι,

125 1161 175 1187 καὶ
189 1160 345 1196 διώρυττον.
362 1163 461 1199 Ἔτυχε
477 1164 505 1190 δὲ
519 1164 548 1190 τὸ
565 1165 712 1200 διόρυγμα,
730 1169 805 1199 ἐντὸς
823 1170 910 1201 οἰκίας

124 1204 196 1232 εἶναι
216 1207 300 1241 κενῆς
325 1208 492 1243 ἀνθρώπων
509 1210 569 1236 ἐπεὶ
590 1211 619 1237 δὲ
648 1213 698 1247 ἥδη
724 1213 909 1249 διορώρνκτο,

124 1252 173 1277 καὶ
197 1251 312 1286 ἔμελλον
340 1254 456 1281 εἰσιέναι
473 1275 481 1288 ,
508 1257 524 1290 ἡ
549 1257 599 1290 τῆς
630 1259 719 1290 οἰκίας
742 1260 911 1292 δεσπόζουσι

124 1296 236 1330 ἐκείνης
258 1298 330 1325 κατὰ
359 1299 444 1334 τύχην
476 1301 646 1334 εἰσελθοῦσα,
668 1305 713 1330 καὶ
729 1305 911 1341 ἁλισκομένην

122 1341 174 1376 τὴν
186 1343 265 1369 πόλιν
279 1343 445 1380 αἰσθομένη,
463 1346 510 1382 βοῇ
526 1355 556 1373 τε
572 1348 684 1383 ἐχρῆτο,
703 1351 749 1376 καὶ
769 1352 910 1378 συνεκάλει

123 1389 189 1418 τοὺς
203 1389 403 1425 ἀμυνομένους.
421 1391 452 1417 Oi
474 1392 502 1418 δὲ
528 1393 656 1428 παρῆσαν
681 1394 741 1429 ἃμα
765 1396 804 1430 τῷ
821 1397 911 1424 αἰσθέ-

124 1433 201 1464 σθαι,
230 1434 361 1466 καὶτοὺς
383 1436 574 1471 διορύττοντας
599 1439 761 1473 βάλλοντες,
790 1442 912 1475 ἁφίστων

121 1477 179 1505 τῶν
195 1480 305 1515 τειχῶν.
317 1481 393 1516 ’Ἅμα
414 1482 444 1508 δὲ
459 1483 506 1510 καὶ
521 1483 633 1518 ὄμϐρων
651 1486 792 1520 ραγδαίων
815 1489 912 1523 ἐπενη-

927 878 946 906 Β

966 258 1100 284 moenibus
1116 258 1273 289 haerentem,
1291 258 1446 286 hominibus
1461 267 1570 286 vacuam
1586 261 1681 290 veniri.
1701 269 1749 295 pct'

964 309 1042 336 qnatn
1059 310 1120 329 cum
1145 310 1174 329 se
1201 303 1226 329 in
1245 303 1338 330 urbem
1357 303 1503 330 inttnissmi
1518 309 1620 337 essent,
1639 306 1747 332 domina

963 347 1059 374 donius
1070 356 1133 374 casu
1142 348 1273 383 ingressa,
1285 349 1466 384 oppidumque
1478 355 1584 384 captun.
1593 351 1747 379 advertens,

963 392 1034 418 elato
1047 393 1164 419 clamore
1180 399 1382 428 propugnantes
1401 399 1541 421 convocat.
1558 394 1567 421 i
1581 396 1596 420 li
1612 396 1747 428 exlt‘lnpit)

964 443 1121 471 accurrunt,
1137 438 1325 473 fodientesque
1346 440 1444 473 iaculis
1460 447 1473 466 :t
1501 448 1576 466 tnuro
1598 440 1746 474 depellunt.

964 482 1085 518 Cumque
1112 483 1138 510 itt
1169 482 1231 518 ipso
1251 485 1420 519 potissimum
1454 485 1561 512 fervore
1590 486 1747 512 certaminis

965 525 1052 556 imber
1065 529 1176 556 eti'usius
1191 529 1310 562 caderet,
1326 538 1421 557 manus
1436 531 1479 557 illa
1497 539 1510 557 ιι
1526 538 1614 565 pugna
1632 531 1746 559 de~titit.

965 581 1046 609 atque
1071 575 1097 601 in
1123 581 1210 602 castra
1234 575 1356 607 recessit,
1381 575 1490 610 quando
1515 576 1596 602 simttl
1618 577 1747 602 adversus

965 620 1077 647 imbrem
1122 626 1148 648 et
1174 621 1278 648 ltostem
1304 621 1435 648 dimicare
1463 629 1515 648 non
1542 626 1661 655 poterat,
1690 626 1747 648 tuto

963 672 1043 699 supra
1058 673 1151 693 muros
1167 670 1293 697 stantetn,
1307 673 1368 692 cum
1391 666 1440 700 ipsi
1458 666 1613 693 fallentibus
1629 666 1747 701 vestigiis

965 710 1042 737 toties
1055 709 1081 737 itt
1094 710 1178 737 lutum
1191 711 1403 745 prolaberentur.
1417 711 1563 745 Imperator
1575 719 1681 746 quoque
1693 711 1748 746 pri-

965 764 1038 783 mum
1057 756 1186 790 impetunt
1203 757 1409 784 fuisse'irritum
1422 765 1546 788 cernens,
1557 763 1583 784 et
1598 758 1679 784 armis
1690 758 1746 792 cogi

964 809 1043 836 posse
1062 802 1220 836 desperans,
1232 807 1259 830 et
1271 807 1379 837 propter
1397 803 1510 829 imbrem
1532 807 1613 837 atque
1630 803 1746 830 hiemem

963 849 1120 875 continuare
1131 848 1300 875 obsidionem
1311 856 1363 875 tton
1375 849 1476 879 valens,
1487 849 1640 876 Berrhoeam
1651 849 1749 883 rediit;

960 901 1040 928 quem
1053 894 1202 922 suburbani
1216 894 1371 922 Serviorum
1390 895 1517 929 praecipui
1535 903 1628 921 omnes
1651 899 1749 929 pra-llr

962 948 1073 974 paucos,
1102 948 1162 968 eum
1190 941 1282 968 liberis
1304 946 1331 968 et
1352 941 1492 974 uxoribus,
1518 942 1550 968 de
1574 941 1748 968 l‘arultatihus

961 988 1018 1014 suis
1029 994 1082 1014 non
1092 987 1150 1021 plus
1160 987 1301 1019 habentes,
1311 995 1391 1022 quam
1409 992 1549 1021 asportare
1568 994 1659 1014 secum
1674 991 1749 1020 ptth—

961 1037 1032 1063 rant,
1043 1033 1211 1060 secutisunt.
1227 1033 1319 1067 Neque
1333 1033 1358 1060 id
1371 1033 1505 1060 faciebant
1516 1034 1748 1066 ohamotemerga

962 1079 1151 1114 imperatorem
1169 1079 1747 1114 tantummodo,sedquodetiama'l‘rihallis,

961 1125 983 1152 si
1009 1126 1050 1153 eis
1079 1126 1198 1160 amplius
1213 1126 1368 1159 subcssent,
1390 1126 1552 1153 defectionis
1564 1133 1620 1152 sua:
1637 1125 1748 1159 prmtnia

961 1179 1056 1206 parum
1069 1171 1140 1198 bona
1149 1172 1354 1206 exspectabant.
1364 1172 1461 1198 Adhuc
1482 1176 1578 1205 agente
1599 1171 1670 1205 apud
1681 1171 1748 1198 Ber-

961 1212 1063 1244 rhmam
1076 1218 1238 1252 imperatore
1247 1225 1280 1244 ex
1289 1217 1466 1244 nobilissimis
1475 1217 1599 1247 urbibus,
1609 1225 1668 1251 qum
1679 1217 1750 1242 anti-

961 1263 1053 1297 quitus
1059 1262 1188 1290 Romanis
1197 1263 1334 1297 parebant.
1341 1263 1451 1298 jamque
1458 1263 1504 1288 ditt
1511 1262 1638 1288 Triballis
1646 1261 1750 1288 servic-

962 1311 1032 1338 rant,
1042 1307 1185 1334 veniebant
1193 1307 1239 1342 qui
1248 1307 1316 1335 clant
1325 1308 1747 1342 colloquerentur,‘rogarentque

962 1352 994 1379 ad
1005 1360 1034 1379 se
1048 1353 1164 1385 veniret,
1175 1353 1270 1388 ejectis
1279 1353 1408 1381 Triballis
1417 1354 1491 1381 illum
1500 1358 1683 1388 suscepturus.
1695 1353 1748 1380 Nec

962 1407 994 1426 ex
1003 1399 1062 1426 aliis
1071 1400 1201 1426 duntaxat
1210 1400 1332 1432 urbibus,
1343 1408 1435 1427 verum
1443 1400 1523 1427 etiam
1533 1408 1564 1427 ex
1574 1401 1629 1435 ipsa
1640 1401 1747 1434 Scopia,

963 1454 1021 1480 qua:
1033 1445 1120 1473 Cralis
1139 1446 1210 1481 regia
1222 1451 1341 1480 putatur.
1351 1455 1431 1481 quant
1445 1447 1559 1474 Michael
1571 1455 1602 1473 ex
1616 1447 1746 1474 Palwolo-

963 1491 1003 1526 gis
1024 1493 1127 1525 printus
1152 1493 1298 1526 intperator
1310 1500 1324 1519 a
1338 1493 1458 1520 Romano
1472 1493 1586 1528 imperio
1599 1493 1748 1526 separavit,

123 1525 266 1576 νεγμένων
292 1527 321 1553 ἐν
338 1527 406 1562 αὐτῇ
425 1527 542 1562 μάλιστα
564 1529 615 1564 τῆς
640 1531 729 1567 μάχης
742 1534 775 1568 τῇ
791 1533 877 1569 ἀκμῇ,
893 1534 908 1569 ἦ

964 1537 1041 1572 legati
1058 1539 1145 1573 palam
1168 1538 1243 1565 urbis
1258 1538 1368 1565 nomine
1387 1544 1532 1570 venerunt,
1547 1546 1607 1565 eum
1625 1539 1656 1565 ad
1673 1546 1702 1566 se
1719 1539 1746 1565 in

123 1578 153 1596 τε
173 1571 240 1606 ἄλλη
259 1573 374 1607 στρατιὰ
402 1573 542 1601 ἐπέπαυτο
561 1576 609 1602 καὶ
629 1577 762 1613 ἀνεχώρει
788 1579 856 1613 πρὸς
881 1581 911 1606 τὸ

125 1617 319 1650 στρατόπεδον·
337 1618 368 1645 οὐ
394 1618 532 1656 δυναμένη
563 1621 631 1657 πρός
653 1631 683 1648 τε
701 1623 821 1659 ὄμϐρους
843 1626 910 1660 ὁμοῦ

123 1663 172 1688 καὶ
193 1663 340 1697 πολεμίους
359 1664 495 1699 μάχεσθαι
512 1666 642 1700 ἀσφαλῶς
656 1669 776 1702 ἑστῶτας
793 1671 839 1698 ἐπὶ
857 1671 912 1698 τῶν

123 1710 233 1744 τειχῶν,
266 1711 343 1737 αὐτοὶ
368 1711 590 1745 διολισθαίνοντες
621 1715 655 1742 τὰ
680 1716 764 1743 πολλὰ
786 1718 853 1752 πρὸς
865 1720 912 1746 τὸν

123 1755 222 1788 πηλόν.
242 1756 296 1782 Καὶ
309 1757 323 1782 ὁ
342 1756 468 1791 βασιλεὺς
480 1759 542 1785 ἐπεὶ¹
561 1759 728 1796 διημάρτανε
743 1762 793 1797 τῆς
807 1763 911 1795 πόλεως

126 1800 196 1833 πρὸς
220 1801 272 1836 τὴν
288 1802 399 1837 πρώτην
421 1803 606 1840 ἐπιχείρησιν,
621 1806 680 1832 τότε
696 1807 838 1841 βιάζεσοαι
855 1801 911 1841 τοῖς

123 1846 220 1878 ὅπλοις
237 1847 384 1881 ἀπογνοὺς,
401 1849 449 1876 καὶ
474 1850 542 1885 πρὸς
561 1850 591 1876 τὸ
614 1852 768 1887 πολιορκεῖν
785 1853 830 1880 διὰ
847 1855 911 1887 τοὺς

124 1893 244 1928 ὄμϐρους
276 1895 324 1920 καὶ
350 1894 395 1920 τὸν
422 1896 546 1931 χειμῶνα
567 1897 704 1930 ἀδυνάτως
727 1899 806 1934 ἔχων,
833 1899 910 1932 αὖθις

124 1939 290 1974 ἀνέστρεψεν
314 1942 353 1972 εἰς
370 1941 510 1976 Βέρῤοιαν·
529 1943 642 1970 εἵποντο
657 1945 684 1971 δὲ
703 1947 748 1971 καὶ
770 1946 794 1972 οι
813 1947 845 1974 ὲκ
859 1947 910 1982 τῆς

124 1985 177 2016 ἔξω
195 1985 315 2021 Σερϐίων
344 1987 482 2020 συνοικίας
510 1988 580 2024 πλὴν
607 1990 706 2023 ὀλίγων
723 1992 832 2024 πάντες,
853 1993 910 2020 ὅσοι

127 2031 246 2065 μάλιστα
277 2033 306 2058 ἐν
327 2032 399 2068 λόγῳ
426 2031 496 2068 ἦσαν
512 2034 571 2069 ἃμα
596 2036 703 2069 γυναιξὶ
727 2038 775 2063 καὶ
794 2038 910 2072 τέκνοις,

125 2080 203 2114 ὀλίγα
221 2080 330 2115 ἔχοντες
344 2081 375 2107 ἐκ
392 2082 441 2115 τῆς
464 2082 569 2114 οὐσίας,
586 2083 636 2109 ὅσα
658 2083 752 2118 φέρειν
775 2082 844 2120 ἦσαν
865 2085 911 2112 δυ-

128 2125 202 2151 νατοί
214 2133 220 2140 ·
238 2126 268 2152 οὐ
286 2126 368 2160 μόνον
383 2127 426 2153 διὰ
441 2127 491 2162 τὴν
507 2127 576 2161 πρὸς
591 2128 705 2162 βασιλέα
720 2128 837 2163 εὔνοιαν,
852 2130 910 2157 ἀλλ’

124 2171 166 2197 ὅτι
193 2171 240 2197 καὶ
264 2172 295 2197 ἐκ
317 2171 459 2206 Τριϐαλῶν
487 2172 563 2199 οὐδὲν
590 2172 634 2199 διὰ
664 2174 712 2207 τὴν
740 2175 910 2202 ἀποστασίαν

126 2217 241 2252 ἤλπισαν
265 2218 395 2249 ἐπιεικὲς,
418 2219 442 2244 εί
464 2218 586 2252 γένοιντο
613 2218 656 2244 ἐπ’
677 2220 781 2251 αὐτοῖς,
800 2221 861 2246 Ἔτι
880 2220 907 2246 δὲ

125 2264 154 2289 ὲν
173 2263 289 2299 Βερῤοία
313 2263 443 2298 βασιλέως
457 2263 652 2300 διατρίϐοντος,
669 2266 701 2291 ὲκ
719 2265 773 2291 τῶν
790 2266 907 2300 μάλιστα

125 2309 269 2343 ἐπισήμων
289 2309 394 2336 πόλεων
417 2309 447 2336 αϊ
469 2309 614 2345 Ῥωμαίων
641 2311 691 2345 μὲν
709 2308 779 2346 ἦσαν
792 2312 908 2346 ὑπήκοοι

126 2355 156 2381 τὺ
173 2355 297 2390 ἀρχαῖον,
319 2355 414 2390 χρόνον
438 2355 468 2382 δὲ
488 2355 650 2382 ὲδούλευσαν
669 2357 718 2383 οὐκ
738 2357 828 2391 ὀλίγον
844 2357 908 2392 Τρι-

126 2401 216 2433 ϐαλοῖς
229 2421 237 2433 ,
262 2399 329 2438 ἧκον
351 2401 538 2438 διαλεγόμενοι
558 2394 659 2437 λκρύφα
675 2423 681 2434 ,
712 2404 758 2430 καὶ
787 2403 909 2438 δεόμενοι

125 2447 202 2480 ἥκειν
229 2447 296 2483 παρ’
322 2447 419 2478 αὐτοὺς
435 2467 443 2478 ,
475 2447 512 2480 ὡς
539 2448 719 2483 εἰσδεξάμενοι
744 2448 906 2480 ἐκϐαλόντες

125 2494 338 2529 Τριϐα).οὑ;.ζοὑ
357 2495 436 2528 μόνον
452 2495 479 2520 δὲ
493 2495 524 2521 ἐκ
536 2495 589 2521 τῶν
606 2495 704 2526 ἄλλων,
723 2495 791 2522 ἀλλὰ
816 2497 863 2523 καὶ
875 2496 905 2528 ἐξ

126 2541 208 2574 αὐτῆς
236 2540 365 2571 Σκοπιᾱς,
379 2540 396 2575 ἦ
415 2540 488 2567 δοκεῖ
501 2540 626 2575 βασίλεια
649 2541 745 2576 Κράλη
764 2539 832 2568 εἶναι
851 2542 905 2568 ἀπὸ

125 2586 170 2613 τοῦ
189 2585 318 2620 βασιλέως
331 2586 377 2613 τοῦ
394 2586 501 2621 πρώτου
516 2586 572 2612 τῶν
584 2587 774 2620 Παλαιολόγων
795 2587 904 2622 Μιχαὴλ

124 2634 173 2668 τῆς
201 2633 342 2668 Ῥωμαίων
359 2632 445 2667 ἀρχῆς
461 2632 669 2667 ἐκτετμηξιένη,
687 2632 816 2667 πρέσϐεις
836 2630 905 2668 ἧκον

125 2676 276 2710 ἀναφανδὸν
293 2677 345 2702 ἀπὸ
363 2677 410 2710 τῆς
422 2676 526 2708 πόλεως
541 2678 618 2710 κοινῇ
634 2677 746 2711 βασιλέα
759 2677 905 2710 καλοῦντες

81 2752 86 2754 _
123 2720 201 2755 ἣκειν
230 2721 407 2752 ἐπ’“αίιτοὺς,
430 2721 467 2752 ὡς
497 2721 706 2755 παραδώσοντες
735 2722 784 2756 τὴν
810 2723 904 2750 πόλιν.

129 2765 158 2792 Ὀ
172 2765 282 2801 Κρὰλης
296 2766 349 2800 γὰρ
361 2766 408 2792 ἐπὶ
418 2766 532 2798 Παίονας
547 2766 763 2801 ἐστρατευμένος
785 2767 856 2799 τότε,
867 2768 905 2799 ὡς

125 2811 238 2838 ἐπύθετο
252 2812 362 2846 βασιλέα
377 2813 498 2844 ἐπιόντα,
525 2812 615 2838 καίτοι
630 2813 758 2847 στρατιὰν
773 2813 902 2849 πλείστην

125 2859 188 2894 περὶ
199 2858 282 2885 αὑτὸν
296 2858 478 2894 ῂθροισμένην
490 2858 571 2893 ἔχων,
581 2859 820 2887 ἀντικαθίστασθαι
835 2861 902 2894 πρὸς

963 1585 1127 1611 deditionem
1142 1585 1315 1619 accipiendos
1331 1585 1488 1611 imitantes.
1506 1585 1587 1619 779
1602 1583 1666 1610 Nam
1682 1584 1748 1611 (Στει-

963 1630 1013 1659 les,
1034 1631 1078 1664 qui
1096 1634 1160 1657 tuttc
1182 1631 1208 1657 itt
1233 1630 1344 1657 Pieonas
1360 1635 1491 1662 moverat,
1511 1635 1538 1656 ut
1555 1631 1746 1664 imperatorem

963 1676 1125 1703 adventasse
1145 1677 1257 1708 audivit,
1277 1684 1430 1711 quanquam
1452 1677 1565 1704 haberet
1589 1677 1682 1710 copias
1705 1676 1747 1702 itt-

962 1726 1067 1756 gentes,
1087 1729 1139 1749 tton
1163 1729 1192 1749 se
1218 1722 1254 1748 illi
1278 1721 1394 1748 audebat
1416 1729 1576 1756 opponere:
1593 1722 1639 1748 sed
1654 1721 1746 1748 omnia

962 1767 1065 1794 ducens
1091 1767 1118 1794 in
1145 1767 1263 1794 minimis
1287 1767 1440 1794 conflictum
1464 1767 1570 1794 volebat
1596 1766 1744 1793 declinare.

962 1812 1039 1840 Unde
1053 1812 1134 1839 etiam
1153 1820 1214 1839 cum
1233 1811 1336 1847 Scopia:
1353 1812 1427 1839 cives
1443 1812 1575 1847 legatione
1593 1812 1674 1838 missa
1696 1811 1747 1838 im-

962 1863 1114 1894 peratorem
1130 1858 1237 1886 infestis
1252 1858 1336 1893 signis
1349 1858 1381 1885 ad
1395 1866 1424 1885 se
1437 1858 1548 1885 tendere
1562 1858 1744 1888 nuntiassent.

951 1905 1146 1939 auxiliumque
1171 1904 1375 1938 poposcissent,
1397 1904 1514 1939 primum
1538 1903 1646 1937 quidem
1669 1909 1745 1936 spem

922 2210 950 2240 D

963 1949 1090 1980 faciebat,
1114 1949 1135 1977 si
1163 1949 1276 1976 Romani
1301 1949 1376 1983 ipsos
1399 1949 1581 1975 adorirentur.
1602 1947 1637 1975 Ut
1654 1952 1746 1974 autem

962 1995 1033 2022 fama
1045 1995 1078 2022 de
1091 1995 1301 2022 adventantibus
1315 1994 1445 2022 Romanis
1467 1993 1645 2028 barbarisque
1658 1993 1747 2019 incre-

962 2041 1030 2072 httit,
1048 2045 1234 2074 terroremque
1251 2039 1410 2075 duplicavit,
1425 2039 1570 2066 manifeste
1586 2046 1663 2073 opem
1682 2038 1748 2065 Sco-

961 2085 1103 2120 pionsibus
1117 2085 1236 2119 negavit,
1263 2085 1385 2116 hortans,
1401 2088 1430 2111 ut
1443 2084 1604 2118 semetipsos
1619 2090 1667 2118 pro
1681 2082 1747 2109 viri-

961 2131 1013 2157 bus
1027 2130 1212 2162 defensarcnt,
1230 2137 1259 2158 se
1277 2130 1304 2156 in
1318 2129 1460 2165 prmsentia
1474 2129 1508 2156 ad
1521 2136 1568 2156 eos
1585 2128 1677 2155 venire
1693 2135 1746 2154 non

960 2185 1052 2212 posse.
1068 2177 1107 2204 illi
1124 2177 1262 2205 communi
1285 2176 1400 2204 consilio
1415 2183 1518 2210 magnae
1535 2174 1677 2202 dementire
1701 2174 1747 2201 tri-

962 2223 1098 2250 buenduttt
1129 2228 1298 2255 statuentes,
1328 2222 1380 2249 illis
1407 2222 1550 2252 resistere,
1582 2220 1746 2255 quibuscmtt

964 2275 1057 2294 eorum
1083 2268 1210 2302 princeps
1234 2275 1295 2296 cum
1323 2271 1397 2294 tanto
1421 2267 1543 2294 exercitu
1568 2265 1668 2292 bellare
1693 2272 1747 2291 non

965 2313 1088 2346 auderet,
1103 2313 1136 2340 ad
1159 2313 1350 2348 imperatorem
1375 2311 1487 2345 adeunt,
1503 2311 1644 2343 urbiSque.
1667 2313 1746 2336 ante-

965 2366 1046 2393 quam
1068 2358 1181 2387 ,duriora
1209 2357 1404 2393 experiantur,
1440 2356 1605 2384 deditionem
1632 2355 1746 2382 faciunt.

966 2403 1138 2430 Postntodum
1161 2403 1254 2430 sedato
1275 2403 1371 2430 titnore
1385 2402 1412 2429 in
1426 2401 1556 2438 judicium
1577 2410 1591 2427 ιι
1611 2401 1689 2428 Crale
1702 2408 1749 2428 vo-

964 2448 1028 2479 cati,
1044 2452 1071 2474 et
1092 2447 1251 2474 defectionis
1273 2447 1403 2480 accusati,
1424 2447 1501 2474 facile
1523 2447 1625 2473 crimen
1647 2445 1748 2472 refuta-

965 2497 1043 2525 runt,
1070 2493 1273 2528 archiepiscopo
1296 2501 1391 2520 eorum
1417 2497 1612 2528 cognoscente,
1630 2492 1675 2526 qui
1700 2498 1747 2518 eos

964 2539 1031 2565 nihil
1054 2539 1184 2566 adversus
1206 2540 1360 2574 a-quitatem
1379 2538 1525 2573 patravisse
1549 2536 1745 2572 pronuntiavit,

964 2585 986 2611 si
1000 2584 1077 2611 Crale
1092 2585 1200 2612 nolente
1215 2591 1384 2616 succurrere,
1399 2583 1446 2611 sed
1461 2584 1586 2610 hortante
1601 2588 1628 2609 ιιι
1643 2581 1748 2617 seipsos

964 2636 1115 2661 tuerentur,
1133 2630 1168 2656 illi
1185 2631 1331 2664 prudetl’ter
1354 2629 1403 2657 sibi
1427 2636 1458 2655 ac
1477 2627 1634 2656 salutariter
1649 2633 1748 2654 consu-

962 2676 1066 2708 lentes,
1095 2676 1291 2710 potentioribus
1318 2683 1412 2710 parere
1439 2673 1641 2705 constituerint.
1670 2672 1746 2699 Adeo

963 2727 1028 2749 tunc
1048 2729 1142 2749 onmrs
1159 2722 1237 2748 nrbes
1251 2722 1390 2756 perculsm,
1404 2721 1484 2754 ttltro,
1503 2720 1657 2755 priusquam
1678 2717 1745 2744 diri-

961 2774 1100 2804 perentur,
1127 2768 1298 2803 imperatoris
1321 2776 1381 2795 esse
1405 2767 1560 2802 cupiebant.
1587 2765 1640 2792 Nec
1664 2765 1746 2792 urbes

961 2815 1064 2845 solum,
1090 2815 1135 2841 sed
1160 2814 1239 2841 ctiam
1266 2814 1446 2841 'l‘riballorum
1473 2812 1672 2848 potentissimi,
1696 2810 1743 2845 qui

961 2865 1040 2888 antea
1058 2861 1212 2895 imperaturi
1230 2860 1343 2888 fuissent
1357 2861 1448 2892 atttici,
1475 2865 1501 2887 et
1522 2860 1545 2886 ci
1562 2859 1673 2884 subesse
1687 2864 1745 2883 ma-
