1933 3083
119 184 172 219 153

699 185 725 214 II
732 185 878 215 [STORIA
885 186 906 215 ll
913 185 966 216 ΠΜ
987 187 1100 216 LIBER
1121 187 1156 217 IV

1695 186 1746 220 134

119 241 301 277 στρατόπεδον
318 241 385 281 πρξς
410 240 533 276 βασιλέα,
556 242 654 276 ὅρκους
679 241 728 276 μὲν
761 241 906 276 παρείχετο

971 252 1012 277 nr,
1027 249 1074 271 ant
1088 244 1146 278 ipse
1164 243 1320 277 praesidium
1347 243 1474 274 inducat;
1493 251 1556 270 suas
1567 244 1639 270 enim
1655 241 1740 269 facul-

120 288 169 314 ὲπὶ
182 287 221 323 τῷ
238 286 344 322 βασιλεῖ
360 295 391 313 τε
414 287 495 314 αὐτὸν
510 288 689 322 προσχωρεῖν,
704 288 752 314 καὶ
765 287 794 314 τὸ
818 287 903 322 φρού-

122 343 180 368 ριον
195 334 372 369 παραδιδόναι
382 341 390 349 ·
406 333 491 360 ἐδεῖτο
501 333 529 359 δὲ
542 333 579 369 μὴ
599 335 630 360 τὸ
654 333 701 360 νῦν
715 333 776 368 ἔχον
792 334 808 368 ἢ
824 333 905 359 αὑτὸν

120 382 246 414 εἰσιέναι,
276 381 292 415 ἦ
310 381 433 416 φρουρὰν
459 381 580 415 εἰσάγειν
593 389 600 397 ’
616 381 666 416 τήν
680 389 710 407 τε
735 381 789 415 γὰρ
812 381 905 407 οὐσίαν

121 427 197 462 αὺτῷ
209 427 339 462 πλείστην
354 425 437 454 οὖσαν
449 429 495 454 καί
507 427 735 462 διεσκεδασμένην
747 427 905 454 ἀπολεῖσθαι

122 474 174 500 ὗπξ
192 474 336 509 Τριϐαλῶν
356 473 584 509 ὂιαρπασθεῖσαν,
599 474 647 500 καὶ
676 473 739 504 τοὺς
766 474 907 507 συγγενεῖς

123 519 199 554 αὖτῷ
217 521 264 546 καὶ
291 519 408 551 οἰκείους
441 519 553 554 Κράλην
568 519 654 554 ἄρδην
683 519 839 553 διαφθερεῖν
864 517 908 544 διὰ

122 565 172 599 τὴν
197 565 266 599 πρὸς
284 565 366 592 αὑτὸν
381 564 531 600 ἀπέχθειαν
544 573 550 580 ·
568 564 636 591 ἀλλὰ
663 564 860 601 περιμείναντα
875 564 907 598 ἡ·

125 611 213 645 μὲρας
233 610 438 642 πεντεκαίδεκα,
455 611 535 645 ἄχρις
555 611 588 638 ἂν
603 611 721 642 οἰκείους
735 619 765 637 τε
778 612 824 638 καὶ
839 611 908 645 χρή-

125 666 202 693 ματα
222 657 446 693 μεταπέμψηται,
463 657 534 684 οὕτω
549 658 579 684 τδ
607 657 736 692 φρούριον
762 657 909 690 παραλαμ-

123 704 227 731 ϐάνειν.
247 704 360 735 Τούτοις
381 704 431 739 μὲν
445 703 492 731 οὖν
522 705 535 730 ὁ
552 704 680 739 βασιλεὺς
707 703 841 736 πεισθεὶς,
861 703 909 730 καὶ

122 750 223 784 ὅρκους
240 750 286 775 ἐπὶ
302 751 358 780 τοῖς
385 749 544 784 εἰρημένοις
569 749 672 776 ἐκείνου
688 748 907 784 παρασχομένου,

124 795 293 829 ἀνέστρεφεν
319 795 358 825 εἰς
373 794 585 832 Θεσσαλονίκην.
605 793 704 825 Βέλκος
721 794 749 820 δὲ
776 793 811 820 τὰ
834 793 909 827 ὀμω-

126 839 349 875 μοσμένακδῆθεν
362 840 523 874 ἐκπληρῶν,
541 840 604 871 τούς
618 848 648 866 τε
664 839 778 870 οἰκείους
797 840 830 866 ὲκ
844 839 910 873 Τρι-

123 886 213 913 ϐαλῶν
230 885 432 920 μετεπέμπετο,
449 886 498 912 καὶ
514 885 678 920 βοσκήματα
699 885 745 911 καὶ
758 884 808 920 τὴν
827 883 911 918 ἀλλην

123 933 285 968 περιουσίαν
300 931 409 966 επεμπέ
442 939 473 957 τε
499 930 546 957 καὶ
573 931 612 962 εἰς
637 929 836 964 Θεσσαλονίκην
862 928 912 955 οὑκ

123 979 204 1014 ὀλίγα
232 979 331 1013 δεῖγμα
357 978 407 1012 τῆς
437 977 506 1012 πρὸς
526 976 640 1012 βασιλέα
663 976 768 1008 εὐνοίας
786 975 838 1002 ’καὶ
862 976 913 1010 τῆς

126 1024 252 1059 φυλακῆς
267 1024 322 1050 τῶν
343 1023 497 1058 συνθηκῶν.
525 1022 636 1058 Κρὰλης
652 1022 680 1049 δὲ
702 1022 752 1058 ήδη
770 1021 913 1055 πεπυσμέ-

124 1079 180 1102 νος,
194 1070 232 1102 ὡς
247 1071 263 1104 ἡ
280 1070 329 1105 μὲν
339 1070 372 1097 ὲκ
383 1070 431 1104 τῆς
443 1069 560 1104 ἠπείρου
574 1069 688 1104 στρατιὰ.
698 1069 745 1095 καὶ
759 1067 912 1102 Ῥωμαίων,

126 1116 173 1142 καὶ
189 1115 336 1150 βαρϐάρων
350 1114 470 1149 τοσαύτη
486 1112 553 1141 οὖσα
577 1113 768 1149 ἀναστρέψειε,
787 1112 914 1148 βασιλεὺς

124 1158 153 1184 δὲ
165 1159 227 1190 ταῖς
242 1158 370 1193 τριήρεσι
392 1157 490 1192 μόναις
507 1157 553 1183 καὶ
576 1157 727 1191 βαρϐάροις
751 1156 844 1188 πεζοῖς
857 1154 914 1180 ὀλί-

125 1212 186 1238 γοις
204 1204 355 1238 ἀφιγμένος
378 1204 419 1235 εἰς
434 1203 636 1238 Θεσσαλονίκην
651 1202 783 1238 Βὲρῤοιάν
800 1210 829 1228 τε
847 1199 914 1234 εἷλε,

126 1251 174 1277 καὶ
191 1250 339 1282 Ἔδεσσαν,
356 1249 405 1276 καὶ
418 1249 502 1280 ἄλλας
520 1248 650 1284 πολίχνας
669 1248 719 1274 οὑκ
734 1247 838 1281 ὀλίγας,
855 1248 917 1274 ἁνε-

126 1293 249 1328 θᾶιρσησέ
263 1301 305 1325 τε,
324 1292 372 1319 καὶ
392 1292 523 1327 στρατιὰν
536 1291 679 1318 ἀναλαϐὼν
693 1291 722 1317 ού
737 1291 837 1326 πολλὴν
855 1291 914 1326 μὲν,

127 1339 196 1366 πολὺ
212 1338 241 1365 δὲ
256 1339 328 1373 ὅμως
354 1337 543 1373 ὑπερέχουσαν
566 1337 615 1371 τῆς
644 1336 788 1372 βασιλέως,
815 1336 916 1372 ἤλαυνε

130 1385 234 1420 σπουδῇ
252 1385 299 1410 ἐπὶ
314 1383 527 1418 Θεσσαλονίκην.
557 1383 611 1410 Καὶ
627 1382 728 1413 Βέλκος
743 1381 794 1416 μὲν
817 1381 918 1408 αὐτίκα

129 1430 176 1457 ὑπ’
194 1431 299 1456 ἐκεῖνον
317 1427 361 1465 ἦν,
383 1431 431 1455 καὶ
451 1428 684 1463 συνεστρατεύετο
711 1428 780 1462 μετὰ
800 1427 854 1454 τῶν
871 1428 917 1454 ὑπ’

128 1475 222 1507 αὑτὸν,
234 1475 290 1501 τῶν
301 1475 367 1510 πρὸς
381 1474 489 1510 βασιλέα
502 1474 644 1509 συνθηκῶν
670 1475 718 1500 καὶ
729 1474 818 1508 ὅρκων
830 1474 918 1508 ἀμνη-

130 1522 264 1557 μονήσας.
282 1520 393 1555 Κράλης
406 1519 435 1546 δὲ
446 1520 530 1554 ἐγγὺς
545 1519 691 1553 γενόμενος
702 1518 916 1553 Θεσσαλονίκης,

960 295 1029 318 tates
1048 296 1075 318 et
1090 291 1232 322 maximas,
1247 295 1274 317 et
1285 289 1352 317 locis
1366 289 1516 323 disjunctas
1528 288 1656 315 Triballis
1673 289 1743 315 diri-

958 337 1099 372 pientibus
1122 336 1298 367 amissurum,
1324 340 1352 363 et
1373 335 1480 363 Craletn
1504 335 1567 361 odio
1600 335 1742 361 iucensutn

958 387 1088 418 cognatos
1100 387 1181 417 atque
1206 382 1370 408 domesticos
1385 388 1449 408 suos
1476 381 1598 407 funditus
1620 380 1743 414 perditu-

960 436 1038 460 rum;
1066 427 1113 454 sed
1140 430 1300 462 exspectato
1319 426 1363 453 die
1388 426 1484 460 quinto
1511 425 1636 456 decimo,
1657 425 1744 452 dntu-c

960 474 1126 509 propinquos
1142 477 1169 500 et
1181 481 1248 507 opes
1258 480 1321 500 suas
1333 473 1483 507 collegerit,
1499 473 1539 500 sic
1552 472 1660 499 demum
1677 472 1743 499 illttd

961 525 1086 554 occupet.
1113 519 1160 547 His
1183 519 1345 554 imperator,
1360 520 1515 554 jttramento
1533 520 1684 553 praesertim
1700 527 1745 546 ac-

961 566 1086 596 cedente,
1108 573 1263 600 persuasus,
1276 564 1499 592 Thessalonicam
1520 565 1628 599 repetit.
1644 564 1744 591 Bessus

961 613 1050 646 iurata
1079 618 1242 645 exsequens,
1258 616 1286 637 et
1298 609 1465 644 propinquos
1478 617 1510 637 ac
1525 617 1621 644 pecora
1647 617 1745 644 resqtte

962 657 1029 685 alias
1042 665 1057 684 e
1068 657 1197 684 Triballis
1210 664 1322 690 cogens,
1334 655 1558 683 Thessalonicam
1578 663 1630 682 non
1648 662 1744 689 pauca,

962 713 1018 733 sua:
1036 705 1062 732 in
1079 705 1270 739 imperatorem
1285 701 1476 738 propensiunis
1502 702 1627 736 pactique
1643 701 1744 728 servati

964 751 1095 779 indicium
1110 751 1204 777 mittit.
1219 750 1313 778 Crales
1334 753 1364 775 ut
1378 744 1604 783 accepit’tantum
1620 756 1635 775 e
1647 748 1745 774 Roma-

963 798 1007 825 nis
1025 801 1107 831 atque
1126 796 1252 824 barbaris
1271 796 1417 823 collectum
1437 795 1587 822 exercitum
1617 802 1633 821 e
1658 794 1746 821 conti~

964 848 1045 871 nente
1063 850 1215 873 reversum,
1231 847 1258 869 et
1273 841 1466 876 imperatorem
1486 840 1645 867 triremibus
1662 840 1727 867 solis
1738 860 1746 871 .

965 896 1027 916 cum
1041 888 1168 916 barbaris
1182 887 1321 922 peditibus
1333 894 1388 913 non
1406 887 1441 913 ita
1459 885 1552 912 multis
1571 885 1748 912 Thessaloni-

964 942 1021 962 cam
1039 933 1192 968 profectum
1204 952 1211 965 ,
1231 933 1443 966 Berrhmamque
1459 931 1538 966 781
1554 935 1582 958 et
1596 930 1725 957 Edessam
1739 950 1747 961 ,

963 984 992 1007 et
1004 979 1058 1008 alia
1074 978 1202 1013 oppidula
1216 977 1357 1012 complura
1366 977 1471 1011 cepisse
1486 977 1552 1013 (l5),
1567 983 1627 1002 sese
1645 975 1748 1002 contir-

965 1033 1053 1058 mans,
1069 1032 1132 1052 cum
1148 1023 1234 1058 copiis
1256 1031 1310 1050 non
1327 1023 1445 1058 magnis,
1461 1021 1645 1057 imperatoriis
1660 1026 1749 1048 tamen

965 1072 1048 1106 longe
1066 1069 1218 1104 majoribus
1229 1068 1451 1096 Thessalonicam
1465 1067 1620 1095 contendit.
1632 1067 1666 1094 Et
1685 1067 1750 1093 Bes-

965 1123 1013 1144 sus
1025 1115 1135 1150 quidem
1153 1122 1215 1142 cum
1231 1114 1362 1140 militibus
1381 1113 1449 1144 suis,
1463 1118 1607 1147 pactorum
1633 1116 1661 1138 et
1673 1111 1735 1146 jura

966 1160 1052 1190 menti
1070 1160 1185 1193 oblitus,
1201 1159 1294 1186 statim
1307 1158 1343 1186 illi
1358 1166 1387 1186 se
1407 1157 1506 1193 jungit.
1528 1157 1622 1185 Crales
1633 1157 1750 1184 Thessa-

965 1208 1062 1235 lonica:
1080 1206 1316 1242 appropinquans,
1332 1205 1498 1239 legationem
1514 1204 1547 1231 ad
1557 1203 1750 1238 imperatorem

966 1253 1060 1287 mittit,
1075 1253 1155 1287 eique
1167 1252 1303 1285 ingratum
1312 1250 1433 1277 anituum
1445 1250 1603 1285 exprobrat,
1615 1248 1687 1284 quod
1704 1255 1735 1275 ac
1745 1265 1751 1269 -

967 1305 1109 1335 ceptorum
1130 1297 1326 1325 beneﬁciorum
1344 1297 1497 1328 immemor,
1524 1299 1651 1330 tempore
1675 1293 1752 1328 adju-

967 1348 1048 1372 vante
1064 1343 1146 1371 urbes
1170 1349 1234 1370 suas
1247 1341 1432 1376 'oppugnarit,
1448 1340 1600 1375 ejectisque
1620 1338 1754 1374 przesidiis

968 1391 1130 1426 occuparit,
1153 1394 1181 1416 et
1206 1387 1384 1415 facultatibus
1407 1394 1462 1414 non
1480 1385 1596 1413 modicis
1619 1385 1752 1419 spoliarit,

969 1441 1051 1463 secus
1061 1440 1142 1468 quam
1161 1431 1300 1459 debuerit.
1316 1430 1449 1458 Debuisse
1459 1433 1549 1456 autem
1562 1429 1753 1456 recordantem

969 1487 1018 1508 sua
1047 1479 1144 1506 merita
1169 1481 1373 1505 sacrosanctam
1403 1483 1514 1503 scrvare
1538 1474 1698 1502 amicitiam.
1721 1472 1755 1500 Et

970 1525 1033 1561 quia
1050 1529 1146 1552 contra
1170 1523 1212 1550 fas
1223 1522 1325 1557 egerit,
1344 1529 1374 1549 se
1389 1521 1465 1548 illum
1479 1520 1691 1554 reprehendere,
1702 1526 1754 1553 pu-

129 1567 281 1602 πρεσϐείαν
299 1566 409 1600 ἔπεμπε
435 1566 505 1600 πρὸς
531 1564 655 1600 βασιλέα,
672 1565 718 1592 καὶ
745 1564 840 1599 πρῶτα
870 1564 915 1599 μὲν

971 1579 1084 1608 tareque
1108 1570 1306 1606 reprehensum
1323 1569 1356 1596 iri
1371 1569 1405 1596 ab
1422 1568 1562 1596 omnibus.
1575 1568 1675 1595 Verum
1689 1567 1754 1601 quia
1791 1565 1798 1568 “

128 1612 252 1645 ὠνείδιζε
265 1612 315 1648 τὴν
328 1613 368 1644 εἰς
381 1612 462 1639 αὐτὸν
477 1610 686 1646 ἀγνωμοσύνην,
704 1611 746 1638 ὅτι
759 1611 920 1646 ἀμνημονή-

129 1667 179 1690 aa;
193 1656 230 1686 ὦν
245 1656 275 1685 εὖ
294 1658 339 1685 ὑπ’
351 1657 435 1684 αὐτοῦ
452 1657 586 1692 πρότερον
599 1656 741 1689 πεπόνθει,
757 1656 856 1691 καιροῦ
871 1664 918 1682 τυ-

131 1704 188 1740 χὼν
212 1704 297 1731 αὐτοῦ
312 1704 371 1736 ταῖς
395 1703 508 1730 πόλεσιν
530 1701 767 1737 ἐπιστρατεύσειε,
784 1702 832 1728 καὶ
857 1702 920 1733 τοὺς

133 1750 324 1785 φρουροῦντας
353 1748 505 1784 κατασχοίη
533 1748 669 1781 ἐκϐαλὼν,
694 1748 741 1775 καὶ
769 1747 920 1783 χρημάτων

133 1796 349 1831 ἀποστερήσειεν
361 1795 411 1822 ούκ
427 1795 538 1829 ὀλίγων,
550 1794 568 1821 ἃ
582 1794 632 1821 οὐκ
643 1793 728 1829 ὲχρῆν
742 1795 839 1827 ποιεῖν,
852 1792 920 1820 ἀλλὰ

131 1841 187 1868 τῶν
201 1842 241 1873 εἰς
266 1841 348 1868 αὑτὸν
370 1841 565 1876 γεγενημένων
582 1839 855 1875 ἁπομνημονεύοντα,
870 1839 921 1874 τὴν

134 1886 229 1921 φιλίαν
254 1886 398 1918 διασώζειν
427 1887 497 1921 πρὸς
517 1886 610 1913 αὐτόν.
631 1886 709 1912 Ἐπεὶ
731 1886 760 1912 δὲ
775 1886 793 1913 ᾱ
810 1886 848 1920 μὴ
866 1885 920 1912 ἔδει

133 1933 274 1967 εἰργαστο,
305 1934 470 1968 κατηγορεῖν
497 1932 547 1967 μὲν
573 1931 664 1965 αὑτὸν,
687 1931 792 1958 οίεσθαι
819 1931 848 1957 δὲ
873 1931 921 1965 καὶ

133 1977 223 2004 πάντα
244 1977 364 2005 ὁντινοῦν
378 1985 385 1993 ·
399 1977 563 2005 ἀναλύεσθαι
590 1977 619 2003 δὲ
635 1977 720 2004 ὄντων
735 1977 789 2003 τῶν
803 1984 920 2011 γεγενηα

135 2023 236 2057 μένων,
255 2023 400 2058 βούλεσθαι
423 2023 542 2058 μάλιστα
557 2022 650 2054 αὐτὸν,
673 2023 701 2049 εί
720 2031 754 2056 γε
776 2022 824 2049 καὶ
845 2021 920 2056 αύτῷ

133 2068 240 2101 δοκοίη,
264 2069 390 2103 ἀλλήλοις
406 2068 555 2100 συνελθεῖν,
579 2069 626 2095 καὶ
649 2067 839 2102 διαλεχθέντας
857 2068 922 2103 περὶ

133 2112 188 2138 τῶν
200 2111 337 2146 διαφορῶν
364 2111 516 2146 συμϐάσεις
544 2111 652 2145 θέσθαι,
667 2113 715 2139 καὶ.
731 2112 776 2138 τὸν
803 2111 922 2146 πόλεμον

135 2155 315 2188 καταθέσθαι,
336 2155 581 2190 ἀνανεωσαμένους
601 2155 649 2187 τὰς
672 2155 788 2187 σπονδὰς
809 2156 856 2182 καὶ
872 2155 921 2190 τὴν

134 2201 258 2236 εἰρήνην.
275 2200 394 2227 Τοιαῦτα
411 2201 460 2236 μὲν
480 2200 650 2236 ἐπρέσϐευεν
664 2201 678 2227 ὁ
695 2201 818 2235 Κράλης,
844 2201 921 2235 βασι-

970 1619 1109 1655 prmterita
1130 1616 1231 1652 corrigi
1247 1619 1405 1651 nequeant,
1422 1614 1491 1642 velle
1507 1621 1547 1646 se,
1565 1613 1586 1640 si
1608 1613 1680 1640 idem
1703 1611 1754 1646 ipsi

971 1665 1088 1700 placeat,
1118 1670 1179 1690 cum
1200 1670 1235 1690 eo
1250 1660 1392 1696 congredi,
1417 1658 1631 1694 disceptatisque
1645 1662 1757 1684 contro-

962 1709 1071 1737 ﬂersiis
1084 1707 1208 1743 pacisci,
1226 1711 1254 1734 et
1275 1706 1347 1734 bello
1366 1704 1458 1733 valere
1474 1704 1560 1740 jussu,
1578 1702 1666 1730 ftedus
1681 1701 1756 1736 pacis

971 1761 1119 1783 renovare.
1140 1751 1201 1780 llaec
1214 1752 1240 1778 in
1252 1750 1388 1786 legatione
1406 1748 1509 1781 Crales,
1524 1755 1584 1782 qua:
1597 1745 1755 1780 imperatori

970 1799 1125 1835 gratissima
1139 1796 1266 1824 accidere
1284 1804 1291 1821 :
1309 1794 1493 1830 prtelixusque
1506 1791 1757 1822 amborum-volun-

971 1850 1026 1873 tate
1043 1844 1102 1872 dies
1115 1863 1122 1875 ,
1137 1850 1193 1878 quo
1207 1841 1398 1871 convenirent,
1415 1847 1447 1867 ac
1470 1838 1614 1867 dissidium
1634 1837 1688 1864 icto
1705 1836 1756 1863 im.-

971 1889 1036 1917 dere
1053 1889 1263 1921 componerent.
1277 1884 1392 1918 Jamque
1411 1882 1470 1910 dies
1484 1881 1636 1917 praeﬁnitus
1651 1879 1685 1907 ad
1699 1879 1757 1906 col-

971 1933 1094 1969 loquium
1112 1932 1217 1963 aderat.
1230 1937 1292 1958 cum
1308 1928 1390 1956 ambo
1407 1928 1589 1962 imperatores
1624 1930 1651 1953 et
1669 1925 1757 1952 comi-

973 1984 1014 2007 tes
1029 1978 1125 2006 armati
1142 1979 1255 2004 exeunt.
1271 1974 1366 2002 Crales
1392 1973 1520 2000 similiter
1539 1979 1600 1999 cum
1619 1969 1760 2005 stipatori-

971 2025 1024 2053 bus
1038 2023 1096 2051 suis
1112 2018 1234 2050 armatus
1245 2020 1279 2048 ad
1293 2019 1390 2047 urbem
1405 2017 1630 2046 Thessalonicam
1659 2020 1687 2043 et
1707 2015 1758 2041 im-

971 2074 1117 2105 peratores
1145 2067 1261 2095 accedit.
1292 2065 1345 2093 Ubi
1372 2064 1444 2092 inter
1469 2070 1498 2090 se
1528 2062 1757 2092 consalutarunt,

970 2117 1065 2144 Crales
1089 2115 1163 2150 prior
1179 2113 1230 2140 fari
1256 2111 1352 2146 incipit
1367 2120 1374 2138 :
1387 2110 1500 2144 iniquus
1512 2116 1542 2136 es
1558 2109 1586 2136 in
1604 2115 1657 2138 me,
1674 2107 1760 2141 impe-

971 2166 1057 2193 rator,
1074 2167 1136 2187 curn
1147 2158 1220 2186 bellu
1234 2167 1248 2183 ιι
1268 2156 1334 2183 milti
1351 2155 1428 2182 facis.
1443 2154 1500 2189 Ego
1511 2161 1578 2180 vero
1589 2152 1628 2180 sic
1638 2151 1759 2179 arbitra-

972 2208 1031 2238 bar,
1041 2214 1100 2234 rem
1112 2212 1172 2232 esse
1186 2202 1304 2235 nullam,
1328 2208 1388 2235 quae
1397 2200 1518 2228 alienum
1538 2203 1565 2226 et
1583 2198 1718 2233 ingratum
1733 2201 1759 2224 te

135 2245 175 2274 λετ
191 2247 323 2279 τεὲδόκιι
337 2246 472 2281 βέλτιστα,
487 2247 536 2274 καὶ
547 2246 690 2274 συνέθεντο
700 2247 809 2282 ἡμέραν
821 2247 915 2282 ῥητὴν,

972 2253 1087 2280 reddere
1113 2254 1214 2286 posset.
1227 2249 1288 2276 Scis
1301 2247 1385 2279 enim,
1412 2250 1440 2272 ut
1460 2252 1540 2273 nemo
1569 2243 1677 2275 melius,
1691 2250 1761 2277 quo-

135 2293 165 2319 ἑν
218 2293 272 2320 ἔδει
291 2293 454 2328 γενομένους
469 2294 498 2320 ὲν
510 2293 602 2327 ταυτῷ
616 2293 693 2320 λύειν
713 2295 762 2324 τὰς
777 2293 919 2328 διαφορὰς,

136 2338 253 2370 σπονδὰς
270 2338 410 2373 θεμένους.
430 2339 599 2374 Ἐπιστάσης
623 2347 654 2365 τε
671 2338 721 2374 τῆς
739 2339 920 2374 προθεσμίας,

136 2385 162 2411 οἰ
177 2393 208 2411 τε
222 2384 342 2420 βασιλεῖς
359 2385 511 2420 ἀμφότεροι
535 2385 652 2420 ἐξῄεσαν
674 2386 853 2420 ὠπλισμένοι,
874 2386 922 2419 καὶ

137 2431 310 2465 οίσυνόντες.
325 2431 437 2467 Κράλης
457 2439 487 2458 τε
507 2432 608 2466 ὁμοίως
627 2433 697 2466 μετὰ
717 2432 773 2459 τῶν
791 2432 856 2467 περὶ
871 2433 922 2458 αὑ-

136 2477 181 2503 τὸν
195 2476 362 2511 ὡπλισμένοι
373 2476 450 2507 ὄντες
465 2474 532 2513 ἦκον
543 2477 626 2511 ἐγγὺς
644 2477 857 2512 Θεσσαλονίκης,
874 2478 922 2504 καὶ

139 2523 296 2556 συνεγένετο
312 2523 370 2554 τοῖς
402 2522 544 2558 βασιλεῦσι
554 2531 562 2538 ’
586 2524 656 2558 μετὰ
671 2524 701 2550 δὲ
714 2524 765 2559 τὴν
785 2524 922 2558 προσαγό-

139 2576 230 2602 ρευσιν
264 2569 278 2594 ό
293 2569 403 2603 Κράλης
417 2568 525 2604 πρῶτος
543 2569 646 2604 ἥπτετο
659 2570 726 2604 προς
740 2570 855 2605 βασιλέα
873 2570 916 2596 λό-

137 2611 433 2648 γου,“Δὸικεϊς,εἰπὼν,
442 2612 464 2642 ὧ
475 2615 597 2650 βασιλεῦ,
611 2615 730 2650 πολέμου
743 2616 844 2651 ἄρχων.
853 2614 924 2648 Ἐγὼ

138 2659 166 2686 δὲ
182 2659 262 2694 ᾣμην
275 2657 344 2686 εἶναι
359 2660 441 2695 μηδὲν
456 2661 510 2687 τῶν
523 2661 619 2694 ὅντων,
630 2662 644 2687 ὃ
668 2670 697 2688 σε
715 2662 783 2697 πρὸς
798 2661 848 2696 ἐμὲ
862 2662 922 2688 πεῖ-

140 2713 185 2732 σαι
201 2705 343 2740 δυνήσεται
371 2706 551 2742 ἀγνωμονεῖν.
577 2705 666 2734 Οἶσθα
689 2707 743 2742 γὰρ
767 2707 850 2739 αὐτὸς
869 2706 924 2733 τῶν

975 2298 1056 2325 modo
1071 2296 1207 2324 hostililer
1220 2294 1255 2322 ab
1270 2293 1446 2329 bomopbylis
1463 2294 1647 2326 oppugnatus,
1663 2293 1691 2316 et
1705 2289 1760 2316 Ro-

975 2350 1115 2370 manoram
1136 2341 1237 2368 ﬁnibus
1248 2344 1360 2368 exactus
1379 2337 1623 2374 (injttste'quidem,
1635 2335 1759 2378 quisue-

974 2388 1038 2423 gat?
1054 2386 1101 2414 sed
1128 2390 1217 2413 tamen
1245 2383 1369 2417 exactus)
1396 2382 1429 2410 ad
1447 2389 1497 2409 nos
1517 2379 1673 2415 confugeris
1689 2387 1697 2406 :
1713 2378 1758 2412 qui

974 2440 1063 2468 neque
1083 2430 1246 2459 beneﬁcium
1260 2429 1370 2464 aliquod
1385 2428 1433 2456 tibi
1449 2426 1632 2458 debebamus,
1645 2432 1697 2451 nec
1713 2427 1759 2450 tua

975 2479 1074 2514 injuria
1089 2477 1259 2504 dolebamus.
1271 2475 1324 2504 Sed
1344 2475 1367 2502 si
1384 2481 1450 2501 vera
1477 2472 1592 2500 dicenda
1607 2475 1681 2504 sunt,
1698 2469 1757 2497 dis~

975 2524 1083 2552 cordias
1114 2522 1141 2549 in
1174 2522 1235 2549 loco
1263 2520 1444 2548 beatitudinis
1458 2518 1679 2548 numerabamus,
1697 2523 1758 2543 cum

977 2569 1042 2597 inde
1058 2575 1103 2595 res
1115 2572 1214 2595 nostra:
1226 2567 1296 2595 bene
1311 2567 1454 2594 haberent.
1467 2565 1516 2592 Ast
1531 2572 1593 2600 ego,
1607 2569 1760 2598 quanquam

977 2615 1072 2642 hostes
1095 2613 1133 2640 tui
1150 2613 1247 2641 crebro
1264 2612 1415 2648 legationes
1439 2611 1590 2642 mitterent,
1616 2603 1759 2643 pecuniam

976 2664 1004 2688 et
1018 2659 1112 2687 urbem
1127 2666 1182 2685 non
1200 2664 1281 2685 unam
1291 2657 1424 2684 oll‘errent
1435 2676 1442 2689 ,
1464 2654 1628 2690 imperiique
1646 2650 1760 2679 Romani

978 2712 1084 2742 partem
1103 2713 1158 2732 non
1171 2704 1314 2732 minimam
1334 2702 1577 2738 parvipendcrent,
1595 2699 1618 2727 si
1636 2705 1679 2725 me
1696 2697 1761 2725 anti-

773 2778 881 2809 Jacobi
898 2779 1030 2809 Pontani
1049 2782 1143 2809 noue.

177 2848 321 2887 (15)_l_‘05t
337 2850 392 2887 haec
404 2851 485 2878 verba
504 2855 546 2878 cst
562 2852 589 2878 in
607 2851 701 2879 codice
716 2852 810 2880 Graeco
824 2852 920 2879 lacuna
941 2860 1010 2887 pene
1027 2851 1109 2879 unius
1126 2857 1230 2878 versus.
1250 2848 1383 2877 Videntur
1411 2851 1500 2875 tamen
1535 2842 1617 2870 verba
1643 2847 1761 2875 sequen-

142 2883 178 2909 tia
190 2884 358 2920 ἀνεθάρσησέ
371 2893 411 2919 τε,
425 2891 478 2915 etc.
495 2887 635 2915 cohazrcrc
647 2895 708 2915 cum
721 2888 923 2922 superioribus.
