1933 3083
221 171 272 204 Ῑέθ

817 182 906 213 JOAN
915 183 975 212 N15
996 182 1066 212 CAN
1077 183 1257 214 l‘ACUZENI

1790 184 1842 220 160

220 236 328 256 morum
350 229 463 257 istorum
488 239 584 260 causas
604 233 638 261 ab
655 234 734 262 initio
753 243 840 270 usque
861 245 934 263 nunc
952 237 1002 270 ipsi

1056 245 1083 261 τε
1099 237 1213 271 χάριτας
1227 238 1335 271 ὀξείλω,
1349 238 1395 264 καὶ
1419 239 1443 264 oi
1458 239 1531 266 ἄλλοι
1552 240 1741 268 ἐπαινέσονται
1769 243 1844 274 ὅσοις

219 275 387 308 prmbuistis,
404 276 430 303 id
445 277 517 311 quod
534 279 616 306 rebus
630 280 820 308 demonstrare
832 282 1003 309 contendam.

222 321 256 348 Ut
271 322 344 347 enim
364 322 429 348 mihi
449 324 521 357 apud
538 332 587 352 vos
601 325 751 353 diversanti
774 335 856 362 super
875 328 1006 355 societate

221 366 310 392 visunt
329 372 370 393 est
387 367 476 395 fmdus
493 371 600 397 sancire
614 391 621 402 ,
644 376 671 398 et
686 372 725 399 sic
753 372 869 400 invicem
886 381 1007 401 commo-

219 410 286 437 dare
304 412 409 443 conari,
425 418 452 440 tu
466 415 599 441 mercedis
613 416 775 444 societatem
805 418 889 445 multa
907 418 1021 453 oppida‘

220 460 249 482 et
272 456 412 490 regionem
436 458 551 486 Romani
570 461 742 496 principatus
758 463 897 500 propriam
915 469 1008 497 postu-

220 500 307 538 labas.
326 502 382 537 Ego
400 511 464 530 vero
479 512 530 532 nec
543 506 760 541 abjectissimum
782 508 892 542 quidem
909 509 1008 536 castel-

221 546 277 573 lum
305 547 353 574 tibi
380 549 560 583 spondebant,
588 552 767 587 volebamque
793 553 924 580 auxilium
947 562 1008 582 csse

221 593 381 626 gratuitum.
413 595 470 622 Non
488 597 562 624 enim
588 598 666 625 vobis
687 599 817 626 duntaxa'
843 600 1006 634 indignum,

222 639 356 667 illiberale
384 645 412 667 et
427 643 586 676 pudendum
603 651 665 671 esse
680 650 865 679 summopere,
879 653 933 672 non
951 646 1009 681 glo-

221 683 267 711 riae
293 690 320 712 et
333 686 462 714 amicitia:
479 689 565 722 gratia
580 711 587 722 ,
606 691 653 717 sed
668 691 794 719 mercede
817 691 919 718 servire
936 700 942 718 :
961 699 1008 719 ve-

222 735 282 755 rum
303 731 385 757 etiam
415 732 483 759 mihi
509 738 563 760 tam
596 732 765 769 impossibila
791 736 862 763 factu
889 744 961 768 esse,
979 741 1008 764 ut

221 774 289 801 nihil
304 777 400 811 magis,
417 783 531 812 propter
548 788 635 807 meam
675 787 703 808 et
723 789 819 808 eorum
837 783 885 816 qui
902 790 946 810 me
963 790 1006 810 se-

220 826 372 854 querentur
385 823 500 851 salutem
523 825 662 853 Romanos
675 827 804 861 prodere,
826 828 953 862 quamvis
969 827 1007 855 illi

221 867 248 893 in
277 875 319 894 me
344 876 420 895 arma
438 869 566 904 improbe
586 871 738 899 movissent
760 881 767 899 :
784 873 1007 908 quandoquidem

223 919 278 939 non
295 913 356 940 illos
373 913 507 942 servitute
522 922 653 950 mactare,
671 917 718 944 sed
734 918 769 945 ab
782 926 878 946 eorum
894 919 1009 946 cervici-

223 957 275 985 bus
294 959 393 986 hostile
410 961 552 988 servitutis
566 962 661 997 jugum
689 963 820 999 dejicere,
843 965 898 1000 jam
914 966 978 996 inde
994 977 1008 996 a

226 1004 363 1039 principio
395 1007 487 1034 nervis
516 1008 645 1035 onmibus
678 1010 833 1043 contendo,
862 1013 1008 1048 statimque

221 1057 310 1075 meam
327 1051 491 1078 sententiam
507 1053 621 1086 aperui,
641 1058 682 1086 ut,
701 1055 723 1082 si
742 1056 894 1090 videret-ur,
912 1059 1007 1086 amici-

221 1095 265 1121 tiae
280 1098 384 1123 tantmn
415 1102 443 1124 et
459 1098 572 1126 honoris
585 1101 746 1135 amplissimi
766 1109 847 1130 causa
861 1111 940 1138 opem
956 1105 1009 1132 fer-

222 1148 289 1167 res:
306 1141 348 1168 sin
376 1143 478 1176 minus,
508 1152 550 1171 me
572 1149 661 1172 tamen
690 1147 758 1174 nihil
782 1149 817 1175 ab
839 1149 1008 1183 ingenuitate

220 1186 373 1214 abhorrens
401 1190 627 1225 commissurum,
653 1200 743 1227 neque
763 1194 837 1222 cives
858 1203 933 1223 meos
952 1196 1008 1223 Ro-

220 1239 317 1259 manos
334 1233 521 1268 proditurum,
539 1237 585 1263 sed
607 1245 669 1264 cum
685 1238 780 1266 liberis
803 1244 830 1267 et
849 1241 1009 1276 propinqui-

221 1283 276 1306 tate
296 1279 453 1314 conjunctis
468 1282 633 1310 moriturum
651 1285 744 1317 potius
755 1306 762 1318 ,
789 1294 870 1320 quam
887 1288 923 1315 ob
938 1296 1008 1323 prm-

220 1329 326 1351 sentem
341 1326 488 1354 utilitatem
499 1332 602 1356 aeterna
618 1329 761 1358 dedecoris
780 1338 956 1360 montnuenta
972 1333 1006 1361 ad

220 1373 345 1403 posteros
361 1370 499 1400 Romanos
516 1373 688 1403 relicturum.
701 1376 766 1408 Quae
782 1382 809 1404 tu
822 1385 930 1412 quoque
943 1386 1005 1406 cum

219 1415 334 1450 conjuge
361 1417 580 1452 proceribusque
597 1421 859 1458 consultandojnsla
880 1427 908 1450 ct
937 1425 1006 1451 utri-

220 1467 274 1493 que
304 1466 427 1488 nostrum
446 1463 552 1490 laudem
571 1472 626 1492 non
651 1466 793 1494 minimam
827 1469 1005 1497 conciliatura

216 1506 373 1540 judicabas,
395 1508 542 1544 fmdusque
563 1512 762 1546 percussimus,
778 1519 805 1541 et
833 1522 1013 1544 sacramenta

1059 282 1099 313 είς
1113 283 1198 314 ἀκοὰς
1215 284 1340 318 ἀφίξεται
1355 284 1401 310 καὶ
1421 285 1490 319 μετὰ
1506 285 1602 320 χρόνον
1617 286 1648 312 τὸ
1661 286 1795 322 διήγημα.
1806 289 1843 315 Τί

1057 326 1103 354 οῦν
1115 328 1188 354 ἔστιν
1206 330 1301 361 είπεὲν,
1316 330 1355 357 ὅτι
1372 330 1427 357 τῶν
1440 331 1573 358 τοσούτων
1588 332 1697 366 ἀγαθῶν
1707 333 1844 368 ἀμνήμων

1058 373 1112 407 ἐγὼ
1128 376 1318 409 γεγενημένος,
1338 377 1367 409 ἐξ
1380 378 1509 412 οὐδεμιᾶς
1520 379 1608 410 αίτίας
1626 379 1738 414 εἱλόμην
1763 381 1845 407 πολε-

1060 421 1132 453 μεῖν,
1153 421 1199 446 καὶ
1214 423 1306 452 κακοῖς
1321 422 1483 456 ἀμείϐεσθαι
1507 426 1570 457 τοὺς
1599 427 1820 465 εὖηργετηκότας
1834 442 1842 465 ;

1058 465 1170 491 Πάντων
1187 466 1236 500 μέν
1251 467 1275 492 τ’
1290 467 1323 492 ἂν
1335 468 1376 502 εῐη
1388 469 1576 503 ἀτοπώτατον,
1593 471 1699 509 γλώττῃ
1726 476 1775 510 μὲν
1799 476 1845 503 οῦ-

1057 519 1111 541 τως
1131 511 1229 538 εἰδέναι
1241 513 1322 546 χάριν
1334 514 1389 544 τοῖς
1400 514 1611 550 εὐπεποιηκόπι,
1641 519 1689 545 καὶ
1715 521 1751 556 μὴ
1776 530 1842 552 συγ-

1058 554 1191 590 κρύπτειν
1204 557 1341 590 αἱρείσθαι
1357 559 1474 591 τάγαθὰ,
1496 560 1587 594 ἔργοις
1611 563 1640 589 δὲ
1669 554 1840 600 ἀχαριστεῖν,

1059 600 1106 625 καὶ
1118 600 1207 636 ἑαυτῷ
1232 603 1376 636 φαίνεσθαι
1402 605 1610 638 ἐναντιώτατον,
1640 608 1669 645 ὃς
1696 610 1755 636 οὐδὲ
1774 612 1843 646 πρὸς

1058 646 1121 675 τοὺς
1135 645 1220 671 πολλὰ
1240 648 1505 681 προσκεκρουκότας,
1523 651 1570 676 καὶ
1582 652 1709 685 μεγάλων
1724 661 1842 689 γεγενη-

1060 691 1157 724 μένους
1177 692 1278 722 αἰτίους
1295 694 1452 728 συμφορῶν,
1475 696 1603 731 τοιαύτην
1622 697 1749 725 οὐδέποτε
1775 700 1844 733 γνὼ-

1060 743 1113 770 μην
1126 735 1218 771 ὤφθην
1233 737 1312 771 ἔχων
1331 738 1397 765 ἀλλὰ
1424 741 1469 766 καὶ
1494 741 1542 775 τῆς
1559 742 1683 777 τοιαύτης⁸
1701 744 1842 780 διαφορᾶς,

1059 780 1106 807 καὶ
1123 781 1170 807 τοῦ
1188 783 1369 817 κεκινημένου
1384 784 1451 819 πρὸς
1466 785 1538 820 ἡμᾶς
1553 787 1612 813 νυνὶ
1628 788 1747 823 πολέμου
1764 790 1840 817 αὐτοὶ

1059 826 1109 858 τὰς
1125 827 1214 858 αἰτίας
1226 828 1354 863 ὲξαρχῆς,
1369 830 1415 856 καὶ
1438 830 1501 865 ἄχρι
1527 832 1573 859 νῦν
1609 835 1772 869 παρέχεσθε,
1795 837 1843 864 καὶ

1059 871 1137 896 τοῦτο
1152 871 1321 907 πειράσομαι
1337 875 1422 900 ποιεῖν
1435 875 1467 902 ἐκ
1488 876 1542 902 τῶν
1564 879 1733 912 πραγμάτων
1764 881 1842 916 hap-

1059 917 1117 950 γές.
1150 917 1194 949 Ὧς
1223 918 1275 952 γὰρ
1304 919 1468 954 διατρίϐοντι
1490 930 1534 956 μοι
1562 923 1627 958 παρ’
1653 924 1718 959 ὑμῖν
1755 926 1842 953 ἐδόκει

1062 962 1175 994 σπονδὰς
1206 965 1252 990 καὶ
1277 965 1376 999 ὅρκους
1392 966 1438 992 ἐπὶ
1464 969 1609 1003 συμμαχίᾳ
1635 970 1766 1003 τίθεσθαι,
1795 973 1841 998 καὶ

1059 1007 1130 1035 οὕτω
1144 1009 1310 1044 παρέχεσθαι
1326 1012 1474 1046 πειρᾶσθαι
1507 1012 1555 1048 τὴν
1579 1014 1722 1048 ὠφέλειαν,
1747 1017 1778 1043 οἱ)
1793 1018 1842 1052 μὲν

1061 1054 1156 1087 μισθὸν
1181 1055 1228 1089 τῆς
1243 1057 1400 1090 συμμαχίας
1432 1057 1506 1092 ᾔτεις
1532 1059 1622 1090 πόλεις
1660 1061 1759 1093 πολλὰς
1796 1065 1843 1090 καὶ

1059 1099 1151 1132 χώραν
1179 1100 1211 1134 τῇ
1237 1100 1379 1135 Ῥωμαίων
1398 1104 1592 1137 προσήκουσαν
1610 1106 1766 1141 ἡγεμονίᾳ·
1784 1107 1840 1139 ἐγὼ

1059 1144 1087 1170 δὲ
1100 1145 1154 1170 οὐδ’
1165 1145 1224 1176 ἑνὸς
1240 1146 1294 1172 τῶν
1307 1147 1482 1180 φαυλοτάτων
1498 1149 1570 1177 τινὸς
1596 1151 1727 1185 φρουρίου
1756 1161 1841 1188 παρε-

1059 1189 1178 1225 χώρουν·
1191 1191 1249 1217 ἀλλ’
1263 1191 1355 1227 ἠξίουν
1367 1195 1468 1228 προῖκα
1494 1194 1613 1229 βοηθεῖν.
1633 1197 1669 1222 Οὐ
1698 1197 1752 1232 γὰρ
1777 1197 1840 1232 ὑμῖν

1058 1234 1128 1262 εἶναι
1153 1238 1233 1272 μόνον
1247 1238 1359 1272 ἀγεννὲς
1375 1240 1421 1265 καὶ
1448 1240 1631 1275 ἀνελεύθερον,
1656 1243 1703 1269 καὶ
1732 1244 1840 1277 ἀδοξίαν

1058 1283 1286 1318 προστριϐόμενον
1302 1284 1413 1320 πολλὴν,
1429 1287 1467 1322 μὴ
1481 1286 1525 1313 διὰ
1541 1280 1696 1323 φιλοτιμίαν
1721 1290 1769 1316 καὶ
1795 1287 1841 1324 git-

1058 1328 1129 1360 λίαν,
1157 1329 1224 1357 ἀλλὰ
1248 1331 1337 1365 μισθῷ
1359 1331 1506 1363 δουλεύειν,
1528 1333 1596 1358 ἀλλὰ
1620 1335 1666 1360 καὶ
1697 1335 1757 1370 ἐμοὶ
1787 1336 1841 1364 τῶν

1059 1374 1167 1401 πάντων
1184 1376 1397 1409 ἁδυνατὼτατον,
1432 1377 1483 1404 διὰ
1495 1377 1544 1412 τὴν
1577 1379 1697 1413 ἐμαυτοῦ
1721 1383 1768 1408 καὶ
1786 1382 1840 1409 τῶν

1060 1419 1194 1447 συνόντων
1219 1421 1354 1455 σωτηρίαν
1380 1424 1595 1458 καταπροῖεσθαι
1627 1424 1790 1460 Ῥωμαίους,
1815 1429 1840 1454 εί

1058 1465 1104 1490 καὶ
1118 1465 1339 1500 ἀγνωμονοῦντες
1355 1467 1465 1500 ἐκεῖνοι,
1490 1469 1535 1495 τὸν
1550 1469 1667 1504 πόλεμον
1678 1472 1840 1506 κεκινήκασι

1056 1509 1102 1536 τὸν
1118 1510 1186 1545 πρὸς
1203 1511 1262 1545 ἐμέ·
1275 1512 1305 1538 οὐ
1321 1513 1374 1547 γὰρ
1390 1514 1582 1547 καταδουλοῦν,
1599 1515 1657 1542 ἀλλ’
1681 1516 1841 1553 ἐλευθεροῦν

218 1555 407 1589 concepimus,
425 1561 455 1583 ut
474 1558 623 1586 amicitiam
649 1565 677 1588 et
702 1562 861 1590 societatem
880 1565 907 1592 in
929 1566 1004 1593 omni

1056 1557 1110 1583 ἀπὸ
1130 1557 1185 1584 τῶν
1205 1559 1342 1593 πολεμίων
1357 1560 1457 1595 μᾶλλον
1485 1562 1602 1597 ὲξαρχῆς
1620 1572 1649 1589 τι
1674 1564 1765 1597 εὐθὺς,
1790 1566 1838 1592 καὶ

218 1599 273 1625 vita
288 1600 442 1628 coleremus
454 1622 461 1634 ,
478 1603 602 1638 alterque
619 1605 747 1637 alterum,
767 1611 795 1634 ut
809 1608 925 1636 maxime
941 1617 1006 1645 pos-

218 1649 271 1677 set,
291 1644 316 1671 in
341 1649 464 1681 tempore
487 1648 639 1684 adjuvaret.
658 1650 764 1686 Oppida
780 1661 845 1680 vero
872 1659 900 1681 et
917 1644 1005 1690 regio-

218 1697 279 1717 nem
310 1690 472 1725 Romanam,
498 1701 630 1728 quantam
656 1696 816 1725 Andronico
839 1699 1003 1734 imperatore

217 1735 307 1763 adhuc
319 1737 469 1771 superstite
486 1743 512 1766 tu
530 1740 598 1774 ipse,
613 1746 660 1768 aut
677 1743 793 1777 majores
805 1744 844 1770 tui
864 1745 1005 1779 prioribus

217 1782 432 1817 imperatoribus
451 1786 652 1821 abstulissent,
674 1789 754 1824 785
781 1794 883 1818 tantam
907 1800 1004 1822 secure

218 1832 327 1856 teneres
344 1837 352 1856 :
369 1838 418 1858 nec
433 1836 582 1866 propterea
595 1841 645 1868 ego
657 1842 733 1862 artua
749 1843 896 1870 sumerem,
909 1847 1008 1873 quam—

217 1873 258 1899 vis
275 1881 307 1900 ea
325 1882 433 1908 possem
453 1877 501 1904 tibi
523 1878 643 1913 eripere.
667 1879 788 1909 Relictas
818 1890 906 1918 usque
927 1885 960 1911 ad
977 1885 1003 1912 id

217 1921 326 1952 tempus
338 1920 430 1953 urbes,
440 1921 516 1948 nullo
529 1923 620 1955 modo,
631 1932 721 1959 neque
731 1930 802 1958 arte.
819 1932 867 1954 aut
877 1929 1003 1956 machina

217 1962 271 1990 ulla
289 1963 399 1992 auferre
416 1966 560 1994 niterere:
579 1969 626 1996 sed
655 1970 735 2008 mihi,
756 1971 789 1997 ad
818 1974 1002 2008 recuperatio-

216 2015 279 2034 nem
309 2009 425 2037 Romani
456 2012 649 2048 principatus,
680 2023 730 2050 pro
759 2016 886 2046 facultate
908 2024 1003 2046 contra

216 2053 390 2083 adversarios
419 2064 495 2085 meos
525 2058 660 2088 dimicans
685 2068 800 2089 navares
816 2070 928 2101 operajn
948 2073 954 2097 ;
976 2069 1003 2092 et

217 2104 312 2134 captas
329 2101 452 2135 quidem,
470 2108 516 2130 aut
531 2103 638 2132 deditas
654 2113 697 2133 me
711 2113 845 2141 prasente
859 2116 909 2143 ego
920 2109 1003 2137 habe-

217 2153 275 2171 rem
285 2146 343 2173 sine
356 2149 563 2176 controversia:
577 2150 619 2177 sin
634 2152 808 2187 contingeret
824 2161 865 2181 me
876 2155 1000 2189 absente,

215 2195 263 2218 aut
285 2192 373 2227 ipsum
390 2198 415 2221 te
428 2214 436 2226 ,
453 2199 501 2222 aut
523 2196 699 2232 dynastarum
717 2204 826 2226 tuorum
845 2193 1000 2236 quempiam

1058 1603 1121 1637 ἄχρι
1149 1603 1197 1630 νῦν
1233 1604 1350 1638 μάλιστα
1381 1606 1499 1641 σπουδὴν
1530 1607 1670 1643 ποιοῦμαι.
1701 1609 1784 1642 εὐθύς
1810 1619 1840 1637 τε

1057 1649 1258 1690 ἀπεφαινόμην,
1278 1650 1315 1682 ὡς
1329 1651 1353 1677 εί
1380 1651 1429 1686 μὲν
1455 1652 1547 1688 δοκοίη
1570 1653 1613 1680 διὰ
1643 1654 1734 1688 φιλίαν
1755 1656 1840 1691 μόνην

1058 1694 1104 1721 καὶ
1125 1689 1282 1730 φιλοτιμίαν
1295 1695 1412 1730 βοηθεῖν
1447 1698 1471 1724 ει
1495 1698 1522 1724 δὲ
1546 1698 1594 1733 μὴ,
1620 1699 1679 1726 ἀλλ’
1695 1689 1779 1727 αὐτον
1808 1689 1839 1736 χε

1057 1740 1280 1775 καταπράξεσθαι
1307 1742 1483 1778 ἀνελεύθερον
1504 1744 1591 1777 οὐδὲν,
1620 1745 1680 1772 οὐδὲ
1705 1746 1839 1782 προδότην

1057 1784 1201 1817 φανεῖσθαι
1230 1784 1371 1819 Ῥωμαίων
1399 1786 1452 1813 τῶν
1471 1787 1627 1822 ἁμοφύλιυψ
1654 1789 1840 1828 ἀλλάίρήςε-

1058 1828 1120 1855 σθαι
1136 1829 1236 1863 μᾶλλον
1250 1830 1330 1862 αὐτὸς
1347 1831 1526 1866 ἁπύλλυσθαι,
1557 1834 1604 1861 καὶ
1619 1835 1702 1862 τέκνα
1726 1837 1774 1863 καὶ
1802 1839 1840 1865 οἰ-

1057 1873 1157 1903 κείους.
1174 1873 1248 1908 qam
1272 1875 1320 1909 τὴν
1336 1875 1365 1901 ἐν
1394 1875 1434 1911 τῷ
1448 1878 1563 1912 παρόντι
1593 1879 1687 1913 χρείαν
1730 1882 1839 1915 ἀδοξίας

1055 1918 1207 1953 ἀείμνηστα
1224 1922 1344 1955 μνημεῖα
1365 1923 1419 1954 τοῖς
1433 1923 1573 1951 είσέπειτα
1595 1925 1741 1961 Ῥωμαίοις
1757 1937 1840 1956 κατα-

1056 1963 1173 1992 λείπειν.
1192 1966 1225 1991 *Λ
1240 1965 1327 1992 ἐδόκει
1345 1967 1391 1993 καὶ
1408 1968 1450 1994 aoi.
1475 1970 1544 2004 μετὰ
1566 1972 1696 2004 γυναικὸς
1713 1972 1839 2008 βουλευο-

1057 2010 1130 2046 μένῳ
1147 2011 1194 2038 καὶ
1207 2012 1260 2038 τῶν
1272 2012 1300 2038 ὲν
1316 2013 1387 2040 τέλει
1413 2014 1507 2043 δίκαιά
1517 2025 1546 2042 τε
1572 2014 1654 2051 εἷναι,
1676 2019 1722 2046 καὶ
1738 2020 1839 2054 πολλὴν

1055 2055 1164 2083 οἴσοντα
1197 2058 1352 2093 φιλοτιμίαν
1369 2059 1468 2094 ὲμοίτε
1494 2061 1596 2100 ὁμοίως
1624 2064 1671 2090 καὶ
1696 2065 1768 2100 ὑμῖν·
1792 2068 1839 2094 καὶ

1057 2101 1226 2135 συνεθέμεθα
1241 2102 1290 2134 τὰς
1312 2104 1440 2137 σπονδὰς,
1457 2098 1578 2138 καὶτοὺς
1591 2108 1691 2143 ὅρκους
1707 2098 1754 2136 ἐπὶ
1778 2111 1840 2137 τοὺ-

1055 2155 1121 2179 τοις,
1153 2146 1221 2173 ὥστε
1244 2148 1338 2182 φίλους
1351 2149 1478 2185 ἀλλήλοις
1505 2148 1575 2178 εἷναι
1605 2153 1651 2180 καὶ
1677 2156 1839 2190 συμμάχους

1055 2190 1099 2218 διὰ
1116 2191 1184 2227 βίου,
1200 2193 1246 2219 καὶ
1261 2193 1369 2228 βοηθεῖν
1382 2194 1511 2230 ἑκάτερον
1523 2196 1664 2232 ὲτέρῳ,ὡς
1676 2198 1709 2225 ἂν
1721 2200 1839 2233 μάλιστα

215 2238 312 2264 urbem
331 2239 450 2274 aliquam
475 2242 662 2271 Romanorum
687 2251 734 2272 aut
760 2246 928 2281 proditione,
954 2253 1002 2275 aut

1056 2238 1113 2273 ἔχοι
1147 2239 1285 2275 καλούσης
1311 2241 1415 2276 χρείας”
1442 2242 1534 2275 πόλεις
1560 2244 1589 2270 δὲ
1604 2245 1649 2271 καὶ
1671 2245 1763 2281 χώραν
1788 2247 1839 2282 τὴν

215 2283 373 2315 obsidione,
385 2290 433 2312 aut
448 2287 586 2321 corruptis
602 2288 746 2324 largitione
757 2290 875 2325 civibus,
893 2293 1003 2320 autalia

214 2327 331 2361 quadam
348 2330 457 2358 ratione
472 2338 620 2366 occupare,
638 2333 705 2360 mihi
717 2335 919 2369 restitueretur,
938 2338 1002 2365 nul-

215 2371 315 2407 lusque
334 2375 463 2402 ohtentus
480 2376 513 2403 ad
531 2377 616 2404 ullum
636 2378 779 2407 auferendi
803 2381 913 2408 modum
929 2381 1003 2409 suﬂi—

214 2423 301 2445 ceret.
317 2419 406 2454 Atque
432 2421 503 2449 istuc
520 2423 637 2457 probare
650 2425 792 2453 evidenter
807 2426 871 2454 licet
881 2435 914 2455 ex
926 2428 1004 2463 jura-

215 2464 316 2492 mentis
332 2465 359 2492 in
378 2466 483 2494 tabulas
499 2468 603 2506 relatis.
623 2471 724 2505 quibus
742 2475 807 2499 tunc
822 2472 911 2500 fmdus
930 2473 1003 2500 inter

217 2516 269 2536 nos
281 2510 364 2538 ictum
379 2513 504 2546 sanxisti,
525 2517 709 2549 prmsentibus
721 2518 928 2554 archiepiscopo
944 2524 1001 2553 tuo,

215 2557 242 2591 et
267 2553 301 2579 iis
323 2555 368 2588 qui
395 2564 468 2583 nunc
492 2565 584 2585 coram
609 2559 719 2592 adsunt,
740 2553 912 2596 principibus
937 2563 1001 2591 tuis.

212 2597 426 2628 Consideremus
440 2602 544 2637 itaque,
559 2608 620 2632 uter
633 2605 789 2640 juramenta
805 2607 856 2635 ista
871 2609 998 2642 servarit,

214 2651 313 2679 egone,
332 2654 414 2680 quem
431 2653 458 2675 tu
474 2653 554 2677 tanta:
570 2650 752 2685 improbitatis
778 2657 806 2680 et
822 2658 875 2680 tam
888 2654 1002 2690 ingratae

213 2690 366 2719 voluntatis
379 2697 463 2727 atque
479 2695 592 2723 sceleris
612 2697 639 2727 in
662 2697 764 2726 amicos
775 2719 782 2732 ,
797 2704 824 2726 et
839 2699 1001 2728 insatiabilis

213 2736 356 2771 cujusdam
382 2739 541 2774 cupiditatis
563 2749 677 2771 accusas
696 2753 702 2771 :
720 2752 754 2771 an
770 2748 810 2777 tu,
830 2747 877 2781 qui
892 2746 999 2775 scilicet

214 2782 335 2809 alienum
348 2784 417 2811 nihil
433 2787 619 2822 concupiscis,
635 2789 680 2816 sed
700 2790 848 2818 amicitiam
870 2797 1000 2819 constan-

215 2833 257 2855 ter
270 2829 349 2863 colis,
367 2835 392 2858 et
412 2832 489 2866 quasi
507 2833 646 2868 quoddam
661 2835 723 2863 vita:
736 2836 891 2864 institutum
903 2842 980 2865 tenes
992 2859 999 2870 ,

214 2879 245 2901 ut
262 2883 315 2903 non
334 2876 413 2906 facile
428 2887 490 2906 cum
509 2883 631 2916 tempore
647 2882 834 2918 commuteris,
848 2890 938 2918 neque
954 2891 999 2912 se-

1054 2285 1107 2311 ὺπδ
1131 2285 1288 2321 Ῥωμαίοις,
1306 2287 1371 2321 ὂσης
1387 2287 1438 2321 μὲν
1458 2289 1537 2321 αὐτὸς
1553 2289 1685 2324 βασιλέως
1703 2292 1742 2318 ἔτι
1760 2300 1812 2327 περ
1824 2307 1840 2314 -

1053 2331 1129 2363 όντος
1146 2331 1318 2367 Ἀνδρονίκου
1341 2333 1357 2368 ἢ
1373 2333 1398 2359 oi
1424 2334 1553 2368 πρόγονοι
1582 2335 1724 2369 ἀφείλοντο
1741 2338 1838 2364 ἐκτῶν

1053 2378 1195 2413 προτέρων
1229 2378 1372 2414 βασιλέων,
1392 2379 1496 2414 ταύτην
1519 2380 1592 2415 ἔχειν
1619 2382 1759 2421 ἀσφαλῶς,
1789 2384 1838 2410 καὶ

1055 2423 1157 2458 μηδένα
1171 2423 1289 2458 πόλεμον
1301 2423 1351 2458 ἐμὲ
1365 2425 1450 2450 κινεῖν
1464 2426 1527 2459 περὶ
1542 2421 1642 2460 αὺτῆςξ
1651 2425 1702 2453 xiv
1712 2426 1837 2463 δύνωμαι

1052 2468 1238 2503 ἀφαιρεῖσθαι·
1253 2469 1302 2500 τὰς
1318 2468 1359 2495 ἐτι
1380 2469 1408 2495 δὲ
1435 2469 1652 2505 ὑπολειπομένας
1678 2472 1741 2507 ἄχρι
1764 2473 1836 2505 τότε,

1054 2514 1150 2549 μηδενὶ
1164 2515 1257 2550 τρόπῳ
1273 2515 1342 2550 μήτε
1362 2515 1456 2551 τέχνῃ,
1478 2517 1548 2551 μήτε
1575 2519 1685 2552 μηχανῇ
1716 2519 1837 2555 μηδεμιᾷ

1052 2559 1202 2595 πειρᾶσθαι
1225 2561 1416 2595 ἀφαιρεῖσθαι,
1445 2561 1503 2587 ἀλλ’
1520 2562 1584 2596 ἐμοὶ
1626 2563 1675 2596 τὴν
1692 2562 1837 2598 Ῥωμαίων

1052 2606 1203 2641 ἡγεμονίαν
1217 2607 1459 2640 συγκατακτᾶσθαι
1482 2607 1546 2642 ἄχρι
1570 2609 1616 2634 καὶ
1645 2609 1693 2635 τοῦ
1722 2609 1846 2637 δυνατοῦπ

1052 2652 1223 2688 πολεμοῦντα
1257 2654 1314 2686 τοῖς
1346 2654 1410 2688 ἐμοὶ
1436 2654 1629 2689 ἀνθεστηκόσι,
1651 2656 1697 2681 καὶ
1719 2656 1767 2688 τὰς
1786 2657 1836 2691 μὲν

1051 2697 1244 2733 ἁλισκομένας,
1261 2699 1277 2734 ἦ
1293 2700 1490 2735 προχωρούσας
1504 2699 1572 2734 ἐμοῦ
1598 2701 1743 2736 παρόντος,
1770 2701 1837 2728 ταύ-

1051 2751 1100 2774 τας
1113 2743 1187 2777 ἔχειν
1201 2743 1249 2778 ἐμὲ
1266 2744 1472 2776 ἀνενδοιὰστως.
1499 2745 1531 2772 El
1561 2746 1589 2773 δέ
1619 2755 1682 2773 ποτε
1710 2747 1832 2784 συμσαίη

1052 2790 1100 2815 καὶ
1132 2789 1256 2823 ἀπόντος,
1285 2789 1301 2825 ἢ
1331 2790 1422 2823 αὑτὸν,
1439 2790 1523 2826 ἢτῶν
1550 2791 1602 2818 ὑπὸ
1629 2792 1659 2818 σὲ
1686 2793 1835 2820 τελούντων

1052 2835 1176 2871 δυνατῶν
1195 2845 1267 2870 τινα,
1284 2837 1361 2869 πόλιν
1379 2838 1525 2873 κατασχεῖν
1538 2838 1659 2872 ὑπήκοον
1677 2838 1833 2874 Ῥωμαίοις,

1051 2882 1067 2917 ἥ
1098 2883 1238 2919 προδοσίᾳ,
1266 2883 1282 2919 ἢ
1313 2884 1467 2920 πολιορκίᾳ,
1500 2884 1516 2919 ἢ
1546 2884 1741 2920 διαφθείραντα
1767 2884 1833 2917 mit;
