1933 3083
80 73 125 106 161

651 72 925 105 IIISTORIARUM
945 74 1060 104 LIBER
1085 74 1134 104 ιν.

1663 77 1713 109 1632

71 130 142 158 ἔνδον
152 129 301 165 χρήμασιν,
316 127 436 164 ῆ”τρὸπῳ
449 127 481 163 δή
495 136 549 155 τινι
566 128 664 164 ἑτέρῳ,
682 129 774 161 πάσας
801 130 870 165 ἐμοὶ

926 131 978 158 mel
991 131 1101 159 decreta
1117 138 1166 166 per
1183 130 1320 158 levitatem
1335 134 1479 158 retractes.
1493 130 1627 165 Equidem
1644 132 1711 159 mihi

71 177 236 208 ἀποδιδόναι,
249 176 296 203 κα).
310 175 449 211 μηδεμίαν
458 175 599 210 πρόφασιν
612 176 708 212 ἀρκεῖν
718 176 766 202 ἐπὶ
779 176 865 211 μηδε-

73 225 136 258 μιᾶς
155 222 352 257 ἀποστερήσει,
367 222 414 248 καὶ
422 221 785 256 τούτωνέξεστινιὰπόδειξιν
793 230 868 256 mp,

71 270 142 304 ἐχειν
152 268 257 303 ἐναργῆ
277 269 309 295 ἐκ
329 267 387 295 τῶν
420 267 667 303 ἐγγράφωνόρκων
676 267 800 299 τουτωνὶ,
821 267 869 300 οὓς

72 316 194 351 ἐποιήσω
204 314 266 341 τότε
283 313 351 349 πρὸς
365 313 415 349 ἐμὲ
429 315 459 340 ὲν
485 315 546 345 ταῖς
572 312 722 349 συνθήκαις
735 315 870 350 παρόντος

73 359 291 395 ἀρχιεπισκόπου
302 357 349 385 τοῦ
363 358 422 390 σοῦ,
436 358 544 385 καὶτῶν
555 357 614 384 νυνὶ
623 359 766 393 παρόντων
774 355 868 386 ἐνθέιδε

72 409 187 433 τουτωνὶ
201 405 256 432 τῶν
267 405 320 431 ὑπὸ
332 405 361 431 σέ
370 404 521 439 ἐπιφανῶν.
533 404 701 440 Σκεψώμεθα
709 404 741 440 δὴ
750 404 799 432 οὖν
808 406 870 432 ὁπό-

73 462 150 488 τερος
159 452 283 487 ἐνέμεινε
292 451 449 487 τοίςλὸρκοις
457 451 575 482 τούτοις·
590 449 634 486 ἆρ’
645 452 658 478 ὁ
669 450 771 487 πολλὴν
782 452 871 486 ἀγνω-

74 498 193 534 μοσύνην
203 498 252 525 καὶ
261 497 423 533 ἀχαριστίαν
431 496 669 533 κατηγορούμενος
679 496 745 531 ἐγὼ,
759 499 807 525 καὶ
820 507 870 525 κα-

73 546 118 577 κδς
131 545 199 580 περὶ
211 545 278 576 τοὺς
287 545 393 579 φίλους,
406 545 452 571 καὶ
464 544 703 581 ἁπληστίαςδίκην
716 545 835 580 φεύγων,
853 547 869 582 ἦ

75 592 106 618 σὺ
120 590 206 625 ὑετῶν
217 590 367 625 ἀλλοτρίων
389 590 503 625 μηδενὸς
512 590 664 625 ἐπιθυμῶν,
683 591 751 617 ἀλλὰ
762 591 870 626 βέϐαιος

74 638 138 672 περὶ
147 638 211 669 τοὺς
221 637 326 671 φίλους,
335 637 380 663 καὶ
389 637 484 673 ὥσπερ
495 637 634 664 πολιτείαν
643 637 687 665 διὰ
697 638 755 672 βίον
769 637 870 673 μετιὼν

73 683 103 709 τδ
113 683 152 718 μὴ
165 681 443 717 συμμεταϐάλλεσθαι
455 682 615 718 ῥᾳδίωςτοῖς
624 685 741 718 καιροῖς,
754 684 821 718 μηδέ
837 685 871 711 τὰ

74 728 193 761 εἰσάπαξ
211 728 388 763 ἐψηφισμένα
402 729 512 763 τρόπων
523 729 634 764 εὐκολίᾳ
645 729 774 756 διαλύων.
794 730 872 765 Ἐμοὶ

76 775 125 810 μέν
137 774 223 808 δοκεῖ,
239 775 303 810 μήτ’
316 774 446 810 εὐορκίας
461 774 511 809 ἐμὲ
534 775 582 802 καὶ
600 774 777 810 βεϐαιότητος
806 775 872 811 περὶ

922 176 1017 204 videor
1041 177 1145 204 nullum
1176 177 1319 212 religionis
1333 197 1341 210 ,
1362 177 1546 210 constantia,
1578 178 1713 212 xquitatis

908 229 1024 250 \munus
1044 231 1107 259 erga
1126 223 1230 251 amicos
1257 223 1470 258 praetermisisse
1489 233 1496 250 :
1512 231 1603 258 neque
1619 224 1712 251 arari-

922 269 966 296 tiae
979 277 1059 300 meae,
1083 269 1198 305 periurii
1215 273 1243 297 et
1262 269 1433 296 inﬁdelitatis
1449 270 1474 296 in
1489 270 1600 297 eosdem
1625 270 1712 298 ullum

921 320 1113 350 argumentum
1135 320 1236 342 exstat.
1253 315 1320 343 Cum
1334 315 1407 342 enim
1423 315 1560 342 Berl-licere
1576 323 1712 346 Versarer,

921 361 1060 396 urbesque
1083 361 1205 388 finitione
1223 361 1347 395 quaedam
1374 361 1407 388 ad
1439 369 1482 388 me
1511 361 1711 393 desciscerent,

919 414 972 441 ego
989 407 1112 441 quidem,
1131 411 1161 434 ut
1176 415 1220 434 res
1237 406 1352 439 ferebat,
1370 414 1470 442 augere
1494 407 1641 440 imperium
1667 415 1714 434 co-

922 452 1019 485 nabar,
1035 459 1063 480 et
1078 453 1201 480 collectis
1216 457 1333 487 quantas
1351 457 1474 486 poterant
1492 453 1591 487 copiis,
1609 453 1715 480 habens

921 502 950 525 et
962 499 1116 526 Germanos
1146 499 1193 526 abs
1220 503 1245 526 te
1271 499 1338 526 mihi
1357 499 1466 531 missos,
1486 499 1713 526 Thessalonicam

922 544 1077 570 amicorum
1100 544 1237 571 accersita
1266 545 1338 571 veni.
1362 544 1402 570 Tu
1423 552 1485 570 mox
1515 544 1589 570 nulla
1608 552 1712 575 causa,

924 589 998 616 nulla
1027 590 1174 617 occasione
1199 598 1213 616 a
1243 598 1286 617 me
1314 590 1427 624 prwhita
1456 590 1523 617 mihi
1548 591 1713 623 insidiatus,

922 634 1227 676 ThesSanniecnsibus,
1255 639 1284 662 ut
1300 634 1327 661 iu
1345 642 1387 661 me
1406 635 1494 666 irent,
1512 639 1609 662 auctor
1625 635 1712 667 fuisti,

923 679 1132 714 Germanosque
1146 685 1209 707 tuos
1220 687 1253 707 ex
1269 680 1326 714 ipsa
1338 681 1538 714 propemodum
1557 680 1615 706 acie
1632 688 1722 714 rcvo-_

924 726 1004 753 casti.
1021 726 1086 759 Quae
1103 726 1227 761 profecto
1244 727 1476 761 importunissimi
1490 727 1580 753 hontis
1596 734 1668 759 esse,
1689 727 1712 753 si

925 775 953 798 tu
968 779 1023 798 non
1048 772 1134 805 dicas,
1163 777 1190 799 at
1210 772 1304 799 dicent
1320 778 1456 808 quotquot
1483 773 1528 800 hic
1544 778 1644 800 astant.
1672 773 1713 800 Me

74 807 138 851 τοὺς
154 807 260 855 φίλους,
271 807 326 846 ⁷καὶ
349 807 559 855 εύγνωμοσύνης
574 807 657 855 μηδὲν
665 807 763 856 δεῖγμα
781 807 870 857 παρα-

923 821 1016 844 autem
1033 817 1098 845 inde
1114 823 1300 845 revertentem
1316 839 1323 850 ,
1352 827 1463 846 manum
1482 819 1514 846 ad
1543 820 1642 846 Axium
1659 819 1712 859 flu-

74 866 192 899 λείπειν,
212 866 281 901 μήτε
317 865 348 892 σὲ
370 865 525 900 ἀπληστίας
540 888 547 899 ,
568 867 625 893 ηκαὶ
650 867 802 902 ἐπιορκίας,
824 868 870 894 καὶ

76 913 141 947 περὶ
170 912 236 944 τοὺς
256 912 351 946 φίλους
377 911 571 944 ἀπιστίας-ὼς
598 913 653 949 γὰρ
681 914 816 949 ἐγενόμην
839 916 870 941 ὲν

75 957 205 993 Βερροίᾳ,
222 958 268 984 καί
284 966 358 989 τινες
373 957 500 993 πολίχναι
516 959 709 994 προσεχώρουν
726 959 789 995 περὶ
819 960 869 987 αὐ-

74 1000 125 1036 τὴν
138 1000 186 1027 καὶ
204 1001 346 1032 Θετταλία,
363 1002 418 1036 ἐγὼ
435 999 485 1037 μέν
499 1003 531 1029 ἐκ
547 1003 602 1030 τῶν
625 1004 740 1031 ἐνόντων
753 1005 871 1039 ἐπειρώ-

74 1055 131 1082 μην
147 1046 245 1079 αὗξειν
255 1047 304 1082 τὴν
319 1048 418 1083 ἀρχὴν,
436 1048 484 1075 καὶ
500 1048 630 1084 στρατιὰν
646 1049 784 1085 ἡθροικὼς
803 1052 870 1085 ὅσην

79 1093 200 1127 μάλιστα
215 1092 290 1128 ἐξῆν,
306 1093 376 1128 ἔχων
392 1094 440 1120 καὶ
457 1094 616 1129 Γερμανοὺς
632 1097 695 1128 τοὺς
717 1097 793 1132 παρὰ
809 1097 868 1131 σοῦ,

77 1135 145 1173 ἧκον
163 1139 204 1170 εἰς
219 1138 423 1175 Θεσσαλονίκην
440 1140 492 1166 ὑπὸ
510 1140 564 1167 τῶν
584 1142 668 1176 φίλων
688 1142 869 1178 κεκλημένος.

76 1183 112 1210 Σὺ
127 1183 155 1209 δὲ
172 1184 271 1211 αὐτίκα
297 1184 488 1217 ἐπεϐούλευες,
521 1187 657 1222 μηδεμίαν
684 1188 773 1215 αἰτίαν
802 1189 872 1224 μηδέ

77 1226 216 1261 πρόφασιν
229 1228 299 1262 πρὸς
322 1229 368 1255 τὸν
382 1229 501 1264 πόλεμον
516 1232 733 1267 παρασχομένῳ,
755 1233 802 1259 καὶ
815 1234 872 1265 τοῖς

74 1282 104 1300 τε
118 1273 344 1300 Θεσσαλονικεῦσι
356 1274 548 1307 συνεϐούλευες
564 1276 725 1309 ἐπεξιέναι,¹
748 1279 793 1304 καὶ
807 1278 872 1312 Γερ-

77 1318 179 1354 μανοὺς
186 1319 250 1350 τοὺς
259 1319 321 1351 σοὺς
329 1319 463 1346 ἁνεκαλοῦ
475 1320 616 1355 ἀπ’,αύτῆς
626 1322 675 1356 τῆς
691 1323 874 1356 παρατάξεως

76 1365 169 1400 σχεδόν
179 1373 185 1381 ·
198 1365 216 1392 ἃ.
236 1363 306 1392 εἶναι
320 1365 534 1400 πολεμιωτάτου,
544 1368 567 1393 εἰ
580 1367 618 1403 μὴ
634 1368 709 1403 σύγε,
721 1369 803 1396 ὰλλόί
821 1379 874 1398 πα-

76 1412 170 1447 ρόντες
202 1411 321 1444 ἆπαντες
344 1413 447 1448 ἐροῦσι.
463 1413 672 1450 Ἀναστρέφοντι
699 1415 727 1443 δὲ
757 1417 871 1451 ἐκεῖθεν,

76 1458 208 1493 στρατιὰν
220 1458 345 1493 ἔπεμψας
356 1459 401 1485 ἐπί
407 1459 453 1486 τὸν
465 1459 566 1492 ’Δξειὺν
581 1460 739 1488 κωλύουσαν
752 1463 819 1497 πρὸς
828 1463 873 1491 τὸν

76 1505 173 1538 πόρον,
183 1505 231 1532 καὶ
246 1506 388 1541 μονονουχὶ
398 1506 455 1538 τοῖς
465 1506 530 1534 πολε
534 1506 607 1542 μίοις
615 1508 772 1545 αὐτοχειρίᾳ⁴
786 1518 872 1544 παρε-

73 1550 154 1581 δίδως
167 1558 173 1565 ·
187 1551 215 1582 ἐς
232 1551 367 1587 τοσαύτην
389 1552 444 1587 γὰρ
466 1553 638 1588 κατέστησας
651 1554 787 1590 ἀνάγκην,
800 1555 871 1583 ὥστε

75 1597 100 1622 εἰ
114 1595 153 1631 μὴ
163 1596 230 1628 Θεὸς
245 1597 349 1624 ἄνωθεν
364 1598 500 1634 ὑπερέσχε
518 1600 596 1634 χεῖρα
610 1600 676 1635 πρὸς
692 1601 740 1635 τὴν
749 1601 871 1629 διάϐασιν

74 1642 124 1668 τοῦ
152 1642 288 1678 ποταμοῦ,
314 1644 472 1680 ἀπωλόμεθ’
483 1646 516 1672 ἂν
550 1647 652 1678 πάντες
686 1647 792 1680 ἀκλεῶς
819 1648 872 1675 ὑπὸ

77 1687 283 1724 περιχυθέντων
303 1689 371 1724 ὁμοῦ
395 1689 541 1724 Ῥωμαίων
557 1692 604 1718 καὶ
618 1691 777 1728 βαρϐάρων,
792 1694 871 1720 Οὕτω

76 1735 145 1765 τοὺς
157 1735 257 1769 ὅρκους
269 1735 433 1771 διετήρησας
448 1737 581 1772 ἀκριϐῶς,
603 1738 650 1764 καὶ
672 1738 758 1765 ταῦτα
770 1740 799 1766 οὐ
818 1740 871 1775 πρὸ

75 1777 177 1807 πολλοῦ
192 1779 238 1806 τοῦ
253 1781 349 1816 χρόνον
360 1782 583 1817 γεγραμμένους.
600 1782 637 1809 Οὐ
661 1783 715 1818 μὴν
733 1784 872 1819 ἠρκέσθης

75 1826 193 1860 ἀφανῶς
218 1826 404 1854 ἐπιϐουλεύειν
423 1828 514 1862 μόνον,
541 1828 599 1855 ἀλλ’
620 1828 791 1865 Ἀποκαύχου
817 1831 872 1862 τοῖς

77 1872 199 1906 κόμποις
232 1873 281 1899 καὶ
295 1874 351 1905 τοῖς
365 1873 505 1909 πλάσμασι
525 1875 657 1909 πεισθεὶς,
683 1877 814 1911 χρήματά
829 1885 870 1909 τε,

76 1919 116 1950 ὡς
146 1918 268 1952 ἐλέγετο,
296 1920 476 1955 παρ’ἐκείνου
509 1921 638 1957 είληφὼς,
663 1923 792 1958 πολέμιον
821 1923 872 1957 ἐμὲ

76 1964 208 2000 ὲείδτὶφίεηι)
222 1966 359 2000 φανερῶς,
387 1967 416 1993 ὃν
445 1968 474 1994 ἐν
489 1969 546 1999 τοῖς
573 1969 665 2003 ὅρκοις
686 1969 803 2004 γράφεις
828 1970 873 1997 διὰ

77 2011 138 2046 βίον
158 2010 308 2047 σύμμαχον
323 2013 370 2039 καὶ
383 2013 460 2048 φίλον
471 2014 553 2047 ἐξειν-
585 2014 640 2041 οὑδ“
657 2015 738 2045 αὐτὸς
767 2014 811 2047 ἂν,
834 2013 873 2042 οῖ-

76 2067 139 2093 μαι,
166 2059 250 2094 φαίης
266 2059 399 2094 εὐορκείψ
416 2059 463 2087 καὶ⁹
486 2060 639 2096 γράμματα
663 2061 785 2096 ἔπεμπες
811 2062 872 2095 ἐμοὶ

75 2105 126 2139 τὴν
141 2104 256 2140 εἰρήνην
284 2105 333 2131 καὶ
356 2106 405 2140 τὴν
429 2107 588 2142 συμμαχίαν
613 2107 740 2143 φανερῶς
765 2109 872 2142 ἀπαγο-

922 871 996 896 men,
1015 864 1132 891 transitu
1150 872 1194 891 me
1219 865 1424 900 prohibiturum
1442 865 1550 897 misisti,
1567 871 1593 892 et
1609 870 1713 892 tantum

922 916 984 935 non.
1004 913 1052 936 tua
1080 909 1140 944 ipse
1165 917 1247 936 manu
1279 910 1406 937 hostibus
1434 918 1478 937 me
1504 910 1653 937 tradidisti.
1676 911 1713 936 tio

922 955 997 982 enim
1016 955 1188 983 necessitatis
1207 955 1324 991 adegisti
1340 977 1347 988 ,
1377 961 1406 983 ut
1427 956 1479 983 nisi
1498 957 1570 984 Deus
1595 957 1713 992 desuper

922 1007 1033 1027 manum
1048 1008 1124 1027 suam
1142 1000 1175 1028 ad
1190 1000 1293 1029 ﬂumen
1309 1002 1502 1036 trajiciendum
1521 1003 1690 1030 extendissct
1705 1029 1712 1039 ν

922 1053 937 1072 a
953 1045 1130 1073 circumfusis
1145 1046 1228 1074 simul
1242 1047 1375 1075 Romanis
1400 1052 1484 1082 atque
1501 1047 1625 1074 barbaris
1639 1049 1712 1075 milia

921 1099 984 1118 cum
1011 1095 1105 1119 nostra
1123 1092 1210 1126 gloria
1226 1092 1336 1120 delendi
1364 1092 1500 1120 fuerimus
1522 1101 1529 1120 :
1554 1094 1637 1129 786
1658 1098 1712 1120 tam

922 1137 1053 1171 praeclare
1072 1141 1100 1164 tu
1121 1136 1333 1172 jusjurandum,
1354 1138 1437 1173 idque
1457 1139 1483 1165 in
1500 1138 1607 1166 litteras
1625 1147 1714 1173 nuper

923 1183 1041 1210 relatum
1058 1184 1221 1218 prwstitisti.
1245 1183 1302 1211 Nec
1322 1184 1503 1212 clandestinis
1521 1185 1629 1212 insidiis
1645 1192 1713 1212 con-

923 1233 1025 1261 tentus.
1042 1230 1124 1256 etiam
1136 1229 1307 1264 Apocaueh‘i,
1319 1230 1438 1258 hominis
1459 1230 1584 1263 ventosi,
1601 1230 1714 1264 figmen-

924 1276 959 1302 tis
975 1276 1102 1308 credens,
1119 1276 1277 1311 et‘pecunia
1290 1276 1323 1304 ab
1341 1276 1398 1309 illo,
1414 1279 1443 1303 ut
1456 1276 1577 1305 aiebant.
1589 1281 1712 1310 accepta,

925 1323 1032 1350 hostem
1049 1330 1092 1350 me
1108 1323 1197 1357 palam
1219 1323 1378 1357 dectarasti,
1392 1331 1473 1358 quem
1492 1323 1519 1349 in
1533 1322 1714 1358 jurejurando

925 1368 1030 1395 socium
1047 1375 1157 1403 semper
1185 1372 1268 1404 atque
1284 1369 1404 1396 amicum
1422 1369 1582 1396 habiturum
1604 1369 1630 1396 te
1643 1368 1732 1409 seri--

926 1412 978 1440 bis.
995 1412 1059 1440 Haec
1074 1413 1121 1448 qui
1141 1413 1235 1446 faciat,
1259 1421 1310 1442 nec
1336 1418 1363 1441 tu
1391 1422 1466 1447 eum,
1491 1415 1600 1452 Opinor,
1615 1415 1714 1450 juratis

926 1464 1000 1487 stare
1024 1459 1212 1487 atiirmaveris.
1240 1460 1356 1496 Insuper
1375 1461 1481 1489 litteras
1498 1461 1637 1494 mitteba<,
1651 1461 1714 1496 qui-

887 1491 908 1520 θ
927 1505 979 1533 bus
1005 1513 1101 1541 pacem
1129 1510 1158 1534 et
1180 1491 1331 1534 amicitiam
1349 1511 1444 1542 aperte
1466 1507 1657 1540 renuntiabas,
1687 1512 1715 1534 et

923 1552 1027 1580 bellum
1053 1560 1110 1580 non
1133 1557 1208 1586 ante,
1227 1561 1276 1588 pro
1291 1561 1370 1581 more
1384 1554 1544 1587 ,‘indictum
1569 1554 1716 1582 denuntia-

924 1597 973 1625 has
990 1607 997 1625 :
1012 1606 1080 1633 quas
1096 1603 1122 1626 et
1147 1599 1175 1625 in
1190 1598 1265 1626 hunc
1290 1607 1378 1634 usque
1393 1600 1466 1627 diem
1487 1608 1501 1627 a
1525 1608 1569 1627 me
1591 1606 1714 1628 servatas

924 1644 1019 1671 videre
1032 1644 1105 1672 licet.
1119 1644 1158 1671 Ex
1171 1644 1219 1672 illo
1235 1652 1279 1672 me
1291 1649 1319 1672 et
1335 1645 1490 1673 manifestis
1505 1646 1599 1677 armis.
1622 1650 1650 1673 et
1669 1654 1715 1674 oc—

925 1688 1012 1716 cultis
1027 1688 1136 1716 insidiis
1151 1693 1246 1723 petere
1261 1697 1314 1716 non
1328 1690 1451 1718 cessasti.
1465 1690 1532 1717 Nam
1548 1690 1714 1725 etDidymo-

924 1735 1030 1762 tichum
1059 1743 1121 1762 cum
1140 1735 1254 1763 Amurio
1271 1743 1427 1769 reversum,
1455 1741 1602 1771 postquam
1624 1737 1667 1764 ille
1688 1738 1714 1764 in

923 1781 1016 1809 Asiam
1029 1781 1209 1817 renavigavit,
1224 1786 1254 1809 ut
1270 1782 1436 1817 Apocaucho
1448 1782 1583 1817 promissa
1597 1783 1713 1816 faceres,

924 1828 1011 1856 robur
1027 1829 1168 1856 exercitus
1193 1829 1220 1856 in
1240 1836 1284 1857 me
1309 1829 1430 1862 duxisti;
1450 1832 1590 1864 et‘usque
1603 1829 1715 1865 Mygdo-

924 1874 997 1902 niam
1024 1874 1112 1909 palam
1142 1874 1232 1903 hostis
1248 1882 1325 1902 meus
1340 1875 1492 1902 tetendisti.
1511 1875 1603 1902 Persis
1623 1881 1715 1902 autem

923 1921 1062 1956 peditibus
1077 1922 1298 1955 occurrentibus,
1317 1929 1433 1957 quorum
1443 1929 1525 1949 naves
1540 1922 1642 1949 Latina:
1665 1922 1714 1949 tri-

924 1975 1016 1995 remes
1034 1968 1225 2000 incenderant,
1241 1972 1270 1995 et
1292 1967 1402 2003 egregie
1425 1967 1521 1995 attrito
1535 1968 1569 1994 ab
1581 1967 1622 1995 eis
1637 1975 1716 1994 excr-

924 2015 994 2047 citu,
1007 2022 1091 2050 quem
1106 2019 1202 2042 contra
1216 2014 1290 2049 ipsos
1307 2013 1450 2046 mittebas,
1469 2013 1527 2048 ipse
1539 2021 1649 2048 quoque
1665 2014 1716 2040 ini-

924 2060 1033 2096 provisa
1050 2068 1080 2088 re
1093 2061 1238 2095 perculsus
1250 2080 1256 2092 ,
1272 2061 1300 2087 in
1315 2065 1390 2087 tuam
1404 2060 1575 2095 provinciam
1587 2058 1693 2087 rcdiisti
1707 2067 1714 2085 :

924 2110 953 2133 et
981 2106 1134 2133 Manuelem
1163 2105 1305 2140 despotaln
1327 2106 1413 2133 filium
1431 2113 1534 2138 meum,
1560 2113 1641 2140 quem
1664 2113 1715 2140 ego

76 2150 206 2185 ρεύοντα,
220 2151 267 2177 καὶ
281 2150 401 2186 πόλεμον
417 2152 637 2186 καταγγέλλοντα
659 2153 828 2188 ἀκήρυκτον·
852 2153 870 2180 ἃ

925 2151 1073 2184 Berrhaaaa,
1088 2151 1338 2186 oppidulorumque
1349 2151 1466 2178 aliorum
1477 2151 1635 2186 praefectum
1649 2150 1716 2177 reli-

76 2196 125 2223 καὶ
145 2195 195 2223 νῦν
219 2196 324 2230 ἔξεστιν
341 2197 408 2232 όρᾷν
436 2198 476 2229 εἰς
503 2197 586 2234 δεῦρο
616 2198 786 2226 διασωθέντα
801 2200 873 2234 παρ’

75 2243 149 2278 ἐμοί.
166 2243 222 2270 Καὶ
234 2242 264 2276 ἐξ
284 2243 392 2270 ἐκείνου
409 2245 439 2270 οὑ
457 2244 575 2276 διέλιπες
590 2245 716 2280 φανερῶς
743 2254 773 2278 τε
793 2245 873 2272 πολε-

77 2290 149 2325 μῶν,
170 2291 218 2317 καλ⁵
233 2289 346 2324 ἀφανῶς
372 2290 566 2318 ἐπιϐουλεύων.
585 2291 661 2325 Ἐμοί
693 2299 723 2317 τε
740 2291 794 2326 γὰρ
828 2291 870 2323 είς

74 2336 273 2371 Διδυμὸτειχον
287 2337 454 2371 ἐπανήκοντι
470 2332 538 2371 μεῖὰ
556 2337 671 2373 ’Δμοὺρ,
692 2338 752 2364 ἐπεὶ
767 2338 873 2370 ἐκεῖνος

74 2382 109 2418 ἦν
124 2385 167 2416 εἰς
193 2383 243 2418 τήν
266 2383 370 2414 Ἀσίαν,
389 2383 438 2418 τὴν
470 2383 619 2418 ὑπόσχεσιν
641 2384 802 2420 Ἀποκαύχῳ
828 2385 872 2412 ἐκ·

78 2430 207 2466 πληρῶν,
235 2429 265 2456 τὸ
277 2429 421 2464 κράτιστον
434 2429 484 2462 τῆς
500 2430 630 2464 στρατιᾶς
653 2429 724 2465 ἔχων
738 2430 874 2465 ἐπεστρά-

73 2483 165 2506 τευες·
177 2475 224 2501 καὶ
241 2474 376 2510 προῆλθες
389 2474 454 2509 ἄχρι
464 2474 630 2508 Μυγδονίας,
645 2475 769 2510 φανερῶς
786 2475 872 2502 ἐπιὼν

74 2521 151 2556 ἐμοί.
169 2520 283 2556 Περσῶν
297 2520 326 2546 δέ
344 2520 435 2553 πεζῶν
459 2520 671 2556 περιτυχόντων,
690 2517 727 2547 ὧν
742 2521 792 2553 τὰς
804 2521 871 2553 ναῦς

73 2568 100 2595 αἱ
138 2566 286 2594 Λατινικαὶ
313 2566 466 2602 ἐνέπρησαν
496 2568 631 2603 τριήρεις,
656 2567 703 2594 καὶ
728 2567 813 2595 πολλὰ
838 2570 870 2604 τῇ

73 2614 194 2649 στρατιᾷ
206 2613 417 2649 λυμηναμένων,
430 2613 464 2648 ἢν
481 2613 606 2648 ἔπεμπες
630 2612 673 2640 ἐπ’
690 2614 799 2647 αὐτοὺς,
812 2614 873 2641 ἁνε-

72 2658 179 2694 χὼρεις
204 2658 253 2684 καὶ
278 2658 362 2689 αὐτὸς
376 2658 414 2689 είς
432 2658 481 2692 τὴν
499 2657 587 2684 οίκίαν
605 2657 721 2692 πληγεὶς
735 2659 872 2692 ἀπροσδο-

74 2703 185 2736 κήτοις,
222 2702 271 2728 καὶ
297 2701 427 2735 Μανουὴλ
449 2700 582 2736 δεσπότην
595 2701 640 2727 τὸν
667 2701 723 2727 υἱὸν
746 2702 792 2728 ἐπὶ
822 2702 873 2736 τῆς

75 2747 215 2783 Βερῤοίας
251 2747 304 2782 τὴν
328 2746 427 2782 ἀρχὴν,
448 2747 497 2774 καὶ
527 2747 582 2774 τῶν
613 2747 701 2774 ἄλλων
728 2748 873 2783 πολιχνίων

75 2792 330 2829 καταλελειμμένον
342 2793 388 2819 ὑπ’
405 2793 483 2829 ἐμοῦ,
502 2793 627 2828 φανερῶς
639 2803 668 2821 τε
691 2795 867 2830 ἐπολιόρκεις

924 2204 1057 2233 queram,
1086 2197 1174 2232 palam
1202 2196 1349 2228 obsedisti,
1369 2204 1420 2224 nec
1436 2197 1511 2224 cives
1527 2196 1645 2231 pecunia
1668 2195 1716 2223 de-

924 2250 1041 2277 pravare
1053 2242 1182 2273 omisisti,
1198 2242 1287 2269 donec
1302 2242 1356 2269 illis
1369 2250 1482 2270 exosum
1502 2242 1529 2269 in
1545 2241 1714 2269 Thessaliam

925 2289 1065 2324 expulisti.
1087 2288 1128 2315 Tu
1157 2295 1222 2315 vero
1248 2287 1346 2315 urbem
1372 2287 1537 2323 occupabas,
1565 2291 1593 2315 et
1610 2287 1715 2315 Pheras

925 2334 1054 2361 similiter
1068 2334 1149 2369 longo
1166 2338 1290 2368 tempore
1309 2333 1439 2361 obsidens
1453 2355 1459 2367 ,
1474 2342 1536 2361 eum
1554 2340 1579 2362 te
1594 2341 1713 2367 orarem,

922 2381 1128 2416 jurameulique
1174 2380 1461 2412 commonefacercm,
1491 2380 1712 2420 quandoquidem

925 2427 1002 2454 civili
1021 2426 1094 2454 bello
1110 2425 1258 2459 distentus,
1283 2426 1317 2454 ad
1338 2427 1423 2454 urbes
1436 2427 1496 2454 illas
1511 2426 1643 2454 accedere
1657 2434 1714 2454 non

925 2478 1048 2509 poteram
1063 2493 1069 2504 ,
1085 2473 1160 2500 auris
1176 2472 1357 2507 discerpenda
1376 2481 1435 2501 mea
1451 2473 1535 2501 verba
1556 2473 1686 2502 tradebas
1704 2482 1713 2501 :

925 2525 953 2547 et
966 2523 1088 2554 egestate
1114 2518 1177 2546 illos
1205 2519 1422 2554 obsessioneque
1438 2520 1547 2547 assidua
1562 2527 1691 2555 premens
1703 2540 1712 2554 ,

925 2570 1064 2602 postremo
1074 2566 1157 2593 etiam
1172 2565 1209 2593 ibi
1225 2565 1334 2593 civibus
1345 2566 1483 2600 primariis
1500 2566 1616 2601 pecunia
1630 2571 1715 2595 trans-

925 2611 1025 2639 versim
1060 2612 1139 2644 actis,
1156 2611 1251 2638 urbem
1265 2611 1298 2638 ad
1313 2615 1338 2638 te
1352 2611 1468 2638 allexisti
1482 2620 1489 2638 :
1502 2612 1713 2646 ctpostmodum

925 2665 1024 2692 magno
1054 2657 1178 2691 equitum
1201 2657 1380 2691 peditumque
1410 2665 1526 2684 numero
1543 2657 1713 2685 Thessaliam

924 2708 952 2731 et
967 2703 1148 2730 Acarnaniam
1175 2703 1360 2730 Romanorum
1386 2704 1541 2738 provincias
1569 2704 1713 2738 invasisti,

925 2757 957 2776 ac
987 2748 1194 2776 memorabilem
1219 2749 1296 2776 illam
1323 2750 1505 2777 calamitatem
1533 2750 1668 2783 invexisti,
1682 2755 1713 2777 ut

924 2795 1082 2822 Acarnanes
1101 2794 1137 2822 ob
1161 2794 1364 2822 intolerandam
1382 2794 1480 2822 famem
1503 2795 1536 2822 ad
1562 2795 1713 2823 maritimas
