1933 3083
197 103 245 134 16'!

773 96 935 129 JOANNlS
955 93 1218 125 CANTACUZENI

1761 90 1812 123 168

192 161 233 188 sio
249 159 316 186 fuit:
332 158 375 185 cui
393 165 454 184 cum
467 157 510 185 ille
523 163 662 192 opponere
676 155 746 183 nihil
761 159 856 191 posset
867 153 980 189 (quippe

1037 150 1160 184 ἐγκαλεῖν
1174 150 1188 176 ὁ
1201 148 1316 184 Κράλης
1338 147 1487 184 ἐπεχείρει,
1514 146 1698 183 ἁπεκρίνατο·
1714 149 1728 174 ὸ
1744 149 1820 184 Κρᾶ-

192 214 273 241 quem
296 204 457 240 iniuriarum
499 208 581 238 alque
605 201 727 237 perﬁdiae
742 201 908 229 conscientia
929 200 978 227 sti-

192 251 322 283 mularet)
346 248 457 283 paulum
486 247 639 274 conticuit:
665 246 764 274 deinde
786 246 977 280 imperatorem

193 296 322 330 rogavit,
340 294 378 321 uti
406 293 569 321 seeedentes
589 293 624 320 de
641 292 828 320 controversia
853 299 902 319 sua
919 290 978 318 sine

155 346 158 348 ‘
193 340 307 367 arbitris
322 339 556 372 colloquerentur.
572 337 686 369 Annuit,
709 337 852 364 secedunt.
865 335 904 363 lbi
921 340 978 362 tum

193 386 289 413 Crales
299 383 436 413 conﬁteri.
450 390 478 410 se
493 383 572 410 ﬁdem
587 390 683 417 parum
702 388 824 411 sanctam
839 381 978 418 habuisse,

194 435 345 464 contraque
367 429 458 456 foedus
482 427 671 455 Romanorum
687 428 786 463 oppida
801 435 949 462 occupasse
971 435 978 454 :

194 485 244 503 nec
264 481 353 502 tamen
378 475 411 502 ad
426 473 597 502 reddendum
623 474 804 509 propendere,
825 473 872 500 sed
890 480 979 505 orare,

194 522 292 549 collata
316 522 342 548 in
363 529 392 548 se
410 520 544 548 beneﬁcia
563 520 635 555 apud
652 520 773 546 animum
797 519 941 550 recoleret,
953 521 981 545 et

196 569 266 595 hanc
293 567 344 594 sibi
370 567 485 601 gratiam
511 566 697 600 persolveret,
713 570 745 592 ut
766 565 900 592 ambobus
917 563 982 590 reti-

195 613 327 639 nentibus
353 611 427 647 quod
447 611 592 643 haberent,
609 612 645 638 ita
673 611 781 639 demum
808 609 896 637 turdus
921 609 983 636 I'eri-

199 663 271 686 rent.
297 659 365 685 Cum
392 657 459 685 nihil
484 661 527 684 vel
556 650 699 684 minimum
725 656 935 686 concederetur,
952 663 982 682 re

197 704 370 739 imperfecta,
389 703 483 730 Crales
500 703 527 729 in
543 707 645 734 castra,
664 702 813 737 imperator
842 702 867 729 in
886 701 981 728 urbem

152 758 155 761 λ
196 750 290 777 rediit.
306 749 444 777 Postridie
460 750 563 782 denuo,
579 754 608 776 ut
628 749 699 776 inter
716 756 745 775 se
759 748 872 782 polliciti
883 753 960 775 erant
973 767 981 780 ,

197 797 376 827 conveniunt,
392 796 546 830 eademque
579 795 724 827 iterantur,
751 799 777 822 et
794 802 883 829 neque.
899 794 983 828 impe-

197 845 272 869 rator
299 841 333 868 de
363 841 526 875 repetitione
555 841 664 867 urbium
690 844 885 874 occupatarum
904 839 983 872 quid-

197 895 278 922 quam
295 887 448 919 remittere,
469 895 557 921 neque
583 886 675 913 Crales
688 893 735 912 eas
756 885 880 916 reddere,
895 892 984 920 quau-

197 941 280 969 quam
294 932 410 965 dideret,
425 937 529 959 tantum
545 939 574 959 se
592 932 716 958 timorem
734 930 909 965 imperatoris
918 937 986 957 con-

197 979 314 1013 cepisse,
331 982 361 1005 ut
386 979 468 1005 etiam
494 977 516 1003 si
544 985 592 1011 per
622 976 759 1004 somnium
779 983 842 1003 eum
857 975 984 1009 videret,

198 1025 292 1052 statim
309 1024 566 1058 expergisceretur:
586 1026 624 1054 et,
638 1021 659 1048 si
676 1021 709 1048 de
727 1021 798 1048 bello
812 1029 873 1048 cum
890 1029 923 1049 eo
937 1029 984 1056 ge-

198 1070 284 1098 rendo
314 1070 458 1104 cogitaret,
489 1073 635 1102 antequam
667 1075 762 1094 somno
783 1068 984 1102 consopiretur,

198 1122 254 1150 pra:
269 1119 342 1141 metu
369 1113 451 1140 anxio
475 1117 584 1139 noctem
604 1112 739 1139 insomnia
757 1111 912 1139 traducere.
930 1112 985 1138 Ne-

197 1169 251 1196 que
267 1167 333 1188 vero
347 1160 472 1187 morbum
492 1159 598 1185 celabat
612 1166 691 1185 suun
708 1167 714 1184 :
728 1158 793 1192 quin
811 1158 897 1192 palam
912 1158 983 1193 apud

199 1208 348 1237 (tutandos.
363 1210 389 1233 et
403 1205 539 1232 Triballos
554 1204 701 1236 narrabat,
722 1211 751 1231 se
770 1204 796 1230 in
818 1203 891 1230 omni
906 1209 984 1231 ante-

199 1258 258 1279 acta
276 1251 331 1278 vita
346 1250 451 1277 nullum
472 1249 587 1284 perinde
604 1248 759 1280 morlalcm.
776 1254 805 1275 ut
819 1240 983 1276 Cantaeuze-

200 1304 266 1322 num
285 1295 421 1326 timuisse,
443 1293 651 1328 horruisseque.
682 1293 715 1320 Et
738 1293 764 1319 in
792 1294 836 1320 illa
857 1301 986 1328 congres-

199 1341 276 1368 sione
293 1342 434 1374 quaerente
451 1339 626 1373 imperatore,
649 1338 715 1372 quid
729 1338 764 1364 ita
776 1338 883 1365 tandem
903 1338 987 1365 dede-

200 1394 250 1414 cus
262 1381 367 1412 lantnm
379 1384 569 1416 conscivisset,
579 1383 643 1410 dum
656 1385 680 1410 in
693 1384 985 1411 scnatuchneloruttl

201 1439 230 1458 se
243 1430 392 1464 allegisset,
431 1429 478 1463 qui
497 1429 585 1462 majus
609 1433 637 1455 et
664 1428 807 1460 illustrius,
826 1436 905 1462 quam
923 1429 985 1463 ipsi,

202 1475 348 1510 imperium
362 1475 490 1506 haberet,
507 1475 658 1509 respondit,
687 1475 745 1509 ejus
768 1477 842 1501 metu
859 1475 984 1502 adactum
998 1489 1020 1519 ο

201 1521 228 1547 id
255 1521 352 1547 fecisse
371 1529 378 1547 :
393 1525 419 1547 et
436 1520 555 1556 adjecit,
573 1520 641 1547 nihil
658 1519 858 1554 mirum..quod
886 1527 915 1547 se
931 1520 985 1548 huc

201 1567 376 1598 demisisset,
395 1567 494 1593 mirum
513 1567 597 1601 magis
613 1574 666 1593 non
688 1566 769 1592 vilius
791 1570 872 1601 atque
887 1566 984 1601 despe-

201 1613 274 1639 ctius
288 1612 391 1646 aliquid
407 1619 515 1638 ausum.
530 1611 564 1638 At
580 1612 653 1638 enim
667 1619 727 1638 cum
741 1611 786 1638 tali
804 1611 986 1639 timorolabo-

203 1663 288 1689 raret,
314 1665 364 1684 nec
388 1665 449 1684 eum
468 1657 615 1692 ‘propalam
644 1656 768 1684 conﬁteri
792 1657 986 1690 erubesceret,

203 1701 289 1728 nihilo
310 1701 400 1728 minus
424 1701 507 1728 urbes
523 1701 637 1728 reddere
654 1701 825 1729 detrectabat
841 1710 848 1728 :
862 1702 986 1737 rogabat-

201 1756 267 1782 que,
285 1748 323 1774 uti
341 1749 445 1774 tdntum
469 1747 560 1774 foedus
584 1748 680 1781 iceret,
696 1752 841 1775 contentus
857 1747 987 1776 Berrhtea

201 1795 346 1825 duntaxat.
363 1799 389 1820 et
401 1794 514 1826 Edessa,
531 1794 614 1828 790
629 1795 813 1829 castellisque,
829 1799 856 1822 et
871 1795 989 1830 oppidu-

202 1840 236 1866 lis
248 1840 322 1871 aliis,
335 1847 396 1873 quae
412 1839 444 1866 ad
463 1847 526 1865 eum
543 1839 719 1866 deiecissem.
741 1839 772 1865 Et
796 1840 902 1875 juratus
915 1840 989 1868 θωτ-

204 1886 307 1918 mabal,
325 1892 379 1911 non
398 1892 427 1911 se
441 1885 524 1911 urbes
537 1884 675 1918 cupidinis
685 1885 775 1919 potius
784 1893 864 1920 quam
876 1885 988 1920 pudoris

204 1938 269 1965 ergo
281 1930 413 1957 aﬂ‘ectare
429 1938 436 1957 :
454 1938 535 1964 quem
553 1931 685 1964 pudorem
701 1939 755 1957 non
772 1931 843 1966 apud
857 1931 989 1959 domesti-

204 1985 252 2004 cos
276 1976 373 2014 modo,
398 1976 444 2003 sed
464 1977 533 2003 alios
552 1985 661 2010 quoque
679 1977 836 2011 ubicunque
861 1977 989 2013 dynastas

204 2022 254 2049 sibi
266 2021 391 2053 incutiat,
411 2021 433 2047 si
449 2026 523 2047 metu
544 2021 720 2055 imperatoris
743 2021 812 2048 adeo
824 2021 835 2056 ς
847 2021 989 2056 perculsus

205 2068 384 2102 dejectusque
398 2066 542 2098 videatur,
557 2070 587 2093 ut
602 2070 641 2093 tot
655 2067 754 2101 oppida
768 2067 826 2094 sine
840 2075 928 2102 pugna
941 2066 989 2094 de-

205 2119 288 2146 serat,
308 2121 368 2148 qua:
384 2117 448 2147 post.
477 2117 579 2139 tantam
598 2113 749 2147 impensam
773 2113 875 2140 tamdiu
898 2120 991 2148 posse-

1030 195 1079 230 λης
1091 195 1118 221 δέ
1135 196 1274 221 ἀντειπεῖν
1297 195 1349 221 οὒκ
1363 194 1432 229 ἔχων
1454 193 1523 229 πρὸς
1535 193 1623 226 οὐδὲν,
1641 194 1751 229 συνῄδει
1764 195 1820 230 γὰρ

1031 241 1105 275 αὐτῷ
1121 241 1168 267 καὶ
1178 240 1298 272 ἀδικῐαν,
1312 241 1360 267 καὶ
1372 240 1529 276 παράϐασιν
1547 239 1602 266 τῶν
1611 240 1713 274 ὅρκων,
1727 240 1820 274 ὀλίγον

1030 287 1130 321 ἐπέσχε
1156 287 1310 321 σιωπήσας.
1340 286 1457 313 Ἔπειτα
1487 285 1574 312 ἐδεῖτο
1601 284 1746 320 βασιλέως,
1766 285 1821 312 τῶν

1030 333 1118 361 ἄλλων
1134 333 1306 364 ἀποστάντας
1333 332 1408 367 μόνοι
1438 331 1609 366 διαλέγεσθαι
1636 331 1679 366 ἐφ’
1707 332 1823 364 ἑαυτοὺς

1030 379 1165 414 περὶτῶν
1190 378 1340 413 διαφορῶν.
1363 378 1442 404 Ἰῧπεὶ
1468 378 1496 404 δὲ
1522 377 1646 404 ἐπείθετο
1662 379 1676 404 ό
1696 377 1822 412 βασιλεὺς

1031 426 1079 452 καὶ
1094 424 1242 459 ἀφίσταντο
1259 424 1314 450 τῶν
1339 424 1437 456 ἄλλων,
1450 424 1590 458 ἐπιορκεῖν
1621 423 1670 458 μὲν
1684 424 1697 449 ό
1713 423 1822 458 Κράλης

1031 470 1177 505 ὡμολόγει,
1194 470 1239 496 καὶ
1252 470 1451 505 παρασπονδεῖν
1465 469 1513 501 τὰς
1533 469 1679 504 Ῥωμαίων
1696 469 1821 503 κατέχων

1032 517 1126 548 πόλεις
1164 506 1214 542 ουκ
1239 515 1366 542 ἐϐούλετο
1389 515 1417 541 δὲ
1441 515 1618 542 ἀποδιδόναι·
1651 514 1708 540 ἀλλ’
1736 515 1822 541 ἐδεῖτο

1034 563 1169 599 βασιλέως
1187 561 1242 588 τῶν
1266 562 1307 593 είς
1335 561 1417 588 αὑτὸν
1439 561 1631 596 γεγενημένων
1658 561 1823 594 ἀπομνημο-

1035 608 1159 642 νεύοντα,
1178 607 1280 642 ταύτην
1294 607 1343 642 τὴν
1357 607 1438 642 χάριν
1454 606 1642 638 καταθέσθαι,
1656 606 1686 632 τὸ
1708 605 1823 641 ἔχοντας

1034 655 1176 688 ἑκάτερον,
1194 654 1212 681 ἃ
1230 653 1338 690 ἔχουσιν
1353 653 1429 688 ἐντῷ
1447 654 1574 689 παρόντι,
1595 652 1717 679 τίθεσθαι
1743 661 1825 679 σπον-

1034 701 1094 732 δάς.
1113 690 1251 731 Βασιλέως
1266 699 1294 725 δὲ
1309 698 1369 725 οὐδὲ
1381 699 1435 725 τῶν
1449 699 1627 732 φαυλοτάτων
1642 698 1749 730 οὐδενὸς
1767 707 1822 725 πα-

1036 745 1237 782 ραχωροῦντος,
1261 745 1423 780 διελύθησαν
1442 745 1608 779 ἀσύμϐατοι.
1631 745 1686 772 Καὶ
1710 745 1823 781 Κράλης

1038 793 1086 829 μὲν
1098 794 1138 824 εἰς
1153 793 1184 818 τὺ
1200 792 1392 827 στρατόπεδον,
1412 791 1538 826 βασιλεὺς
1559 791 1589 816 δὲ
1611 791 1652 822 είς
1675 790 1725 825 τὴν
1745 789 1823 816 πόλιν

1036 839 1199 873 ἐπανῆλθον,
1216 839 1255 870 εἰς
1267 838 1316 874 τὴν
1330 838 1479 872 ὑστεραίαν
1499 837 1577 869 αὖθις
1593 837 1823 871 ἐπαγγειλάμενοι

1035 886 1160 920 ἀλλήλοις
1176 885 1319 918 συντυχεῖν
1336 892 1343 899 ·
1362 883 1409 910 καὶ
1422 884 1451 912 ἐς
1465 883 1514 918 τὴν
1530 882 1676 917 ὑστεραίαν
1687 881 1824 907 συνελθόν-
1875 895 1877 897 ι

1034 940 1089 962 τες,
1106 931 1204 965 λόγους
1232 929 1373 956 ἐποιοῦντο
1395 929 1529 964 περὶτῶν
1547 928 1661 963 ὁμοίων,
1691 927 1738 953 καὶ
1760 925 1822 953 οὔτε

1035 978 1162 1012 βασιλεὺς
1184 977 1249 1012 περὶ
1274 976 1329 1003 τῶν
1353 975 1545 1010 κατεχομένων
1575 974 1692 1001 ἐνεδίδου
1708 973 1823 1004 πόλεων,

1034 1024 1112 1051 οὒο’ό
1124 1024 1236 1058 Κράλης
1249 1023 1382 1058 ὑπέμενεν
1397 1021 1573 1056 ἀφίστασθαι,
1600 1022 1688 1048 καίτοι
1702 1029 1733 1054 γε
1749 1019 1824 1053 ἔλεγε

1035 1070 1157 1104 Κράλης,
1177 1071 1206 1100 ἐς
1227 1069 1355 1096 τοσοῦτον
1377 1068 1455 1100 δέους
1470 1067 1538 1103 πρὸς
1554 1067 1668 1101 βασιλέα
1691 1065 1825 1092 καθεστά-

1034 1124 1088 1146 ναι.
1109 1116 1146 1146 ὡς
1161 1115 1209 1141 καὶ
1222 1116 1251 1142 ἐν
1265 1115 1380 1148 ὀνείροις
1406 1114 1433 1140 εί
1457 1122 1523 1140 ποτε
1543 1114 1608 1149 ὁρᾷν
1629 1104 1823 1147 συμῦαίη,τοῦ

1035 1159 1120 1185 ὕπνου
1137 1159 1305 1194 ἀφίστασθαι
1319 1159 1427 1191 αὐτίκα,
1455 1159 1502 1185 καὶ
1512 1158 1576 1193 πρὶν
1590 1158 1726 1192 ληφθῆναι
1738 1157 1824 1191 ὕπνῳ,

1035 1204 1137 1230 ἄϋπνον
1164 1203 1392 1239 διανυκτερεύειν,
1420 1204 1444 1229 si
1466 1204 1600 1237 λογίζοιτο
1627 1203 1691 1237 περὶ
1720 1202 1825 1228 ἐκείνου

1039 1252 1113 1281 ὅπως
1128 1250 1182 1285 χρὴ
1200 1250 1342 1284 πολεμεῖν,
1362 1250 1390 1275 ἐν
1400 1249 1512 1285 ἀπόροις
1524 1249 1576 1275 ὑπὸ
1587 1249 1662 1280 δέους
1675 1247 1824 1280 καθεστώς.

1036 1296 1073 1322 Οὐ
1094 1295 1143 1331 μὲν
1155 1296 1216 1322 οὐδὲ
1231 1296 1301 1330 πρὸς
1321 1297 1384 1327 τοὺς
1398 1296 1450 1328 ἔξω
1462 1296 1493 1322 τὸ
1509 1295 1594 1327 πάθος
1609 1295 1803 1329 ἀπεκρύπτετο
1815 1314 1822 1327 ,

1036 1341 1092 1368 ἀλλ’
1106 1341 1257 1375 ἀναφανδόν
1279 1341 1325 1367 καὶ
1343 1341 1411 1377 πρὸς
1428 1341 1584 1376 Τριϐαλοὺς
1599 1341 1646 1367 καὶ
1666 1340 1823 1375 Ῥωμαίους

1035 1387 1100 1417 τοὺς
1118 1386 1258 1418 συνόντας,
1280 1386 1382 1422 μηδένα
1405 1386 1558 1422 ἀνθρώπων
1579 1385 1655 1420 ἔλεγε
1680 1386 1724 1412 διὰ
1753 1386 1824 1420 βίου,

1039 1431 1107 1466 μήτε
1127 1431 1260 1466 πρότερον
1277 1431 1342 1467 μήθ’
1353 1431 1467 1466 ὕστερον
1486 1431 1581 1466 ὥσπερ
1595 1429 1825 1466 Καντακουζηνὺν

1037 1476 1082 1503 τὸν
1099 1476 1212 1511 βασιλέα
1228 1477 1417 1512 ἐκπεπλῆχθαι
1432 1476 1478 1503 καὶ
1494 1476 1651 1503 δεδοικέναι.
1665 1476 1722 1503 Καὶ
1740 1479 1768 1503 ἐν
1787 1478 1822 1512 τῇ

1037 1522 1168 1558 συνουσίᾳ
1185 1522 1213 1549 δὲ
1240 1523 1346 1558 ἐκείνῃ,
1362 1522 1493 1558 ἐρομένου
1511 1522 1654 1558 βασιλέως,
1670 1523 1730 1549 ὅτου
1745 1523 1824 1558 χάριν

1035 1566 1173 1602 τοσαύτην
1199 1567 1372 1602 ὑπομείνειεν
1401 1568 1535 1603 αίσχύνην
1560 1569 1616 1599 τοῖς
1627 1568 1676 1602 τῆς
1698 1567 1825 1599 Βενετίας

1038 1611 1194 1647 βουλευταῖς
1211 1613 1416 1647 συγκαταλέξσς
1432 1613 1540 1646 ἑαυτὸν,
1562 1613 1672 1648 μείζονα
1687 1613 1732 1639 καὶ
1747 1621 1826 1648 περι-

1037 1659 1209 1694 φανεστέραν
1226 1659 1393 1694 συμπάντων
1416 1659 1527 1686 ἐκείνων
1542 1660 1612 1695 έχων
1624 1660 1705 1691 αὐτὸς
1725 1660 1825 1694 ἀρχὴν,

1036 1704 1080 1730 διὰ
1097 1703 1143 1730 τὸν
1166 1703 1270 1730 ἐκείνου
1288 1703 1372 1738 φόϐον
1389 1704 1569 1738 ἀπεκρίνατο.
1587 1704 1642 1730 Καὶ
1658 1703 1825 1739 προσετίθει,

1039 1749 1123 1784 μηδὲν
1139 1746 1209 1776 εἶναι
1228 1749 1396 1788 θαυμαστὸν,
1415 1751 1438 1776 εἱ
1449 1749 1562 1776 τοιαῦτα
1574 1749 1747 1784 ὑπομείνειε·
1763 1749 1827 1776 τοὺς

1041 1794 1149 1821 ναντίον
1180 1794 1230 1829 μὲν
1256 1793 1312 1827 οὖν,
1329 1795 1371 1822 ὄτι
1390 1795 1427 1830 μὴ
1453 1796 1500 1822 καὶ
1529 1795 1597 1830 πρός
1627 1804 1653 1822 τι
1674 1797 1764 1830 χεῖρον
1779 1795 1827 1822 καὶ

1039 1840 1128 1875 πολλῷ
1143 1841 1308 1876 φαυλότερον
1323 1841 1470 1876 ἐξετράπη.
1487 1842 1596 1877 Καιπερ
1620 1841 1647 1868 δὲ
1661 1841 1731 1868 οὕτω
1749 1841 1826 1873 δέους

1039 1885 1118 1920 ἔχων,
1135 1887 1182 1911 καὶ
1195 1886 1255 1912 οὐδὲ
1271 1886 1339 1922 πρὺς
1352 1887 1453 1918 πάντας
1466 1887 1661 1921 αἰσχυνόμενος
1673 1887 1826 1922 ὁμολογεῖν,

1018 1929 1112 1971 ,ὅμως
1142 1929 1310 1963 ἀφίστασθαι
1342 1931 1395 1956 τῶν
1424 1931 1530 1958 πόλεων
1554 1931 1604 1958 οὐκ
1635 1931 1750 1967 ἤθελεν·
1767 1931 1826 1959 ἀλλ’

1040 1973 1126 2000 ἐδεῖτο
1144 1975 1224 2008 μόνον
1243 1974 1378 2009 βασιλέως
1393 1977 1492 2011 χωρεῖν
1508 1977 1576 2010 πρὸς
1596 1977 1645 2009 τὰς
1662 1978 1825 2012 συμϐάσεις,

1040 2020 1170 2055 Βὲρροιαν
1191 2020 1276 2056 μόνην
1296 2022 1403 2056 ἔχοντα,
1418 2023 1464 2048 καὶ
1483 2023 1625 2056 Ἔδεσσαν,
1641 2025 1690 2049 καὶ
1704 2023 1739 2050 τὰ
1758 2023 1826 2050 ἄλλα

1041 2065 1170 2100 φρούρια,
1200 2067 1246 2092 καὶ
1273 2066 1322 2098 τὰς
1351 2067 1490 2101 πολίχνας,
1507 2068 1568 2094 ὅσαι
1599 2067 1824 2104 προσεχώρησαν.

1047 2111 1214 2146 ’ἰσχυρίζετο
1239 2111 1268 2138 δὲ
1294 2112 1341 2139 καὶ
1354 2112 1454 2147 ὅρκους
1477 2114 1535 2145 τοῖς
1550 2113 1640 2147 λόγοις
1657 2113 1824 2149 προστιθεὶς,

206 2158 288 2190 derit,
314 2165 487 2193 quorumque
503 2165 583 2184 causa
598 2166 659 2185 cum
675 2159 796 2186 exercitu
814 2163 853 2186 tot
878 2159 985 2187 labores

1040 2153 1075 2185 ὡς
1092 2155 1123 2181 οὐ
1140 2155 1296 2187 πλεονεξίας
1311 2156 1422 2191 μᾶλλον,
1438 2157 1597 2193 ἢαίσχύνης
1615 2158 1696 2185 ἕνεκα
1708 2159 1763 2185 τῶν
1777 2159 1827 2186 πό-

206 2208 233 2230 et
251 2202 413 2230 discrimina
440 2202 595 2237 pertulerit.
620 2203 836 2231 Obslinationem
862 2204 911 2231 viri
930 2211 989 2232 cer-

208 2257 277 2275 nens
304 2249 470 2283 imperator,
488 2248 538 2275 Mei
566 2249 678 2283 quidem
704 2249 833 2276 candoris
856 2256 920 2284 erga
944 2254 988 2282 te,

208 2294 319 2328 inquit,
333 2298 359 2321 et
376 2295 449 2328 quod
467 2294 572 2321 milium
594 2302 715 2328 unquam
739 2295 819 2322 amici
836 2295 952 2322 cilicium
973 2303 989 2322 a

208 2345 251 2364 me
270 2337 421 2364 desiderari
438 2345 532 2371 passus
554 2337 624 2368 sim,
646 2345 708 2364 cum
727 2339 910 2372 prmteritum,
931 2343 988 2366 tum

209 2382 325 2408 maxime
342 2388 462 2415 praesens
478 2385 584 2415 tempus
602 2381 701 2408 idoneo
713 2386 826 2414 possunt
840 2389 901 2409 esse
913 2382 990 2409 testi-

208 2427 310 2454 monio.
339 2427 408 2460 Quia
440 2427 507 2454 nihil
535 2427 582 2454 tibi
613 2427 700 2454 facere
727 2427 890 2461 allubescit,
916 2428 987 2463 quod

206 2473 310 2508 justum
322 2474 523 2508 honestumque
537 2473 582 2505 sit,
602 2473 696 2500 venire
713 2482 754 2501 me
770 2474 802 2501 ad
819 2482 893 2502 arma
908 2482 989 2509 opor-

210 2519 288 2549 tebit,
305 2518 380 2545 teras
397 2518 568 2549 imitantem,
585 2525 644 2552 quze
660 2523 817 2545 venatorum
831 2519 928 2554 jaculis
940 2526 990 2553 ap-

209 2565 312 2599 pctitaz,
327 2569 355 2591 et
367 2572 415 2599 per
428 2564 510 2591 silvas
522 2564 638 2598 agitatae,
655 2565 774 2598 primum
792 2565 902 2599 quidem
919 2565 989 2601 iugi-

209 2613 270 2642 unt,
283 2614 311 2637 et
327 2615 467 2637 certamen
488 2617 549 2636 eum
575 2609 731 2636 hominibus
749 2616 879 2644 quantum
896 2611 990 2638 valent

208 2656 341 2688 devitant,
365 2655 397 2682 ad
420 2655 610 2682 necessitatem
630 2660 721 2682 autem
737 2655 863 2686 redacta).
880 2656 989 2690 pericu-

210 2700 290 2735 loque
302 2701 356 2735 jam
375 2699 516 2734 proximae.
531 2706 559 2726 se
576 2704 740 2727 convertunt
756 2709 762 2727 :
779 2705 806 2727 et
818 2700 883 2727 dum
901 2700 986 2728 vitam

209 2753 286 2773 suam
312 2745 551 2773 vehementissime
570 2745 732 2779 delendum,
762 2746 814 2781 ipsi
834 2746 896 2774 vitae
913 2747 989 2774 nullo

210 2793 292 2822 modo
319 2798 443 2829 parcunt.
458 2792 532 2820 idem
549 2800 615 2821 sane
634 2800 684 2827 ego
699 2800 773 2821 nunc
786 2792 895 2821 faciam.
915 2792 988 2821 Nihil

1041 2201 1110 2227 λεων
1127 2201 1307 2228 ἀντιποιοῖτον
1325 2203 1502 2237 αἰσχύνεσθαι
1513 2205 1566 2240 γὰρ
1581 2205 1612 2231 οὐ
1630 2205 1693 2236 τοὺς
1709 2206 1826 2237 οἰκείους

1042 2248 1133 2281 μόνον,
1154 2247 1222 2274 ἀλλὰ
1241 2249 1362 2280 καὶτοὺς
1378 2249 1474 2281 ἄλλους
1494 2250 1661 2284 ὁπουδήποτε
1679 2251 1824 2283 δυνάστας.

1040 2293 1065 2318 εἰ
1078 2292 1204 2327 φαίνοντο
1229 2293 1356 2321 τοσοῦτον
1378 2295 1530 2330 ἡττημένος
1549 2295 1616 2331 πρὸς
1632 2296 1676 2322 τὸν
1693 2297 1825 2331 βασιλέως

1041 2338 1133 2372 φόϐον,
1160 2339 1232 2365 ὥστε
1255 2339 1389 2366 τοσούτων
1405 2340 1508 2367 πόλεων
1523 2342 1624 2376 ἀμαχεὶ
1638 2343 1824 2378 παραχωρεῖν,

1040 2383 1072 2415 ἃς
1086 2384 1132 2410 ἐπὶ
1146 2384 1274 2411 τοσοῦτον
1295 2385 1389 2420 χρόνον
1403 2386 1553 2423 κτώμενος,
1573 2388 1702 2423 χρήματά
1716 2397 1746 2414 τε
1758 2389 1827 2415 ἀνα..

1041 2429 1124 2456 λώκει
1137 2430 1261 2463 πλεῖστα,
1279 2431 1324 2457 καὶ
1341 2431 1485 2464 τοσούτους
1501 2434 1598 2464 πόνους
1624 2435 1670 2460 καὶ
1686 2434 1826 2467 κινδύνους

1041 2476 1245 2511 ὑπομεμενήκει
1263 2477 1332 2511 μετὰ
1344 2477 1393 2512 τῆς
1405 2480 1545 2513 στρατιᾶς.
1564 2479 1694 2511 Βασιλεὺς
1710 2479 1738 2506 δὲ
1764 2480 1826 2507 ἐπεὶ

1041 2521 1114 2556 ἐώρα
1131 2522 1295 2557 ἀσυμϐάτως
1312 2522 1419 2558 ἔχοντα,
1439 2525 1495 2560 Τὴν
1511 2525 1559 2559 μὲν
1571 2525 1651 2560 ἐμὴν.
1666 2523 1739 2558 εἷπε,
1756 2526 1826 2559 πρὸς

1042 2567 1071 2593 σὲ
1088 2567 1309 2603 εὐγνωμοσύνην,
1337 2570 1384 2596 καὶ
1399 2569 1436 2601 ὡς
1462 2570 1537 2597 οὐδὲν
1561 2571 1616 2598 τῶν
1634 2572 1703 2606 φίλῳ
1719 2580 1825 2607 προση-

1042 2613 1155 2645 κόντων,
1175 2612 1235 2639 οὔτε
1252 2614 1395 2650 πρότερον,
1413 2615 1469 2642 οὔθ’
1494 2615 1607 2652 ὕστερον
1628 2617 1759 2651 ἐνέλιπον,
1777 2618 1825 2646 καὶ

1010 2692 1013 2695 λ
1041 2659 1055 2684 ὁ
1073 2658 1215 2693 παρελθὼν
1243 2659 1292 2694 μὲν
1318 2661 1424 2696 χρόνος,
1441 2662 1489 2698 οὐχ
1503 2663 1603 2698 ἣκιστα
1621 2663 1648 2690 δὲ
1665 2664 1710 2690 καὶ
1730 2665 1744 2690 ό
1764 2665 1825 2692 νυνὶ

1041 2703 1137 2739 παρὼν
1154 2704 1302 2740 ἀξιόχρεως
1315 2713 1348 2732 συ
1356 2709 1536 2742 μμαρτυρεῖν.
1552 2708 1603 2735 Σοῦ
1618 2709 1645 2736 δὲ
1664 2710 1746 2745 μηδὲν
1763 2710 1825 2737 ἐθέ-

1041 2748 1132 2780 λοντος
1149 2749 1203 2775 τῶν
1216 2749 1327 2776 δικαίων
1346 2752 1433 2778 ποιεῖν
1455 2753 1503 2779 καὶ
1514 2754 1717 2789 προσηκόντων,
1736 2755 1823 2789 ἀνάγα

1042 2804 1077 2832 κη
1093 2795 1161 2831 πρὸς
1179 2795 1224 2823 τὸν
1248 2796 1364 2832 πόλεμον
1385 2799 1494 2834 χωρεῖν,
1522 2798 1621 2827 ταυτὸν
1646 2801 1703 2832 τοῖς
1719 2800 1824 2834 θηρίοις
