1933 3083
152 96 202 128 Ῐίῗ9

725 96 995 127 HISTORIARUM
1016 96 1130 126 LIBER
1153 97 1200 127 lV.

1716 95 1766 127 170

151 155 298 189 πάσχοντα,
313 155 359 181 καὶ
368 155 421 191 γὰρ
430 154 521 182 ἐκεῖνα
538 153 698 189 βαλλόμενα,
718 155 763 179 καὶ
772 153 934 188 έλαυκόμενα

986 152 1059 178 enim
1077 154 1167 180 minus
1185 152 1326 186 cupiebam
1340 160 1421 186 quam
1436 152 1506 179 bello
1516 157 1541 179 te
1555 153 1680 187 persequi
1694 163 1700 180 :
1717 161 1764 182 seu

152 202 206 228 ὑπὸ
231 202 285 228 τῶν
312 202 465 236 θηρευτῶν.
482 202 578 236 πρῶτα
595 201 644 236 μὲν
661 201 805 241 φεύγουσι,
822 200 870 226 καὶ
884 199 932 234 τὴν

153 248 222 280 πρὸς
249 247 409 282 ἀνθρώπους
434 247 523 282 μάχην
539 247 592 281 ὅση
607 247 724 281 δύναμις
750 245 932 272 ἐκκλίνουσιν.

158 293 283 331 Ἐπειδὰν
302 293 329 319 δὲ
344 293 384 324 εἰς
396 293 520 328 ἀνάγκην
535 292 705 325 καταστῶσι,
718 291 765 318 καὶ
779 291 825 318 τὸν
846 291 934 317 κίνδυ-

149 349 196 367 νον
210 339 357 366 αἴσθωνται
373 339 554 373 ἐφεστηκότα,
574 338 746 372 στρεφόμενα
772 337 932 372 ἀμύνονται,

148 386 196 413 καὶ
209 386 280 412 οὕτω
297 385 366 420 μετὰ
381 384 573 419 σφοδρότητος,
591 384 628 416 ὼς
638 384 687 419 τῆς
703 383 837 418 σφετέρας
857 384 935 417 ἀφει-

148 432 202 458 δεῖν
220 431 378 458 παντάπασι
409 430 492 464 ζωῆς.
521 429 607 456 Τοῦτο
636 429 668 462 δὴ
695 429 741 455 καὶ
768 428 849 458 αὐτὸς
876 427 934 455 νυνὶ

149 478 273 512 ποιήσω·
289 478 407 512 μάλιστα
437 477 487 511 μὲν
508 476 563 512 γὰρ
580 475 733 511 ἐϐουλόμην
760 475 797 510 μὴ
815 475 933 510 πόλεμον

148 524 234 549 κινεῖν
251 523 321 557 πρὸς
341 523 382 555 σὲ,
411 522 478 549 ἀλλὰ
502 521 653 556 φιλονίκαὶ
682 522 826 556 σύμμαχον
849 521 932 556 ἔχειν,

150 568 245 601 ὥσπερ
259 568 375 600 δίκαιον,
397 567 444 594 καὶ
457 566 512 593 τῶν
534 566 719 602 ὑπηργμένων
735 565 856 600 ἀγαθῶν,
869 564 886 602 ᾖ
900 565 933 592 ἂν

151 614 269 650 μάλιστα
286 613 430 648 δυναίμην,
454 613 572 640 ἐκτίνειν
600 611 729 647 ἀμοιῆἅς.
754 612 832 639 Ἐπεὶ
847 612 869 639 δ’
885 612 933 638 αὺ-

149 660 195 691 τδς
208 660 263 686 τῶν
279 660 394 686 δικαίων
421 659 523 695 ᾕρησαι
554 659 643 686 ποιεῖν
672 657 759 690 οὐδὲν,
790 656 862 684 οὐδε
879 658 933 684 τῶν

154 705 302 739 Ῥωμαίοις
317 704 421 730 πόλεων
437 703 614 738 ἀφίστασθαι,
628 702 662 734 ἃς
675 703 748 738 ἔχεις
764 703 865 734 ἀδίκως
882 712 932 730 κα-

147 750 268 785 τασχὼν,
292 750 400 784 ἀνάγκη
428 749 475 775 κα)¹
501 749 583 776 αὑτὸν
604 748 622 775 ἃ
645 749 749 784 νομίζω
781 749 933 784 συμφέρειν

153 795 312 830 Ῥωμαίοις,
328 795 471 828 πράττειν,
483 793 581 830 καὶμὴ
597 794 731 829 περιορᾷν
747 794 847 826 ἀδίκως
862 794 933 821 οὕτω

148 839 405 870 καταδουλωθέντας
416 838 579 874 Τριδαλοῖς·
596 838 665 864 ἀλλὰ
680 837 727 865 νῦν
748 839 798 873 μὲν
813 839 873 865 ἐπεὶ
896 839 934 874 μὴ

147 885 197 912 καὶ
216 886 232 919 ή
249 885 499 920 παρεσκευασμένη
516 884 633 919 στρατιὰ
649 885 759 919 ἀφῖκτο,
775 886 814 916 εἰς
830 886 933 917 Βυζάν-

147 936 206 957 τιον
217 931 264 957 καὶ
277 931 357 961 αὐτὸς
371 930 600 964 ἐπανελεύσομαι,
615 931 663 956 καὶ
682 931 934 966 παρασκευασάμε-

147 985 193 1007 νος
207 976 254 1002 τοῦ
266 975 411 1011 χειμῶνος,
423 975 483 1012 ἅμα
492 974 540 1011 ἦρι
549 977 586 1008 ὡς
599 976 717 1012 μάλιστα
729 977 783 1012 ἔχω
794 977 863 1012 μετά
873 977 936 1003 πολ-

147 1022 197 1056 λῆς
222 1022 375 1057 δυνάμεως,
396 1022 443 1049 καὶ
460 1020 584 1058 μεγάλης
605 1023 655 1058 τῆς
676 1023 853 1059 παρασκευῆς
871 1024 935 1058 ὑμῖν

148 1068 353 1104 ἐπιστρατεῦσαι)
363 1077 370 1083 ·
379 1068 492 1104 γνώμην
502 1069 583 1104 ἔχων,
599 1068 636 1101 ὡς
651 1069 668 1104 ἢ
686 1070 838 1104 μαχόμενος
848 1070 935 1096 πεσεῖ-

148 1113 254 1148 σθαι,ἢ
276 1114 344 1148 πρὸς
359 1114 398 1149 τῷ
420 1114 572 1150 Ῥωμαίους
593 1114 765 1150 ιλευθεροῦν,
782 1116 829 1142 καὶ
854 1115 936 1141 αὑτὸν

147 1161 195 1186 καὶ
219 1160 358 1194 ὑπηκόους
382 1159 669 1196 ἐξανδραποδίζεσθαι,
696 1161 742 1187 καὶ
768 1160 935 1196 διαφθείρειν

146 1205 196 1232 καὶ
219 1204 457 1232 καταδουλοῦσθαι.
474 1206 507 1232 'A
522 1206 612 1232 εἰδότα
635 1206 682 1232 καὶ
700 1205 781 1233 αὑτὸν
791 1206 828 1237 ὡς
838 1206 935 1241 ἀληθῆ,

148 1251 408 1288 παρασκευάζεσθαι
431 1251 469 1284 ὡς
490 1251 688 1287 ἀμυνούμενον,
707 1252 771 1286 ηιαι
787 1252 937 1286 διαγωνού-

150 1306 232 1332 μενον
249 1298 314 1331 περὶ
328 1297 382 1324 τῶν
393 1297 471 1323 ὅλων.
489 1296 601 1332 Κρὰλης
615 1296 643 1324 δὲ
660 1296 781 1327 ἀκούσας
805 1296 936 1330 βασιλέως

147 1342 236 1374 οὕτως
255 1342 393 1378 ἑμὸριθῶς
424 1342 611 1377 διειλεγμένου
639 1343 704 1378 περὶ
729 1343 776 1369 τοῦ
804 1342 934 1376 πολέμου,

148 1389 196 1415 καὶ
211 1388 283 1424 δρῶν
297 1387 467 1423 ἀμετάθετον
482 1388 532 1422 τὴν
546 1386 660 1423 γνώμην
675 1388 784 1423 ἔχοντα,
796 1389 844 1414 καὶ
858 1387 936 1422 γενό-

150 1443 231 1469 μενος
247 1434 386 1469 περιδεὴς,
398 1434 484 1460 ἐδεῖτο
492 1433 624 1468 βασιλέως
638 1435 675 1469 μὴ
689 1434 762 1460 οὕτω
773 1434 841 1469 πρὸς
851 1435 936 1469 ὀργὴν

148 1479 195 1505 ἐπὶ
212 1479 259 1506 τὸν
270 1479 391 1514 πόλεμον
405 1479 569 1511 ἐξάπτεσθαι
579 1487 585 1493 ·
597 1479 665 1505 ἀλλὰ
677 1479 754 1506 λύσιν
764 1480 824 1506 τινὰ
831 1480 936 1515 ὲξευρί-
947 1502 971 1535 C

149 1533 226 1552 σκειν
237 1524 293 1552 τῶν
309 1524 414 1558 κακῶν,
427 1525 489 1552 ὅθεν
505 1525 520 1551 ὃ
530 1534 561 1552 τε
574 1525 693 1560 πόλεμος
705 1526 933 1561 καταλυθήσεται,

148 1570 196 1596 καὶ
211 1569 274 1605 μηδ’
285 1570 367 1601 αὐτὸς
393 1570 552 1597 παντάπασι
565 1571 648 1606 μηδὲν
659 1571 715 1597 τῶν
728 1579 758 1597 τε
772 1571 873 1604 πόνων,
888 1571 936 1598 καὶ

147 1615 203 1642 τῶν
225 1617 367 1648 κινδύνων,
382 1613 420 1643 ὧν
441 1616 572 1651 ὑπέμεινε
594 1615 643 1648 τὰς
670 1616 762 1648 πόλεις
781 1617 933 1651 κτώμενος,

149 1659 291 1686 ἀπόναιτο.
313 1659 465 1694 Ἐπέτρεπὲ
477 1667 506 1686 τε
518 1659 607 1686 πάντα
625 1658 742 1694 βασιλεῖ,
761 1660 808 1685 καὶ
827 1660 935 1686 συνετι-

149 1705 210 1732 θετο
221 1699 352 1741 στέργειν
365 1706 431 1737 πᾶν,
444 1706 458 1732 ὅ
471 1714 498 1731 τι
509 1705 542 1732 ἂν
554 1705 628 1740 αὐτῷ
648 1705 740 1740 δοκοίη
757 1704 873 1740 βέλτιον,
887 1706 935 1732 καὶ

148 1750 305 1777 λυσιτελοῦν
320 1751 473 1784 ἑκατέροις.
486 1751 615 1783 Βασιλεὺς
631 1750 660 1777 δὲ
673 1751 703 1777 τό
713 1759 743 1776 τε
759 1750 849 1777 πάντα
861 1750 934 1785 ἔχειν

149 1797 219 1832 ὁρῶν
231 1798 347 1832 ἀπονητὶ
358 1797 498 1829 ἀδύνατον,
512 1797 560 1824 καὶ
567 1797 596 1824 τὸ
608 1796 690 1825 τινῶν
699 1797 935 1832 ἀποστερούμενον

150 1841 249 1875 ὀλίγων
264 1841 301 1876 μὴ
317 1841 569 1876 συγκατατίθεσθαι
583 1843 649 1876 πρὸς
661 1841 710 1877 τὴν
727 1842 852 1877 εἰρήνην,
867 1841 936 1869 ἀλλὰ

150 1888 216 1922 περὶ
241 1887 295 1913 τῶν
314 1887 382 1914 ὅλων
399 1886 611 1913 διακινδυνεύειν
627 1886 771 1922 βούλεσθαι
793 1887 935 1920 ἀϐουλίας,

150 1933 248 1968 ἀδήλου
263 1932 381 1967 μάλιστα
396 1932 444 1959 τοῦ
465 1933 609 1968 μέλλοντος
625 1933 712 1966 δντος,
726 1933 774 1960 καὶ
789 1933 837 1960 τοῦ
854 1932 935 1960 πολέ-

151 1987 203 2013 μου
216 1978 318 2009 πολλὰς
333 1978 363 2004 ὲν
374 1978 412 2013 τῷ
425 1978 528 2013 μεταξὺ
543 1978 693 2013 δυναμένου
709 1979 836 2014 δέχεσθαι
851 1987 937 2014 μετα-

149 2024 241 2057 ϐολὰς,
254 2023 342 2056 ἄλλως
356 2024 379 2050 0'
393 2025 434 2051 ὅτι
450 2025 497 2050 καὶ
517 2025 673 2059 βαρὸάρους
693 2025 807 2059 ἔμελλεν
823 2026 948 2059 ἐπάγειν.

149 2069 361 2105 ἐνθυμούμενος.
372 2069 397 2096 οἳ
407 2069 522 2096 πλεῖστα
532 2070 580 2096 καὶ
595 2069 749 2104 Ῥιιιμαίους
758 2070 934 2104 βλάπτουσιν,

148 2113 188 2145 οἷς
203 2114 311 2141 δοκοῦσι
329 2116 494 2150 συμμαχεῖν,
511 2117 557 2142 καὶ
574 2115 624 2150 τὴν
638 2116 772 2150 ἐσομένην
788 2114 934 2151 Τριϐαλλῶν

985 202 1014 224 ιιι
1028 206 1135 232 aequum
1151 203 1220 230 erat,
1237 197 1354 224 amicum
1369 203 1396 225 et
1413 199 1517 225 socium
1529 198 1641 231 habere,
1659 200 1767 234 tuiSque

983 243 1088 270 meritis
1116 244 1187 270 ultro
1216 243 1282 270 mihi
1313 243 1458 278 praestitis.
1485 248 1602 278 quantas
1634 246 1767 273 maximas

984 297 1108 323 possent,
1142 289 1243 323 gratias
1269 289 1383 316 referre.
1419 289 1554 322 Quoniam
1578 293 1669 316 tamen
1697 291 1766 318 nihil

984 339 1102 366 rectum,
1115 342 1146 361 ac
1161 335 1275 369 probum
1293 342 1383 369 agere,
1401 343 1489 369 neque
1513 336 1547 362 ab
1563 336 1677 364 urbibus
1699 330 1767 371 ι’μιιιε

984 385 1080 406 contra
1102 379 1144 406 fas
1163 384 1311 413 oecupatas
1329 380 1432 406 retines
1450 380 1591 408 discedere
1608 381 1766 413 deerevi»ti,

984 431 1054 457 opus
1068 428 1110 450 est
1124 428 1152 450 et
1165 432 1207 450 me
1219 423 1341 458 aggredi,
1361 432 1422 458 qua:
1437 433 1468 450 ex
1485 425 1670 452 Rouianorum
1684 434 1767 460 repu-

985 469 1055 496 blica
1069 470 1127 497 fore
1143 471 1243 500 sentio.
1261 474 1288 496 et
1303 477 1433 497 excutere
1446 471 1540 504 jugum
1554 492 1561 502 ,
1583 473 1655 506 quod
1670 480 1766 498 eorum

984 517 1138 543 cervicibus
1153 516 1266 543 Triballi
1292 524 1340 550 per
1358 516 1434 542 nefas
1459 517 1648 550 injuuxerunt.
1667 517 1767 544 Verum

985 569 1058 588 nunc
1073 561 1184 596 quidem
1202 569 1263 588 cum
1290 562 1402 597 insuper
1420 563 1581 597 conscripr
1594 564 1678 598 copie
1697 573 1768 590 nou-

984 606 1049 633 dum
1065 607 1185 640 'adsint,
1213 608 1371 643 Byzantium
1399 613 1530 640 revertar,
1562 610 1768 645 in~tructusquc

985 653 1109 680 hibernis
1129 654 1280 687 mensibus,
1298 655 1385 689 primo
1406 663 1469 682 vere
1489 663 1550 682 cum
1564 665 1645 690 quam
1664 657 1767 691 ingenti

985 705 1080 733 potero
1111 700 1246 729 exercitu,
1268 708 1422 734 magnoque
1445 707 1576 735 apparatu
1599 703 1624 728 in
1641 710 1688 729 vos
1712 711 1770 728 mo-

985 745 1055 771 vebo
1071 754 1077 771 :
1092 752 1123 771 ea
1141 750 1232 771 tuente
1247 750 1276 771 ut
1290 750 1336 772 aut
1355 746 1504 779 praaliando
1521 748 1680 774 occumbam
1692 769 1699 779 ,
1721 754 1769 775 aut

987 787 1083 825 prater
1104 791 1258 817 libertatem
1274 799 1333 817 mea
1350 799 1432 825 opera
1453 792 1585 820 Romanis
1601 794 1766 826 restitutam,

951 832 971 859 Β
987 841 1067 871 teque
1085 837 1270 871 populumque
1290 842 1365 863 tnnm
1381 837 1502 864 caedibus
1518 845 1548 864 ac
1562 840 1688 866 servituti
1705 841 1770 866 sub-

982 882 1088 917 jiciam.
1103 883 1210 910 Etcum
1225 889 1251 909 tn
1270 891 1379 918 quoque
1394 885 1465 911 seias
1481 893 1522 912 me
1541 893 1604 912 vera
1628 887 1714 921 loqui,
1735 889 1768 914 ad

986 927 1181 959 resistendum,
1199 933 1227 955 cl.
1242 929 1438 956 decertandum
1459 931 1492 957 de.
1512 939 1618 958 summa
1636 940 1726 959 rerum
1744 938 1769 960 te

984 973 1125 1008 compara;
1147 974 1250 1006 Cralcs,
1269 975 1369 1002 auditis
1387 980 1439 1001 tam
1467 977 1586 1010 graiiier
1603 985 1634 1004 ac
1649 979 1720 1004 serio
1736 979 1769 1006 de

986 1020 1058 1047 bello
1073 1020 1163 1053 dictis,
1178 1028 1240 1047 cum
1256 1021 1426 1049 voluntatem
1442 1023 1617 1057 imperatoris
1639 1024 1770 1050 immuta-

985 1065 1069 1093 bilem
1081 1065 1196 1098 videret,
1211 1066 1357 1094 admodum
1376 1068 1568 1101 extimescens,
1596 1070 1770 1103 precabatur.

985 1118 1020 1138 ne
1037 1111 1077 1138 sic
1093 1111 1180 1138 iratus
1202 1112 1236 1138 ad
1251 1120 1326 1139 arma
1349 1112 1485 1145 ferveret;
1501 1114 1565 1148 quin
1588 1115 1678 1148 potius
1699 1115 1769 1141 viain

985 1156 1104 1191 aliquam
1119 1156 1148 1183 in
1168 1157 1211 1184 his
1226 1157 1303 1185 malis
1322 1158 1464 1192 inveniret,
1479 1167 1533 1194 qua
1549 1167 1576 1188 et
1592 1160 1663 1188 bello
1677 1168 1773 1196 super-

985 1202 1140 1235 sederetur;
1155 1203 1234 1238 791
1258 1204 1316 1239 ipse
1335 1212 1384 1239 pro
1398 1205 1551 1236 laboribus.
1566 1211 1649 1241 atque
1664 1209 1772 1241 perieri-

986 1248 1039 1279 lis,
1052 1256 1112 1283 qua:
1126 1249 1241 1276 urbibus
1258 1250 1436 1284 acquirendis
1453 1252 1616 1284 tolerassot,
1640 1261 1695 1281 non
1713 1262 1772 1281 orn-

986 1293 1053 1321 nino
1069 1294 1137 1321 nihil
1161 1294 1297 1329 reciperet
1317 1303 1451 1331 :remque
1474 1301 1557 1324 totam
1577 1298 1636 1333 ejus
1655 1299 1772 1327 arbitrio

986 1340 1180 1373 permittebat,
1199 1342 1271 1376 ωιιυί
1301 1341 1422 1377 bonique
1447 1350 1477 1370 se
1507 1343 1642 1372 facturum
1658 1346 1773 1380 promit-

987 1389 1060 1417 tens,
1076 1386 1210 1421 quidquid
1226 1387 1285 1421 ipse
1304 1387 1430 1422 utrisque
1445 1389 1544 1416 melius
1557 1410 1564 1421 ,
1585 1391 1773 1418 commodius-

986 1434 1040 1461 que
1055 1427 1178 1455 l'uturum
1195 1428 1356 1463 judicasset.
1380 1429 1556 1470 linperalor,‘
1573 1431 1729 1466 intelligens
1745 1439 1773 1460 ct

987 1473 1082 1500 omnia
1112 1474 1182 1501 citra
1207 1475 1360 1502 molestiam
1374 1495 1382 1508 ,
1409 1476 1587 1511 laboremque
1602 1478 1695 1506 haberi
1717 1487 1771 1505 non

986 1525 1078 1554 posse,
1093 1523 1121 1546 et
1147 1520 1242 1555 paucis
1263 1520 1428 1555 quibusdam
1454 1522 1590 1555 privatum
1614 1524 1672 1558 paci
1691 1532 1773 1558 repu-

985 1571 1085 1599 gnare,
1103 1573 1135 1593 ac
1150 1565 1183 1592 de
1207 1573 1316 1593 summa
1329 1566 1421 1601 jacere
1437 1566 1523 1594 aleam
1540 1568 1619 1600 velle,
1634 1569 1772 1597 dementis

985 1617 1056 1642 esse,
1074 1618 1137 1638 cum
1151 1610 1245 1638 futura
1270 1611 1454 1639 incertissima
1473 1613 1540 1643 sint,
1557 1617 1585 1640 et
1602 1621 1715 1648 anceps,
1739 1623 1772 1642 ac

984 1656 1069 1684 dubia
1087 1657 1195 1684 fortuna
1212 1657 1276 1685 belli
1292 1666 1300 1684 :
1320 1658 1354 1685 ad
1381 1658 1437 1685 haec
1453 1659 1583 1686 barbaros
1596 1667 1626 1686 se
1647 1660 1773 1687 introdu—

985 1707 1093 1730 clurum
1109 1703 1244 1738 cogitans,
1262 1704 1308 1738 qui
1327 1708 1354 1731 et
1375 1705 1516 1736 Romanis.
1532 1713 1651 1740 quorum
1673 1707 1773 1734 viden-

987 1751 1032 1774 tur
1046 1747 1126 1782 socii,
1157 1740 1306 1783 plurimum
1329 1754 1462 1782 noceant;
1482 1754 1511 1777 et
1527 1750 1712 1778 Triballornm
1731 1751 1773 1778 fu-

987 1797 1077 1821 turam
1092 1794 1209 1827 cladem,
1223 1789 1322 1828 eae'des,
1335 1795 1485 1823 servitutes
1499 1796 1545 1829 (de
1564 1797 1665 1832 quibus
1684 1806 1774 1832 quan-

987 1847 1068 1873 quam
1079 1840 1213 1873 hostibus,
1223 1840 1415 1874 nihilominus,
1426 1846 1456 1868 ut
1470 1842 1516 1869 Dei
1530 1842 1619 1870 cultor
1629 1849 1702 1876 erat.
1720 1845 1774 1871 sol-

986 1884 1102 1918 licitus),
1117 1881 1224 1913 Cralein
1233 1886 1402 1918 compellans
1415 1887 1464 1919 ait,
1477 1888 1633 1922 veritatem,
1651 1894 1679 1917 et
1689 1891 1756 1924 justi
1765 1905 1774 1908 -
1811 1921 1814 1924 ,

989 1931 1067 1962 tiam,
1088 1935 1112 1957 cl
1130 1931 1204 1965 quod
1219 1932 1335 1965 quilibet
1343 1931 1432 1959 bonus
1447 1934 1599 1960 mstimator
1608 1934 1713 1962 calculo
1723 1943 1774 1962 suo

989 1977 1158 2011 approbarit,
1173 1977 1242 2004 nihil
1265 1985 1324 2004 esse
1341 1978 1430 2010 aliud,
1447 1986 1528 2013 quam
1554 1979 1684 2007 Romanis
1697 1981 1773 2008 urbi-

988 2022 1038 2049 bus
1052 2023 1210 2057 juramento
1223 2023 1431 2057 comprehensis
1449 2032 1477 2052 se
1488 2025 1626 2052 abdicare.
1638 2026 1773 2054 Cietei-um

988 2068 1054 2102 quia
1071 2068 1159 2102 ipsum
1186 2072 1330 2102 tantopere
1355 2069 1472 2096 urbibus
1492 2069 1645 2098 inescatum
1663 2073 1773 2103 videat.

988 2119 1015 2141 et
1030 2114 1208 2141 arbitrantem
1227 2115 1287 2142 vitae
1301 2120 1406 2150 partem
1421 2123 1475 2143 non
1494 2117 1629 2145 modicam
1642 2126 1703 2145 enm
1722 2121 1774 2148 illis

148 2161 263 2196 φθορὰν,
279 2161 399 2192 καὶτοὺς
417 2161 524 2195 φόνους,
538 2161 586 2187 καὶ
600 2161 664 2192 τοὺς
685 2161 934 2196 ἀνδραποδισμοὺς,

990 2160 1169 2190 amissurum,
1187 2160 1316 2194 injuriam
1342 2162 1454 2196 quidem
1477 2163 1609 2192 Romanis
1625 2173 1653 2192 se
1670 2166 1775 2201 irroga.

148 2204 186 2233 ὧν
205 2207 328 2242 ὲκήδετο,
349 2206 394 2232 καί
417 2215 459 2233 τοι
476 2207 613 2241 πολεμίων
633 2206 720 2233 δντων
737 2206 782 2233 διὰ
799 2208 848 2242 τὴν
869 2207 936 2242 θρη-

149 2253 255 2285 σκείαν,
271 2253 300 2279 τδ
318 2254 367 2287 μὲν
382 2252 481 2287 ἀληθὲς
495 2250 567 2286 εἷπε,
585 2253 632 2279 καὶ
647 2252 762 2286 δίκαιον,
779 2254 847 2288 πρδς
863 2253 938 2287 Κρά-

147 2297 210 2332 λην,
223 2301 271 2325 καὶ
294 2299 307 2324 ὃ
331 2299 384 2329 πᾶς
404 2298 529 2325 ὁστισοῦν
553 2299 586 2325 ἃν
602 2292 799 2334 ἐπιψηφίσαιτο
822 2299 936 2330 δικαίως

148 2343 269 2376 διαιτῶν,
284 2345 358 2371 οὐδὲν
373 2343 444 2372 εἶναι
456 2346 561 2379 ἕτερον,
574 2345 590 2380 ἢ
607 2345 765 2378 ἐξίστασθαι
785 2346 935 2380 Ῥωμαίοις

147 2392 202 2417 τῶν
216 2390 320 2417 πόλεων
332 2391 387 2417 τῶν
399 2392 454 2422 τοῖς
469 2392 562 2427 ὅρκοις
578 2391 829 2427 περιειλημμένων.
856 2392 934 2419 Ἐπεὶ

149 2436 172 2463 δ’
197 2437 278 2464 αὑτὸν
288 2438 339 2473 ὁρᾷ
356 2438 428 2464 πάνυ
450 2438 646 2473 περιεχόμενον
670 2438 724 2465 τῶν
747 2438 862 2472 πόλεων,
887 2439 935 2465 καὶ

149 2482 201 2517 τῆς
215 2482 288 2515 ζωῆς
300 2477 344 2508 “οὑ
361 2482 459 2517 μικρὸν
479 2483 563 2518 μέρος
579 2483 731 2518 ἡγούμενον
752 2484 935 2520 ἀφαιρεθήσε-

151 2528 224 2559 σθαι.
238 2528 263 2554 εί
285 2527 388 2555 τούτων
403 2529 616 2565 ἀποστερηθείη,
632 2529 774 2563 ἀδικήσειν
791 2530 841 2564 μὲν
870 2530 936 2556 Ῥω-

154 2573 264 2608 μαίους,
277 2573 346 2607 πλὴν
370 2573 526 2606 διελόμενον
549 2574 598 2605 τὰς
624 2574 716 2605 πόλεις
741 2574 779 2606 ὡς
803 2575 836 2601 ἂν
860 2575 936 2610 αὐτῷ

151 2619 255 2654 δοκοίη,
270 2620 317 2646 καὶ
330 2621 569 2656 παραχωρήσαντα
589 2620 660 2647 ὅσων
671 2620 704 2646 ἂν
714 2620 817 2653 ἐθέλοι,
834 2621 858 2647 ει
885 2621 936 2655 μὲν

153 2664 228 2699 αὐτῷ
242 2665 343 2699 δοκοίη,
359 2666 406 2692 καὶ
420 2667 542 2692 πείθοιτο
553 2666 636 2692 αὑτοῦ
653 2667 684 2702 τῇ
702 2666 796 2701 ψήφῳ,
812 2666 935 2694 τίθεσθαι

154 2710 266 2744 εἰρήνην
278 2711 323 2737 ἐπὶ
338 2713 444 2743 τούτοις
460 2715 507 2738 καί
522 2712 637 2744 σπονδάς
648 2721 655 2727 ·
670 2714 693 2738 εἰ
708 2712 735 2738 δὲ
750 2713 787 2747 μὴ
801 2712 935 2747 βούλοιτο,

153 2756 254 2788 ἐξεῖναι
264 2755 341 2786 αὖθις
353 2757 482 2792 πολεμεῖν
494 2758 541 2788 τὰς
552 2759 640 2789 πάσας
653 2758 752 2793 ἔχοντι.
767 2759 824 2785 Καὶ
835 2760 933 2786 αὐτίκα

160 2800 337 2835 Ἀκαρνανίαν
355 2801 404 2835 μὲν
418 2802 466 2828 καὶ
479 2802 636 2831 Θετταλίαν,
656 2802 756 2836 Σέρδιά
771 2811 800 2829 τε
826 2803 872 2830 καὶ
886 2805 935 2835 τὰς

312 2850 450 2880 Ριτιιυι.
472 2851 530 2880 Gn.
550 2849 649 2880 CLIV.

990 2210 1093 2236 turum,
1108 2211 1295 2234 verumtamen
1311 2208 1416 2242 judicio
1429 2217 1479 2236 suo
1498 2211 1579 2237 urbes
1596 2212 1773 2245 partiturum.

988 2256 1016 2278 et
1029 2251 1171 2278 cessurum
1185 2271 1193 2284 .
1211 2257 1278 2287 quot
1303 2253 1355 2280 sibi
1373 2255 1517 2288 placuerit,
1533 2258 1555 2282 si
1576 2257 1614 2283 illi
1631 2258 1713 2284 etiam
1736 2260 1775 2286 vi-

989 2297 1097 2328 deatur.
1115 2301 1142 2324 et
1154 2305 1209 2325 sua:
1227 2303 1280 2326 stet
1299 2300 1461 2332 sententiae,"
1473 2309 1567 2335 pacem
1580 2311 1664 2337 super
1678 2304 1731 2338 his,
1747 2314 1775 2333 ei.

990 2341 1079 2370 fmdus
1092 2343 1258 2371 faciendum.
1278 2345 1306 2372 Si
1320 2352 1439 2378 recuset,
1458 2347 1541 2375 licere
1568 2348 1605 2375 illi
1624 2357 1654 2376 se
1679 2358 1775 2378 omnes

989 2388 1136 2416 habentem
1169 2389 1203 2417 de
1228 2391 1333 2424 integro
1364 2393 1449 2419 armis
1475 2393 1632 2425 lacessere.
1657 2400 1684 2422 et
1713 2404 1774 2423 mox

987 2435 1179 2469 Acarnaniam,
1198 2437 1389 2472 Thessaliam,
1412 2440 1517 2472 Servia,
1541 2447 1569 2468 et
1586 2442 1656 2470 intra
1678 2443 1727 2470 has
1742 2447 1774 2470 ad

987 2491 1063 2511 mare
1080 2484 1167 2517 sitas,
1187 2490 1214 2512 et
1239 2485 1396 2514 Berrhoeam
1416 2496 1477 2515 cum
1506 2490 1619 2522 Edessa,
1645 2491 1775 2526 Gynaeco—

987 2534 1121 2562 eastrum,
1138 2535 1167 2556 et
1182 2530 1352 2566 Mygdoniam
1364 2553 1371 2563 ,
1385 2541 1447 2560 eum
1475 2535 1634 2564 instauratis
1654 2538 1762 2570 oppidis

987 2579 1015 2602 et
1034 2574 1138 2601 circum
1155 2576 1326 2611 Strymonem
1357 2579 1447 2612 vicos,
1474 2588 1561 2615 usque
1585 2581 1618 2608 ad
1639 2583 1773 2610 terminos

988 2620 1151 2652 Pherarum.
1169 2626 1194 2648 el
1209 2622 1372 2651 Tanlessani
1387 2630 1494 2652 montes
1510 2627 1660 2661 appellatos
1674 2629 1774 2655 lloma-

988 2666 1032 2694 nis
1046 2666 1183 2694 attribuit.
1200 2667 1313 2700 Ziehna,
1328 2669 1442 2702 Pheras,
1466 2671 1627 2699 Melenicum
1639 2694 1645 2705 ,
1657 2673 1774 2700 ‘Strom-

987 2712 1100 2742 bilzam,
1126 2711 1294 2745 Castorium,
1324 2715 1447 2750 aliosque
1477 2717 1564 2749 vicos,
1588 2722 1616 2744 et
1644 2719 1773 2752 oppidula

988 2757 1162 2785 Macedonica
1174 2778 1181 2790 ,
1196 2767 1257 2793 qua:
1283 2765 1358 2787 extra
1373 2761 1461 2788 dictos
1487 2768 1593 2790 montes
1604 2769 1692 2794 erant.
1709 2764 1774 2790 (Ira-

988 2803 1042 2830 lent
1057 2805 1177 2831 retinere
1193 2805 1288 2839 voluit,
1303 2811 1330 2833 et
1354 2815 1437 2842 super
1460 2808 1502 2835 bis
1532 2808 1630 2841 l'wdus,
1656 2809 1771 2836 societa-

1601 2858 1619 2887 6
1647 2868 1650 2869 ,
