1933 3083
156 99 205 131 1η

727 99 887 130 JOANNIS
907 99 1166 132 CANTACUZENI

1722 103 1778 137 112

154 160 266 188 temque
279 153 360 187 inire,
379 159 406 182 et
421 154 561 182 abstinere
577 154 684 183 damnis
697 157 811 184 mutuis.
829 155 875 184 Sic
887 157 936 183 im-

993 157 1067 187 ἐντὸς
1079 157 1181 183 τούτων
1194 156 1261 192 πρὸς
1275 156 1413 184 θάλασσαν
1423 157 1561 192 πολίχνας,
1572 156 1619 184 καὶ
1630 157 1777 193 Βέῥροιαν,

154 205 265 234 perator
281 200 377 231 .urbes
407 200 569 234 distribuit;
592 208 653 235 quae
678 201 838 229 distributio
854 202 937 229 etiam

151 244 224 273 Crali
251 245 365 280 placuit,
385 250 413 274 et
430 246 468 273 ita
484 246 557 274 inter
584 246 646 273 illos
669 248 815 279 cenvenit,
831 254 939 282 paxque

153 292 280 320 confecta
305 292 436 319 Triballis
454 292 532 326 juxta
552 299 584 319 ac
607 292 737 320 Romanis
754 293 854 327 gaudio
875 293 938 320 fuit.

152 338 243 370 Atque
257 337 354 365 eodem
372 337 399 365 in
415 338 476 365 loco
500 337 621 369 Crulem,
648 337 763 373 ejusque
777 339 938 366 comitatum

155 385 302 419 imperator
317 384 349 411 ad
365 384 462 418 epulas
483 383 640 419 magniﬁcas
657 384 786 411 invitavit
798 404 805 416 ,
830 384 940 419 juniore

154 430 321 464 imperatore
336 434 484 464 praesente,
501 434 529 457 et
544 437 607 456 cum
628 437 725 457 socero
740 430 844 465 pariter
859 438 892 458 ex
907 437 939 457 ea

153 475 342 502 muniﬁcentia
352 475 467 511 gloriam
483 481 647 510 aueupante.

995 203 1042 229 καὶ
1067 202 1211 241 Ἔδεσσαν,
1239 202 1473 238 Γυναικόκαστρόν
1493 212 1524 230 τε
1552 203 1600 230 καὶ
1623 203 1778 237 Μυγδονίαν

997 250 1068 283 μετὰ
1094 248 1150 274 τῶν
1178 249 1393 284 κατῳκισμένων
1418 249 1533 281 πόλεων,
1562 250 1610 276 καὶ
1637 249 1687 281 τὰς
1712 249 1778 285 περὶ

994 293 1158 328 Στρυμμύνα
1172 293 1268 328 κώμας
1280 295 1343 330 ἄχρι
1359 295 1414 322 τῶν
1429 295 1521 330 Φερῶν
1534 295 1627 331 ὁρίων,
1645 297 1692 322 καὶ
1707 296 1778 322 Ταν-

992 339 1105 366 τεσάνου
1118 339 1167 374 ὅρη
1177 339 1449 375 προσαγορευόμενα,
1468 341 1591 375 ἀπένεμε
1611 341 1758 375 Ῥωμαίοις
1769 347 1778 357 ·

992 384 1075 420 Ζίχνα
1088 385 1172 412 δὲκαὶ
1182 386 1280 420 Φερὰς,
1292 386 1340 413 καὶ
1348 386 1508 419 Μελενίκον,
1519 388 1567 415 καὶ
1574 386 1778 422 Στρύμειτζαν,

992 431 1040 457 καὶ
1058 431 1226 467 Καστορίαν,
1258 433 1305 459 καὶ
1320 433 1368 465 τὰς
1382 433 1465 466 ἄλλας
1481 433 1671 465 Μακεδονικὰς
1682 433 1779 469 κώμας

992 477 1038 503 καὶ
1053 477 1195 513 πολίχνας,
1212 478 1240 505 αἲ
1255 478 1310 505 τῶν
1333 479 1487 515 εἰρημένων
1510 480 1581 515 ὅρων
1600 480 1681 512 ἐκτὸς
1695 476 1778 515 ἦσαν,

151 520 264 555 Κράλην
277 521 360 555 ἔχειν,
386 521 434 548 καὶ
449 521 611 557 συμμαχίαν
625 522 671 548 ἐπὶ
684 521 790 554 τούτοις
802 522 940 550 ποιεῖσθαι
959 523 1008 550 καὶ
1039 523 1168 556 σπονδὰς,
1183 524 1232 552 καὶ
1260 525 1344 560 μηδὲν
1360 518 1494 560 ἅλλήλους
1509 526 1629 553 ἀδικεῖν·
1645 525 1716 553 οὕτω
1731 526 1780 560 μὲν

89 582 98 592 .
149 569 164 594 ὁ
180 567 306 601 βασιλεὺς
320 568 408 603 διῄρει
424 568 474 600 τὰς
489 568 582 601 πόλεις
593 577 600 584 ·
619 570 665 595 καὶ
679 569 766 595 ἐδόκει
797 570 845 595 καὶ
878 569 977 604 Κράλῃ
996 570 1085 601 καλῶς
1104 570 1188 606 ἔχειν,
1205 571 1253 599 καὶ
1266 571 1419 606 συνέϐησαν
1436 573 1465 599 ἒν
1480 572 1595 604 τούτοις,
1613 573 1660 600 καὶ
1678 573 1780 601 πάντες

149 614 255 649 ἥδοντο,
269 614 316 641 καὶ
326 614 457 649 Τριδαλοὶ
467 615 513 641 καὶ
533 615 663 649 Ῥωμαῖοι
676 614 744 649 πρὸς
756 615 804 650 τὴν
816 617 940 651 είρήνην.
959 616 993 643 '0
1019 625 1049 643 τε
1068 616 1196 651 βασιλεὺς
1227 617 1315 644 είστῐα
1342 617 1491 654 φιλοτίμως
1507 617 1694 655 Κράλην,’καὶ
1716 619 1779 649 τοὺς

153 661 282 692 συνόντας
298 660 341 687 ἐπ’
352 660 490 687 αὐτοῦτοῦ
502 661 586 687 τόπου
599 658 630 688 οὗ
642 662 669 687 αι
684 661 835 696 συμϐάσεις
866 661 1040 697 ἐγεγένηντο,
1060 663 1194 698 παρόντος
1217 663 1263 691 καὶ
1290 663 1338 690 τοῦ
1382 664 1428 691 έου
1458 664 1602 700 βασιλέως,
1618 667 1664 692 καὶ
1677 673 1780 701 συμῳισ

150 707 349 742 λοτιμουμένου
366 707 472 741 βασιλεί
483 707 522 742 τῷ
534 708 663 742 κηδεστῇ.

806 778 886 814 792
905 777 1018 806 CAPUT
1038 778 1123 806 xxu.

152 839 262 868 Pactum
277 841 308 867 de
324 841 451 876 eligendis
469 841 627 873 proceribus,
644 841 689 876 qui
706 841 783 868 urbes
799 841 936 877 utriusque
956 841 1060 877 nomine
1078 841 1198 874 tradant,
1221 845 1246 868 et
1260 842 1401 877 decipiant.
1418 841 1512 869 Crates
1530 842 1679 875 seducitur,
1694 843 1777 877 {trdus

188 877 334 907 renuntiat,
350 884 410 913 suos
425 877 452 902 in
473 876 688 913 Cantor-ozenam
709 877 821 913 animat.
838 876 928 913 Copia:
944 876 1077 913 utrimque
1099 878 1256 913 educuntur.
1281 876 1518 913 Neuter__pugnam
1546 876 1777 913 incipit,riu_terque

187 920 214 938 se
229 916 347 938 excusat.
364 911 514 947 Imperator
527 911 685 947 Byzantium
704 911 825 937 abiturus
847 909 1037 945 imperatorem
1058 909 1194 947 juniorejn
1219 915 1316 942 monet,
1332 919 1348 937 α
1373 909 1452 938 Grale
1467 917 1567 945 caveat,
1582 909 1627 947 qui
1649 909 1777 939 Edessam

186 947 336 982 proditione
352 947 432 980 capit.
449 945 557 982 ζημίαιιέ
572 946 712 981 pt'trfectus
741 946 863 982 punitur,
890 947 915 971 in
932 946 983 982 viai
1001 947 1124 977 moritur,
1152 945 1251 973 Edessa
1279 947 1417 982 evertitur,
1432 945 1664 982 incolarum'pars
1690 948 1778 982 major

187 980 258 1008 nuda
273 982 426 1007 dimittitttr.
445 981 481 1007 De
497 980 603 1008 incursu
622 981 805 1008 barbarorum.
822 981 901 1008 Mazso
929 981 983 1014 regi
997 988 1023 1006 se
1041 985 1137 1015 purgat
1152 983 1306 1016 imperator.
1324 980 1471 1016 Consilium
1487 982 1517 1007 de
1533 980 1653 1008 barbaris
1667 980 1777 1009 Thracia

186 1023 209 1042 et
227 1016 318 1052 Maesia
336 1016 467 1052 arcendis.
492 1016 656 1052 Prodigium,
676 1024 726 1050 quo
753 1015 904 1052 Alexander
925 1020 1017 1052 contra
1044 1015 1150 1052 Graiam
1172 1015 1355 1050 can/irmutur.
1381 1015 1530 1051 Imperator
1549 1017 1644 1044 nauale
1669 1022 1776 1052 purgat.

189 1051 284 1078 Moesus
297 1051 375 1085 [idem
391 1051 473 1085 fallit.
490 1050 557 1078 Eum
574 1049 721 1086 imperator
742 1051 776 1076 ad
792 1049 903 1085 ofﬁcium
918 1050 1043 1076 reducere
1062 1051 1163 1085 frustra
1187 1051 1291 1078 nititur.

189 1109 346 1136 Secundum
361 1108 505 1143 prandium
522 1108 594 1143 pacti
611 1112 685 1140 sunt,
699 1112 728 1134 ut
744 1107 876 1142 postridie
890 1106 936 1133 im-

1027 1106 1107 1133 Μετὰ
1135 1107 1163 1133 δὲ
1190 1107 1220 1133 τὸ
1248 1106 1361 1142 ἄριστον
1386 1108 1539 1141 συνέθεντο,
1567 1108 1638 1136 ὥστε
1666 1110 1706 1141 εις
1727 1109 1779 1144 τὴν

151 1159 262 1189 perator
277 1154 416 1181 Romanos
443 1154 583 1188 principes
607 1153 684 1180 viros
702 1153 824 1187 quinque
838 1151 938 1185 delige-

152 1204 206 1233 ret,
234 1199 281 1234 qui
300 1207 350 1227 suo
372 1199 484 1226 nomine
507 1199 589 1226 urbes
602 1198 778 1233 acciperent,
795 1197 889 1225 Crales
904 1197 938 1224 de

151 1245 208 1272 suis
219 1244 332 1271 totidem
350 1244 510 1276 destinaret,
528 1244 575 1278 qui
597 1243 657 1271 illas
671 1251 719 1278 pro
731 1251 764 1270 eo
779 1244 937 1276 traderent,

151 1290 291 1324 ﬁnitisque
308 1289 462 1320 conventis,
477 1293 503 1316 et
520 1289 609 1316 salute
624 1289 709 1321 dicta,
723 1289 769 1315 hic
785 1288 818 1315 ad
836 1293 937 1322 castra,

150 1335 196 1362 ille
215 1336 240 1362 in
260 1336 355 1362 urbem
374 1343 403 1362 se
417 1335 522 1362 retulit.
548 1335 607 1362 Jam
628 1343 680 1362 nox
698 1339 774 1367 erat,
796 1343 858 1362 cutn
874 1335 937 1370 qui-

150 1383 212 1409 dam
231 1391 263 1410 ex
291 1382 438 1409 comitibus
465 1382 664 1416 imperatorum
682 1382 751 1409 clam
779 1381 813 1408 ad
829 1382 937 1409 Cralem

151 1428 264 1459 adeunt,
283 1427 483 1461 hortanturque
503 1427 587 1454 urbes
603 1434 636 1453 ne
655 1427 760 1467 tradat,
772 1427 818 1454 sed
835 1427 936 1454 bellum

151 1474 287 1501 adversus
301 1474 522 1500 Cantacuzenum
533 1473 620 1506 malit,
635 1473 681 1508 qui
698 1482 759 1500 cum
775 1474 802 1500 in
818 1481 937 1508 presen-

151 1519 187 1545 tia
204 1519 326 1546 exercitu
352 1518 466 1546 inferior
483 1518 528 1551 sit,
550 1526 665 1553 parum,
689 1523 738 1546 aut.
754 1519 822 1545 nihil
840 1519 937 1546 obesse

153 1565 250 1599 possit.
270 1564 298 1592 Si
320 1564 480 1599 Byzantium
497 1564 601 1596 redeat,
620 1569 651 1590 ut
666 1565 721 1591 illic
734 1572 763 1592 se
777 1570 935 1599 comparet,

151 1609 334 1644 Palmologum
356 1609 551 1644 imperatorem
576 1613 761 1644 permoluros,
778 1614 806 1637 ut
823 1617 884 1637 eum
903 1617 936 1636 eo

151 1654 252 1688 quibus
270 1654 411 1682 videbitur
433 1655 613 1689 optatissimis
630 1655 833 1683 conditionibus
849 1656 936 1691 pacis-

151 1704 240 1730 catur.
259 1700 486 1735 conjunctimque
513 1700 616 1727 bellum
635 1705 730 1728 contra
754 1701 831 1727 illum
850 1702 936 1728 susci-

149 1746 219 1781 piat.
238 1745 296 1773 Sibi
315 1746 388 1773 enim
405 1746 578 1773 intolerabile
599 1746 697 1779 videri,
718 1747 852 1782 imperare
871 1755 934 1774 eutn

150 1793 196 1826 qui
226 1792 364 1818 haeredem
395 1792 503 1826 imperii
531 1791 681 1826 legitimum
708 1793 870 1830 haereditate
885 1801 933 1820 sua

150 1838 294 1872 dejeceril.
315 1837 408 1864 Crales
420 1838 512 1864 statim
530 1837 623 1864 la-titia
637 1838 744 1870 ebrius,
761 1839 860 1865 multas
873 1847 937 1866 sua-

151 1883 263 1910 soribus
282 1883 383 1916 gratias
402 1883 476 1917 agit,
493 1891 576 1917 seque
602 1883 760 1917 imperatori
787 1884 939 1918 Palazologo

153 1933 248 1955 contra
265 1935 392 1955 socerum
415 1932 540 1962 prompte
554 1928 704 1956 aliuturum
720 1948 726 1960 ,
745 1933 773 1956 et
787 1937 895 1956 omnem
912 1930 937 1957 (ἰ

154 1973 393 2005 benevolentiam,
428 1973 605 2008 studiumque
634 1974 762 2008 spondet.
791 1973 937 2008 Postquam

152 2018 222 2045 luxit
235 2039 241 2050 ,
260 2025 353 2052 pacem
385 2022 460 2045 certa
488 2018 548 2053 lege
564 2019 741 2045 constitutam
759 2019 936 2046 renuntiavit.

152 2063 204 2090 Sed
219 2064 241 2090 si
260 2063 324 2090 velit
342 2063 426 2090 urbes
440 2071 528 2098 nuper
547 2069 695 2097 occupatas
721 2064 792 2092 solas
818 2065 935 2098 habere,

153 2109 208 2135 imo
225 2115 292 2135 vero
306 2129 313 2141 ,
332 2108 354 2135 si
380 2108 462 2134 etiam
479 2108 512 2135 de
527 2107 560 2134 iis
575 2108 666 2135 adhuc
683 2108 813 2142 quasdam
831 2109 936 2142 reddat,

153 2155 194 2181 sic
210 2161 406 2189 persuasurum
426 2153 477 2181 sibi
489 2174 497 2186 ,
513 2158 543 2181 ut
558 2153 630 2181 bello
644 2154 780 2181 abstineat
797 2161 804 2180 :
818 2155 839 2181 si
858 2155 935 2187 nolit.

154 2206 266 2234 paratus
283 2200 315 2227 ad
338 2199 460 2234 praelium
492 2205 581 2232 exeat,
599 2207 628 2228 se
650 2200 713 2227 totis
726 2200 828 2228 viribus
841 2206 936 2228 contra

153 2251 349 2281 pugnaturum.
363 2245 514 2280 Imperator
530 2245 618 2273 Cralis
633 2246 716 2272 verba
733 2245 809 2280 parvi
824 2246 935 2278 ducere;

153 2291 235 2318 uorat
252 2291 337 2323 enim,
353 2299 381 2317 se
395 2291 470 2317 illum
487 2298 583 2326 cogere
596 2291 623 2317 in
637 2298 732 2326 gyrum
746 2298 836 2325 posse.
850 2287 937 2318 Vehe-

155 2341 262 2363 menter
270 2342 361 2362 autem
376 2336 506 2363 Romanis
519 2336 724 2363 insidiatoribus
740 2336 934 2369 succensebat;

155 2390 210 2410 non
237 2383 310 2408 enim
330 2382 492 2416 ignorabat,
507 2381 579 2408 unde
594 2381 652 2408 haec
676 2382 735 2417 ejus
758 2382 885 2412 mutatio,
908 2385 936 2408 et

991 1152 1147 1187 ὑστεραίαν,
1160 1152 1272 1188 βασιλέα
1284 1153 1333 1188 μὲν
1345 1154 1521 1187 ἐπιλέξασθαι
1533 1155 1613 1181 πέντε
1629 1155 1778 1187 Ῥωμαίων

988 1199 1043 1226 τῶν
1057 1200 1085 1225 ὲν
1101 1199 1184 1232 τέλει,
1202 1200 1250 1226 καὶ
1266 1200 1374 1232 τούτοις
1394 1201 1542 1236 ἐπιτρέψαι
1555 1201 1605 1237 τὴν
1619 1202 1776 1237 παράληψιν

988 1243 1043 1270 τῶν
1059 1243 1163 1271 πόλεων
1173 1252 1180 1260 σ
1197 1244 1309 1279 Κράλην
1321 1244 1350 1272 δὲ
1361 1245 1392 1272 ὲκ
1405 1245 1459 1272 τῶν
1472 1246 1581 1279 οίκείων
1596 1245 1670 1278 ίσους
1685 1254 1776 1282 παρα-

990 1290 1154 1326 σχεῖν,ὤστε
1170 1291 1350 1326 παραδοῦναι,
1363 1291 1411 1318 καὶ
1426 1292 1622 1326 συνταξάμενοι
1641 1292 1776 1328 ἀλλήλοις,

988 1336 1050 1362 ἐπεὶ
1079 1336 1154 1367 τέλος
1171 1334 1245 1371 εῐχον
1273 1336 1433 1371 συμϐάσεις,
1460 1338 1475 1364 ὁ
1501 1337 1550 1372 μὲν
1568 1338 1606 1368 είς
1619 1338 1648 1364 τὸ
1665 1338 1778 1373 στρατό-

989 1382 1080 1415 πεδον,
1104 1382 1133 1414 ,οἱ
1165 1381 1288 1417 βασιλεῖς
1311 1382 1340 1408 δὲ
1366 1382 1407 1414 είς
1432 1382 1483 1416 τὴν
1506 1382 1584 1409 πόλιν
1603 1382 1776 1418 ἀπεχώρουν.

995 1427 1178 1462 Ἐπελθούσης
1207 1427 1235 1454 δὲ
1252 1427 1362 1459 νυκτδς,
1386 1428 1458 1459 τινὲς
1481 1428 1536 1455 τῶν
1553 1429 1686 1456 συνόντων
1702 1430 1779 1464 βασι-

987 1474 1062 1500 λεῦσι
1074 1474 1165 1509 κρύφα
1175 1474 1300 1505 ἐλθόντες
1312 1475 1381 1509 πρὸς
1391 1475 1436 1501 τὸν
1448 1476 1470 1502 Κ
1475 1475 1570 1510 ράλην,
1583 1468 1777 1503 συνεϐούλευον

987 1520 1035 1551 τὰς
1052 1520 1142 1551 πόλεις
1159 1520 1196 1555 μὴ
1210 1520 1400 1556 παραδιδόναι,
1424 1521 1493 1547 ἀλλὰ
1511 1521 1627 1556 πόλεμον
1640 1521 1776 1556 αἱρεῖσθαι

988 1565 1090 1600 μᾶλλον
1113 1564 1181 1601 πρὸς
1206 1566 1436 1602 Καντακουζηνδν
1453 1567 1498 1593 τὸν
1515 1567 1639 1601 βασιλέα,
1655 1566 1692 1597 ὡς
1712 1567 1775 1602 βλά-

987 1621 1065 1638 πτειν
1093 1612 1276 1647 δυνησόμενον
1303 1613 1392 1647 ὀλίγα,
1411 1613 1428 1647 ἢ
1456 1613 1551 1639 οὐδέν’
1581 1613 1628 1639 νῦν
1655 1613 1774 1648 μὲνγὰρ

987 1657 1137 1693 ἀξιόμαχον
1154 1658 1204 1684 οὐκ
1222 1657 1294 1693 ἔχειν
1318 1658 1460 1693 στρατιάν.
1474 1659 1524 1684 Ἂν
1547 1658 1575 1685 δὲ
1591 1659 1720 1695 ὲπανήκῃ
1733 1660 1774 1690 εἰς

987 1703 1134 1735 Βυζάντιον
1159 1704 1196 1735 ὠς
1212 1703 1505 1739 παρασκευασόμενος,
1523 1705 1569 1731 τον
1591 1704 1774 1738 Παλαιολόγον

988 1749 1100 1785 βασιλέα
1134 1750 1241 1775 πείσειν
1269 1747 1451 1783 συνθήσεσοαι
1479 1750 1547 1785 πρὸς
1572 1750 1663 1782 αὐτὸν,
1741 1750 1775 1777 ἂν
1813 1745 1823 1748 ”

990 1796 1110 1831 μάλιστα
1131 1796 1196 1830 δοκῇ
1220 1794 1284 1821 καθ’
1300 1795 1407 1830 ἡδονὴν,
1432 1795 1568 1829 καὶκοινῇ
1586 1795 1632 1821 τὸν
1658 1796 1776 1830 πόλεμον

989 1840 1057 1876 πρὸς
1079 1841 1181 1867 ἐκεῖνον
1196 1839 1350 1872 ἀνελέσθαι,
1368 1840 1494 1875 ἡγεῖσθαί
1517 1840 1571 1874 γὰρ
1599 1840 1698 1871 αὐτοὺς
1723 1840 1774 1867 οὒκ

989 1887 1103 1914 ἀνεκτὸν
1119 1887 1222 1913 ἐκεῖνον
1241 1885 1346 1921 ἄρχειν,
1364 1886 1479 1921 βασιλέα
1494 1886 1544 1921 τῆς
1564 1886 1694 1922 πατρῴας
1706 1887 1774 1913 ἀπο-

990 1933 1160 1967 στερήσαντα
1176 1932 1277 1967 ἀρχῆς·
1293 1933 1340 1959 καὶ
1354 1934 1368 1959 ὁ
1387 1932 1497 1968 Κράλης
1515 1933 1616 1960 αὐτίκα
1631 1934 1724 1965 ἔνθους
1739 1932 1774 1969 ἦν

989 1979 1034 2013 ὑφ’
1046 1979 1155 2014 ἡδονῆς,
1168 1976 1215 2005 καὶ
1227 1978 1327 2010 πολλὰς
1340 1978 1475 2014 ώμολογει
1488 1979 1604 2014 χάριτας
1615 1981 1670 2011 τοῖς
1682 1980 1773 2013 ἀπαγο

988 2025 1106 2058 γείλασι,
1140 2024 1247 2060 βασιλεῖ
1275 2033 1304 2051 τε
1336 2024 1523 2060 ἐπηγγέλλετο
1556 2024 1706 2060 προθύμως
1734 2025 1775 2058 τῷ

988 2062 1163 2105 Παλαιολόγῳ
1181 2070 1373 2104 συμμαχήσειν
1389 2069 1461 2097 κατὰ
1487 2069 1620 2104 κηδεστοῦ
1634 2070 1680 2097 τοῦ
1699 2071 1776 2105 βασι-

988 2115 1067 2146 λέως,
1089 2116 1136 2140 καὶ
1151 2116 1241 2140 πᾶσαν
1256 2114 1440 2146 ἐπιδείξεσθαι
1459 2114 1578 2149 σπουδὴν
1606 2115 1652 2141 καὶ
1665 2115 1773 2141 εὔνοιαν

989 2161 1057 2194 πρὸς
1072 2160 1169 2186 αὐτόν’
1193 2159 1251 2194 ἅμα
1272 2167 1301 2186 τε
1328 2159 1375 2194 ἕῳ,
1396 2161 1458 2187 ἐπεὶ
1474 2160 1566 2195 ἡμέρα
1589 2158 1634 2195 ἦν,
1662 2160 1774 2195 πέμψας

988 2206 1056 2241 πρὸς
1075 2205 1198 2240 βασιλέα,
1216 2205 1374 2239 ἀπηγόρευε
1400 2206 1449 2240 τὴν
1477 2206 1523 2232 ἐπὶ
1539 2207 1594 2237 τοῖς
1617 2207 1773 2242 εἰρημένοις

988 2251 1099 2286 εἰρήνην
1110 2258 1117 2266 ι
1134 2249 1192 2276 ἀλλ’
1209 2251 1233 2276 εί
1246 2250 1368 2284 βούλοιτο
1380 2250 1428 2281 τὰς
1443 2249 1507 2285 ἄρτι
1519 2249 1669 2284 ληφθείσας
1681 2251 1773 2282 πόλεις

990 2297 1073 2331 μόνας
1090 2296 1173 2331 ἔχειν,
1201 2295 1301 2331 μᾶλλον
1329 2295 1358 2322 δὲ
1374 2297 1421 2322 καὶ
1441 2295 1471 2328 ἐξ
1497 2297 1610 2323 ἐκείνοιν
1627 2297 1772 2329 ἀποδόντα,

987 2341 1059 2368 οὕτω
1078 2341 1183 2368 πείθειν
1197 2341 1279 2368 αὑτὸν
1290 2341 1327 2376 μὴ
1340 2341 1467 2376 πολεμεῖν
1478 2350 1484 2356 ·
1498 2342 1522 2367 εἰ
1539 2341 1566 2368 δὲ
1585 2341 1623 2377 μὴ
1640 2341 1770 2376 βούλατο,

988 2387 1270 2422 παρασκευασάμενον
1300 2386 1368 2420 πρὸς
1398 2386 1489 2422 μάχην
1521 2387 1659 2419 ἐξελθεῖν·
1690 2388 1772 2414 αὐτὸν

153 2436 245 2455 rerutn
260 2427 481 2455 emendationem
498 2426 678 2461 desperabat,
700 2431 786 2459 ratus,
802 2427 934 2454 bellorum

989 2433 1042 2467 γὰρ
1062 2433 1142 2459 παντὶ
1157 2432 1244 2459 σθένει
1269 2432 1446 2468 πολεμήσειν.
1468 2433 1529 2459 Τῶν
1551 2433 1599 2468 μὲν
1612 2432 1658 2460 οὖν
1675 2434 1772 2468 Κράλη

154 2482 249 2501 rursus
277 2474 421 2505 civilium,
451 2480 666 2508 magnarumque
696 2472 861 2500 seditionum
878 2473 935 2500 haec

152 2527 213 2547 esse
230 2519 373 2554 przeludia.
386 2519 488 2545 Tamen
501 2519 626 2552 quamvis
641 2518 680 2545 sic
693 2518 817 2551 aﬁ'ectus,
836 2519 935 2553 postri-

153 2565 198 2592 die
211 2572 240 2591 se
253 2564 286 2590 ad
303 2564 504 2591 dimicationem
521 2567 658 2591 extturum
672 2563 853 2590 denuntiavit.
865 2563 933 2591 Cra-

154 2612 195 2638 les
223 2615 317 2637 contra
343 2609 424 2645 793
444 2617 472 2636 se
490 2617 586 2644 parare
603 2629 609 2641 ,
626 2614 653 2637 et
666 2617 730 2636 suos
755 2609 932 2637 conﬁrmare:

154 2658 376 2684 Cantacuzcnu‘m
394 2663 447 2682 non
461 2663 520 2682 csse
535 2655 697 2688 timendum,
715 2656 836 2690 quandiu
854 2664 869 2682 a
881 2657 937 2684 suis

154 2706 339 2736 oppugnetur,
355 2700 402 2727 sed
419 2704 577 2727 constanter
590 2699 755 2734 sperandum
782 2701 935 2732 victoriam,

157 2754 279 2782 quasque
296 2746 424 2773 Romanis
439 2745 592 2772 ademerint
611 2745 702 2776 urbes,
718 2750 882 2772 retenturos.
896 2745 938 2772 Si-

154 2792 329 2820 milemenim
341 2799 399 2819 esse
413 2791 516 2818 homini
532 2791 610 2826 aqu-is
626 2790 779 2822 submerso,
795 2797 874 2825 quem
894 2791 935 2818 sui

988 2477 1075 2510 λόγων
1099 2476 1114 2502 ό
1143 2475 1270 2510 βασιλεὺς
1299 2476 1389 2510 ὀλίγον
1429 2477 1548 2503 ἐποιεῖτο
1578 2477 1668 2511 λόγον.
1693 2477 1772 2512 ᾜόει

977 2521 1042 2556 ,γὰρ
1074 2521 1111 2552 ὡς
1143 2520 1324 2556 δυνησόμενος
1356 2521 1438 2548 αὐτὸν
1466 2522 1696 2556 καταναγκάζειν,
1724 2522 1772 2549 καὶ

987 2567 1088 2593 ἄκοντα
1112 2567 1146 2592 τὰ
1177 2566 1270 2593 δίκαια
1291 2568 1389 2594 ποιεῖν.
1417 2567 1524 2601 Σφόδρα
1546 2567 1573 2593 δὲ
1587 2567 1688 2603 ἧχοετο
1701 2568 1771 2594 κατὰ

993 2610 1136 2645 Ῥωμαίων
1151 2611 1205 2637 τῶν
1224 2611 1473 2638 ἐπιϐουλευόντων·
1495 2612 1525 2638 οὐ
1549 2612 1603 2647 γὰρ
1623 2612 1769 2646 ἠγνόησεν,

986 2657 1046 2682 ὅθεν
1075 2658 1090 2691 ἡ
1121 2657 1273 2692 μεταϐολή·
1302 2658 1350 2684 καὶ
1373 2658 1422 2692 τὴν
1450 2657 1593 2692 διόρθωσιν
1618 2658 1673 2684 τῶν
1702 2666 1774 2692 πρα-

985 2701 1098 2736 γμάτων
1132 2701 1317 2734 ἀπεγίνωσκε,
1348 2701 1477 2736 πολέμων
1509 2700 1588 2734 αὖθις
1617 2702 1770 2737 ἐμφυλίων,

986 2746 1031 2772 καὶ
1050 2746 1170 2772 στάσεων
1197 2746 1322 2780 μεγάλων
1346 2747 1380 2773 τὰ
1394 2747 1506 2774 τοιαῦτα
1521 2748 1642 2781 οἰόμενος
1667 2747 1768 2781 ἀρχήν.

988 2792 1084 2826 Ὅμως
1119 2792 1164 2818 καὶ
1203 2791 1289 2824 οὕτως
1326 2793 1406 2827 ἔχων,
1444 2792 1629 2827 ἐπηγγέλλετο
1656 2793 1694 2824 είς
1722 2793 1771 2828 τὴν
