1933 3083
123 127 174 160 1⁸13

708 123 977 156 HISTORIARUM
1000 122 1114 153 LIBER
1135 123 1183 154 IV.

1694 123 1745 155 1⁵74

120 186 270 220 ὑστεραίαν
285 184 477 219 ἐξελεύσεσθαι
503 183 570 220 πρὶς
586 184 686 220 μάχην.
699 183 810 218 Κράλης
823 182 850 208 δὲ
864 181 907 207 καὶ

963 183 1092 211 astantes,
1120 180 1143 207 si
1170 178 1280 214 quando
1307 179 1462 213 emcrserit,
1488 179 1587 207 iterum
1608 180 1660 207 sub
1675 188 1746 216 aqua

117 231 200 261 at'ttb:
215 230 445 264 παρεσκευάζετο,
466 228 514 256 καὶ
538 227 758 264 παραθαρρύνων
790 226 852 257 τοὺς
872 225 909 251 οξ-

118 277 211 308 κείους
232 275 302 310 πρὸς
320 276 364 302 τὸν
381 275 515 310 βασιλέως
527 274 647 308 πόλεμον
659 282 667 290 ·
693 274 724 300 οὗ
750 273 804 308 χρὴ
826 274 909 300 δεδοι-

119 323 210 355 κέναι,
227 323 346 357 ἔφασκε,
363 321 592 356 Καντακουζηνδν
605 321 651 348 τὸν
664 321 776 354 βασιλέα
787 321 867 355 ἄχρις
876 319 910 346 ἂν

123 369 173 397 ιπδ
188 370 243 396 τῶν
262 369 372 396 οἰκείων
404 367 576 402 πολεμῆταιο
608 366 678 393 ἀλλὰ
702 366 813 401 βεσαίας
837 365 909 400 ἔχειν

121 415 232 445 ἐλπίδας
246 414 292 441 τοῦ
305 414 491 449 περιέσεσθαι,
506 413 553 439 καὶ
564 412 613 443 τὰς
639 411 820 447 ἡρπασμένοις
841 410 909 437 'Ptu-

121 460 211 494 μαίων
237 460 327 490 πόλεις
355 458 480 490 καθέξειν
517 457 658 492 ἀσφαλῶς.
692 456 826 483 Ἐοικέναι
853 456 908 490 γὰρ

119 505 240 539 ἔφασκεν
254 506 367 537 ἐκεῖνον,
383 505 410 531 ὲν
425 504 519 530 ὕδασιν
541 502 679 538 ἀνθρώπῳ
703 501 907 529 καταὸεὸαπτι-

119 552 225 586 σμὲνῳ,
239 551 427 583 τοῦςοίκείους
437 551 465 577 δὲ
479 549 645 585 ἐφεστῶτας,
662 549 690 575 ei
699 557 764 576 ποτα
779 548 905 584 δυνηθείη

118 599 270 633 ἀνακύψαι,
307 597 451 630 πιέζοντας
479 596 559 629 αὖθις
590 596 818 628 καταϐαπτίζειν,
858 597 905 623 καὶ

121 645 186 680 μήθ’
206 643 294 678 ἑαυτῷ
306 644 453 678 χρήσιμον,
469 643 533 678 μήτ’
555 642 678 674 ἐκείνως
701 642 827 676 γίνεσθαι
844 642 905 677 ἑᾷν’

119 690 153 717 ἂν
169 690 220 725 μέν
241 699 284 716 τοι
308 689 362 716 τῶν
388 690 459 716 οἴκοι
475 688 612 724 διαφορῶν
639 697 704 714 ποτε
723 687 905 721 ἀπαλλαγείη,

117 736 172 765 τότ’
190 737 240 772 ήδη
257 736 365 763 πάντων
376 735 451 770 αὑτῷ
465 735 621 768 ἐξίστασθαι
632 735 757 765 ἑκόντας,
780 734 827 761 καὶ
838 734 905 761 πολ-

117 780 168 815 λὴν
182 780 312 815 πρόνοιαν
327 779 462 806 ποιεῖσθαι
472 778 549 813 φίλον
559 778 640 814 ἔχειν.
649 779 907 806 Ἀντιιαηίστασθαι

117 824 173 858 γὰρ
186 823 254 858 πρὸς
265 823 394 858 πόλεμον,
409 823 443 850 ἂν
463 823 517 850 τῶν
539 824 610 850 οῐκοι
632 824 771 859 δυσχερῶν
784 824 907 850 ἀπαλλα-

118 870 192 904 γείη,
209 869 266 896 οὔτ’
278 870 359 897 αὐτὸν
374 869 524 896 λυσιτελεῖν
552 869 692 904 ἡγεῖσθαι,
712 869 770 896 οὔτ’
789 870 906 902 ἐκείνοις

119 915 327 950 συμϐουλεύειν.
339 915 418 943 Οὕτω
443 915 519 951 μὲνὸ
534 915 643 951 Κράλης
669 915 700 942 οὺ
727 917 760 950 τῇ
787 916 907 951 σφετέρᾳ

120 963 222 997 μᾶλλον
236 963 348 999 οαῤῥῶν
361 962 488 997 δυνάμει,
509 962 526 997 ἢ
544 962 605 993 ταῖς
632 961 830 997 διχοστασίαις,
861 961 907 988 καὶ

118 1009 263 1043 διαφοραῖς
287 1007 442 1043 Ῥωμαίων,
458 1005 537 1038 αὖθις
552 1007 666 1042 ὥρμητο
684 1007 752 1043 πρὸς
775 1008 906 1042 πόλεμον,

119 1053 164 1079 καὶ
179 1053 208 1083 ἐς
219 1053 269 1086 τὴν
286 1052 434 1087 ὑστεραίαν
451 1052 510 1086 ἅμα
527 1051 564 1087 ἕῳ
585 1052 720 1086 συντάξας
736 1053 783 1080 ἐπὶ
799 1053 905 1087 φάλαγ-

119 1105 170 1130 γας
186 1097 237 1131 τὴν
255 1096 396 1132 στρατιὰν.
410 1096 510 1132 ἐχώρει
520 1096 589 1132 πρὸς
604 1097 806 1133 Θεσσαλονίκην
816 1098 848 1124 ὲκ
858 1097 906 1124 τοῦ

119 1142 314 1177 στρατοπέδου.
331 1141 384 1168 Καὶ
398 1142 412 1168 ὁ
425 1141 553 1176 βασιλεὺς
567 1142 670 1176 ὁμοίως
694 1143 745 1178 τήν
760 1151 789 1168 τε
808 1143 906 1176 πεζὴν,

119 1189 166 1214 καὶ
193 1188 310 1223 ἱππικὴν
336 1187 453 1223 δύναμιν
484 1187 718 1224 ἀντιπαρέταττεν
742 1189 904 1222 ἐξαγαγών·

118 1234 259 1269 οὐδέτερος
272 1234 300 1261 δὲ
312 1234 451 1270 ἐπεχείρει
465 1234 585 1269 πολέμου
598 1235 705 1270 ἄρχειν,
720 1235 777 1263 ἀλλ’
789 1235 907 1262 ἐπιπολὺ

119 1280 292 1315 ἀτρεμοῦντα
305 1280 517 1307 ἀντικαθίστατο
532 1280 659 1314 ἀλλήλοις
675 1281 708 1307 τὰ
725 1281 905 1316 στρατόπεδα.

119 1326 229 1361 Κράλης
243 1325 272 1352 δὲ
301 1325 370 1360 πρὸς
399 1325 511 1360 βασιλέα
537 1326 661 1361 πέμψας,
688 1327 765 1362 ῆτὴν
792 1327 906 1361 είρήνην

119 1371 240 1405 ἔφασκεν
252 1371 401 1406 αιρεῖσϐαι,
418 1371 452 1398 ἂν
462 1371 542 1407 ἑθέλῃ
556 1371 667 1406 ἔχοντας
682 1372 701 1399 ἃ
723 1372 832 1407 ἔχουσιν
843 1372 908 1398 ἐκά-

118 1416 239 1452 τερον,ή
257 1416 295 1451 μὴ
322 1416 442 1450 μέλλειν,
459 1416 518 1442 ἀλλ’
542 1417 638 1451 ἄρχειν
655 1416 804 1451 συμσολῆς.
824 1417 908 1444 Βασι-

119 1462 181 1494 λεὺς
193 1463 223 1490 δὲ
237 1463 271 1490 τὰ
285 1464 319 1498 τῇ
332 1463 484 1498 προτεραίᾳ
506 1463 652 1498 είρημένα,
675 1464 722 1490 καὶ
745 1462 824 1495 αὖθις
839 1462 908 1496 εφα-

121 1516 186 1534 σκεν
211 1508 360 1542 αἱρεῖσθαι,
375 1509 422 1536 καὶ
439 1508 516 1542 φίλον
532 1508 640 1535 ἐθέλειν
671 1508 772 1543 μᾶλλον
789 1508 872 1543 ἔχειν,
890 1508 906 1544 ἢ
921 1523 945 1553 c

119 1554 263 1589 πολέμιον,
276 1554 325 1586 τὰς
355 1554 449 1586 πόλεις
469 1554 620 1581 ἀποδόντα·
650 1555 683 1580 ἂν
706 1554 730 1580 δ’
760 1554 841 1586 αὐτὸς
862 1555 907 1582 τὸν

119 1599 240 1633 πόλεμον
265 1599 381 1634 αἱροῖτο,
398 1600 508 1634 πρῶτον
523 1599 624 1634 μᾶλλον
636 1598 720 1625 αὑτὸν
734 1598 828 1634 ἄρχειν
837 1607 908 1634 συμ-

119 1646 201 1680 ϐολῆς
219 1645 321 1680 μικρὸν
337 1645 490 1680 προῦάντα,
510 1644 557 1676 ὡς
585 1643 656 1671 οὕτω
689 1644 736 1671 καὶ
762 1645 844 1671 αὑτὸν
869 1645 907 1676 ώς

117 1691 303 1726 ἀμυνόμενον,
320 1691 368 1717 καὶ
383 1691 433 1717 οὐκ
445 1692 563 1725 ἄρχοντα
579 1690 702 1726 πολέμου
733 1690 907 1725 ἀγωνιούμε-

117 1746 164 1764 νον
182 1737 343 1772 προθύμως.
366 1736 643 1772 Ἐπιμαρτυρόμενον
670 1737 719 1763 καὶ
743 1735 907 1770 ἀνθρώπους

117 1783 167 1810 καὶ
184 1784 255 1815 θεὸν,
271 1783 308 1815 ὡς
322 1783 372 1809 οὐκ
400 1783 498 1815 ἀδικεῖ,
523 1783 590 1809 ἀλλὰ
620 1782 724 1817 μᾶλλον
741 1782 907 1822 ’ἀδικεῖταιο

117 1829 180 1856 οὐδὲ
192 1830 329 1864 ἐπιορκεῖ,
345 1829 490 1860 καὶκακὸς
516 1826 587 1855 εἶναι
617 1828 742 1863 βούλεται
771 1829 836 1863 περὶ
860 1829 907 1855 τὸν

118 1876 208 1910 φίλον,
223 1871 457 1909 ἀλλ’ἀνάγκῃ’ὲφ“
469 1873 487 1901 ἃ
511 1873 549 1910 μὴ
567 1874 690 1909 βούλοιτο
709 1875 804 1909 χωρεῖ.
824 1874 906 1900 Ἂνδ¹

118 1920 204 1947 αὐτοῦ
213 1920 374 1955 κινουμένου
384 1913 503 1955 πρώτου,
515 1920 630 1954 ἔφασκε,
648 1921 685 1955 μὴ
701 1920 732 1946 τὸ
748 1920 908 1954 στράτευμα

118 1967 263 2002 ἁντεπάγῃ
279 1966 326 1992 καὶ
341 1966 435 1998 αὐτὸς,
452 1966 502 2001 τὴν
519 1966 598 2001 νίκην
630 1967 734 1993 ἐκεῖνον
757 1966 839 2001 ἔχειν,
871 1966 909 1997 ὡς

118 2011 204 2038 αὐτοῦ
227 2012 485 2047 φυγομαχήσαντος.
513 2011 623 2046 Κράλης
657 2011 685 2037 δὲ
715 2011 776 2037 ἐπεὶ
795 2009 910 2037 ἐπύθετο

118 2059 182 2090 τοὺς
198 2057 334 2093 βασιλέως
356 2057 463 2092 λόγους,
493 2057 605 2092 πέμψας
616 2055 705 2089 αὖθις,
723 2056 826 2091 ἔφασκε
844 2056 907 2091 μηδ’

119 2104 203 2130 αὐτὴν
229 2103 373 2138 βούλεσθαι
397 2103 447 2138 τὴν
463 2104 569 2138 μάχην·
584 2103 617 2129 ἂν
645 2103 674 2129 δὲ
693 2103 815 2136 φαίνοιτο
827 2102 910 2129 κινῶν

120 2151 169 2181 τὰς
181 2150 329 2185 φάλαγγας
342 2150 413 2200 μετα
433 2150 545 2184 μικρὸν,
574 2150 613 2185 μὴ
637 2149 760 2185 νομίζειν
790 2149 907 2181 ἐπιέναι,
923 2171 947 2200 Β

119 2193 179 2220 ἀλλ’
195 2194 372 2229 ἀναχώρησιν
385 2191 457 2220 εἶναι
470 2195 520 2229 τὴν
538 2195 645 2229 κίνησιν
664 2196 731 2229 πρὸς
743 2195 774 2220 τὸ
794 2195 908 2229 στρατό-
922 2191 927 2200 ⁴

120 2239 213 2266 πεδον.
234 2239 355 2266 Τοιαῦτα
369 2241 383 2266 ὸ
398 2239 509 2275 Κράλης
543 2238 602 2266 εἶπε
616 2247 624 2256 ·
643 2242 690 2267 καὶ
715 2241 784 2274 μετά
810 2240 908 2275 μικρὸν

120 2285 296 2322 ἀναστρέψας
325 2284 402 2318 αὖθις
425 2285 559 2320 ἠὐλίσατο
581 2285 649 2321 πρὸς
672 2285 703 2311 τὸ
728 2285 909 2321 στρατόπεδον

120 2332 170 2367 τὴν
183 2333 280 2359 νύκτα.
299 2331 354 2358 Καὶ
367 2331 494 2366 βασιλεὺς
504 2331 605 2366 ὁμοίως
619 2331 780 2366 εἰσήλαυνεν
805 2331 845 2361 είς
859 2330 909 2365 τὴν

122 2377 200 2402 πόλιν
216 2375 286 2410 μετὰ
299 2375 349 2410 τῆς
362 2376 505 2411 στρατιᾶς.
526 2376 636 2411 Κράλης
652 2375 680 2402 δὲ
709 2377 749 2407 εἰς
767 2376 817 2411 τὴν
830 2376 908 2401 ὑστε-

124 2422 203 2455 ραίαν
214 2421 366 2452 διιδὰςτὸν
383 2421 546 2454 ’Δξειὺν,τὰ
577 2421 641 2456 περὶ
670 2421 802 2448 Ἔδεσσαν
830 2421 909 2447 κατέ-

122 2467 224 2500 δραμε,
250 2466 298 2492 καὶ
328 2465 702 2500 περιστρατοπεδευσάμενος
741 2465 907 2500 ἐπολιόρκει.

124 2512 256 2543 Βασιλεύς
268 2520 296 2537 τε
312 2511 373 2538 ἐπεὶ
390 2511 428 2546 μὴ
441 2511 529 2538 ἐδόκει
543 2511 583 2537 ἔτι
602 2511 711 2545 μέλλειν
731 2512 761 2537 ἐν
774 2510 910 2537 Θεσσαλο-

123 2558 197 2592 νίκῃ,
212 2557 342 2591 πράττειν
355 2558 409 2592 γὰρ
424 2557 464 2584 ἔτι
485 2556 626 2591 ἀξιόλογον
646 2556 723 2583 οὐδὲν
749 2556 823 2590 ἐξῆν,
842 2564 911 2591 παρ-

123 2603 299 2635 εσκευάζετο,
315 2603 351 2633 ὡς
365 2605 405 2634 εἰς
416 2602 563 2634 Βυζάντιον
573 2602 785 2637 πλευσούμενος.
797 2601 910 2628 Μέλλων

123 2650 151 2676 δὲ
166 2650 296 2683 ἀπαίρειν
312 2649 375 2684 ἤδη,
389 2648 474 2674 πολλὰ
495 2648 599 2683 βασιλεῖ
612 2648 652 2683 τῷ
664 2648 717 2682 νέῳ
730 2649 794 2683 περὶ
805 2647 851 2674 τοῦ
873 2648 909 2683 μὴ

125 2693 266 2718 πείθεσῦαι
280 2693 396 2728 παρήνει
407 2693 513 2728 Κράλῃ.
532 2693 610 2719 Ἧδει
624 2693 679 2728 γὰρ
698 2694 909 2728 ὲπιχειρήσοντα

128 2739 239 2769 ἐκεῖνον,
268 2738 346 2770 αὖθις
359 2739 404 2764 τὸν
425 2738 492 2773 πρὸς
518 2738 651 2773 ἀλλήλους
675 2739 796 2773 πόλεμον
826 2740 911 2765 κινεῖν

132 2783 286 2818 Ῥωμαίων,
303 2784 337 2811 ἶν’
349 2785 425 2819 αὐτῷ
443 2783 490 2819 ἐξῇ
505 2785 554 2816 τὰς
580 2785 671 2816 πόλεις
696 2785 779 2820 ἔχειν,
800 2785 912 2811 ἐκείνων

129 2830 335 2863 ἀπολουμένων
350 2833 418 2865 πρὸς
432 2831 575 2866 ἀλλήλους,
594 2831 642 2858 καὶ
662 2831 838 2858 συνεϐούλευε
862 2838 913 2865 φυ-

961 224 1130 259 deprimunt.
1145 229 1173 251 et
1188 232 1278 259 neque
1294 224 1363 256 sibi,
1388 232 1478 259 neque
1492 225 1559 260 ipsis
1573 227 1746 254 commodare

960 271 1067 298 sinunt.
1085 270 1133 298 Sin
1156 271 1316 298 domesticis
1334 271 1500 304 discordiis,
1518 279 1551 299 ac
1564 272 1684 300 dissidiis
1699 273 1749 299 ali-

959 318 1068 352 quando
1081 317 1229 352 expeditus
1244 318 1336 349 fuerit,
1353 322 1410 345 tum
1431 319 1487 354 jam
1503 319 1632 347 omnibus
1645 320 1681 346 illi
1701 327 1747 347 ce-

959 363 1078 390 dendum
1092 363 1100 390 l
1114 360 1221 396 behter,
1233 364 1461 398 ambiendamque
1474 364 1598 392 studiose
1611 366 1670 400 ejus
1680 366 1748 392 ami—

960 408 1062 435 citiam.
1080 409 1147 435 Nam
1165 414 1221 435 tum
1234 409 1272 436 illi
1286 409 1371 437 armis
1385 409 1535 441 adversari,
1548 417 1599 438 nec
1611 418 1640 438 se
1651 415 1748 445 putare

960 453 1126 485 conducere,
1143 461 1194 481 nec
1215 454 1281 489 ipsis
1296 455 1498 483 hoc-suadere.
1518 455 1565 483 Sic
1583 455 1678 484 Crales
1692 464 1747 484 non

959 507 1008 526 sua
1027 500 1113 535 magis
1125 501 1258 535 potentia,
1276 509 1357 536 quam
1374 502 1565 536 seditionibus,
1588 510 1620 530 ac
1643 503 1750 530 dissen-

960 547 1085 574 sionibus
1105 547 1291 575 Romanorum
1306 548 1427 576 conﬁsus
1440 568 1447 580 ,
1472 549 1506 576 de
1521 549 1628 584 integro
1644 549 1747 577 bellum

959 593 1147 628 parturiebat,
1163 599 1191 621 et
1208 594 1252 622 die
1277 595 1363 622 altero
1379 596 1467 630 prima
1488 596 1548 623 luce
1569 603 1618 631 per
1636 596 1749 631 phalan—

959 645 1007 673 gas
1033 637 1168 673 disposito
1193 640 1339 671 exercitu,
1354 644 1382 667 et
1410 640 1509 667 castris
1525 640 1748 669 Thessalonicam

959 684 1126 718 procedebat
1143 694 1150 711 τ
1167 685 1350 720 similiterque
1373 685 1524 721 imperator
1540 687 1684 722 pedestres
1695 708 1702 719 ,
1720 693 1749 716 ct

958 735 1100 764 equestres
1119 731 1213 766 copias
1229 731 1349 759 educens
1363 752 1370 763 ,
1396 732 1423 759 in
1439 733 1498 760 acie.
1512 733 1628 761 adversa
1642 735 1749 762 consti-

961 776 1065 803 tuebat.
1076 776 1180 804 Neuter
1196 781 1287 804 autem
1302 778 1426 812 praelium
1441 778 1611 810 ordiebatur,
1626 780 1749 806 stabant-

958 829 1012 856 que
1029 821 1092 854 diu,
1117 829 1169 850 nec
1189 830 1218 850 se
1246 823 1386 850 exercitus
1411 825 1632 851 commovebant.
1652 824 1749 853 Crales

960 867 1070 894 tandem
1084 868 1247 902 imperatori
1265 870 1387 899 nuntiat.
1407 875 1453 897 aut
1468 878 1563 905 pacem
1579 879 1749 906 componen-

959 912 1032 946 dam,
1049 912 1071 940 si
1087 918 1238 948 utrumque
1250 915 1372 942 retinere
1391 916 1474 948 velit,
1500 923 1561 951 qua:
1577 917 1677 948 habet;
1701 922 1748 944 aut

959 959 1019 986 sine
1037 966 1114 986 mora
1132 966 1251 994 pugnam
1271 959 1468 994 incipiendam.
1487 961 1655 988 Renuntiare
1668 962 1749 997 jubet

959 1005 1121 1040 imperator,
1135 1013 1164 1033 se
1185 1005 1316 1033 hesterno
1330 1006 1374 1033 die
1392 1011 1470 1041 pacta
1488 1007 1620 1042 praeferre
1635 1012 1663 1035 et
1679 1009 1748 1036 ami-

958 1058 1020 1078 cum
1047 1051 1135 1086 ipsum
1151 1058 1234 1085 quam
1269 1053 1377 1078 hostem
1392 1052 1490 1085 malle,
1520 1053 1543 1080 si
1562 1054 1646 1080 urbes
1664 1055 1746 1081 resti-

958 1097 1053 1123 tuerit.
1072 1096 1120 1123 Sin
1141 1096 1243 1124 bellum
1274 1097 1299 1124 ei
1321 1099 1444 1133 optatius
1465 1098 1513 1131 sit,
1544 1099 1619 1133 prior
1634 1099 1746 1134 paulum

959 1149 1132 1176 progressus,
1151 1149 1248 1176 pugnae
1260 1141 1307 1169 det
1327 1142 1438 1169 initium
1453 1151 1459 1170 :
1476 1147 1533 1169 tum
1552 1145 1626 1170 enim
1648 1152 1677 1171 se
1692 1152 1747 1171 non

959 1186 1147 1214 utconllictus
1158 1184 1316 1221 auctorem,
1329 1189 1376 1215 sed
1394 1193 1424 1215 ut
1440 1188 1482 1216 sui
1498 1189 1671 1217 defensorem
1690 1190 1749 1217 ala-

958 1232 1043 1260 criter
1058 1232 1265 1266 dimicaturum,
1281 1235 1368 1261 Deum
1392 1239 1474 1271 atque
1497 1235 1626 1263 homines
1645 1241 1749 1264 testan-

960 1284 1025 1310 tem,
1038 1286 1093 1305 non
1113 1286 1142 1306 se
1156 1279 1234 1312 dare,
1255 1280 1301 1307 sed
1329 1281 1467 1316 accipere.
1485 1288 1518 1308 ac
1541 1282 1648 1317 perpeti
1675 1283 1748 1318 inju-

959 1323 1026 1350 riam
1045 1332 1052 1351 :
1069 1331 1160 1358 neque
1189 1325 1271 1352 ﬁdem
1290 1325 1428 1360 frangere,
1450 1330 1478 1353 et
1495 1327 1566 1354 male
1594 1328 1694 1355 mereri
1712 1329 1746 1355 de

959 1370 1062 1402 amico,
1078 1370 1125 1397 sed
1144 1371 1338 1399 necessitatem
1355 1380 1369 1399 a
1386 1380 1414 1399 se
1429 1373 1595 1408 exprimere,
1611 1381 1672 1407 quas
1689 1375 1748 1409 ipse

959 1416 1039 1443 nolit.
1054 1415 1132 1449 Quod
1148 1416 1170 1444 si
1187 1417 1266 1452 prior
1281 1417 1325 1444 ille
1341 1425 1370 1445 se
1392 1419 1521 1450 moverit,
1540 1427 1591 1446 nec
1606 1419 1664 1454 ipse
1679 1427 1747 1447 con-

960 1467 1001 1490 tra
1028 1462 1188 1497 gradiatur,
1217 1463 1362 1491 victoriam
1386 1464 1438 1491 sibi
1467 1465 1545 1500 quasi
1576 1465 1610 1492 de
1632 1466 1748 1501 fugitivo

960 1507 1068 1535 habeat.
1087 1508 1133 1535 His
1149 1508 1269 1543 acceptis
1284 1529 1291 1540 ,
1309 1508 1403 1536 Crales
1416 1517 1466 1537 nec
1481 1517 1509 1537 se
1524 1518 1621 1545 pugnae
1635 1511 1747 1539 avidum

960 1560 1021 1580 esse
1036 1552 1115 1579 dixit.
1131 1552 1158 1579 Si
1170 1553 1320 1587 phalangas
1330 1554 1413 1588 paulo
1428 1558 1490 1589 post
1503 1554 1606 1581 moveri
1624 1554 1726 1581 viderit
1737 1574 1747 1587 ,

959 1606 994 1625 ne
1009 1603 1087 1632 putet
1104 1602 1208 1624 motum
1225 1598 1303 1625 illum
1317 1598 1359 1625 sui
1378 1590 1539 1631 invadendi.
1554 1599 1600 1626 Sed
1617 1600 1643 1626 in
1657 1605 1748 1627 castra

961 1643 1120 1671 revertendi
1136 1651 1219 1671 causa
1240 1644 1385 1671 exsistere.
1410 1644 1473 1672 llaec
1499 1644 1603 1672 Crales.
1627 1644 1684 1672 Nec
1698 1645 1747 1672 diu

960 1694 1022 1724 post
1034 1689 1063 1716 in
1082 1693 1171 1717 castra
1191 1697 1220 1716 se
1238 1689 1385 1724 recipiens.
1403 1689 1440 1716 ibi
1457 1690 1641 1724 pernoctavit.
1658 1690 1748 1726 Impe-

960 1741 1036 1762 rator
1051 1742 1162 1770 quoque
1189 1743 1251 1762 cum
1267 1735 1430 1763 cohortibus
1446 1735 1504 1763 suis
1525 1736 1621 1763 urbem
1643 1735 1749 1771 repeti-

959 1782 1009 1808 vit.
1033 1781 1127 1808 Crales
1154 1780 1223 1808 Axio
1252 1784 1425 1813 transmisso,
1440 1785 1469 1808 et
1487 1780 1620 1809 ﬁnitimos
1639 1782 1751 1809 Edessa;

960 1827 1035 1854 locos
1051 1826 1235 1861 depraedatus,
1255 1827 1343 1861 ipsam
1359 1827 1489 1855 obsidere
1510 1827 1640 1855 instituit.
1660 1828 1751 1862 Impe-

961 1877 1036 1900 rator
1061 1880 1123 1899 cum
1156 1872 1263 1899 diutius
1290 1872 1495 1901 TheSSalonica:
1521 1874 1751 1902 commorandum

961 1927 1017 1946 non
1034 1922 1154 1954 putaret,
1169 1919 1242 1953 quod
1266 1919 1334 1946 nihil
1350 1919 1530 1950 memorabile
1550 1920 1688 1954 agendum
1704 1927 1752 1947 re-

962 1968 1059 1994 staret,
1075 1964 1236 1999 Byzantium
1251 1965 1454 1999 navigationem
1470 1965 1658 1999 comparabat.
1669 1965 1752 2000 79E.

962 2009 1141 2036 Discessurus
1157 2029 1164 2040 ,
1183 2009 1322 2042 iuniorem
1352 2010 1549 2044 imperatorem
1574 2011 1707 2044 majorem
1722 2010 1752 2041 in

962 2055 1074 2082 modum
1098 2055 1272 2088 hortabatur,
1303 2063 1337 2082 ne
1363 2055 1437 2082 Crali
1465 2055 1572 2083 ﬁderet.
1598 2056 1656 2083 Jam
1675 2056 1751 2083 enim

963 2109 1061 2129 rursus
1076 2109 1234 2136 aggressum
1253 2101 1325 2128 bello
1347 2102 1421 2129 civili
1439 2102 1578 2129 Romanos
1595 2102 1750 2137 implicare,

963 2152 994 2174 ut
1010 2148 1043 2175 iis
1066 2148 1139 2175 inter
1163 2155 1193 2175 se
1210 2148 1426 2181 dimicantibus,
1445 2149 1504 2183 ipse
1527 2148 1610 2176 urbes
1627 2149 1680 2176 sibi
1702 2148 1752 2176 ha-

963 2194 1036 2225 heat,
1057 2199 1085 2220 et
1114 2194 1243 2221 monebat
1268 2200 1378 2221 caveret
1409 2194 1534 2226 insidias,
1553 2202 1614 2229 qua:
1633 2202 1687 2222 non
1706 2203 1750 2222 res

960 2247 1076 2273 parvas,
1096 2239 1146 2266 sed
1171 2239 1318 2274 imperium
1337 2240 1426 2275 ipsum
1451 2240 1616 2275 attingerem
1641 2248 1649 2269 :
1676 2241 1750 2268 unde

960 2292 1015 2312 non
1032 2285 1065 2312 ad
1080 2285 1168 2320 ipsum
1189 2285 1334 2317 duntaxat,
1355 2286 1402 2313 sed
1421 2286 1456 2313 ad
1473 2286 1542 2313 alios
1564 2294 1676 2321 quoque
1692 2287 1749 2314 Ro-

961 2337 1058 2357 manos
1088 2330 1228 2357 calamitas
1257 2331 1437 2359 redundaret.
1469 2330 1589 2359 Tametsi
1619 2332 1642 2359 is
1673 2332 1750 2359 aliud

961 2383 1042 2409 quant
1057 2383 1100 2402 res
1111 2379 1154 2402 est
1171 2376 1302 2410 loquens,
1314 2381 1341 2403 et
1357 2376 1495 2403 mentiens
1510 2397 1518 2408 ,
1535 2377 1619 2409 dicat,
1634 2377 1750 2412 impigre

961 2429 991 2448 se
1009 2421 1098 2456 ipsum
1126 2421 1297 2456 adjuturum,
1326 2430 1380 2456 quo
1401 2427 1545 2456 paternum
1563 2423 1710 2458 imperium
1733 2432 1750 2451 a

965 2472 1076 2502 raptore
1101 2473 1265 2502 rccuperet,
1286 2475 1406 2502 eumque
1431 2469 1600 2496 ulciscatur:
1617 2477 1679 2496 cum
1697 2469 1751 2497 dus

961 2513 1076 2544 hitetur,
1095 2520 1129 2539 an
1142 2520 1195 2539 non
1212 2513 1300 2540 solum
1319 2513 1345 2540 ci
1361 2513 1505 2548 imperium
1529 2522 1585 2542 non
1606 2516 1751 2542 restitutu-

962 2566 1020 2590 rus.
1036 2559 1108 2593 quod
1140 2563 1229 2585 tamen
1247 2558 1420 2593 pollicratur,
1441 2559 1489 2586 sed
1511 2561 1594 2587 etiam
1611 2562 1673 2587 vitae
1691 2561 1751 2596 ejus

964 2604 1079 2632 insidias
1098 2605 1286 2632 instructurus
1307 2605 1353 2632 sit.
1377 2605 1484 2632 Nullam
1500 2606 1526 2633 ei
1548 2606 1628 2636 ﬁdem
1652 2607 1750 2634 horum

963 2650 1129 2681 commodet.
1149 2655 1281 2685 certoque
1301 2651 1381 2682 sciat,
1399 2651 1491 2678 omnia
1520 2651 1578 2678 hzec
1601 2652 1751 2679 artiﬁciose

963 2696 1030 2723 strui
1046 2716 1052 2729 ,
1072 2701 1102 2723 u'.
1120 2697 1212 2731 potius
1241 2697 1301 2731 ipse
1318 2697 1391 2731 quod
1419 2698 1556 2732 reliquum
1575 2703 1618 2725 est
1642 2698 1751 2733 imper-ii

963 2749 1061 2772 secure
1085 2741 1209 2769 devoret.
1237 2742 1265 2769 Si
1288 2743 1389 2777 spretis
1416 2743 1651 2771 admonitionibus
1676 2743 1749 2771 Cralé

963 2786 1122 2818 crediderit.
1141 2791 1206 2815 tunc
1220 2788 1394 2823 cogniturum
1412 2796 1472 2815 esse
1483 2808 1491 2820 ,
1511 2793 1644 2823 quantum
1658 2788 1750 2815 damni

965 2831 1073 2864 iecerit,
1094 2832 1206 2866 quando
1222 2840 1273 2861 nec
1289 2833 1339 2868 ipsi
1353 2853 1361 2864 ,
1377 2841 1426 2860 nec
1447 2834 1510 2861 aliis
1527 2834 1610 2860 ullum
1632 2833 1750 2861 fructum
