1933 3083
166 151 218 184 175

743 149 904 181 JOANNIS
923 150 1185 181 CANTACUZENI

1734 149 1783 181 176

162 216 195 236 ea
214 206 334 244 cognitio
359 207 456 235 datura
480 206 526 234 sit.
556 205 650 241 Neque
675 205 750 233 cnim
774 206 949 240 protuplastis

1001 206 1147 233 λὰττεοθαι
1163 208 1212 243 τὴν
1232 206 1390 242 ἐπιϐουλήν.
1404 207 1472 234 Οὐδὲ
1484 207 1539 242 γὰρ
1559 205 1629 234 εἶναι
1652 206 1717 243 περὶ
1736 216 1782 243 μι-

163 255 291 290 paradiso
302 254 398 288 ejectis
408 261 423 280 a
435 257 560 287 serpente
573 252 702 286 deceptos
710 259 769 279 esse
781 257 947 286 cognoscere

164 301 313 334 profuisse.
333 299 407 331 Haec,
424 303 452 325 et
467 299 546 333 plura
559 306 620 325 cum
633 297 832 329 admonuisset,
844 297 948 324 Andro-

165 345 259 372 nicum
284 344 401 371 Asancm
429 351 553 370 socerum
568 351 630 370 cum
655 343 763 379 juniore
785 343 949 376 imperatore

127 414 130 415 ,
165 390 342 424 relinquens.
364 389 438 415 dicto
452 388 524 421 vale,
553 388 645 415 solvit.
673 388 767 415 Crales
786 387 866 422 paulo
888 393 949 422 post

164 437 224 470 ejus
253 435 447 462 Thessalonica
473 434 636 465 discessum,
652 433 818 468 quibusdam
845 433 879 460 de
895 433 951 460 fac-

166 482 242 509 tione
270 488 319 508 sua
346 480 545 515 prodeuntibus,
577 480 705 507 Edessam
735 479 826 514 cepit,
844 483 948 513 Captam

165 527 284 554 evertit:
302 534 364 553 cum
392 526 492 560 quibus
516 526 673 560 pepigerat.
699 531 729 552 ut
751 525 853 560 paratis
869 525 950 552 scalis

165 573 272 607 signum
298 572 332 598 de
351 579 430 598 muro
456 572 523 606 ipsis
541 571 769 602 sustollentibus,
795 571 949 598 accederet.

168 618 237 645 Tum
256 618 338 644 iidem
354 622 490 649 arcentes,
507 617 554 651 qui
581 617 655 644 intus
680 621 893 651 propugnarent,
908 624 951 643 se-

168 663 315 690 curitatem
331 663 466 695 facerent,
490 667 521 689 ut
541 662 577 690 ita
593 662 660 689 urbs
675 662 784 689 facilius
796 666 949 696 caperetur.

168 709 223 736 Res
240 709 394 736 secundum
415 714 492 743 pacta
516 708 685 743 transigitur.
706 708 773 735 Nam
791 716 853 735 cum
874 709 900 736 in
918 717 951 736 co

167 759 272 786 essent,
288 760 318 781 ut
336 761 430 781 muros
447 758 647 789 oppugnarent,
677 753 889 789 proditoresque
914 755 950 781 si-

167 808 250 835 gnum
266 800 329 828 inde
340 800 491 831 dedissent,
503 800 596 827 Crales
605 800 692 828 scalas
704 801 836 838 admovit,
851 801 951 828 milites

167 847 278 881 impune
295 846 488 878 ascenderunt,
511 847 659 880 statimque
680 846 816 873 irruentes
842 846 878 873 ita
903 854 952 874 eos

168 891 313 919 diruerant
341 891 406 926 (non
430 893 504 918 enim
519 896 598 918 erant
621 891 689 926 alti)
707 897 737 919 ut
755 891 834 926 equis
845 892 952 926 pervios

168 936 329 963 redderent.
348 936 463 971 Lyzicus
474 936 618 971 przefectus
630 937 724 963 urbem
737 937 873 971 proditam
887 945 952 964 con-

169 982 289 1016 spiciens
299 1003 305 1015 ,
319 990 381 1010 cum
396 982 522 1018 praesidio
536 988 632 1010 contra
647 983 724 1017 vidit,
738 984 786 1011 sed
797 984 883 1012 muris
895 985 951 1019 jam

169 1028 314 1061 prostratis
339 1033 430 1055 actum
454 1036 535 1063 agere
558 1036 588 1055 se
612 1028 787 1063 intelligens,
811 1029 838 1056 in
861 1037 950 1057 arccm

167 1073 283 1100 festinus
309 1074 438 1100 recurrit.
467 1072 601 1100 Similiter
627 1073 749 1108 Byzantii
769 1073 879 1101 ducenti
893 1094 900 1105 ,
919 1074 952 1101 ab

168 1118 335 1153 imperatore
353 1119 379 1145 in
400 1119 529 1152 praesidio
552 1118 653 1151 relicti,
671 1118 718 1145 ubi
735 1119 831 1146 urbem
846 1123 951 1153 captam

167 1169 326 1195 senserunt,
341 1164 391 1198 ipsi
409 1171 520 1198 quoque
534 1164 561 1191 in
573 1172 664 1191 arcem
680 1164 850 1199 refugerunt.
860 1164 952 1192 Crates

167 1211 236 1236 urbe
255 1209 368 1243 potitus,
385 1209 410 1235 in
436 1208 496 1236 illos
511 1210 603 1236 adhuc
615 1216 647 1236 ex
667 1210 729 1244 fuga
744 1209 896 1244 pavitantes
913 1215 951 1237 tes

168 1256 268 1282 tetulit.
282 1255 350 1282 Cum
363 1262 377 1281 e
391 1255 457 1281 turri
470 1261 499 1281 se
516 1259 660 1281 tuerentur
673 1254 731 1289 (arx
741 1255 814 1282 enirn
830 1255 951 1282 nondum

168 1305 293 1334 reparata
317 1299 387 1331 erat)
411 1304 439 1326 et
462 1298 577 1334 Lyzicus
594 1299 684 1326 femur
699 1299 837 1327 sauciatus
859 1306 950 1334 esset,

167 1345 260 1372 subito
277 1344 438 1379 praesidiarii
454 1351 528 1372 arma
552 1344 735 1376 tradiderunt,
752 1344 805 1372 fide
820 1351 930 1380 accepta
942 1367 950 1380 ,

167 1390 239 1417 nihil
258 1389 427 1416 incommodi
452 1396 641 1424 pcrpessuros.
661 1389 742 1424 795
764 1388 798 1417 Ut
813 1395 903 1418 autem
924 1396 952 1418 et

167 1443 216 1462 arx
234 1435 261 1462 in
282 1438 446 1469 potestatem
464 1434 551 1467 venit,
578 1435 749 1469 praesidium,
767 1439 794 1462 et
811 1434 951 1462 Macrodu-

167 1488 226 1507 cam
248 1479 404 1514 pra-fectum
421 1479 524 1512 Crales,
551 1480 710 1515 utjurarat.
738 1481 821 1508 armis
843 1485 949 1508 tantum

166 1524 276 1555 ablatis,
294 1523 400 1550 dimisit
416 1532 423 1550 :
438 1522 538 1558 Lyzico
554 1522 579 1549 iu
598 1527 746 1557 conspectu
765 1530 816 1551 suo
837 1523 949 1550 barbam

167 1568 229 1595 velli
254 1568 347 1603 jussit,
365 1575 419 1594 non
437 1567 525 1594 solum
551 1567 613 1601 quia
642 1571 699 1594 tum
723 1567 879 1599 restitisset,
898 1567 947 1594 sed

167 1614 231 1648 quia
258 1614 340 1641 etiam
358 1613 515 1640 Andronico
537 1613 601 1640 vivo
624 1616 695 1648 apud
721 1612 873 1640 Castoriam
894 1620 947 1640 non

166 1667 259 1694 parvae
273 1659 435 1686 calamitatis
451 1658 501 1693 ipsi
518 1662 614 1685 auctor
631 1658 738 1686 fuisset.
763 1658 865 1685 Deinde
886 1659 947 1685 vin-

127 1732 130 1735 ,
165 1710 240 1732 ctum
267 1705 414 1739 Scopiam,
432 1704 470 1731 ibi
499 1711 594 1738 ptenas
624 1703 745 1731 audaciae
769 1708 946 1738 excepturum

166 1750 229 1778 duci
246 1750 394 1777 mandavit.
412 1749 464 1782 Qui
490 1754 517 1775 et
537 1753 648 1783 propter
663 1749 811 1784 neglectam
829 1749 949 1776 curatio-

167 1805 229 1824 nem
256 1797 401 1828 vulueris,
428 1802 456 1822 et
484 1794 597 1829 alioqui|
615 1801 726 1829 propter
751 1795 825 1822 lmuc
855 1801 947 1821 casum

166 1851 246 1870 suum
265 1844 291 1870 in
304 1843 362 1877 ipsa
375 1843 418 1868 via
434 1841 562 1868 decessit.
573 1840 667 1867 Cralcs
680 1840 760 1867 militi
772 1840 867 1867 urbem
883 1839 950 1866 diri-

167 1889 305 1924 piendam,
320 1887 519 1915 incendendam
531 1906 538 1919 ,
565 1886 799 1920 evertendamque
814 1885 948 1920 permisit.

166 1935 320 1962 Incolarum
351 1940 416 1967 pars
443 1932 582 1962 maxima.
611 1935 638 1958 ct
662 1931 818 1966 pmcipua,
846 1938 950 1958 summa

167 1979 258 2007 hieme
269 1999 277 2011 ,
296 1986 367 2005 novo
383 1978 514 2004 nimirum
529 1977 679 2008 Januario.
700 1976 773 2002 nuda
795 1976 949 2014 expellitur,

168 2032 272 2059 perque
288 2023 457 2055 Berrhaeatn,
474 2027 503 2050 et
512 2022 579 2049 alias
594 2022 678 2049 urbes
688 2022 848 2057 dissipatur.
861 2023 951 2058 Egen-

169 2070 293 2097 tissimus
310 2069 427 2104 quisque
451 2069 484 2096 ad
499 2068 572 2095 aedes
586 2068 696 2095 relictas
715 2068 894 2103 confugiens,
913 2067 950 2094 ibi

169 2115 344 2150 relinquitur.
373 2114 468 2142 Crales
495 2113 585 2140 hieme
613 2114 761 2146 s'eviente,
782 2114 910 2148 imposito
923 2113 950 2141 in

167 2169 259 2188 arcem
282 2160 410 2196 praesidio
423 2159 534 2187 domum
556 2158 638 2186 redit.
655 2159 737 2186 Fama
752 2159 881 2193 vulgavit,
899 2159 951 2186 nti-

1000 252 1065 287 κρόν
1076 261 1081 267 ·
1094 252 1161 278 ἀλλὰ
1186 253 1249 288 περὶ
1266 255 1314 288 τῆς
1327 254 1413 288 ἀρχῆς
1429 254 1514 288 αὐτῆς
1530 253 1784 285 ἐπιϐουλεύειν,καὶ

999 298 1049 333 τὴν
1062 298 1165 332 βλάϐην
1177 299 1226 325 οὐκ
1242 299 1316 333 αὐτῷ
1334 300 1424 334 μόνον,
1448 300 1516 326 ἀλλὰ
1542 301 1590 327 καὶ
1622 300 1679 331 τοῖς
1694 300 1785 331 ἄλλοις

1000 342 1109 368 ἔσεσθαι
1132 342 1287 377 Ῥωμαίοις.
1306 343 1360 369 Καί
1380 352 1420 370 τοι
1442 352 1474 377 γε
1493 344 1598 369 ἐκεῖνον
1615 344 1670 370 τῶν
1700 344 1785 370 όντων

999 387 1033 413 τὰ
1059 388 1169 413 ἐναντία
1200 388 1432 422 καταψεύσεσθαι,
1469 390 1611 423 φάσκοντα
1636 388 1786 424 προθύμως

1001 434 1194 468 συμμαχήσειν
1210 434 1257 460 ἐπὶ
1273 435 1303 460 τὸ
1317 434 1367 470 τὴν
1380 435 1511 470 πατρῴαν
1532 435 1722 467 ἀνασώζεσθαι
1737 435 1786 470 άρ-

1000 477 1050 511 χὴν
1066 478 1258 512 ἀφῃρημένην,
1288 478 1335 505 καὶ
1358 477 1518 512 ἀμύνεσθαι
1546 478 1592 505 τὸν
1622 478 1784 514 ἠδικηκότα,

1001 523 1097 557 ἀδηλον
1115 523 1144 549 ὃν
1164 525 1189 550 εί
1205 524 1242 559 μὴ
1269 525 1350 559 μόνον
1368 525 1419 551 οὐκ
1447 524 1584 552 ἀποδώσει
1612 525 1661 560 τὴν
1687 525 1785 560 ἀρχὴν,

1001 569 1095 603 ὥσπερ
1122 569 1333 603 ἐπαγγέλλεται,
1354 569 1422 596 ἀλλά
1440 570 1486 597 καὶ
1500 570 1563 604 περὶ
1577 570 1625 604 τῆς
1638 569 1712 604 ζωῆς
1726 571 1788 596 ἐπι·

1002 615 1154 642 ϐουλεύσει.
1168 615 1276 642 Τούτων
1289 616 1317 642 δὲ
1333 616 1406 650 αὐτῷ
1420 616 1563 643 πείθεσθαι
1581 616 1675 651 μηδὲν,
1693 615 1788 650 σαφῶς

1002 660 1105 691 εἰδότα.
1121 661 1157 692 ὡς
1173 661 1265 696 ἀπάτῃ
1281 662 1370 688 πάντα
1392 662 1603 694 συσκευάζεται,
1627 662 1671 688 ἵνα
1686 662 1787 696 μᾶλλον

1001 706 1136 740 ἀφέληται
1155 706 1236 735 αὐτὸς
1251 706 1302 741 τὴν
1315 706 1399 732 οὖσαν
1426 707 1567 740 ἀσφαλῶς.
1587 707 1617 733 El
1633 706 1655 733 δ’
1683 707 1788 741 ἁμελὴα

1002 760 1052 784 σας
1071 752 1126 778 τῶν
1136 752 1323 787 παραινέσεων
1343 752 1467 779 πείθοιτο
1491 752 1576 788 αὐτῷ,
1595 753 1657 779 τότε
1682 752 1788 779 εἵσεται

1002 797 1052 832 τὴν
1065 797 1179 833 βλάϐην,
1199 799 1244 824 ὅτε
1265 798 1328 832 μήτ’
1342 797 1417 832 αὺτῷ
1435 799 1528 833 μηδὲν,
1554 799 1621 833 μήτε
1633 799 1687 829 τοῖς
1698 798 1788 829 ἄλλοις

1002 844 1099 877 ὖιρελος
1112 845 1143 870 ἑκ
1158 843 1203 870 τοῦ
1232 844 1332 870 εἰδέναι
1361 844 1449 870 ἔσται.
1476 844 1542 870 υὺδὲ
1567 844 1622 879 γὰρ
1645 844 1705 870 οὐδὲ
1731 844 1788 874 τοῖς

1002 888 1229 922 πρωτοπλάστοις
1248 889 1399 923 συνήνεγκε
1426 888 1473 914 τοῦ
1502 888 1668 923 παραδείσου
1692 887 1788 922 ἐκῦλη-

1004 934 1074 961 θεῖσι
1089 934 1120 959 τὺ
1136 933 1246 966 ειδέναι,
1261 934 1299 966 ὡς
1322 934 1476 969 ὴπάτηνται
1504 935 1543 969 τῷ
1571 933 1642 968 ὕφει.
1668 934 1788 960 Τοιαῦτα

1003 980 1049 1006 καὶ
1075 979 1230 1014 ἓτερ“ᾰττα
1251 980 1338 1006 πλείω
1364 980 1546 1014 παραινέσας,
1579 980 1625 1007 καὶ
1654 980 1782 1012 συνταξά-

1005 1033 1096 1060 μενος,
1109 1025 1238 1057 ἀπέπλει,
1260 1025 1378 1060 Ἀσάνην
1404 1025 1576 1060 ’Δνδρόνικον
1592 1026 1639 1052 τὸν
1652 1026 1786 1062 κηδεστὴν

1005 1071 1077 1105 μετὰ
1092 1071 1226 1105 βασιλέως
1240 1071 1289 1098 τοῦ
1307 1071 1367 1097 νέου
1381 1071 1552 1098 καταλιπὼν.
1571 1071 1718 1107 Κράληςδέ
1730 1072 1786 1098 ὀλί-

1003 1126 1044 1152 γῳ
1061 1117 1199 1152 ὓστερονῆ
1213 1119 1226 1144 ό
1247 1117 1373 1152 βασιλεὺς
1388 1118 1498 1152 ἀπῆρεν
1514 1119 1546 1144 ἐκ
1572 1118 1785 1152 Θεσσαλονίκης.

1005 1163 1138 1190 Ἔδεσσαν
1154 1163 1306 1198 ἐπόρθησεν
1323 1163 1402 1196 ἐλὼν,
1423 1164 1504 1190 τινῶν
1521 1164 1651 1199 προδοσίᾳ
1672 1164 1726 1191 τῶν
1741 1165 1788 1190 τά-

1003 1209 1091 1236 κείνου
1109 1209 1268 1244 ῂρημὲνων.
1286 1209 1445 1236 Συντέθειτο
1464 1209 1519 1245 γὰρ
1539 1210 1632 1242 αὐτοῖς
1649 1210 1787 1246 κλίμακας

1003 1255 1294 1289 κατασκευασάμενον,
1320 1255 1366 1281 ἐπὶ
1382 1255 1559 1291 τειχομαχίαν
1577 1255 1666 1291 ἥκειν,
1690 1256 1789 1288 αὐτοὺς

1001 1301 1030 1328 δὲ
1043 1301 1156 1336 σημεῖον
1167 1301 1289 1336 ἄραντας
1302 1301 1348 1327 ἐπὶ
1367 1301 1422 1327 τῶν
1436 1301 1545 1336 τειχῶν,
1562 1301 1604 1336 ἐφ’
1615 1299 1654 1329 ὧν
1665 1302 1787 1334 ἑστᾶσιν,

1001 1346 1082 1382 ἣκειν
1095 1346 1139 1372 ἐπ’
1154 1346 1276 1377 ἐκείνους
1290 1345 1360 1381 μετὰ
1375 1346 1432 1373 τῶν
1445 1346 1600 1382 κλιμάκων.
1618 1347 1731 1375 Ἀδειαν
1759 1347 1788 1374 δὲ

1002 1392 1115 1419 ἐκείνων
1138 1392 1346 1426 παρεχομένων,
1361 1393 1409 1418 καὶ
1424 1392 1608 1427 ἀμυνομένων
1631 1393 1695 1424 τοὺς
1714 1393 1788 1420 ενδον

1004 1437 1115 1472 μᾶλλον,
1132 1437 1227 1472 ῥᾳδίαν
1241 1437 1353 1464 ἔσεσθαι
1372 1437 1422 1473 τὴν
1448 1437 1561 1466 ἅλωσιν.
1583 1439 1674 1475 Ὅπερ
1696 1439 1728 1474 δὴ
1740 1440 1789 1466 καὶ

1003 1483 1109 1516 ἐγίνετο
1123 1483 1194 1511 κατὰ
1206 1484 1236 1510 τὸ
1253 1483 1379 1519 σύνθημα
1389 1491 1396 1499 ·
1410 1485 1607 1512 καταστάντων
1624 1485 1678 1521 γὰρ
1688 1486 1728 1518 είς
1737 1487 1788 1520 τὴν

1001 1530 1193 1564 τειχομαχίαν,
1209 1531 1265 1561 τοῖς
1276 1538 1306 1556 τε
1320 1530 1493 1565 προδιδοῦσιν
1507 1531 1587 1566 ἤρετο
1617 1531 1649 1558 τὺ
1673 1533 1787 1566 σημεῖον

999 1574 1054 1601 ἀπὸ
1064 1575 1118 1601 τῶν
1128 1575 1237 1610 τειχῶν,
1252 1575 1299 1602 καὶ
1314 1576 1328 1602 ὁ
1355 1575 1464 1612 Κράλης
1479 1576 1529 1607 τὰς
1553 1576 1692 1611 κλίμακας
1706 1577 1787 1612 ἔχων,

998 1619 1096 1654 ἐχώρει
1111 1619 1180 1655 πρὸς
1192 1620 1324 1651 ἐκείνους.
1339 1620 1446 1652 Ἀδείας
1456 1636 1459 1638 >
1470 1620 1499 1647 δέ
1524 1622 1662 1656 τυχόντες,
1679 1621 1790 1648 ἀνέϐαι-

999 1673 1044 1691 νον
1058 1665 1104 1690 ἐπὶ
1121 1665 1157 1691 τὰ
1168 1665 1256 1701 τείχη,
1272 1666 1319 1692 καὶ
1335 1665 1471 1701 καθῄρουν
1487 1666 1588 1694 αὐτίκα
1611 1669 1786 1702 προσπεσόν-

999 1719 1055 1742 τες,
1076 1711 1131 1742 ἓως
1154 1711 1298 1746 ἐποίησαν,
1327 1713 1374 1738 καὶ
1404 1712 1498 1745 ίπποις
1523 1713 1647 1748 βάσιμα·
1672 1711 1707 1748 ἦν
1733 1715 1787 1750 γὰρ

999 1755 1153 1790 οὐδὲ-ὕψους
1168 1756 1265 1791 ἔχοντα
1285 1757 1394 1788 ἱκανῶς.
1414 1758 1532 1789 Λυζικδς
1544 1758 1584 1792 δὲ,
1596 1759 1611 1786 ὁ
1621 1759 1671 1794 τῆς
1683 1760 1788 1791 πόλεως

1001 1800 1103 1836 ἄρχων,
1117 1801 1280 1837 αἰσθόμενος
1295 1802 1345 1836 τὴν
1359 1802 1515 1837 προδοσίαν,
1545 1802 1645 1838 ἐχώρει
1667 1803 1717 1838 μὲν
1742 1804 1788 1831 ἐπ’

1001 1846 1125 1877 ἐκείνους
1138 1839 1207 1880 ἔχων
1222 1848 1286 1878 τοὺς
1298 1847 1363 1882 περὶ
1378 1847 1472 1879 αὑτὸν,
1486 1848 1552 1883 ἧνυε
1568 1848 1597 1875 δέ
1611 1848 1688 1876 οὐδὲν
1703 1849 1788 1886 καθῃ-

1002 1889 1131 1924 ρημένων
1147 1890 1197 1925 ἤδη
1211 1890 1265 1916 τῶν
1280 1891 1395 1925 τειχῶν·
1417 1891 1476 1918 ἀλλ’
1496 1892 1671 1928 ἀναστρέψας
1688 1893 1788 1922 ἔσπευ-

1001 1935 1045 1962 δεν
1063 1934 1110 1961 ἐπὶ
1125 1934 1174 1969 τὴν
1190 1935 1290 1970 ἄκραν.
1308 1935 1362 1962 Καὶ
1374 1936 1398 1962 οί
1413 1937 1445 1963 ἐκ
1471 1937 1622 1969 Βυζαντίου
1640 1939 1715 1973 παρά
1741 1939 1788 1973 βα·

1002 1979 1099 2012 σιλέως
1112 1980 1357 2016 καταλελειμμένοι
1369 1981 1502 2010 διακόσιοι
1515 1984 1640 2018 φρουροὶ,
1655 1984 1693 2017 ὡς
1704 1985 1788 2020 ῂσοάα

1001 2033 1078 2052 νοντο
1090 2026 1140 2061 τὴν
1155 2027 1233 2053 πόλιν
1257 2027 1422 2061 ἑαλωκυῖαν,
1455 2029 1611 2065 ἀνεχώρουν
1632 2031 1679 2057 καὶ
1709 2030 1787 2057 αὐτοὶ

1001 2071 1047 2098 ἐπὶ
1061 2072 1111 2107 τὴν
1131 2072 1352 2109 ἀκραν.Κράλης
1380 2073 1409 2100 δὲ
1437 2075 1497 2102 ἐπεὶ
1525 2075 1575 2110 τὴν
1599 2076 1677 2103 πόλιν
1702 2075 1786 2112 εἶχεν,

1001 2115 1156 2151 ἐχώρειὲπ*
1182 2118 1306 2157 ἐκείνους
1325 2119 1564 2155 τεθορυϐημένους
1585 2121 1626 2147 ἔτι
1653 2121 1708 2148 ἀπὸ
1735 2123 1787 2157 τῆς

1002 2163 1347 2199 τροπῆς.Καθισταμένων
1359 2173 1390 2192 τε
1418 2166 1486 2199 πρὸς
1513 2167 1614 2201 μάχην,
1628 2168 1642 2194 ὀ
1670 2168 1786 2200 Λυζικίς

167 2206 241 2237 lilcs,
259 2210 286 2232 et
304 2205 432 2232 anlmalia
455 2204 575 2232 vectoria
601 2204 730 2239 plurima,
753 2204 860 2239 frigoris
873 2212 949 2232 acer-

1003 2208 1136 2242 ἐτέτρωτο
1152 2208 1224 2244 βέλει
1243 2210 1288 2236 τὸν
1299 2211 1387 2245 μηρὸν
1408 2211 1646 2246 ἀμυνόμενος’ἀπδ
1658 2213 1705 2240 τοῦ
1718 2214 1784 2248 πύρ-

168 2251 252 2278 bitatc
270 2251 296 2278 iu
314 2252 411 2278 castris
420 2246 560 2278 emortua.
573 2251 734 2286 Byzantium
753 2258 880 2278 reversus
898 2251 951 2278 im-

169 2301 290 2331 perator.
304 2296 337 2324 de
352 2297 499 2325 Mmsorum
515 2304 578 2333 rege
593 2297 749 2324 Alexandro
763 2297 878 2331 quaerit;
896 2298 951 2324 s'n-

169 2342 290 2376 gularcm
317 2342 417 2377 quippe
440 2350 473 2369 ex
501 2350 535 2369 eo
561 2342 775 2370 mmstitudiuem
806 2341 949 2376 capiebat,

169 2388 243 2421 quod
272 2388 363 2415 Persa:
378 2388 405 2414 in
421 2388 479 2423 ejus
506 2395 619 2423 regnum
636 2382 777 2422 inopinato
803 2387 949 2420 irruentes,

171 2433 277 2460 cladcm
293 2433 318 2460 ei
334 2433 522 2468 gravissimam
539 2433 697 2460 intulerant.
711 2433 866 2460 lncessebat
877 2434 950 2459 euitn

168 2479 354 2507 Alexandrum
369 2479 499 2513 suspicio,
513 2487 568 2506 non
582 2483 680 2513 suopte
696 2483 776 2511 nutu,
788 2478 836 2505 sed
862 2478 948 2504 missu

169 2524 342 2559 imperatoris
369 2524 501 2558 irrupisse
527 2523 659 2550 barbaros
683 2530 767 2557 :qua:
796 2529 840 2548 res
867 2523 950 2549 vehe-

168 2570 340 2597 mentissime
366 2569 443 2596 illum
461 2568 622 2601 cruciabat,
639 2567 703 2602 quia
719 2574 780 2594 cum
798 2567 823 2594 ei
847 2567 949 2594 nullam

168 2623 261 2642 ansam
278 2615 388 2642 hostilia
405 2614 582 2642 machinandi
595 2613 766 2648 praebuisset,
782 2617 871 2640 tamen
886 2621 950 2640 con-

169 2665 274 2695 tempto
287 2660 393 2688 ﬁndere
407 2660 441 2687 ab
455 2667 488 2687 eo
499 2663 657 2687 vexaretur.
674 2658 756 2686 Missa
775 2658 858 2693 igitur
879 2658 950 2693 lcga-

168 2705 251 2737 tione,
272 2706 389 2740 primum
404 2705 515 2740 quidem
537 2704 571 2732 de
588 2704 744 2731 incursione
769 2704 948 2730 barbarorum

168 2752 331 2786 respondit,
361 2759 416 2778 non
440 2758 499 2778 eam
525 2757 574 2778 sua
599 2750 739 2777 voluntate
769 2750 885 2783 factam,
902 2751 948 2777 sed

168 2800 240 2834 ipsos
258 2806 306 2834 per
329 2806 357 2826 se
378 2803 521 2834 potentes,
547 2796 744 2832 cupiditatibus
768 2797 825 2824 suis
846 2804 948 2824 morem

168 2853 271 2880 gerere.
302 2845 357 2872 Nec
385 2850 474 2871 tamen
494 2845 580 2880 magis
605 2845 675 2871 istuc
702 2847 814 2878 propter
838 2843 946 2870 illorqu

1002 2262 1068 2287 γου-
1085 2251 1119 2289 ἧν
1143 2254 1199 2289 γὰρ
1220 2255 1481 2293 ἀνεπισκεύαστοςή
1507 2258 1590 2293 ἄκρα.
1618 2258 1669 2286 Καὶ
1688 2260 1788 2287 αὐτίκα

1000 2300 1017 2335 ὴ
1035 2300 1140 2334 φρουρὰ
1156 2301 1189 2327 τὰ
1205 2301 1276 2327 ὅπλα
1292 2302 1467 2337 παρεδίδουν,
1481 2303 1588 2336 πίστεις
1601 2304 1729 2337 λάσοντις
1740 2306 1788 2332 ἐπὶ

1000 2345 1038 2380 τῷ
1054 2345 1138 2380 μηδὲν
1157 2346 1309 2380 ἀνήκεστον
1325 2347 1433 2375 παθεῖν.
1454 2349 1535 2375 ,Ἐπεὶ
1551 2349 1580 2376 δὲ
1611 2350 1660 2376 καὶ
1682 2352 1698 2385 ὴ
1713 2351 1786 2386 ἀκρα

1001 2390 1100 2425 εἴχετο,
1117 2391 1165 2426 τὴν
1184 2391 1233 2426 μὲν
1250 2393 1373 2427 φρουρὰν
1399 2394 1448 2420 καὶ
1467 2395 1667 2430 Μακροδούκαν
1682 2391 1728 2423 τδν
1738 2398 1787 2431 ἀρ-

1000 2443 1093 2469 χοντα,
1109 2435 1225 2463 ἀπέλυεν
1241 2437 1380 2472 όΚράλης
1411 2439 1483 2465 κατὰ
1513 2440 1577 2471 τοὺς
1604 2440 1714 2476 ὅρκους,
1739 2443 1785 2468 καὶ

999 2480 1034 2507 τὰ
1049 2481 1120 2507 ὅπλα
1136 2482 1216 2516 μόνον
1244 2483 1422 2517 ἀφελόμενος.
1437 2485 1557 2517 Λυζικοῦ
1572 2485 1600 2512 δὲ
1625 2486 1654 2512 τὸ
1680 2486 1785 2521 γένειον

999 2524 1043 2551 ἐπ’
1072 2526 1154 2552 αὐτοῦ
1168 2527 1307 2554 τίλλεσθαι
1323 2528 1459 2562 ἐκέλευεν,
1476 2531 1506 2556 οὐ
1530 2531 1612 2565 μόνον
1625 2531 1670 2558 διὰ
1686 2532 1716 2558 τὸ
1741 2532 1786 2558 ἀν-

1000 2571 1125 2605 τιστῆναι
1141 2572 1212 2603 τότε,
1230 2572 1288 2599 ἀλλ’
1314 2574 1355 2600 ὅτι
1375 2575 1422 2601 καὶ
1448 2575 1580 2609 βασιλέως
1613 2576 1783 2612 Ἀνδρονίκου

1000 2616 1142 2650 περιόντος
1165 2618 1194 2643 ἐν
1223 2618 1360 2655 Καστορίᾳ
1387 2620 1514 2655 μεγάλων
1549 2622 1638 2653 αἴτιος
1665 2623 1784 2658 κατέστη

1001 2663 1162 2697 συμφορῶν.
1185 2664 1301 2691 Ἔπειτα
1312 2666 1423 2693 ἐκέλευε
1438 2667 1560 2699 δεθέντα,
1592 2668 1707 2700 ἄγεσθαι
1734 2670 1784 2705 τὴν

1000 2707 1046 2732 ἐπὶ
1060 2707 1189 2741 Σκοπιὰν,
1206 2708 1315 2739 ὡςέκεῖ
1336 2710 1390 2736 τῶν
1420 2711 1605 2746 τολμημάτων
1626 2713 1704 2745 δίκας
1730 2714 1782 2740 δώ·

1001 2761 1092 2780 σοντα.
1112 2751 1141 2779 '0
1158 2754 1186 2780 δὲ
1201 2755 1252 2781 ὑπὸ
1265 2755 1312 2782 τοῦ
1337 2757 1494 2792 τραύματος
1508 2757 1701 2792 ἀμεληθέντος,
1733 2760 1781 2786 καὶ

999 2798 1048 2833 τῆς
1065 2799 1146 2834 ἄλλης
1166 2800 1346 2836 δυσπραγίας,
1363 2803 1522 2837 ἐτελεύτησε
1549 2804 1651 2839 μεταξὺ
1681 2806 1782 2840 ἀγόμε-

1000 2853 1053 2882 νος.
1074 2846 1185 2881 Κρά).ης
1203 2847 1230 2873 δὲ
1245 2848 1329 2882 ἐφῆκε
1361 2848 1410 2884 τὴν
1427 2850 1502 2876 πόλιν
1526 2852 1581 2882 τοῖς
1602 2852 1781 2884 στρατιώταις
