1933 3083
156 152 211 185 l'lT

750 152 1019 187 HISTORIARUM
1039 154 1153 186 LIBER
1174 156 1219 187 Ν.

1727 160 1775 192 1‘8

153 212 322 247 διαρπάζειν.
340 213 397 240 Καὶ
409 213 564 250 ἐπόρθησαν
579 223 609 241 τε
637 215 683 242 καὶ
709 215 866 250 ἐνέπρησαν
890 214 939 245 τὰς

994 213 1143 246 potentiam
1159 214 1280 247 evenire,
1298 222 1383 250 quam
1394 215 1465 249 quod
1480 216 1590 251 ipsimet
1605 219 1693 246 nolint
1707 227 1773 247 ava-

154 257 255 289 οἰκίας,
271 258 326 284 τῶν
341 259 491 294 οἰκητόρων
505 259 533 286 δὲ
547 260 577 288 τδ
605 261 654 296 μὲν
669 260 792 288 πλεῖστον
809 261 855 288 καὶ¹
874 261 937 296 ἄρι-

155 311 216 330 στον
228 303 342 338 ἐξήλασε
352 305 456 339 γυμνὸν
471 305 588 340 μάλιστα
600 307 628 332 ὲν
641 308 717 342 ἀκμῇ
734 306 781 334 τοῦ
792 303 937 342 χειμῶνος,

160 349 327 385 Ἰανουαρίου
349 351 412 386 ἄρτι
446 352 601 387 ἱσταμένου,
640 353 686 380 καὶ
711 353 941 389 διεσκεδάσθησαν

155 394 227 420 κατὰ
243 395 388 431 Βέρῤοιαν,
402 397 449 423 καὶ
464 397 514 429 τὰς
526 397 607 429 ἄλλοις
619 398 721 430 πόλεις.
749 399 778 424 '0
794 398 822 426 δὲ
837 399 937 433 ἄπορος

155 440 314 468 παντάπασι
329 442 526 470 καταλέλειπτο
558 443 616 470 ἐκεῖ
632 445 679 471 ἐπὶ
695 444 744 474 τὰς
761 445 939 478 ὑπολειπομέ-

154 493 203 516 νας
220 486 389 520 καταφυγὼν
403 488 503 520 οἰκίας.
521 489 607 521 Αὐτὸς
627 489 655 516 δὲ
684 490 746 516 ἐπεὶ
763 490 810 517 καὶ
833 491 940 526 χειμὼν

154 531 300 564 ἐπεγένετο
316 532 446 566 ἐξαίσιος,
465 535 587 570 φρουρὰν
603 536 650 563 ἐπὶ
664 536 712 570 τὴν
727 537 875 571 ἀκρόπολιν
889 546 939 564 κα-

154 577 289 610 ταλιπὼν,
305 579 374 614 πρδς
400 580 448 615 τὴν
477 581 566 608 οἰκίαν
592 582 734 618 ἀνεχώρει.
759 583 887 617 Ἐλέγετο
910 584 939 610 δὲ

154 623 207 650 ὑπὸ
225 624 359 658 χειμῶνος
371 626 544 661 στρατιώτας
560 636 599 659 τε,
624 628 740 655 καὶτῶν
765 629 940 664 σκευοφόρων

153 670 311 705 ὑποζυγίων
335 671 449 700 πλεῖστα
477 673 518 708 τῷ
551 675 724 710 στρατοπέδῳ
750 675 938 703 ἐναποθανεῖν.

151 715 284 748 Βασιλεὺς
299 716 327 743 δὲ
348 718 390 748 είς
415 718 563 750 Βυζάντιον
592 720 750 747 ἐπανελθὼν
773 721 940 748 ἐπυνθάνετο

152 761 218 796 περὶ
234 762 281 788 τοῦ
295 763 399 789 Μυσῶν
408 763 540 798 βασιλέως
562 765 751 801 Ἀλεξάνδρου,
768 767 809 793 ὅτι
825 767 939 793 πλεῖέτα

152 806 252 833 ἀνιῶτο
264 807 308 834 διὰ
323 808 372 842 τὴν
388 808 442 835 τῶν
456 809 602 845 βαρϐάρων
617 810 710 844 ἔφοδον
736 812 940 847 ἀπροσδόκητον

153 854 353 889 γεγενημένην,
371 855 419 880 καὶ
436 855 554 889 μέγιστα
571 856 738 883 κακώσασαν
755 857 804 892 τὴν
823 858 875 892 γῆν
890 858 939 885 αὗ-

152 897 211 925 τοῦ.
236 898 399 926 Ὑπώπτευε
410 900 439 927 δὲ
454 900 504 928 οὐκ
525 900 571 935 ἀφ’
585 900 689 929 ἑαυτῶν
701 902 766 934 τοὺς
783 903 939 938 βαρϐάρους

153 943 287 976 ἐπελθεῖν,
302 944 371 971 ἀλλὰ
390 945 522 980 βασιλέως
549 947 719 982 πέμψαντος,
730 948 744 974 ὃ
761 949 807 975 καὶ
823 949 940 984 μάλιστα

154 987 230 1022 ἠνία,
242 989 284 1015 ὃτι
300 989 439 1024 μηδεμίαν
451 991 589 1025 πρόφασιν
604 993 688 1019 αὐτοῦ
713 993 782 1028 πρὸς
798 994 845 1021 τὸν
862 995 941 1022 πόλε-

154 1042 205 1068 μον
221 1036 431 1070 παρεσχημένου
454 1036 562 1070 βασιλεῖ
578 1039 777 1074 παρασπονδῶν
788 1040 941 1074 3016;.“-

153 1079 210 1110 κῶς
223 1081 297 1107 ποιεῖ
311 1081 360 1117 τὴν
373 1082 476 1118 χώραν.
493 1083 609 1118 Πέμψας
626 1085 654 1111 δὲ
678 1086 692 1111 ό
720 1085 848 1120 βασιλεὺς
877 1095 944 1122 πρε-

155 1125 249 1152 σϐείαν
266 1127 334 1162 πρὸς
353 1128 446 1161 αὑτὸν,
459 1129 556 1164 πρῶτα
575 1130 624 1163 μὲν
636 1130 702 1165 περὶ
719 1131 774 1158 τῶν
793 1131 941 1168 βαρϐάρων

154 1170 204 1205 τῆς
220 1172 316 1205 ἐφόδου
333 1173 504 1208 ἀπελογεῖτο,
521 1175 559 1211 μὴ
577 1175 648 1204 κατὰ
663 1177 776 1212 γνώμην
789 1179 878 1205 ὲκεῖνο
895 1189 942 1214 γε-

154 1217 299 1251 γενῆσθαι,
313 1219 372 1246 ἀλλ’
387 1220 486 1253 αὐτοὺς
502 1222 551 1256 ἀφ’
563 1223 669 1250 ἑαυτῶν
699 1224 806 1259 μεγάλα
821 1227 941 1261 δυναμέ-

155 1273 230 1297 νους,
247 1266 315 1293 ἅττα
327 1267 360 1294 ἂν
370 1268 436 1304 δοκῇ
453 1271 552 1297 ποιεῖν.
570 1270 657 1298 Τοῦτο
676 1272 704 1298 δὲ
726 1273 895 1308 συμϐαίνειν,
910 1274 940 1301 οὐ

157 1310 259 1345 μᾶλλον
267 1311 310 1339 διὰ
321 1313 372 1347 τὴν
384 1313 496 1342 ἐκείνων
510 1315 637 1351 δύναμιν,
654 1317 670 1351 ἢ
685 1317 728 1345 διὰ
745 1319 775 1345 τὸ
791 1319 829 1354 μὴ
844 1320 941 1353 αὐτοὺς

155 1356 260 1384 ἐθέλειν
276 1359 324 1393 τῆς
339 1360 496 1393 πλεονεξίας
508 1362 693 1396 ἀποστάντας,
723 1365 837 1393 καὶτῶν
865 1367 943 1394 ἁλλο-

156 1403 239 1438 ςρίων
255 1404 304 1440 τῆς
319 1406 480 1441 ἐπιθυμίας,
508 1409 635 1444 ἀλλήλοις
662 1411 712 1447 ὅση
742 1412 856 1449 δύναμις
882 1412 942 1442 ἐπι-

158 1450 266 1484 μαχεῖν,
284 1451 329 1476 καὶ
344 1452 481 1487 ἀνείργειν
494 1455 557 1486 τοὺς
570 1455 728 1492 βαρϐάρους
759 1459 846 1494 ῥᾷστα
859 1461 940 1487 δυνα-

159 1495 269 1543 μένους,
282 1497 306 1522 εί
321 1500 544 1534 συμφωνήσαιεν.
562 1502 594 1528 El
611 1502 666 1538 γὰρ
687 1504 812 1532 ἐϐούλετο
829 1506 941 1543 Κράλης

992 257 1066 290 ritia,
1084 263 1112 286 et
1130 259 1297 294 appetitione
1310 268 1402 287 rerum
1418 261 1569 289 alienarum
1588 262 1770 298 desistenles,

991 310 1041 337 pro
1058 303 1128 331 virili
1153 305 1249 339 iuvare
1273 311 1409 337 mutuum.
1429 312 1457 334 et
1475 315 1602 335 coercere
1624 309 1771 343 barbaros,

992 348 1065 382 quod
1095 349 1174 377 facile
1190 356 1315 384 possent.
1344 352 1367 378 si
1385 353 1586 386 conspirarent.
1612 353 1719 381 Etenim
1747 356 1770 382 si

990 392 1084 421 Crales
1105 399 1215 430 ereptas
1243 396 1326 423 urbes
1350 397 1505 429 restituere,
1522 402 1549 424 et
1566 402 1596 424 ut
1612 399 1751 433 juraverat
1764 419 1771 429 .

990 446 1156 467 conservare
1167 441 1302 476 justitiam
1316 443 1460 475 voluisset,
1473 451 1526 471 non
1546 444 1597 472 sibi
1612 445 1772 473 societatem

990 485 1169 513 barbarorum
1204 488 1399 522 requirendam
1428 489 1530 522 fuisse,
1560 497 1629 525 quos
1654 491 1772 526 pessime

990 530 1081 558 oderit
1096 541 1103 558 :
1120 533 1279 561 necessario
1293 539 1383 561 autem
1399 535 1433 562 iis
1453 536 1504 569 uti,
1517 544 1571 571 quo
1584 542 1611 564 et
1627 538 1772 572 praesentia

990 579 1111 610 tueatur,
1125 582 1153 605 et
1169 578 1293 614 abrepta,
1309 580 1332 607 si
1347 581 1443 615 possit,
1460 587 1615 616 recuperet.
1632 583 1772 611 Adversus

993 621 1100 649 Cralem
1118 623 1200 658 igitur
1228 633 1257 652 se
1285 626 1420 654 factttrum
1432 649 1439 660 ,
1456 628 1528 659 quod
1546 628 1572 655 in
1591 630 1684 663 primis
1700 638 1772 657 com—

990 667 1166 696 modaturum
1181 670 1309 699 videatur
1324 681 1331 699 :
1347 673 1398 707 ipsi
1417 678 1508 701 autem
1523 681 1552 701 se
1566 674 1618 702 hoc
1632 675 1696 702 dare
1708 683 1772 702 con-

990 714 1054 746 silii,
1070 715 1108 742 uti
1133 715 1166 742 ad
1182 716 1314 744 barbaros
1333 718 1361 745 in
1388 718 1533 747 Thraciam
1554 720 1629 747 nullo
1641 726 1725 752 metu,
1741 729 1772 748 ac

990 767 1041 794 pro
1059 760 1175 788 libidine
1193 762 1361 797 trajicicntes
1378 764 1564 798 prohibendos
1575 785 1581 797 ,
1595 773 1686 793 serum
1701 765 1774 793 vires

992 805 1150 841 coniungat.
1169 806 1226 834 Hoc
1241 807 1298 834 fieri
1312 816 1403 843 posse.
1420 809 1444 836 si
1468 811 1591 844 pecuniae
1607 812 1640 838 ad
1657 819 1773 846 appara-

991 854 1048 878 tum
1075 851 1228 879 triremium
1245 853 1402 881 constitutas
1417 855 1572 889 pandantur
1588 865 1594 883 :
1611 856 1694 892 796
1716 856 1769 884 sibi

991 896 1100 924 navales
1115 898 1210 931 copias
1227 906 1282 925 non
1301 898 1411 928 deesse:
1429 901 1523 928 deesse
1537 905 1628 928 autem
1643 902 1772 936 pretium,

992 941 1065 969 unde
1087 942 1219 971 alimenta
1241 944 1450 979 provideantur;
1465 946 1539 981 quod
1559 947 1581 974 si
1607 947 1653 974 ille
1668 954 1717 981 pro
1735 947 1775 974 fa-

991 986 1094 1014 cultate
1109 993 1215 1023 eroget,
1233 989 1359 1017 triremes
1378 990 1405 1017 in
1420 990 1625 1026 Hellespontum
1638 991 1774 1020 deductu-

992 1040 1064 1066 rum,
1082 1041 1142 1068 qua:
1157 1041 1220 1062 oras
1241 1036 1509 1071 prieternavigando,
1538 1037 1669 1065 barbaros
1700 1038 1775 1073 traji-

991 1086 1074 1112 cere.
1104 1087 1136 1107 ac
1162 1082 1263 1108 nocere
1289 1081 1440 1110 continenti
1467 1091 1522 1110 non
1551 1083 1653 1110 sinant.
1669 1083 1702 1110 Et
1722 1083 1775 1110 hoc

992 1120 1075 1151 modo
1099 1132 1195 1152 eorum
1223 1127 1384 1154 vexationes
1410 1128 1492 1155 licere
1514 1128 1644 1163 ell'ngere.
1672 1128 1774 1161 Quodsi

991 1169 1230 1205 Crales-praestare
1247 1179 1276 1199 se
1295 1172 1437 1206 ambobus,
1450 1173 1557 1208 qualem
1575 1173 1666 1208 decet,
1682 1174 1776 1201 nolue-

992 1216 1030 1243 rit
1061 1216 1197 1250 (constare
1226 1218 1299 1245 enim
1324 1219 1387 1250 sibi,
1410 1226 1474 1246 eum
1491 1227 1599 1254 quoque
1624 1220 1718 1247 laesum
1741 1220 1782 1246 ab

992 1261 1040 1288 illo
1053 1262 1194 1297 graviter),
1210 1263 1231 1290 si
1249 1271 1369 1298 praesens
1381 1272 1443 1292 eum
1458 1265 1582 1300 copiaad
1598 1265 1715 1292 cilicium
1729 1273 1775 1292 co-

992 1314 1057 1341 gere
1075 1308 1248 1342 nequiverit,
1264 1314 1329 1337 tunc
1346 1314 1374 1337 et
1393 1310 1571 1338 barbarorum
1588 1318 1638 1346 ope
1654 1312 1753 1338 usuros
1766 1330 1774 1343 ,

994 1353 1106 1387 trajecta
1134 1361 1231 1381 eorum
1275 1355 1438 1383 auctoritate
1467 1361 1541 1384 tanta
1572 1357 1749 1384 multitudine
1766 1376 1774 1389 ,

993 1403 1122 1432 quantam
1148 1399 1251 1428 ducere
1277 1408 1441 1437 qu0cunque
1471 1401 1611 1429 voluerint
1627 1412 1634 1430 :
1650 1407 1676 1429 et
1691 1403 1727 1430 ita
1748 1403 1775 1429 in

993 1444 1088 1472 hostes
1115 1452 1217 1480 paucos
1241 1446 1379 1482 intrepide
1403 1447 1477 1475 facto
1494 1448 1607 1483 impetu,
1632 1449 1672 1476 eis
1694 1450 1775 1476 vitam

993 1495 1183 1532 adempturos.
1202 1497 1265 1525 llaic
1290 1498 1342 1526 fuit
1371 1499 1516 1534 legationis
1533 1501 1678 1528 sententia.
1707 1501 1775 1536 Regi

159 1540 208 1572 τὰς
222 1541 403 1576 ἡρπασμένας
418 1545 510 1576 πόλεις
527 1547 692 1582 ἀποδιδόναι,
723 1550 771 1577 καὶ
795 1552 829 1578 τὰ
851 1540 942 1581 δίκαια

994 1541 1150 1569 cohortatio
1165 1543 1339 1578 imperatoris
1358 1544 1422 1572 visa.
1433 1550 1476 1571 est
1501 1545 1693 1578 conducibilis,
1720 1546 1776 1574 rei-

158 1587 248 1635 ποιείν
263 1587 335 1614 κατὰ
351 1589 414 1621 τοὺς
428 1590 538 1626 ὄρχους,
550 1593 601 1620 οὐκ
619 1593 653 1622 ἂν
668 1595 744 1631 αὖτῷ
764 1596 858 1633 ἐδέησε
871 1599 940 1635 βαρ-

159 1631 251 1666 ϐάρων
269 1634 337 1668 πρὸς
352 1634 401 1670 τὴν
428 1637 584 1672 συμμαχίαν
601 1639 710 1667 πάντων
732 1631 849 1676 μάλιστα
872 1631 942 1670 άτέε-

159 1679 232 1713 χθώς
249 1681 318 1716 πρὸς
331 1681 429 1714 αὐτοὺς
439 1683 606 1721 διακειμένῳ
616 1694 624 1701 ⁸
641 1687 748 1723 ἀνάγκῃ
758 1688 785 1714 δὲ
795 1689 941 1724 χρωμένῳ,

160 1725 205 1752 ῐνα
217 1726 250 1753 τά
264 1736 295 1754 τε
313 1728 378 1755 δντα
391 1729 530 1763 διασώζοι,
547 1731 596 1758 καὶ
614 1732 648 1758 τὰ
671 1729 846 1768 ἡρπασμένα,
860 1736 883 1761 ει
898 1735 943 1762 δύ-

160 1779 248 1803 ναιτο,
264 1772 437 1800 ἀνακαλοῖτο.
454 1775 534 1815 Πρὸς⁸
548 1775 598 1810 μὲν
615 1776 661 1803 οὖν
676 1778 789 1810 ἐκεῖνον,
808 1780 942 1815 ποιήσειν,

159 1817 173 1843 ὅ
185 1825 211 1843 τι
228 1817 261 1844 ἂν
270 1818 334 1854 δοκῇ
352 1820 471 1854 μάλιστα
480 1809 644 1850 λυσιτελεῖν.
666 1823 745 1858 Αὐτῷ
763 1820 805 1850 δὲ’
822 1809 943 1860 συμϐουλ

159 1862 258 1895 λεύειν,
279 1865 454 1899 συναίρεσθαι
487 1866 562 1902 αὐτῷ
577 1868 644 1902 πρὸς
676 1869 706 1895 τὸ
732 1869 848 1896 κωλύειν
879 1871 943 1902 τοὺς

161 1906 318 1942 βαρϐάρους
328 1907 422 1941 ἀδεῶς,
440 1909 504 1935 ὅταν
517 1909 583 1946 δοκῇ
597 1911 665 1946 πρὸς
680 1912 729 1948 τὴν
760 1913 871 1948 Θρᾴκην
887 1923 941 1940 πε-

162 1952 316 1986 ριιοῦσΊαι.
333 1953 417 1980 Τοῦτο
439 1954 461 1980 δ’
478 1954 513 1981 ἂν
540 1956 656 1990 γένοιτο,
675 1958 700 1983 εἰ
718 1959 847 1993 χρήματα
874 1969 942 1995 παρ-

159 1997 249 2031 έχοιτο
265 1999 352 2026 τακτὰ
363 2000 432 2036 πρὸς
443 2001 497 2028 τῶν
513 2003 649 2037 τριήρεων
676 2004 725 2038 τὴν
751 2007 942 2040 παρασκευήν.

161 2043 250 2071 Αὐτὸν
264 2045 315 2080 μὲν
328 2046 383 2082 γὰρ
412 2047 538 2082 εὐπορεῖν
553 2048 603 2083 τῆς
635 2051 765 2084 ναυτικῆς
793 2051 942 2086 ῖυνόιμιως·

161 2091 266 2118 δεῖσθαι
279 2092 307 2118 δὲ
321 2093 471 2128 χρημάτων
486 2094 514 2126 ἐξ
525 2091 562 2121 ὧν
580 2096 612 2121 ἂν
637 2097 756 2132 τραφείη
769 2106 776 2112 ·
793 2095 830 2125 ὧν
856 2099 880 2125 εἰ
897 2099 944 2125 καὶ

161 2136 242 2168 αὐτὸς
254 2138 425 2172 παράσχοιτο
438 2138 486 2164 ὅσα
511 2138 625 2172 δυνατὰ,
651 2141 775 2176 τριήρεις
801 2143 943 2178 ἐπιστήσει

161 2183 232 2209 κατὰ
245 2183 291 2210 τὸν
325 2183 543 2219 Ἑλλήσποντον·
575 2185 604 2212 αἶ
633 2187 854 2221 παραπλέουσαι,
892 2190 942 2216 οὐκ

994 1594 1047 1621 que
1065 1587 1191 1622 gerenda.-
1208 1588 1366 1616 societatem
1384 1593 1481 1624 pactus
1505 1594 1557 1616 est.
1572 1590 1670 1617 Evenit
1683 1596 1774 1618 autent

994 1631 1138 1666 quiddam,
1155 1631 1230 1667 quod
1249 1631 1275 1659 ei
1300 1632 1334 1659 ad
1353 1633 1406 1660 hoc
1429 1633 1521 1668 operis
1538 1634 1644 1661 animos
1660 1634 1775 1661 addidit.

995 1678 1063 1705 Cum
1079 1678 1152 1705 enim
1169 1678 1296 1711 Trinobi,
1311 1679 1358 1706 ubi
1376 1678 1456 1706 sedes
1482 1679 1532 1711 illi,
1557 1679 1665 1714 publica
1683 1680 1777 1707 laetitia

995 1723 1054 1751 dies
1067 1724 1157 1751 festus
1169 1729 1307 1759 ageretur,
1322 1725 1488 1760 plurimique
1513 1725 1643 1753 mortales
1666 1725 1777 1752 aliunde

994 1770 1220 1803 concurrissent,
1240 1772 1305 1798 dum
1330 1779 1379 1805 per
1395 1779 1442 1799 eos
1458 1771 1567 1805 transit,
1580 1771 1676 1806 legatis
1689 1771 1777 1806 impe-

995 1817 1095 1843 ratoris
1110 1817 1358 1852 prosequentibus,
1374 1824 1470 1844 omnes
1483 1837 1490 1850 ,
1508 1824 1557 1844 sua
1570 1817 1672 1852 quique
1684 1817 1777 1852 lingua

995 1861 1193 1893 acclamarunt,
1208 1861 1400 1889 Cantacuzeno
1420 1862 1627 1897 gratiﬁcandum
1656 1870 1704 1897 per
1720 1870 1779 1890 0m-

995 1907 1051 1938 nia,
1067 1912 1094 1933 et
1108 1906 1274 1934 omnimodis
1286 1915 1379 1942 pacem
1389 1915 1450 1935 curn
1463 1915 1495 1934 eo
1510 1908 1706 1935 conﬁciendam
1721 1918 1726 1934 :
1743 1916 1777 1935 ne

995 1953 1019 1980 si
1035 1952 1059 1979 is
1073 1953 1106 1979 ad
1123 1953 1224 1980 bellant
1248 1953 1382 1986 irritetur,
1407 1953 1458 1988 ipsi
1481 1954 1658 1980 barbarorum
1681 1954 1778 1988 gladiis

997 1998 1146 2030 intereant,
1163 2002 1191 2025 et
1203 1999 1317 2025 orabant
1328 1999 1383 2026 voti
1394 2004 1532 2034 compotes
1542 1999 1610 2027 ﬁeri.
1625 1999 1777 2027 Alexandro

996 2048 1088 2070 autem
1113 2045 1216 2079 legatos
1234 2045 1440 2080 interrogante,
1457 2045 1554 2080 ecquid
1571 2046 1663 2072 audita
1679 2046 1779 2072 intelli-

995 2094 1110 2125 gerent,
1129 2098 1191 2117 cum
1209 2095 1368 2126 negassent,
1390 2091 1482 2119 Grazce
1502 2091 1556 2119 illis
1582 2091 1778 2126 interpretatus

996 2140 1059 2167 est,
1087 2136 1237 2171 populique
1264 2137 1426 2172 petitionem
1452 2145 1502 2172 pro
1528 2138 1642 2172 augurio
1660 2139 1777 2165 maximo

998 2182 1104 2213 habuit,
1122 2182 1191 2209 bene
1211 2182 1278 2217 ipsis
1304 2191 1360 2210 rem
1375 2190 1566 2218 processuram
1583 2193 1589 2210 ι
1610 2185 1681 2218 quod
1696 2185 1776 2211 etiam

160 2229 273 2255 ἐάσουσι
286 2229 350 2261 τοὺς
380 2229 536 2265 βαρϐάρους
563 2233 779 2267 περαιουμένους
803 2234 942 2269 βλάπτειν.

998 2236 1013 2255 a
1036 2230 1145 2255 nomine
1163 2229 1356 2264 interrogatus,
1370 2237 1430 2264 quae
1457 2230 1511 2257 sibi
1528 2230 1700 2264 expedirent,
1715 2238 1778 2257 sua-

159 2274 216 2301 Καὶ
238 2275 334 2301 τοῦτον
349 2275 396 2302 τὸν
424 2276 528 2310 τρόπον
554 2277 604 2312 τῆς
635 2279 747 2305 ἐκείνων
773 2279 945 2316 ἀπηλλάχθαι

160 2322 307 2355 περιέσται
318 2321 432 2357 βλάϐης.
454 2324 503 2349 "Av
519 2323 547 2350 δὲ
566 2324 603 2359 μὴ
619 2325 730 2360 Κράλης
757 2326 838 2362 ἐθέλῃ
860 2329 946 2354 ποιεῖν

159 2366 195 2391 τὰ
210 2365 305 2393 δίκαια
323 2367 390 2402 πρὸς
407 2367 591 2403 ἀμφοτέρους,
607 2369 706 2395 εἰδέναι
722 2370 776 2405 γὰρ
795 2372 841 2397 καὶ
865 2372 946 2398 αὑτὶν

162 2411 211 2437 ὑπ’
227 2412 338 2438 ἐκείνου
362 2413 540 2448 ἀδικούμενον
565 2415 595 2441 οὐ
625 2416 713 2450 μικρά
735 2424 806 2447 τινα,
824 2417 848 2442 εί
870 2417 906 2451 μὴ
929 2417 944 2451 ἡ

163 2457 292 2492 παροῦσα
303 2457 418 2493 δύναμις
435 2459 549 2494 ἐξαρκεῖ
564 2461 667 2487 ἐκεῖνον
679 2462 898 2495 καταναγκάζειν
913 2461 947 2488 τὰ

163 2504 259 2530 δέοντα
274 2505 371 2537 ποιεῖν,
389 2505 448 2531 τότε
468 2506 622 2540 χρήσεσθαι
636 2508 683 2533 καὶ
708 2508 764 2538 τοῖς
797 2507 947 2542 βαρϐάροις

162 2549 309 2580 τοσούτους
327 2549 372 2575 ὑπ’
388 2549 477 2576 αὐτῶν
494 2552 721 2586 περαιουμένους,
736 2552 812 2581 ὅσους
831 2552 947 2586 ἄγεσθαι

164 2591 192 2620 οἷ
205 2594 239 2620 ἂν
254 2593 378 2626 ἐθέλωσι,
394 2596 444 2621 καὶ
466 2596 502 2630 μὴ
516 2596 630 2628 πολλοὺς
644 2596 737 2629 ὄντας,
765 2597 867 2632 ἀφοϐίᾳ.
884 2597 947 2631 τρέ-

165 2639 267 2666 πεσθαι
281 2639 328 2665 ἐπὶ
345 2642 414 2674 σφᾶς
441 2641 487 2667 καὶ
505 2641 684 2676 διαφθείρειν.
713 2641 833 2668 Τοιαῦτα
864 2643 912 2676 μὲν
934 2643 947 2668 ὁ

165 2684 296 2719 βασιλεὺς
313 2686 380 2721 πρὸς
392 2687 438 2712 τὸν
474 2686 650 2722 Ἀλέξανδρον
671 2687 863 2722 ἐπρεσϐεύετο.
893 2688 949 2714 Καὶ

165 2728 254 2755 ἐδόκει
273 2730 391 2764 κάκείνῳ
420 2732 436 2765 ὴ
455 2730 588 2765 βασιλέως
609 2732 771 2767 παραίνεσις
787 2733 947 2765 λυσιτελεῖν,

166 2776 214 2802 καὶ
228 2775 383 2803 συνετίθετο
398 2777 466 2812 πρδς
479 2777 528 2812 τὴν
547 2778 647 2813 πρᾶξιν
657 2788 664 2795 ι
682 2779 791 2814 συμϐὰν
807 2780 835 2806 δέ
848 2789 874 2806 τι
901 2780 949 2807 καὶ

166 2822 300 2855 τοιοῦτον,
317 2823 457 2858 ἐπέρρωσε
475 2824 576 2858 μᾶλλον
591 2825 658 2860 πρὸς
673 2825 704 2852 τὺ
717 2826 809 2861 ἔργον,
834 2826 949 2862 Ἐορτῆς

167 2868 223 2904 γάρ
234 2877 306 2900 τινος
320 2870 452 2904 δημοσίας
480 2871 617 2906 ἀγομένης
634 2872 662 2899 ἐν
686 2871 808 2907 Τρινόσῳ
823 2872 878 2903 τοῖς
900 2872 949 2898 αὗ-

998 2274 1091 2307 sisset,
1107 2275 1256 2310 statimque
1268 2279 1296 2302 ct
1316 2275 1374 2310 ipse
1385 2275 1478 2310 petitis
1490 2275 1664 2311 suﬂ‘ragatus,
1677 2276 1779 2311 legatos

997 2321 1113 2348 dimisit.
1139 2321 1301 2355 imperator,
1319 2321 1686 2356 cognoscensAlexandrum
1713 2321 1780 2347 hor-

999 2361 1095 2395 tationi
1122 2375 1178 2394 suae
1200 2367 1338 2402 benignas
1358 2375 1438 2395 aures
1455 2367 1654 2399 commodasse,
1671 2372 1697 2394 et
1712 2367 1780 2394 velle

999 2413 1144 2449 pecuniam
1168 2412 1202 2440 ad
1221 2418 1380 2447 apparatum
1396 2413 1530 2445 conferre,
1558 2414 1719 2442 mirabiliter
1731 2422 1780 2448 ga-

997 2460 1074 2486 visus
1091 2462 1144 2492 est,
1160 2463 1237 2486 ratus
1260 2466 1291 2486 se
1307 2466 1387 2493 posse
1405 2459 1537 2486 barbaros
1561 2459 1711 2493 reprimere
1722 2479 1729 2492 ,
1746 2467 1780 2486 nc

998 2506 1150 2538 Romanos,
1166 2504 1198 2532 Et
1215 2505 1314 2533 Moesos
1334 2505 1499 2532 incursando
1515 2510 1664 2536 vastarent,
1680 2509 1708 2532 et
1731 2513 1778 2531 ac-

998 2550 1070 2585 cingi
1084 2549 1117 2576 ad
1134 2550 1335 2584 expeditionem
1349 2550 1472 2577 navalem
1495 2550 1617 2576 ba'rbaris
1633 2550 1782 2584 prohiben-

1000 2595 1042 2623 dis
1063 2595 1225 2627 eonstituit,
1251 2595 1402 2629 navaleque
1419 2596 1445 2622 in
1470 2594 1632 2630 Heplascalo
1658 2595 1780 2628 pluribus

999 2643 1078 2669 annis
1094 2643 1152 2669 luto
1168 2642 1268 2669 ibidem
1286 2645 1450 2676 exaggerato
1463 2662 1470 2674 ,
1498 2646 1527 2669 ut
1544 2641 1698 2668 onerariam
1717 2648 1778 2667 cum

999 2696 1083 2716 onere
1104 2687 1176 2715 baud
1198 2687 1341 2715 commode
1371 2691 1465 2722 posset
1489 2687 1633 2721 excipere,
1649 2686 1694 2712 illo
1708 2692 1780 2712 anno

1000 2734 1162 2769 expurgavit
1180 2742 1187 2760 :
1202 2733 1347 2768 potuitque
1362 2740 1488 2768 magnum
1501 2754 1508 2765 ,
1529 2737 1556 2759 et
1572 2730 1674 2758 civitati
1692 2730 1779 2756 utilis-

1001 2781 1101 2807 simum
1118 2773 1295 2815 opus’multo
1309 2780 1403 2807 labore
1414 2799 1422 2813 ,
1440 2780 1582 2814 multoqtte
1596 2786 1650 2805 mre
1666 2777 1780 2804 feliciter

1001 2825 1147 2853 conﬁcere.
1161 2825 1295 2853 Caeterum
1305 2825 1380 2852 Μαξδί
1388 2826 1523 2860 promissa
1535 2824 1606 2851 venti
1618 2825 1778 2857 rapuerunt;

1001 2879 1057 2900 non
1069 2871 1114 2899 diu
1130 2871 1203 2898 enim
1218 2875 1340 2906 postper
1351 2871 1456 2906 legatos
1471 2870 1505 2898 de
1521 2868 1635 2905 pecunia
1649 2865 1780 2895 collatitia
