1933 3083
146 169 192 203 ικι

720 174 744 203 Ι]
752 173 987 203 lSTORIARUM
1005 173 1041 203 Ll
1049 173 1118 203 BER
1139 173 1187 204 IV.

1709 172 1767 203 1%?

147 229 337 264 μετεπέμπετο
353 229 497 265 ἀρχιερέας
514 230 669 265 γράμμασι,
685 232 732 258 καὶ
752 232 797 258 τὸν
822 232 925 258 Θεσσα-

994 230 1065 258 ivilis
1080 231 1250 262 resederunt,
1266 231 1348 258 totius
1366 231 1420 266 jam
1447 238 1559 266 compos
1572 231 1694 266 imperii,
1712 238 1765 256 nev

146 276 254 311 λονίκης
268 275 419 312 Γρηγὸριον
438 275 484 302 τὸν
505 277 649 312 Παλαμᾶν,
666 277 713 304 καί
736 287 776 305 τοι
803 278 926 313 βασιλεὺς

146 320 225 352 εὐθὺς
238 320 355 356 ὲξαρχῆς
389 322 458 356 μετὰ
481 322 511 349 τὸ
530 323 683 349 πεπαῦσθαι
698 324 744 350 τὸν
769 323 926 357 συγγενικὸν

145 368 272 402 πόλεμον,
288 368 335 395 καὶ
355 369 445 395 πᾶσαν
463 368 590 404 ὑπἀὺτῷ
607 368 657 402 τὴν
673 369 815 404 Ῥωμαίων
827 369 928 404 ἠγεμο-

147 413 207 440 νίαν
241 413 415 448 γεγενῆσθαι,
442 414 588 448 ἀναγκαῖον
626 414 727 449 οίηθεὶς
758 414 852 449 ὥσπερ
881 414 930 445 τὰς

147 457 282 491 κοσμικὰς
294 458 456 492 διαφθορὰς,
464 457 535 485 οὕτω
544 458 575 494 δὴ
587 459 632 485 καὶ
646 459 696 491 τὰς
711 460 760 494 τῆς
767 452 931 494 Ἐκκλησίας

147 502 293 536 παύεσθαι,
318 503 364 529 τδν
383 503 536 531 Ἀκίνδυνον
558 505 708 540 Γρηγόριον
724 506 764 532 ἔτι
791 505 929 541 περιόντα,

147 545 176 577 ὃς
186 554 228 577 τις
237 546 288 581 τῆς
296 547 424 583 τοιαύτης
437 548 587 584 διαφθορᾶς
597 550 664 584 μετά
674 549 804 585 Βαρλαάμ
819 550 933 585 μάλιστα

147 593 281 628 προέστη,
293 594 341 629 οὐχ
356 593 439 627 ἅπαξ,
452 594 519 621 ἀλλά
533 596 578 621 καὶ
592 595 720 628 πολλάκις
733 597 932 631 μετεπέμψατο,

149 637 198 663 καὶ
212 638 319 664 ἐκέλευε
333 639 388 667 τῶν
398 640 666 675 ἀντικαθισταμένων
688 642 839 675 ἀναφανδὸν
867 651 934 668 κατ-

149 686 269 719 ηγορεῖν,
285 686 313 712 ετ
325 695 350 712 τι
361 686 428 722 ἔχοι.
445 687 570 714 Μάλιστα
586 689 640 724 γάρ
669 689 759 721 αὑτὸν,
775 691 813 720 sic;
841 689 935 723 λόγους

151 729 274 765 ἀλλήλοις
282 731 413 759 ἐλθόντων
420 732 473 759 τῶν
488 733 579 769 μερῶν
593 733 734 769 βούλεσθαι
750 734 846 761 ειδέναι
856 735 938 770 τάλη-

150 775 206 807 θὲς,
221 777 254 802 ὲκ
273 777 328 803 τῶν
356 778 425 812 πρὸς
448 778 580 814 ἀλλήλους
606 779 766 814 ἀντιλογιῶν
795 781 936 816 γινομένου

150 821 293 855 Ιναργοῦς..
311 821 461 855 ’Δκίνδυνος
475 824 538 859 γάρ,
549 824 627 856 αὐτὸς
641 825 689 860 μὲν
702 826 937 861 παρρησιάζεσθαι

151 866 201 892 οὐκ
212 866 334 902 ἐθάρρει,
363 867 473 904 ἑτέρους
500 870 528 896 δέ
556 878 632 901 τινας
659 871 847 905 προσπέμπων
874 872 936 903 τοὺς

151 910 226 946 αὐτῷ
241 912 406 948 φρονοῦντας
432 914 486 946 ἶσα,
518 915 623 949 βασιλεῖ
648 916 684 942 δι’
712 916 790 951 ὄχλου
814 917 935 951 γίνεσθαι

152 957 311 990 παρέπειθε,
329 958 378 984 καὶ
393 958 441 994 τήν
452 959 529 995 δίκην
553 961 716 994 ἐξαιτεῖσθαι
728 962 766 992 ὡς
794 956 936 998 ἀδικουμέ-

150 1009 224 1034 νους,
257 1003 304 1029 καὶ
331 1003 495 1041 διαστροφὴν
525 1007 742 1042 ἐγκαλουμένους
770 1008 823 1036 τῶν
848 1009 936 1044 ὀρθῶν

151 1045 305 1081 δογμάτων,
317 1048 372 1075 τῶν
380 1057 413 1075 πε
418 1051 444 1085 ρὶ
455 1050 587 1085 Παλαμᾶν
598 1052 697 1087 μᾶλλον
705 1054 832 1080 τοιούτων
840 1054 935 1087 ὄντων,

150 1092 199 1118 καὶ
212 1092 324 1119 δικαίων
339 1093 507 1126 ἐξωθεῖσθαι.
526 1096 566 1122 Δι’
579 1097 596 1124 ἃ
615 1098 629 1124 ό
652 1097 788 1132 βασιλεὺς,
818 1099 937 1126 Ἀκινδύ-

151 1145 190 1172 νῳ
218 1137 318 1172 μᾶλλον
342 1141 498 1176 παρρησίας
511 1142 657 1176 μετεδίδου,
688 1144 736 1171 καὶ
765 1145 872 1172 ἐκέλευε
898 1147 936 1182 μὴ

150 1182 233 1210 αὑτὸν
247 1185 444 1220 κρυπτόμενον,
461 1186 495 1213 δι’
512 1184 613 1223 ἐτέρων
626 1188 673 1224 τὴν
686 1190 817 1224 διαφορὰν
838 1191 934 1217 ἀνακι-

150 1229 225 1255 νεῖν·
243 1229 301 1255 ἀλλ’
314 1231 396 1258 αὑτὸν
415 1232 444 1258 ἐν
461 1233 570 1268 φανερῷ
585 1235 641 1266 τοῖς
667 1235 798 1266 ἐναντίοις
825 1236 937 1263 ἀντικα-

150 1276 300 1310 ταστάντα,
333 1277 349 1312 ἢ
378 1279 456 1313 νικᾷν
484 1279 516 1305 ἂν
552 1280 683 1316 φαίνηται
727 1281 827 1316 μᾶλλον
856 1282 937 1313 αὐτὸς

151 1321 333 1358 εὐσεϐέστερα
353 1324 522 1359 πρεσεεύων,
537 1325 553 1360 ἢ
571 1326 728 1360 ἡττώμενος
754 1327 936 1362 διορθοῦσθαι,

151 1368 199 1394 καὶ
215 1368 253 1403 μὴ
264 1369 461 1405 ἀναισχυντεῖν,
477 1370 521 1405 ἐφ’
536 1368 576 1403 οἷς
608 1372 689 1404 αὐτὸς
708 1373 796 1400 ἀδικεῖ
823 1374 936 1408 μᾶλλον,

153 1413 260 1448 ἃτέροις
284 1414 334 1449 τὴν
361 1417 540 1452 παρατροπὴν
569 1417 619 1452 τῆς
645 1419 773 1454 ἀληθείας
801 1421 935 1454 ἐγκαλῶν.

159 1458 314 1491 Ἀκίνδυνος
333 1460 361 1487 δὲ
377 1461 595 1497 ἀπηγγελμένων
617 1464 692 1499 αὐτῷ
722 1465 776 1491 τῶν
803 1465 936 1500 βασιλέως

154 1504 252 1538 λόγων,
269 1505 386 1540 μάλιστα
399 1507 448 1542 μὲν
461 1507 563 1542 ἔφασκε
579 1509 721 1544 βούλεσθαι
748 1512 938 1541 ἀντικαθίστα-

978 277 1126 304 eessarinm
1154 282 1283 311 reputans
1307 277 1445 312 quomodo
1467 277 1583 308 civiles,
1610 277 1650 304 sic
1676 277 1759 303 etiam

979 323 1177 351 ecclesiasticas
1205 323 1301 351 sedare
1341 324 1404 351 lites
1439 329 1520 359 atque
1547 323 1760 352 controversias.
1797 319 1802 324 ’

980 369 1140 404 Gregorium
1147 369 1319 404 Acindynum
1327 370 1417 397 adhuc
1424 370 1598 405 superstitem
1611 369 1693 404 798
1704 369 1761 403 (qui

981 422 1041 441 cum
1067 414 1208 441 Barlaamo
1236 415 1300 442 huic
1315 415 1428 442 dissidio
1454 420 1549 443 auctor
1583 419 1611 442 et
1632 419 1764 448 patronus

982 459 1060 493 fuit),
1077 467 1132 486 non
1146 460 1240 492 semel,
1257 461 1304 487 sed
1318 461 1417 495 saepius
1431 460 1584 493 advocavit,
1599 464 1626 487 et
1636 460 1765 487 adversa—

982 505 1048 538 rios,
1064 499 1100 533 "si
1128 505 1193 539 quid
1219 506 1341 537 haberet,
1374 506 1518 533 manifeste
1546 513 1609 533 reos
1635 513 1765 540 peragere

980 550 1064 585 jussit
1081 557 1088 575 :
1110 549 1226 576 maxime
1242 551 1314 577 enim
1338 558 1377 582 se,
1397 551 1521 585 partibus
1537 550 1764 584 disceptantibua.

983 594 1126 622 veritatem
1149 603 1182 621 ex
1208 600 1301 622 mutua
1321 595 1495 623 contentione
1516 596 1670 623 elucentem
1697 595 1766 621 velle

985 648 1159 676 cognoscere.
1174 641 1332 676 Acindyuus
1350 642 1485 676 siquidem
1511 643 1568 676 ipse
1583 641 1670 668 libcre
1691 640 1766 675 loqui

987 695 1042 714 non
1055 687 1183 718 audebat,
1199 687 1247 714 sed
1275 687 1343 715 alios
1360 687 1493 722 quosdam
1516 687 1611 713 farinae
1631 694 1687 713 sua:
1702 686 1768 712 alle-

987 739 1063 766 gens,
1081 731 1214 759 suadebat
1229 734 1269 759 eis
1292 733 1429 767 nequiter,
1448 737 1477 759 ut
1498 733 1690 766 imperatorem
1708 735 1768 757 tur-

987 777 1097 811 barent,
1117 781 1144 804 et
1171 777 1307 804 actionem
1331 782 1458 813 tanquam
1480 778 1547 808 laesi,
1570 778 1657 812 deque
1673 784 1769 803 corru-

989 823 1060 857 ptela
1076 827 1212 850 rectorum
1232 824 1386 858 dogmatum
1412 824 1480 851 falso
1501 823 1620 851 accusati
1647 823 1769 857 postula-

991 875 1061 902 rent,
1089 878 1149 897 cum
1175 871 1266 905 potius
1290 871 1356 898 socii
1381 871 1495 898 Palamae
1520 870 1587 897 tales
1609 873 1713 901 essent,
1742 874 1770 896 et

986 915 1120 950 proscribi
1138 920 1318 943 mererentur.
1333 916 1465 948 Quocirca
1479 916 1628 950 imperator
1639 915 1768 950 majorem

986 959 1129 996 Acindyno
1153 961 1306 988 libertatem
1331 961 1516 995 impertiebat,
1540 960 1653 987 hortans
1680 967 1714 986 ne
1741 966 1769 986 se

986 1006 1144 1038 occultaret,
1164 1011 1212 1033 aut
1227 1014 1275 1041 per
1287 1007 1355 1034 alios
1372 1007 1573 1034 controversias
1594 1006 1741 1033 suscitaret
1761 1013 1768 1033 :

986 1052 1033 1080 sed
1057 1053 1143 1086 palam
1168 1060 1199 1079 ac
1224 1060 1272 1086 per
1299 1060 1328 1079 se
1362 1052 1528 1079 adversariis
1555 1051 1696 1083 resistens,
1723 1055 1771 1078 aut

986 1100 1119 1130 vinceret,
1132 1099 1153 1126 si
1170 1098 1255 1133 magis
1273 1099 1402 1132 pietatem
1427 1098 1485 1132 ipse
1501 1097 1590 1124 colere
1608 1097 1748 1124 videretur
1762 1105 1769 1122 :

987 1149 1034 1173 aut
1050 1146 1138 1173 victus
1151 1145 1334 1180 corrigeretur
1352 1153 1358 1171 :
1375 1152 1444 1171 neve
1468 1144 1643 1178 impudenter
1666 1147 1770 1178 ageret,

987 1191 1048 1218 aliis
1064 1190 1261 1218 dissensionem
1279 1198 1294 1216 a
1317 1189 1430 1216 veritate
1452 1189 1634 1223 exprobrans,
1659 1195 1721 1214 cum
1743 1187 1770 1213 in

987 1244 1020 1264 eo
1035 1237 1151 1270 ipsemet
1168 1236 1258 1263 scelus
1274 1236 1442 1262 admitteret.
1469 1235 1517 1262 llle
1539 1233 1632 1261 verbis
1655 1233 1773 1267 impera.—

988 1282 1055 1309 toris
1080 1281 1132 1308 sibi
1160 1281 1322 1308 renuntiatis
1347 1288 1498 1315 pereupere
1528 1288 1557 1308 se
1587 1281 1656 1307 dixit
1683 1280 1771 1315 palam

988 1328 1155 1363 respondere
1181 1329 1362 1360 adversariis;
1387 1328 1484 1355 timere
1501 1333 1604 1360 autem,
1625 1336 1659 1355 ne
1682 1328 1704 1355 si
1721 1337 1772 1362 μι-

988 1373 1060 1401 blieo
1077 1381 1106 1401 se
1123 1373 1226 1406 credat,
1245 1381 1339 1408 poenas
1355 1376 1515 1407 reposcatur
1531 1380 1638 1404 eorum,
1660 1373 1688 1399 in
1713 1373 1774 1406 qui-

988 1420 1041 1447 bus
1055 1419 1216 1454 patriarchte
1235 1419 1333 1447 Joanni
1355 1419 1419 1446 belli
1444 1424 1567 1453 tetnpore
1587 1418 1771 1450 subserviens,

991 1465 1183 1499 imperatorem
1201 1464 1360 1491 olfenderit.
1378 1464 1530 1498 imperator
1547 1464 1638 1491 statim
1654 1463 1772 1491 edictum

989 1511 1127 1546 proponit,
1143 1515 1172 1537 ut
1185 1511 1344 1546 Acindynus
1359 1510 1426 1536 nihil
1443 1510 1539 1537 durius
1562 1509 1723 1541 formidans,
1740 1510 1774 1537 de

157 1550 220 1578 σθαι
243 1553 299 1584 τοῖς
329 1553 512 1588 ἀντιλέγουσι.
538 1555 689 1583 Δεδοικέναι
714 1557 743 1584 δὲ
762 1557 800 1593 μὴ
822 1560 938 1595 φανερὸς

994 1556 1128 1591 dogmatis
1140 1564 1200 1590 qua:
1214 1563 1278 1583 vera
1301 1559 1388 1590 putet,
1407 1556 1475 1583 citra
1495 1559 1597 1582 metum
1620 1560 1773 1589 expromat.

156 1599 312 1632 γενόμενος,
329 1600 405 1631 δίκας
428 1601 578 1637 ἀπαιτῆται
593 1599 628 1628 ὧν
640 1602 686 1629 καὶ
701 1603 781 1635 αὐτὸς
808 1605 882 1639 παρὰ
893 1606 937 1632 τὸν

991 1601 1174 1628 Nihilominus
1206 1601 1262 1633 ille,
1279 1601 1362 1627 etiam
1379 1605 1453 1627 tanta
1479 1600 1606 1627 libertate
1631 1608 1772 1631 concessa,

155 1643 202 1671 τοῦ
218 1644 337 1679 πολέμου
355 1646 449 1681 χρόνον
464 1647 502 1681 τῷ
518 1647 669 1684 πατριάρχῃ
690 1649 800 1685 Ἰωάννῃ
816 1651 938 1684 συναιρό-

157 1698 237 1725 μενος
260 1692 446 1727 προσέκρουσε
463 1693 532 1729 πρὸς
561 1694 682 1728 βασιλέα.
699 1695 754 1722 Καὶ
777 1697 791 1722 ό
813 1696 938 1731 βασιλεὺς

155 1736 254 1762 αὐτίκα
263 1736 402 1771 θέσπισμα
416 1737 541 1772 ἑξετίθει,
553 1739 622 1766 ὥστε
635 1740 771 1775 μηδεμίαν
788 1741 939 1768 Ἀκίνδυνον

157 1779 261 1815 βλάϐην
270 1780 507 1816 ὐφορᾶσθαι,άλλά
517 1783 658 1819 παρρησίᾳ
667 1785 730 1819 περὶ
737 1785 790 1811 τῶν
798 1784 940 1820 δογμάτων

158 1824 248 1858 λέγειν
266 1825 315 1852 ὅσα
328 1825 413 1852 οἴεται
428 1824 497 1853 εἶναι
519 1827 616 1862 ἀληθῆ.
645 1829 674 1854 '0
686 1828 714 1855 δὲ
729 1829 775 1855 καὶ
793 1832 862 1864 μετά
891 1830 940 1864 τὴν

157 1870 292 1905 τοσαύτην
307 1870 398 1898 ἄδειαν
411 1872 511 1906 μᾶλλον
523 1872 627 1909 ἀφανὴς
642 1871 687 1908 ἦν,
711 1874 758 1901 καὶ
786 1875 831 1901 τὸν
860 1875 940 1909 ζόφον

157 1915 296 1950 ᾑρημένος
326 1916 391 1951 ἄχρι
416 1917 557 1953 τελευτῆς,
587 1919 633 1945 καὶ
661 1919 731 1954 μετά
756 1919 806 1955 τὴν
835 1921 940 1947 ἐκείνου

157 1961 294 1997 τελευτὴν,
312 1963 340 1989 at
348 1971 378 1989 τε
395 1964 527 1999 πρότερον
547 1965 580 1992 τὰ
597 1964 640 1991 ἴσα
653 1966 797 2001 ᾑρημένοι,
819 1967 940 1999 διαδεξά-

161 2015 236 2042 μενοι
249 2009 297 2042 τὴν
308 2008 454 2044 διαφορὰν,
466 2010 505 2036 ἔτι
519 2019 548 2036 τε
559 2011 574 2037 ὁ
588 2011 636 2046 τῆς
656 2012 787 2046 Ἐφεσίων
800 2012 940 2048 πρόεδρος,

160 2053 207 2079 καὶ
229 2053 304 2080 ἄλλοι
336 2055 394 2081 ὅσοι
418 2055 611 2090 αἱρεθήσεσθαι
644 2057 798 2089 ἐλπίζοντες
815 2058 862 2084 ἐπὶ
886 2057 942 2086 τῶν

160 2100 365 2135 πατριαρχικῶν
375 2101 478 2136 θρόνων
486 2102 657 2137 ἠγανάκτουν
673 2104 717 2130 διὰ
725 2104 773 2139 τὴν
781 2104 940 2139 ἀποτυχίαν,

161 2145 341 2180 προσθέμενοι
356 2147 482 2180 ἐκείνοις,
497 2149 543 2175 καί
555 2158 596 2175 τοι
611 2150 743 2185 Βαρλαάμ
767 2159 796 2176 τε
818 2151 942 2185 καταψη-

160 2189 305 2225 φισάμενοι
325 2191 375 2226 τὴν
392 2191 491 2227 ἀρχὴν,
518 2193 565 2219 καὶ
588 2192 700 2228 ὕστερον
725 2193 796 2221 κατά
818 2195 941 2221 Ἰωάννου

993 1654 1022 1674 se
1042 1647 1177 1677 occulere,
1194 1650 1222 1673 et
1237 1647 1264 1672 in
1286 1645 1398 1673 latebris
1414 1653 1500 1680 usque
1518 1645 1551 1671 ad
1574 1645 1680 1672 obitum
1705 1645 1774 1672 deii-

994 1696 1109 1720 tescere.
1140 1692 1205 1719 Post
1217 1691 1336 1718 hominis
1362 1691 1467 1718 obittun
1492 1691 1551 1726 ejus
1578 1695 1658 1718 sectae
1680 1690 1775 1718 allines

993 1737 1136 1765 dissidium
1161 1737 1329 1771 excipientes
1357 1736 1558 1772 (Ephesiorum
1582 1737 1714 1769 antistite,
1747 1742 1775 1764 et

993 1783 1055 1810 aliis
1068 1783 1114 1817 qui
1128 1790 1157 1810 se
1172 1783 1271 1809 throno
1284 1781 1467 1816 patriarchico
1482 1789 1563 1816 quem
1585 1787 1774 1816 speraverant,

993 1828 1130 1856 excidisse
1168 1828 1390 1862 indignabantur,
1419 1827 1625 1859 accedentibus,
1650 1828 1777 1862 quamvis

994 1873 1165 1900 Barlaamum
1195 1880 1210 1900 a
1239 1873 1375 1907 principio
1408 1872 1595 1905 damnassent,
1627 1877 1776 1907 posteaque

995 1924 1088 1946 contra
1101 1919 1232 1946 Joannem
1256 1918 1450 1953 patriarcham,
1478 1923 1506 1945 et
1531 1918 1701 1953 Acindynum
1722 1918 1776 1945 fre-

996 1965 1139 1998 muissent,
1155 1969 1182 1993 et
1203 1965 1331 1992 omnibus
1348 1964 1461 1991 calculis
1479 1964 1554 1991 illum
1578 1964 1612 1991 de
1625 1964 1710 1999 gradu
1727 1964 1777 1990 de-

997 2011 1163 2041 turbassent,
1190 2010 1225 2037 ob
1254 2010 1306 2037 hoc
1335 2009 1434 2042 solum,
1464 2009 1537 2044 quod
1569 2009 1703 2036 Barlaami
1749 2014 1777 2036 ct

995 2055 1128 2091 Acindyni
1144 2055 1295 2082 doctrinam
1312 2054 1516 2090 admiraretur)
1529 2055 1778 2088 tumultuabautur,

996 2106 1024 2129 et
1049 2101 1199 2128 Ecclesiam
1226 2100 1454 2131 eritninabantur,
1484 2100 1557 2135 quod
1585 2100 1618 2127 de
1645 2101 1779 2135 dogmatis

996 2147 1070 2179 lidei,
1085 2155 1145 2181 quae
1164 2147 1280 2181 theologi
1295 2153 1349 2173 non
1366 2145 1551 2177 tradidissent,
1571 2145 1628 2180 ipsa
1641 2151 1668 2173 et
1693 2147 1778 2173 hono-

998 2193 1072 2220 rilice
1088 2192 1212 2224 sentiret,
1225 2197 1253 2218 et
1267 2191 1335 2218 alios
1352 2191 1473 2218 doceret.
1498 2191 1602 2218 Idcirco
1618 2191 1779 2225 imperator,

159 2236 205 2262 τοῦ
215 2238 395 2272 πατριάρχου,
404 2239 450 2265 καὶ
467 2239 623 2266 Ἀκινδύνου
643 2239 808 2271 πνεύσαντες
816 2239 938 2275 σφοδρὸν,

995 2244 1088 2266 coacta
1100 2238 1215 2274 synodo,
1238 2238 1367 2272 dogmata
1389 2238 1416 2264 in
1447 2237 1667 2272 disquisitionem
1690 2237 1779 2264 addu—

160 2283 208 2310 καὶ
220 2283 319 2318 ψήφοις
332 2284 450 2316 ἀπάσαις
467 2285 570 2312 ἐκεῖνον
594 2284 754 2317 καθελόντες
779 2284 829 2319 τῆς
855 2285 943 2319 ἀρχῆς

161 2327 194 2354 δι’
209 2329 285 2355 οὐδὲν
299 2328 402 2364 ἕτερον,
422 2329 480 2364 ἧτὸ
499 2329 535 2355 τὰ
551 2329 684 2364 Βαρλαάμ
711 2331 758 2356 καὶ
787 2328 943 2356 Ἀκινδύνου

161 2374 411 2408 πεπρεσϐευκέναι,
438 2375 585 2410 ὲθορύὸουν
610 2383 638 2401 τε
673 2375 786 2410 ὕστερον
818 2375 866 2401 καὶ
895 2376 945 2410 τῆς

168 2421 332 2458 Ἐκκλησίας
344 2422 524 2457 κατηγόρουν,
538 2422 575 2453 ὡς
589 2423 664 2458 παρά
675 2423 729 2449 τῶν
746 2422 879 2457 θεολόγων
896 2421 945 2458 τὴν

164 2470 313 2504 παράδοσιν
339 2470 405 2504 περὶ
430 2468 486 2495 τῶν
511 2469 562 2502 τῆς
590 2469 708 2500 πίστεως
731 2469 874 2503 δογμάτων
898 2469 946 2495 καὶ

163 2515 378 2551 πρεσϐευούσης,
396 2515 444 2541 καὶ
460 2515 522 2546 τοὺς
538 2514 633 2546 ἄλλους
650 2514 839 2549 διδασκούσης.
855 2513 893 2540 Δι’
905 2513 946 2540 ἀΰ

165 2562 290 2598 βασιλεὺς
316 2561 394 2596 ᾠήθη
421 2561 476 2587 δεῖν
509 2561 618 2588 σύνοδον
652 2561 792 2596 ἀθροίσας,
824 2560 947 2593 ἐξέτασιν

163 2607 298 2635 ποιεῖσθαι
328 2609 391 2644 περὶ
409 2607 463 2634 τῶν
484 2606 536 2642 τῆς
559 2607 676 2638 πίστεως
699 2606 852 2642 δογμάτων.
871 2606 948 2632 Ἐπεὶ

163 2656 192 2682 δὲ
208 2653 338 2689 συνῆλθον
352 2654 376 2681 οι
391 2653 571 2689 ἑκασταχόθεν
583 2652 733 2687 προστάται
756 2653 809 2680 τῶν
832 2652 949 2688 Ἐκκλη-

165 2702 231 2728 σιῶν
245 2700 408 2735 ἀμφοτέρων
425 2699 478 2726 τῶν
493 2699 586 2734 μερῶν
599 2698 752 2734 γενομένων
763 2700 791 2725 ὲν
806 2698 949 2734 βασιλείοις

165 2749 221 2776 τοῖς
237 2747 292 2785 τῷν
303 2747 463 2782 Βλαχερνῶν
482 2746 649 2780 λεγομένοις,
670 2744 716 2771 καὶ
744 2744 874 2779 βασιλέως
900 2743 948 2770 τοῦ

167 2792 392 2827 Καντακουζηνοῦ
403 2792 544 2826 παρόντος,
554 2790 662 2818 καὶτῶν
673 2791 701 2817 ὲν
714 2790 786 2816 τέλει
806 2789 950 2825 Ῥωμαίων

167 2840 220 2866 τῶν
235 2839 351 2874 μάλιστα
362 2839 513 2874 ἐπιφανῶν,
533 2837 579 2864 ἐπὶ
604 2837 749 2876 τέσσαρσιν
763 2836 881 2871 ἡμέραις
897 2836 950 2862 τῶν

167 2886 429 2921 ἀμφισϐητουμένων
461 2884 512 2920 τὴν
540 2883 662 2916 ἐξέτασιν
690 2883 860 2918 ὲποιήσαντο.
879 2882 950 2909 ’Ὀσα

996 2283 1082 2310 ceuda
1102 2283 1218 2310 censuit.
1234 2282 1295 2316 ,Ubi
1318 2282 1500 2316 undequaque
1529 2282 1711 2309 Ecclesiarum
1738 2290 1781 2308 re-

996 2334 1086 2357 ctores
1111 2333 1308 2359 convenerunt.
1340 2333 1368 2355 et
1395 2332 1510 2362 utraque
1548 2336 1612 2362 pars
1648 2328 1726 2355 alluit
1753 2329 1780 2355 in

996 2376 1095 2410 palatio
1118 2375 1145 2402 iu
1167 2374 1327 2402 Blacbernis
1345 2381 1406 2408 quae
1427 2374 1567 2405 dicuntur,
1593 2374 1671 2402 atl‘uit
1697 2375 1779 2401 etiam

996 2421 1206 2449 Cantacuzcnus
1223 2420 1383 2454 imperator,
1403 2425 1431 2447 et
1448 2420 1481 2447 de
1498 2420 1642 2447 nobilitate
1658 2420 1784 2447 Romana

997 2465 1302 2500 illustrissimiquique,
1317 2465 1398 2500 799
1420 2465 1505 2500 inque
1529 2466 1782 2492 controversiarum

997 2513 1149 2548 quaestione
1161 2511 1221 2539 dies
1236 2517 1354 2546 quatuor
1374 2511 1529 2546 consumpti
1553 2516 1627 2538 sunt.
1651 2511 1780 2544 Quantam

998 2559 1081 2594 igitur
1095 2558 1131 2585 ibi
1147 2557 1337 2585 altercationes
1350 2557 1506 2585 exstiterint
1517 2556 1782 2584 Palamte'l‘hessalo-

998 2605 1118 2632 nicensis
1143 2604 1264 2639 episcopi
1289 2604 1362 2639 (cum
1380 2611 1413 2631 eo
1434 2603 1508 2631 enim
1529 2602 1700 2637 potissimum
1723 2610 1784 2629 cer-

1000 2654 1090 2678 tamen
1104 2650 1173 2684 crat)
1188 2654 1216 2677 et
1230 2649 1478 2683 Acindynianorum
1503 2649 1630 2684 (quorum
1654 2647 1742 2682 capita
1756 2651 1785 2674 et

999 2696 1170 2731 antesignani
1186 2695 1297 2731 Ephesi,
1314 2699 1342 2723 et
1357 2694 1427 2722 Gani
1444 2695 1634 2729 metropolitze,
1648 2693 1783 2728 Gregoms

1000 2743 1066 2770 item
1094 2747 1121 2769 et
1140 2742 1239 2769 Dexius
1256 2740 1346 2776 erant)
1362 2748 1578 2768 commemorare
1601 2741 1650 2767 hoc
1664 2740 1723 2766 loco
1738 2746 1788 2766 sus

1000 2795 1200 2823 pervacaneum
1221 2791 1304 2814 esset.
1332 2785 1360 2813 Si
1385 2786 1463 2822 cujus
1490 2794 1523 2813 ea
1548 2793 1629 2813 nosse
1655 2785 1786 2815 interest,

1003 2840 1106 2862 tomum
1124 2841 1207 2868 super
1220 2833 1272 2859 hoc
1289 2832 1486 2867 conscriptum,
1499 2836 1527 2859 et
1541 2830 1679 2866 sigillatitn
1690 2830 1787 2856 (inania.

1003 2883 1173 2908 recusantem
1212 2878 1284 2913 legat
1319 2877 1403 2910 licet,
1436 2881 1477 2905 sat
1509 2881 1646 2911 superque
1689 2873 1798 2900 omnia,
