1941 3088
181 170 234 202 183

766 174 888 204 JOANN
895 175 900 202 l
907 175 927 203 S
951 173 1212 205 CANTACUZENI

1745 175 1795 208 181

176 229 273 257 discet.
289 229 357 257 lllud
374 231 565 258 tantummodo
577 231 640 259 huic
653 232 775 260 historiae
792 233 965 260 inserendum

1020 234 1069 266 μὲν
1081 233 1126 260 οὖν
1143 234 1267 268 ἀλλήλοις
1284 233 1418 264 ἀντεῖπον,
1448 231 1579 266 Παλαμᾶς
1593 240 1623 257 τε
1636 231 1649 257 ὁ
1666 231 1799 259 Θεσσαλο-

177 276 316 308 duximus,
340 276 475 312 Acindyni
490 282 654 310 sectatores,
670 279 747 312 quasi
769 280 794 305 in
812 279 871 312 ipso
884 279 966 309 l'nrto,

174 328 206 349 ut
221 322 334 354 dicitur,
354 330 417 350 curn
437 323 581 351 Barlaamo
597 324 630 351 de
650 324 778 351 Ecclesiae
794 324 967 359 dogmatibus

176 374 273 402 sapere
302 367 489 402 deprehensos
519 369 613 397 fuisse.
649 369 819 403 Quapropter
845 370 967 404 synodus

176 413 276 447 Ephesi
302 418 330 439 et
363 413 430 440 Gani
458 414 603 449 episcopos
625 415 721 442 ordine
745 415 895 442 movendos
910 415 958 442 de-

176 461 264 486 crevit
279 468 286 487 :
303 460 476 487 Barlaamum
495 468 570 493 vero,
586 466 614 487 et
628 461 798 496 Acindyuum
813 469 826 488 a
853 461 965 495 reliquo

177 505 306 533 Ecclesia:
336 514 463 541 corpore,
491 511 521 533 ut
547 507 668 534 membra
691 508 785 534 morbo
810 507 957 534 insanabili-

178 551 288 584 iniecta,
313 552 470 586 nulliusque
494 553 674 580 correctionis
700 557 760 587 post
780 559 894 580 mortem
919 561 964 580 ca-

175 596 264 631 pacia,
281 596 425 624 manifeste
441 598 601 631 amputavit.
625 597 653 625 Si
668 598 730 632 quis
754 602 846 625 autem
868 606 964 625 eorum

177 643 282 670 nefaria
299 642 440 678 impietate
463 643 590 670 damnata
607 644 640 671 ad
656 649 756 671 rectam
771 645 900 672 semitam
919 653 965 672 re-

177 689 267 720 diens,
297 689 483 724 incorruptam
501 690 631 717 Ecclesia.-
658 690 812 717 doctrinam
843 692 964 726 comple-

176 738 308 765 cteretur,
336 741 398 760 eum
428 734 462 760 ab
495 734 615 761 Ecclesia
643 734 862 770 suscipiendum.
888 740 965 762 etut

177 778 301 805 membro
326 778 458 814 legitimo,
483 780 542 807 sine
567 780 619 806 ulla
642 781 845 815 prmtcritorum
871 789 964 816 repre-

180 825 324 857 hensione,
341 829 395 858 ;aut
410 825 623 859 exprobratione
646 827 845 860 providendum
876 831 964 854 statu-

177 873 270 896 erunt.
284 869 335 902 Qui
349 878 436 904 usque
451 870 482 897 ad
501 875 654 897 extremum
667 871 794 905 spiritum
809 871 963 899 obstinatus

178 917 324 946 manuret',
351 915 447 942 iisdem
473 916 580 949 poenis,
605 915 706 950 quibus
746 915 903 943 Barlaamus
936 921 964 944 et

180 959 353 995 Aeindynus,
372 961 546 989 multaretur.
567 960 791 988 Secundumhazc
803 967 892 989 tomus
908 966 963 989 ter-

178 1006 234 1032 tius
269 1005 378 1032 duobus
399 1005 536 1039 prioribus
557 1011 599 1034 est
613 1006 732 1034 additus.
749 1007 816 1034 Nam
839 1008 885 1034 ille
903 1012 965 1042 post

176 1050 292 1078 Joannis
308 1052 472 1086 patriarcha:
497 1052 700 1080 abdicationem
720 1054 895 1088 conscriptus
908 1055 964 1089 (cui

177 1096 260 1123 etiam
298 1097 455 1131 patriarcha
496 1096 748 1133 Hierosolymorum
788 1099 963 1134 subscripsit)

177 1142 312 1169 Barlaami
334 1146 364 1170 et
387 1142 519 1178 Acindyni
544 1143 705 1170 sceleratam
731 1143 899 1178 impietatem
937 1149 966 1172 et

178 1195 374 1222 germanorum
415 1188 572 1223 dogmatum
613 1189 818 1222 corruptionem
852 1190 966 1224 -delegit

179 1234 273 1268 (quam
292 1233 328 1260 ob
343 1241 452 1260 causam
473 1238 500 1261 et
524 1234 643 1261 Joannes
660 1235 816 1268 patriarcha
832 1235 896 1262 sede
917 1243 965 1263 sua

180 1278 312 1312 depulsus
329 1283 381 1311 est,
404 1278 477 1313 quod
506 1279 636 1306 nimirum
658 1287 719 1306 cum
743 1280 883 1307 Barlaamo
901 1288 967 1308 sen-

181 1323 270 1358 tiret),
284 1328 312 1351 et
335 1323 450 1358 primus,
477 1329 538 1359 post
560 1324 782 1359 dijudicationem
817 1325 966 1354 Andronici

178 1369 297 1403 iunioris
326 1369 498 1403 imperatoris
524 1370 702 1404 compositus,
729 1371 837 1405 quando
863 1375 891 1398 et
921 1379 966 1405 pa-

182 1414 301 1441 triarcha
313 1414 430 1442 Joannes
445 1414 549 1450 synodo
565 1415 739 1449 praesidebat.
765 1423 845 1450 quem
866 1421 894 1442 et
908 1417 966 1451 ipse

181 1467 262 1487 manu
280 1467 329 1487 sua
353 1460 534 1494 subsignavit,
549 1469 602 1487 non
626 1460 715 1487 solum
742 1460 912 1488 Barlaamum
938 1467 966 1489 ct

181 1506 365 1541 Acindynum,
383 1509 412 1532 ut
434 1506 550 1541 iniustos
577 1506 773 1533 monachorum
791 1511 967 1535 accusatores

1017 281 1105 315 νίκης,
1118 279 1185 314 πρὸς
1197 280 1299 306 ἐκεῖνον
1315 278 1368 313 γὰρ
1384 277 1502 313 μάλιστα
1517 279 1530 304 ό
1546 277 1623 311 λόγος
1638 275 1683 312 ἦν,
1701 278 1747 304 καὶ
1773 279 1799 305 οι

1016 325 1050 351 τὰ
1080 325 1232 351 Ἀκινδύνου
1262 324 1404 359 ᾑρημένοι,
1433 320 1470 350 ὦν
1492 321 1526 358 ἦν
1551 323 1707 357 κεφάλαιον,
1730 322 1745 349 ὅ
1770 331 1800 348 τε

1023 371 1134 405 Ἐφέσου
1157 371 1204 398 καὶ
1215 366 1231 397 ὅ
1247 370 1349 397 Γαύνου
1364 369 1573 404 μητροπολῖται,
1584 369 1631 395 καὶ
1645 368 1799 403 Γρηγορᾶς,

1017 417 1063 442 καὶ
1076 415 1176 449 Δεξιδς,
1187 416 1236 442 οὐκ
1251 416 1398 449 ἀναγκαῖον
1408 414 1569 450 διηγεῖσθαι.
1584 413 1615 440 Εἰ
1628 414 1682 448 γάρ
1702 422 1741 448 τῳ
1765 413 1799 439 τὰ

1016 461 1126 488 τοιαῦτα
1139 460 1278 496 προῦργου
1295 461 1400 495 μαθεῖν,
1413 459 1452 494 τῷ
1467 460 1531 494 περὶ
1550 459 1652 486 τούτων
1676 467 1800 494 γεγραμ-

1017 507 1089 541 μένῳ
1100 507 1128 532 τό
1132 515 1185 541 μῳ,
1194 506 1264 533 κατὰ
1275 506 1308 541 μέ
1313 514 1356 541 ρος
1365 505 1472 532 ἅπαντα
1479 505 1648 540 διηγουμένῳ
1654 504 1801 539 ἐντυχόντι,

1017 554 1105 580 πάντα
1129 553 1251 589 ἀκριϐῶς
1262 553 1360 580 ειδέναι
1386 552 1542 587 περιέσται.
1562 552 1664 577 Ἐκεῖνο
1679 551 1706 577 δὲ
1723 551 1801 584 μόνον

1014 599 1162 632 ἀναγκαῖον
1176 596 1245 625 εῐναι
1264 597 1425 633 ἡγησάμεθα
1441 597 1618 633 προσκεῖσθαι
1634 597 1667 632 τῇ
1684 596 1800 631 ἱστορίᾳ,

1015 645 1053 678 ὡς
1066 645 1187 672 ἑάλωσαν
1199 645 1243 671 ἐπ’
1251 644 1402 680 αὐτοφώρῳ
1415 644 1440 670 οῐ
1451 643 1484 670 τὰ
1503 642 1657 671 Ἀκινδύνου
1669 641 1802 678 ᾑρημένοι

1014 692 1062 722 τὰς
1075 692 1135 722 ἴσας
1146 691 1223 724 δόξας
1241 691 1372 726 Βαρλαὰμ
1390 690 1456 724 περὶ
1474 689 1528 716 τῶν
1542 689 1685 723 δογμάτων
1695 690 1803 723 ἔχοντες

1015 736 1062 769 τῆς
1083 736 1256 770 Ἔκκλησῖας.
1272 737 1317 762 Διδ
1336 735 1389 761 τῶν
1417 734 1632 769 μὲνῗὰρχιερέων
1658 734 1675 767 ἡ
1696 733 1804 763 σύνοδος

1022 781 1134 813 Ἐφέσου
1151 781 1198 807 καὶ
1212 780 1312 807 Γάννου
1338 779 1498 814 καθαίρεσιν
1520 778 1655 810 κατέγνω,
1672 777 1804 812 Βαρλαάμ

1016 836 1045 853 τε
1069 827 1223 854 ’Λκινδύνου
1237 825 1385 861 διαρρήδην
1404 825 1544 861 χωρισμὸν
1561 824 1615 850 ἀπὸ
1643 823 1690 849 τοῦ
1709 822 1803 848 λοιποῦ

1014 873 1062 907 τῆς
1071 873 1232 905 Ἐκκλησίας
1240 871 1375 906 σώματος,
1382 871 1419 902 ὡς
1428 871 1494 906 μέλη
1504 869 1667 902 νενοσηκότα
1675 869 1801 901 ἀνιάτως,

1015 920 1063 946 καὶ
1076 919 1211 954 μηδεμίαν
1224 918 1292 953 μετὰ
1306 917 1435 952 τελευτὴν
1446 916 1588 951 διόρθωσιν
1613 914 1802 950 ὲπιδεχόμενα.

1015 966 1075 992 Τῶν
1087 965 1109 991 δ’
1125 964 1223 997 ἄλλων,
1240 964 1264 990 ει
1276 965 1312 998 μή
1329 972 1370 995 τις
1398 962 1565 997 ἐπιστρέψας
1593 962 1724 996 σύνοηται
1747 961 1804 992 τοῖς

1015 1010 1165 1043 ὑγιαίνουσι
1175 1009 1395 1044 τῆςῈκκλησίας
1410 1009 1553 1043 δόγμασιν,
1569 1008 1682 1034 ἐκείνων
1705 1006 1803 1039 πολλὴν

1015 1055 1142 1082 ἀσέϐειαν
1156 1053 1317 1088 καταγνοὺς,
1334 1053 1458 1088 δέχεσθαι
1469 1053 1517 1087 τήν
1525 1052 1690 1086 Ἐκκλησίαν
1701 1051 1747 1078 καὶ
1763 1051 1801 1082 ὡς

1015 1100 1115 1127 οίκείου
1150 1100 1247 1134 μέλους
1272 1100 1395 1134 προνοεῖν
1423 1099 1516 1133 μηδὲν,
1545 1099 1613 1133 μήτε
1635 1096 1802 1131 ἐγκαλοῦσαν

1015 1146 1069 1172 τῶν
1087 1146 1239 1181 προτέρων,
1268 1146 1336 1180 μήτε
1355 1144 1548 1176 ὀνειδίζουσαν.
1566 1144 1596 1170 El
1618 1143 1646 1169 δέ
1668 1151 1709 1174 τις
1727 1142 1802 1176 μένοι
1823 1161 1826 1164 -

1016 1191 1060 1217 διὰ
1074 1191 1168 1222 τέλους
1182 1191 1356 1230 ἀδιόρθωτος,
1374 1191 1430 1221 τοῖς
1453 1190 1543 1221 αὐτοῖς
1568 1187 1715 1223 ἐπιτιμίοις
1738 1187 1803 1213 ὑπο-

1016 1235 1123 1261 κεῖσθαι
1141 1235 1273 1270 Βαρλαὰμ
1301 1234 1348 1261 καὶ
1383 1233 1529 1268 ’Δκινδύνῳ
1557 1233 1604 1260 καὶ
1629 1232 1675 1258 ἐπὶ
1699 1232 1803 1262 τούτοις

1016 1281 1125 1315 ἐγένετο
1136 1281 1220 1315 τόμος
1234 1280 1325 1315 τρίτος
1341 1280 1388 1306 ἐπὶ
1400 1280 1459 1306 δυσὶ
1471 1281 1527 1310 τοῖς
1542 1279 1674 1314 πρότερον
1689 1285 1803 1312 γεγενη-

1020 1326 1123 1361 μένοις·
1143 1325 1156 1351 ὅ
1173 1334 1203 1352 τε
1229 1325 1284 1360 γὰρ
1303 1325 1350 1351 ἐπὶ
1375 1323 1536 1358 καθαιρέσει
1563 1323 1734 1358 πατριάρχου
1757 1321 1803 1348 τοῦ

1024 1368 1144 1394 Ἰωάννου
1156 1368 1349 1403 γεγενημένος,
1364 1367 1395 1394 ὃν
1418 1368 1465 1394 καὶ
1490 1367 1503 1393 ό
1518 1367 1574 1394 τῶν
1605 1366 1804 1402 Ἰεροσολύμων

1017 1415 1191 1449 πατριάρχης
1205 1413 1394 1448 ὑπογίγραφε,
1411 1412 1512 1447 πολλὴν
1527 1412 1654 1439 ἀσέῆειαν
1665 1411 1800 1446 Βαρλαὰμ

1018 1460 1065 1487 καὶ
1086 1459 1239 1485 Ἀκινδύνου
1255 1458 1412 1493 κατηγορεῖ,
1429 1457 1477 1484 καὶ
1489 1456 1543 1483 τῶν
1555 1457 1643 1491 ὀρθῶν
1653 1456 1801 1491 δογμάτων

1018 1505 1191 1540 διαστροφὴν,
1210 1504 1243 1530 δι’
1257 1504 1275 1531 δ.
1291 1504 1338 1530 καὶ
1351 1503 1523 1538 πατριάρχης
1543 1505 1557 1529 ό
1578 1503 1705 1535 Ἰωάννης
1722 1502 1805 1537 καθῃ-

183 1551 304 1583 damuat,
334 1550 381 1578 sed
397 1555 424 1577 et
449 1550 471 1577 si
488 1551 550 1585 quis
570 1551 652 1583 alius,
676 1551 777 1585 inquit,
794 1552 933 1586 quippiam
951 1561 965 1580 a

1018 1551 1098 1590 ρέθη,
1115 1550 1154 1581 ὡς
1169 1549 1256 1576 ταυτὰ
1268 1549 1407 1584 φρονήσας
1424 1547 1566 1583 Βαρλαὰμ,
1589 1548 1637 1574 καὶ
1662 1549 1676 1574 ὁ
1689 1548 1804 1583 πρώτως

183 1597 324 1624 Barlaanto
352 1597 508 1632 blaspheme
541 1600 569 1623 et
596 1597 724 1624 haeretice
751 1602 846 1624 contra
872 1606 965 1625 mona-

1018 1588 1064 1624 ἱτῆ
1076 1598 1108 1631 τῇ
1134 1595 1279 1629 διαγνώσει
1308 1595 1440 1630 βασιλέως
1476 1594 1645 1629 Ἀνδρονίκου
1670 1593 1718 1620 τοῦ
1743 1594 1803 1620 νέου

182 1643 259 1674 chos,
275 1643 329 1669 imo
344 1650 408 1669 vero
423 1648 518 1670 contra
543 1642 693 1672 Ecclesium
713 1643 798 1678 ipsam
815 1644 964 1676 dictorum,

181 1689 381 1723 scriptorumve
417 1697 526 1716 rursum
561 1689 700 1717 monachis
735 1690 887 1724 objecerit,
919 1695 966 1717 aut

182 1735 295 1762 omnino
311 1735 337 1761 in
353 1735 454 1762 talibus
474 1743 521 1762 eos
544 1736 745 1770 perstrinxerit,
764 1739 858 1764 eadem
886 1744 964 1771 pu-ua

182 1789 196 1806 ο
222 1785 314 1808 nostra
342 1781 532 1808 mediocritate
548 1781 703 1814 damnatur,
732 1786 814 1816 atque
831 1790 846 1808 a
872 1786 964 1808 sancta

185 1826 231 1852 llei
245 1826 379 1853 catholica
408 1830 435 1853 et
448 1826 598 1860 apostolica
615 1827 748 1859 Ecclesia,
763 1831 791 1854 et
812 1827 966 1854 orthodoxe

182 1871 401 1899 Christianorum
417 1876 488 1898 metu
502 1872 584 1898 etiam
598 1873 655 1906 ipse
669 1872 870 1899 exterminatur
885 1877 966 1906 atque

184 1917 352 1951 praeciditur.
373 1917 456 1951 800
474 1917 519 1943 Sic
533 1919 624 1950 itaque
637 1922 663 1943 et
680 1918 776 1943 tertius
796 1921 885 1942 tomus
898 1917 967 1944 duos

184 1961 371 1996 praecedentes
406 1969 577 1995 con5equcns
606 1961 692 1988 factus
719 1966 780 1992 est,
816 1962 967 1996 eademque

184 2011 279 2033 contra
308 2006 443 2032 Barlaami
472 2011 499 2033 et
522 2006 655 2041 Acindyni
680 2013 810 2040 sequaces
833 2007 965 2033 decreta:

185 2052 229 2078 cui
241 2052 370 2079 Callistus
389 2052 542 2085 patriarcha
560 2059 622 2078 cum
635 2052 774 2086 episcopis
786 2052 967 2086 subscripsit;

185 2103 212 2125 et
228 2103 291 2125 ante
317 2105 364 2125 eos
386 2098 594 2125 Cantacuzeuus
618 2098 776 2132 imperator,
800 2098 900 2125 deinde
922 2098 967 2125 Jo-

185 2151 270 2171 annes
283 2143 449 2179 Palzeologus
470 2144 619 2178 imperator
632 2144 737 2178 junior,
752 2144 885 2177 Ecclesia:
905 2152 968 2172 con-

186 2198 258 2222 cors,
289 2195 316 2217 et
342 2191 401 2225 ipse
434 2189 544 2217 rubrica
577 2190 756 2225 subsignavit.
791 2190 966 2218 Discussione

1019 1641 1214 1676 γεγενημένος,
1227 1641 1308 1674 ἡνίκα
1326 1640 1397 1666 καὶὸ
1416 1640 1590 1675 πατριάρχης
1608 1639 1735 1673 Ἰωάννης
1753 1638 1804 1673 τῆς

1020 1687 1133 1714 συνόδου
1152 1686 1308 1722 προστάτης
1322 1685 1366 1721 ἦν,
1385 1685 1413 1712 ὃν
1429 1686 1475 1712 καὶ
1498 1686 1580 1716 αὐτὸς
1606 1685 1803 1720 ὑπετημήνατο

1018 1732 1112 1766 χερσὶν
1128 1730 1255 1763 οἰκείαις,
1268 1731 1298 1756 οὺ
1317 1730 1397 1765 μόνον
1413 1730 1545 1764 Βαρλαὰμ
1571 1730 1617 1756 καὶ
1648 1729 1803 1756 Ἀκινδύνου

1019 1776 1249 1811 καταψηφίζεται,
1279 1776 1316 1806 ὡς
1342 1775 1440 1806 ἀδίκως
1467 1774 1701 1809 κατηγορηκότων
1740 1774 1794 1800 τῶν

1021 1822 1145 1857 μοναχών
1175 1821 1243 1848 ἀλλὰ
1267 1821 1313 1847 καὶ
1329 1821 1353 1847 εἰ
1381 1829 1434 1852 τις,
1459 1821 1552 1855 φησὶν,
1580 1820 1673 1854 ἕτερός
1699 1828 1724 1845 τι
1750 1819 1804 1846 τῶν

1021 1867 1072 1893 ὑπὸ
1088 1867 1133 1892 τοῦ
1145 1866 1280 1901 Βιρλαὰμ
1294 1866 1471 1900 βλασφήμως,
1487 1866 1533 1893 καὶ
1559 1865 1710 1897 κακοδόξως
1733 1865 1804 1892 κατὰ

1020 1911 1074 1937 τῶν
1087 1911 1223 1944 μοναχῶν,
1236 1911 1335 1944 μᾶλλον
1350 1910 1379 1936 δὲ
1391 1912 1460 1937 κατὰ
1469 1912 1518 1946 τῆς
1527 1911 1690 1946 Ἐκκλησὶας
1713 1911 1798 1945 αὐτῆς

1022 1956 1202 1990 λαληθέντων,
1230 1956 1247 1992 ἢ
1277 1957 1490 1991 συγγραφέντων
1520 1958 1616 1992 φανείη
1644 1957 1724 1984 πάλιν
1751 1957 1806 1983 τῶν

1023 1998 1159 2036 μοναχῶν,
1201 2002 1373 2036 κατηγορῶν,
1405 2002 1420 2037 ἢ
1450 2003 1517 2033 ὅλως
1548 2004 1576 2028 ἐν
1607 2004 1661 2032 τοῖς
1674 2003 1806 2034 τοιούτοις

1021 2049 1237 2083 καθαπτόμενος,
1250 2050 1283 2084 τῇ
1300 2050 1367 2084 αὐτῇ
1397 2050 1532 2085 καταδίκῃ
1556 2050 1632 2084 παρὰ
1656 2049 1705 2083 τῆς
1727 2050 1805 2084 ἡμῶν

1023 2095 1194 2129 μετριότητος
1205 2094 1450 2127 καθυποὸάλλεται,
1462 2095 1509 2120 καὶ
1530 2095 1721 2130 ἀποκήρυκτος
1730 2095 1806 2121 ἔσται

1021 2140 1068 2166 καὶ
1084 2140 1164 2172 αὐτὸς
1179 2141 1225 2167 καὶ
1241 2141 1475 2175 ἀποτετμημένος,
1493 2141 1541 2179 κα)
1568 2142 1617 2175 τῆς
1651 2141 1729 2174 ἁγίας
1759 2140 1806 2167 τοῦ

1021 2186 1138 2222 Χριστοῦ
1153 2186 1301 2221 καθολικῆς
1319 2188 1366 2213 καὶ
1379 2187 1559 2221 ἁποστολικῆς
1569 2186 1743 2221 Ἐκκλησίας,
1759 2187 1808 2213 καὶ

185 2237 342 2271 dogmatum
372 2236 482 2269 penitus
510 2236 643 2268 absoluta,
662 2241 690 2263 et
713 2240 787 2263 tomo
806 2236 887 2271 plane
910 2236 963 2271 jam

1019 2232 1064 2258 τοῦ
1079 2232 1219 2266 ὀρθοδόξου
1243 2232 1297 2258 τῶν
1328 2232 1498 2266 Χριστιανῶν
1528 2232 1710 2266 συστήματος.
1729 2231 1807 2258 Οὕτω

185 2282 317 2318 perfecto,
339 2281 450 2309 Callisto
468 2281 621 2315 patriarcha
639 2281 666 2307 in
682 2281 782 2315 templo
799 2280 898 2307 divinas
919 2281 968 2307 Sa-

186 2329 306 2361 picntim,
333 2336 393 2355 cum
419 2327 533 2362 reliquis
561 2327 696 2362 episcopis
720 2327 808 2354 Missa:
834 2327 968 2353 sacrificio

186 2375 328 2409 fungente,
340 2374 549 2401 Cantaeuzenus
564 2374 638 2401 omni
664 2373 842 2408 imperatorio
870 2377 967 2399 ornatu

184 2421 320 2453 exeultus,
347 2421 417 2447 intra
447 2420 536 2454 adyta,
563 2418 726 2455 patriarchae
739 2419 899 2453 reliquoque
913 2418 970 2452 epi-

186 2475 330 2501 scoporum
347 2467 438 2493 ordini
454 2472 555 2494 tomum
572 2465 694 2493 tradidit.
712 2465 808 2492 Postea
833 2464 968 2492 Barlaami

186 2519 213 2541 ct
230 2513 363 2548 Acindyni
379 2513 507 2547 discipuli
533 2513 566 2539 ab
587 2512 750 2546 imperatore
769 2516 797 2538 et
815 2510 968 2544 patriarcha

184 2561 251 2595 jussi
269 2565 333 2586 sunt
347 2559 381 2586 de
407 2558 542 2594 dogmatis
561 2558 628 2584 nihil
648 2565 735 2591 neque
752 2557 853 2587 dicere,
880 2565 969 2591 neque

187 2604 308 2631 scribere
322 2612 329 2630 ι
344 2611 379 2630 ue
391 2603 557 2630 sinceriores
571 2603 629 2629 suis
643 2602 759 2629 fallaciis
771 2606 966 2636 perverterent.

187 2649 290 2676 llorum
306 2649 352 2676 alii
368 2649 529 2676 obcdientes
549 2648 737 2683 quiescebant,
751 2647 796 2674 alii
812 2652 899 2674 tacere
914 2655 967 2674 non

188 2698 326 2728 poterant,
340 2694 385 2720 sed
404 2701 466 2720 cum
491 2701 566 2723 voce,
585 2698 640 2719 llllll
660 2692 770 2726 scriptis
794 2691 966 2724 disserendo,

187 2740 281 2773 plures
295 2739 408 2772 insuper
420 2739 606 2772 depraval-aut
622 2747 628 2764 :
644 2746 728 2772 quare
749 2743 776 2764 ct
797 2745 908 2764 carcere
935 2737 969 2764 ab

187 2786 354 2819 imperatore
376 2784 463 2818 puniti
480 2789 553 2814 sunt,
575 2792 655 2818 quem
681 2784 713 2810 ad
733 2789 840 2818 tempus
865 2783 970 2809 habita-

187 2835 262 2858 runt.
279 2831 380 2858 E0rum
400 2831 560 2858 illustriores
579 2831 605 2857 iu
632 2830 690 2857 suis
717 2830 837 2864 ipsorum
862 2829 968 2855 :rdibus

187 2878 384 2909 attinebantur,
410 2885 443 2904 ne
468 2883 528 2903 cum
553 2876 605 2903 illis
633 2876 715 2902 verba
743 2876 898 2902 miscerent.
928 2875 966 2901 Ita

1022 2279 1071 2313 μὲν
1084 2278 1130 2304 καὶ
1141 2279 1154 2305 ό
1168 2278 1258 2313 τρίτος
1268 2278 1349 2311 τόμος
1362 2278 1508 2309 ἀκόλουθος
1519 2279 1576 2309 τοῖς
1589 2278 1650 2303 δυσὶ
1664 2277 1807 2312 προτέροις
1853 2311 1857 2314 ι

1019 2325 1150 2358 ἐγεγόνει,
1163 2325 1210 2351 καὶ
1219 2325 1252 2350 τὰ
1267 2324 1337 2350 αὐτὰ
1350 2323 1556 2358 κατεψηφίσατο
1564 2323 1617 2349 τῶν
1628 2322 1661 2348 τὰ
1673 2323 1806 2357 Βαρλαὰμ

1019 2371 1066 2397 καὶ
1086 2370 1403 2405 Ἀκινδύνουῂρημένων·
1419 2370 1448 2395 δ)
1463 2365 1635 2404 πατριάρχης
1657 2377 1686 2395 τε
1703 2369 1717 2395 ὁ
1733 2369 1805 2395 Κάλ-

1019 2416 1108 2447 λιστος
1121 2417 1187 2450 μετὰ
1201 2416 1256 2442 τῶν
1266 2415 1415 2450 ἀρχιερέων
1428 2415 1613 2449 ὑπο-γέγραφε,
1623 2415 1669 2442 καὶ
1678 2413 1806 2448 βασιλεὺς

1019 2462 1072 2496 πρὸ
1101 2462 1189 2488 αὐτῶν
1212 2461 1226 2487 ὁ
1254 2461 1498 2496 Καντακουζηνὸς,
1529 2460 1640 2495 ὕστερον
1664 2460 1693 2486 δὲ
1718 2461 1764 2487 καὶ
1790 2461 1805 2487 ὁ

1020 2508 1200 2542 Παλαιολόγος
1237 2507 1363 2541 Ἰωάννης
1393 2507 1547 2541 βασιλεὺςό
1573 2506 1642 2536 νέος,
1659 2505 1806 2541 σύμψηφος

1020 2554 1164 2588 γενόμενος
1187 2553 1387 2588 τῇἘκκλ-ησίᾳ,
1401 2552 1525 2587 ὲρυθροῖς
1544 2551 1591 2577 καὶ
1607 2551 1686 2582 αὐτὸς
1716 2552 1806 2586 γράμ-

1021 2608 1101 2633 μασιν
1115 2599 1319 2633 ὑπεσημὴνατο.
1344 2599 1420 2625 Ἐπεὶ
1434 2597 1462 2624 δὲ
1491 2598 1579 2624 πάντα
1605 2596 1661 2631 εἶχε
1678 2596 1753 2627 τέλος
1771 2597 1806 2623 τὰ

1021 2647 1083 2680 περὶ
1115 2645 1163 2680 τὴν
1191 2646 1314 2678 ἐξέτασιν
1343 2645 1399 2670 τῶν
1427 2645 1579 2678 δογμάτων,
1609 2643 1657 2669 καὶ
1679 2644 1692 2669 ό
1724 2642 1806 2676 τόμος

1019 2691 1124 2722 οὐδενὸς
1138 2691 1231 2722 ἐδεῖτο,
1242 2690 1280 2716 ἔτι
1299 2690 1449 2716 Καλλίστου
1463 2691 1510 2716 τοῦ
1530 2690 1704 2724 Πατρίάρχου
1721 2690 1749 2714 ὲν
1765 2687 1806 2722 τῷ

1019 2737 1072 2770 νεῷ
1100 2737 1149 2770 τῆς
1162 2736 1209 2762 τοῦ
1236 2736 1303 2762 θεοῦ
1321 2736 1416 2769 σοφίας
1443 2737 1491 2770 τὴν
1524 2735 1600 2762 Θείαν
1618 2734 1805 2765 ἐπιτελοῦντος

1021 2782 1216 2816 μυσταγωγίαν
1249 2782 1318 2816 μετὰ
1343 2781 1397 2806 τῶν
1428 2781 1528 2806 λοιπῶν
1563 2779 1726 2814 ἀρχιερέων,
1757 2779 1803 2804 καὶ

1020 2827 1145 2861 βασιλεὺς
1161 2828 1175 2853 ὁ
1197 2826 1419 2861 Καντακουζηνὺς
1439 2827 1530 2852 πᾶσαν
1543 2825 1641 2860 σκευὴν
1662 2824 1804 2859 βασιλικὴν

1020 2874 1105 2905 ἐνδὺς,
1124 2874 1169 2900 καὶ
1188 2875 1240 2900 τῶν
1258 2873 1359 2900 ἀδύτων
1376 2873 1448 2903 ἐντὸς
1476 2872 1630 2906 γενόμενος,
1647 2869 1804 2906 πατριάρχῃ
