1941 3088
186 150 235 181 ΙΞἹ

746 148 907 185 ΙΟᾹΝΝΙΞ
926 155 1179 187 CANTACUZENI

1750 155 1798 187 18

182 205 269 238 ipsum
283 213 330 240 per
345 214 374 233 se
388 205 542 241 deprimere
554 211 636 242 atque
646 213 771 237 evertere
787 218 842 237 non
864 211 962 245 potuit,

1016 211 1040 237 δ’
1059 213 1151 248 εὐνοίᾳ
1167 212 1215 248 τὴν
1226 213 1358 248 ἀλήθειαν
1377 212 1579 248 παραφθείρας,
1596 213 1642 239 καὶ
1660 213 1731 240 κατὰ
1743 215 1796 240 πᾶ-

182 252 394 287 l‘alznologorum
421 253 616 288 imperatorum
638 255 738 282 bellum
763 261 887 283 mutuum
917 265 966 291 pro

181 302 342 330 urguzrcnto
367 305 490 330 sumenS,
514 302 542 325 et
566 298 665 332 partim
694 301 847 335 ignorantia
873 309 964 328 rerum

181 346 331 375 gestarum.
350 343 448 376 partim
465 344 552 377 gratia
565 349 692 378 corrupta
712 346 840 378 veritate,
856 355 888 374 ac
902 347 966 374 totis

182 386 288 413 \‘iribns
304 388 378 414 velut
400 388 426 414 in
445 388 535 415 fabula
560 390 792 418 comminiscenda
819 393 965 425 mentiens,

182 431 281 458 drimlc
307 433 404 460 ordme
428 433 460 461 ad
485 434 596 467 bellum,
618 436 690 470 quod
717 441 808 464 nostra
834 440 965 466 memoria

156 481 276 503 *eontra
311 477 534 506 Cmttacuzenum
573 481 721 508 excitatum
759 487 801 510 est
838 491 965 518 progres-

181 530 227 547 sus
245 522 312 556 (lit),
330 528 385 549 tum
407 525 459 551 alia
482 525 623 560 complura
644 527 751 554 crimini
777 529 832 561 dat,
848 530 967 556 servitu-

180 573 232 599 tes,
262 570 358 599 excites,
388 562 609 603 trucidationes:
623 574 825 606 populationes,
851 580 878 602 et
891 583 963 609 quire-

180 620 288 648 cunque
306 613 438 642 Ronmuis
459 624 507 651 per
527 617 553 644 id
581 619 681 645 bellum
707 619 830 647 luctuosa
862 622 966 648 incide-

179 663 254 690 runt,
270 659 315 686 illa
333 661 472 688 ascribens
489 671 496 689 :
512 667 568 689 tum
592 664 627 690 ob
645 672 767 692 amorem
793 666 963 700 dominandi,

181 703 385 740 imperialisqne
416 707 515 742 fastigii
531 709 688 743 cupidinem
703 711 834 738 malorum
856 713 962 740 illorqu

180 750 280 776 nullam
308 751 417 779 duxisse
451 754 585 781 rationem
615 755 741 782 aliirmat.
775 757 841 784 Illud
872 764 962 785 autem

179 794 399 823 Cantacuzeuum
417 803 479 825 ante
495 799 547 826 alia
569 801 689 832 vellicat,
704 806 731 828 et
757 810 804 829 cor
819 804 878 837 ejus
898 805 962 835 urit,

178 839 252 872 quod
269 841 411 874 mentitur,
425 850 488 870 eum
514 844 605 871 adhuc
619 845 726 872 vivente
742 847 898 874 Andronico
912 848 963 874 im-

179 885 250 919 perii
277 886 391 914 Romani
422 888 509 924 {longe
538 892 813 924 appetentissimum,
842 901 904 920 cum
937 882 1000 920 id“

179 933 288 967 assequi
302 941 356 960 non
371 939 475 968 posset,
488 936 569 970 802
595 937 628 963 ad
653 939 802 967 monachos
819 940 845 967 in
873 946 964 969 monte

179 977 261 1008 Atlio,
275 979 321 1013 qui
341 979 391 1006 viri
420 981 506 1008 sancti
542 987 570 1008 et
593 991 607 1010 ιι
629 983 683 1011 Deo
705 985 786 1012 επιειιί
809 986 964 1014 futurorum

179 1024 388 1057 pnesensionem
405 1026 711 1061 lmbcrejudiurbantur
724 1031 876 1065 profectum
893 1041 962 1064 esse.

179 1067 212 1094 de
226 1070 336 1100 tuturis.
352 1077 379 1098 et
393 1080 427 1099 an
446 1072 480 1100 ad
504 1082 533 1101 se
557 1075 711 1103 Romanum
741 1077 884 1111 imperium
904 1088 965 1114 per-

179 1120 323 1144 \‘euturuln
340 1124 423 1152 esset,
445 1125 698 1155 percunctaturum.
725 1123 788 1150 Post
813 1124 845 1151 ad
870 1134 962 1152 mona-

180 1163 432 1198 rlios'conversus,
460 1167 554 1195 multis
581 1173 608 1196 et
635 1169 736 1196 acriter
766 1170 793 1196 iu
820 1179 877 1201 eos,
911 1180 963 1199 non

180 1210 268 1236 Solum
296 1216 325 1237 ut
354 1212 381 1238 iu
405 1213 580 1241 lllassalianos
613 1219 641 1242 et
668 1223 751 1249 prave
777 1216 808 1243 de
833 1217 965 1249 religione

149 1266 153 1271 ·
179 1256 340 1289 sentientes,
359 1257 406 1284 sed
433 1258 515 1285 etiam
542 1264 572 1286 ut
597 1261 716 1294 crapula:
751 1269 782 1288 ac
810 1262 965 1290 vinulentiae

180 1301 288 1328 deditos
312 1302 460 1330 iuveltitur.
481 1303 635 1331 Comeduut
658 1305 742 1336 enim,
771 1306 871 1341 inquit,
892 1307 966 1341 plus-

179 1354 261 1379 quam
285 1354 367 1379 suos,
395 1353 423 1375 et
440 1349 537 1376 bibunt
562 1350 704 1385 plusquam
730 1352 880 1386 elephanti.
911 1353 962 1381 Ubi

181 1397 272 1418 autem
299 1393 460 1421 ebrietatem
490 1396 601 1422 nimiam
629 1396 837 1430 edormierunt,
865 1407 964 1426 arcana

182 1437 227 1463 Dei
246 1445 275 1464 se
293 1439 364 1465 srire
381 1441 561 1472 contendunt,
575 1447 602 1468 et
621 1450 750 1476 respousa
768 1443 863 1470 edunt,
883 1445 964 1472 Dent-

180 1490 233 1517 que
250 1483 366 1511 aliorum
385 1486 566 1520 quorumdam
580 1495 628 1515 eos
650 1488 801 1520 insimulat,
819 1498 879 1524 qua:
893 1499 964 1526 prm-

181 1533 222 1555 ter
239 1528 327 1564 ipsum
354 1539 434 1558 nemo
448 1532 502 1559 illis
525 1533 698 1561 iutcntasset.
719 1534 822 1563 Deinde
843 1544 904 1563 eum
930 1537 964 1563 de
980 1543 1000 1571 c

179 1575 252 1602 bello
283 1575 396 1604 miriﬁco
428 1577 586 1605 mentiendo
615 1585 765 1611 narrasset,
792 1581 903 1616 jamque
934 1588 967 1608 eo

178 1614 362 1655 pervenisset,
380 1626 409 1648 ut
424 1622 458 1649 ab
470 1622 592 1650 Ecclesia
607 1624 808 1652 dissensioncm
836 1635 967 1661 qunrum-

179 1665 241 1693 dam
257 1673 417 1702 exponeret,
439 1668 496 1704 ipse
519 1669 609 1703 docet,
625 1678 680 1705 quo
707 1676 787 1706 pacto
818 1672 967 1707 imperator

179 1711 208 1739 iu
225 1712 304 1738 iidem
322 1713 501 1740 orthodoxam
519 1714 651 1746 oﬂendat.
676 1720 703 1743 et
719 1716 843 1751 dogmata
876 1718 963 1752 patria

179 1758 325 1785 convrllat.
347 1758 436 1791 Quare
459 1767 510 1787 nec
531 1759 666 1795 judicium
693 1761 728 1788 ab
746 1762 791 1788 illo
812 1762 964 1797 judicatum

179 1805 377 1839 approbatione
402 1805 514 1840 dignum
540 1811 628 1840 putat,
655 1813 686 1834 ut
703 1808 750 1842 qui
774 1808 890 1836 Palamze
913 1809 963 1836 ad-

183 1851 294 1884 luereat,
311 1851 490 1887 eamdemque
503 1851 636 1880 doctrina;
647 1854 859 1889 «perversitatem
883 1855 964 1882 colat.

181 1897 248 1931 Qua:
278 1905 339 1925 cum
364 1897 474 1933 legisset
501 1897 710 1926 Cautaeuzenus
744 1899 892 1934 imperator
925 1901 964 1937 (in

181 1951 278 1970 manus
287 1945 359 1970 cnim
373 1945 433 1978 ejus
447 1946 604 1976 venerunt},
622 1944 655 1970 de
664 1945 839 1972 accusatione
853 1945 963 1980 quidem

181 1988 246 2014 tomi
275 1987 380 2014 nullum
410 1996 439 2015 se
466 1988 580 2015 verbum
609 1988 746 2016 dicturum
775 1990 823 2022 ait,
847 1998 910 2018 eum
943 1992 965 2019 is

179 2039 266 2061 seruet
279 2033 349 2060 tueri
365 2034 481 2060 maxime
495 2034 590 2068 possit.
613 2033 641 2061 Si
659 2042 777 2068 namque
802 2043 836 2062 ex
857 2043 890 2063 eo
906 2037 965 2072 ejus

179 2081 315 2108 rectituth
328 2086 356 2108 ct
370 2081 470 2108 veritas
485 2081 700 2114 demonstratur,
713 2082 777 2116 quia
795 2084 896 2111 sanctis
913 2084 964 2110 Pa-

180 2126 281 2159 tribus,
300 2131 326 2154 et
344 2127 427 2154 editis
438 2135 453 2153 a
475 2127 562 2154 sacris
574 2131 653 2154 antea
668 2127 778 2162 synodis
790 2128 823 2155 de
836 2136 963 2163 germana

180 2174 233 2201 ﬁde
258 2173 502 2201 constitutionibus
522 2177 706 2200 consentanea
731 2173 862 2207 loquitur,
889 2178 916 2200 et
942 2174 965 2201 is

1018 264 1067 283 σαν
1082 257 1209 289 ἐξουσίαν
1220 257 1315 292 ὥσπερ
1340 258 1369 284 ἐν
1383 258 1522 292 πλάσματι
1539 259 1794 293 καταψευτάμενος,

1017 301 1111 329 ἔπειτα
1125 303 1172 330 καὶ
1183 304 1244 330 καθ’
1263 303 1358 338 είρμδν
1371 303 1417 329 ἐπὶ
1433 303 1478 330 τὸν
1491 303 1533 337 ἐφ’
1549 304 1626 338 ἡμῶν
1641 304 1708 339 πρὸς
1722 305 1797 330 Καν-

1016 348 1182 382 τακουζηνέιν
1209 349 1322 384 προῖὼν,
1348 349 1436 375 πολλὰ
1463 348 1514 383 μὲν
1538 349 1621 375 αὐτοῦ
1650 349 1697 375 καὶ
1728 349 1796 376 ἄλλα

1017 395 1178 428 κατηγορεῖ,
1190 394 1425 429 ἀνδραποδισμοὺς
1439 395 1487 421 καὶ
1499 394 1606 427 φόνους,
1620 396 1667 421 καὶ
1680 396 1796 429 σφαγὰς,

1017 438 1065 465 καὶ
1080 439 1237 474 λεηλασίας,
1255 440 1302 467 καὶ
1320 441 1371 467 ὅσα
1386 440 1504 475 δυσχερῆ
1518 441 1547 466 έν
1562 440 1601 475 τῷ
1615 440 1662 467 τοῦ
1678 440 1796 474 πολέμου

1016 484 1104 518 χρόνῳ
1130 485 1317 518 συμπέπτωκε
1347 485 1505 520 Ῥωμαίοις,
1520 485 1595 521 αὒτῷ
1612 487 1795 520 προσάπτων·
1838 494 1842 498 ·

1015 529 1063 555 καὶ
1079 529 1121 556 διὰ
1138 531 1294 565 φιλαρχίαν,
1320 532 1368 558 καὶ¹
1386 532 1468 566 τιμῆς
1485 530 1629 566 βασιλικῆς
1644 532 1794 566 ἐπιθυμίαν

1015 573 1071 599 τῶν
1087 574 1181 601 δεινῶν
1197 576 1313 601 ἐκείνων
1320 576 1416 602 οὐδένα
1429 576 1516 610 λέγων
1528 578 1693 611 πεποιῆσθαι
1705 579 1794 612 λόγον.

1018 619 1050 645 Ὃ
1062 619 1090 645 δὲ
1107 620 1225 653 μάλιστα
1243 621 1327 647 αὐτοῦ
1346 622 1528 654 καθάπτεται,
1551 623 1598 649 καὶ
1614 623 1652 654 ὼς
1671 624 1798 650 ἐπιπλεῖ-

1015 672 1077 691 στον
1093 665 1237 700 διατρίϐει,
1253 666 1339 693 ἐκεῖνό
1354 668 1490 700 ὲστιν,’ὄτι
1502 669 1640 702 περιόντος
1650 678 1678 695 τε
1689 669 1730 696 ἔτι
1741 670 1795 703 βα-

1015 709 1110 741 σιλέως
1131 710 1314 745 Ἀνδρονίκου,
1331 711 1381 745 τῆς
1401 712 1547 747 Ῥωμαίων
1563 714 1704 749 βασιλείας
1725 715 1794 749 ὲρῶν

1015 755 1173 790 ὑπερφυῶς,
1189 757 1236 783 καὶ
1257 758 1294 792 μὴ
1324 757 1474 793 δυνάμενος
1487 761 1589 794 τυχεῖν,
1616 761 1663 786 ἐπὶ
1687 763 1749 791 τοὺς
1765 762 1794 787 ἐν

1016 801 1090 836 Ἄθῳ
1122 802 1257 837 μοναχοὺς
1284 803 1432 836 δοκοῦντας
1459 806 1556 840 ἀρετῆς
1584 807 1795 838 ἀντιποιεῖσθαι,

1014 846 1061 872 καὶ
1089 847 1226 881 μυστήρια
1242 847 1310 874 Θεοῦ
1337 849 1435 876 εἰδέναι
1463 851 1601 885 έφοίτησε,
1629 853 1796 887 πευσόμενος

1017 891 1080 924 περὶ
1095 895 1148 917 τῶν
1163 892 1326 925 μελλόντων,
1343 893 1390 920 καὶ
1405 893 1430 919 εί
1450 894 1518 928 πρὸς
1536 895 1617 922 αὐτὴν
1634 897 1649 930 ή
1671 896 1796 931 βασιλεία

1022 937 1164 972 Ῥωμαίων
1180 938 1251 973 ἥξει.
1269 938 1387 966 Ἔπειτα
1404 939 1450 966 ἐπὶ
1465 940 1528 972 τοὺς
1545 942 1678 976 μοναχοὺς
1694 944 1795 977 τραπό-

1017 993 1107 1019 μενος,
1123 985 1209 1012 πολλὰ
1225 986 1270 1012 καὶ
1293 986 1366 1012 δεινὰ
1387 989 1545 1022 κατηγορεῖ·
1574 988 1604 1014 οὺ
1624 989 1702 1022 μόνον
1718 989 1793 1017 Μασ-

1017 1032 1172 1065 σαλιανοὺς,
1185 1033 1233 1060 καὶ
1250 1033 1316 1069 περὶ
1342 1034 1377 1060 τὰ
1390 1034 1458 1068 ὀρθὰ
1482 1035 1605 1070 δόγματα
1625 1036 1795 1072 διεφθαρμέ-

1016 1086 1077 1108 νους
1095 1077 1192 1111 λέγων,
1207 1078 1273 1104 ἀλλά
1288 1078 1336 1105 καὶ
1356 1079 1421 1114 περὶ
1440 1080 1539 1112 πότους
1554 1081 1606 1107 ’καὶ
1623 1081 1796 1115 οὶνοψλυγίας

1014 1123 1144 1157 ἀκρατεῖς
1159 1123 1309 1150 ’Ἐσθίουσι
1338 1124 1403 1158 γὰρ,
1425 1125 1517 1159 φησὶν,
1533 1126 1602 1160 ὑπὲρ
1617 1127 1736 1161 χοίρους,
1750 1129 1796 1154 καὶ

1016 1169 1136 1195 πίνουσιν
1152 1169 1220 1204 ὑπὲρ
1246 1170 1408 1204 ἐλέφαντας.
1432 1171 1556 1198 Ἐπειδὰν
1581 1172 1610 1198 δὲ
1639 1174 1796 1208 ἀνανήῴωσι

1014 1215 1064 1248 τῆς
1079 1215 1179 1249 πολλῆς
1204 1215 1299 1250 μέθης,
1328 1217 1464 1252 μυστήρια
1490 1218 1557 1244 Θεοῦ
1574 1218 1672 1245 εἰδέναι
1698 1219 1798 1245 διατεί-

1016 1269 1116 1292 νονται,
1127 1263 1173 1287 καὶ
1190 1262 1255 1296 περὶ
1270 1262 1422 1296 μελλόντων
1432 1264 1647 1298 προφητεύουσι.
1659 1265 1713 1291 Καὶ
1725 1265 1797 1300 ἕτερ’

1015 1306 1083 1333 ἅττα
1099 1306 1291 1342 κατηγόρηκεν
1309 1308 1432 1340 ἐκείνων,
1449 1305 1487 1335 ὧν
1499 1309 1553 1339 πᾶς
1565 1318 1608 1339 τις
1621 1309 1653 1335 ἂν
1663 1309 1798 1344 ἀπέσχετο

1015 1350 1084 1384 πλὴν
1102 1351 1195 1377 αὐτοῦ.
1231 1352 1346 1378 Ἔπειτα
1363 1351 1566 1387 διηγησάμενος
1591 1353 1625 1379 τὰ
1655 1353 1726 1379 κατὰ
1752 1353 1798 1379 τὸν

1016 1395 1134 1429 πόλεμον
1161 1396 1281 1429 μάλιστα
1299 1397 1477 1431 φιλοψευδῶς,
1505 1398 1552 1424 καὶ
1567 1398 1712 1431 γενόμενος
1736 1398 1765 1424 ὲν
1776 1396 1797 1431 ᾧ

1015 1440 1049 1466 τὰ
1068 1440 1138 1467 κατὰ
1166 1440 1215 1475 τῆς
1231 1441 1395 1476 Ἐκκλησίας
1424 1442 1472 1477 τὴν
1489 1442 1621 1478 διαφορὰν
1644 1443 1797 1478 διηγεῖσθαι

1016 1485 1122 1518 ἔμελλε,
1139 1486 1299 1518 κακοδοξίαν
1332 1486 1464 1521 βασιλέως
1492 1489 1649 1522 κατηγορεῖ,
1675 1488 1721 1514 καὶ
1743 1489 1797 1514 τῶν

1017 1531 1139 1566 πατρίων
1152 1530 1281 1565 ἀθέτησιν
1311 1531 1465 1565 δογμάτων.
1487 1532 1525 1558 Δι’
1539 1532 1556 1559 ὃ.
1574 1532 1633 1558 οὐδὲ
1651 1533 1700 1567 τὴν
1718 1532 1798 1565 δίκην

1018 1575 1103 1601 οίεται
1117 1574 1172 1600 δεῖν
1187 1576 1312 1609 στέργειν
1340 1576 1390 1608 τὴν
1409 1575 1474 1610 παρ’
1488 1576 1593 1603 ἐκείνου
1612 1576 1796 1607 δικασθεῖσαν,

1017 1621 1055 1652 ὡς
1073 1621 1305 1656 ὲκδεδιῃτημένην
1323 1621 1367 1648 διὰ
1378 1621 1407 1647 τὸ
1419 1622 1521 1648 ἐκεῖνον
1533 1623 1651 1658 Παλαμᾷ
1669 1624 1797 1657 προσκεῖ‹

1018 1667 1090 1699 σθαι,
1118 1667 1167 1693 καὶ
1190 1667 1240 1701 τὴν
1272 1666 1334 1699 ίσην
1357 1668 1386 1693 ὲν
1406 1669 1462 1698 τοῖς
1483 1668 1601 1702 δόγμασι
1631 1668 1798 1703 διαστροφὴν

1016 1713 1147 1749 ᾑρῆσθαι.
1167 1714 1200 1740 "A
1220 1713 1282 1740 ἐπεὶ
1293 1713 1397 1748 ἀνέγνω
1412 1713 1550 1748 βασιλεὺς,
1574 1712 1626 1749 ἧκε
1644 1715 1698 1750 γὰρ
1723 1715 1798 1749 αὐτῷ

1017 1759 1056 1791 είς
1069 1761 1175 1794 χεῖρας,
1195 1760 1260 1795 περὶ
1296 1758 1346 1794 μὲν
1371 1759 1420 1786 τοῦ
1450 1760 1535 1794 τόμου
1563 1760 1613 1794 τῆς
1635 1760 1799 1794 κατηγορίας

1016 1805 1111 1830 οὐδένα
1135 1803 1301 1838 ποιήσεσθαι
1318 1803 1397 1838 λόγον
1420 1802 1508 1838 εἶπεν,
1526 1804 1596 1839 ὑπὲρ
1613 1804 1710 1831 ἑαυτοῦ
1730 1805 1798 1831 απο-

1015 1850 1154 1884 λογεῖσθαι
1169 1850 1319 1884 δυναμένου
1343 1850 1472 1885 μάλιστα.
1488 1851 1519 1877 El
1547 1852 1601 1885 γὰρ
1621 1851 1725 1876 ἐκείνου
1748 1851 1798 1884 τῆς

1014 1895 1160 1930 ὀρθότητος
1185 1896 1230 1922 καὶ
1254 1897 1302 1931 τῆς
1324 1896 1454 1931 ἀληθείας
1479 1896 1567 1931 σαφὴς
1596 1896 1733 1929 ἀπόδειξις
1767 1897 1798 1923 τὸ

1015 1943 1071 1973 τοῖς
1087 1941 1176 1976 ἁγίοις
1210 1942 1346 1977 σύμφωνα
1374 1943 1466 1976 λέγειν
1483 1942 1632 1976 θεολόγοις,
1661 1943 1710 1969 καὶ
1741 1944 1798 1973 τοῖς

1016 1987 1067 2013 ὑπὸ
1081 1987 1162 2014 θείων
1175 1987 1308 2023 πρότερον
1320 1987 1436 2014 συνόδων
1450 1989 1516 2022 περὶ
1526 1988 1575 2023 τῆς
1584 1988 1668 2022 ὀρθῆς
1681 1988 1798 2019 πίστεως

1016 2033 1234 2068 κεκυρωμένοις,
1252 2033 1331 2060 τοῦτο
1341 2033 1364 2060 δ’
1376 2033 1474 2068 ἐκείνῳ
1488 2033 1671 2065 σπουδάζεται
1687 2034 1800 2060 διαπαν-

1014 2078 1070 2110 τὸς,
1085 2078 1131 2104 καὶ
1141 2078 1241 2112 πολλὴν
1253 2078 1347 2104 τούτου
1359 2078 1405 2104 τοῦ
1419 2078 1519 2114 μέρους
1529 2079 1658 2113 πρόνοιαν
1669 2080 1798 2110 ποιεῖται,

1015 2123 1114 2159 ἑτέρας
1129 2124 1293 2156 ἀποδείξεως
1308 2125 1358 2151 οὐκ
1375 2124 1409 2151 ἂν
1421 2125 1529 2160 δεηθείη
1542 2125 1607 2160 περὶ
1626 2124 1737 2156 ἑαυτοῦ,
1750 2126 1800 2159 τῆς

1017 2171 1173 2205 προσούσης
1191 2171 1373 2206 ἑξαρκούσης.
1391 2171 1554 2206 Ἀξιόχρεως
1569 2171 1592 2197 δ’
1608 2170 1642 2197 ἂν
1662 2171 1716 2205 εῐη,
1728 2172 1775 2198 καὶ
1786 2172 1800 2197 ὀ

179 2221 238 2248 lucc
251 2227 358 2255 semper
375 2219 477 2251 studet,
495 2219 576 2253 eique
595 2219 633 2245 rei
657 2218 802 2251 diligenter
817 2219 961 2254 prospicit.

1017 2217 1180 2252 κατηγορῶν
1191 2217 1281 2249 αὐτὸς,
1297 2217 1325 2243 ιν
1339 2216 1431 2248 ἄλλοις
1447 2216 1530 2243 αὑτοῦ
1551 2217 1750 2252 συγγράμμασι
1765 2216 1800 2242 τὰ

178 2266 230 2294 alia
238 2265 399 2301 probatione
407 2272 475 2299 opus
486 2272 538 2291 non
549 2268 600 2297 est,
611 2273 672 2291 cum
683 2265 727 2292 illa
738 2265 864 2297 sulliciat,
877 2274 959 2302 quam

178 2311 431 2350 suppeditat.lQuin
455 2315 483 2338 et
508 2310 566 2345 ipse
584 2315 726 2337 accusator
743 2311 821 2338 testis
844 2311 963 2339 idoneus

180 2359 273 2391 fuerit,
299 2357 345 2392 qui
372 2357 400 2384 in
420 2356 481 2384 aliis
507 2356 616 2391 scriptis
641 2356 699 2383 suis
718 2364 801 2391 prava
829 2358 963 2385 Barlaami

180 2405 306 2440 dogmata
333 2403 473 2431 liberrime
506 2402 653 2436 vituperat,
682 2403 793 2437 quando
824 2408 961 2430 mortuum

179 2447 369 2476 Andronicum
389 2446 524 2482 iuniorem
539 2446 693 2474 lamentans
705 2446 772 2482 (15).
785 2447 857 2474 inter
864 2452 963 2475 caetera

179 2494 303 2522 encomia
331 2493 371 2520 sic
397 2491 528 2527 praedicat
543 2500 550 2518 :
565 2492 642 2519 Sacri
673 2491 799 2520 Ecclesia:
817 2493 958 2528 praesides,

179 2539 314 2571 fervidum
337 2543 496 2570 amatorem,
525 2542 553 2565 et
573 2542 692 2565 tutorem
712 2538 888 2573 dogmatum;
911 2540 958 2574 qui

144 2575 149 2579 ’
179 2581 207 2612 in
226 2585 368 2612 montibus
403 2587 432 2611 et
457 2583 765 2617 speluncis;habitatis,
790 2589 888 2611 vestrae
911 2585 966 2611 cla-

179 2630 308 2658 ritudinis
331 2634 360 2658 et
370 2629 462 2664 gloriae
470 2628 642 2657 defensorem
667 2636 698 2656 ac
710 2634 940 2665 propugnatorem
954 2638 962 2662 ;

1014 2263 1147 2297 Βαρλοιὰμ
1176 2262 1336 2298 διεφθορότα
1360 2262 1482 2297 δόγματα
1511 2263 1643 2295 κακίζων,
1659 2263 1706 2289 καὶ
1735 2262 1800 2297 ὅλην

1014 2309 1139 2343 γλῶτταν
1153 2308 1292 2343 ἐπαφιεὶς,
1318 2308 1400 2344 ἡνίκα
1412 2309 1527 2343 βασιλέα
1542 2309 1588 2336 τὸν
1603 2310 1664 2335 νέον
1688 2308 1800 2343 Ἀνδρό-

1015 2362 1090 2380 νικον
1118 2352 1344 2387 τετελευτηκότα]
1368 2353 1505 2388 μονῳδῶν,
1532 2353 1603 2387 πρὸς
1628 2354 1686 2384 τοῖς
1709 2353 1800 2385 ἄλλοις

1015 2399 1164 2434 ἐγκωμίοις
1180 2398 1328 2425 καὶτοῦτο
1351 2399 1486 2426 τέθεικεν·
1506 2398 1712 2433 ΟίἙκκλησίας
1733 2398 1800 2434 ἱεροὶ

1016 2446 1184 2480 προστάται,
1212 2446 1350 2481 ξητήσατε
1377 2446 1423 2472 τὸν
1447 2445 1580 2481 διάπυρον
1612 2446 1797 2479 σπουδαστὴν.

1016 2492 1062 2517 καὶ
1089 2491 1260 2526 συλλήπτορα
1276 2491 1331 2517 τῶν
1347 2491 1492 2526 δογμάτων
1508 2499 1516 2508 ο
1547 2491 1573 2518 οἱ
1600 2492 1629 2518 ὲν
1648 2491 1725 2526 δρεσι
1752 2491 1800 2518 καὶ

1018 2537 1174 2572 σπηλαίοις,
1187 2537 1235 2563 τδν
1252 2537 1386 2572 πρόϐολον
1409 2538 1455 2564 καὶ
1468 2537 1658 2573 προασπιστὴν
1671 2537 1720 2572 τῆς
1732 2537 1799 2571 ὑμε-

1016 2583 1100 2618 τέρας
1119 2583 1247 2615 εὺκλείας
1263 2583 1310 2610 καὶ
1327 2582 1417 2618 δόξης.
1435 2583 1466 2609 0i
1497 2583 1553 2609 τῶν
1566 2583 1647 2610 θείων
1676 2584 1801 2618 ἀσκητηο

1017 2631 1083 2665 ρίων
1094 2629 1242 2664 ἡγήτορες,
1257 2629 1307 2664 τὴν
1320 2629 1370 2663 τῆς
1381 2629 1517 2664 ὑμετέρας
1532 2629 1625 2664 ἰσχύος
1637 2629 1798 2664 ἀκρόπολιν.

179 2685 320 2705 sacrorum
339 2675 568 2704 monasteriorum
594 2675 793 2707 moderatores,
813 2675 898 2703 vestri
924 2683 962 2703 ro-

1020 2674 1169 2710 Μνήσθητε
1189 2675 1253 2706 τοὺς
1285 2674 1354 2710 ὑπὲρ
1384 2674 1461 2710 ὑμῶν
1485 2674 1660 2707 τελευταίους
1692 2674 1800 2709 ἀγῶνας

812 2743 918 2774 Jacobi
934 2742 1064 2773 Pontani
1083 2745 1173 2772 notae.

217 2798 273 2827 (Hi
289 2797 349 2825 Non
364 2800 473 2835 exstant
489 2796 548 2824 htec
560 2796 662 2831 scripta
673 2795 810 2830 (ἔνθεοι-αξ,
825 2799 853 2835 et
863 2793 962 2835 Canta-

182 2841 314 2861 cmrnunl
332 2833 409 2860 valde
423 2836 642 2862 eummoverunt,
657 2836 687 2858 ut
700 2838 744 2857 res
758 2837 820 2856 suas
835 2833 903 2863 ipse,
921 2834 962 2856 ut—

183 2874 247 2904 pote
266 2868 368 2902 verius,
384 2867 530 2900 sincerius,
547 2866 769 2903 exploratiuSque
784 2865 924 2892 scriba-et.

1057 2793 1112 2827 (lli)
1130 2792 1216 2827 Legat
1233 2792 1279 2827 qui
1296 2793 1423 2824 voluerit,
1440 2797 1528 2819 ex~tat
1542 2792 1616 2819 enim
1632 2792 1681 2819 lib.
1697 2800 1729 2819 x2
1748 2791 1800 2819 Nos

1016 2836 1077 2854 vero
1088 2829 1211 2855 victorias
1221 2833 1388 2859 cantaturos,
1402 2832 1426 2854 ct
1440 2827 1548 2854 laudum
1555 2827 1702 2862 spectacula
1711 2835 1801 2854 sacra-

1018 2864 1115 2890 liaszmi
1135 2864 1310 2897 imperatoris,
1327 2867 1380 2890 etc.
