1941 3088
121 159 170 192 189

119 215 213 248 αυτοῦ,
227 215 286 247 πῶς
300 215 488 251 πεπονηκότος
503 215 554 251 ήδη
569 215 698 248 καθάπαξ
713 216 760 243 τοῦ
777 216 904 251 σώματος

117 262 148 288 ἔκ
167 271 197 289 τε
216 261 271 289 τῶν
290 261 449 297 πολεμικῶν
479 261 657 297 τραυμάτων,
676 262 708 288 ἐκ
733 270 763 288 τε
780 262 834 288 τῶν
861 262 903 288 ία-

117 308 225 343 τρικῶν
255 308 413 343 καυτήρων.
442 308 497 335 Καὶ
525 309 595 343 πρὺς
622 308 738 336 θάνατον
776 307 904 335 ἐντεῦθεν

115 353 308 387 ἐλαυνόμενος,
334 352 523 388 κατεφρόνησε
537 362 566 380 τε
580 353 627 380 τοῦ
640 354 775 389 σώματος,
793 354 839 380 καὶ
853 354 904 388 τῆς

115 399 216 426 ἑαυτοῦ
231 399 305 434 ζωῆς
330 400 493 435 ἀφειδήσας,
515 400 666 435 προθύμως
687 401 734 427 ἐπὶ
757 400 788 427 τὺ
816 400 902 436 βῆμα,

114 444 162 470 καὶ
183 444 246 475 τοὺς
268 445 431 480 ἱεροφάντας
445 441 508 480 ἧκε,
526 445 575 472 καὶ
597 445 628 471 οὗ
648 445 783 480 πρότερον
798 445 903 472 ἐκεῖθεν

113 488 269 522 ἀπήλλαξε,
302 489 462 523 πρὶνιτοὺς
495 489 574 524 ὑμῶν
611 490 753 524 ὑόριστὰς,
790 490 837 516 καὶ
867 490 902 516 τὰ

112 534 231 561 ἐκείνων
262 534 424 570 διεφθορότα
447 535 582 570 δόγματα,
609 535 658 563 καὶ
693 536 902 571 παρέγγραπτα

112 580 336 615 τῆςῈκκλησίας
357 582 475 616 ναυάγια
504 582 649 617 συντρῖψαι
680 591 721 616 τε,
754 583 802 609 καὶ
830 582 902 614 ὅλοις

112 626 208 655 δοῦναι
222 628 327 662 φθορᾶς
339 629 386 654 καὶ
412 628 553 659 ἀπωλείας
579 629 670 664 βυθοϊς
687 638 716 656 τε
725 629 772 655 καὶ
785 629 900 663 κύμασι.

112 673 239 701 Τοιαῦτα
267 675 315 700 καὶ
342 675 424 706 αὐτὸς
444 675 509 710 πρὶν
535 674 720 710 διαφθαρῆναι
747 676 796 707 τὰς
821 675 900 708 δόξας

113 717 174 754 εἷχε
192 721 257 754 περὶ
275 720 331 747 τῶν
348 720 501 754 δογμάτων.
520 722 558 748 Οὐ
575 722 630 756 γὰρ
647 721 723 748 ἐστιν
747 722 846 752 εἰπεῖν.
864 722 901 753 ὡς

112 765 198 800 ἔτερα
218 766 267 800 μὲν
281 764 350 801 ἦσαν
367 762 405 792 ὧν
420 766 547 800 κατέγνω
566 766 693 801 βασιλεὺς
711 767 840 799 δικάζων,
856 767 902 794 καὶ

111 809 268 846 διαφθορὰν
283 811 502 846 κατεψηφίσατο.
515 813 563 838 καὶ
580 813 763 848 παρατροπὴν
775 813 822 847 τῆς
834 813 902 848 άλη-

113 855 192 889 θείας
203 865 212 873 ι
228 856 310 892 ἕτερα
324 857 346 884 δ’
361 859 375 884 ό
392 858 435 884 ἐπ’
449 858 518 893 ἐμοῦ
535 860 721 894 γεγενημένος
737 860 819 894 τόμος
839 860 901 894 ἑξή-

112 901 180 928 λασε
207 902 442 944 τῆςἜκκλησίας,
464 904 526 931 καθ’
548 902 579 931 οὗ
595 905 643 939 τὴν
659 906 821 940 θαυμαστὴν
840 908 889 933 ἐπε

112 947 222 980 δείξατο
237 949 365 984 σπουδὴν,
380 949 448 977 ἀλλὰ
461 951 546 977 ταυτὰ
561 951 742 978 παντάπασιν.
766 952 903 984 Ὡσαύτως

112 993 142 1020 δὲ
155 995 204 1020 καὶ
224 995 290 1029 περὶ
307 995 361 1021 τῶν
372 996 491 1032 ὲν.”Δθῳ
506 997 593 1031 ἁγίων
612 995 649 1024 ὢν
665 999 750 1033 μέθας
763 1000 810 1026 καὶ
823 1000 903 1034 ἀδδη-

113 1041 217 1075 φαγῐας
230 1041 443 1075 καταψεύδεται,
455 1042 502 1069 τοῦ
518 1043 576 1077 βίου
592 1043 785 1079 λαμπρότερον
800 1046 902 1077 παντὸς

112 1087 205 1120 φωτὸς
225 1087 274 1121 τὴν
299 1088 413 1114 ἐκείνων
435 1089 549 1124 ἀρετὴν,
574 1091 621 1116 καὶ
648 1091 806 1126 οἰκειότητα
833 1092 902 1126 πρδς

111 1132 181 1159 Θεὸν
200 1132 340 1166 ποιοῦντος
368 1135 483 1170 ἐναργῆ.
513 1135 646 1162 Τοσοῦτον
669 1136 724 1172 γὰρ
749 1137 903 1172 ἀπέσχοντο

112 1179 201 1216 μέθης
215 1182 262 1207 καὶ
276 1181 436 1217 κραιπάλης
451 1181 496 1208 διὰ
512 1181 582 1217 βίου,
597 1183 660 1209 ὅσον
677 1183 808 1218 ἀληθείας
821 1185 834 1210 ό
849 1193 901 1211 κα-

109 1227 247 1263 τηγορῶν.
277 1227 409 1262 Ἕλληνες
439 1228 488 1262 μὲν
515 1226 561 1255 οὖν
602 1238 686 1263 φασιν
722 1230 751 1256 ὲν
781 1230 899 1264 μύθοις,

113 1272 253 1300 ’Δτλαντά
265 1281 328 1300 τινα
338 1272 394 1300 τῶν
404 1273 474 1308 μετὰ
489 1274 594 1308 Κρόνου
606 1275 675 1301 θεῶν
689 1275 901 1310 καθῃρημένων,

111 1318 218 1353 ταύτην
232 1318 284 1345 ὑπὸ
302 1319 356 1345 τῶν
371 1319 516 1352 ἀρξάντων
526 1321 575 1354 τὴν
591 1320 669 1356 δίκην
695 1322 901 1357 κατεψηφίσθαι

110 1365 176 1397 τοὺς
187 1367 236 1399 τῆς
247 1365 299 1399 γῆς
310 1365 417 1399 ἀνέχειν
429 1365 534 1398 χιόνας,
557 1366 594 1398 ὠς
606 1367 639 1394 ἂν
652 1368 773 1400 πιέζοιτο
781 1369 901 1404 τοσούτῳ

112 1410 207 1445 βάρει.
229 1409 300 1443 Ἐγὼ
314 1409 343 1436 δὲ
362 1410 475 1442 τούτους
494 1412 578 1446 φαίην
593 1412 626 1439 ἂν
647 1412 695 1438 καὶ
710 1413 758 1447 τῆς
771 1413 901 1448 ἀληθείας

114 1455 180 1490 ἐμοὶ
194 1455 461 1490 συμμαρτυρούσης,
470 1456 573 1492 ταύτην
584 1457 633 1492 τὴν
645 1458 728 1492 τιμὴν
737 1458 841 1493 λαχεῖν,
853 1458 900 1485 τοῦ

112 1501 173 1537 βίου
189 1501 240 1536 τῆς
256 1501 357 1536 πολλῆς
385 1502 546 1536 φιλοσοφίας
579 1503 661 1530 ’ἑνεκα
676 1504 754 1539 παρὰ
770 1505 852 1535 Θεοῦ,
870 1505 901 1531 τὸ

111 1547 164 1582 τὴν
180 1547 232 1582 γῆν
245 1547 362 1582 ἀνέχειν,
380 1548 473 1583 εὐχαῖς
489 1549 661 1584 ίλεουμένους
685 1551 755 1586 αύτῇ
771 1551 799 1577 τὸ
813 1551 901 1579 Θείον.

114 1594 178 1621 Ὀτι
198 1593 219 1620 δ’
236 1594 318 1625 αὐτὸς
349 1595 379 1621 ἐν
393 1595 486 1626 αὐτοῖς
511 1596 669 1630 γενόμενος,
697 1596 737 1623 ἑτι
767 1597 901 1632 βασιλέως

112 1639 266 1676 περιόντος,
288 1641 353 1674 περὶ
372 1641 422 1675 τῆς
456 1640 599 1676 Ῥωμαίων
630 1642 770 1677 βασιλείας
795 1653 902 1680 προφη-

112 1686 203 1712 τεύειν
228 1685 353 1720 ἐδεόμην,
373 1687 398 1712 εἰ
411 1686 471 1721 ἥξει
487 1687 556 1721 πρὸς
570 1687 631 1722 ἐμὲ,
647 1687 774 1722 ψεύδεται
793 1690 900 1723 σαφῶς.

113 1731 168 1758 Καὶ
184 1731 278 1757 τούτου
307 1739 338 1764 γε
364 1731 503 1765 ἀπόδειξις
532 1733 730 1769 ὲναργεστάτη,
748 1734 797 1769 οὐχ
819 1733 901 1771 ἦττον

118 1778 169 1812 μὲν
184 1777 232 1803 καὶ
249 1777 322 1804 τοῦτ’
337 1777 404 1804 αὐτὸ
426 1778 456 1804 τὸ
472 1779 575 1805 ἐκεῖνον
598 1779 714 1807 τοιαῦτα
731 1781 823 1815 λέγειν
835 1782 904 1816 ψευ-

115 1823 240 1858 δόμενον,
257 1823 293 1855 ὡς
309 1824 342 1850 τὰ
356 1823 442 1850 πολλὰ
465 1825 513 1850 καὶ
537 1825 601 1860 περὶ
626 1826 722 1858 τᾶλλα,
751 1826 847 1862 ὥσπερ
870 1828 903 1864 δὴ

115 1870 164 1896 καὶ
179 1870 243 1904 περὶ
258 1868 354 1895 τοῦτο’
385 1870 503 1904 μάλιστα
531 1871 560 1897 δὲ
585 1871 632 1898 καὶ
651 1873 738 1898 ’Λννα
759 1873 774 1907 ή
798 1873 903 1907 βασιλὶς

115 1915 221 1952 τάληθῆ
239 1917 486 1951 συμμαρτυρήσειε
515 1917 624 1944 πάντων
648 1919 767 1952 μάλιστα
790 1920 852 1954 ἐμοὶ
869 1920 905 1947 τὰ

113 1963 229 1989 τοιαῦτα
245 1963 393 1990 συνειδυῖα.
415 1963 471 1998 Οὐχ
488 1962 569 1999 ἧττον
594 1965 648 1999 γὰρ
677 1965 693 2000 ἢ
713 1965 842 2000 βασιλεὺς
857 1968 904 1993 καὶ

114 2009 184 2043 αὑτὴ
211 2008 272 2035 τότε
299 2008 347 2035 τοῦ
375 2009 411 2035 τὰ
434 2009 635 2044 βεϐουλευμένα
663 2010 831 2045 ὑπερθέσθαι
857 2020 904 2046 μοι

114 2054 224 2087 ἐγένετο
241 2055 392 2088 αἱτιωτάτη
407 2061 413 2069 ’
426 2054 456 2080 οὐ
470 2054 525 2089 γὰρ
541 2054 636 2090 ὥσπερ
649 2056 754 2088 ἐκεῖνος
771 2056 905 2091 κατεψεύ-

116 2108 192 2131 σατο,
214 2100 261 2126 ἐπὶ
273 2099 443 2138 προφητείας
462 2097 530 2136 ἦχον
544 2100 599 2134 ἐγὼ
613 2102 673 2127 τότε
690 2103 736 2128 καὶ
751 2102 904 2137 μελλόντων

114 2145 267 2177 ἀποϐάσεις
284 2145 330 2171 ἐπὶ
345 2145 408 2176 τοὺς
427 2147 457 2172 ὲν
488 2147 565 2178 Ἀθῳ
583 2147 719 2181 μοναχούς
733 2155 740 2162 ·
763 2147 832 2174 ἀλλὰ
851 2148 905 2183 μά-

115 2192 194 2218 λιστα
214 2192 264 2226 μὲν
288 2191 450 2227 δεησόμενος
469 2193 581 2218 ἐκείνων
598 2193 668 2226 ὑπὲρ
695 2193 744 2228 τῆς
771 2193 904 2228 βασιλέως

115 2237 234 2270 ὑγιείας,
248 2234 282 2273 ἧς
296 2237 374 2263 οὐδὲν
388 2238 450 2272 ἐμοὶ
462 2238 578 2272 βέλτιον,
603 2238 666 2265 οὔτε
683 2239 850 2274 τιμιώτερον
873 2241 902 2267 ἐν

114 2283 166 2317 βίῳ
183 2280 230 2318 ἦν.
249 2283 368 2310 Ἔπειτα
384 2284 431 2310 καὶ
450 2284 480 2310 τὸ
508 2284 587 2310 Θεῐον
609 2284 690 2311 ἵλεων
715 2285 809 2319 εὐχαῖς
840 2285 904 2320 ἐμοὶ

115 2327 206 2352 ποιεῖν
222 2326 309 2353 πολλὰ
334 2328 571 2362 προσκεκρουκότι
589 2328 618 2354 ὲν
648 2328 686 2363 τῷ
701 2329 763 2363 βίῳ,
791 2329 838 2355 καὶ
855 2329 904 2364 τὴν

114 2374 204 2400 indu
231 2373 287 2399 τῶν
313 2373 406 2400 ἐνθάδε
423 2373 597 2408 βεϐιωμένων
628 2374 746 2409 εὐθύνην
762 2374 903 2402 δεδοικότι.

116 2419 187 2453 Πρὸς
202 2418 312 2450 τούτοις
327 2419 355 2445 δὲ
367 2420 427 2445 ἐπεὶ
452 2420 538 2446 ἐδόκει
557 2420 604 2446 καὶ
619 2421 673 2446 τῶν
686 2421 733 2447 τοῦ
750 2420 808 2455 βίου
823 2421 904 2456 θορύ-

116 2462 173 2489 6ων
189 2463 356 2497 ἀναχωρεῖν,
371 2463 411 2494 είς
434 2462 515 2498 κόρον
543 2463 731 2490 ἁπολαύσλντι
750 2465 796 2490 καὶ
824 2465 903 2501 δόξης

682 160 952 191 HISTORIARUM
971 162 1085 192 LIBER
1107 162 1167 192 lV.‘

1698 159 1749 193 19)

920 218 941 245 A
957 216 1034 244 boris
1049 225 1140 245 arcem
1156 216 1323 245 desiderate.
1338 216 1504 244 Mementote
1528 222 1673 251 supremos
1688 217 1749 252 ejus

959 269 1009 297 pro
1027 263 1105 290 vobis
1122 271 1234 295 agones.
1251 261 1390 296 quomodo
1403 261 1547 288 debilitate
1568 263 1623 297 jam
1640 263 1750 296 penitus

960 311 1018 335 toto
1033 316 1148 343 corpore
1163 308 1311 336 hostilibus
1330 307 1502 339 vulneribus,
1521 307 1749 341 medicornmque

958 354 1125 387 ustionibus,
1138 359 1166 381 et
1187 353 1250 380 inde
1274 353 1307 380 ad
1327 356 1442 379 mortem
1467 351 1607 383 tendente,
1627 359 1658 378 se
1684 359 1751 378 con-

959 400 1112 435 tempserit,
1131 400 1247 434 vitasque
1272 398 1344 426 haud
1372 397 1537 432 pepercerit,
1562 397 1692 424 alacriter
1716 398 1749 424 ad

959 447 1077 474 tribunal
1095 451 1122 474 et
1140 453 1279 473 sacrorum
1298 445 1435 472 antistites
1446 445 1552 472 venerit
1568 464 1575 475 .
1599 452 1650 471 nec
1674 445 1751 478 prius

957 494 1021 531 inde
1038 493 1149 526 abierit,
1166 500 1248 528 quam
1273 492 1456 519 insectatores
1472 495 1589 521 vt-strns.
1605 495 1633 518 et
1648 490 1749 525 depra-

956 545 1018 567 vata
1035 540 1144 567 illorum
1170 539 1308 574 dogmata,
1334 544 1362 566 et
1391 538 1502 566 inducta
1518 537 1649 564 Ecclesia
1683 545 1751 564 nau-

956 586 1040 621 fragia
1071 585 1251 616 contrivi-rit,
1273 590 1300 612 et
1331 584 1394 612 imis
1422 584 1587 618 perditionis
1616 583 1750 617 exiliique

956 631 1087 658 ﬂuctibus
1122 631 1240 657 dederit.
1269 630 1352 665 803
1384 630 1458 657 Talis
1488 630 1553 656 item
1589 629 1650 663 ejus
1681 629 1748 660 fuit,

956 678 1117 712 priusquam
1145 681 1361 711 perverteretur,
1378 676 1412 702 de
1440 675 1576 710 dogmatis
1602 674 1749 702 sententia.

956 724 1015 751 Non
1034 723 1107 750 enim
1121 722 1175 750 dici
1189 727 1291 757 potest,
1306 722 1358 749 alia
1373 722 1468 755 fuisse,
1492 729 1552 756 quae
1564 722 1670 756 jttdicio
1687 729 1749 753 suo,

958 773 987 796 ut
1003 769 1226 803 depravationem
1244 776 1276 794 ac
1287 767 1437 802 perniciem
1459 766 1595 797 veritatis,
1617 766 1749 794 condem-

957 815 1030 841 navit
1047 814 1214 848 imperator:
1227 813 1280 840 alia
1293 818 1396 840 tomum
1409 813 1461 840 sub
1473 820 1515 839 me
1527 812 1682 839 confectum
1693 811 1749 846 (16)

956 868 989 887 ex
1020 860 1143 887 Ecclesia
1173 859 1335 887 exturbasse
1362 859 1506 892 (adversus
1532 866 1614 893 quem
1644 862 1749 885 tomum

956 907 1055 933 mirum
1071 910 1112 932 est
1125 909 1257 940 quantum
1285 905 1368 932 studii
1388 904 1574 939 adhibuerit),
1591 904 1637 932 sed
1653 904 1749 931 eadem

955 950 1137 985 penitissime.
1151 950 1224 978 Idem
1241 954 1267 977 et
1280 950 1314 977 de
1329 950 1434 977 sanctis
1448 951 1474 977 in
1496 955 1589 977 monte
1613 950 1685 977 Atho
1698 950 1749 976 ha-

957 996 1087 1027 bendum,
1104 1004 1174 1031 quos
1191 996 1357 1024 temulentia:
1378 1004 1410 1023 ac
1433 997 1539 1023 ventris
1559 996 1625 1023 vitio
1641 996 1749 1022 deditos

953 1043 1084 1075 mentitis,
1103 1043 1213 1077 quando
1224 1042 1279 1069 vita
1310 1047 1339 1069 et
1358 1049 1449 1069 mores
1467 1042 1540 1069 omni
1566 1042 1627 1069 luce
1645 1042 1747 1069 clarius

955 1089 1066 1115 illorum
1082 1088 1212 1115 virtutem
1236 1093 1263 1114 et
1279 1095 1342 1114 cum
1366 1087 1420 1114 Deo
1435 1087 1658 1122 conjunctionem
1681 1093 1748 1121 pro-

953 1134 1032 1161 dunt.
1051 1133 1167 1161 Tantum
1184 1133 1256 1160 enitn
1274 1141 1383 1168 semper
1394 1140 1409 1160 a
1422 1132 1573 1160 vinolentia
1591 1137 1619 1160 et
1632 1131 1748 1166 crapula

953 1181 1112 1210 abfuerunt.
1143 1183 1275 1213 quantutn
1309 1182 1453 1206 accusator
1478 1178 1634 1204 averitate.
1659 1176 1747 1204 (ξι-τυυί

953 1227 1111 1255 labulantur
1136 1226 1272 1253 Atlantem
1288 1225 1446 1260 quemdam,
1470 1223 1524 1251 diis
1535 1231 1597 1251 cum
1628 1222 1748 1250 Saturno

952 1279 1022 1306 cu-lo
1041 1277 1127 1313 pulsis
1142 1278 1210 1310 (ΠΙ,
1229 1277 1279 1303 ltac
1295 1284 1375 1311 poena
1390 1285 1403 1303 a
1417 1275 1590 1311 principibus
1607 1275 1746 1309 punitum,

953 1329 996 1352 ut.
1010 1329 1090 1351 terrm
1113 1323 1256 1350 columnas
1272 1322 1432 1353 sustineret,
1447 1326 1530 1356 atque
1557 1323 1593 1348 ita
1617 1321 1747 1355 ponderis

952 1371 1079 1397 vastitate
1096 1374 1280 1404 premeretur.
1294 1368 1376 1403 Atqui
1394 1376 1456 1402 ego.
1478 1367 1593 1394 veritate
1612 1367 1678 1393 mihi
1704 1373 1748 1393 at-

953 1421 1082 1447 teslante,
1111 1416 1194 1442 hosce
1221 1415 1347 1442 homines
1375 1415 1429 1442 vita
1461 1415 1566 1449 puriter
1595 1413 1747 1441 admodum

952 1463 1060 1498 agenda
1078 1462 1152 1489 hunc
1167 1462 1300 1488 honorem
1314 1468 1329 1488 a
1351 1461 1406 1488 Deo
1424 1460 1555 1494 consequi
1573 1459 1701 1490 dixerim,
1719 1462 1749 1485 ut

953 1513 1088 1535 terrarutn
1103 1508 1210 1538 orbem,
1227 1507 1288 1540 ejus
1302 1513 1404 1533 numen
1424 1504 1554 1539 precibus
1577 1504 1614 1530 illi
1640 1504 1747 1538 placan-

919 1561 940 1591 C
958 1559 1008 1585 tes,
1030 1553 1143 1581 fulciant
1156 1560 1188 1580 ac
1220 1555 1388 1580 sustentem.
1407 1550 1447 1578 Me
1474 1556 1577 1583 autem,
1595 1550 1746 1577 etiamnum

954 1601 1016 1626 vivo
1031 1598 1190 1625 Andronico
1215 1598 1390 1632 imperatore,
1407 1597 1439 1623 ad
1463 1604 1511 1623 eos
1534 1595 1697 1630 profectum,
1713 1595 1747 1622 de

953 1644 1069 1679 imperio
1084 1644 1219 1673 Ronnano,
1237 1647 1266 1669 ttt
1292 1642 1359 1669 mihi
1375 1641 1602 1672 vaticinarentur,
1625 1648 1745 1675 rogasse,

955 1689 1055 1725 ecquid
1076 1686 1109 1716 ad
1128 1696 1171 1716 me
1195 1694 1342 1715 venturum
1367 1690 1451 1718 esset,
1468 1691 1562 1720 aperte
1589 1685 1720 1712 mentitur
1737 1692 1746 1711 :

953 1743 1036 1771 quem
1060 1734 1111 1761 hoc
1129 1733 1217 1768 ipsum
1235 1732 1345 1759 mentiri
1370 1732 1524 1759 certissima
1551 1731 1595 1758 illa
1621 1730 1748 1765 probatio

953 1785 1007 1812 est,
1022 1781 1097 1815 quod
1114 1780 1195 1807 toties
1213 1779 1296 1806 etiam
1323 1779 1349 1805 in
1373 1778 1435 1805 aliis
1459 1777 1570 1804 mentiri
1592 1777 1748 1804 consuevit.

953 1828 983 1856 In
1000 1826 1096 1862 primis
1112 1829 1203 1852 autem
1220 1829 1249 1852 et
1262 1825 1339 1852 Anna
1369 1824 1541 1858 imperatrix,
1568 1830 1664 1850 eorum
1688 1829 1748 1849 om.

955 1873 1032 1900 nium
1050 1872 1117 1899 mihi
1133 1871 1256 1903 conscia,
1272 1870 1381 1898 veritati
1397 1869 1586 1897 testintonium
1598 1868 1749 1903 impertiet.

955 1919 1014 1946 Non
1030 1919 1104 1945 enim
1123 1918 1214 1944 minus
1229 1917 1274 1944 illa
1291 1923 1346 1948 me.
1361 1923 1442 1950 quam
1463 1915 1614 1949 imperator
1626 1921 1750 1941 commo-

954 1965 1006 1995 vit.
1024 1970 1053 1992 ut
1067 1964 1216 1991 deliberata
1229 1964 1255 1990 in
1277 1962 1351 1989 aliud
1378 1966 1487 1996 tempus
1514 1961 1670 1988 differrent.
1688 1960 1747 1987 Non

955 2018 1016 2044 ego,
1041 2015 1071 2037 ut
1093 2010 1138 2036 ille
1165 2008 1282 2036 mendax
1310 2008 1359 2039 ait,
1388 2013 1453 2034 tunc
1481 2006 1514 2033 ad
1543 2007 1696 2033 monachos
1722 2007 1749 2034 in

955 2056 1026 2083 Atho
1044 2059 1137 2082 monte
1150 2054 1273 2086 discessi,
1287 2057 1319 2080 ut
1333 2053 1441 2079 futuros
1459 2056 1576 2078 eventus
1600 2059 1634 2078 ex
1651 2059 1749 2078 eorum

956 2100 1182 2137 praedictionibus
1196 2099 1327 2126 elicerem
1347 2107 1354 2125 :
1370 2097 1418 2126 sed
1441 2102 1505 2123 ante
1522 2095 1624 2127 omnia,
1643 2100 1674 2122 ut
1696 2095 1749 2122 itu-

956 2147 1093 2183 peratoris
1106 2145 1371 2179 valetudinem,.qua
1395 2143 1492 2171 invita
1518 2143 1585 2169 nihil
1612 2141 1749 2169 habebam

958 2194 1057 2222 melius
1067 2200 1099 2220 ac
1111 2192 1270 2228 pretiosius,
1284 2197 1381 2218 eorum
1393 2190 1464 2216 votis
1478 2188 1661 2223 precibusque
1676 2195 1752 2214 com-

918 2234 942 2264 Ῑ)
956 2239 1114 2267 mendarem
1124 2247 1131 2270 ;
1143 2238 1254 2268 item.ut
1262 2235 1420 2263 eorumdetn
1431 2241 1481 2269 pro
1489 2241 1530 2260 me
1538 2233 1753 2267 supplicationes

952 2286 1140 2320 impetrarem,
1149 2282 1206 2318 qui,
1215 2281 1288 2316 quod
1300 2281 1380 2308 toties
1398 2280 1482 2307 Deum
1491 2279 1677 2311 oll‘erdisscm,
1691 2286 1753 2313 per-

951 2333 1123 2366 petratorum
1150 2327 1296 2362 supplicia,
1313 2330 1374 2361 post
1397 2325 1501 2353 obitum
1517 2324 1639 2357 luenda,
1666 2322 1753 2358 perti-

951 2381 1115 2403 mescerem.
1126 2373 1166 2401 Ad
1178 2374 1235 2411 haec
1244 2379 1306 2400 eum
1320 2371 1412 2398 animo
1425 2370 1543 2402 sederet,
1557 2374 1617 2404 post
1628 2369 1754 2396 humanae

950 2421 1053 2454 gloriae,
1063 2418 1212 2450 felicitatis,
1223 2425 1255 2445 ac
1282 2417 1444 2444 deliciarum
1457 2415 1611 2443 satietatem
1622 2422 1636 2441 a
1652 2413 1754 2440 tumul-

959 2467 1032 2495 tibus
1043 2465 1181 2498 recedere,
1192 2467 1321 2500 praestare
1331 2462 1485 2499 cogitabant
1496 2461 1578 2489 alicui
1587 2460 1752 2488 tnonastario

920 893 939 920 Β

750 2521 857 2552 Jacobi
875 2522 1008 2554 Pontani
1027 2526 1121 2553 notas.

153 2567 209 2603 (16)
227 2567 275 2595 Vel
286 2568 352 2595 hinc
361 2573 446 2603 patet,
460 2569 545 2604 hujus
556 2569 677 2596 historia:
689 2576 830 2604 parentem
840 2571 911 2599 Can-

117 2609 280 2631 tacuzenum
299 2603 467 2637 ipsissimum
491 2612 564 2641 esse,
592 2612 655 2641 cum
671 2603 776 2641 oblitus
795 2607 837 2634 sui
853 2608 910 2641 pri-

119 2645 194 2674 rnam
215 2645 362 2672 personam
378 2644 470 2673 ponat,
488 2639 535 2666 sub
558 2647 610 2671 me,
628 2639 730 2674 inquit,
752 2640 777 2667 id
794 2639 909 2673 estfme

120 2673 342 2712 imperatorem
360 2674 487 2708 praside.
513 2674 586 2701 Infra
605 2673 727 2712 rut-sitm,
752 2683 793 2702 me
808 2681 908 2707 autem,

117 2708 339 2747 etc._aliqttoties
352 2716 401 2742 per
418 2713 509 2747 toturn
521 2714 613 2747 caput.
632 2709 734 2736 Tamen
757 2711 785 2737 in
804 2711 858 2739 ﬁne
872 2712 907 2739 ad

118 2743 365 2781 (lissimﬂulationetn
381 2744 463 2781 redit,
484 2744 588 2781 dicens,
607 2744 664 2771 hiec
683 2752 782 2781 prose,
794 2753 907 2781 respon<

119 2777 192 2814 disse
205 2777 440 2814 Cantacuzenum,
453 2779 532 2806 lectis
545 2778 674 2813 Gregorae
684 2777 800 2814 scriptis
814 2777 848 2808 de
865 2788 907 2813 se,

119 2817 148 2840 et
161 2813 265 2840 dixisse
275 2813 329 2847 jatn
344 2814 518 2850 menachum.
531 2821 591 2850 cap.
606 2814 653 2846 25,
668 2822 723 2848 quo
734 2813 826 2850 etjam
840 2820 909 2843 tem-

119 2854 186 2882 pore
201 2855 234 2875 ex
249 2848 478 2876 antecedentibus
497 2849 645 2877 verisimile
655 2853 696 2877 est
715 2849 748 2877 ad
765 2848 906 2879 historian)

121 2884 293 2911 sumendam
311 2891 471 2918 aggressum
487 2883 580 2911 fuisse.

999 2574 1056 2607 (l7)
1071 2573 1146 2600 llanc
1160 2572 1278 2600 fabulam
1295 2579 1429 2606 nusquam
1446 2570 1509 2603 legi.
1526 2570 1601 2607 Atlas
1615 2575 1754 2607 estrnons

961 2607 989 2635 in
1009 2605 1184 2639 Mauritania,
1214 2608 1294 2641 cujus
1320 2605 1414 2634 vertex
1438 2610 1556 2641 propter
1575 2605 1751 2641 altitudinem

959 2643 1067 2670 videtur
1079 2643 1180 2670 coalum
1193 2640 1338 2677 attingere.
1353 2641 1386 2668 Et
1402 2640 1528 2677 quoniam
1547 2640 1634 2677 Atlas,
1647 2641 1694 2677 qui
1710 2640 1751 2668 ibi

959 2678 1194 2713 regnavit,rerum
1205 2675 1450 2713 astrono'micarum
1459 2675 1511 2713 fuit
1520 2675 1750 2713 studiosissimus,

959 2710 1040 2739 datus
1065 2721 1098 2739 ex
1120 2712 1302 2739 similitudine
1327 2711 1448 2738 nominis
1475 2710 1578 2737 fabulae
1604 2711 1692 2740 locus.
1719 2715 1750 2737 ut

957 2747 1062 2786 etelum
1075 2747 1375 2786 sustinetediceretgr.
1388 2745 1437 2786 Cu_i
1450 2752 1599 2785 parumper
1613 2745 1750 2786 successit

957 2780 986 2809 in
1007 2790 1038 2809 en
1056 2789 1141 2809 onere
1156 2781 1319 2809 sustinendo
1331 2779 1472 2812 Hercules,
1488 2779 1556 2815 quia
1566 2779 1698 2815 nimirum
1710 2779 1746 2805 ab

957 2817 1054 2844 eodem
1070 2817 1180 2844 Atlante
1198 2824 1243 2844 res
1257 2817 1395 2849 ctelestcs.
1414 2813 1611 2850 stellarumque
1623 2813 1746 2845 rationes

957 2855 985 2879 et
1001 2857 1092 2880 motus
1111 2852 1217 2880 didicit.
