1941 3088
185 135 232 167 191

786 135 948 166 ΙΟΑΝΝΙὸ
968 135 1231 167 CANTACUZENI

1754 134 1804 165 19?

183 202 227 221 me
241 192 368 220 mandare
382 213 389 225 ,
412 193 507 228 ibique
532 192 669 227 reliquum
685 199 820 220 annorum
843 199 967 219 meorum

1024 191 1210 226 ἀνθρωπίνης,
1225 190 1271 218 καὶ
1299 189 1448 226 εὐημερίας
1463 189 1510 216 καὶ
1536 189 1655 225 τρυφῆς,
1672 190 1804 217 ἐσκεπτό-

184 240 219 267 ab
239 239 369 266 inanibus
385 239 481 266 mundi
497 237 754 274 perturbationibus
765 258 772 270 ,
796 239 969 273 strepituque

185 289 340 316 remotum,
364 284 391 311 in
417 284 616 319 tranquillitate
640 291 814 311 consumere.
845 283 971 311 Placebat

185 336 278 357 autem
291 331 377 364 magis
393 329 535 364 Batopeulii
555 329 766 356 monasterium.
783 328 899 364 Moxque
912 336 971 356 m0-

186 376 284 402 nachis
307 375 361 402 illis
387 375 451 402 dato
467 380 581 410 argento
598 375 720 410 praecipi,
736 375 874 402 domicilia
901 374 968 401 mihi

188 420 374 447 construenda
397 420 522 447 locarent
537 440 543 449 ,
561 427 621 454 qum
648 426 734 454 usque
762 427 834 446 nunc
850 423 968 449 exstant,

189 467 402 500 veritatemque,
421 474 473 499 qua
494 466 562 492 nihil
591 466 651 492 colo
667 465 808 496 sanctius,
835 468 970 492 testantur

186 512 350 539 clarissime.
380 511 463 547 804.
479 511 535 538 Cur
563 516 654 538 autem
684 519 738 538 non
759 511 814 537 illic
841 510 969 537 monachi

187 557 310 584 habitum
327 557 440 583 indutus
456 556 604 583 mansorim
616 576 622 587 ,
648 556 694 582 sed
712 556 744 582 ad
771 556 969 590 iu-peratorum

187 603 419 638 negotiorumque
451 603 587 629 tumultus
619 602 749 628 redierim
768 621 774 633 ,
807 609 857 628 nec
894 608 970 627 amor

186 648 282 675 mundi
299 648 325 674 in
344 655 425 674 causa
444 647 495 674 fuit
509 668 515 679 ,
542 654 593 674 nec
619 646 651 673 ad
671 654 716 673 res
739 646 873 672 humanas
889 645 970 672 laude

187 694 283 729 dignas
302 698 396 728 torpor
409 693 532 728 quidam,
552 692 598 719 sed
617 692 766 727 imperator
789 692 847 725 ipse
872 692 971 718 immo-

186 739 248 766 dice
268 739 335 766 mihi
362 738 472 770 affixus,
487 743 515 765 ct
537 738 584 773 qui
610 738 669 764 sine
686 745 730 764 me
757 737 841 763 vitam
861 737 913 764 sibi
931 739 972 765 in-

186 793 312 815 suavem.
329 789 412 820 atque
428 785 556 812 acerbam
575 788 691 818 putaret.
709 783 743 811 Ut
756 784 830 811 enim
848 783 973 811 sciscita-

188 835 249 862 tus,
276 830 341 865 quid
363 838 407 857 me
424 829 497 857 Atho
512 829 683 861 adduxisset,
697 836 807 856 causam
826 829 970 864 percepit,

1022 246 1075 273 μην
1088 239 1117 264 ἐν
1131 238 1185 264 τίνι
1209 237 1264 263 τῶν
1281 235 1502 271 φροντιστηρίων
1522 235 1628 271 βέλτιον
1643 237 1740 268 οἰκεῖν,
1755 237 1802 263 καὶ

1020 282 1065 309 τὸν
1079 283 1219 309 ἐπίλοιπον
1236 282 1292 317 βίον
1315 284 1343 308 ἐν
1371 281 1509 317 ἀταραξίᾳ
1535 281 1654 308 διανύειν
1676 282 1730 308 τῶν
1753 282 1805 309 τοῦ.

1022 327 1080 362 βίου
1109 328 1233 362 ματαίων
1259 328 1416 353 ἀποστάντα
1444 326 1567 361 θορύϐων
1587 327 1635 354 καὶ
1661 329 1802 362 ταραχῶν.

1020 373 1076 400 Καὶ
1101 373 1189 399 ἐδόκει
1225 373 1255 399 τὸ
1270 372 1433 398 Βατοπεδίου
1445 371 1637 407 αἱρετώτερον,
1656 373 1754 400 αὐτίκα
1771 382 1800 400 τε

1019 420 1074 448 τοῖς
1087 419 1176 445 ἐκεῖσε
1190 419 1316 453 μοναχοῖς
1330 417 1467 449 ἐκέλευον,
1479 417 1648 453 ἀναλώματα
1661 419 1801 454 παρέχων,

1020 464 1146 499 οἰκήσεις
1162 465 1222 498 ἐμοὶ
1239 466 1339 495 ποιεῖν,
1354 463 1381 490 αῖ
1396 464 1444 490 καὶ
1458 464 1497 495 είς
1512 463 1594 499 δεῦρο
1609 464 1803 500 διασώζονται,

1021 510 1157 543 ἀπόδειξις
1176 509 1295 544 ἐναργὴς
1313 510 1363 544 τῆς
1395 509 1463 544 παρ’
1492 510 1555 545 ἐμοὶ
1579 510 1804 546 πρεσϐευομένης

1021 555 1159 590 ἀληθείας,
1174 555 1221 581 τοῦ
1237 554 1265 580 δὲ
1280 554 1317 589 μὴ
1329 554 1389 581 τότε
1403 553 1488 580 αίτιον
1504 555 1562 581 ἐκεῖ
1574 555 1802 589 καταλειφθῆναι,

1021 601 1069 627 καὶ
1102 600 1194 634 σχῆμα
1213 599 1339 634 μοναχῶν
1354 599 1510 632 ἀναλαϐεῖν,
1541 599 1599 626 ἀλλ’
1626 600 1704 632 αὖθις
1733 603 1803 637 πρὸς

1024 645 1136 682 βασιλέα
1152 645 1198 671 καὶ
1206 645 1254 671 τὸν
1267 644 1381 679 θόρυϐον
1393 645 1447 671 τῶν
1458 645 1629 680 πραγμάτων
1639 647 1801 681 ἐπανήκειν,
1829 638 1832 642 .

1021 690 1077 717 οὗθ’
1088 691 1104 725 ὴ
1115 689 1280 724 φιλοκοσμία
1293 687 1338 724 ἦν,
1355 689 1412 715 οὗθ’
1425 690 1442 725 ἡ
1458 689 1580 725 ῥᾳθυμία
1592 691 1699 725 περὶτὰ
1711 691 1783 718 καλά
1794 699 1802 707 '

1021 737 1089 764 ἀλλὰ
1103 736 1229 770 βασιλεὺς
1254 735 1336 766 αὐτὸς
1351 735 1461 766 ἀτόπως
1487 735 1655 770 ἐξεχόμενος,
1680 737 1728 762 καὶ
1742 736 1804 763 οὐδὲ

1022 782 1119 818 βιωτὸν
1142 781 1293 817 ἡγούμενος
1307 780 1382 815 αὐτῷ
1396 780 1442 807 τὸν
1460 780 1517 815 βίον
1539 780 1605 816 ἐμοῦ
1619 781 1802 817 διεστηκότος.

1027 829 1072 860 Ὠς
1087 828 1142 864 γὰρ
1160 827 1326 854 ἐπυνθάνετο
1343 827 1391 862 τὴν
1404 827 1504 860 αἰτίαν,
1516 827 1532 857 ἥ
1554 836 1586 862 με
1599 827 1661 861 ἄγει
1676 827 1744 862 πρὸς
1758 828 1805 854 τδν

187 883 296 910 nempe,
308 875 446 903 liberandi
463 883 506 903 me
520 883 534 902 a
551 875 625 902 curis
636 880 665 902 et
681 875 854 909 negotiorum
870 875 968 906 turbis,

1024 861 1108 905 Ἄθω,
1121 861 1225 907 καὶτῆς
1237 873 1267 898 ἐν
1276 873 1326 907 βίῳ
1337 872 1508 906 φιλοσοφίας,
1537 873 1635 907 ἤκουεν
1655 861 1805 908 ἐπίθυμίαν

186 920 304 954 vitaeque
325 921 487 946 innocenter
517 918 664 946 actitandae
688 918 856 945 desiderium
871 939 878 951 ,
904 919 972 946 ami-

188 965 280 991 citiam
299 971 313 991 a
329 971 372 991 me
388 971 552 998 magnopere
572 963 699 990 violatam
721 968 889 998 conquestus
910 969 970 996 est,

191 1009 264 1044 quod
280 1009 386 1043 privata
406 1014 515 1036 sectans
537 1008 698 1038 commoda.
727 1008 835 1042 publica
854 1008 972 1043 neglige-

189 1062 248 1081 rem
267 1060 315 1082 :et
330 1055 419 1089 ipsum
436 1054 525 1081 solum
543 1054 569 1081 in
588 1058 661 1081 tanta
672 1053 885 1087 occupationum
902 1053 972 1079 mul-

189 1099 317 1130 titudine.
340 1100 521 1134 molestiaque
535 1099 692 1126 destituens
705 1119 711 1131 ,
740 1099 797 1133 ipse
814 1098 945 1125 Secedere
962 1118 969 1130 ,

189 1151 218 1172 et
239 1145 388 1180 tranquillo
414 1146 471 1172 otio
491 1144 595 1180 perfrui
618 1145 765 1172 meditarer
782 1153 788 1171 :
805 1152 972 1178 erumpens-

189 1191 283 1226 quein
301 1198 346 1218 me
372 1191 543 1217 stomachum
559 1210 566 1222 ,
594 1191 766 1224 propositum
785 1198 876 1217 meum
901 1190 971 1224 inju-

190 1236 271 1268 riam,
291 1241 319 1263 et
331 1236 457 1262 amicitia:
476 1243 531 1262 suae
544 1240 729 1270 contemptmu
745 1236 906 1270 appellabat.
929 1235 970 1262 Me

188 1287 281 1309 autem
312 1281 485 1313 affirmante,
516 1281 634 1308 animam
661 1289 757 1308 curare
781 1282 917 1314 voluisse,
943 1286 972 1309 et

189 1334 299 1362 aequum
317 1332 458 1360 censente,
472 1327 542 1354 nihil
560 1327 611 1354 hoc
625 1335 678 1354 uno
693 1328 866 1362 praestantius
874 1327 970 1354 existi-

190 1374 278 1406 mari,
302 1373 443 1408 magisque
463 1373 552 1407 ipsum
570 1373 695 1407 iniquum
722 1380 782 1400 esse
795 1394 802 1406 ,
832 1374 856 1400 si
879 1381 920 1400 me
937 1381 970 1401 eo

190 1419 407 1451 incumbentem,
425 1422 454 1445 ct
468 1418 612 1445 honestam
628 1419 747 1454 aliquam
763 1419 970 1454 responsionem

189 1468 262 1502 apud
279 1467 452 1495 formidabile
477 1467 543 1495 illud
571 1467 618 1495 Dei
643 1468 762 1494 tribunal
779 1476 828 1502 pro
844 1468 971 1496 admissis

189 1514 333 1549 acquirere
354 1513 524 1540 laborantem
546 1513 694 1548 prohibere
720 1519 875 1545 conaretur.
896 1519 972 1549 past-

190 1567 273 1594 qnam
289 1559 412 1586 animum
430 1567 520 1586 meum
547 1560 657 1586 flectere
682 1560 819 1594 nequivit,
834 1565 862 1588 et
875 1561 901 1587 in
925 1569 970 1588 su-

189 1610 284 1640 scepto
300 1605 416 1632 consilio
431 1605 605 1632 ohfirmatum
620 1605 698 1637 vidit,
713 1606 860 1641 Augustam
875 1607 972 1634 ascivit

188 1651 302 1679 sociam.
317 1651 382 1678 inde
397 1651 479 1678 ambo
495 1651 588 1678 multis
604 1652 732 1679 verbiset
747 1653 915 1687 argumentis
928 1660 971 1680 me

188 1698 377 1732 pervicerunt,
401 1705 435 1724 ne
455 1701 512 1724 tum
535 1697 608 1732 quod
634 1698 777 1732 cupiebam
795 1706 970 1734 exsequerer.

189 1745 352 1778 Quanquam
368 1745 466 1778 (amica
484 1744 557 1771 enim
574 1744 688 1779 veritas)
701 1752 752 1771 nec
769 1745 837 1780 ipse,
851 1745 901 1772 etsi
919 1746 973 1772 im-

189 1797 273 1824 pense
297 1790 434 1823 volebam,
453 1794 566 1824 propter
585 1790 838 1825 conjunctissimam
854 1790 972 1817 l'auiilia-

188 1835 299 1861 ritatem
316 1835 350 1861 ab
374 1835 542 1869 imperatore
564 1835 685 1868 separari
712 1835 912 1869 poteram.Ncc
933 1840 973 1862 ta-

189 1887 252 1907 men
265 1880 299 1907 ab
315 1888 346 1907 ea
366 1884 458 1906 mente
485 1888 600 1914 prorsus
621 1880 753 1910 discessi,
768 1881 814 1907 sed
837 1885 891 1908 tum
909 1882 972 1915 qui—

189 1925 264 1956 dem,
281 1933 330 1959 pro
346 1932 379 1951 eo
403 1932 434 1951 ac
443 1925 488 1951 illi
513 1925 651 1958 petebant.
668 1925 820 1951 rediturum
841 1932 884 1952 me
908 1933 973 1959 pro-

192 1969 274 2000 misi,
291 1974 320 1996 et
340 1969 385 1995 ubi
414 1973 524 1995 sanctos
543 1969 604 1995 illos
619 1969 771 2001 allocutus,
786 1969 873 1999 eﬂ'cci,
892 1974 922 1996 ut
945 1969 972 1996 in

191 2015 343 2049 Batopedio
360 2015 547 2042 habitaculum
567 2015 634 2042 mihi
655 2020 869 2044 construcretnr.
887 2016 974 2044 Thes-

191 2061 341 2088 salonicam
370 2060 403 2087 ad
431 2060 625 2094 imperatorem
651 2060 731 2088 redii.
747 2061 812 2087 Erat
837 2066 928 2088 autem
946 2061 973 2088 in

191 2107 285 2134 animo
303 2106 386 2133 rebus
401 2106 469 2133 meis
482 2106 551 2133 bene
563 2106 722 2140 compositis
733 2107 842 2138 reverti,
859 2112 887 2134 et
903 2107 974 2134 inter

192 2152 343 2179 monachos
372 2152 432 2178 illos
459 2152 553 2178 eadem
583 2151 646 2178 vitae
673 2151 818 2183 instituta,
847 2152 974 2187 legesque

1022 921 1069 946 καὶ
1083 919 1206 954 θορύϐων
1232 919 1280 945 καὶ
1305 919 1479 953 πραγμάτοιν
1508 918 1681 953 ἀπαλλαγῆς,
1704 918 1804 954 πολλὴν

1022 966 1134 1002 ἀφιλίαν
1162 965 1326 1000 κατηγόρει,
1358 965 1400 992 au
1429 965 1463 992 τὰ
1490 965 1624 992 δοκοῦντα
1652 965 1805 993 λυσιτελεῖν

1022 1013 1112 1047 ζητῶν
1140 1011 1204 1048 ἰδίᾳ,
1223 1011 1279 1038 τῶν
1296 1011 1393 1038 κοινῶν
1416 1011 1576 1044 καταμελῶ,
1593 1012 1642 1039 καὶ
1657 1013 1737 1047 μόνον
1757 1022 1806 1039 και-

1021 1058 1160 1085 ταλείπων
1187 1057 1235 1084 ἐπὶ
1262 1057 1390 1084 τοσοῦτον
1414 1058 1588 1093 πραγμάτων
1614 1058 1704 1093 δχλον,
1722 1059 1804 1091 αὐτὸς

1023 1103 1156 1139 βούλομαι
1181 1103 1344 1137 ἀναχωρεῖν,
1363 1103 1411 1129 καὶ
1433 1102 1584 1130 ἀπολαύειν
1606 1103 1656 1138 τῆς
1673 1104 1803 1139 γαλήνης.

1028 1148 1193 1182 Ἠγανάκτει
1210 1156 1250 1179 τε,
1265 1149 1313 1174 καὶ
1335 1146 1444 1174 ἀδικίαν
1463 1148 1494 1174 τδ
1520 1149 1638 1183 πρᾶγμα
1660 1149 1802 1181 ἀπεκάλει,

1021 1194 1068 1220 καὶ
1094 1194 1144 1228 τῆς
1159 1193 1226 1229 πρὸς
1250 1193 1330 1220 αὑτὸν
1347 1193 1477 1228 ἀθέτησιν
1494 1194 1596 1228 φιλίας.
1620 1194 1705 1229 Ἐμοῦ
1722 1194 1748 1220 δὲ
1775 1195 1805 1220 τὸ

1022 1239 1087 1274 περὶ
1104 1239 1192 1274 ψυχῆς
1215 1239 1260 1265 τὸν
1286 1239 1364 1273 λόγον
1386 1239 1553 1274 πεποιῆσθαι
1582 1239 1802 1275 ἰσχυριζομένου,

1022 1286 1070 1312 καὶ
1098 1284 1182 1320 μηδὲν
1209 1284 1350 1318 ἀξιοῦντος
1377 1284 1504 1320 ἡγεῖσθαι
1522 1285 1731 1320 προτιμότερον,
1758 1286 1805 1311 καὶ

1023 1331 1125 1367 μᾶλλον
1150 1331 1256 1357 ἐκεῖνον
1281 1330 1493 1362 ἀποδεικνύντος
1520 1331 1636 1364 ἀδικεῖν,
1662 1331 1687 1357 εί
1713 1330 1805 1366 βουλο-

1023 1377 1095 1413 μένῳ
1107 1377 1210 1413 ταύτης
1225 1377 1354 1413 πρόνοιαν
1381 1377 1528 1408 ποιεῖσθαι,
1542 1377 1589 1404 καί
1606 1386 1666 1404 τινα
1688 1378 1805 1413 εὐπρόσ-

1022 1433 1098 1451 ωπον
1134 1423 1284 1458 ἀπολογίαν
1296 1423 1341 1450 ἐπὶ
1351 1422 1399 1450 τοῦ
1415 1423 1532 1458 φοϐεροῦ
1547 1424 1653 1450 ἐκείνου
1666 1423 1803 1458 βήματος,

1022 1467 1064 1503 ἐφ’
1080 1466 1121 1499 οἷς
1139 1469 1351 1503 προσκέκρουκα
1363 1467 1423 1503 Θεῷ
1439 1467 1562 1503 πορίζειν
1590 1467 1711 1503 ἐμαυτῷ,
1725 1468 1805 1498 αὐτὸς

1022 1515 1144 1549 φαίνοιτο
1172 1515 1294 1546 κωλύων,
1322 1514 1383 1540 ἐπεὶΙ
1410 1513 1447 1550 μὴ
1464 1513 1570 1541 πείθειν
1590 1514 1696 1545 ἐκεῖνος
1719 1511 1803 1548 εἶχεν,

1023 1561 1081 1588 ἀλλ’
1092 1560 1210 1596 ίοχυρῶς
1221 1561 1348 1595 ἐχόμενον
1357 1559 1430 1596 ἐώρα
1440 1559 1494 1586 τῶν
1502 1561 1645 1595 προτέρων
1653 1559 1805 1594 λογισμῶν,

1023 1607 1070 1633 καὶ
1086 1606 1198 1641 βασιλίδι
1214 1607 1247 1641 τῇ
1260 1606 1370 1640 γυναικὶ
1385 1607 1560 1641 χρησάμενος
1573 1606 1720 1641 συμμάχῳ,
1733 1606 1809 1632 ἕπει-

1023 1661 1073 1679 σαν
1081 1652 1162 1687 ἄμφω
1169 1651 1275 1683 πολλοῖς
1288 1651 1451 1688 χρησάμενοι
1462 1652 1549 1686 Λόγοις
1558 1653 1605 1678 καὶ
1619 1652 1805 1687 παραινέσεσι,

1025 1699 1063 1735 μὴ
1077 1699 1106 1725 τδ
1122 1699 1169 1725 νῦν
1182 1698 1243 1733 ἔχον
1255 1698 1388 1733 πράττειν
1401 1697 1435 1724 τά
1451 1699 1520 1724 κατὰ
1535 1698 1660 1733 γνώμην.
1685 1698 1763 1724 Φίλον
1777 1698 1806 1725 δέ

1023 1744 1151 1779 τάληθὲς,
1165 1744 1221 1770 οὐδ’
1236 1743 1320 1770 αὐτὸν
1339 1743 1489 1778 δυνάμενον
1508 1743 1653 1778 διαστῆναι
1673 1743 1806 1778 βασιλέως

1024 1791 1077 1818 ὑπὸ
1093 1790 1144 1825 τῆς
1160 1790 1250 1824 ἄκρας
1264 1789 1419 1824 συνηθείας,
1442 1790 1488 1816 καί
1510 1797 1551 1815 τοι
1579 1789 1697 1823 μάλιστα
1714 1790 1807 1825 βουλό-

1026 1844 1117 1871 μενον,
1146 1836 1176 1862 οὺ
1194 1836 1248 1870 μὴν
1278 1835 1438 1862 παντάπασι
1457 1835 1512 1861 τῶν
1536 1834 1675 1870 λογισμῶν
1694 1837 1806 1863 ἐκείνων

1024 1881 1196 1915 ἀπεσχόμην,
1214 1880 1282 1906 ἀλλὰ
1297 1879 1357 1906 τότε
1372 1879 1421 1914 μὲν
1437 1877 1515 1910 αὖθις
1529 1879 1708 1914 ἀναστρέφειν
1722 1881 1807 1916 ἐπηγη

1024 1927 1170 1961 γελλόμην,
1188 1925 1282 1960 ὥσπερ
1295 1925 1394 1951 ἐκεῖνοί
1421 1933 1454 1959 γε
1481 1925 1587 1958 ἠξίουν.
1605 1925 1659 1951 Καὶ
1677 1925 1806 1960 ἀνέστρε-

1025 1981 1074 2007 φον
1101 1973 1128 1998 ἐν
1154 1971 1341 2007 Θεσσαλονίκῃ
1363 1971 1431 2006 πρὸς
1459 1971 1583 2002 ἐκείνους
1599 1971 1668 2005 μετὰ
1683 1971 1714 1998 τὸ
1742 1971 1807 2004 τοὺς

1025 2018 1120 2052 ἀγίυς
1137 2017 1259 2049 ἐκείνους
1282 2018 1453 2050 προσειπεῖν,
1482 2017 1529 2043 καὶ
1549 2017 1599 2051 τὴν
1611 2016 1757 2053 δεξομένην
1778 2017 1806 2044 ἐν

1025 2064 1130 2098 ὑστέρῳ
1142 2063 1249 2098 οἴκησιν
1271 2062 1474 2097 οἰκοδομεῖσθαι
1490 2063 1519 2088 ἐν
1548 2062 1705 2097 Βατοπεδίῳ
1719 2069 1808 2097 παρα-

1026 2109 1169 2140 σκευάσαι,
1185 2108 1298 2143 γνώμην
1322 2109 1350 2134 δέ
1365 2106 1451 2143 είχον,
1466 2108 1503 2139 ὡς
1518 2105 1546 2135 εὖ
1571 2107 1728 2143 διαθέμενος
1751 2109 1807 2140 τοῖς
1836 2134 1838 2136 ,

1025 2154 1059 2181 τὰ
1079 2154 1141 2180 κατ’
1169 2153 1230 2188 ἐμὲ,
1256 2151 1338 2182 αὖθις
1372 2153 1528 2187 ἐπανήξων,
1551 2153 1598 2179 καὶ
1627 2152 1808 2187 συνεσόμενος

191 2198 326 2234 profiteri.
344 2198 422 2224 Brevi
443 2197 588 2225 intervallo
615 2198 779 2232 imperatore
805 2198 969 2226 mortalitate

1025 2199 1112 2225 ἐκεῖσε
1125 2199 1251 2234 μοναχοῖς
1263 2198 1307 2225 τὸν
1317 2198 1374 2225 ἴσον
1386 2198 1442 2232 βίον
1450 2198 1576 2232 ἐλόμενος
1591 2198 1693 2228 αὐτοῖς.
1711 2197 1808 2232 Ὀλίγῳ

193 2244 349 2278 perfuncto,
367 2243 431 2278 quia
446 2243 518 2270 aliud
537 2251 590 2270 non
608 2242 718 2274 licobat,
736 2247 791 2271 tota
808 2244 929 2271 rectione
947 2244 974 2271 in

192 2289 323 2316 humeros
340 2296 414 2316 meos
426 2288 566 2318 translata.
583 2288 709 2315 detentus
722 2296 782 2315 sum
806 2289 887 2316 etiam
905 2289 976 2316 invi-

194 2340 249 2362 tus.
265 2335 332 2361 Cum
350 2338 440 2360 autem
458 2334 632 2369 sycophanta:
649 2334 688 2360 illi
715 2334 816 2361 bellum
843 2335 975 2362 suscitas-

193 2385 266 2413 sent,
283 2385 309 2407 et
328 2387 370 2407 me
384 2387 514 2419 meosque
529 2380 599 2407 adeo
624 2380 650 2406 in
673 2388 808 2407 summum
826 2381 974 2408 discrimen

194 2427 386 2462 coniecissent,
401 2434 454 2452 non
470 2433 535 2453 mea:
549 2426 651 2460 potius,
666 2434 747 2460 quam
760 2426 881 2453 omnium
895 2427 974 2453 saluti

194 2472 390 2504 consulturus,
409 2471 603 2506 imperatorem
621 2471 774 2498 Romanum
797 2472 854 2499 fieri
871 2480 914 2500 me
929 2479 976 2499 su-

195 2518 292 2549 stinui,
308 2522 468 2552 tantumque
482 2517 616 2544 malorum
636 2525 749 2544 examen
766 2517 868 2544 tamdiu
889 2525 977 2552 oppu-

193 2568 293 2598 gnatus
309 2564 436 2591 toleravi.
462 2563 538 2596 Quod
555 2571 616 2590 cum
630 2563 666 2590 ita
680 2564 726 2596 sit,
743 2564 878 2598 Gregoras
902 2572 976 2591 men-

193 2610 262 2636 titur
281 2617 313 2636 ea
342 2609 589 2644 impudentissime,
606 2617 665 2644 qme
684 2618 737 2636 non
755 2610 867 2636 refutari
884 2610 974 2642 modo,

193 2655 240 2682 sed
268 2655 397 2682 facillime
425 2654 537 2682 refutari
564 2660 665 2688 queant
692 2655 773 2690 805
787 2654 863 2688 Quod
895 2664 976 2690 porro

194 2709 237 2728 me
262 2701 385 2738 partibus
402 2700 517 2727 Palama:
537 2700 697 2733 addictum,
724 2701 851 2736 injustam
882 2702 977 2729 tulisse

195 2747 370 2778 sententiam,
390 2746 439 2780 ait,
455 2751 537 2781 atque
553 2746 676 2773 ideonec
695 2754 723 2773 se
736 2747 897 2781 pariturum,
913 2755 974 2774 cum

192 2792 302 2826 judicio
324 2791 542 2826 disceptantibus
560 2791 631 2818 idem
648 2797 674 2819 et
697 2792 792 2827 judcx,
807 2797 834 2819 et
847 2793 977 2819 adversa-

195 2837 252 2867 rius
267 2838 351 2867 fuerit
362 2858 369 2871 ,
396 2837 472 2865 nullo
496 2837 606 2873 negotio
621 2838 680 2874 ejus
696 2838 842 2866 vanitatem
860 2838 974 2865 demou-

1027 2245 1056 2272 δὲ
1069 2244 1183 2279 ὕστερον
1194 2245 1419 2279 τετελευτηκότος
1433 2243 1579 2278 βασιλέως,
1602 2244 1663 2270 ἐπεὶ
1678 2243 1808 2279 πράττειν

1027 2292 1128 2326 ἑτέρως
1156 2291 1208 2318 οὐκ
1234 2291 1279 2317 ἐπ’
1308 2291 1356 2326 ἐμὲ
1391 2290 1630 2324 καταλειφθείσης,
1660 2291 1706 2316 καὶ,
1734 2290 1808 2316 ἄκων

1027 2338 1101 2372 ἐξῆν,
1145 2338 1193 2373 τῆς
1230 2337 1294 2372 ὅλης
1338 2337 1499 2372 διοικήσεως
1538 2337 1592 2362 τῶν
1634 2336 1808 2371 πραγμάτων

1027 2384 1209 2419 κατεσχόμην,
1224 2383 1278 2409 τῶν
1293 2382 1469 2416 συκοφαντῶν
1484 2382 1512 2408 δὲ
1534 2382 1645 2408 ἐκείνων
1668 2383 1713 2408 τὸν
1729 2382 1809 2408 πόλε-

1029 2437 1079 2464 μον
1108 2428 1303 2462 κεκινηκότων,
1328 2428 1373 2454 καὶ
1398 2427 1443 2453 τὸν
1463 2427 1527 2462 περὶ
1550 2426 1597 2453 τοῦ
1624 2427 1672 2462 ζῇν
1688 2428 1810 2454 κίνδυνον

1027 2474 1088 2510 ἐμοί
1099 2483 1128 2501 τε
1164 2475 1210 2501 καὶ
1225 2475 1280 2505 τοῖς
1300 2473 1424 2499 συνοῦσιν
1435 2472 1522 2504 οὕτως
1535 2472 1632 2507 ἀθρόον
1644 2473 1808 2507 ἐπενεγκόν-

1027 2529 1092 2551 raw.
1109 2521 1139 2547 οὐ
1156 2521 1203 2554 τῆς
1216 2518 1337 2554 ἐμαυτοῦ
1354 2519 1455 2553 μᾶλλον
1475 2518 1491 2553 ἥ
1508 2518 1563 2545 τῶν
1587 2519 1657 2545 ὅλων
1671 2519 1811 2554 σωτηρίας

1027 2565 1108 2592 ἕνεκα
1128 2565 1158 2591 τὸ
1190 2565 1315 2599 βασιλεὺς
1337 2563 1479 2597 Ῥωμαίων
1514 2564 1626 2599 εἱλόμην
1652 2561 1734 2596 εἶναι,
1762 2565 1809 2598 καὶ

1027 2610 1156 2637 τοσοῦτον
1200 2610 1335 2644 ὑπέμεινα
1387 2609 1482 2636 κακῶν
1526 2609 1621 2644 ἐσμὸν,
1663 2610 1810 2646 ἀνημέρως

1027 2656 1097 2682 οὓτω
1132 2655 1297 2689 πολεμηθεὶς
1333 2655 1380 2681 ἐπὶ
1410 2655 1538 2682 τοσοῦτον
1574 2655 1682 2690 χρόνον.
1722 2657 1761 2682 Δι’
1789 2655 1810 2684 ἃ

1030 2701 1148 2736 μάλιστα
1181 2700 1309 2734 ψεύδεται
1347 2700 1491 2736 Γρηγορᾶς
1524 2701 1578 2727 οὐκ
1614 2701 1809 2735 ἁνετέλεγκτα,

1027 2747 1095 2774 ἀλλὰ
1140 2746 1249 2772 πάντων
1300 2746 1418 2781 μάλιστα
1468 2747 1697 2781 εὐελεγκτὸτατα.
1746 2749 1808 2775 Ὀτι

1027 2791 1054 2818 δέ
1089 2791 1122 2826 μέ
1153 2799 1218 2825 φηςι
1250 2791 1283 2826 τῇ
1320 2791 1454 2826 Παλαμᾶ,
1485 2793 1684 2828 προσκείμενον
1719 2794 1811 2829 μερίδι

1028 2838 1119 2866 ἄδ;κον
1135 2837 1222 2872 ᾲῆφον
1239 2838 1394 2870 ἐπενεγκεῖν
1405 2858 1412 2871 ,
1429 2839 1473 2865 καὶ
1491 2839 1534 2866 διὰ
1552 2839 1631 2866 τοῦτο
1652 2841 1713 2869 μηδ’
1729 2842 1810 2868 αὑτὸν
