1941 3088
126 139 175 171 ῘΩἹ

125 197 265 233 πείθεσθαι
281 197 392 230 ἐθέλειν,
404 196 441 228 ὡς
456 196 502 222 τὸν
520 195 600 222 αὑτὸν
614 195 690 227 ὅντα,
705 196 752 223 καὶ
767 194 908 229 δικαστὴν.
924 194 945 222 Α

124 243 170 271 καὶ
188 244 450 278 ἀντικαθιστάμενον
467 242 535 274 πρὸς
547 242 597 277 τὴν
611 242 690 277 δίκην
710 243 765 274 τοῖς
783 241 911 276 κρινομέ-

125 299 188 323 νοις,
215 290 397 324 εὐχερέστατα
424 288 589 323 ψευδόμενον
611 287 764 321 ἀπελέγξω.
791 287 828 313 υὺ
856 286 910 320 γὰρ

125 335 203 370 μόνον
215 335 358 369 Βψλαὰμ,
370 333 399 365 ὃς
415 335 463 368 τῆς
475 334 604 368 τοιαύτης
616 331 683 368 ἦρξε
695 333 825 367 διαφορᾶς
841 332 910 365 μᾶλ-

123 380 166 406 λον
180 381 368 415 προσεκείμην
382 380 499 414 ἐξαρχῆς
510 379 591 410 αὑτός
603 386 610 394 ·
630 379 712 405 αὐτόν
724 386 753 404 τε
769 378 823 412 γὰρ
839 375 911 411 εἶχεν

123 425 168 451 ἐπὶ
179 426 230 459 τῆς
243 425 312 459 ἐμῆς
327 425 415 456 οίκίας
429 424 611 459 διατρίὸοντα,
626 422 675 451 καὶ
689 423 753 454 τοὺς
768 423 910 457 ἀδελφοὺς,

122 471 169 497 καὶ
185 470 287 504 πολλῆς
298 471 390 505 ἠξίουν
401 471 451 505 τῆς
463 471 603 504 προνοίας,
619 470 667 496 καὶ
683 470 712 495 ἐν
722 470 778 500 τοῖς
794 468 911 503 μάλιστα

123 516 176 542 τῶν
191 517 277 551 φίλων
291 514 369 551 ἦγον,
384 517 430 542 καὶ
448 516 547 551 μᾶλλον
565 515 608 541 ἐπ’
625 515 730 541 ἐκείνου
746 513 838 549 χώραν
854 511 910 548 εἶχε

122 562 152 588 τὸ
165 562 215 596 ἐμὲ
229 561 473 597 προκατειλῆφθαι.
493 561 611 591 Ἐκεῖνος
626 561 682 594 γὰρ
697 560 741 586 ἀεὶ
758 561 850 594 συνῆν,
864 560 911 585 καὶ

122 607 155 634 τὰ
171 609 238 642 παρ’
255 608 352 634 ἑαυτοῦ
370 608 482 640 ὲξετίθει
499 608 697 643 ἀκριὸἐστατα,
716 607 762 634 καὶ
779 607 910 641 ὑφηγεῖτο

124 653 255 687 συνεχῶς.
273 653 356 680 Ὅθεν
372 654 427 680 οὐδ’
441 653 498 679 ἔστι
514 652 675 687 σκήψασθαί
686 660 757 683 τινα,
774 652 810 682 ὡς
827 652 845 679 ἃ.
862 652 911 685 μὲν

125 699 257 734 Παλαμᾶς
278 699 342 735 περὶ
362 696 398 726 ὦν
412 698 576 733 πρεσϐεύειν
594 697 796 724 διασεῦαιοῦται
818 697 909 732 ᾔδειν,

122 744 156 771 τὰ
172 736 227 771 τῧν
241 745 437 779 ἀντιλεγόντων
449 745 477 771 δὲ
492 745 615 779 ἠγνόουν.
639 743 711 770 ἈΠ’
728 744 753 769 εί
768 743 809 770 δετ
826 743 909 777 τάλη-

124 789 168 821 οὲς
183 791 282 823 εἰπεῖν,
299 790 413 821 ἐκείνοις
432 790 532 824 μᾶλλον
550 790 678 825 ἐνήτυχον
694 789 850 823 προτέροις,
864 789 911 814 καὶ

124 836 194 870 μετὰ
203 836 250 863 τοῦ
263 836 384 871 πολέμου
395 837 444 871 τὴν
456 836 616 868 κατάλυσιν,
629 836 690 861 ἐπεὶ
700 835 753 861 τῶν
770 835 910 868 Ῥωμαίων

120 881 167 908 ὑπ’
183 883 245 916 ἐμοὶ
259 883 333 909 πᾶσα
349 883 366 916 ὴ
381 880 573 917 ήγεμονίαιῆν,
588 881 715 908 τοσοῦτον
731 881 850 915 ἀπέσχον
864 880 909 906 τοῦ

124 928 226 961 μᾶλλον
242 927 420 962 προσκεῖσθαι
434 929 490 959 τοῖς
501 928 606 962 ἑτέροις
625 927 670 953 ὑπ’
684 926 811 961 ἀκρισίας
823 948 828 956 ,
841 925 910 951 ὥστε

123 973 298 1009 πατριάρχην
314 974 362 1000 τὸν
387 973 524 1008 Ἰωάννην,
543 973 591 1008 οὐχ
606 973 690 1005 ἅπαξ,
702 972 771 999 ἀλλὰ
786 972 832 998 καὶ
846 972 911 998 πολ-

123 1019 202 1050 λάκις
218 1020 265 1046 ἐπὶ
275 1019 324 1054 τὴν
340 1019 419 1053 δίκην
432 1018 645 1053 προύκαλούμην
658 1018 790 1053 μέλλοντα
807 1019 836 1043 ἐν
854 1019 909 1048 τοῖς

123 1064 216 1095 αὐτοῖς
230 1063 338 1096 τούτοις
354 1063 530 1096 ἐξετάζεσθαι
543 1071 550 1078 '
568 1064 600 1090 τὰ
618 1064 662 1090 ῐσα
679 1064 733 1098 γὰρ
747 1063 909 1095 ἐνεκαλεῖτο,

122 1109 171 1136 καὶ
186 1110 247 1144 μετ’
261 1110 364 1136 ἐκεῖνον
379 1107 456 1141 αὖθις
468 1109 514 1136 τδν
536 1108 699 1141 Ἀκίνδυνον,
716 1109 776 1135 ἐπεὶ
792 1109 912 1144 κρυπτό-

124 1163 206 1188 μενος
224 1155 305 1186 αὐτὸς
317 1155 426 1190 ἑτέρους
437 1155 626 1189 προσέπεμπε,
641 1153 688 1180 καὶ
701 1153 851 1187 παρέπειοε
868 1153 911 1179 οο-

124 1201 226 1235 ρυὸεῖν,
247 1200 285 1231 ὠς
300 1201 399 1231 ἀδίκως
419 1199 472 1226 ὑπὸ
497 1200 545 1234 τῆς
554 1199 718 1234 Ἐκκλησίας
741 1199 910 1234 διαστροφὴν

120 1246 178 1271 τῶν
194 1246 338 1279 δογμάτων
353 1245 517 1279 ἐγκαλοῖντο,
531 1245 609 1271 αὐτοὶ
622 1245 723 1280 μᾶλλον
738 1244 832 1275 κακῶς
845 1242 910 1278 περὶ

121 1290 214 1316 αὐτῶν
226 1290 398 1324 φρονοῦντες,
414 1290 445 1315 οὐ
457 1289 595 1324 περιεῖδον
605 1296 612 1303 ·
627 1289 684 1315 ἀλλ’
694 1289 740 1315 ἐπὶ
754 1288 803 1323 τὴν
816 1289 910 1322 ἐξέτα-

122 1343 165 1362 σιν
176 1335 301 1361 ἐκέλευον
313 1335 422 1370 χωρεῖν,
436 1335 484 1361 καὶ
498 1335 643 1369 τυγχάνειν
657 1334 711 1361 τῶν
725 1334 847 1366 δικαίων,
863 1336 910 1362 καὶ

122 1381 230 1412 πίστεις
247 1382 375 1416 παρεῖχον
386 1381 431 1407 ἐπὶ
446 1380 484 1415 τῷ
497 1380 640 1406 πείσεσθαι
654 1380 807 1415 προσδοκᾷν
827 1381 910 1416 μηδὲν

121 1427 207 1454 δεινόν
218 1434 225 1441 ·
239 1426 385 1453 δεδοικέναι
396 1427 450 1460 γάρ
464 1425 538 1460 ἔλεγε
556 1426 593 1460 μὴ
607 1426 714 1461 είρχθῇ.
725 1425 810 1457 Αὐτὸς
823 1426 851 1452 δὲ
866 1427 910 1452 οὑ-

121 1473 166 1499 sev
181 1470 280 1508 ἦττον,
298 1474 345 1499 καὶ
370 1472 439 1506 μετὰ
457 1473 506 1503 τὰς
528 1472 634 1503 πίστεις
649 1472 844 1507 ἀπεκρύπτετο
861 1473 909 1500 καὶ

121 1518 245 1552 ἡγνοήθη
264 1517 343 1552 μέχρι
354 1518 490 1552 τελευτῆς.
508 1518 604 1552 Χρόνῳ
619 1517 646 1544 δὲ
660 1517 773 1553 ὕστερον
789 1519 850 1545 ἐπεὶ
861 1520 909 1546 αὺ-
922 1535 944 1565 c

122 1563 170 1594 τός
184 1571 214 1589 τε
226 1563 379 1598 Γρηγορᾶς,
389 1564 436 1589 καὶ
446 1563 520 1590 ἄλλοι
535 1563 692 1598 ἀνεφύησαν
705 1563 753 1598 τῆς
764 1563 873 1599 Βαρλαὰ
878 1574 906 1599 μ,

124 1610 172 1636 καὶ
197 1609 353 1636 Ἀκινδῡνου
370 1609 501 1643 αἱρέσεως
517 1608 646 1644 διάδοχοι,
661 1610 708 1636 καὶ
725 1609 776 1644 τὴν
793 1610 910 1645 Ἐκκλη-

125 1657 185 1682 σίαν
201 1655 360 1690 ἐθορύϐουν,
381 1655 428 1682 καὶ
454 1655 484 1681 τὺ
503 1655 679 1690 δικαστήριον
696 1656 858 1689 ἔπεεοῶντο,
878 1658 908 1683 οὐ

124 1701 260 1735 περιεῖδον
274 1698 368 1732 αὖθις·
385 1701 452 1728 ἀλλὰ
470 1700 577 1726 σύνοδὸν
591 1709 620 1726 τε
643 1701 675 1726 ὲκ
695 1700 799 1727 πολλῶν
816 1703 908 1736 ἀρχιε-

125 1747 195 1782 ρέων
210 1748 400 1782 συνεκρότουν,
416 1747 463 1773 καὶ
481 1747 526 1773 τὸν
541 1747 739 1781 Θεσσαλονίκης
755 1747 908 1782 Γρηγὸριον

122 1793 168 1819 τὸν
187 1793 319 1829 Παλαμᾶν
335 1793 564 1828 μετεπεμπόμην,
585 1793 664 1826 λόγον
680 1793 744 1828 περὶ
760 1790 797 1820 ὦν
812 1793 908 1819 ἐνεκα-

123 1839 196 1866 λεῖτο
207 1839 327 1866 δώσοντα
337 1848 345 1855 ·
361 1839 407 1865 καί
419 1847 460 1865 τοι
474 1839 579 1870 δίκαιος
589 1838 627 1865 ὢν
637 1838 670 1865 τὰ
681 1838 722 1870 δὶς
735 1838 909 1874 ἐψηφισμένα

125 1885 250 1920 στέργειν
266 1885 409 1920 πρότερον.
432 1883 563 1915 Βασιλεύς
577 1892 607 1910 τε
629 1884 682 1919 γὰρ
696 1884 878 1919 ξ’Δνδρόνικος
894 1885 908 1911 ὸ

123 1932 244 1965 ἀοίδιμος
275 1931 343 1965 μετὰ
369 1931 417 1965 τῆς
446 1929 556 1956 συνόδου
585 1929 762 1956 κατεδίκασεν
787 1931 908 1961 ἁπάσαις

122 1977 232 2011 ψήφοις,
252 1976 282 2002 οὺ
304 1975 437 2010 Βαρλαὰμ
459 1975 520 2001 τότε
545 1975 636 2009 μόνον,
661 1975 728 2002 ἀλλὰ
752 1976 798 2002 καὶ
818 1976 846 2002 εί
867 1984 908 2007 τις

123 2020 236 2056 ὕστερον
257 2021 378 2056 φαίνοιτο
395 2020 501 2055 φρονῶν
517 2020 551 2046 τὰ
571 2020 633 2050 ίσα,
652 2022 699 2046 καὶ
715 2021 783 2054 μετὰ
802 2020 887 2046 ταῦτα
898 2040 906 2052 ,

122 2055 423 2102 ὲμοῦάπόντοςίἈ-ινα
438 2067 454 2100 ἡ
472 2065 577 2100 βασιλὶς
594 2066 664 2099 μετὰ
676 2057 730 2092 τῶν
745 2067 904 2102 ἀρχιερέων,

120 2112 202 2146 ῆνικα
218 2112 391 2146 πατριάρχην
407 2120 435 2138 τε
450 2110 575 2137 καθεῖλον
592 2111 638 2137 τὸν
659 2110 784 2144 Ἰωάννην
803 2112 847 2138 διὰ
858 2111 908 2146 τὴν

121 2156 296 2189 κακοδοξίαν,
319 2157 366 2183 καὶ
388 2157 451 2188 τοὺς
477 2156 641 2191 φρονοῦντας
667 2156 700 2183 τὰ
719 2156 765 2183 ἴσα
789 2155 868 2188 αὖθις
890 2157 906 2192 ἢ

702 136 971 169 HISTORIARUM
993 139 1107 169 LIBER
1127 140 1177 171 iV.

1694 137 1744 170 194

961 196 1066 223 strabo.
1081 195 1181 223 Contra
1194 196 1268 223 enint
1287 196 1379 230 potius
1399 196 1550 229 Barlaatno,
1563 196 1623 232 ejus
1637 196 1745 224 dissen-

961 242 1048 268 sionis
1073 242 1208 268 incentori
1230 250 1245 268 a
1268 241 1404 277 principio
1419 242 1605 275 adhaerebam,
1623 251 1704 277 quem
1717 249 1746 271 ct

962 287 988 313 in
1004 287 1110 314 :edibus
1128 287 1195 314 meis
1212 295 1272 314 cum
1291 287 1423 314 fratribus
1436 288 1556 322 hospitio
1573 296 1744 323 exceperant,

962 336 989 359 el
1003 332 1131 359 curabam
1150 340 1214 359 eum
1231 333 1364 365 studiose,
1383 334 1616 368 numerabamque
1634 334 1661 360 in
1676 335 1746 361 ami-

963 377 1101 410 cissimis;
1119 379 1163 405 cui
1190 386 1245 413 pra:
1258 379 1318 405 aliis
1335 381 1445 413 patebat
1468 379 1500 406 ad
1523 387 1566 406 me
1584 379 1684 410 aditus,
1700 387 1746 406 as-

962 423 1040 450 siduo
1056 424 1129 451 enim
1150 431 1255 451 mecum
1275 425 1446 456 versabalur,
1464 432 1561 459 resque
1584 432 1648 451 suas
1664 432 1746 458 expo-

962 470 1043 496 nebat
1067 469 1134 496 mihi
1167 469 1397 501 accuratissime,
1425 474 1453 496 et
1480 469 1596 496 docebat
1612 470 1745 504 quotidie.

961 513 1040 540 Unde
1055 522 1110 540 non
1127 519 1181 546 est,
1197 522 1247 541 cur
1263 515 1325 549 quis
1354 515 1453 550 lingat,
1470 522 1523 547 me,
1548 523 1609 549 quae
1626 515 1747 542 Palamas

961 559 1072 593 quidem
1101 567 1152 594 pro
1174 561 1327 587 verissitnis
1346 560 1478 592 dttcerct,
1496 565 1523 587 et
1551 560 1745 591 conﬁrmaret,

962 612 1017 631 non
1047 605 1198 639 ignorasse,
1218 606 1356 640 ignorasse
1382 611 1484 638 autem,
1503 614 1563 640 quae
1590 610 1684 633 contra
1710 607 1745 632 ab

961 650 1021 677 aliis
1037 650 1205 678 dicerentur.
1223 651 1289 684 Sed,
1305 652 1326 679 si
1345 660 1408 678 vera
1424 652 1486 679 licet
1504 652 1589 686 loqui,
1614 660 1676 678 cum
1691 652 1745 679 illis

961 702 989 725 ct
1002 699 1089 733 prius,
1103 703 1130 726 et
1141 699 1213 726 bello
1226 699 1314 731 linito,
1330 704 1473 734 postquam
1488 700 1602 734 imperio
1617 699 1745 726 universo

961 745 1063 779 potitus
1088 752 1159 777 sum,
1198 746 1261 779 egi;
1285 750 1445 780 tantumque
1470 746 1574 778 abfuit,
1604 751 1633 772 ut
1660 747 1745 781 magis

961 789 1116 816 temeritate
1140 790 1256 824 quadam
1275 790 1308 817 ab
1340 791 1400 817 aliis
1424 796 1535 824 starem,
1561 796 1591 817 ut
1611 791 1744 819 Joannem

962 835 1146 869 patriarchatn
1171 836 1271 870 saepius
1289 836 1315 863 in
1340 837 1383 864 his
1397 837 1463 872 ipsis
1476 838 1686 865 examinandum
1710 838 1744 865 ad

959 881 1095 916 judicium
1128 882 1300 915 provocarim
1318 891 1324 907 -.
1353 882 1488 917 siquidem
1508 883 1665 911 eorumdcnt
1683 891 1747 910 rens

962 931 1033 952 erat.
1049 926 1093 964 Et.
1106 930 1167 960 post
1188 927 1263 953 illum
1279 936 1376 955 rursus
1397 928 1567 964 Acindynum
1587 929 1643 963 (qui
1659 935 1688 954 se
1703 936 1746 962 pa-

962 965 1086 1011 rietibus
1100 976 1205 1006 tegens,
1220 972 1288 1000 alios
1313 974 1451 1005 mittebat,
1476 974 1546 1001 male
1561 982 1576 1000 a
1589 981 1618 1001 se
1634 982 1746 1008 persua-

962 1025 1017 1047 sos,
1036 1022 1066 1044 ut
1083 1018 1328 1051 tumultuarentur,
1356 1019 1478 1054 perinde,
1506 1020 1583 1054 quasi
1600 1025 1747 1054 corruplm

961 1069 1021 1088 rum
1041 1062 1171 1090 Ecclesia:
1196 1063 1353 1098 dogmalum
1382 1072 1430 1098 per
1457 1064 1535 1091 neias
1558 1069 1745 1096 accusaretur.

961 1116 1023 1135 cum
1045 1108 1095 1143 ipsi
1114 1109 1206 1143 potius
1221 1109 1370 1136 adversarii
1394 1117 1426 1137 ea
1447 1111 1677 1145 corrumperent),
1690 1118 1745 1138 non

962 1153 1094 1187 prieterii,
1111 1154 1158 1181 sed
1175 1154 1208 1181 ad
1224 1155 1402 1189 qumstiouem
1420 1156 1453 1182 de
1475 1163 1503 1182 se
1517 1156 1668 1183 habendam
1693 1157 1746 1190 ire,

962 1203 990 1226 et
1013 1199 1069 1234 juri
1099 1203 1173 1227 stare
1188 1200 1269 1234 jussi,
1287 1200 1425 1235 iidemque
1441 1194 1518 1232 dedi,
1544 1201 1612 1228 nihil
1629 1202 1653 1229 ei
1668 1202 1746 1229 triste

961 1250 1141 1278 eventurum;
1161 1245 1257 1273 timere
1269 1246 1342 1273 enim
1360 1254 1389 1274 se
1409 1247 1580 1280 amrmabat,
1608 1255 1642 1274 ne
1668 1248 1746 1282 jussu

962 1298 1023 1317 meo
1043 1291 1070 1317 in
1100 1298 1239 1318 carcerem
1271 1297 1424 1326 raperetur.
1450 1293 1496 1320 Ille
1511 1301 1576 1321 vero
1590 1301 1746 1328 quanquam

964 1339 1075 1370 accepta
1106 1335 1172 1368 lide,
1192 1337 1279 1363 nihilo
1307 1339 1397 1364 minus
1422 1346 1451 1365 se
1477 1339 1651 1370 occultabat,
1667 1344 1695 1366 et
1712 1339 1746 1366 ad

961 1386 1077 1408 mortem
1106 1389 1193 1416 usque
1224 1382 1316 1410 latuit.
1346 1383 1482 1419 Tempore
1507 1385 1682 1419 procedente,
1699 1385 1746 1415 tibi

961 1426 1020 1462 ipse
1043 1426 1187 1462 Gregoras,
1203 1432 1230 1455 et
1247 1428 1293 1455 alii
1309 1428 1453 1462 Barlaami,
1467 1433 1494 1456 et
1510 1430 1640 1465 Acindyni
1658 1430 1747 1471 iniere-

961 1473 1000 1499 sis
1026 1480 1200 1500 successores
1213 1474 1311 1505 exorti,
1330 1474 1480 1502 Ecclesiam
1497 1476 1702 1510 perturbarunt,
1719 1481 1748 1504 et

964 1517 1085 1544 lribuna‘l
1102 1519 1292 1553 appellarunt,
1306 1520 1398 1547 denuo
1416 1528 1473 1547 rem
1489 1521 1602 1548 minime
1617 1522 1747 1549 dissimu-

962 1563 1071 1590 landam
1091 1564 1185 1591 censui
1207 1573 1214 1591 :
1230 1565 1277 1592 sed
1294 1565 1442 1592 multorum
1458 1565 1649 1601 episcoporum
1667 1573 1748 1602 syno-

962 1608 1029 1635 dum
1054 1609 1142 1644 coegi,
1162 1609 1381 1644 Gregoriumque
1411 1611 1548 1638 Palamam
1570 1611 1746 1638 Thessaloni-

960 1661 1069 1680 censem
1092 1655 1244 1682 antistitem
1270 1655 1416 1687 accersivi,
1433 1656 1467 1683 de
1482 1656 1584 1691 quibus
1600 1658 1748 1684 accusaba-

961 1704 1015 1733 tur,
1043 1708 1239 1735 responsurum
1267 1709 1274 1728 :
1303 1701 1430 1736 quamvis
1456 1707 1536 1729 antea
1562 1702 1604 1730 bis
1629 1703 1747 1730 decretis

961 1746 1060 1773 tnerito
1085 1751 1233 1773 contentus
1253 1753 1315 1774 esse
1343 1747 1504 1781 potuissem.
1525 1747 1593 1775 Nam
1609 1753 1636 1775 ct
1653 1748 1747 1775 lauda-

961 1791 1083 1820 Iissimus
1109 1792 1154 1819 ille
1184 1792 1334 1827 imperator
1361 1792 1537 1820 Andronicus
1562 1801 1623 1820 cum
1641 1793 1747 1828 synodo

960 1844 1015 1864 non
1046 1837 1218 1864 Barlaamum
1243 1838 1332 1865 solum
1345 1858 1354 1870 ,
1371 1840 1418 1865 sed
1446 1839 1469 1866 si
1485 1839 1547 1873 quis
1563 1838 1590 1865 in
1606 1844 1745 1873 posterum
1772 1833 1779 1841 “

960 1883 1036 1917 paria
1059 1883 1162 1910 sentire
1188 1883 1367 1917 reperiretur,
1395 1883 1506 1918 penitus
1534 1883 1691 1916 damnavit,
1716 1887 1746 1910 et

960 1932 1055 1962 postea
1072 1936 1116 1956 me
1128 1928 1241 1956 absente
1252 1929 1329 1956 Anna
1346 1929 1507 1964 imperatrix
1520 1936 1582 1956 cum
1596 1930 1745 1964 episcopis,

959 1975 1071 2008 quando
1096 1973 1230 2002 Joannem
1261 1974 1444 2010 patriarcham
1469 1979 1583 2010 propter
1607 1976 1746 2010 opinionis

959 2026 1092 2052 errorem,
1120 2020 1257 2055 simulque
1282 2027 1378 2047 omnes
1394 2020 1489 2047 eadem
1517 2021 1678 2054 sentientes,
1697 2025 1745 2048 aut

959 2071 1090 2092 sensuros
1118 2064 1325 2098 exauctoravit,
1355 2073 1418 2092 cum
1440 2065 1534 2100 plures
1561 2073 1676 2099 eorum,
1697 2066 1745 2100 qui

962 2110 1208 2142 contradixerunt,
1240 2111 1449 2144 assentirentur,
1481 2111 1536 2138 imo
1564 2111 1603 2138 rei
1630 2113 1745 2146 agundae

959 2160 1106 2190 pratessent
1121 2154 1221 2190 potius.
1235 2154 1303 2183 Cum
1319 2156 1427 2190 itaque,
1453 2161 1483 2183 ut
1506 2157 1634 2190 narravi,
1652 2158 1749 2185 decre-

121 2203 318 2238 φρονήσοντας,
333 2204 376 2229 ὅτε
392 2203 441 2230 καὶ
461 2203 515 2229 τῶν
530 2202 643 2238 ὕστερον
659 2203 862 2237 ἀντιλεγόντων,
882 2203 907 2229 οί

961 2203 996 2228 tis
1007 2206 1154 2230 contentus
1172 2209 1233 2229 esse
1248 2209 1369 2237 possent,
1384 2209 1438 2229 non
1457 2202 1559 2237 quievi,
1579 2195 1663 2238 306
1676 2203 1745 2236 quin

122 2249 231 2281 πλείους
242 2247 312 2284 ἦσαν
327 2248 478 2283 σύμψηφοι,
492 2249 509 2283 ἢ
525 2249 677 2282 προστάται
693 2249 747 2275 τῶν
761 2249 908 2283 γινομένων

125 2296 235 2322 μᾶλλον.
260 2294 370 2326 Δίκαιος
389 2293 452 2326 οὖν,
477 2294 572 2329 ὥσπερ
591 2294 659 2329 ἔφην
679 2295 714 2321 τὰ
735 2295 908 2330 ἐψηφισμένα

123 2341 248 2375 στέργειν
263 2340 310 2371 ὣν,
324 2340 373 2375 οὐχ
389 2340 533 2374 ὑπέμεινα,
549 2339 586 2374 μὴ
602 2341 649 2366 καὶ
666 2339 709 2366 ἐπ’
723 2341 842 2375 ἐμαυτοῦ
858 2340 908 2376 τὴν

123 2386 248 2418 ἐξέτασιν
268 2385 434 2420 ποιήσασθαι
451 2385 504 2412 τῶν
527 2385 694 2419 λεγομένων,
720 2385 767 2412 καὶ
790 2386 836 2412 τὸν
861 2386 908 2412 τοῦ

124 2432 230 2458 δικαίου
246 2431 326 2465 λόγον
340 2432 369 2457 οὺ
385 2432 525 2466 παρεῖδον,
540 2432 597 2458 ἀλλ’
610 2431 745 2466 ἑξήνεγκα
756 2431 805 2466 τὴν
818 2431 908 2466 ψῆφον

124 2477 213 2512 ἀληθῆ
230 2478 278 2503 καὶ
296 2477 419 2507 δικαίαν,
439 2476 500 2503 οὒτε
518 2476 626 2510 φιλίαν,
639 2477 699 2503 οὔτε
715 2478 814 2513 ἔχθραν
825 2499 832 2510 ,
846 2479 908 2505 οὔτε

123 2524 179 2550 τῶν
200 2524 285 2550 δντων
299 2522 375 2549 οὐδὲν
390 2523 485 2558 ἕτερον
503 2523 551 2557 τῆς
570 2523 700 2564 ἀληθείας
720 2525 906 2559 προτιμήσας.

126 2570 174 2599 ὐς
188 2568 243 2604 γὰρ
262 2568 318 2594 οὐδ’
334 2568 380 2594 ἐπὶ
401 2569 510 2603 μικροῖς
524 2576 580 2594 τισι
595 2568 642 2595 καὶ
658 2568 907 2604 εὐκαταφρονήτως

121 2615 205 2641 τινῶν
223 2614 429 2648 διαφερομένων
443 2613 474 2639 τὸ
488 2613 591 2640 δίκαιον
607 2614 734 2649 παρεῖδον
745 2623 751 2629 ·
767 2615 825 2641 ἀλλ’
839 2615 906 2650 ἅλη-

123 2660 177 2690 Θῶς
203 2659 249 2685 καὶ
262 2659 373 2690 δικαίως
400 2659 512 2685 ἐδίκασα
531 2660 608 2692 πᾶσι,
635 2660 716 2694 σχολῇ
743 2660 769 2693 γ’
786 2661 818 2686 ἂν
843 2661 907 2696 περὶ

121 2705 268 2739 δογμάτων
284 2705 334 2739 τῆς
348 2705 424 2740 δίκης
441 2705 536 2739 οὔσης,
555 2705 619 2731 ἔνθα
635 2706 664 2731 τὸ
681 2705 907 2740 κινδυνευόμενον

121 2751 200 2783 Θεὸς,
221 2750 271 2786 τῆς
292 2750 417 2785 ἀληθείας
435 2751 529 2785 ἕτερον
548 2760 574 2777 τι
596 2751 781 2786 προειλόμην·
799 2751 855 2778 ἀλλ’
869 2751 907 2783 ὠς

119 2797 162 2822 ἐπ’
177 2795 262 2822 αὐτοῦ
283 2795 350 2822 Θεοῦ
372 2797 420 2831 τὴν
444 2797 566 2828 ἐξέτασιν
593 2797 646 2822 τῶν
668 2796 810 2831 δογμάτων
831 2798 906 2832 σαφῆ

119 2842 166 2868 καὶ
185 2841 307 2876 καθαρἆ
324 2842 506 2873 πεποιημένος
519 2862 525 2872 ,
546 2841 676 2875 Ιιαλαμᾶν
693 2841 741 2876 μὲν
759 2841 903 2876 εὕρισκον,

962 2253 1005 2273 me
1020 2253 1131 2280 quoque
1144 2246 1320 2280 imperatore,
1333 2255 1393 2281 qua:
1410 2247 1482 2274 dicta
1500 2251 1574 2278 sunt,
1589 2247 1616 2274 in
1640 2247 1745 2282 tligqui-

960 2292 1088 2319 sitionem
1119 2297 1294 2324 vocarentur,
1320 2298 1348 2319 et
1365 2292 1479 2326 justltiaa
1503 2293 1636 2320 rationem
1661 2293 1744 2319 habui

961 2339 1124 2365 scnlenliam
1143 2345 1247 2370 veram,
1265 2342 1293 2364 et
1306 2338 1418 2373 justam,
1438 2338 1513 2374 nullo
1528 2338 1569 2364 vel
1590 2337 1624 2364 ad
1637 2338 1744 2370 odium,

960 2384 1003 2412 vcl
1014 2384 1087 2411 aliud
1099 2384 1248 2419 quidquam
1260 2391 1396 2418 respectu,
1412 2385 1472 2412 tuli.
1486 2384 1536 2418 Qui
1550 2385 1623 2411 enim
1643 2392 1692 2411 nec
1707 2385 1746 2412 ob

962 2438 1042 2464 parva
1067 2429 1211 2464 quaedam,
1244 2433 1271 2455 et
1299 2428 1475 2463 despicabilla
1500 2429 1665 2463 litigantium
1682 2429 1745 2464 jura

962 2475 1104 2509 vilipendi,
1128 2475 1174 2501 sed
1190 2482 1223 2501 ex
1239 2481 1304 2501 vero
1323 2479 1350 2501 et
1365 2475 1439 2509 justo
1453 2475 1498 2509 jus
1515 2474 1571 2501 dixi
1594 2475 1721 2502 omnibus
1734 2494 1745 2505 ,

960 2521 1047 2548 multo
1068 2521 1160 2547 minus
1177 2520 1204 2547 in
1218 2521 1375 2556 dOgmatum
1391 2520 1509 2555 judicio,
1528 2520 1573 2547 ubi
1588 2520 1624 2553 id.
1641 2520 1674 2547 de
1688 2528 1746 2554 quo

959 2566 1112 2601 periculum
1128 2571 1180 2598 est,
1200 2566 1270 2593 Deus
1283 2571 1324 2593 est
1337 2587 1344 2600 ,
1362 2566 1477 2593 veritate
1501 2565 1650 2600 quidquam
1669 2566 1742 2592 anti-

961 2612 1042 2646 quius
1058 2612 1153 2645 habui,
1176 2613 1222 2638 sed
1253 2616 1382 2646 tanquam
1399 2616 1549 2646 praesente.
1565 2616 1593 2638 et
1615 2611 1746 2638 audiente

959 2659 1079 2686 Numine
1105 2658 1230 2692 dogmata
1248 2658 1281 2685 ad
1304 2658 1451 2692 liquidum,
1475 2663 1503 2684 et
1523 2657 1640 2684 ﬁdeliter
1654 2657 1746 2683 ιιὶειιι-

961 2704 1054 2731 tienda
1073 2711 1135 2731 cutn
1153 2711 1305 2734 cura>sem.
1327 2703 1474 2736 l’alumam,
1495 2707 1522 2729 et
1537 2703 1627 2729 socios
1641 2702 1747 2729 sanctis

959 2751 1088 2778 Patribus
1110 2757 1215 2777 summe
1232 2754 1416 2784 congruentes
1427 2769 1434 2781 ,
1459 2756 1612 2782 eorumque
1628 2749 1744 2782 vestigia

960 2796 1103 2823 manifeste
1123 2800 1288 2830 prementes,
1301 2793 1447 2829 Grcgoram
1470 2801 1535 2820 vcro
1557 2797 1585 2819 et
1600 2792 1677 2822 alios,
1694 2791 1742 2826 qni

959 2842 1002 2869 his
1017 2842 1242 2875 adversabantur,
1254 2839 1386 2866 Barlaami
1410 2845 1436 2866 et
1456 2839 1588 2874 Acindyui
1605 2839 1742 2873 genuinos
