1941 3088
159 126 212 158 195

738 122 899 154 JOANNIS
919 123 1182 156 CANTACUZENI

1728 126 1782 161 196

157 179 308 215 discipulos
318 178 422 211 inveni,
436 186 553 214 quorum
568 177 667 213 placita
677 185 739 204 cum
755 178 869 204 veritate
887 185 939 212 pu-

995 180 1041 205 καὶ
1054 180 1117 212 τοὺς
1135 181 1171 207 τὰι
1185 180 1228 207 ἴσα
1251 181 1408 216 ᾑρημένους
1420 201 1426 213 ,
1442 182 1497 214 τοῖς
1512 181 1617 216 ἁγίοις,
1633 182 1681 209 καὶ
1695 182 1783 209 θεολό-

158 227 281 263 gnantia,
295 233 323 254 et
340 227 440 260 pietate
456 225 518 252 ﬁdei
532 232 547 252 a
562 224 664 251 sanctis
678 223 806 251 Patribus
824 224 943 256 tradite,

158 281 219 301 esse
243 273 380 301 contraria
395 292 402 306 ,
417 272 518 299 licebat
534 271 616 298 etiam
641 269 779 305 magistris
804 269 944 304 prioribus

159 319 241 346 tomis
267 319 385 345 disCere.
410 317 503 345 Nihilo
522 317 613 344 minus
632 323 695 343 cum
722 315 890 351 praeseriptis
908 315 944 343 ab

159 364 289 392 Ecclesia:
305 363 465 390 doctoribus
482 363 558 390 velut
572 361 726 389 canonibus
743 369 774 388 ea
790 369 945 396 comparas-

159 419 263 443 semtts,
284 409 397 437 minime
413 409 525 436 dubiam
538 409 617 443 plane
632 407 854 442 depravationem
872 407 945 435 vidi-

159 463 230 482 mus.
252 454 385 487 Quocirca
402 453 538 488 episcopis
560 452 688 480 onmibus
707 451 942 486 approbantibus,

158 500 220 526 illos
239 499 350 533 quidem
365 502 395 524 ut
417 503 490 524 recte
512 497 663 525 sentientes
678 496 794 529 absolvi,
809 496 859 523 bos
877 504 944 523 cott-

156 545 282 572 demnavi
300 554 306 572 :
329 552 361 571 ac
376 544 409 570 de
422 548 531 574 caetero,
550 547 580 569 ut
597 550 706 577 a:quum
727 547 803 574 erat,
829 542 942 570 victori-

156 591 210 618 bus
231 591 306 618 omni
331 590 441 617 ratione
468 589 622 624 adiutorem
644 596 687 616 ttte
703 587 807 623 pra-bui
820 607 828 619 ,
844 588 941 619 victis,

156 638 258 665 amissa
274 636 364 664 fronte
385 643 437 663 nec
452 635 485 662 ad
502 635 645 663 veritatem
663 634 765 666 redire,
783 641 834 661 nec
847 633 942 669 quies-

156 691 220 710 cere
235 682 404 713 volentibus.
421 689 473 709 nec
487 689 535 709 sua
550 685 656 708 tantum
673 682 796 716 pernicie
806 683 942 710 contentis

156 729 203 756 sed
221 728 253 755 ad
267 728 339 755 idem
363 727 528 755 barathrum
546 732 574 754 et
594 726 662 754 alios
678 727 865 760 illicientibus,
881 727 942 755 sine

156 775 212 802 ulla
227 774 394 802 verecundia
424 773 632 801 contumeliosis
647 793 655 805 ,
678 779 705 800 et
726 781 808 808 sttpra
832 781 941 801 omnem

156 820 267 848 tnoduttt
283 819 490 854 itnpttdetttibus
505 819 542 853 (id
554 819 628 853 quod
641 827 656 846 a
668 819 806 854 principio
821 819 941 846 inimicis

157 866 294 899 veritatis,
308 870 333 893 et
349 865 478 892 Ecclesiae
493 865 618 892 hostibus
630 864 657 891 in
671 872 747 891 more
762 864 823 899 fuit)
835 871 941 899 poenam

157 913 278 940 debitattt
299 911 403 944 innixi;
433 912 488 938 imo
514 911 658 938 enimvero
681 911 816 937 minorem
837 910 941 941 debita,

156 967 247 993 neque
267 958 340 985 enint
354 963 384 984 ttt
398 957 437 984 illi
450 958 550 984 malum
562 956 635 991 quod
661 955 849 987 merebantur,
869 955 942 982 acci-

156 1009 268 1036 perent,
284 1003 333 1032 sed
352 1011 386 1030 ne
401 1007 514 1038 possent
541 1003 643 1029 malum
663 1002 729 1029 dare
752 1001 941 1036 providebam.

154 1051 205 1076 Est
234 1054 326 1076 autem
340 1069 347 1082 ,
368 1049 477 1083 opinor,
493 1047 537 1074 lex
554 1051 582 1074 et
605 1046 632 1073 in
652 1046 714 1074 aliis
736 1046 800 1073 vita:
817 1046 943 1073 bumanze

155 1094 288 1129 publicis.
310 1094 480 1128 privatisque
496 1092 662 1119 criminibus
674 1111 683 1124 ,
701 1091 833 1127 judicem,
851 1091 944 1125 prius-

155 1149 235 1175 quam
249 1141 401 1174 litigatores
417 1146 527 1166 causam
546 1138 653 1168 dicant,
674 1137 783 1164 nulluin
801 1136 943 1168 damnare,

156 1186 208 1213 nisi
223 1186 257 1213 ab
272 1185 361 1212 ollicio
376 1185 441 1211 velit
452 1183 614 1211 discedere:
631 1183 733 1209 auditis
750 1186 841 1209 autent
857 1182 943 1208 utris-

162 1240 216 1267 que
236 1231 369 1266 partibus,
399 1234 427 1257 et
459 1229 493 1256 ad
514 1229 627 1255 alteram
646 1227 809 1262 respiciente
827 1226 944 1254 victoria

156 1276 241 1311 (quod
259 1275 374 1302 omnino
391 1273 514 1308 oportet)
530 1278 558 1299 et
571 1272 659 1306 ipsum
678 1271 712 1298 ad
726 1271 885 1298 validiorem
899 1278 945 1298 ac-

158 1323 270 1353 cedere,
285 1321 415 1355 illamque
431 1319 523 1350 aliam,
538 1326 598 1352 qua:
613 1318 738 1349 laeserat,
766 1318 798 1344 ad
825 1317 943 1344 oilicium

156 1367 334 1402 compellere.
351 1365 409 1393 Non
421 1365 506 1400 igitur
528 1363 647 1398 iniurius
662 1363 781 1398 quilibet
796 1368 943 1398 propterea

156 1418 254 1440 contra
273 1413 395 1446 judicent
420 1410 551 1444 excipiet,
568 1417 688 1444 eumque
703 1417 752 1444 pro
769 1409 870 1444 injusto
886 1413 943 1436 tra-

156 1455 249 1491 ducet',
266 1459 330 1493 qu‘a
351 1465 379 1484 se
396 1457 429 1483 ad
450 1457 542 1483 violati
562 1460 655 1490 partes
677 1455 846 1490 adjnuxerit.
863 1455 941 1487 Quod

996 233 1055 259 γοις
1078 226 1171 260 ἄκρως
1196 226 1420 261 συμφωνοῦντας,
1444 227 1504 254 κατ’
1532 228 1604 261 ἴχνος
1630 228 1783 262 ἑπομένους

995 270 1129 305 φανερῶς,
1149 270 1293 305 Γρηγορᾶν
1312 271 1340 297 δὲ
1358 272 1405 298 καὶ
1426 272 1489 302 τοὺς
1506 271 1601 302 ἄλλους
1626 271 1650 298 οἶ
1669 272 1783 298 ἀντικα-

995 315 1133 347 θίσταντο,
1151 317 1185 342 τὰ
1206 316 1350 352 Βαρλαὰμ,
1374 316 1422 343 καὶ
1442 313 1597 344 ’Δκινδῦνου
1620 316 1783 349 δοξάζοντας

994 361 1220 397 άπαραποιήτως,
1236 361 1254 389 ἃ
1268 362 1309 388 ὅτι
1325 362 1376 397 τῆς
1390 362 1519 398 ἀληθείας
1537 362 1652 397 ἔκφυλα,
1669 364 1717 390 καὶ
1731 363 1782 397 τῆς

995 407 1058 442 περὶ
1073 407 1121 442 τῆς
1136 407 1266 439 εὐσεϐοῦς
1281 409 1334 435 ὑπο
1350 409 1404 435 τῶν
1417 409 1503 443 ἀγίων
1519 410 1645 444 πατέρων
1662 409 1782 444 παραδο·

995 451 1088 488 θείσης
1099 453 1216 484 πίστεως
1228 454 1347 485 ἐναντία,
1358 453 1422 487 ἐξῆν
1437 454 1488 489 μὲν
1501 455 1548 481 καὶ
1563 455 1620 485 τοῖς
1636 454 1781 489 προτέροις

993 497 1087 533 τόμοις
1112 499 1264 534 χρήσασθαι
1286 499 1469 531 διδασκάλοις.
1495 500 1533 526 οὗ
1566 500 1619 535 μὴν
1643 499 1712 526 ἀλλά
1734 501 1781 526 καὶ

994 543 1069 570 αὐτοὶ
1079 545 1133 576 τοῖς
1145 545 1197 571 ὑπὸ
1213 545 1267 572 τῶν
1279 545 1446 572 διδασκάλων
1458 545 1506 580 τῆς
1514 545 1679 580 Eumelis;
1692 553 1781 580 napa-

994 589 1121 622 δοθεϊσιν,
1134 590 1229 624 ὥσπερ
1239 591 1333 617 κανόσι
1349 591 1532 626 παραθέντες,
1545 591 1596 625 τὴ)
1611 590 1779 626 atas-rp)th

993 635 1111 670 εὕρομεν
1120 637 1193 670 σαφῆ
1201 637 1248 663 καὶ
1256 636 1388 671 καθαρὰν,
1394 634 1425 664 οὗ
1431 636 1513 663 ἕνεκα
1523 637 1570 663 καὶ
1580 635 1721 668 anteﬁxa!
1727 636 1781 663 τῶν

993 682 1082 709 ἄλλων
1096 682 1223 709 ἁπάντων
1234 682 1384 718 ἀρχιερέων
1395 682 1696 717 συνεπιψηφιζομένων,
1709 682 1782 708 ἐκεί-

993 737 1055 759 νους
1068 728 1117 762 μὲν
1129 728 1166 759 ὡς
1178 727 1264 763 ὀρθῶς
1280 728 1446 764 φρονοῦντας
1460 728 1619 759 ἐδικαίωσα,
1631 728 1734 754 τούτων
1751 726 1781 754 ει

994 773 1236 808 κατεψηφισάμην,
1252 773 1283 800 τὺ
1304 774 1331 800 δὲ
1355 773 1418 807 ἑξῆς
1433 773 1527 807 ὥσπερ
1541 771 1575 808 ἧν
1593 773 1707 803 δίκαιον,
1724 773 1781 804 τοῖς

995 818 1045 853 μὲν
1058 818 1223 853 νενικηκόσι,
1237 819 1328 846 πάντα
1343 819 1443 854 τρόπον
1456 819 1643 853 ἐπεκούρησα,
1659 820 1716 850 τοῖς
1730 819 1782 853 ἠτ-

993 864 1121 899 τημὲνοις
1148 864 1176 890 δέ
1200 865 1418 899 ἀναισχυντοῦσι,
1442 865 1490 891 καὶ
1517 865 1579 899 μήτ’
1605 864 1781 898 ἐπιστρέφειν

994 910 1062 945 πρὶς
1085 911 1134 945 τὴν
1161 902 1550 945 ἁλήθειανᾜεόουλημένοις.
1575 911 1645 945 μήτε
1666 909 1781 944 ἡσυχίαν

993 957 1081 991 ἄγειν,
1101 958 1134 992 τῇ
1156 958 1275 992 σφετέρᾳ
1293 957 1373 992 μόνον
1397 957 1541 988 ἀγαπῶσιν
1553 957 1687 991 ἀπωλείᾳ,
1714 955 1781 983 ἀλλὰ

993 1003 1062 1037 etp";
1077 1002 1108 1029 τὸ
1124 1003 1180 1029 ἴσον
1202 1003 1338 1038 βάραθρον
1348 1023 1356 1035 ,
1374 1004 1420 1030 καὶ
1436 1002 1532 1034 ἄλλους
1548 1001 1760 1037 ἐκκαλουμένοις
1770 1020 1779 1033 ,

993 1049 1041 1075 καὶ
1055 1049 1122 1082 πρὸς
1139 1048 1232 1083 ὗσρεις
1252 1049 1389 1083 χωροῦσιν
1407 1048 1640 1083 άνερυθριάστως,
1663 1048 1710 1075 καὶ
1727 1047 1782 1073 πᾶ-

995 1101 1044 1119 σαν
1058 1093 1209 1128 ὑπερϐολὴν
1220 1093 1415 1128 ἀναισχυντίας
1427 1093 1670 1127 ἐπιδεικνυμένοις,
1686 1092 1781 1126 ὥσπιρ

994 1138 1053 1169 ίθος
1069 1138 1187 1173 ἐξαρχῆς
1197 1139 1252 1170 τοῖς
1266 1139 1371 1173 ἐχθροῖ,
1386 1138 1435 1172 τῆς
1447 1138 1586 1172 ἀληθείας,
1599 1137 1647 1164 καὶ
1661 1136 1781 1170 τῆςῈκ-

994 1184 1109 1220 κλησίας
1124 1184 1186 1210 πολε
1193 1184 1274 1219 μίιρις,
1289 1184 1335 1210 καὶ
1353 1183 1432 1216 δίκην
1445 1183 1495 1219 τὴν
1512 1184 1703 1218 προσήκουσαν
1718 1182 1782 1209 ἐπέ·

995 1229 1084 1264 οηκα’
1110 1230 1210 1263 μᾶλλον
1232 1229 1260 1256 δέ
1285 1228 1395 1263 καὶτῆς
1418 1229 1497 1262 ἀξίας
1511 1228 1677 1255 ἀποδέουσαν
1699 1227 1780 1260 πολὺ,

994 1275 1054 1301 οὺδέ
1083 1275 1137 1309 γὰρ
1163 1273 1209 1301 τοῦ
1233 1274 1327 1305 κακῶς
1355 1275 1477 1304 ἐκείνους
1507 1274 1624 1308 πάσχειν
1650 1273 1781 1308 πρόνοιαν

995 1320 1178 1355 ἐποιησάμην,
1197 1320 1264 1347 ἀλλὰ
1291 1320 1337 1346 τοῦ
1355 1320 1392 1354 μὴ
1413 1320 1544 1346 δυνάσθαι
1567 1319 1660 1351 κακῶς
1683 1321 1778 1347 ποιεῖν.

996 1367 1074 1392 Ἔστι
1093 1365 1134 1397 δὲ,
1147 1363 1237 1400 οἶμαι,
1253 1365 1336 1399 νόμος
1352 1365 1398 1391 καὶ
1414 1365 1460 1391 ἐπὶ
1477 1365 1530 1391 τῶν
1544 1364 1631 1391 ἄλλων
1646 1364 1699 1391 τῶν
1716 1364 1780 1400 βιω-

993 1413 1087 1443 τικῶν,
1103 1413 1148 1438 καὶ
1163 1411 1311 1446 δημοσίων,
1329 1412 1376 1437 καὶ
1391 1411 1464 1437 ἰδίων
1479 1410 1669 1445 ἐγκλημάτων,
1681 1413 1727 1436 τὸν
1741 1410 1780 1436 δι-

994 1457 1098 1492 καστὴν
1110 1458 1174 1492 πρὶν
1191 1457 1240 1491 μὲν
1252 1457 1291 1488 είς
1308 1456 1402 1490 λόγους
1416 1456 1646 1490 ἀντικαταστῆναι
1660 1456 1722 1487 τοὺς
1733 1455 1781 1482 άλ-

156 1506 292 1539 Gregoras
307 1512 380 1531 nunc
396 1503 508 1534 faciens,
527 1510 580 1528 non
597 1501 682 1536 magis
702 1501 848 1534 mendacii,
860 1509 941 1535 quam

994 1504 1084 1537 λήλοις
1098 1502 1320 1537 διαφερομένους,
1339 1502 1451 1536 μηδενὸς
1466 1501 1703 1536 καταψηφίζεσθαι
1714 1501 1780 1536 ἐρή-

156 1550 282 1577 amcnti:e
306 1553 334 1575 et
359 1547 544 1583 improbitatis
570 1546 728 1580 opinionem
752 1545 939 1579 consequitur.

156 1596 234 1629 Quod
258 1600 349 1622 autem
367 1596 408 1629 leg
422 1594 518 1621 timum
542 1593 576 1620 de
592 1593 708 1619 veritate
731 1599 842 1618 sensum
869 1591 895 1618 in
911 1598 941 1618 se

157 1641 300 1675 corrumpi
330 1647 427 1674 passus
442 1659 449 1671 ,
476 1643 504 1666 et
521 1638 608 1673 patria
624 1638 705 1672 807
724 1637 823 1671 pietate
835 1637 941 1671 eiurata

158 1687 339 1714 transversim
358 1690 463 1720 raptus,
477 1693 491 1711 a
512 1685 670 1715 liarlaamo,
682 1688 709 1710 et
720 1683 871 1718 .Aeintlyno
887 1683 942 1710 luco

157 1732 262 1762 reticis,
280 1735 393 1765 propter
410 1729 615 1763 improbitatetn
634 1736 723 1760 suam,
741 1732 768 1754 et
785 1727 938 1754 frustratio-

157 1785 220 1804 nem
246 1784 341 1804 eorum
361 1784 421 1810 qua:
435 1779 613 1810 speraverat,
632 1781 683 1800 nec
702 1774 753 1808 ipsi
774 1773 872 1800 animat
886 1780 943 1799 sua:

159 1823 305 1858 pepercit,
336 1826 367 1848 ut
385 1822 566 1848 ulcisceretur
595 1820 796 1851 tantummodo,
815 1827 828 1845 a
843 1818 943 1852 quibus

158 1877 188 1896 se
204 1870 300 1895 laesum
318 1871 406 1902 putat,
425 1866 491 1892 mihi
505 1865 602 1893 cadent
616 1865 721 1900 objicit,
747 1864 842 1891 tttirari
862 1871 942 1891 nemo

158 1914 250 1940 debet.
265 1913 316 1944 Qui
330 1919 447 1945 namque
461 1911 544 1937 Deum
561 1911 649 1944 ipsunt
668 1917 723 1936 non
737 1914 778 1936 est
790 1909 925 1936 reveritus
935 1927 943 1941 ,

158 1957 206 1985 sed
231 1962 344 1991 propter
373 1957 465 1983 odium
491 1963 572 1983 suum
596 1955 623 1982 in
650 1955 784 1989 quosdam
813 1955 944 1982 adversus

158 2003 238 2030 illutn
257 2001 403 2028 ntettdaeia
418 2001 502 2028 multa
521 2000 629 2032 eﬂ‘udit,
643 2001 722 2035 longe
738 2000 828 2027 minus
844 2000 878 2027 ab
892 2000 944 2027 im-

160 2050 297 2079 peratore,
317 2044 469 2080 praesertim
493 2052 556 2071 eum
572 2044 597 2071 ei
610 2051 671 2070 cum
693 2043 817 2070 olfecisse
837 2043 944 2071 videre-

160 2094 218 2122 tur,
235 2094 390 2123 temperare
408 2089 506 2116 voluit.
532 2089 628 2116 Pietati
646 2093 736 2115 autem
753 2097 819 2115 mea:
832 2108 839 2120 ,
862 2093 889 2116 et
916 2089 943 2116 in

160 2143 237 2167 vera,
253 2139 336 2170 atque
355 2135 427 2161 avita
446 2134 577 2168 religione
596 2133 759 2161 constantia:
780 2139 835 2161 tota
850 2134 943 2161 Eccle-

160 2181 212 2212 sia,
232 2180 317 2215 gratia
336 2180 382 2207 Dei
399 2179 425 2206 in
453 2179 568 2206 veritate
587 2179 705 2206 stabilita
718 2199 724 2210 ,
745 2183 773 2205 et
787 2179 943 2213 apostolicis
960 2174 980 2200 ί)

160 2225 354 2253 traditionibus
370 2225 467 2252 sedulo
486 2225 634 2257 illita‘l‘eils,
654 2225 841 2251 testimonium
857 2225 943 2257 dabit,

161 2278 213 2298 nec
227 2270 319 2297 minus
329 2271 387 2304 ipse
403 2269 552 2304 Gregoras,
572 2273 714 2296 accusator
730 2276 817 2301 meus,
828 2269 874 2303 qui
889 2273 945 2296 toto

161 2315 226 2343 belli
243 2320 365 2350 tempore
388 2323 442 2342 non
463 2315 552 2342 solutn
577 2315 611 2341 de
635 2314 762 2341 laudibus
778 2315 846 2341 meis
863 2314 947 2341 multa

163 2360 382 2395 tlisscruitle),
403 2359 451 2386 sed
468 2359 551 2386 etiam
579 2354 769 2387 benevolentia
783 2359 900 2394 quadam
919 2359 947 2386 in

163 2415 225 2439 me,
253 2414 312 2433 mea
344 2414 424 2433 causa
455 2411 576 2433 extrema
599 2405 704 2440 perpeti
731 2409 842 2439 paratus
868 2405 941 2437 fuit,

161 2452 270 2487 quaqu
286 2452 381 2480 eadem
407 2452 569 2484 sentiebam,
584 2459 644 2486 qua:
667 2451 748 2478 hodie
761 2450 859 2478 sentio.
874 2451 943 2478 Nam

162 2498 365 2525 damnationem
384 2498 530 2530 Barlaami,
547 2505 600 2532 qua
616 2497 692 2524 illum
717 2497 793 2525 feriit
807 2497 945 2524 Androni-

162 2551 212 2570 cus
227 2543 388 2578 imperator,
415 2544 474 2578 ipse
486 2543 653 2578 approbavi,
671 2547 698 2570 et
717 2546 778 2577 post.
799 2543 859 2578 ejus
873 2551 947 2570 mor-

163 2594 217 2616 tem
244 2597 352 2616 rursum
379 2589 547 2625 Acitnlvnum
572 2588 715 2621 damnavi,
731 2589 835 2616 Joanne
863 2589 946 2623 patri-

161 2635 246 2672 archa
262 2636 396 2671 synodum
414 2641 583 2662 convocante
594 2655 601 2668 ,
618 2640 646 2661 ct
660 2635 849 2662 stomachante
865 2635 948 2662 vehe-

993 1556 1057 1583 μην,
1077 1549 1102 1574 εί
1133 1548 1170 1582 μὴ
1199 1547 1320 1581 βούλοιτο
1341 1547 1493 1582 ἐκδιαιτᾷν·
1516 1546 1625 1573 ἐπειδὰν
1642 1547 1670 1573 δι
1685 1547 1780 1582 ἥκοιεν

993 1595 1032 1624 είς
1046 1593 1152 1627 λόγους,
1164 1594 1210 1619 καὶ
1221 1594 1238 1628 ἡ
1249 1593 1310 1627 νίκη
1320 1593 1442 1628 χωρήσοι
1453 1592 1520 1627 πρὸς
1534 1592 1579 1618 τὸν
1590 1592 1694 1626 ἕτερον,
1706 1593 1781 1618 πᾶσα

993 1640 1046 1674 γὰρ
1061 1641 1167 1674 ἀνάγκη
1192 1641 1238 1666 καὶ
1258 1639 1339 1665 αὐτὸν
1360 1639 1398 1673 τῷ
1420 1638 1450 1664 τὸ
1474 1638 1556 1665 πλέον
1585 1638 1675 1673 ἔχοντι
1697 1647 1781 1673 προσ-

992 1687 1126 1719 τίθεσθαι,
1139 1686 1186 1712 καὶ
1200 1685 1416 1720 καταναγκάζειν
1429 1685 1474 1711 τὸν
1487 1685 1632 1712 ἀδικοῦντα
1641 1685 1676 1711 τὰ
1687 1685 1780 1711 δίκαια

994 1734 1090 1764 ποιεῖν,
1111 1732 1140 1758 οὺ
1156 1732 1188 1766 δὴ
1204 1732 1247 1758 διά
1262 1732 1340 1758 τοῦτο
1356 1732 1411 1763 πᾶς
1425 1739 1467 1762 τις
1481 1731 1583 1758 άδικῶν
1597 1729 1779 1766 παραγράφε-

993 1786 1038 1804 ται
1064 1777 1110 1804 τὸν
1126 1777 1266 1811 δικαστὴν,
1291 1769 1338 1803 καὶ
1360 1776 1468 1804 ἀδικίαν
1489 1776 1661 1808 ἐπικαλέσει,
1681 1776 1722 1802 ὃτι
1741 1775 1780 1810 τῷ

993 1815 1150 1859 ἠδικημένῳ
1165 1823 1330 1859 προσετέθη.
1348 1824 1381 1849 "A
1397 1823 1542 1859 Γρηγορᾶς
1556 1823 1614 1850 νυνὶ
1631 1823 1727 1855 ποιῶν,
1747 1822 1785 1849 at'r

996 1870 1096 1904 μᾶλλον
1110 1869 1297 1904 ψευδολογίας.
1316 1869 1332 1904 ἢ
1349 1869 1453 1901 ἀνοίας,
1469 1870 1516 1896 καὶ
1534 1868 1685 1904 μοχθηρίας
1701 1868 1780 1900 δόξαν

994 1914 1171 1949 ἀποφέρεται.
1182 1915 1244 1941 ’Ὁτι
1254 1915 1276 1941 δ¹
1291 1915 1371 1946 αὐτὸς
1383 1915 1432 1949 τὴν
1445 1914 1612 1950 διαστροφὴν
1624 1914 1719 1941 παθὼν
1730 1913 1780 1947 τῆς

994 1961 1133 1994 ἀληθείας,
1149 1961 1196 1987 καὶ
1212 1960 1260 1996 τὴν
1276 1961 1392 1996 πάτριον
1404 1961 1548 1987 εὐσέϐειαν
1565 1960 1780 1994 ἐξομοσάμενος,

993 2006 1041 2033 καὶ
1069 2005 1250 2040 συναπαχοεὶς
1279 2006 1336 2036 τοῖς
1363 2006 1511 2040 αίρετικοίς
1543 2005 1705 2046 Ἀκινδὺνῳ,
1733 2005 1780 2031 καὶ

994 2051 1126 2086 Βαρλαὰμ
1138 2052 1190 2078 ὑπὸ
1203 2050 1353 2086 μοχθηρίας
1363 2051 1481 2085 τρόπων,
1493 2051 1540 2077 καὶ
1553 2051 1714 2086 ἀποτυχίας,
1728 2047 1781 2077 ὧν·

994 2106 1047 2132 περ
1058 2098 1182 2133 ἧλπισεν,
1198 2097 1349 2131 ἀφειδήσας
1364 2097 1411 2124 καὶ
1421 2096 1511 2132 ψυχῆς
1528 2097 1625 2132 αὐτῆς,
1642 2098 1685 2123 ἴνα
1700 2097 1780 2129 μόνον
1807 2113 1812 2118 ς

995 2143 1134 2178 ἀμύνηται
1157 2144 1220 2174 τοὺς
1239 2142 1369 2175 δόξαντας
1389 2143 1581 2178 λελυπηκέναι,
1603 2142 1664 2177 ἐμοὶ
1680 2143 1713 2169 τὰ
1734 2143 1780 2169 ίσα

994 2174 1117 2222 ἐγκαλεῖ,
1134 2189 1301 2223 χθαυμαστον
1322 2188 1409 2216 οὐδέν.
1433 2174 1558 2224 Ὀςιγάρ
1578 2174 1628 2215 οὒκ
1651 2189 1780 2223 ἐφείσατο

994 2236 1081 2267 Θεοῦ,
1098 2235 1165 2261 ἀλλὰ
1187 2235 1232 2262 διὰ
1248 2235 1297 2270 τὴν
1317 2235 1385 2269 πρός
1407 2243 1485 2266 τινας
1508 2235 1658 2270 ἀπέχθειαν
1673 2234 1778 2260 ἐκείνου

993 2281 1080 2315 ψευδῆ
1103 2281 1188 2307 πολλὰ
1206 2282 1332 2312 κατεῖπε,
1350 2281 1430 2315 σχολῇ
1449 2280 1473 2314 γ’
1492 2281 1525 2307 ἂν
1548 2281 1683 2315 ἀπέσχετο
1704 2280 1780 2315 βασι-
1802 2280 1815 2291 τ’

995 2327 1074 2358 λέως,
1089 2326 1136 2352 καὶ
1150 2326 1238 2352 ταῦτα
1252 2326 1376 2358 δόξαντος
1394 2326 1587 2360 λελυπηκέναι,
1603 2326 1645 2352 ὅτι
1662 2325 1685 2353 δ’
1700 2325 1780 2352 εὐσε-

996 2371 1044 2407 ϐὴς
1061 2372 1115 2405 ἐγὼ
1131 2371 1179 2398 καὶ
1190 2371 1240 2404 τῆς
1253 2371 1347 2406 ὀρθῆς,
1361 2371 1408 2397 καὶ
1426 2371 1541 2406 πατρίου
1557 2370 1635 2406 δόξης
1652 2370 1779 2405 ἐξεχόμεσ

997 2427 1041 2449 νος
1054 2417 1186 2453 ἀκριδῶς,
1201 2417 1248 2444 καὶ
1261 2418 1336 2444 πᾶσα
1353 2417 1400 2452 μὲν
1416 2416 1493 2452 ἡτῶν
1507 2416 1779 2451 ὀρθοδόξωνῈκκλη-

997 2463 1043 2490 σία
1053 2465 1305 2497 συμμαρτυρήσεις,
1318 2461 1409 2496 χάριτι
1418 2460 1484 2487 Θεοῦ
1496 2460 1612 2495 βεϐαέως
1623 2459 1779 2494 ἠδρισμένη

995 2517 1027 2535 πε
1033 2510 1058 2544 pl
1069 2509 1118 2543 τὴν
1129 2508 1270 2543 ἀλήθειαν,
1284 2508 1331 2534 καὶ
1340 2507 1393 2533 τῶν
1406 2506 1592 2534 άποστολικῶν
1603 2504 1779 2541 παραδδσεων

995 2556 1111 2590 ἐχομένη
1125 2554 1246 2588 ἁκριὸὦς
1257 2562 1264 2570 ·
1279 2554 1328 2587 οὐχ
1343 2551 1424 2587 ἧττον
1437 2552 1466 2579 δὲ
1479 2553 1526 2579 καὶ
1539 2553 1683 2587 Γρηγορᾶ;
1698 2553 1780 2584 αὐτος

995 2601 1080 2633 ὸννυνὶ
1098 2600 1210 2626 τοιαῦτα
1227 2599 1363 2633 ἐγκαλῶν,
1381 2599 1455 2633 παρὰ
1471 2599 1559 2625 πάντα
1574 2599 1619 2625 τὸν
1637 2598 1684 2625 τοῦ
1700 2599 1779 2624 πολέ-

999 2654 1049 2680 μου
1065 2647 1160 2671 νβ’νον
1182 2644 1213 2670 οὺ
1231 2644 1310 2670 ιιόνον
1324 2644 1451 2679 ἐγκώμια
1469 2643 1554 2670 πολλὰ
1570 2643 1675 2676 διεξιὼν
1697 2643 1776 2678 ἐμοῦ,

784 2727 891 2757 Jacobi
910 2726 1040 2757 Pontani
1058 2729 1150 2755 notat.

198 2801 252 2833 (18)
272 2799 362 2833 Elngia
380 2799 424 2826 illa
440 2799 520 2826 simul
535 2807 588 2826 tttto
601 2799 661 2826 loco
679 2802 741 2834 post
756 2799 844 2827 Vitam
873 2798 1066 2831 Cantacuzeni,
1078 2805 1110 2825 ex
1131 2797 1251 2832 Grcgora
1271 2797 1396 2829 collecta,
1407 2797 1557 2832 posuimus.
1567 2796 1670 2823 Bellum
1687 2801 1777 2823 autem

163 2837 300 2870 intelligit,
316 2836 387 2869 quod
403 2834 575 2862 Andronicus
597 2841 683 2869 nepos
701 2842 764 2862 cum
781 2841 832 2861 avo
848 2834 942 2867 gessit.
