1941 3088
190 137 241 170 19')

188 200 286 221 νοιιιιις
312 201 318 219 Ζ

189 239 293 266 trullam
321 237 401 264 aliam
422 235 583 266 Inentiendi,
604 233 845 267 ealnmuiandique
862 239 972 259 causam

190 283 380 311 habuerimus.
405 281 468 308 Ilrec
488 286 582 315 postea
598 288 614 306 a
630 277 822 306 Cantacuzcno
840 278 908 306 facta
923 298 930 310 ,
947 284 975 304 et

190 329 263 356 dicta
281 333 354 356 sunt.
368 335 430 353 cum
449 326 606 359 imperatori
618 331 717 359 genero
729 324 873 358 imperium
887 328 975 350 trans-

191 373 274 405 didit,
290 377 316 399 et
348 371 399 399 sub
417 370 513 397 habitu
525 370 651 397 nronachi
666 370 726 396 \‘it:e
742 374 974 404 genusparatum,

193 422 219 444 ut
233 417 356 451 quietum
381 423 461 450 agerc
480 414 633 440 constituit.
660 414 737 440 Tunc
755 417 845 439 autem
872 411 976 446 synodo

193 469 307 497 prorsus
325 461 412 493 ﬁnita,
428 465 455 487 et
476 459 610 494 Acindyni
625 458 808 485 sectatoribus
828 457 976 490 impietatis

193 507 338 534 evidenter
353 505 497 535 convictis.
510 505 636 531 civilibus
653 503 808 531 actionibus
828 510 888 529 sese
912 502 976 528 red-

193 554 272 583 dens.
289 552 491 586 expeditionem
510 551 537 577 in
552 551 688 577 Triballos
703 549 856 579 adornavit.
871 548 977 574 Interea

193 598 227 624 ad
248 597 358 623 Latinos
372 595 507 622 Galatteos
523 594 730 628 quatuor-decim
747 594 912 622 Venetorum
931 592 979 619 tri-

198 652 289 671 remes
304 643 491 677 appelluntur.
505 641 539 668 Et
553 641 615 675 quia
629 646 710 668 noctu
726 640 865 674 improvisi
881 647 978 674 supcr-

193 694 338 721 vcnerant,
357 697 411 715 non
423 687 606 714 animadversi
624 686 836 716 descenderunt,
854 685 979 718 intraque

196 746 290 765 muros
310 736 425 770 ingressi
441 736 537 770 (port-e
551 733 684 768 siquidem
702 731 793 766 oppidi
807 739 855 765 per
871 735 978 756 noctem

194 787 296 816 aperta:
316 779 554 815 relinquebantur,
573 786 604 804 ea
628 782 688 804 erat
714 776 865 803 incolarum
881 782 978 808 super-

195 828 240 855 bia
264 833 292 854 et
311 826 456 861 audacia),
480 832 533 852 neu
561 831 655 858 parum
669 827 838 851 nocuerunt,
848 821 980 848 Custodes

787 131 829 162 JO
836 130 908 161 INN
915 131 949 160 IS
968 128 1230 160 CANTACUZENI

349 190 525 225 potissimum
554 189 577 216 si
604 192 704 223 praeter
729 187 853 222 iniquum
881 186 975 212 odium

1041 185 1153 210 ιατικῶν
1167 184 1222 210 τῶν
1242 184 1311 211 κατὰ
1330 183 1375 209 τὲν
1390 182 1459 215 βίον,
1479 180 1525 207 καὶ
1550 179 1598 207 τοῦ
1613 179 1738 214 ψεύδους,
1761 175 1811 205 καὶ

1754 121 1807 153 ΞΟΘ

1027 231 1076 263 τῆς
1093 230 1285 264 συκοφαντίας,
1301 229 1377 260 δίκας
1394 228 1500 262 δῶμεν,
1516 227 1563 253 καὶ
1585 226 1702 263 μάλιστα
1717 226 1742 252 εί
1758 233 1812 260 μη-

1029 276 1124 310 δεμίαν
1144 276 1279 309 πρόφασιν
1299 275 1395 308 ἑτέραν
1417 273 1482 307 έχοι,
1504 272 1520 307 ἢ
1542 272 1633 298 ἄδικον
1653 271 1812 305 ἀπέχθειαν.

1029 320 1122 346 Ταῦτα
1146 320 1195 353 μὲν
1211 317 1256 346 οὖν
1275 319 1388 354 ὕστερον
1412 318 1516 353 βασιλεῖ
1536 317 1574 352 τῷ
1592 314 1813 350 Καντακουζηνῷ

1029 365 1154 400 ἐπράχθη
1167 375 1197 391 τε
1210 366 1256 392 κοιλ⁴
1270 366 1362 400 εἴρητο
1374 364 1443 398 μετὰ
1455 365 1484 390 τ’,
1498 364 1545 396 τῆς
1558 363 1645 398 ἀρχῆς
1661 362 1764 397 βασιλεῖ
1775 361 1814 396 τῷ

1030 412 1148 447 γαμὸρῷ
1171 411 1447 447 παρακεχωρηκέναι,
1464 410 1514 436 καὶ
1537 409 1598 435 καθ’
1622 408 1737 443 ἡσυχίαν
1759 407 1816 443 βιο-

1029 457 1129 487 τεύειν,
1148 456 1284 482 ὑποδύντα
1301 455 1392 490 σχῆμα
1415 453 1548 489 μοναχῶν.
1571 453 1636 479 Τότε
1652 452 1692 484 δὲ,
1709 452 1769 478 ἐπεὶ
1781 451 1816 478 τὰ

1030 501 1102 527 κατὰ
1114 500 1162 534 τὴν
1176 501 1283 526 σύνοδον
1303 500 1457 534 ἀπήρτιστο
1475 498 1575 531 πάντα,
1593 498 1638 524 καὶ
1654 497 1728 527 τέλος
1747 495 1814 530 εἷχε,

1031 547 1078 573 καὶ
1090 547 1114 572 οἱ
1128 546 1162 572 τὰ
1181 545 1336 572 Ἀκινδύνου
1351 545 1483 580 ᾑρημένοι
1497 544 1642 578 ἠλέγχοντο
1655 542 1815 573 ἀσεϐοῦντες

1032 591 1167 626 φανερῶς,
1179 591 1226 617 ἐπὶ
1240 591 1286 622 τὰς
1298 590 1441 621 πολιτικὰς
1454 591 1581 623 ἐτρέπετο
1595 589 1675 620 πᾴὶ.ιν
1684 588 1798 622 πράξεις
1808 596 1816 604 ο

1033 638 1079 664 καὶ
1093 637 1312 673 παρεσκευάζετο
1322 637 1359 667 ὡς
1371 635 1591 670 ἐπιστρατεύσων
1600 634 1753 668 Τριὸαλοῖς.
1773 634 1818 660 Ἐν

1032 684 1119 719 τούτῳ
1134 684 1162 710 δὲ
1186 686 1240 715 τοῖς
1257 685 1285 710 ὲν
1304 683 1411 718 Γαλατᾷ
1428 682 1552 712 Λατίνοις
1574 681 1640 707 δέκα
1656 681 1703 707 καὶ
1718 680 1818 706 τέττα-

1035 725 1079 765 ρὲς
1102 731 1132 755 ἐκ
1161 729 1287 760 Βενετίας
1310 728 1481 755 ἐπέπλευσαν
1505 728 1638 762 τριήρεις.
1660 725 1765 757 Νυκτός
1788 734 1818 751 τι

1033 776 1193 807 ἐπελοόντες
1217 775 1428 810 ἀπροσδόκητοι,
1452 773 1593 808 ἀπέὸησάν
1615 781 1645 798 τε
1668 772 1699 798 οὐ
1721 779 1820 808 προαι-

1035 823 1185 857 σθομένων,
1206 823 1252 848 καὶ
1273 821 1396 855 ἐγένοντο
1413 820 1487 850 ἐντὸς
1501 819 1599 854 τειχῶν
1612 827 1618 833 ·
1634 816 1703 853 ἦσαν
1720 818 1773 852 γὰρ
1791 817 1818 843 at

197 874 280 901 cninr
291 873 336 900 ubi
357 872 488 907 oppidum
514 875 622 904 captum
641 868 895 896 animadverterunt
908 885 915 896 ,
929 873 979 892 vo-

1041 871 1115 897 τύλαι
1126 870 1173 896 τοῦ
1194 869 1325 904 φρουρίου
1342 869 1438 899 νυκτὸς
1462 866 1647 901 ἀνεῳγμέναι,
1667 864 1713 891 ὑπ’
1733 863 1819 890 αὐθα-

195 912 404 946 cil'r-rationibus
420 918 493 944 cives
516 915 549 942 ad
566 915 620 940 vim
647 911 859 948 propulsandam
881 911 980 937 conci-

196 969 299 997 tarunt,
316 964 362 999 qui
376 971 409 990 ex
425 962 529 989 aadibus
542 961 662 988 inermes
678 965 775 985 versus
792 965 866 984 mare
881 957 978 984 decur-

155 1004 158 1005 ν
200 1017 303 1042 rentes,
319 1015 347 1037 et
363 1008 428 1044 quid
446 1008 498 1046 hoc
522 1007 560 1034 rei
579 1010 654 1034 esset
673 1004 810 1031 nescitare
823 1003 979 1037 cupientes,

197 1056 295 1092 partim
328 1054 566 1081 vulnerabantur:
590 1050 673 1086 809
697 1049 797 1084 partim
811 1049 855 1083 (et
872 1047 981 1082 quidem

198 1110 254 1129 non
272 1100 372 1136 pauci)
388 1098 639 1126 interﬁciebantur.
655 1095 776 1122 Tandem
792 1103 821 1121 re
832 1097 982 1128 comperta,

198 1147 300 1175 nuituis
315 1151 342 1174 et
356 1145 441 1180 armis
454 1146 516 1171 IIISII
526 1143 592 1174 ucti,
607 1143 699 1169 hostes
712 1141 788 1168 nulla
803 1148 831 1167 re
849 1146 983 1166 memora-

198 1193 246 1220 bili
264 1192 350 1227 gesta,
371 1197 399 1218 et
422 1190 598 1225 ignaviSsime
619 1187 784 1221 praeliantes,
807 1192 918 1212 rursum
934 1183 985 1218 eji-

200 1239 300 1266 ciunt:
318 1236 366 1272 qui
384 1236 418 1263 ad
446 1235 573 1262 triremes
589 1234 665 1260 nullo
691 1240 802 1259 suorum
820 1230 982 1262 interfectol

200 1284 309 1318 aliquot
334 1282 467 1309 duntaxat
492 1279 644 1307 vulneratis
659 1281 858 1313 pervenerunt,
880 1276 987 1303 solven-

202 1335 312 1364 tesque,
329 1329 470 1356 onerarias
485 1326 616 1362 quasdam
631 1331 731 1352 vacuas
744 1331 836 1351 secum
848 1322 987 1349 abstraxe-

203 1382 280 1408 runt.
295 1384 327 1403 ac
342 1375 394 1403 sibi
410 1373 537 1409 proprias
562 1373 700 1400 iecerunt.
714 1371 793 1398 Claro
812 1370 867 1404 jam
882 1369 927 1395 die
944 1368 988 1395 bis

203 1427 299 1457 terque
318 1422 406 1456 ignem
428 1420 454 1446 in
474 1417 626 1448 onerarias,
639 1424 700 1452 qua:
718 1414 843 1450 plurimae
856 1415 882 1441 in
906 1418 987 1449 portu

202 1468 323 1498 stabant,
335 1465 483 1492 immittere
496 1463 586 1490 conati
603 1467 679 1494 sunt.
705 1461 752 1489 sed
768 1461 899 1488 accedere
921 1467 986 1495 pro-

204 1514 267 1548 pius
291 1520 346 1540 non
372 1511 545 1538 sinebantur.
573 1509 676 1536 Deinde
707 1506 900 1542 praetereundo
920 1506 988 1533 alias

206 1559 384 1589 infestabant,
400 1562 427 1584 et
445 1556 575 1591 quasdam
588 1563 603 1582 e
619 1554 706 1582 Ponto
715 1552 914 1580 descendentes
925 1560 990 1579 one-

207 1605 293 1633 rarias
308 1604 465 1638 capiebant.
492 1602 520 1629 In
536 1601 597 1628 istis
618 1601 704 1636 igitur
726 1599 887 1627 triremibus
909 1599 991 1625 etiam

206 1655 314 1690 legatus
329 1652 510 1684 Venetorum,
534 1650 646 1677 nomine
664 1648 830 1683 Delphinus,
854 1647 887 1674 ad
903 1647 993 1682 impe-

207 1704 332 1727 ratorem
347 1697 518 1728 mittebatur,
535 1702 614 1729 opem
626 1699 750 1729 rogatum
765 1694 798 1720 ad
813 1692 915 1720 bellum
927 1700 992 1719 con-

207 1751 247 1772 tra
263 1745 435 1774 Genuenses.
452 1741 685 1777 promittebatque
696 1739 793 1767 ducem
804 1738 991 1768 Venetiarum.

208 1797 237 1819 et
262 1795 388 1819 senatum
416 1790 450 1816 de
477 1787 607 1815 Romanis
636 1786 801 1813 meriturum
831 1784 945 1819 optimc,
970 1783 993 1811 si

208 1837 341 1865 auxilium
360 1838 506 1862 annueret.
536 1832 615 1859 Paria
643 1832 781 1858 Ravenna:
803 1830 930 1865 princeps
948 1837 995 1864 per

208 1883 317 1910 litteras
343 1880 476 1916 pollicens
491 1878 614 1913 rogabat,
637 1883 736 1911 nempe
760 1876 798 1902 uti
815 1876 935 1903 Venetos
950 1875 997 1902 ad-

209 1927 349 1964 juvandus
365 1926 529 1960 susciperet,
551 1923 653 1958 quibus
677 1923 760 1949 etiam
777 1921 835 1956 ipse
849 1921 998 1955 opitulare-

210 1978 267 2000 tur.
293 1972 446 2006 Imperator
468 1970 509 1997 eis
526 1969 710 2000 societatem,
737 1971 805 1994 utet
821 1971 900 1994 antea
925 1966 997 2001 apud

209 2016 435 2049 Thessalonicam
453 2014 575 2050 negavit,
597 2013 758 2047 addiditque
771 2012 873 2039 nullam
888 2019 917 2039 se
930 2012 998 2047 ipsis

210 2065 302 2091 facere
318 2062 447 2098 iniuriam
461 2081 468 2094 ,
484 2061 517 2092 si,
533 2064 714 2095 praeterquam
729 2058 801 2093 quod
818 2058 893 2085 nullo
906 2058 947 2084 eis
962 2057 996 2084 ad

211 2109 314 2135 bellum
345 2106 543 2140 impedimento
570 2109 661 2135 essm,
694 2106 840 2130 adversum
864 2101 996 2129 Galataeos

211 2155 294 2182 etiam
309 2161 362 2180 non
371 2155 515 2187 pugnaret.
527 2150 580 2182 Qui
592 2149 700 2177 tametsi
721 2149 824 2176 bellum
839 2155 911 2183 εει-ρο
922 2155 997 2175 com-

1032 917 1116 948 δείας,
1134 917 1182 943 καὶ
1198 915 1368 952 θρασύτητος
1381 915 1435 940 τῶν
1449 912 1636 943 ἐνοικούντων,
1653 910 1700 937 καὶ
1714 910 1821 936 ἐκάκω-

1035 971 1084 989 σαν
1105 963 1155 989 οὑκ
1172 962 1260 995 ὀλίγα.
1281 960 1325 990 Ὣς
1341 961 1398 994 γὰρ
1421 959 1567 994 ᾐσθάνοντο
1589 958 1613 983 οι
1638 956 1758 990 φύλακες
1772 955 1821 989 τὴν

1035 1007 1142 1041 ὄιλησιν,
1157 1007 1204 1041 βοῇ
1216 1014 1245 1032 τε
1260 1005 1388 1040 ἐχρῶντο,
1401 1005 1447 1031 καὶ
1458 1002 1621 1029 συνεκάλουν
1634 1001 1679 1027 ἐπὶ
1691 1000 1740 1035 τὴν
1752 1000 1822 1034 ἄμυ-

1036 1061 1083 1079 ναν
1099 1054 1159 1084 τοὺς
1176 1053 1338 1087 ἐγχωρίους.
1351 1051 1382 1077 Oi
1398 1050 1437 1083 δὲ,
1450 1050 1482 1075 ἐκ
1495 1049 1549 1075 τῶν
1564 1048 1657 1074 οἰκιῶν
1668 1046 1761 1073 ἄοπλοι
1776 1045 1822 1071 ἐπὶ

1034 1101 1084 1134 τὴν
1098 1099 1235 1126 θάλασσαν
1250 1097 1401 1128 κατιόντες,
1412 1097 1425 1122 ὅ
1435 1104 1461 1121 τι
1471 1094 1513 1130 εῐη
1535 1094 1569 1120 τὰ
1577 1093 1703 1129 δρώμενα
1713 1091 1821 1124 μαθεῖν,

1036 1144 1233 1180 ἐτιτρώσκοντό
1247 1152 1276 1169 τε
1289 1141 1513 1176 καὶάπέϐνησκον
1526 1139 1628 1165 πολλοί.
1643 1139 1770 1170 Ἔπειτα,
1783 1136 1820 1167 ὡς

1037 1189 1408 1226 ᾔσθοντοςάναθαρσὴσαντες
1424 1187 1470 1212 καὶ
1485 1185 1675 1218 ὁπλισάμενοι,
1686 1182 1822 1216 ἐξήλασαν

1037 1235 1100 1266 τοὺς
1120 1234 1265 1268 πολεμίους
1280 1231 1368 1264 αὖθις,
1388 1231 1465 1258 οὐδὲν
1478 1231 1601 1265 γενναῖον
1614 1228 1822 1264 εἰργασμένους,

1039 1281 1107 1308 ἀλλὰ
1125 1280 1280 1314 φαυλότατα
1302 1278 1527 1313 ἠγωνισμένους·
1553 1276 1628 1310 ὅμως
1654 1273 1824 1308 διεσώθησαν

1040 1327 1140 1358 πάντες
1152 1326 1199 1352 ἐπὶ
1212 1326 1261 1356 τὰς
1271 1326 1404 1359 τριήρεις,
1422 1322 1528 1352 οὺδενδς
1543 1321 1686 1351 πεσόντος.
1700 1327 1826 1354 τραυμα-

1040 1373 1105 1400 τιῶν
1119 1372 1147 1399 δὲ
1161 1372 1259 1406 ὀλίγων
1279 1370 1444 1406 γενομένων,
1466 1367 1631 1403 ἀναγόμενοι
1646 1376 1674 1393 τε
1690 1365 1736 1393 τοῦ
1750 1365 1827 1400 λιμέο

1040 1427 1095 1451 νος,
1111 1419 1159 1445 καὶ
1172 1418 1287 1449 ὁλκάδας
1299 1417 1437 1443 εἴλκεισαν
1448 1415 1530 1446 κενὰς
1540 1414 1628 1446 τινὰς,
1642 1413 1690 1440 καὶ
1702 1412 1828 1447 ἐκυρὶευ-

1042 1473 1103 1492 σαν.
1136 1465 1212 1491 Ἐπεὶ
1229 1464 1258 1490 δὲ
1289 1463 1380 1498 ἡμέρα
1411 1463 1461 1496 ἠδη
1485 1459 1530 1497 ἦν,
1556 1461 1596 1492 δὶς
1627 1459 1676 1494 μὲν
1700 1458 1748 1486 καὶ
1767 1459 1826 1494 τρὶς

1043 1513 1223 1548 ἐπεχείρησαν
1240 1511 1295 1545 πῦρ
1311 1511 1414 1536 ἐνεῖναι
1432 1510 1490 1540 ταῖς
1505 1509 1617 1535 ὁλκάσιν
1635 1506 1727 1537 οὔσαις
1747 1506 1775 1531 πῖ
1785 1505 1824 1531 εί-

1043 1568 1118 1592 σταις
1132 1559 1178 1585 ἐπὶ
1188 1558 1234 1585 τοῦ
1245 1557 1366 1592 λιμένος,
1380 1555 1608 1589 ἁπεκρούσθησαν
1618 1553 1646 1580 δὲ
1659 1553 1705 1580 ὑπ’
1715 1553 1827 1579 ἐκείνων

1042 1604 1095 1630 οὐδ’
1126 1604 1210 1638 ἐγγὺς
1233 1602 1362 1636 γένεσθαι
1393 1600 1565 1635 δυνηθέντες.
1591 1599 1708 1626 Ἔπειτα
1738 1607 1829 1632 παρα-

1043 1649 1168 1681 πλέοντες
1181 1649 1310 1680 ἐκάκουν,
1329 1648 1376 1674 καί
1392 1656 1473 1673 τινων
1488 1646 1645 1681 ἐκράτησαν
1660 1644 1780 1672 ὁλκάδων
1797 1645 1829 1670 ὲκ

1044 1695 1145 1722 Πόντου
1160 1693 1385 1721 καταπλεουσῶν.
1408 1692 1453 1719 Ἐν
1468 1692 1579 1722 ταύταις
1599 1691 1631 1726 δὴ
1646 1691 1706 1721 ταῖς
1720 1690 1829 1721 ὁλκάσι,

1043 1741 1091 1768 καὶ
1123 1740 1243 1776 πρέσϐυς
1264 1740 1296 1766 ἐκ
1318 1739 1442 1770 Βενετίας
1468 1739 1579 1772 ἀφῖκτο,
1595 1737 1694 1772 Δελ.φ“ιν
1720 1737 1830 1769 ὠνομα-

1044 1788 1153 1822 σμένος,
1171 1787 1240 1822 πρὸς
1260 1785 1383 1821 βασιλέα,
1403 1785 1450 1811 καὶ
1467 1785 1550 1810 ἐδεῖτο
1564 1784 1718 1818 συμμαχεῖν
1739 1782 1831 1814 αὐτοῖς

1046 1833 1114 1868 πρὸς
1126 1833 1171 1859 τὸν
1187 1833 1257 1859 κατὰ
1270 1831 1324 1859 τῶν
1341 1832 1372 1857 ἐκ
1388 1830 1518 1862 Γεννούας
1534 1829 1662 1864 πόλεμον,
1680 1828 1786 1864 μεγάλα
1802 1828 1831 1854 τέ

1045 1887 1107 1904 τινα
1118 1878 1302 1913 ἐπηγγέλλετο
1308 1878 1354 1904 τὸν
1361 1877 1460 1903 δοῦκαν
1471 1876 1608 1907 Βενετίας,
1619 1875 1668 1902 καὶ
1675 1874 1724 1910 τὴν
1733 1873 1832 1908 βουλὴν

1052 1925 1206 1959 Ῥωμαίους
1217 1924 1379 1958 ὠφελήσειν,
1393 1924 1416 1950 εί
1432 1922 1553 1949 πείθοιτο
1567 1922 1660 1952 αὐτοῖς
1674 1922 1830 1956 συμμαχεῖν

1047 1971 1061 1996 ό
1083 1970 1219 2005 βασιλεύς.
1239 1969 1280 1996 Τὰ
1298 1969 1343 1995 ῐσα
1365 1969 1393 1994 δὲ
1417 1968 1464 1994 καὶ
1489 1968 1502 1993 ό
1525 1967 1576 2002 ρὴξ
1605 1966 1739 1997 Ῥασύνας
1763 1965 1832 1999 πρὸς

1049 2017 1165 2052 βασιλέα
1187 2016 1230 2042 διὰ
1248 2015 1422 2050 γραμμάτων
1442 2014 1635 2049 ἐπρεσΰεὺετο,
1655 2011 1703 2038 καὶ
1727 2011 1833 2045 μεγάλα

1049 2062 1243 2097 ἐπηγγέλλετο,
1261 2061 1307 2087 καὶ
1322 2061 1407 2086 ἐδεῖτο
1422 2060 1557 2094 βασιλέως
1578 2060 1634 2090 τοῖς
1647 2058 1683 2085 ἐκ
1705 2057 1834 2088 Βενετίας

1049 2109 1214 2142 συμμαχεῖν,
1231 2104 1271 2137 οἷς
1289 2106 1336 2132 καὶ
1352 2105 1432 2135 αὐτὸς
1450 2104 1592 2139 σύμμαχός
1613 2105 1683 2130 ἐστι.
1701 2102 1834 2133 Βασιλεὺς

1047 2154 1076 2181 δέ
1090 2154 1263 2188 ἀπηγόρευεν
1276 2152 1380 2183 αὐτοῖς,
1393 2151 1486 2186 ὥσπερ
1498 2150 1688 2185 καὶπρότερον
1701 2149 1751 2184 τὴν
1765 2157 1836 2183 συμ-

212 2200 373 2231 meruerint,
386 2202 414 2224 et
423 2204 502 2224 nemo
518 2200 600 2230 queat
612 2192 823 2229 reprehendere,
833 2198 879 2220 aut
889 2197 983 2220 contra

1049 2201 1149 2234 μαχίαν
1157 2201 1185 2225 ἐν
1199 2197 1383 2233 Θεσσαλονίκῃ
1393 2206 1400 2213 ·
1414 2197 1515 2231 ἔφασκε
1526 2197 1580 2230 γὰρ
1594 2196 1695 2222 ἀδικεῖν
1707 2196 1798 2229 μηδὲν.
1811 2196 1835 2220 εί

174 2273 178 2276 ι
213 2247 317 2275 dicere.
330 2243 353 2271 si
373 2242 524 2278 praeteritas
535 2239 648 2276 injurias
665 2242 844 2274 persequatur
859 2243 997 2270 ;attamcn

213 2291 242 2319 in
258 2290 406 2318 amicitiam
421 2288 590 2316 Venetorum
616 2285 684 2312 nibil
703 2289 897 2318 peccaturum,
919 2283 941 2310 si
957 2283 998 2315 of-

214 2338 306 2365 fensas
318 2336 384 2370 ipsis
398 2342 447 2362 sua
459 2338 558 2368 sponte
573 2332 722 2359 condonet.
740 2330 891 2362 Imperator
911 2329 994 2363 igitur

215 2383 253 2410 ita
280 2383 349 2409 scite
378 2380 481 2407 bellum
502 2376 679 2410 subterfugit.
697 2375 787 2409 Longe
812 2375 887 2401 enim
903 2373 1000 2400 melius

215 2428 340 2463 putabat.
357 2426 390 2453 ab
406 2426 529 2458 utrisque
546 2422 743 2452 abstinentem,
765 2420 798 2446 ad
813 2419 997 2446 Romanorum

217 2462 311 2502 urbes,
328 2477 389 2504 qua:
401 2467 519 2496 erantin
533 2467 694 2494 continente
705 2485 712 2497 ,
728 2465 761 2492 ab
775 2463 893 2490 hostium
909 2462 1000 2490 domi-

217 2521 283 2544 natu
300 2515 462 2542 asserendas
489 2512 658 2539 incumbere.
682 2511 717 2537 At
744 2509 862 2537 Venetus
883 2508 1000 2543 legatus,

218 2566 247 2589 et
262 2561 308 2588 alii
323 2561 370 2595 qui
387 2568 450 2586 CUIII
465 2566 499 2586 eo
515 2562 657 2589 venerant,
673 2556 755 2590 hujus
769 2553 907 2581 societatis
924 2551 1001 2580 recu-

217 2607 352 2635 sationem
366 2605 531 2640 permoleste
546 2603 681 2630 ferebant.
703 2600 812 2628 Galatari
838 2606 957 2634 quoque,
973 2602 1002 2624 ut

219 2653 393 2680 resciverunt
414 2651 509 2677 hostes
522 2657 585 2676 suos
600 2649 792 2681 imperatorem
807 2652 902 2680 rogare
923 2645 998 2671 auxi-

219 2699 266 2731 lia,
285 2697 392 2725 iteratis
416 2695 601 2731 legationibus
615 2701 694 2720 orare
717 2693 891 2723 insistebant,
908 2699 941 2718 ne
953 2690 1001 2717 de-

219 2744 404 2779 spicerentur,
419 2741 466 2769 sed
483 2741 506 2768 si
525 2740 589 2775 quid
602 2744 680 2766 antea
703 2738 854 2772 improbius
874 2737 902 2764 in
926 2737 1001 2763 illum

220 2790 408 2819 admisissent.
427 2788 534 2814 veniant
555 2786 644 2817 daret,
660 2792 711 2812 nec
724 2785 778 2820 jam
794 2784 868 2810 vires
884 2783 1002 2810 hostium

222 2840 345 2871 augeret,
362 2834 387 2861 iu
401 2839 538 2869 posterum
554 2832 622 2860 nihil
635 2840 683 2867 per
703 2831 792 2858 scelus
804 2836 936 2864 unquam,
952 2828 999 2856 sed

1050 2244 1118 2279 πρὸς
1134 2244 1173 2278 τῷ
1193 2243 1276 2278 μηδὲν
1293 2243 1383 2274 αὺτοῖς
1394 2241 1521 2276 ἐμποδὼν
1532 2239 1603 2268 εἶναι
1619 2242 1687 2276 προς
1699 2241 1744 2267 τὸν
1758 2241 1838 2266 πόλε-

1052 2299 1112 2324 μον,
1142 2289 1209 2324 μηδὲ
1236 2289 1302 2324 πρὸς
1328 2288 1449 2318 ἐκείνους
1473 2288 1617 2322 πολεμοίη.
1644 2287 1688 2318 Ὠς
1709 2287 1758 2321 μὲν
1781 2287 1837 2320 γόρ

1050 2335 1139 2367 αἰτίας
1167 2336 1268 2362 ἐκεῖνοι
1293 2334 1393 2365 πολλὰς
1422 2334 1588 2367 παρέσχοντο
1611 2333 1743 2366 πολέμου,
1787 2332 1836 2358 καὶ

1050 2382 1138 2413 οὐδεὶς
1158 2381 1190 2408 ἂν
1209 2381 1283 2415 αὐτῷ
1306 2380 1441 2415 μέμφοιτο
1455 2379 1567 2409 δικαίως
1594 2378 1757 2412 ἀμυνομένῳ
1781 2376 1837 2403 τῶν

1051 2429 1192 2464 προτέρων
1203 2428 1285 2454 ἓνεκα
1294 2427 1462 2461 ἀδικήματα,
1475 2425 1560 2456 οὐδεὶς
1573 2425 1604 2451 ἂν
1614 2425 1672 2459 έχοι
1679 2426 1816 2451 ἀντειπεῖν
1827 2432 1835 2440 ·

1052 2475 1120 2511 πρὸς
1137 2476 1186 2509 μέν
1206 2483 1247 2500 τοι
1264 2474 1314 2507 τὴν
1331 2473 1421 2499 αὖτῶν
1442 2472 1533 2505 φιλίαν
1549 2471 1729 2506 ἐνστήσεσοαι
1746 2471 1835 2502 οὐδὲν,

1009 2545 1015 2553 ,
1052 2520 1076 2545 εἰ
1091 2520 1170 2550 αὐτὸς
1188 2518 1258 2545 ἑκὼν
1274 2515 1344 2544 εἶναι
1361 2519 1417 2548 τοῖς
1438 2518 1673 2551 προσκεκρουκόσι
1690 2516 1837 2550 παρέχοιτο

1053 2564 1227 2598 συγγνώμην.
1262 2563 1291 2590 Ὀ
1319 2564 1367 2598 μὲν
1393 2563 1438 2590 οὖν
1467 2562 1592 2596 βασιλεὺς
1615 2561 1702 2592 οὕτως
1728 2562 1837 2595 εὐφυῶς

1053 2609 1256 2642 ἀπεσκευάζετο
1271 2610 1316 2636 τὶν
1330 2609 1456 2644 πόλεμον.
1473 2609 1580 2635 Μᾶλλον
1596 2609 1649 2642 γὰρ
1664 2607 1750 2634 ἐδόκει
1767 2606 1837 2634 εἷνιι

1053 2657 1163 2691 ἄριστον
1175 2657 1314 2690 ἑκατέρων
1323 2655 1509 2689 ἀποσχόμενον
1521 2655 1664 2690 προσέχειν
1675 2654 1705 2688 τῇ
1718 2654 1836 2687 ἠπείρῳ,

1054 2704 1100 2729 καὶ
1116 2703 1164 2733 τὰς
1180 2702 1383 2736 δεδουλωμένας
1405 2701 1547 2734 Ῥωμαίων
1565 2701 1655 2730 πόλεις
1675 2699 1837 2733 ἐλευθεροῦν

1055 2749 1109 2773 ἀπὸ
1123 2747 1175 2773 τὼν
1191 2747 1337 2781 πολεμίων.
1361 2747 1392 2772 ‘U
1415 2748 1446 2772 ἐκ
1462 2747 1586 2777 BSt/aria;
1607 2746 1635 2772 δὲ
1666 2745 1838 2779 πρεσϐευτὴς

1054 2793 1101 2818 καὶ
1117 2792 1191 2818 ἄλλοι
1206 2792 1236 2817 οὐ
1263 2792 1380 2826 μετρίως
1392 2792 1573 2833 ὴγάνακτιζδν,
1590 2784 1717 2826 πρὸς-τὴν
1730 2798 1839 2824 συμμα-

1056 2839 1118 2872 χίαν
1148 2839 1238 2869 αὐτοῖς
1268 2837 1484 2872 ἀπαγορεύοντος
1515 2838 1657 2872 βασιλέως.
1690 2837 1723 2863 Οἵ
1749 2845 1777 2862 τε
1806 2837 1839 2863 ἐκ
