1941 3088
193 95 246 126 215

794 99 914 129 JDANN
921 100 954 130 IS
975 100 1238 133 C'ANTACUZENI

1767 108 1819 141 916

191 152 303 187 aggredi
323 157 488 179 moraretur.
502 151 758 182 inducebatlautem
778 156 839 183 illos
857 157 889 184 ad
902 165 970 184 arm:

1031 159 1079 193 τὴν
1105 160 1276 195 ἐπιχείρησιν
1306 170 1455 197 παρῃνουν.
1495 162 1636 198 Ἐνήγοντο
1657 163 1686 190 δὲ
1718 164 1819 192 ἐκεῖνοι

188 198 273 233 818
298 198 370 226 inter
390 199 570 233 imperatores
599 200 776 228 instauranda
803 209 856 229 non
883 210 979 237 parum

187 245 326 272 vitiositas
356 249 384 272 et
399 245 532 280 ncquitia,
548 253 601 280 qua
623 246 664 273 vel
676 247 712 273 ad
730 247 840 275 infanda
860 249 978 283 prompti

188 290 359 322 ferebantur,
378 292 472 326 potius
501 298 590 318 tamen
616 292 748 326 promissa
764 301 778 320 a
795 293 874 321 Crale
894 301 981 328 pecu-

187 338 242 368 nia,
256 337 277 364 si
292 338 391 365 bellum
402 338 473 364 inter
490 338 627 366 Romanos
638 339 737 366 iterum
752 339 978 372 inﬂammassent,

187 392 283 410 eorum
300 384 408 410 animos
428 384 635 416 depr.=vaverat.
656 384 760 418 Quibus
775 385 868 420 junior
893 385 980 419 impe-

187 433 271 460 rator,
289 434 381 463 utpote
404 429 563 456 calliditatis
586 435 614 456 et
640 437 797 457 sermonum
814 436 896 465 atque
918 438 978 458 mo-

187 481 248 500 rum
265 475 429 508 (orruptclaz
451 474 564 502 omnino
586 475 697 510 ignarus
727 481 753 503 et
768 476 937 510 inexpertus,
952 481 979 503 et

186 527 262 553 a-qua
284 519 478 555 fructuosaque
504 520 632 553 suaderi,-
650 529 681 547 ac
696 521 748 548 sibi
767 522 871 549 studcri
891 526 976 553 ratus,

187 567 410 600 obtemperavit:
435 572 462 594 et
494 567 615 601 profecto
642 567 857 600 inimicissimos,
875 569 977 603 quique

185 611 221 638 ob
245 612 298 638 vile
317 613 458 644 lucellum,
476 618 503 640 et
529 621 642 647 parvum
669 615 863 648 compendium
886 615 976 650 ipsqu

184 665 246 684 cum
266 658 396 685 universo
423 658 537 692 imperio
562 658 755 693 prodiderunt,
773 667 824 694 pro
843 661 978 688 amicissi-

185 704 238 730 mis
254 703 349 731 habuit
364 713 370 730 :
389 704 553 738 quibuscum
580 705 732 732 deliberare
754 705 847 740 C(Epil,
861 706 934 734 unde
949 712 977 733 et

185 751 323 784 quomodo
349 750 450 777 bellum
474 755 570 777 contra
589 759 716 778 socerum
735 751 900 779 institueret.
917 752 935 778 P
947 761 978 779 a-

184 797 242 822 cuit
261 797 355 831 igitur,
371 796 531 830 priusquam
544 797 669 824 consulta
681 803 850 829 emanarent,
865 798 973 825 Andro-

184 845 277 870 nicum
302 843 419 870 Asanem
449 843 673 870 Thessalonicam
705 845 862 876 removeri,
893 853 974 880 quem

183 890 351 916 acerrimum
367 889 425 916 fore
437 890 636 921 adversarium,
655 898 706 917 nec
721 891 810 918 solum
826 891 928 924 alioqui
945 899 974 919 se

184 936 387 970 oppositurum.
412 935 458 962 sed
476 941 504 962 et
518 936 655 971 jnuiorem
668 937 861 971 imperatorem
880 939 974 965 admo-

183 982 307 1009 nirurum
329 982 507 1013 verebantur,
522 983 561 1009 uti
574 988 675 1010 conatu
694 988 748 1010 tam
769 985 838 1011 male
849 985 973 1011 ominato

183 1030 339 1062 desisteret,
353 1036 421 1056 neve
444 1029 590 1064 imperium
609 1029 699 1065 (cujus
716 1030 796 1064 paulo
814 1036 875 1064 post
896 1031 972 1058 futu-

183 1084 231 1102 rus
263 1076 298 1103 sit
324 1076 463 1108 dominus,
489 1076 511 1103 si
536 1084 599 1110 erga
625 1084 751 1103 socerum
778 1077 971 1111 imperatorem

181 1122 268 1155 probe
294 1127 322 1148 et
346 1121 464 1148 Candide
491 1129 520 1149 se
545 1121 670 1156 gesserit)
699 1121 790 1148 sciens
817 1129 848 1148 ac
879 1122 973 1149 volens

183 1166 384 1200 prssumdaret.
403 1167 474 1199 Ergo
490 1174 552 1193 eum
575 1174 636 1193 cum
658 1166 834 1193 simulatione
845 1168 973 1195 amicitia:

182 1213 327 1243 adeuntes,
351 1217 556 1239 sacramentum
585 1212 688 1240 silentii
719 1212 841 1247 exigunt,
854 1213 971 1248 junioris

183 1257 360 1291 imperatoris
395 1257 582 1284 secretissima
616 1257 811 1291 patel‘actnros.
842 1257 892 1286 Ubi
918 1259 972 1286 (ide

179 1302 299 1336 jurantis
336 1307 447 1336 accepta
482 1303 541 1329 ausi
567 1307 631 1330 sunt
660 1303 765 1333 (idere.
794 1311 857 1331 cum
892 1304 972 1332 Crale

182 1349 284 1375 bellum
313 1357 409 1375 socero
446 1349 617 1376 inferendum
654 1350 812 1385 pepigisse,
847 1350 971 1385 nihilque

181 1395 269 1428 pactis
283 1399 310 1421 et
322 1395 463 1422 conventis
475 1395 570 1422 deesse
588 1400 712 1426 narrant,
730 1395 891 1431 Cralemque
909 1405 972 1432 pro-

181 1440 345 1474 pensissimo
355 1441 447 1468 studio
459 1445 487 1467 et
498 1440 640 1468 alacritate
654 1441 813 1476 imperatori
822 1443 971 1478 opitulatu-

991 828 1011 856 Β

1033 205 1100 240 πρὸς
1113 205 1143 231 τὸ
1155 207 1240 233 κινεῖν
1250 207 1304 233 τῶν
1317 207 1450 242 βασιλέων
1465 208 1534 244 πρὸς
1545 209 1676 244 ἀλλήλους
1700 209 1820 245 πόλεμον

1032 250 1081 285 οὐχ
1109 248 1190 286 ἦττον
1204 252 1254 285 μὲν
1274 252 1322 279 καὶ
1335 254 1445 288 τρᾶπων
1473 255 1632 288 φαυλότητι,
1651 256 1699 281 καὶ
1719 256 1820 291 μοχθη-

1033 296 1089 330 ρίᾳ,
1138 297 1266 332 καὶπρὸς
1289 298 1322 324 τὰ
1340 299 1468 333 αἰσχιστα
1483 299 1611 333 ἑξήγοντο
1623 300 1749 334 ἑτοίμως,
1767 301 1819 334 μά-

1031 342 1109 368 λιστα
1126 343 1154 368 δὲ
1170 344 1217 369 καὶ
1236 345 1358 378 χρήμασι
1375 343 1564 380 διεφθάρησαν
1579 345 1647 379 πρὸς
1673 344 1781 379 Κραλη,
1794 345 1819 371 εἰ

1031 389 1076 415 τὸν
1090 389 1158 422 πρὸς
1173 388 1459 424 ἁλλήλουςῬωμαίων
1474 388 1553 422 αὖθις
1570 391 1691 425 πόλεμον
1707 392 1817 417 κινοῖεν.

1031 430 1077 464 Οἷς
1091 433 1106 459 ὁ
1127 433 1186 464 νέος
1212 433 1349 468 βασιλεὺς,
1376 433 1425 461 ἅτε
1441 433 1474 470 δὴ
1493 435 1562 469 πρὸς
1579 435 1758 469 πανουργίας,
1772 435 1819 460 καὶ

1029 477 1178 512 διαφθορὰς
1193 479 1239 505 καὶ
1249 479 1323 513 βίων,
1339 479 1386 505 καὶ
1404 479 1491 513 λόγων
1507 480 1682 506 παντάπασιν
1698 479 1819 514 ἀπείρως

1029 524 1109 558 ἔχων,
1126 525 1174 551 καὶ
1198 524 1291 551 δίκαια
1308 525 1494 559 βουλεύεσθαι,
1513 527 1561 552 καὶ
1582 526 1758 560 συμφέροντα
1773 534 1818 552 νο-

1030 569 1124 603 μίςας,
1137 569 1185 595 καὶ
1199 569 1248 604 τὴν
1265 569 1383 604 σπουδὴν
1396 570 1466 604 ὑπὲρ
1483 570 1565 596 αὐτοῦ
1581 569 1729 600 ποιεῖσθαι,
1744 568 1818 594 ἐπεί-

1029 614 1090 640 θετὸ
1109 623 1150 647 τε,
1167 615 1213 640 καὶ
1230 615 1258 640 ὲν
1272 615 1329 646 τοῖς
1347 614 1465 648 μάλιστα
1478 614 1532 640 τῶν
1545 614 1630 648 φίλων
1647 612 1742 639 ἔταττε
1754 612 1818 643 τοὺς

1029 660 1252 694 πολεμιωτάτους
1267 660 1304 691 ὡς
1319 659 1440 695 ἀληθῶς,
1455 660 1502 685 καὶ
1516 659 1628 694 κέρδους
1643 656 1755 694 μικροῦ,
1771 657 1818 683 καὶ
1834 674 1837 676 -

1027 706 1170 741 λήμματος
1192 705 1272 733 αὐτόν
1285 714 1325 738 τε,
1343 706 1389 732 καὶ
1406 706 1556 741 σύμπασαν
1583 704 1732 739 ἡγεμονίαν
1748 711 1817 738 προ-

1027 752 1160 784 διδόντας,
1193 753 1240 778 καὶ
1265 752 1414 778 ἐσκέπτετο
1431 753 1480 779 σὺν
1507 752 1619 783 αὐτοῖς,
1647 751 1708 777 ὅθεν
1723 759 1753 776 τε
1770 749 1817 775 καὶ

1027 799 1101 829 ὅπως
1119 798 1165 824 τὸν
1182 799 1249 834 πρὸς
1267 798 1380 833 βασιλέα
1399 798 1444 825 τὸν
1462 798 1594 833 κηδεστὴν
1614 797 1734 831 πόλεμον
1750 796 1816 822 ἀνα-

1026 845 1125 880 κινοῖη.
1146 844 1249 871 Ἐδόκει
1267 844 1299 879 δὴ
1315 845 1370 870 δεῖν
1396 845 1460 880 πρὶν
1490 844 1614 870 ἔκπυστα
1635 841 1762 877 γενέσθαι
1780 841 1813 868 τὰ

1026 891 1236 926 βεϐουλευμένα,
1272 891 1390 926 Ἀσάνην
1422 891 1469 918 τδν
1495 890 1665 924 Ἀνδρόνικον
1696 887 1814 923 amri“;

1024 937 1223 970 Θεσσαλονὲκης
1234 945 1240 952 ·
1257 937 1420 963 ὑπώπτευον
1437 937 1491 971 γὰρ
1515 937 1620 962 ἐκεῖνον
1637 936 1671 962 τα
1696 935 1814 970 μέγιστα

1024 982 1246 1015 ἐναντιώσεσθαι,
1283 983 1313 1009 οὑ
1349 981 1429 1017 μόνον
1458 981 1719 1015 ἀντικαθιστάμενον
1745 981 1813 1015 πρὸς

1024 1029 1118 1061 τᾶλλα,
1134 1028 1203 1054 ἀλλὰ
1226 1029 1272 1054 καὶ
1285 1028 1391 1063 βασιλεῖ
1412 1027 1451 1062 τῷ
1479 1028 1534 1062 νέῳ
1547 1026 1736 1062 παραινοῦντα
1758 1026 1813 1052 τῶν

1024 1074 1134 1101 ἀτόπων
1160 1073 1311 1108 ἀπέχεσθαι
1338 1074 1551 1108 ἐπιχειρήσεων,
1571 1073 1618 1099 καὶ
1637 1073 1675 1107 μὴ
1689 1071 1811 1104 διαφθεί-

1025 1129 1082 1155 ρειν
1097 1121 1145 1154 τὴν
1170 1119 1320 1154 ἡγεμονίαν
1348 1119 1449 1152 ἑκοντὶ,
1469 1115 1502 1154 ἧς
1519 1118 1607 1144 ἔσοιτο
1623 1117 1718 1152 κύριος
1741 1116 1812 1151 μετὰ

1024 1165 1121 1200 μικρὸν
1136 1167 1160 1191 ει
1176 1165 1244 1199 πρὸς
1261 1165 1374 1199 βασιλέα
1388 1165 1433 1192 τὶν
1453 1164 1586 1199 κηδεστὴν
1603 1163 1809 1198 εὐγνωμοηιοίη,

1023 1212 1071 1238 καὶ
1084 1211 1279 1246 προσελθόντες
1296 1213 1324 1237 ὲν
1342 1211 1519 1246 πρισχήματι
1536 1210 1627 1244 φιλίας
1642 1210 1739 1244 πρῶτα
1759 1209 1809 1244 μὲν

1022 1257 1119 1292 ὅρκους
1137 1257 1272 1292 ἀπῄτουν,
1290 1256 1362 1283 ὥστε
1388 1257 1557 1291 καταδήλους
1575 1257 1612 1291 μὴ
1628 1257 1727 1287 ποιεῖν,
1747 1256 1811 1290 μέλ-

1022 1303 1118 1335 λοντας
1146 1302 1328 1330 ἐκκαλύπτειν
1350 1302 1383 1329 τὰ
1403 1302 1520 1337 μάλιστα
1535 1302 1682 1338 ἀπόρρητα
1700 1301 1740 1337 τῷ
1754 1302 1806 1336 νέίρ

1023 1350 1137 1386 βασιλεῖ.
1154 1350 1272 1376 Ἔπειτα
1289 1349 1350 1375 ἐπεὶ
1373 1348 1528 1384 ἐλάμϐανον
1542 1349 1591 1380 τας
1610 1348 1728 1381 πίστεις,
1759 1348 1808 1374 καὶ

1020 1394 1091 1432 ἦσαν
1106 1397 1134 1422 ὲν
1150 1395 1313 1431 πεποιθήσει
1327 1395 1420 1430 δῆθεν,
1441 1395 1553 1429 βασιλέα
1577 1395 1622 1421 τὸν
1638 1395 1698 1421 νέον
1713 1395 1808 1427 ἔλεγον

1023 1442 1168 1470 συνθέσθαι
1186 1442 1283 1477 Κράλῃ
1299 1443 1346 1468 ἐπὶ
1358 1442 1396 1476 τῷ
1411 1442 1529 1476 πόλεμον
1548 1442 1633 1468 κινεῖν
1645 1441 1714 1468 κατὰ
1732 1441 1810 1476 βασι-

181 1486 329 1514 τιιηιιϐιιῐιι
344 1491 436 1514 autem
451 1487 473 1514 is
488 1487 529 1513 vir
545 1487 577 1513 ad
594 1494 637 1514 res
648 1487 847 1520 perturbandas
860 1496 891 1516 ac
908 1497 956 1524 per

1024 1489 1092 1520 λέως
1105 1489 1152 1514 τοῦ
1169 1487 1313 1522 κηδεστοῦ,
1330 1487 1378 1514 καὶ
1391 1487 1499 1519 οὐδενὸς
1515 1487 1557 1514 ἔτι
1572 1487 1656 1513 ἐνδεῖν
1679 1487 1746 1522 πρὸς
1758 1487 1809 1518 τὰς

180 1533 332 1561 miseeudas
340 1534 376 1561 sit
386 1534 567 1568 appositus,et
580 1533 638 1560 foro
649 1534 686 1560 uti
698 1535 814 1567 noverit,
826 1535 907 1562 etiam
919 1535 969 1562 hoc

178 1579 255 1607 vafre
280 1580 460 1615 excogitasse,
479 1587 533 1614 quo
561 1579 742 1614 imperatores
765 1587 780 1607 a
795 1582 969 1609 resarcienda

149 1650 151 1658 ,
178 1626 324 1653 concordia
343 1627 490 1654 alieniores
516 1626 621 1658 reddat,
643 1631 671 1653 ut
689 1627 777 1661 ipsum
793 1627 898 1655 obsidis
909 1628 969 1656 loco

178 1673 314 1708 accipiat;
332 1673 464 1700 simulare
487 1674 571 1705 enim.
591 1682 646 1701 non
667 1681 696 1700 se
710 1673 794 1702 ﬁdere
810 1674 968 1710 imperatori

175 1722 293 1756 juniori,
307 1729 341 1748 ne
352 1721 421 1749 forte
438 1722 582 1754 exercitui,
602 1730 682 1757 quem
699 1722 734 1749 sit
746 1721 887 1756 suppetias
903 1722 969 1749 mis-

177 1775 269 1796 surus.
290 1767 447 1798 insidietur,
468 1774 588 1802 eumque
606 1768 755 1802 composita
784 1775 844 1794 cum
867 1766 968 1795 Cantau

178 1821 283 1840 cuzcno
298 1814 489 1840 controversia
510 1813 663 1848 disperdat.
681 1812 721 1840 0b
735 1813 788 1840 hoc
805 1818 833 1840 ut
850 1813 966 1840 Asancm

177 1858 301 1885 obsidem
316 1858 445 1892 accipiat,
472 1858 668 1893 imperatorem
697 1866 806 1893 urgere.
823 1858 874 1891 Qui
899 1867 969 1893 quo-

177 1904 252 1931 niam
277 1904 378 1931 bellum
404 1912 517 1932 movere
546 1905 685 1936 statuerit,
704 1904 878 1938 maximeque
904 1904 967 1931 Tri-

176 1951 313 1978 ballorum
338 1950 472 1977 auxilium
493 1955 614 1985 expetat,
643 1951 799 1977 necessario
824 1950 963 1977 annuisse.

176 1997 242 2030 Qua:
262 1997 454 2033 perpendenda
467 1998 533 2028 sint,
545 2001 572 2024 et
586 1997 750 2024 invenienda
764 1997 899 2028 machina,
912 2004 966 2030 qua

176 2043 229 2071 sibi
259 2049 287 2071 et
316 2043 445 2078 ρταιεοῐιιί
459 2050 552 2070 rerum
580 2042 731 2070 conditioni
758 2042 896 2070 consulat.
920 2041 965 2069 Sic

177 2090 215 2117 illi
242 2090 414 2125 probabilem
443 2089 567 2116 fraudem
597 2093 761 2116 nexuerunt.
777 2089 881 2116 Asanes
900 2088 965 2124 quia

176 2135 338 2170 imposturae
365 2134 448 2170 hujus
473 2138 533 2161 erat
563 2134 674 2161 nescius
694 2134 785 2169 (norat
813 2134 887 2160 enim
917 2141 964 2161 eos

1022 1535 1185 1569 συμϐάσεις.
1216 1534 1327 1569 Κραλην
1355 1534 1384 1561 δὲ
1404 1534 1600 1568 προθυμότατα
1629 1533 1679 1568 μὲν
1704 1533 1809 1559 ἐθέλειν

1022 1581 1128 1616 βασιλεῖ
1143 1581 1182 1616 τῷ
1197 1581 1249 1615 νέῳ
1263 1581 1429 1616 συμμαχεῖν,
1455 1580 1503 1607 καὶ
1527 1581 1619 1607 πᾶσαν
1636 1580 1707 1614 ὑπὲρ
1723 1579 1807 1606 αὐτοῦ

1020 1628 1067 1654 καὶ
1085 1627 1202 1662 σπουδὴν
1213 1626 1414 1658 ἐνδείκνυσθαι,
1429 1627 1476 1653 καὶ
1497 1626 1662 1662 προθυμίαν,
1675 1626 1762 1653 δεινὸν
1778 1626 1807 1651 δὲ

1019 1673 1083 1700 ὄντα
1098 1673 1268 1708 ταράξαικαὶ
1285 1672 1399 1707 συγχέαι
1411 1673 1574 1708 πράγματα,
1587 1674 1635 1699 καὶ
1650 1672 1805 1708 χρήσασθαι

1020 1719 1213 1755 προσηκόντως
1230 1719 1286 1750 τοῖς
1300 1719 1408 1754 καιροῖς
1427 1719 1476 1745 καὶ.
1489 1718 1561 1745 τοῦτ’
1586 1718 1806 1752 ἐπινενοηκέναι,

1019 1765 1052 1791 ἶν’
1065 1764 1231 1799 ἀσυμϐάτως
1255 1764 1356 1799 μᾶλλον
1372 1763 1445 1799 ἔχειν
1467 1764 1668 1799 παρασκευάσῃ
1681 1764 1742 1795 τοὺς
1759 1763 1808 1797 βα-

1020 1811 1120 1843 σιλέας,
1141 1810 1171 1837 τδ
1187 1811 1217 1836 σὲ
1230 1810 1384 1845 βούλεσθαι,
1400 1810 1495 1845 ὥσπερ
1510 1811 1614 1846 ὅμηρον
1629 1810 1724 1837 λαϐεῖν
1734 1818 1742 1826 ·
1759 1810 1806 1836 καὶ

1019 1857 1167 1882 σκέπτεται
1193 1856 1272 1890 δηθεν
1300 1857 1427 1884 ἀπιστεῖν
1446 1856 1484 1891 τῷ
1512 1857 1566 1892 νέῳ
1591 1855 1751 1892 βασιλεῖμὴ
1771 1857 1804 1890 τῇ

1018 1902 1133 1936 στρατιᾷ
1147 1901 1346 1933 ἐπιϐουλεύσει,
1367 1903 1399 1938 ἣν
1425 1902 1540 1938 παρέξει
1557 1902 1804 1937 συμμαχήσουσαν,

1018 1948 1063 1974 καὶ
1081 1947 1220 1982 διαφθερεῖ
1247 1948 1296 1980 τὰς
1311 1948 1441 1984 διαφορὰς
1456 1948 1655 1983 διαλυσάμενος
1670 1948 1738 1982 πρὸς
1752 1947 1802 1981 βα⁴

1019 1994 1104 2025 πλέα,
1117 1991 1154 2020 ὢν
1170 1994 1255 2020 ἕνεκα
1269 1994 1429 2029 ἐγκείμενος
1442 1994 1548 2029 βασιλεῖ
1557 1994 1595 2028 τῷ
1606 1994 1658 2028 νέῳ
1670 1993 1699 2020 σὲ
1711 1994 1804 2020 λαϐεῖν

1017 2041 1097 2068 αἰτεῖι
1113 2040 1244 2071 ῐὴσιλεὺς
1258 2040 1279 2066 δ’
1289 2040 1350 2066 ἐπεὶ
1367 2040 1438 2074 ἔγνω
1450 2040 1495 2066 τὸν
1508 2041 1627 2075 πόλεμον
1641 2040 1737 2070 κινεῖν,
1753 2040 1804 2073 μάν

1016 2087 1095 2113 λιστα
1109 2089 1141 2121 τῇ
1158 2087 1302 2122 Τριϐαλῶν
1325 2086 1474 2122 προσέχειν
1502 2088 1657 2122 συμμαχίᾳ,
1677 2086 1803 2112 συνέθετο

1016 2134 1047 2166 ἐξ,
1061 2134 1184 2168 ἀνάγκης
1207 2133 1350 2160 ἐκδιδόναι.
1376 2134 1411 2160 'A—
1438 2132 1605 2160 σκέπτεσθαι
1628 2132 1728 2167 χρεὼν,
1755 2132 1803 2158 καὶ

176 2180 292 2208 antehac
305 2181 498 2208 Cantacuzeno
511 2179 720 2213 deditissimos‘,
736 2186 763 2207 et
775 2179 839 2214 quia
854 2180 966 2214 insuper

1021 2179 1145 2214 μηχανήν
1162 2187 1223 2205 τινα
1243 2178 1422 2213 ἐξευρίσκειν,
1448 2178 1477 2211 ἐξ
1493 2177 1527 2215 ἦς
1557 2178 1638 2210 αὑτός
1663 2187 1692 2205 τε
1708 2179 1754 2204 καὶ
1768 2178 1803 2204 τὰ

176 2235 258 2254 aures
275 2227 335 2261 ejus
348 2226 507 2254 rumoribus
521 2225 555 2252 de
580 2225 664 2255 bello.
679 2225 753 2259 quod
767 2225 862 2261 junior
877 2225 966 2259 impe-

174 2277 250 2299 rator
277 2272 303 2298 in
319 2279 446 2299 socerum
473 2271 634 2304 parturiret,
667 2271 790 2305 undique
815 2271 966 2298 circumso-

175 2318 290 2350 nabant,
306 2317 389 2345 dictis
420 2317 501 2344 [idem
526 2316 728 2348 commodabat.
756 2321 784 2344 et
813 2316 965 2351 angebatur

175 2371 369 2398 magnopere,
405 2362 564 2397 amplasque
597 2362 664 2396 ipsis
697 2361 732 2389 de
772 2361 964 2389 benevolentia

173 2408 258 2443 319
268 2416 331 2443 erga
342 2408 534 2443 imperatorem
545 2407 766 2435 Cantacuzenum
781 2413 809 2434 et
821 2415 851 2435 se
864 2408 965 2442 gratias

174 2463 268 2490 agens,
286 2454 397 2481 modum
411 2451 516 2487 orabat,
529 2462 582 2489 quo
596 2454 802 2481 imminentibus
812 2462 872 2481 sese
886 2454 964 2481 malis

174 2499 303 2533 eriperet.
332 2498 371 2525 llli
393 2497 538 2530 amrinare,
556 2499 623 2525 nihil
647 2498 742 2525 utilius
765 2506 846 2533 quam
875 2499 964 2526 celer-

175 2544 245 2570 rime
261 2543 421 2578 Byzantium
437 2543 590 2574 discedere.
604 2548 634 2570 ut
650 2543 698 2578 qui
716 2543 752 2570 ita
765 2549 792 2570 et
809 2543 963 2577 periculum

174 2589 320 2624 ell'ugeret.
331 2594 359 2616 et
375 2589 535 2624 imperatori
548 2590 614 2624 quid
628 2593 767 2624 ageretur,
784 2595 936 2623 exponeret
955 2599 961 2617 :

173 2643 229 2669 quo
243 2636 265 2662 is
277 2635 360 2663 rebus
371 2635 530 2663 nutantibus
540 2636 701 2663 maturrime
713 2639 899 2668 succurreret,
912 2643 962 2662 nec

175 2680 257 2708 ullam
277 2681 421 2715 segnitiem
451 2681 641 2708 tarditatemve
659 2680 829 2708 admitteret.
848 2679 927 2712 Quod
939 2680 961 2707 si

171 2730 267 2765 junior
286 2730 436 2764 imperator
451 2738 514 2757 eum
538 2730 658 2757 retinere
674 2733 833 2760 conaretur,
858 2736 886 2756 se
901 2728 961 2755 abi-

175 2782 232 2803 tum
260 2776 378 2804 tideliter
398 2781 554 2808 curaturos,
571 2776 714 2803 hortantes
738 2775 827 2810 ipsum
846 2779 873 2802 et
899 2782 960 2802 sua-

174 2823 280 2858 dentes,
295 2831 329 2851 nc
342 2823 408 2859 quid
424 2830 472 2859 per
485 2823 538 2851 vim
555 2826 627 2858 agat,
647 2830 716 2850 neve
731 2821 896 2857 profectioni
911 2821 959 2849 3"-

1018 2225 1141 2260 παρὸντα
1154 2224 1307 2259 πράγματα
1332 2223 1542 2259 διασωθήσεται.
1564 2224 1679 2251 Ἐκεῖνοι
1695 2224 1745 2259 μὲν
1756 2220 1803 2250 οἶν

1017 2271 1088 2298 οὕτω
1100 2271 1216 2306 πιθανὴν
1232 2270 1468 2304 συσκευασάμενοι
1481 2270 1619 2304 προσῆγον
1634 2270 1682 2304 τὴν
1695 2270 1804 2295 ἐπιϐου-

1016 2317 1076 2352 λὴν.
1098 2317 1213 2351 ’Δσάνης
1227 2315 1255 2342 δὲ
1282 2315 1419 2350 ἀγνοήσας
1448 2315 1498 2349 τὴν
1520 2314 1649 2349 ἀπάτην·
1676 2314 1734 2349 ᾔδει
1749 2314 1803 2348 γὰρ

1017 2364 1138 2394 ἐκείνους
1153 2362 1286 2397 πρότερον
1301 2362 1335 2388 τὰ
1352 2360 1582 2396 Καντακουζηνοῦ
1607 2361 1655 2387 τοῦ
1671 2361 1803 2395 βασιλέως

1018 2410 1119 2445 μᾶλλον
1135 2409 1291 2444 ᾑρημένους
1303 2415 1310 2423 ⁸
1326 2407 1413 2439 ἄλλως
1422 2407 1446 2433 θ’
1455 2408 1495 2434 ὅτι
1507 2407 1554 2433 καὶ
1567 2407 1658 2441 φῆμαι
1671 2406 1802 2433 πάντοθ;ν

1016 2454 1204 2488 προσέπιπτον
1229 2453 1315 2488 αὐτῷ,
1345 2454 1392 2480 καὶ
1419 2452 1571 2488 βασιλεὺςό
1592 2454 1649 2483 νέος
1668 2453 1802 2487 ἐμηνύετο

1015 2500 1134 2533 πόλεμον
1160 2499 1303 2534 βούλεσθαι
1330 2499 1416 2525 κινεῖν
1447 2499 1516 2533 πρὸς
1537 2497 1654 2533 βασιλέα
1686 2499 1731 2525 τδν
1749 2508 1802 2533 κη-

1015 2548 1127 2581 δεστὴν,
1152 2545 1279 2572 ἐπίστευέ
1294 2553 1324 2571 τε
1348 2545 1405 2576 τοῖς
1427 2545 1595 2578 εἰρημένοις,
1611 2544 1658 2570 καὶ
1676 2544 1802 2578 σφοδρῶς

1015 2592 1187 2628 ἐθορυϐεῖτο·
1222 2592 1303 2626 χάριν
1333 2589 1372 2618 δὲ”
1397 2591 1498 2626 πολλὴν
1528 2590 1670 2625 ὁμολογῶν
1708 2591 1801 2621 αὐτοῖς

1014 2639 1064 2672 τῆς
1077 2639 1117 2668 εἰς
1133 2637 1246 2672 βασιλέα
1270 2637 1318 2663 καὶ
1340 2636 1422 2663 αὐτὸν
1451 2636 1568 2669 εὐνοίας,
1591 2636 1687 2662 ἔπειτα
1714 2636 1801 2662 ἐδεῖτο

1015 2685 1061 2711 καὶ
1074 2683 1176 2719 τρόπον
1191 2682 1350 2715 ὑποθέσθαι,
1367 2679 1396 2708 οἷ
1408 2683 1581 2717 τραπόμενος
1594 2682 1628 2709 τὰ
1644 2682 1802 2717 προσδοκώ-

1014 2737 1083 2763 μενα
1099 2727 1262 2761 ἐκφεύξεται
1278 2728 1361 2754 κακά.
1379 2727 1410 2753 Ol
1433 2727 1455 2753 δ’
1475 2727 1552 2754 οὐδὲν
1569 2727 1674 2762 ἔφασαν
1692 2726 1801 2754 λυσιτε-

1012 2775 1158 2809 λέστερον·Ι
1186 2774 1202 2808 ἦ
1229 2774 1344 2808 τάχιστα
1372 2774 1502 2809 ἀπαίρειν
1529 2774 1568 2805 εἰς
1588 2773 1799 2806 Βυζάντιον,ὠς

1013 2821 1069 2856 ἅμα
1095 2829 1123 2847 τε
1155 2821 1184 2847 ἐν
1207 2820 1296 2855 τούτῳ
1326 2820 1526 2857 ἑκφευξόμενον
1543 2821 1587 2847 τὸν
1604 2820 1736 2854 κίνδυνον,
1752 2820 1799 2846 καὶ
