1941 3088
109 137 160 175 E37

696 134 965 171 HISTORIARUM
985 138 1099 169 LIBER
1122 136 1168 168 ιν.

1684 131 1737 175 eas

113 204 173 230 πεῖν.
186 201 235 234 τὰς
246 201 324 234 ναῦς,
337 202 382 228 καὶ
397 200 551 236 χρήσασθαι
568 201 640 236 φυγῇ
657 201 723 235 πρὸς
743 200 890 235 σωτηρίαν.

944 197 1073 232 fugiendo
1087 197 1286 232 relinquerent.
1295 197 1446 232 Imperator
1454 206 1550 226 eorum
1559 199 1738 235 ignaviam,et

112 249 243 283 Τοιαύτην
269 249 298 276 δὲ
326 247 464 283 περιφανῆ
493 248 540 274 καὶ
567 248 723 282 θαυμασίαν
754 248 849 282 νίκην,
874 249 891 282 ἡ

112 295 238 330 ἀνανδρία
257 294 394 322 Νικολάου
413 294 551 329 διέφθειρε
567 295 614 321 καὶ
635 294 762 328 ἀτολμία.
782 294 814 321 El
839 294 892 329 γὰρ

111 341 230 367 ἐπείθετο
245 340 351 376 βασιλεῖ
362 339 573 375 συμϐουλεᾶοντι
590 341 646 371 τοῖς
661 339 800 374 πολεμίοις
813 341 893 366 ὲπελ-

107 386 164 414 Βεῖν
181 385 251 413 κατὰ
265 387 316 419 τὴν
337 385 496 420 ὑστεραίαν,
516 385 593 411 οὐδὲν
609 385 642 412 ἂν
665 385 778 417 ἐκώλυε,
795 386 845 417 τάς
863 394 893 412 τε

110 431 171 462 ναῦς
197 431 253 458 τῶν
280 431 418 465 πολεμίων
448 430 542 457 λαὸεϊν
571 430 691 462 ἁπάσας,
718 430 766 457 καὶ
794 431 891 461 αὐτοὺς

110 476 249 512 πολιορκίᾳ
263 475 431 511 διαφθείρειν
447 476 495 503 καὶ
507 476 591 511 λιμῷ.
610 476 678 502 Ὑπὸ
691 475 794 507 δειλίας
810 475 839 503 δὲ
861 476 891 502 τδ

109 520 236 552 τρόπαιον
263 520 362 554 στῆσαι
395 520 539 555 μονονουχὶ
571 519 732 547 καταλιπὼν
766 520 806 551 είς
832 529 892 547 τινα

109 564 212 598 λιμένα,
232 562 297 600 ἦ).οε
316 566 387 592 κατὰ
406 565 436 592 τὸ
463 565 567 597 στενὸν,
596 565 723 601 Θεραπέα
753 571 892 601 προσαγο-

111 611 256 644 ρευόμενον
271 611 423 646 ὲγχωρίως.
439 612 567 645 Παγανὴς
582 612 609 638 δὲ
629 612 642 638 ὁ
658 612 712 638 τῶν
728 612 892 639 Γεννουῖτῶν

111 655 272 689 στρατηγος,
295 655 390 681 οὐδένα
409 656 523 682 ἐπιόντα
547 655 678 691 πολέμιον
695 656 778 692 ὀρῶν,
806 665 892 691 παρε-

109 701 182 727 κάλει
199 700 247 734 τὴν
271 700 402 736 στρατιὰν
425 700 568 736 ἐμϐαίνειν
592 701 670 734 αὖθις
686 702 727 733 είς
742 701 792 733 τὰς
815 702 891 734 ναῦς,

109 747 152 772 xz".
173 746 211 781 μὴ
236 746 363 773 τοσοῦτον
387 747 616 782 καταπεπλῆχθαι
640 747 705 779 τοὺς
731 748 891 782 πολεμίους,

107 789 174 818 ὥστε
201 792 392 824 καὶκάπόντας
411 793 542 828 ὀρρωδεῖν
556 794 602 820 καὶ
618 794 730 828 φεύγειν
749 794 888 828 ἀγεννῶς·

108 835 174 861 ἀλλὰ
186 836 236 862 νῦν
248 837 299 871 μὲν
315 837 454 872 ὲμὸἀντας
471 839 511 869 είς
525 838 574 869 τὰς
597 838 663 870 ναῦς
677 838 825 874 καθῆσθαι,
845 838 889 865 ἶνα

947 243 1163 270 imbecillitatem
1173 252 1225 270 non
1239 243 1413 277 ignorans,ad
1422 244 1563 272 Nicolaum
1573 246 1736 280 mittit,hor-

945 293 1017 315 tatur
1039 288 1132 316 hostes
1157 297 1266 315 rursum
1280 289 1400 321 invadat,
1410 289 1554 317 victoriam
1565 291 1736 319 incruentam

943 333 1013 361 fore.
1026 334 1106 369 831
1124 333 1194 367 Quin
1210 334 1325 368 ipsemet
1345 335 1377 361 ad
1394 340 1515 369 portum,
1534 344 1614 370 quem
1633 337 1678 364 ille
1694 342 1735 365 te-

944 379 1036 411 nebat,
1050 379 1200 413 profectus,
1217 379 1328 410 fractas,
1344 385 1372 406 et
1384 379 1541 408 debilitatas
1555 381 1675 409 hostium
1694 383 1735 409 vi-

945 431 988 451 res
1000 424 1204 456 demonstrans,
1217 431 1251 452 eo
1266 425 1341 451 illum
1355 425 1508 459 perducere
1519 426 1667 454 nitebatur.
1680 427 1734 455 Sed

944 470 1020 497 nulla
1047 475 1107 497 erat
1135 475 1188 497 tam
1220 470 1333 497 evidens
1356 478 1387 498 ac
1412 472 1565 500 necessaria
1596 473 1733 507 probatio,

944 523 1004 550 quae
1019 515 1158 543 hominem
1175 517 1354 544 convinceret
1369 527 1376 544 :
1395 517 1473 552 cujus
1487 518 1616 553 cogitatio
1631 519 1657 546 in
1681 519 1733 547 hoc

944 561 1033 588 solum
1055 562 1279 595 consumebatur,
1297 564 1434 597 quomodo
1454 564 1611 592 conﬂictum
1630 565 1732 601 cll‘uge-

945 612 998 638 ret,
1012 607 1128 635 imbellis
1140 612 1167 635 et
1177 606 1258 636 alieni
1271 610 1353 636 animi
1370 611 1495 638 suivelut
1510 612 1645 646 quoddam
1655 620 1732 639 man-

945 653 1039 680 tellum
1060 653 1187 681 habentis
1211 655 1417 687 vulnuscnlum,
1434 657 1505 691 quod
1526 657 1553 684 in
1581 658 1732 684 certamine

944 703 1098 734 acceperat.
1114 699 1266 734 Imperator
1277 700 1442 728 intolerabili
1460 702 1564 729 dolore.
1579 706 1606 729 et
1621 702 1731 730 iracun-

944 744 988 771 dia
999 745 1190 779 exardesccre,
1213 751 1267 773 tam
1286 747 1443 781 pneclaram
1458 747 1604 782 victoriam
1621 756 1668 782 per
1683 749 1733 775 Νί-

943 791 1052 819 colaum
1080 793 1179 825 amitti,
1213 800 1294 826 quem
1312 793 1451 827 precibus,
1482 794 1608 828 quamvis
1625 795 1729 827 nmltis,

943 833 1100 872 expugnare
1114 845 1168 864 non
1185 838 1331 873 potuisset.
1343 839 1399 866 Nec
1415 840 1505 866 minor
1520 844 1579 867 erat
1592 840 1669 867 ducis
1677 840 1732 869 Ca.-

109 879 144 914 μὴ
184 880 344 907 παντάπασι
381 880 483 908 δοκοῖεν
518 882 753 917 ἀπηγορευκέναι.
783 884 832 910 Ἂν
871 875 890 909 δῖ

947 882 1098 909 talanorum
1120 883 1281 918 indignatio,
1303 884 1376 918 quod
1400 885 1501 912 talibus
1520 886 1629 920 tropaais
1643 893 1657 912 a
1676 887 1731 914 col-

107 925 234 957 ιπιόντας
258 926 340 952 ίδοιεν
361 927 424 958 τοὺς
451 922 609 961 πολεμίους,
627 927 682 954 οὐδ’
698 929 782 954 αὐτὸν
802 928 891 955 κωλὺ-

108 980 163 998 σειν
185 972 321 1003 σώζεσθαι
344 972 508 1008 γενομένους
527 974 604 1005 ἐντὸς
623 974 732 1009 τειχῶν.
747 974 828 1002 Οὕτω
840 975 891 1010 μὲν

107 1017 184 1049 αὖθις
215 1017 322 1049 ἔπειθε,
347 1019 395 1044 καὶ
424 1019 567 1054 εἰσήγοντο
595 1019 624 1045 ἐν
650 1022 711 1051 ταῖς
738 1019 890 1055 τριήρεσιν,

106 1063 262 1099 ὡρμίσαντό
285 1072 315 1090 τε
337 1062 391 1098 πρὸ
415 1063 463 1090 τοῦ
485 1064 616 1099 φρουρίου
646 1064 758 1100 γνώμην
782 1066 891 1102 ἔχοντες

106 1109 142 1140 ὼς
169 1109 203 1143 ἦν
229 1104 332 1135 ιπίοιεν
360 1109 384 1135 οί
415 1108 560 1143 πολέμιοι,
588 1109 619 1135 οὺ
649 1111 890 1145 ναυμαχήσοντες,

106 1154 173 1181 ἀλλὰ
200 1154 384 1190 προησόμενοι
422 1154 478 1185 τοῖς
512 1154 652 1188 πολεμίοις
680 1155 729 1186 τὰς
756 1155 890 1191 τριήρεις.

106 1198 238 1230 Βασιλεὺς
271 1198 300 1225 δὲ
328 1198 377 1233 τὴν
414 1198 549 1231 ἀτολμίαν
585 1199 633 1225 καὶ
667 1199 813 1226 ἀσθένειαν
842 1201 891 1226 οὐκ

106 1245 213 1280 ἀγνοῶν
245 1245 299 1272 τῶν
333 1244 486 1280 πολεμίων,
519 1245 637 1280 πέμπων
675 1254 705 1271 τε
741 1246 891 1281 παρεκάλει

105 1293 149 1319 τὸν
168 1291 302 1319 Νικόλαον
326 1292 373 1318 ἐπὶ
404 1292 469 1322 τοὺς
502 1291 647 1326 πολεμίους
684 1291 763 1327 ἥκειν
801 1292 889 1324 αὖθις.

105 1338 143 1369 ὡς
181 1338 318 1372 ἀναιμωτὶ
357 1338 408 1372 τῆς
436 1337 514 1372 νίκης
544 1336 691 1372 ἐσομένης,
727 1338 774 1364 καὶ
809 1338 891 1370 αὐτος

104 1384 252 1418 γενόμενος
268 1383 336 1418 πρὸς
367 1382 405 1418 τῷ
439 1382 530 1418 λιμένι
556 1379 578 1417 ᾧ
599 1383 757 1418 ὡρμίζετο,
788 1383 892 1410 πείθειν

103 1429 252 1465 ἐπεχείρει.
278 1430 327 1463 τὴν
342 1429 484 1456 ἀσθένειαν
518 1427 572 1455 τῶν
607 1429 744 1463 πολεμίων
772 1422 893 1455 exesae-

104 1484 170 1502 κων.
212 1475 241 1501 '0
266 1473 289 1501 δ’
321 1475 454 1510 ἀήττητος
484 1471 518 1510 ἦν
552 1474 620 1510 πρὸς
648 1475 737 1501 πᾶσαν
769 1474 892 1509 ᾱιάγκην

103 1523 153 1556 τὴν
180 1522 213 1547 ἐκ
235 1521 340 1555 λόγων·
368 1520 437 1547 ἀλλὰ
458 1520 538 1547 τοῦτο
567 1521 647 1556 μόνον
671 1520 794 1553 ἐσκόπει,
817 1521 892 1552 ὅπως
905 1540 926 1569 c

107 1568 146 1602 μὴ
174 1565 251 1598 αὖθις
280 1566 424 1601 συμμίξειε
440 1566 495 1598 τοῖς
518 1565 667 1600 πολεμίοις,
689 1565 740 1600 τῆς
759 1566 890 1600 ἀτολμίας

102 1613 133 1638 δὲ
160 1612 209 1639 καὶ
224 1611 391 1646 φαυλότητος
411 1610 506 1645 ὥσπερ
525 1610 712 1645 προκάλυμμα
731 1610 779 1637 καὶ
804 1611 889 1645 τραῦ-

104 1659 145 1693 μά
165 1667 191 1684 τι
213 1658 311 1693 μικρδν
331 1655 414 1692 εἶχεν,
434 1656 448 1683 ὃ
462 1656 533 1684 κατὰ
545 1655 595 1691 τὴν
616 1657 706 1692 μάχην
723 1657 891 1692 ὲτραυματί-

103 1704 167 1739 σοη.
186 1704 316 1735 Βασιλεὺς
329 1703 357 1730 δὲ
372 1703 467 1736 ἠνιᾶτο
481 1703 530 1737 μὲν
543 1702 594 1730 οὐκ
617 1703 749 1736 ἀνεκτῶς,
768 1704 812 1730 καὶ
826 1703 886 1738 ὠρ-

102 1749 197 1783 γίζετο
221 1747 351 1782 τοιαύτης
366 1747 443 1782 νίκης
457 1747 644 1782 ἀπολλυμένης
671 1747 722 1773 ὑπὸ
740 1748 887 1779 Νικολάου,

102 1794 209 1821 πείθειν
222 1793 250 1821 δὲ
264 1794 314 1820 οὒκ
325 1791 382 1828 εἶχε
400 1793 484 1819 πολλὰ
500 1792 676 1827 παρακαλῶν.
691 1793 747 1828 Οὐχ
769 1791 850 1829 ἦττον
861 1794 889 1820 δὲ

103 1849 142 1868 κα
173 1840 254 1867 ὁτῶν
269 1840 433 1866 Κατελὰνων
458 1839 606 1873 ἠγανάκτει
631 1839 741 1874 ἡγεμὼν
769 1841 889 1874 συνορῶν

102 1886 170 1913 οἴων
183 1885 237 1912 ὑπὸ
251 1884 299 1911 τοῦ
316 1884 497 1920 συνάρχοντος
508 1884 647 1919 τροπαίων
662 1884 889 1918 ἀποστεροῦνται,

102 1931 208 1964 ἔφασκέ
223 1938 253 1957 τε
268 1931 336 1966 πρὸς
359 1930 471 1965 βασιλέα
487 1930 610 1965 ἀνάγκην
623 1931 695 1963 ἔχειν
709 1922 824 1957 ἕπεσθαι
838 1931 888 1957 Νι-

103 1976 209 2011 κολάῳ,
228 1976 275 2003 καὶ
292 1977 374 2011 μηδὲν
388 1975 403 2002 ὅ
420 1977 457 2011 μὴ
475 1975 594 2010 κάκείνῳ
606 1975 680 2001 δοκεῖ
692 1975 790 2007 ἐξεῖναι
804 1976 890 2010 πράτ-

102 2030 171 2048 τειν.
189 2021 268 2047 Οὕτω
290 2023 321 2054 γῖ
329 2029 345 2055 ρ
361 2018 430 2047 εἶναι
455 2020 693 2054 προστεταγμένον
717 2020 790 2054 αὐτῷ
814 2020 889 2054 παρά

103 2066 191 2101 ρηγὺς
204 2066 252 2092 τοῦ
270 2067 345 2100 σφῶν
356 2065 498 2092 δεσπότου.
516 2065 548 2091 El.
560 2065 588 2091 δὲ
604 2065 642 2100 μὴ
654 2065 754 2100 ταύτην
768 2063 825 2100 εἶχε
839 2065 889 2101 τὴν

102 2112 241 2146 ἀνάγκην,
260 2111 310 2137 οὐκ
337 2111 369 2138 ἂν
393 2111 488 2146 ἐδεήθη
506 2110 642 2137 Νικολάου
658 2110 727 2145 πρὸς
752 2110 800 2146 τὴν
817 2111 888 2138 κατὰ

102 2158 161 2184 τῶν
177 2156 312 2192 πολεμίων
332 2155 426 2190 ἔφοδον
439 2163 448 2172 ⁸
464 2155 522 2182 ἀλλ’
543 2156 600 2190 ἃμα
615 2157 675 2187 ταῖς
692 2156 824 2190 βασιλέως
843 2157 889 2191 μό-

943 928 1001 962 lega
1019 929 1174 962 privaretur
1187 938 1193 956 :
1209 929 1371 964 dicebatque
1385 929 1555 964 imperatori,
1570 932 1627 966 cogi
1641 939 1669 960 se
1681 933 1728 960 Ni-

942 973 1049 1000 colaum
1065 973 1155 1008 sequi,
1169 982 1220 1001 nec
1237 982 1316 1008 posse
1331 974 1480 1010 quidquam
1502 977 1592 1002 lacere.
1608 977 1653 1004 illo
1672 985 1726 1004 non

943 1018 1085 1052 probante.
1100 1018 1144 1046 Sic
1157 1018 1229 1045 enim
1244 1019 1296 1046 sibi
1311 1027 1325 1046 a
1339 1027 1401 1055 rege
1415 1027 1466 1047 suo
1481 1021 1652 1055 imperatum.
1663 1022 1728 1055 Quae

942 1063 1094 1091 necessitas
1107 1063 1160 1090 nisi
1179 1064 1390 1098 intercessisset,
1405 1059 1518 1092 Nicolao
1531 1067 1562 1093 ad
1576 1067 1669 1094 hostes
1682 1076 1729 1102 ag-

941 1108 1110 1143 grediundos
1131 1117 1200 1144 opus
1223 1117 1279 1136 non
1297 1109 1391 1142 fuisse,
1407 1111 1528 1139 voluisse
1543 1120 1573 1140 se
1593 1120 1648 1140 una
1664 1121 1726 1141 cum

941 1153 1127 1188 imperatoriis
1149 1159 1255 1182 tantum
1273 1156 1434 1184 triremibus
1455 1157 1482 1184 in
1503 1166 1552 1186 eos
1573 1159 1726 1192 incurrere.

941 1204 969 1227 et
983 1201 1104 1228 secundo
1116 1207 1201 1229 marte
1215 1210 1272 1229 rem
1286 1210 1392 1236 gerere,
1410 1211 1524 1231 suorum
1544 1204 1686 1238 virilitate,
1700 1211 1728 1233 et

942 1246 1128 1273 Romanorum
1143 1247 1244 1274 virtute
1256 1248 1400 1280 conlisum,
1417 1256 1487 1283 quos
1500 1250 1727 1287 animosissimos.

942 1291 1070 1326 belloque
1084 1292 1326 1319 exercitatissimos
1336 1293 1488 1328 judicabat.
1506 1294 1633 1322 Senticns
1646 1295 1729 1330 igitur

944 1335 1094 1370 imperator
1111 1344 1206 1370 pugnae
1220 1337 1341 1369 avidum.
1356 1338 1479 1366 currenti
1491 1339 1582 1367 calcar
1594 1341 1680 1370 addit,
1700 1348 1729 1368 et

942 1381 1083 1408 Nicolaum
1103 1381 1195 1409 denuo
1216 1382 1327 1410 ﬂectere
1344 1389 1472 1411 attentat.
1494 1385 1619 1420 Cumque
1646 1387 1728 1414 etiam

943 1427 1136 1455 Catalanorum
1152 1427 1250 1455 ductor
1266 1429 1439 1462 imperatoris
1452 1431 1616 1458 sententiam
1632 1431 1727 1459 lauda-

944 1479 995 1504 ret,
1026 1479 1188 1508 rogaretque
1215 1479 1246 1501 ιιι
1263 1476 1336 1501 bene
1363 1475 1489 1502 suadenti
1514 1475 1726 1510 obseeundaret,

945 1519 990 1546 ille
1008 1519 1097 1546 cuivis
1119 1520 1241 1546 sermoni
1260 1520 1361 1554 potius,
1383 1528 1464 1555 quam
1486 1521 1520 1548 de
1540 1530 1628 1556 pugna
1646 1531 1727 1551 aures

943 1563 1102 1596 adhibebat,
1118 1563 1263 1599 palamque
1278 1565 1446 1597 detrectans,
1467 1566 1506 1593 sic
1525 1567 1630 1594 otiosus
1644 1569 1726 1603 paulo

943 1609 1006 1644 plus
1021 1609 1130 1644 triginta
1137 1609 1196 1637 dies
1205 1610 1383 1645 transigebat.
1397 1612 1515 1639 Catalani
1533 1613 1610 1640 linito
1623 1615 1727 1648 praelia,

944 1655 1112 1688 vulneratos,
1125 1661 1259 1690 quotquot
1274 1661 1362 1686 erant.
1380 1661 1407 1684 et
1419 1665 1505 1692 aegros
1521 1659 1655 1693 plurimos
1671 1665 1727 1687 sta-

944 1701 992 1727 tim
1026 1701 1185 1736 Byzantium
1215 1701 1398 1734 deduxerunt,
1426 1711 1495 1737 quos
1522 1704 1643 1740 Byzantii
1659 1707 1727 1734 mira

945 1746 1115 1773 humanitate
1132 1751 1310 1781 exceperunt,
1331 1752 1359 1774 et
1381 1748 1461 1781 fanie,
1478 1756 1510 1776 ac
1527 1749 1627 1784 frigore
1647 1759 1728 1786 pu‘ue

945 1795 1078 1823 mortuos,
1101 1791 1233 1827 singulari
1251 1792 1420 1827 benignitate
1433 1800 1609 1828 curaverunt,
1626 1804 1728 1832 suppe-

944 1837 1039 1865 ditatis
1055 1837 1218 1864 necessariis
1244 1837 1412 1866 indumentis
1440 1844 1467 1866 et
1486 1840 1595 1868 auxiliis
1607 1842 1640 1869 ad
1656 1843 1726 1869 saui-

945 1888 1028 1911 tatem
1042 1883 1181 1916 omnibus,
1192 1883 1237 1918 qui
1251 1891 1305 1910 non
1318 1884 1372 1919 jam
1384 1885 1500 1912 confecti
1515 1893 1547 1913 ac
1559 1888 1656 1920 perditi
1675 1889 1728 1916 ibi-

944 1929 1007 1956 dcm
1020 1929 1276 1964 exstinguebantur.
1292 1929 1394 1958 Nieolai
1406 1938 1471 1959 vero
1485 1937 1586 1959 tantam
1602 1933 1727 1962 inhuma~

944 1976 1069 2007 nitatem.
1106 1975 1354 2011 crudelitatemque
1396 1976 1622 2012 detestabantur,
1653 1981 1726 2016 quod

943 2020 1095 2047 exercitum
1121 2020 1219 2048 robore
1242 2020 1396 2053 ﬂorentem,
1428 2030 1517 2057 pugna
1542 2025 1726 2058 tritissimum,

944 2071 972 2094 et
997 2074 1012 2093 a
1031 2066 1088 2093 suis
1110 2066 1274 2093 strenuitate
1296 2067 1444 2102 plurimum
1466 2068 1638 2098 diﬂ‘erentem
1664 2079 1726 2098 cum

944 2112 1153 2147 absumpsisset,
1179 2112 1254 2139 velut
1283 2113 1438 2140 voluntaria
1463 2121 1533 2141 -cunt
1562 2116 1726 2150 negligentia

944 2162 1112 2188 enervasset,
1128 2165 1159 2184 ac
1173 2157 1412 2191 perdidisse‘t.‘Per
1424 2160 1545 2187 aestatem
1563 2161 1636 2188 enim
1650 2169 1664 2189 e
1677 2169 1726 2189 sua

105 2211 167 2235 ναις
192 2203 226 2229 ἂν
256 2202 417 2237 ἔπεχείρησε
435 2203 482 2229 καὶ
498 2200 664 2236 κατώρθωσε
686 2202 717 2227 τὺ
743 2202 832 2236 ἔργον,
857 2203 890 2238 τῇ

946 2204 1057 2239 regione
1088 2203 1214 2238 profecti,
1242 2205 1401 2239 opinatique
1429 2205 1503 2233 brevi
1528 2211 1648 2242 tempore
1680 2214 1728 2235 aut

101 2257 134 2275 τε
156 2249 212 2274 τῶν
231 2248 370 2282 σφετέρων
393 2247 523 2282 εὐτολμίᾳ
551 2246 701 2279 πεποιθὼς,
721 2247 768 2273 καὶ
793 2248 888 2282 ἀρετῇ,

102 2303 153 2321 και
181 2295 215 2329 τῇ
259 2293 401 2328 Ῥωμαίων
415 2299 423 2309 ·
452 2292 643 2327 εὑτολμότατοι
668 2292 723 2328 γὰρ
751 2292 890 2328 ἐφάνησαν

103 2339 181 2374 αὐτῷ
218 2339 266 2366 καὶ
294 2339 487 2374 ἐμπειρότατοι
514 2338 584 2365 κατὰ
615 2338 664 2373 τὴν
699 2339 799 2373 μάχην.
843 2339 890 2365 Αί-

106 2387 240 2421 σθόμενος
255 2385 283 2412 δέ
296 2387 310 2412 ὀ
324 2385 463 2418 βασιλεὺς,
477 2384 525 2411 καὶ
539 2384 620 2411 αὑτὸν
635 2383 800 2420 ὡρμημένον
824 2384 892 2418 πρὸς

102 2433 156 2467 τὴν
174 2432 276 2467 μάχην,
297 2431 396 2466 μᾶλλόν
419 2439 448 2457 τε
472 2431 612 2466 ἐπέρρωσε
637 2430 727 2464 λόγοις
751 2430 893 2465 παρακλη-

104 2479 206 2511 τικοῖς,
231 2469 279 2504 altat
293 2476 424 2504 Νικόλαον
455 2476 532 2508 αὖθις
549 2476 685 2512 ἐπεχείρει
701 2474 817 2507 πείθειν,
845 2475 892 2501 καὶ

102 2523 156 2550 τοῦ
170 2523 335 2550 Κατελάνων
348 2523 478 2558 ἄρχοντος
494 2522 544 2557 τὴν
568 2522 681 2556 γνώμην
705 2520 891 2552 ἐπαινοῦντος,

103 2570 156 2596 καὶ
169 2569 298 2604 δεομένου
312 2567 454 2595 πείθεσθαι
472 2567 511 2603 τῷ
529 2567 635 2602 βασιλεῖ
648 2566 683 2593 τὰ
707 2565 805 2602 βελτίω
821 2574 892 2601 συμ-

104 2614 277 2642 6ουλεύοντι.
299 2614 328 2640 '0
344 2614 373 2641 δὲ
388 2615 455 2641 πᾶσι
473 2614 561 2648 λόγοις
588 2613 698 2648 μᾶλλον,
715 2612 732 2647 ἢ
758 2612 813 2643 τοῖς
829 2613 894 2647 περὶ

107 2660 203 2695 μάχης
220 2660 333 2695 ὑπεῖχεν
366 2660 450 2692 ἀκοάς
465 2667 473 2675 ·
492 2659 550 2687 ἀλλ’
580 2658 738 2693 ἀπηγόρευε
756 2658 893 2693 φανερῶς,

103 2707 156 2732 καὶ
175 2707 306 2741 διήγαγεν
321 2705 407 2737 οὕτως
424 2705 573 2740 ἁπρακτῶν
597 2704 680 2738 ὀλίγω
695 2703 806 2734 πλείους
822 2703 895 2738 ἡμεο

107 2752 165 2786 ρῶν
182 2752 341 2786 τριάκοντα.
372 2751 523 2778 Κατελάνοι
540 2750 569 2776 δὲ
582 2749 663 2780 εὐθὺς
693 2748 763 2783 μετὰ
777 2748 826 2783 τὴν
842 2748 894 2783 μά-

107 2805 174 2831 χην,
189 2798 254 2828 τούς
274 2805 303 2823 τε
316 2797 498 2832 τραυματίας,
515 2797 574 2822 ὅσοι
586 2793 666 2830 ἦσαν,
683 2795 730 2821 καὶ
745 2794 808 2825 τοὺς
822 2802 895 2821 νενο-

108 2843 240 2876 σηκότας,
256 2842 432 2878 παμπόλλους
451 2842 542 2875 ὄντας,
562 2841 663 2877 ἤγαγον
680 2840 720 2872 εἱς
737 2839 894 2871 Βυζάντιον.

943 2256 1063 2276 casuros
1077 2248 1238 2281 hostem,‘si
1265 2250 1370 2277 ineunt
1391 2250 1555 2285 inciderent,
1580 2257 1628 2280 aut
1641 2254 1674 2281 ab
1694 2262 1727 2281 eo

943 2301 1043 2322 caesum
1061 2293 1094 2320 iri
1103 2293 1162 2329 (tali
1177 2294 1278 2329 quippe
1290 2295 1387 2330 spiritu
1401 2297 1548 2324 militatum
1566 2298 1664 2332 ibant),
1679 2293 1726 2326 nc-

943 2348 996 2375 que
1015 2344 1110 2367 vestes
1125 2347 1233 2367 crassas
1253 2341 1287 2368 ad
1309 2341 1395 2374 frigus
1419 2342 1532 2370 hiberna
1552 2345 1725 2379 expeditione

944 2384 1158 2417 defendendum,
1172 2393 1261 2420 neque
1278 2391 1460 2414 commeatum
1476 2388 1655 2417 sullicientem
1672 2391 1725 2418 sibi

944 2432 1132 2466 providerant,
1164 2431 1211 2459 sed
1238 2432 1348 2459 tenuius
1374 2433 1410 2460 ab
1439 2438 1556 2469 utroque
1586 2434 1725 2469 instructi,

946 2484 1021 2504 mare
1040 2477 1269 2505 conscenderant.
1286 2478 1367 2513 832
1388 2478 1527 2506 Nicolaum
1547 2484 1636 2508 autem
1659 2485 1728 2508 tem-

945 2529 996 2556 pus
1013 2522 1082 2549 male
1106 2521 1250 2554 ferentem,
1267 2522 1425 2558 insulasque
1436 2524 1726 2560 circumnavigantem,

945 2571 973 2593 et
984 2574 1040 2601 prae
1052 2566 1159 2602 ignavia
1176 2574 1292 2601 pugnam
1305 2567 1483 2600 devitantem,
1498 2576 1560 2595 cum
1578 2569 1729 2603 impensius

945 2617 1066 2643 erantes.
1080 2612 1206 2639 obtinere
1226 2611 1260 2639 ab
1270 2619 1304 2639 eo
1322 2613 1480 2647 nequirent,
1497 2619 1526 2640 ut
1541 2614 1616 2648 ipsos
1637 2614 1663 2641 in
1683 2616 1730 2641 lio-

945 2662 1027 2691 stem,
1043 2657 1148 2684 validos
1163 2657 1254 2684 adhuc
1270 2662 1298 2685 et
1323 2658 1455 2692 vigentes,
1476 2659 1589 2687 duceret
1616 2659 1684 2695 (qui,
1696 2667 1730 2694 pe

945 2711 1021 2739 spem
1045 2704 1125 2738 longe
1143 2705 1333 2738 superaturos)
1357 2711 1385 2732 et
1404 2704 1533 2732 alimenta
1557 2705 1613 2740 jam
1633 2706 1730 2732 deesse

946 2749 1109 2784 inciperent,
1125 2749 1172 2776 ille
1187 2750 1351 2776 necessitate
1367 2750 1542 2781 constrictus,
1551 2755 1737 2784 metuensque

947 2803 980 2823 ne
997 2803 1050 2830 prae
1065 2799 1185 2830 egestate
1201 2795 1347 2822 interirent
1364 2803 1488 2830 prorsus,
1513 2796 1596 2831 jussit
1619 2795 1729 2829 cuique,

948 2845 976 2868 et
991 2841 1081 2875 militi,
1103 2845 1130 2868 et
1146 2840 1243 2875 remigi
1260 2839 1403 2868 dimidium
1420 2840 1580 2869 alimentum
1601 2839 1731 2876 praeberi,
