1941 3088
198 113 250 145 275

176 196 179 197 ,
198 172 309 204 sissent,
325 171 352 200 lit
367 173 448 208 853
464 174 606 208 occupatis
623 174 786 208 quibusdam
801 175 926 207 urbibus,
949 182 975 202 et
992 177 1014 205 Δ

198 221 275 250 parte
290 219 406 252 quadam
424 219 458 246 de
474 223 532 245 toto
550 219 665 254 imperio
689 220 794 252 avulsa,
812 227 892 247 suum
922 220 974 247 sibi

198 261 381 295 principatum
408 263 565 289 institueret
579 271 585 289 :
599 271 648 290 nee
670 263 756 290 amori
776 269 890 298 paterno
912 271 976 292 suc-

198 307 291 339 cubui,
306 315 355 335 nec
369 307 502 336 dissolute
529 313 557 336 et
569 309 719 337 oscitanter
737 310 763 336 in
787 310 839 337 hoc
854 311 975 345 negotio,

198 354 276 387 quasi
291 354 405 386 minuto,
419 362 469 381 nec
482 355 615 389 singulari
642 363 707 383 cura
733 356 816 390 digno
835 364 876 383 me
890 357 974 391 gessi,

198 399 246 425 sed
260 400 426 427 omnimodis
446 401 594 434 elaboravi,
625 402 754 429 ut.[ilium
780 410 795 429 a
813 403 908 437 coeptis
923 403 976 429 illi-

199 445 260 471 citis
275 445 450 477 abducerem.
465 451 493 474 et
510 447 591 474 missa
609 448 720 482 insuper
746 448 806 483 ejus
830 454 927 480 matre,
946 452 976 475 ut

199 489 278 516 novis
291 485 373 517 rebus
390 492 583 526 supersedens,
598 493 676 524 mihi.
704 497 731 520 et
745 501 844 527 genero
858 493 976 528 impera-

200 535 252 560 tori
267 542 296 561 se
312 539 371 562 tuto
387 535 547 571 subji'cerel,
577 538 687 572 perfeci.
716 539 803 573 Atque
821 539 974 565 istiusmodi

198 580 338 613 complura
354 588 398 608 me
414 589 522 616 seraper
537 582 705 616 praestitisse,
731 583 778 617 qui
793 583 974 618 indagarerit,

199 626 330 653 Inveniet.
345 626 382 653 Ex
395 627 494 661 quibus
505 628 655 655 clarissime
668 629 763 663 liquet,
779 636 820 655 me
833 636 881 655 nec
892 629 975 660 facto,

198 677 251 698 nec
277 672 442 707 cogitatione
465 681 580 706 ausum,
609 674 682 701 unde
705 675 839 709 quispiam
867 675 973 709 opinari

199 721 292 750 queat,
314 725 356 744 me
373 718 449 744 illum
463 718 578 753 imperio
593 715 712 754 spoliare
726 721 805 751 velle,
829 720 894 754 quin
909 728 975 747 cou-

200 763 313 789 trarium
331 764 433 798 potius,
448 772 546 799 nempe
563 773 604 792 me
631 766 656 792 id
684 774 774 800 agere,
803 771 831 792 ut
856 766 975 800 idipsum

200 806 239 833 illi
257 807 325 834 bene
344 815 482 840 securum,
506 817 537 836 ac
558 810 655 836 stabile
673 814 841 844 permaneat.
869 811 904 837 At
931 811 975 838 ille

199 860 371 887 nequaquam
396 862 488 889 parem
516 855 582 882 mihi
612 856 732 887 animum
757 864 899 884 remensus
924 862 974 883 est.

199 899 266 926 Nam
283 899 484 928 Thessalonicae
500 909 514 928 a
531 910 573 928 me
590 902 712 933 relictus,
739 907 767 929 ut
783 903 841 937 ejus
857 903 977 929 civita‘lis

198 950 301 979 custos,
313 946 399 973 donec
414 951 523 981 paratus
533 951 561 974 et
573 947 721 974 instructus
732 948 860 979 rediretur,
877 949 976 975 malum

199 991 340 1017 custodem
356 991 420 1026 egit.
440 991 579 1026 Siquidem
602 993 759 1020 hominibus
783 993 924 1027 improbis,
947 1001 978 1021 ac

200 1035 328 1068 nefariis,
349 1041 377 1063 et
400 1037 490 1064 lucelli
516 1038 603 1072 gratia
628 1046 681 1064 non
704 1038 791 1065 solum
819 1038 976 1065 universum

200 1080 352 1107 Romanum
368 1081 523 1115 imperium.
556 1082 603 1110 sed
634 1082 722 1117 ipsum
746 1090 865 1117 quoque,
889 1083 933 1109 cui
950 1083 977 1109 in

201 1127 252 1153 hoc
280 1127 420 1154 retinendo
443 1128 553 1155 studere
588 1128 753 1155 videbantur
782 1129 974 1162 prodentibus,

200 1173 368 1204 auscultans,
383 1173 448 1200 mihi
465 1181 519 1200 non
531 1174 735 1201 dissimulanter
746 1175 848 1201 bellum
865 1175 976 1202 intulit:

200 1217 248 1251 qui
265 1217 333 1244 nihil
350 1225 404 1244 non
421 1218 563 1250 faciebam,
590 1226 645 1253 quo
658 1219 802 1252 imperium
821 1220 844 1245 ei
861 1219 976 1249 beatius,

201 1268 282 1296 atque
299 1262 381 1290 latius
394 1263 546 1294 redderem,
570 1269 704 1298 ruptoque
718 1264 789 1298 quod
811 1271 916 1291 mecum
936 1265 979 1291 in-

201 1308 359 1337 tercedebat
378 1308 500 1341 fuzdere,
530 1316 590 1336 cum
616 1309 694 1337 Crale
715 1310 872 1337 societatem
885 1316 979 1344 pactus

200 1359 252 1386 est,
277 1359 380 1381 tantum
404 1359 433 1381 nt
456 1362 498 1382 me
525 1355 566 1381 sui
588 1355 804 1382 amantissimum
831 1357 977 1384 cruciaret.

201 1402 240 1428 lbi
258 1407 312 1428 tum
325 1409 374 1435 ego
391 1409 444 1427 nou
462 1401 552 1427 statim
567 1401 600 1427 ad
623 1401 809 1428 ulciscendum
829 1402 977 1439 insurrexi,

200 1455 289 1482 neque
307 1455 395 1474 meum
411 1454 475 1482 erga
499 1446 575 1473 illum
593 1455 713 1474 amorem
730 1447 854 1474 funditus
867 1447 954 1482 abjeci
971 1456 977 1473 :

200 1494 247 1520 sed
264 1494 369 1528 culpam
386 1501 494 1521 omnem
517 1495 543 1521 in
565 1493 729 1528 impnlsores
746 1493 852 1527 conieci
869 1501 874 1519 :
891 1494 914 1520 ei
931 1501 979 1520 au-
993 1511 1014 1540 ϐ

201 1545 256 1567 tem
285 1547 339 1566 non
371 1540 406 1566 ob
436 1545 543 1567 aetatem
574 1539 666 1571 modo,
695 1539 836 1566 hominum
863 1546 977 1574 nequam

202 1585 333 1620 strophis,
350 1590 377 1612 et
393 1585 536 1612 fraudibus
555 1585 632 1612 valde
649 1590 842 1620 opportunam,
867 1585 924 1616 sed,
951 1589 980 1611 ut

201 1635 295 1655 verum
309 1627 409 1660 dicam,
425 1628 559 1656 eharitate
576 1629 674 1662 victus,
699 1630 812 1656 omnino
837 1631 981 1664 ignoscen~

202 1674 266 1700 dum
280 1674 370 1708 putavi
388 1682 394 1701 :
410 1673 551 1709 legataque
573 1674 632 1709 ejus
652 1679 740 1701 matre
757 1675 858 1707 tentavi
877 1675 979 1707 omnia,

200 1727 255 1754 quo
266 1719 343 1746 illum
366 1727 380 1746 a
399 1720 542 1747 conatibus
565 1727 660 1754 parum
686 1720 870 1748 laudabihbus
891 1727 979 1748 retra-

202 1766 303 1797 herem,
329 1769 356 1791 et
387 1765 414 1792 in
430 1766 550 1800 priorem
566 1773 609 1793 me
632 1766 979 1794 amicitiam-reducerem.

200 1810 278 1843 Quod
292 1810 401 1845 quidem
419 1811 478 1844 illa,
503 1809 533 1838 ut
548 1811 653 1844 decuit,
676 1816 704 1838 et
721 1819 775 1846 quo
792 1812 889 1846 spiritu
907 1812 980 1839 illam

201 1857 302 1889 decuit,
326 1857 452 1885 ellectum
478 1857 562 1884 dedit.
594 1857 646 1884 Ubi
668 1863 761 1892 postea
784 1859 900 1893 rogavit,
926 1859 980 1885 sibi

202 1902 285 1933 urbes
304 1902 430 1937 privatim
447 1903 627 1936 possidendas
656 1903 768 1929 attribui
796 1909 863 1937 quot
887 1903 980 1932 vellet.

994 843 1014 870 Β

202 1955 318 1982 quarum
334 1947 543 1982 gubernationis
569 1947 672 1974 nullam
690 1955 705 1974 a
721 1955 763 1974 me
778 1949 909 1975 rationem
932 1956 981 1983 po-

202 1996 336 2024 sceretur,
352 1992 500 2020 arbitratus
513 2000 574 2020 sum
594 2000 678 2027 parva
693 1993 769 2020 illum
787 1994 980 2028 magnifacere,

203 2045 254 2065 nec
271 2037 296 2064 id
311 2045 342 2064 ex
357 2038 489 2072 dignitate
501 2045 559 2069 sua,
579 2038 643 2064 dum
659 2038 730 2064 haud
745 2038 824 2073 longo
839 2043 898 2072 post
915 2043 982 2066 tem-

204 2091 270 2117 pore
288 2083 479 2110 universorum
513 2083 643 2110 dominus
665 2084 783 2113 futurus.
805 2084 898 2117 paucis
920 2088 982 2111 ante

206 2134 312 2163 tempus
327 2128 485 2163 imperitare
500 2130 723 2163 concupisceret.
754 2129 856 2156 Tamen
874 2130 982 2164 cupidi-

206 2174 252 2201 tati
264 2174 373 2209 juvenis
386 2174 593 2208 gratiticandum
608 2174 721 2206 ducens,
750 2175 812 2201 dedi
829 2175 937 2207 lubens,
953 2179 981 2202 et
999 2177 1018 2203 D

206 2220 319 2246 honoris
332 2225 413 2246 causa
427 2219 645 2254 Didymotichum
669 2220 767 2256 adjeci,
782 2221 877 2247 urbem
897 2220 982 2255 wali-

205 2264 353 2299 parandam
382 2264 461 2298 aliis,
492 2272 560 2300 quas
586 2266 705 2300 petebat,
735 2267 814 2293 simul
842 2267 980 2298 omnibus,

204 2309 435 2345 quemadmodum
452 2310 502 2345 ipsi
514 2311 599 2346 probe
611 2312 706 2339 nostis.
723 2311 806 2347 85ηΙ
823 2313 981 2347 Byzantium

204 2364 266 2383 cum
284 2357 412 2389 venisset,
428 2364 599 2391 quaecunque
635 2365 668 2384 ex
693 2357 752 2392 ejus
775 2358 864 2385 ollicio
878 2363 981 2392 essent,

203 2402 344 2433 admonui,
361 2402 492 2437 suasique
506 2407 535 2429 ut
550 2402 615 2429 mihi
628 2410 682 2437 quo
693 2403 850 2430 amiciorem
868 2404 982 2432 haberet

204 2449 355 2480 neminem,
372 2448 544 2483 conjunctus,
557 2448 699 2482 capitalem
728 2448 868 2475 inimicum
887 2457 982 2476 nume-

203 2498 288 2526 raret,
314 2494 360 2528 qui
375 2501 455 2521 secus
471 2502 512 2521 mc
532 2493 657 2520 affectum
675 2494 713 2520 illi
730 2494 893 2528 persuadere
914 2495 983 2522 nite-

204 2543 280 2566 retur
296 2547 303 2567 :
322 2540 430 2574 quando
451 2539 535 2566 animi
547 2539 601 2566 mei
621 2540 802 2567 sincerissimi
820 2545 981 2575 argumenta

202 2593 236 2612 ex
261 2586 340 2613 factis
375 2586 444 2620 ipsis
472 2586 569 2620 quavis
599 2586 723 2613 oratione
750 2586 782 2613 ad
811 2586 980 2621 probandum

202 2631 371 2658 firmioribus
390 2635 541 2658 exstarent.
567 2632 607 2658 lta
620 2631 740 2665 gaudens
761 2631 922 2666 gaudentem
947 2632 981 2659 ad

203 2677 371 2711 provinciam
398 2685 475 2704 suam
498 2678 587 2711 emisi,
616 2682 643 2704 et
659 2685 772 2705 uxorem
799 2686 887 2705 meam
905 2678 980 2713 sequi

200 2723 288 2758 jussi;
304 2731 390 2758 usque
407 2724 475 2751 adeo
491 2723 561 2751 nihil
579 2724 612 2751 ab
627 2724 672 2751 illo
687 2725 840 2752 metuebam
859 2725 932 2751 ntali.
949 2725 982 2752 Et

202 2768 268 2802 quia
300 2770 421 2796 sciebam
453 2777 514 2797 eum
545 2771 578 2797 de
601 2770 685 2797 fratre
698 2771 855 2797 uxorissum
871 2770 980 2797 sinistra

204 2813 318 2847 Ientire,
342 2819 494 2850 putareque
521 2815 596 2842 illum
610 2816 716 2850 peculio
731 2823 780 2843 suo
799 2815 934 2848 insidiari,
950 2820 978 2854 et

777 118 937 149 JOANNlS
956 118 1215 150 CANTACUZENI

1030 175 1133 211 ἐπ’ἑμέ
1151 172 1264 211 δύναμιν
1286 178 1549 213 συμποριζομένους,
1571 176 1632 203 ὅθεν
1648 176 1681 202 ἂν
1695 175 1753 209 ἐξῇ,
1775 176 1801 202 οἱ

1030 221 1089 256 μὲν,
1116 222 1297 257 φωραθέντες,
1316 223 1409 250 ἔδοσαν
1437 223 1487 258 τῆς
1519 222 1687 256 κακουργίας
1717 221 1805 255 δίκην⁹

1027 268 1125 294 ἐκεῖνοι
1153 268 1181 294 δὲ
1208 269 1233 294 οἱ
1260 269 1364 304 βαρέως
1393 269 1521 303 φέροντες
1544 268 1592 303 τὴν
1624 267 1676 293 ὑπὸ
1703 267 1808 301 βασιλεῖ

1027 312 1157 344 δουλείαν,
1183 312 1275 348 ὥσπερ
1291 313 1401 347 εὐλόγου
1418 313 1578 347 προφάσεως
1594 312 1806 346 εὐπορήσαντες,

1027 358 1104 390 αὖθις
1121 359 1212 394 ἠξίουν
1233 360 1269 394 μὴ
1284 360 1426 395 ἐνέχεσθαι
1443 361 1499 390 τοῖς
1531 360 1632 393 ὅρκοις.
1662 357 1720 384 ἀλλ’
1736 358 1804 384 ἁπο-

1027 404 1152 430 λελύςθαι
1167 404 1217 438 τῆς
1229 404 1362 439 ἀνάγκης,
1380 404 1426 430 καὶ
1454 404 1594 437 πράττειν,
1608 403 1622 429 ὅ
1640 411 1665 429 τι
1682 403 1714 429 ἂν
1741 402 1807 437 δοκῇ

1028 451 1177 485 συμφέρειν
1202 450 1302 484 σφίσιν.
1330 449 1402 483 Ἐγὼ
1431 450 1458 475 δὲ
1491 449 1544 475 οὐδ’
1556 449 1650 482 ἄκροις
1685 448 1740 474 ὠσὶ
1762 448 1808 474 τὸν

1025 496 1104 530 λόγον
1117 498 1280 532 ἠνεσχόμην,
1298 496 1365 523 ἀλλὰ
1383 495 1492 531 βασιλέα
1514 495 1562 530 μὲν
1573 497 1619 522 καὶ
1639 495 1687 530 τὴν
1703 495 1809 529 μητέρα

1027 542 1118 576 ἠξίουν
1136 542 1275 577 ἐνέχεσθαι
1301 543 1422 576 μηδεμιᾷ
1447 543 1550 576 γραφῇ,
1581 541 1628 567 ἃτε
1657 540 1809 570 συνειδότας

1027 590 1083 620 τοῖς
1124 588 1300 621 vam-rapiente".
1337 587 1430 622 μηδὲν,
1471 587 1591 618 ἐκείνους
1625 586 1652 612 δὲ
1681 585 1809 612 ἐκέλευον

1027 633 1151 668 ἠρεμεῖν,
1167 634 1213 659 καὶ
1245 633 1281 668 μὴ
1314 633 1450 667 πρόφασιν
1489 632 1582 666 ζητεῖν
1619 632 1648 664 ἐξ
1670 628 1704 667 ἦς
1728 631 1808 661 αὖθις

1027 679 1075 713 τὴν
1129 678 1271 712 Ῥωμαίων
1314 678 1481 713 ὲμπλήσουσι
1538 677 1642 703 πολλῶν
1690 676 1783 703 κακῶν
1800 695 1809 704 .

1034 724 1160 750 Ἐκείνων
1199 723 1227 750 δὲ
1271 724 1326 750 οὐδ’
1363 723 1433 750 οὕτω
1482 723 1691 756 πεπεισμένων,
1736 721 1805 748 ἀλλὰ

1027 768 1165 795 Ματθαϊον
1198 768 1408 803 ἐξηπατηκότων
1439 768 1484 794 τὸν
1503 768 1568 802 ἐμὸν
1595 768 1664 799 υἱὸν,
1693 767 1740 793 καὶ
1757 775 1809 792 πε-

1028 815 1161 841 πεικότων
1188 814 1256 840 ίδίαν
1285 813 1470 848 συστήσασθαι
1494 813 1581 848 ἀρχὴν
1604 812 1696 843 πόλεις
1725 821 1811 838 κατα-

1030 860 1126 895 σχόντα
1151 860 1237 892 τινὰς,
1258 860 1304 885 καὶ
1333 859 1426 894 χώραν
1448 859 1652 894 ἀποτεμόμενον
1670 859 1719 891 τῆς
1744 857 1810 892 ὅλης

1027 905 1185 941 ἡγεμονίας,
1202 904 1257 930 οὒτ’
1272 905 1391 931 ὲνέδωκα
1408 905 1452 931 διὰ
1466 904 1496 930 τὺ
1510 904 1577 939 πρὸς
1593 905 1639 931 τὸν
1655 903 1733 930 παῖδα
1751 904 1812 938 (pi).-

1028 960 1109 986 τρον,
1133 951 1188 982 οὔτ’
1215 950 1322 985 ἀμελῶς
1352 951 1398 977 καὶ
1428 949 1556 985 ῥᾳθύμως
1585 948 1656 984 εἶχον
1682 950 1746 983 περὶ
1776 949 1810 975 τὰ

1028 996 1151 1027 τοιαῦτα,
1165 996 1203 1027 ὡς
1219 997 1320 1031 μικρᾶς
1342 996 1389 1022 καὶ
1402 996 1451 1030 τῆς
1467 996 1601 1030 τυχούσης
1621 995 1681 1027 ἄξια
1699 994 1811 1029 φροντί-

1028 1043 1082 1074 δος·
1105 1042 1174 1069 ἀλλὰ
1192 1043 1283 1069 πᾶσαν
1298 1042 1426 1077 πρόνοιαν
1451 1041 1599 1076 ἐποιούμην
1620 1041 1735 1074 ἀπάγειν
1755 1041 1810 1066 τῶν

1028 1087 1137 1114 ἀτόπων
1160 1087 1205 1113 τὶν
1221 1087 1288 1117 υἱὸν,
1311 1087 1357 1113 καὶ
1381 1086 1491 1120 πέμψας
1513 1085 1635 1120 βασιλίδα
1662 1085 1710 1119 τὴν
1727 1085 1811 1111 αὑτοῦ

1031 1134 1147 1169 μητέρα,
1162 1133 1199 1167 μὴ
1211 1132 1323 1158 τοιαῦτα
1338 1132 1444 1158 ἔπειθον
1456 1131 1638 1166 νεωτερίζειν,
1654 1130 1711 1157 ἀλλ’
1724 1131 1812 1163 ἀσφα-

1029 1179 1081 1210 λῶς
1096 1179 1156 1213 ἐμοί
1175 1186 1214 1210 τε,
1231 1178 1277 1204 καὶ
1292 1178 1396 1213 βασιλεῖ
1409 1177 1543 1204 δουλεύειν
1559 1177 1598 1212 τῷ
1610 1176 1736 1212 γαμϐρῷ.
1756 1177 1812 1202 Καὶ

1029 1225 1114 1252 πολλὰ
1134 1224 1244 1251 τοιαῦτα
1259 1225 1291 1251 ἄν
1319 1232 1361 1255 τις
1389 1223 1523 1256 ἐξετάζων
1538 1223 1612 1258 εὖροι
1639 1223 1682 1249 διὰ
1709 1223 1813 1252 παντὸς

1029 1271 1091 1306 ἐμοὶ
1105 1270 1152 1297 τοῦ
1166 1269 1262 1305 χρόνου
1279 1270 1472 1304 πεπραγμένα.
1493 1268 1538 1301 Ἐξ
1554 1267 1591 1295 ὧν
1612 1268 1672 1294 ἔστι
1693 1268 1812 1302 μάλιστα

1030 1316 1230 1350 ἐναργεστάτην
1246 1315 1382 1347 ἀπόδειξιν
1397 1315 1489 1341 λαῦεῖν
1508 1313 1555 1341 τοῦ
1579 1313 1660 1348 μηδὲν
1675 1313 1725 1347 ἐμὲ
1741 1313 1813 1347 μήτε

1030 1362 1212 1397 πεπραχέναι,
1230 1362 1298 1396 μήτε
1321 1359 1519 1394 διανενοῆσθαι,
1538 1358 1568 1391 ἐξ
1590 1355 1626 1385 ὧν
1643 1358 1675 1384 ἄν
1697 1365 1738 1383 τις
1752 1357 1812 1390 οἰη-

1031 1408 1091 1441 θείη
1117 1407 1166 1441 τὴν
1189 1406 1332 1440 Ῥωμαίων
1358 1405 1504 1441 ἡγεμονίαν
1528 1404 1632 1430 ἐκεῖνον
1668 1401 1813 1438 βούλεσοαι

1031 1454 1203 1486 ἀποστερεῖ-λ,
1227 1453 1377 1478 τούναντίον
1396 1451 1444 1485 μὲν
1459 1450 1505 1477 οὖν
1518 1451 1589 1478 ἅπαν
1611 1450 1701 1476 πάντα
1721 1449 1814 1483 πράτ-

1031 1508 1098 1532 τειν,
1119 1499 1148 1531 ἐξ
1173 1495 1209 1525 ὧν
1237 1497 1351 1533 βεϐαίως
1381 1496 1452 1531 ἔχειν
1480 1496 1631 1532 περιέσται.
1667 1494 1735 1520 Ἀλλ’
1761 1493 1814 1528 οὐχ

1030 1546 1130 1581 ὁμοίως
1147 1544 1225 1579 ὥφηη
1243 1544 1366 1573 κάκεῖνος
1386 1542 1448 1577 ἐμοὶ
1472 1542 1521 1576 τὴν
1546 1542 1606 1575 ἴσην
1622 1540 1728 1567 εὖνοιαν
1753 1540 1812 1566 δια-

1031 1592 1135 1624 σώζων.
1159 1590 1228 1616 Ἀλλ’
1244 1590 1289 1615 ἐπὶ
1311 1587 1509 1622 Θεσσαλονίκην
1534 1587 1580 1613 ὑπ’
1597 1586 1663 1621 ἐμοῦ
1687 1585 1816 1612 καταλει-

1031 1639 1119 1673 φθεὶς,
1137 1637 1175 1669 ὼς
1205 1636 1239 1663 τὰ
1255 1637 1342 1662 ἐκεῖσε
1369 1635 1518 1669 πράγματα
1540 1633 1709 1667 διαφυλάξων
1729 1632 1814 1667 ἄχρις

1031 1683 1157 1719 ἐπανήξω
1183 1681 1475 1717 παρασκευασάμενος,
1491 1679 1541 1706 οὐκ
1560 1677 1692 1714 ἐφύλαξεν
1716 1678 1813 1713 ὥσπερ

1031 1732 1095 1758 ἔδει.
1113 1729 1275 1764 Πειθόμενος
1299 1728 1355 1764 γὰρ
1372 1726 1526 1762 ἀνθρώποις
1545 1725 1660 1759 φαύλοις
1677 1725 1724 1751 καὶ
1737 1725 1815 1758 διεφ-

1032 1776 1133 1810 θορόσι,
1150 1775 1194 1801 καὶ
1210 1774 1320 1808 κέρδους
1337 1773 1418 1799 ἕνεκα
1436 1771 1533 1807 μικροῦ
1548 1771 1578 1798 οὗ
1597 1771 1743 1804 σύμπασαν
1761 1770 1812 1803 μό-

1031 1831 1075 1849 νον
1090 1821 1138 1856 τὴν
1160 1819 1303 1854 Ῥωμαίων
1317 1817 1475 1853 ἡγεμονίαν,
1498 1816 1566 1842 ἀλλὰ
1581 1817 1628 1843 καὶ
1643 1815 1723 1842 αὑτὸν
1741 1816 1814 1850 ὑπὲρ

1031 1865 1061 1894 οῦ
1082 1867 1166 1893 ταῦτα
1191 1866 1322 1901 πράττειν
1344 1864 1451 1890 ἐδόκουν
1475 1862 1655 1898 προϊεμένων,
1680 1862 1742 1896 ἐμοὶ
1762 1862 1813 1896 μὲν

1032 1913 1148 1947 πόλεμον
1170 1912 1255 1946 ηρατο
1271 1909 1405 1945 φανερῶς,
1428 1909 1457 1941 ὃς
1472 1909 1561 1935 πάντα
1590 1909 1724 1941 ἔπραττον
1739 1907 1815 1938 ὅπως

1032 1957 1106 1991 αὖτῷ
1132 1956 1228 1990 βελτίω
1249 1956 1295 1982 καὶ
1325 1954 1410 1988 μείζω
1435 1954 1540 1989 ποιήσω
1566 1954 1615 1989 τὴν
1630 1953 1726 1988 ἀρχὴν,
1745 1951 1814 1986 πρὸς

1033 2001 1143 2036 Κράλην
1159 2001 1186 2027 δὲ
1204 1999 1307 2026 ἐτίθετο
1324 1998 1448 2030 σπονδὰς,
1458 1998 1505 2024 καὶ
1514 1997 1681 2032 συμμαχίαν,
1698 1995 1744 2022 καὶ
1757 1994 1814 2021 τῶν

1032 2048 1116 2074 ὄντων
1141 2046 1333 2080 ἀφιστάμενος,
1358 2045 1427 2072 ὥστε
1455 2044 1533 2078 μόνον
1557 2042 1677 2077 λυπηρὸς
1694 2042 1754 2076 ἐμοὶ
1773 2040 1813 2074 τῷ

1033 2094 1102 2119 πάνυ
1117 2092 1233 2127 μάλιστα
1248 2090 1369 2125 φιλοῦντι
1388 2089 1541 2123 φαίνεσθαι.
1562 2087 1634 2121 Ἐγὼ
1648 2087 1674 2113 δέ
1697 2086 1746 2112 οὐκ
1768 2084 1815 2111 εὑ-

1033 2139 1080 2165 0b:
1103 2137 1170 2173 πρὸς
1193 2137 1298 2171 ἄμυναν
1314 2135 1477 2170 ἐτρεπόμην,
1497 2134 1556 2160 οὐδὲ
1572 2133 1617 2160 τοῦ
1643 2133 1707 2167 περὶ
1733 2131 1813 2159 αὑτὸν

1034 2183 1146 2217 φίλτρου
1161 2182 1191 2208 τὸ
1209 2181 1340 2216 παράπαν
1352 2180 1427 2206 οὐδὲν
1443 2179 1573 2214 ὑφῄρουν’
1587 2177 1656 2204 ἀλλὰ
1674 2177 1736 2208 τοὺς
1762 2177 1812 2210 μὲν

1033 2228 1181 2260 ἐνάγοντας
1194 2226 1261 2260 πρὸς
1276 2225 1311 2252 τὰ
1323 2225 1434 2251 τοιαῦτα
1449 2224 1563 2259 μάλιστα
1575 2221 1646 2258 εἶχον
1660 2224 1688 2249 ὲν
1699 2222 1812 2253 αῐτίαις,

1033 2274 1129 2307 ἐκείνῳ
1144 2272 1172 2299 δὲ
1187 2272 1288 2306 πολλὴν
1309 2271 1403 2306 ᾠόμην
1418 2271 1473 2297 δεῖν
1496 2269 1663 2304 παρὲίεσθαι
1686 2267 1808 2301 συγγνώ-

1034 2327 1098 2353 μην,
1114 2318 1144 2344 οὐ
1166 2318 1210 2344 διὰ
1220 2315 1272 2352 ’τὴν
1297 2315 1404 2351 ἡλικίαν
1430 2315 1510 2350 μόνον
1537 2314 1632 2350 ῥᾳδίαν
1649 2311 1731 2340 οὖσαν
1760 2314 1813 2339 ὑπ’)

1033 2363 1158 2397 πονηρῶν
1174 2363 1346 2397 παράγεσθαι
1368 2361 1530 2396 ἀνθρώπων,
1552 2359 1610 2387 ἀλλ’
1625 2361 1648 2386 εί
1665 2360 1704 2386 δεῖ
1722 2354 1753 2386 τι’
1765 2359 1813 2385 κα)⁵

1032 2409 1145 2443 τάληθὲς
1160 2409 1257 2439 εἰπεῖν,
1274 2407 1420 2441 νικώμενος
1434 2407 1486 2432 ὑπὸ
1500 2405 1546 2432 τοῦ
1563 2405 1683 2440 φίλτρου,
1704 2404 1751 2430 καὶ
1765 2405 1814 2438 βπ·

1034 2454 1120 2480 σιλίδα
1135 2454 1184 2487 τὴν
1200 2452 1306 2488 μητέρα
1329 2452 1452 2487 πέμψας,
1472 2452 1560 2479 πάντα
1577 2451 1711 2485 ἔπραττον
1723 2449 1759 2483 ,ἐξ
1775 2447 1813 2476 ὧν

1034 2497 1158 2532 ἐνόμιζον
1173 2498 1338 2532 ἀποστήσειν
1355 2496 1409 2522 τῶν
1425 2495 1455 2522 ού
1479 2495 1567 2522 καλῶν
1581 2495 1692 2521 ἐκείνων
1708 2494 1813 2528 ἐπιχει-

1034 2544 1151 2578 ρήσεων,
1174 2542 1220 2569 καὶ
1237 2542 1305 2576 πρὸς
1321 2541 1370 2576 τὴν
1386 2541 1523 2576 προτέραν
1546 2540 1690 2574 ἐπανήξειν
1705 2537 1813 2565 εὔνοιαν

1033 2588 1104 2623 ἐμοί.
1134 2589 1167 2613 ¹¹Λ
1183 2587 1271 2618 καλῶς
1297 2585 1412 2613 ποιοῦσα
1435 2586 1524 2612 πάντα
1547 2585 1681 2620 ἔπραττεν
1699 2584 1811 2619 ἐκείνη,

1033 2634 1079 2659 καὶ
1097 2632 1166 2667 μετὰ.
1185 2632 1230 2658 τοῦ
1245 2632 1427 2666 προσήκοντος
1445 2631 1513 2666 αὐτῇ
1535 2630 1719 2666 φρονήματος.
1743 2630 1813 2664 Δεη-

1034 2679 1122 2708 υέντος
1138 2677 1166 2703 δὲ
1190 2677 1280 2708 πόλεις
1304 2676 1378 2711 αύτῷ
1403 2676 1590 2711 παρασχέσθαι
1616 2675 1680 2706 ὅσας
1706 2674 1810 2710 ἧῦελεν,

1033 2723 1103 2750 ὥστε
1116 2723 1209 2757 ἄρχειν
1224 2722 1305 2749 αὑτὸν
1326 2722 1390 2757 ἰδίᾳ,
1407 2722 1452 2748 καὶ
1468 2721 1551 2756 μηδὲν
1572 2720 1730 2748 εὐθύνεσθαι
1745 2719 1811 2754 παρ’

1033 2769 1100 2804 ἐμοῦ
1116 2769 1182 2803 τ-ρὸς
1197 2769 1245 2803 τὴν
1260 2768 1356 2803 ἀρχὴν,
1377 2767 1547 2802 μικρίλογείν
1564 2767 1611 2801 μὲν
1626 2766 1690 2793 αὐτὸ
1706 2765 1810 2801 ᾠόμην,

1034 2815 1081 2842 καὶ
1107 2815 1144 2850 μὴ
1166 2815 1255 2849 ἐαυτῷ
1279 2814 1452 2849 προσήκοντα
1478 2815 1564 2840 ποιεῖν
1581 2812 1713 2848 μέλλοντα
1728 2810 1811 2845 ὀλίγῳ
