1941 3088
161 92 212 121 305

702 97 966 127 IllSl‘OIllAl‘lUM
986 96 1101 126 LlBE.l
1125 96 1175 125 Ν.

1720 90 1771 119 3’¹ὃ

162 147 301 181 γενόμενοι
324 147 348 174 οἱ
375 148 504 182 βασιλεῖς,
532 151 702 184 κατέστησαν
725 153 765 182 εἰς
786 152 892 186 λόγους.
912 151 944 178 Οί

999 159 1010 176 a
1038 150 1117 178 nobis
1132 149 1296 183 discrepent.
1327 147 1526 181 Exercitatione
1556 146 1628 173 enim
1660 143 1772 172 militari

163 192 212 225 μὲν
233 188 278 218 οὖν
303 192 393 226 ἄλλοι,
419 194 543 225 ἀτάκτως
570 195 733 230 ἐθορύὸουν,
760 199 806 223 καὶ
831 198 943 232 γνώμην

161 237 273 269 ἕκαστος
286 239 424 273 εἰσφέρειν
440 240 608 275 ἐπεχείρουν,
634 242 650 276 ἢ
664 242 781 275 μάλιστα
795 242 828 268 ἂν
840 242 944 268 λυσιτε-

161 283 216 309 λεῖν
228 283 318 318 δοκοίη
333 284 370 315 ὡς
390 286 418 311 ὲν
435 286 490 316 τοῖς
505 286 636 320 παροῦσι·
653 286 779 320 βασιλεὺς
794 287 822 313 δὲ
836 287 849 312 ὁ
866 288 924 318 νέος
934 306 942 319 ,

161 329 208 355 καὶ
228 329 281 354 τῶν
296 330 429 357 συνόντων
449 332 472 356 οἱ
491 332 609 365 μάλιστα
631 334 660 358 ἐν
682 332 765 366 λόγῳ,
784 333 942 360 Καντακου-

161 373 234 408 ζηνῷ
247 374 285 408 τῷ
303 374 406 409 βασιλεῖ
427 377 582 410 προσεῖχον,
599 377 646 403 καὶ
659 378 833 404 ἀπεσκόπουν
846 379 942 405 ὁποίαν

160 419 221 445 τινὰ
234 419 297 454 περὶ
309 420 363 447 τῶν
378 422 566 456 προκειμένων
580 422 693 457 γνώμην
706 423 865 457 εἰσενέγκοι.
885 425 943 451 Κα-

160 465 261 496 ταστὰς
280 465 308 492 δὲ
329 465 376 492 καὶ
396 459 476 498 αὐτὸς
497 467 537 499 εἰς
558 467 664 501 λόγους,
681 467 743 495 εἷπε
761 470 860 496 τοιάδε·
886 471 942 505 Τὴν

162 511 212 544 μὲν
228 511 339 546 γνώμην
354 512 430 545 ὑμῶν
443 512 480 544 ὡς
497 513 597 547 μᾶλλον
612 513 658 540 ἐπὶ
672 514 703 540 τὸ
715 515 843 550 πολεμεῖν
857 516 942 550 ἐπῆρ-

159 564 204 581 ται
220 557 272 585 τοί,
286 556 447 591 βαρϐάροις,
463 558 591 592 οἰομένων
607 559 694 594 ῥᾷστα
711 560 885 594 περιέσεσθαι
896 561 942 588 αὺ-

159 599 225 631 τῶν,
235 604 281 627 καὶ
291 601 319 626 ἐν
326 601 408 636 ὀλίγῳ
414 602 513 637 χρόνῳ,
523 603 555 628 ὲκ
565 603 670 630 πολλῶν
681 603 739 630 ἔστι
752 605 940 639 στοχάζεσθαι.

161 645 253 672 Ταῦτα
278 646 326 679 μὲν
350 647 396 673 οὖν
422 648 468 674 ὲπί
495 657 521 674 τι
544 649 619 680 τέλος
642 649 742 683 ἀγάγοι
763 650 794 676 τὸ
819 652 942 685 κρεῖττον

159 691 256 723 δεξιόν,
274 691 369 727 ὥσπερ
385 693 513 727 βιύλεσϐε
528 695 621 721 αὑτοῦ
637 695 655 722 ἃ
673 695 701 722 δὲ
716 697 809 730 οῐομαι
826 696 872 723 καὶ
892 697 942 723 αὑ-

160 737 204 766 τὸς
221 738 250 763 ἐν
264 738 303 773 τῷ
318 739 433 774 παρόντι
451 740 601 767 ὶυσιτελεῐν
618 742 694 776 ἡμῖν,
713 742 799 768 ταῦτα
817 742 939 778 σημανῶ.

161 783 198 808 05
218 785 364 818 σωψρόνων
383 785 474 820 οἴομαι
489 786 640 820 ἀνθρώπων
650 807 656 818 ,
671 787 727 814 οὐδ’
744 788 830 819 ἄλλως
845 788 942 822 ἐμπεί-

161 837 215 862 ρων
235 826 316 861 εἶναι,
341 830 520 865 ὡρμημένους
541 833 587 859 ἐπὶ
610 833 726 868 πόλεμον
751 833 788 869 μὴ
811 835 941 870 πρότερον

161 874 212 908 τὴν
236 883 263 900 τε
287 875 392 901 ἑαυτῶν
410 877 456 903 καὶ
476 877 525 911 τὴν
551 878 687 913 πολεμίων
706 879 942 914 ἐπισκεψομένους

162 919 285 954 δύναμιν,
305 921 391 955 τύχης
412 922 577 957 Θαρροὖντας
599 923 723 959 ἀπιστίᾳ,
742 924 857 956 ἑαυτοὺς
874 924 941 958 πρὸς

162 967 223 996 τοὺς
239 967 379 998 κινδύνους
394 968 526 996 εισωθεῖν.
541 969 577 996 Τὸ
591 969 641 1003 μὲν
651 970 705 1004 γὰρ
717 970 764 996 καὶ
777 970 879 1002 ὅπλοις,
897 971 942 997 καὶ

162 1013 296 1046 χρήμασι,
328 1013 374 1039 καὶ
410 1014 506 1049 πλήθει
528 1017 657 1049 στρατιᾶς
678 1017 851 1051 ὲρῤωμένους
873 1015 942 1043 εἴναι

161 1055 269 1088 βίῢαιον
287 1057 357 1090 πρὸς
379 1058 514 1091 σωτηρίαν
525 1066 532 1072 ·
550 1058 618 1093 τύχη
634 1059 662 1086 δὲ
676 1059 709 1085 τὰ
724 1059 807 1085 πλείω
828 1060 942 1094 σφάλλε-

159 1109 215 1128 ται.
236 1102 304 1136 Πρὸς
315 1102 364 1133 οὓς
375 1102 402 1128 δὲ
415 1104 478 1137 ἡμῖν
489 1104 502 1129 ό
514 1104 631 1138 πόλεμός
648 1105 705 1130 ἐστι
719 1104 873 1139 βαρόάρους
885 1105 941 1138 νῦν,

160 1149 209 1182 οὐχ
224 1149 284 1174 ὅσον
299 1149 455 1182 ἀγνοεῖσθαι
468 1150 651 1184 διαφέρουσιν.
672 1151 820 1186 Ἐμπειρίᾳ
840 1150 894 1185 γὰρ
909 1152 941 1186 τῇ

162 1195 228 1228 πρὸς
241 1194 290 1224 τὰς
306 1195 395 1229 μάχας
409 1195 537 1230 οὐδαμῶς
552 1195 761 1231 ἀπολειπόμενοι
774 1196 864 1231 ἡμῶν,
880 1197 945 1222 πολ·

162 1239 326 1271 λαπὶασῖους
339 1241 392 1266 εἰσὶ
406 1240 443 1274 τῷ
459 1240 568 1276 πλήρει,
577 1242 624 1268 καὶ
636 1243 668 1276 τῇ
681 1242 842 1276 παρασκευῇ
858 1243 943 1276 ὲρῥω-

165 1285 343 1320 μενέστεροι,
367 1286 414 1311 καὶ
433 1286 500 1321 πρὸς
524 1287 572 1318 τὰς
595 1287 738 1322 στρατείας
758 1287 942 1322 ἐτοιμότεροι,

164 1329 262 1362 ἀμισθὶ
276 1331 322 1355 καὶ
335 1331 436 1363 προῖκα
450 1330 660 1365 στρατευόμενοι
673 1330 712 1365 τῷ
726 1330 800 1365 σφῶν
814 1331 943 1366 δυνάστῃ.

166 1376 236 1410 Ηρ“ς
259 1376 286 1401 δὲ
306 1375 423 1408 τούτοις,
445 1377 497 1410 γῆν
521 1376 629 1411 ἔχοντες
646 1376 758 1411 πολλὴν,
785 1376 833 1404 καὶ
853 1377 945 1409 πόλεις

164 1422 180 1456 ἠ
196 1422 300 1455 ἐτέρας
321 1422 352 1448 οὐ
373 1422 443 1448 κατά
458 1422 506 1457 τὴν
527 1422 620 1449 Ἀσίαν
638 1423 729 1456 μόνον,
746 1422 812 1449 ἀλλὰ
832 1423 878 1449 καὶ
895 1423 944 1458 τὴν

167 1464 300 1515 Εὐρώπην
315 1465 374 1496 νῦν,
389 1465 538 1515 προθύμως
554 1465 624 1500 ὑπὲρ
642 1466 696 1492 τῶν
710 1465 810 1492 λοιπῶν
826 1466 944 1501 μαχοῦν-
959 1485 982 1515 c

165 1519 218 1542 τοι,
233 1511 371 1541 εὐέλπιδες
388 1510 461 1547 ὄντες
478 1510 573 1546 ὥσπερ
594 1511 626 1537 ὲκ
644 1512 873 1546 παραδειγμάτων
899 1513 945 1539 καὶ

167 1555 232 1590 πρὸς
247 1555 280 1581 τὰ
300 1556 394 1583 λοιπά.
415 1555 494 1590 Ἡμῖν
508 1556 536 1582 δὲ
551 1553 584 1591 ἦν
600 1556 649 1592 μέν
667 1566 732 1583 ποτε
748 1557 862 1592 δύναμις
875 1559 948 1591 ἀξιόο

166 1610 254 1636 χρξως
273 1601 303 1628 ού
320 1602 390 1634 πρὸς
420 1602 564 1633 τοσούτους
584 1603 675 1636 μόνον,
694 1603 762 1629 ἀλλὰ
781 1604 827 1630 καὶ
846 1605 948 1631 πολλα-

168 1646 310 1679 πλαιίους,
334 1647 384 1681 οὐχ
407 1647 476 1673 ὥστε
501 1647 532 1674 ὲκ
555 1648 605 1682 τῆς
628 1649 764 1684 ἡμετέρας
785 1649 948 1683 ἐξελαύνειν,

168 1689 235 1716 ἀλλὰ
251 1690 296 1716 καὶ
317 1690 382 1724 περὶ
395 1690 442 1724 τῆς
458 1691 562 1721 οἰκείας
577 1692 606 1717 ὲν
621 1692 734 1727 κινδύνῳ
750 1693 892 1728 καθιστᾷν.
916 1694 948 1721 'H

168 1735 195 1761 δὲ
211 1735 342 1768 ἀξυνεσία
356 1736 402 1761 καὶ
416 1735 545 1768 ἁϐουλία“,
564 1737 651 1763 καὶτὸ
667 1738 704 1772 μὴ
724 1739 787 1772 περὶ
802 1739 856 1765 τῶν
872 1740 956 1774 κοινπ

168 1779 382 1805 λυσιτελούντων
398 1779 497 1815 ἄριστα.
511 1779 699 1814 βουλεύεσθαι,
710 1781 767 1808 ἀλλ’
785 1783 901 1809 ἕκαστον
915 1784 951 1810 τὰ

171 1825 223 1851 [δια
245 1825 274 1852 εὖ
298 1825 421 1851 τίθεσθαι
447 1827 569 1858 σκοπεῖν,
597 1828 637 1859 είς
656 1827 734 1853 τοῦτο
752 1824 854 1862 ἤγαγεν
877 1830 951 1863 ἡμᾶς

171 1872 322 1906 ἀδυναμίας
344 1871 401 1901 νῦν,
419 1871 483 1898 ὥστ’
498 1872 639 1906 ἀγαπητὸν
654 1872 687 1899 ἂν
707 1872 744 1908 μὴ
768 1874 815 1899 καὶ
834 1873 868 1900 τὰ
887 1873 951 1900 ὅντα

170 1918 349 1952 ἀπολέσωμεν
363 1917 497 1951 ἡγεῖσθαι.
511 1918 583 1944 "ll-re
597 1918 651 1952 γὰρ
666 1918 780 1952 στρατιὰ
791 1918 951 1953 διέφθαρται

170 1965 246 1998 ἡμῖν,
262 1965 292 1990 ἐκ
302 1964 434 1998 λαμπρᾶς
447 1963 494 1990 καὶ
508 1964 673 1998 περιφανοῦς
696 1965 773 1998 ὀλίγη
788 1965 834 1990 καὶ
850 1964 951 1998 ἄπορος

169 2010 372 2044 καθεστηκυῖαο
387 2010 433 2036 καὶ
446 2009 499 2036 τῶν
515 2009 611 2035 κοινῶν
624 2011 762 2044 προσόδιον
772 2013 798 2037 at
814 2012 952 2045 συντάξεις

170 2055 345 2080 ἐκλελοίπασι
374 2055 548 2081 παντάπασι·
577 2056 624 2081 καὶ
652 2057 727 2090 ὑμῶν
754 2059 816 2088 τοὺς
843 2058 952 2090 πλείους

171 2100 187 2134 ἢ
208 2100 368 2135 σύμπαντας
389 2100 490 2134 σχεδὸν,
507 2101 530 2126 εἰ
549 2101 585 2136 μή
608 2110 648 2133 τις
668 2102 799 2137 χρήματα
816 2104 952 2138 παράσχοι

995 202 1167 229 nequaquam
1193 194 1319 228 impares,
1344 199 1458 218 nurnero
1485 192 1563 225 longe
1591 195 1729 225 superant,
1748 195 1776 216 et

994 245 1124 276 apparatu
1150 239 1377 270 contirtnatiores,
1408 244 1489 272 atque
1513 238 1544 264 ad
1573 237 1773 270 expeditionem

993 287 1185 320 promptiores,
1213 285 1286 311 nulla
1314 283 1460 316 mercede,
1497 287 1525 309 et
1555 282 1667 308 omnino
1692 282 1776 316 gratis

994 331 1105 358 domino
1121 338 1171 359 suo
1185 331 1312 357 militant.
1328 329 1366 355 Ad
1386 329 1442 355 haec
1457 336 1519 354 cum
1535 327 1616 354 latam
1634 328 1774 360 regionem

994 381 1022 404 et
1037 377 1119 404 urbes
1132 379 1239 403 nostras
1262 382 1315 401 non
1342 375 1368 401 in
1384 374 1446 401 Asia
1470 374 1560 405 modo,
1582 373 1628 399 sed
1650 373 1730 399 etiam
1749 373 1774 398 in

993 422 1101 457 Europa
1116 421 1286 455 occuparint,
1313 427 1384 446 nunc
1411 419 1482 446 bona
1510 426 1568 451 spe,
1596 422 1624 444 et
1647 418 1776 452 prmtcriti

993 474 1137 495 successus
1151 467 1285 501 exemplo,
1302 473 1351 500 pro
1375 465 1494 498 caeteris;
1506 463 1664 497 subigendis
1687 472 1778 497 prOlII~

993 517 1038 548 pte
1067 512 1275 547 tlepugnahunt.
1305 511 1388 538 Nobis
1407 518 1487 544 porro
1515 509 1653 541 quondam
1682 515 1775 535 contra

993 561 1079 587 multo
1096 560 1178 587 etiam
1203 559 1293 593 plures
1320 558 1440 592 potentia
1468 565 1520 584 non
1547 557 1643 588 defuit,
1675 560 1703 582 ut
1723 564 1775 581 non

993 606 1082 633 solum
1104 609 1194 632 nostra
1209 611 1256 631 eos
1270 604 1410 639 provincia
1426 603 1572 637 expellere,
1586 603 1632 629 sed
1656 603 1775 636 ipsonnn

993 659 1102 686 quoque
1129 655 1219 678 terras
1247 649 1376 677 invadere
1402 656 1554 686 possemus.
1587 648 1684 675 Verum
1713 647 1778 673 insi—

993 697 1106 732 pientia,
1121 701 1149 723 et
1168 695 1316 727 temeritas,
1332 703 1383 722 nec
1410 694 1607 724 communiutn,
1626 693 1672 720 sed
1687 693 1777 727 priva-
1804 686 1805 689 “

994 747 1082 769 tarum
1116 742 1248 776 cujusque
1275 747 1378 772 rerum.
1407 747 1486 774 quam
1513 739 1715 767 consultissime
1737 739 1777 764 in-

994 788 1193 815 stituendarum
1213 786 1364 821 diligentia,
1382 793 1415 812 eo
1438 785 1492 820 jam
1518 784 1712 812 imbecillitatis
1729 791 1778 809 nos

995 834 1155 868 adegerunt,
1169 836 1199 859 ut
1214 831 1278 858 boni
1293 830 1478 862 consulamus,
1496 831 1516 857 si
1533 838 1586 856 non
1605 830 1687 856 etiam
1703 829 1775 863 qnml

995 883 1139 912 superest,
1170 877 1337 913 amittamus.
1365 876 1431 903 Nam
1464 880 1490 903 ct
1520 876 1656 903 exercitus
1685 879 1777 901 noster

995 923 1154 958 splendidus
1172 928 1262 954 antea,
1274 927 1302 950 et
1324 921 1499 956 conspicuus,
1515 922 1547 948 ad
1574 922 1735 955 paucitatem
1751 926 1777 947 ιιι

996 973 1182 1003 paupertatem
1209 966 1339 994 devenit:
1354 972 1382 994 ct
1404 967 1588 994 communium
1614 966 1775 1000 pensionum

995 1013 1153 1042 collationes
1169 1012 1278 1048 penitus
1293 1016 1463 1039 evanuerunt
1477 1020 1484 1040 :
1500 1019 1531 1039 ac
1541 1012 1632 1046 plures
1643 1016 1775 1041 vestrum,

997 1063 1042 1084 aut
1059 1065 1154 1084 omnes
1170 1057 1266 1089 ferme,
1286 1057 1338 1083 nisi
1363 1056 1475 1084 aliunde
1489 1058 1602 1091 pecunia
1622 1057 1648 1083 in
1675 1056 1776 1083 bellum

997 1103 1182 1138 impendatur,
1197 1111 1251 1130 tton
1270 1103 1367 1137 opinor
1385 1102 1538 1130 diutissime
1555 1103 1588 1130 de
1608 1110 1657 1129 suo
1674 1103 1777 1136 impen-

997 1149 1103 1180 dentes,
1119 1148 1238 1176 hostium
1253 1148 1306 1175 vim
1324 1148 1495 1175 toleraturos.
1518 1148 1582 1181 Qua:
1603 1155 1698 1174 omnes
1714 1155 1775 1174 eum

997 1195 1094 1221 animis
1122 1195 1265 1228 reputarej,
1292 1201 1343 1221 nec
1372 1197 1475 1220 tantum
1515 1193 1566 1220 hoc
1605 1193 1777 1220 considerare

998 1240 1110 1272 debent,
1125 1241 1262 1275 quomodo
1277 1248 1309 1268 ex
1327 1248 1393 1275 pace
1406 1240 1439 1267 ad
1459 1240 1558 1267 bellum
1576 1239 1775 1274 aggrediamur,

998 1287 1044 1314 sed
1074 1291 1203 1321 praeterea
1234 1286 1371 1321 quomodo
1401 1285 1493 1313 hostes
1522 1285 1705 1314 debellemns:
1732 1289 1778 1318 aut

998 1339 1072 1360 certe
1087 1332 1161 1359 nulla
1176 1339 1239 1360 cum
1255 1331 1331 1359 clade
1348 1331 1411 1358 inde
1425 1331 1607 1370 discedamus.
1624 1330 1706 1365 872
1724 1330 1777 1364 Ego

998 1384 1127 1411 vero_nec
1142 1377 1177 1404 ob
1196 1376 1329 1411 ignaviam
1359 1383 1445 1403 meam
1469 1375 1540 1403 bello
1566 1375 1696 1402 adversus
1714 1375 1778 1402 Bar-

999 1422 1078 1450 baros
1092 1421 1170 1448 vobis
1190 1421 1379 1448 abstinendum
1405 1419 1507 1446 suadeo
1524 1428 1531 1446 :
1549 1426 1637 1453 neque
1661 1418 1724 1445 odio
1751 1418 1776 1444 in

1000 1467 1060 1495 illos
1077 1475 1092 1494 a
1123 1474 1258 1501 quoquam
1289 1471 1408 1493 vestrum
1432 1465 1504 1493 vinci
1527 1472 1569 1492 me
1588 1465 1685 1499 patior,
1712 1464 1777 1498 qttin

997 1513 1055 1547 ipse
1072 1519 1124 1539 una
1137 1519 1243 1543 omnes,
1256 1511 1278 1539 si
1293 1511 1350 1538 ﬁcri
1369 1511 1514 1545 potuisset,
1537 1509 1736 1540 contrivissem,
1751 1513 1778 1535 et

997 1560 1023 1587 id
1040 1560 1106 1586 mihi
1121 1559 1154 1586 ad
1166 1559 1258 1594 gloria:
1271 1558 1457 1585 celebritatem
1483 1556 1696 1584 illustrissimum
1722 1554 1778 1581 fore

997 1605 1174 1641 putavissem.
1187 1604 1285 1638 Neque,
1298 1604 1368 1630 istuc
1390 1603 1490 1633 solum,
1507 1601 1554 1628 sed
1580 1601 1602 1627 si
1618 1601 1669 1627 hoc
1685 1600 1721 1626 ita
1744 1599 1779 1625 li-

997 1650 1108 1682 cuisset,
1130 1655 1160 1677 ut
1175 1657 1218 1677 me
1230 1657 1245 1676 a
1263 1655 1428 1684 quocunque
1447 1647 1573 1682 iugulari,
1587 1650 1614 1673 et
1641 1646 1697 1679 ipsa
1713 1652 1779 1671 nece

999 1704 1057 1724 mea
1080 1696 1237 1731 perniciem,
1259 1698 1341 1729 atque
1364 1694 1476 1721 exitium
1510 1692 1596 1719 creari
1623 1691 1675 1718 illis
1699 1697 1779 1724 opor-

1000 1743 1117 1774 tuissat,
1147 1740 1349 1771 libentissime,
1378 1747 1409 1767 ac
1439 1738 1640 1773 promptissime
1671 1736 1777 1763 dulcem

999 1788 1120 1822 alioquin
1139 1787 1220 1813 vitam
1235 1786 1404 1821 abiecissem.
1429 1791 1514 1818 usque
1530 1783 1596 1810 adeo
1615 1782 1681 1809 mihi
1697 1789 1778 1815 supe-

1001 1836 1041 1858 rat
1057 1838 1152 1857 eortttn
1171 1830 1281 1861 odium;
1296 1834 1351 1855 tum
1366 1827 1426 1861 quia
1447 1822 1631 1860 religionibus,
1647 1832 1676 1851 ae
1696 1832 1780 1850 carc-

1001 1877 1099 1904 moniis
1115 1875 1291 1903 diversissimi
1307 1879 1387 1905 sunt;
1405 1879 1460 1900 tum
1477 1873 1538 1905 quia
1552 1873 1606 1907 jam
1624 1871 1738 1905 pridem,
1753 1875 1780 1896 et

1001 1923 1095 1949 multis
1109 1922 1187 1949 annis
1202 1922 1339 1948 Romanos
1356 1918 1472 1946 infandis
1490 1917 1662 1945 detrimentis
1683 1923 1779 1943 cumu-

1001 1968 1101 2000 larunt,
1117 1974 1166 1994 nec
1183 1966 1229 1993 ulli
1248 1965 1333 1992 ferme
1350 1972 1401 1990 non
1427 1969 1598 1993 nocuerunt.
1625 1969 1674 1988 nec
1695 1968 1781 1995 usque

1002 2013 1035 2040 ad
1050 2014 1122 2040 lntnc
1135 2012 1206 2039 diem
1221 2011 1326 2046 injuria:
1342 2010 1473 2037 faciendae
1492 2016 1540 2036 cos
1552 2008 1624 2042 cepit
1649 2007 1760 2034 satietas
1773 2015 1780 2038 ς

1003 2060 1049 2087 sed
1063 2060 1090 2086 in
1106 2059 1249 2086 Thraciam
1266 2066 1375 2094 quoque
1398 2058 1492 2089 infusi,
1523 2057 1604 2084 urbes
1627 2056 1782 2090 Complures

1003 2110 1156 2139 occupant,
1183 2104 1440 2139 depopulanturque
1463 2108 1555 2131 nostra
1586 2103 1687 2130 omnia.
1713 2101 1781 2133 Quid

172 2147 238 2180 πρὶς
247 2145 292 2172 τὸν
304 2145 430 2180 πόλεμον,
444 2145 493 2172 οὐκ
500 2145 533 2172 ἂν
544 2146 636 2181 οἴομαι
649 2148 821 2182 ἀντισχήσειν
830 2149 947 2175 ἐπιπλεῖ-

1005 2151 1088 2186 igitur
1112 2156 1163 2182 est,
1189 2154 1291 2184 quaeret
1308 2150 1416 2184 aliquis,
1436 2157 1496 2177 eum
1519 2150 1557 2176 sic
1584 2156 1632 2176 eos
1653 2148 1782 2178 detester.

173 2200 235 2218 στον
247 2191 414 2222 ἀναλοῦντας
428 2192 459 2217 ὲκ
466 2191 520 2217 τῶν
531 2191 624 2219 ὄντων.
640 2193 729 2228 Ἀπερ
743 2193 865 2225 ἅπαντας
879 2194 954 2221 ἐνθυ-

174 2237 336 2271 μουμένους,
352 2237 381 2264 οὐ
393 2237 472 2263 τοῦτο
487 2238 567 2272 μόνον
579 2237 631 2273 χρὴ
647 2240 757 2265 σκοπεῖν
770 2239 844 2270 ὅπως
859 2239 890 2266 ἐκ
905 2240 954 2274 τῆς

173 2284 285 2318 εἰρήνης
309 2283 490 2318 καταστῶμεν
514 2284 581 2317 πρὸς
598 2284 628 2310 τὸ
649 2284 786 2318 πολεμεῖν,
802 2285 859 2311 ἀλλ’
881 2287 954 2318 ὅπως

173 2330 220 2356 nl.
236 2329 418 2364 περιεσόμεθα
438 2329 491 2356 τῶν
512 2329 689 2365 πολεμίων,ἥ
709 2331 792 2365 μηδὲν
809 2331 842 2357 ὲκ
858 2331 953 2358 τούτου

173 2375 300 2410 δυσχερὲς
317 2374 518 2410 ὑπομενοῦμεν.
544 2376 613 2408 Ἐγὼ
632 2375 660 2401 δὲ
683 2374 746 2401 οὔτε
769 2376 886 2411 ἀτολμίᾳ
908 2376 954 2402 τοῦ

174 2421 312 2458 Meum);
327 2420 477 2456 βαρὸάρους
489 2422 560 2455 ὑμᾶς
574 2422 693 2456 πολέμου
706 2421 874 2458 ἀποσχέσθαι
887 2431 956 2457 συμ-

175 2467 303 2499 ϐουλεύω,
316 2466 377 2493 οὔτε
390 2468 458 2501 πρὸς
470 2467 618 2502 ἀπέχθειαν
631 2467 721 2493 αὐτῶν
732 2467 839 2498 οὐδενὸς
848 2468 956 2494 ἀπολεί-

175 2521 261 2546 πομαι
277 2512 353 2547 ὑμῶν
363 2521 370 2528 ·
389 2512 447 2539 ἀλλ’
459 2513 541 2544 αὑτός
553 2520 582 2539 τε
599 2513 632 2539 ἂν
646 2512 776 2548 ἐξέτριψα
789 2513 873 2548 ἡδέως
887 2513 955 2548 ὁμοῦ

175 2566 216 2585 τοι
238 2558 396 2593 σύμπαντας
421 2558 586 2593 βαρὸάρους,
608 2558 687 2593 εἴπερ
704 2556 760 2585 οἷόν
781 2567 820 2591 τε,
837 2559 884 2586 καὶ
907 2568 956 2594 με-

176 2603 273 2637 γίστην
294 2601 429 2633 εὔκλειαν,
446 2601 630 2634 καὶιεύδοείαν
645 2602 690 2629 τὸν
711 2602 823 2629 ἐκείνων
846 2603 957 2639 ὄλεθρον

177 2647 269 2682 φέρειν
287 2647 320 2673 ἂν
333 2647 446 2682 ἐνόμισα
461 2646 538 2682 ἐμοί·
553 2649 600 2674 καὶ
615 2647 680 2683 παρ’
693 2648 789 2683 ἑτέρου
803 2649 957 2683 πάσχοντας

176 2692 248 2724 τινος
267 2693 300 2719 τὰ
316 2693 361 2719 lca.
373 2691 453 2719 εἶδον.
470 2693 507 2719 Οὐ
526 2693 579 2728 μὴν
594 2693 652 2719 ἀλλ’
677 2694 702 2720 εί
722 2694 771 2729 μὲν
785 2694 862 2720 οὐδὲν
875 2695 955 2730 ἐξῆν,

178 2737 230 2764 ἔδει
246 2738 275 2764 δὲ
290 2738 339 2773 ἐμὲ
357 2738 422 2774 παρ’
437 2738 547 2766 ὁτουοῦν
563 2740 766 2774 ἀποσφαγέντα,
783 2739 857 2774 αὐτῷ
871 2739 957 2774 τούτῳ

179 2784 217 2818 τῷ
244 2784 390 2811 ἀποθανεῖν
414 2783 522 2816 ἐξώλεις
548 2785 674 2819 γενέσθαι
698 2786 760 2817 τοὺς
787 2785 956 2820 βαρίάρους,

1004 2196 1077 2232 quod
1093 2203 1142 2223 nec
1161 2196 1236 2230 prius
1247 2203 1404 2230 oppugnare
1420 2203 1468 2221 eos
1482 2194 1679 2229 coneupierim,
1693 2198 1719 2220 et
1737 2201 1784 2220 vos

1004 2249 1076 2268 nunc
1102 2241 1135 2268 ad
1158 2241 1184 2268 id
1198 2246 1250 2267 tam
1270 2245 1377 2267 erectos
1397 2239 1584 2267 ahstcrream?
1603 2239 1693 2272 Quid?
1711 2238 1783 2273 quod

1004 2290 1152 2321 praesentes
1176 2286 1249 2312 vires
1268 2290 1377 2313 nostras
1399 2284 1566 2319 expendcns,
1584 2291 1634 2310 nec
1655 2283 1785 2310 hactenus

1003 2330 1099 2361 fuisse,
1121 2337 1170 2357 nec
1187 2329 1267 2356 modo
1279 2337 1340 2357 esse
1357 2337 1434 2363 pares
1449 2329 1503 2356 illis
1516 2328 1634 2356 invenio.
1659 2328 1730 2362 Ergo
1745 2332 1785 2356 tu.

1004 2380 1132 2402 occurret
1146 2375 1293 2410 quispiam,
1311 2382 1366 2409 prie
1390 2375 1494 2410 pudore
1519 2368 1643 2401 obvelata
1663 2373 1742 2404 facie,
1758 2378 1786 2400 ct

1005 2421 1092 2448 salute
1121 2428 1234 2456 prorsus
1260 2421 1415 2455 desperata,
1432 2420 1541 2447 silentio
1561 2419 1641 2446 nobis
1662 2419 1786 2446 ferendas

1005 2467 1107 2503 plagas,
1123 2472 1148 2494 ct
1162 2468 1189 2494 in
1205 2467 1343 2497 omnibus.
1364 2472 1491 2501 tanquam
1517 2466 1590 2493 heris
1606 2464 1788 2500 praecipienti-

1006 2513 1076 2544 hus,
1103 2512 1286 2540 ohediendum
1315 2512 1440 2539 Barbaris
1474 2511 1645 2539 exsistitnas?
1677 2510 1786 2537 Minime

1006 2559 1127 2593 gentium
1146 2567 1153 2584 ι
1174 2558 1221 2585 sed
1238 2557 1451 2592 belligerandum
1469 2557 1569 2591 potius,
1583 2561 1609 2584 et
1634 2557 1660 2583 in
1676 2556 1727 2582 hoc
1746 2555 1787 2581 in-

1007 2603 1201 2635 cumt-enJum,
1227 2604 1250 2631 si
1278 2603 1306 2630 in
1326 2603 1473 2638 quidquam
1498 2603 1582 2629 aliud.
1608 2602 1666 2629 Non
1696 2607 1784 2629 tamen

1007 2649 1073 2675 adeo
1088 2649 1213 2683 imperite
1227 2653 1254 2676 et
1267 2648 1489 2688 confidenter,'ut
1504 2648 1537 2675 ad
1556 2648 1624 2674 nihil
1636 2647 1709 2674 aliud
1725 2655 1787 2681 pro-

1009 2694 1098 2722 futura
1119 2695 1155 2722 sit
1169 2695 1290 2726 audacia,
1315 2695 1366 2721 nisi
1388 2699 1417 2720 ut
1442 2699 1541 2728 prmter
1562 2702 1604 2725 ea,
1629 2702 1689 2727 qua:
1710 2693 1788 2720 nobis

1009 2734 1111 2774 erepta,
1137 2739 1256 2766 nonduin
1274 2739 1511 2773 ’recupcravimus,
1538 2739 1619 2765 etiam
1649 2738 1703 2769 illa,
1730 2745 1789 2771 qua:

1011 2790 1122 2819 restant,
1140 2786 1306 2813 amittamus.
1325 2785 1389 2817 Qua:
1405 2789 1445 2811 cst
1462 2785 1542 2819 igitur
1559 2792 1618 2811 mea
1640 2782 1791 2810 sententia?
