  <div class='ocr_page' id='page_1' title='image "/cluster/home/n/w/nwhite01/storage/ocr_20150623/154/njp.32101010943486/161.png"; bbox 0 0 1941 3088; ppageno 0'>
   <div class='ocr_carea' id='block_1_1' title="bbox 185 86 232 117">
    <p class='ocr_par' dir='ltr' id='par_1_1' title="bbox 185 86 232 117">
     <span class='ocr_line' id='line_1_1' title="bbox 185 86 232 117; baseline 0 -2"><span class='ocrx_word' id='word_1_1' title='bbox 185 86 232 117; x_wconf 70' lang='grc' dir='ltr'><strong>ΡΗ</strong></span> 
     </span>
    </p>
   </div>
   <div class='ocr_carea' id='block_1_2' title="bbox 181 142 964 181">
    <p class='ocr_par' dir='ltr' id='par_1_2' title="bbox 181 142 964 181">
     <span class='ocr_line' id='line_1_2' title="bbox 181 142 964 181; baseline 0.009 -14"><span class='ocrx_word' id='word_1_2' title='bbox 181 145 320 176; x_wconf 80' lang='grc' dir='ltr'>]ιιιιιοι·(“ιιι</span> <span class='ocrx_word' id='word_1_3' title='bbox 363 142 555 177; x_wconf 86' lang='lat' dir='ltr'><strong>imperatorem</strong></span> <span class='ocrx_word' id='word_1_4' title='bbox 591 145 653 171; x_wconf 84' lang='lat' dir='ltr'><strong>inde</strong></span> <span class='ocrx_word' id='word_1_5' title='bbox 693 145 823 180; x_wconf 77' lang='lat' dir='ltr'><strong>Byzantio</strong></span> <span class='ocrx_word' id='word_1_6' title='bbox 867 147 964 181; x_wconf 88' lang='lat' dir='ltr'><strong>expelli</strong></span> 
     </span>
    </p>
   </div>
   <div class='ocr_carea' id='block_1_3' title="bbox 182 186 965 225">
    <p class='ocr_par' dir='ltr' id='par_1_3' title="bbox 182 186 965 225">
     <span class='ocr_line' id='line_1_3' title="bbox 182 186 965 225; baseline 0.008 -13"><span class='ocrx_word' id='word_1_7' title='bbox 182 193 273 220; x_wconf 88' lang='lat' dir='ltr'><strong>posse.</strong></span> <span class='ocrx_word' id='word_1_8' title='bbox 297 186 324 213; x_wconf 91' lang='lat' dir='ltr'><strong>In</strong></span> <span class='ocrx_word' id='word_1_9' title='bbox 346 187 442 220; x_wconf 82' lang='lat' dir='ltr'><strong>primis</strong></span> <span class='ocrx_word' id='word_1_10' title='bbox 459 192 548 214; x_wconf 88' lang='lat' dir='ltr'><strong>autem</strong></span> <span class='ocrx_word' id='word_1_11' title='bbox 569 188 688 216; x_wconf 76' lang='lat' dir='ltr'><strong>Joannes</strong></span> <span class='ocrx_word' id='word_1_12' title='bbox 713 189 820 217; x_wconf 82' lang='lat' dir='ltr'><strong>Peralta</strong></span> <span class='ocrx_word' id='word_1_13' title='bbox 846 192 965 225; x_wconf 61' lang='lat' dir='ltr'><strong>praesidii</strong></span> 
     </span>
    </p>
   </div>
   <div class='ocr_carea' id='block_1_4' title="bbox 183 232 967 266">
    <p class='ocr_par' dir='ltr' id='par_1_4' title="bbox 183 232 967 266">
     <span class='ocr_line' id='line_1_4' title="bbox 183 232 967 266; baseline 0.009 -9"><span class='ocrx_word' id='word_1_14' title='bbox 183 232 328 265; x_wconf 57' lang='lat' dir='ltr'><strong>[traiectus</strong></span> <span class='ocrx_word' id='word_1_15' title='bbox 344 236 370 259; x_wconf 91' lang='lat' dir='ltr'><strong>et</strong></span> <span class='ocrx_word' id='word_1_16' title='bbox 388 232 446 266; x_wconf 89' lang='lat' dir='ltr'><strong>ipse</strong></span> <span class='ocrx_word' id='word_1_17' title='bbox 470 233 566 260; x_wconf 87' lang='lat' dir='ltr'><strong>orabat</strong></span> <span class='ocrx_word' id='word_1_18' title='bbox 580 240 607 261; x_wconf 90' lang='lat' dir='ltr'><strong>et</strong></span> <span class='ocrx_word' id='word_1_19' title='bbox 624 235 692 262; x_wconf 87' lang='lat' dir='ltr'><strong>alios</strong></span> <span class='ocrx_word' id='word_1_20' title='bbox 709 235 743 262; x_wconf 85' lang='lat' dir='ltr'><strong>ad</strong></span> <span class='ocrx_word' id='word_1_21' title='bbox 763 237 896 263; x_wconf 89' lang='lat' dir='ltr'><strong>orandum</strong></span> <span class='ocrx_word' id='word_1_22' title='bbox 911 238 967 264; x_wconf 88' lang='lat' dir='ltr'><strong>sol-</strong></span> 
     </span>
    </p>
   </div>
   <div class='ocr_carea' id='block_1_5' title="bbox 183 275 966 314">
    <p class='ocr_par' dir='ltr' id='par_1_5' title="bbox 183 275 966 314">
     <span class='ocr_line' id='line_1_5' title="bbox 183 275 966 314; baseline 0.008 -12"><span class='ocrx_word' id='word_1_23' title='bbox 183 275 318 306; x_wconf 87' lang='lat' dir='ltr'><strong>licitabat.</strong></span> <span class='ocrx_word' id='word_1_24' title='bbox 333 281 363 303; x_wconf 91' lang='lat' dir='ltr'><strong>ut</strong></span> <span class='ocrx_word' id='word_1_25' title='bbox 392 277 438 311; x_wconf 90' lang='lat' dir='ltr'><strong>qui</strong></span> <span class='ocrx_word' id='word_1_26' title='bbox 466 277 563 311; x_wconf 87' lang='lat' dir='ltr'><strong>perdiu</strong></span> <span class='ocrx_word' id='word_1_27' title='bbox 579 286 641 305; x_wconf 88' lang='lat' dir='ltr'><strong>eum</strong></span> <span class='ocrx_word' id='word_1_28' title='bbox 658 279 823 314; x_wconf 75' lang='lat' dir='ltr'><strong>imperatore</strong></span> <span class='ocrx_word' id='word_1_29' title='bbox 842 285 966 308; x_wconf 86' lang='lat' dir='ltr'><strong>versatus</strong></span> 
     </span>
    </p>
   </div>
   <div class='ocr_carea' id='block_1_6' title="bbox 184 321 964 359">
    <p class='ocr_par' dir='ltr' id='par_1_6' title="bbox 184 321 964 359">
     <span class='ocr_line' id='line_1_6' title="bbox 184 321 964 359; baseline 0.006 -11"><span class='ocrx_word' id='word_1_30' title='bbox 184 321 280 348; x_wconf 86' lang='lat' dir='ltr'><strong>multis</strong></span> <span class='ocrx_word' id='word_1_31' title='bbox 293 330 321 349; x_wconf 87' lang='lat' dir='ltr'><strong>se</strong></span> <span class='ocrx_word' id='word_1_32' title='bbox 338 323 468 356; x_wconf 81' lang='lat' dir='ltr'><strong>periculis</strong></span> <span class='ocrx_word' id='word_1_33' title='bbox 493 323 552 358; x_wconf 88' lang='lat' dir='ltr'><strong>ejus</strong></span> <span class='ocrx_word' id='word_1_34' title='bbox 565 331 647 350; x_wconf 78' lang='lat' dir='ltr'><strong>causa</strong></span> <span class='ocrx_word' id='word_1_35' title='bbox 661 325 816 359; x_wconf 84' lang='lat' dir='ltr'><strong>objecisset.</strong></span> <span class='ocrx_word' id='word_1_36' title='bbox 833 326 964 353; x_wconf 81' lang='lat' dir='ltr'><strong>Militavc-</strong></span> 
     </span>
    </p>
   </div>
   <div class='ocr_carea' id='block_1_7' title="bbox 183 366 967 405">
    <p class='ocr_par' dir='ltr' id='par_1_7' title="bbox 183 366 967 405">
     <span class='ocr_line' id='line_1_7' title="bbox 183 366 967 405; baseline 0.006 -13"><span class='ocrx_word' id='word_1_37' title='bbox 183 371 226 394; x_wconf 89' lang='lat' dir='ltr'><strong>rat</strong></span> <span class='ocrx_word' id='word_1_38' title='bbox 244 366 316 393; x_wconf 89' lang='lat' dir='ltr'><strong>enim</strong></span> <span class='ocrx_word' id='word_1_39' title='bbox 335 367 385 399; x_wconf 88' lang='lat' dir='ltr'><strong>illi,</strong></span> <span class='ocrx_word' id='word_1_40' title='bbox 405 368 513 401; x_wconf 79' lang='lat' dir='ltr'><strong>quando</strong></span> <span class='ocrx_word' id='word_1_41' title='bbox 530 368 557 394; x_wconf 91' lang='lat' dir='ltr'><strong>in</strong></span> <span class='ocrx_word' id='word_1_42' title='bbox 572 368 699 397; x_wconf 77' lang='lat' dir='ltr'><strong>Triballis</strong></span> <span class='ocrx_word' id='word_1_43' title='bbox 713 377 762 405; x_wconf 90' lang='lat' dir='ltr'><strong>per</strong></span> <span class='ocrx_word' id='word_1_44' title='bbox 787 370 889 397; x_wconf 88' lang='lat' dir='ltr'><strong>bellum</strong></span> <span class='ocrx_word' id='word_1_45' title='bbox 908 378 967 397; x_wconf 91' lang='lat' dir='ltr'><strong>mo-</strong></span> 
     </span>
    </p>
   </div>
   <div class='ocr_carea' id='block_1_8' title="bbox 183 412 965 445">
    <p class='ocr_par' dir='ltr' id='par_1_8' title="bbox 183 412 965 445">
     <span class='ocr_line' id='line_1_8' title="bbox 183 412 965 445; baseline 0.005 -7"><span class='ocrx_word' id='word_1_46' title='bbox 183 412 307 445; x_wconf 86' lang='lat' dir='ltr'><strong>rabatur,</strong></span> <span class='ocrx_word' id='word_1_47' title='bbox 324 417 350 440; x_wconf 89' lang='lat' dir='ltr'><strong>et</strong></span> <span class='ocrx_word' id='word_1_48' title='bbox 378 413 476 441; x_wconf 87' lang='lat' dir='ltr'><strong>crebra</strong></span> <span class='ocrx_word' id='word_1_49' title='bbox 499 422 554 441; x_wconf 64' lang='lat' dir='ltr'><strong>suae</strong></span> <span class='ocrx_word' id='word_1_50' title='bbox 570 415 597 442; x_wconf 93' lang='lat' dir='ltr'><strong>in</strong></span> <span class='ocrx_word' id='word_1_51' title='bbox 612 422 676 442; x_wconf 86' lang='lat' dir='ltr'><strong>eum</strong></span> <span class='ocrx_word' id='word_1_52' title='bbox 705 416 853 444; x_wconf 72' lang='lat' dir='ltr'><strong>voluntatis</strong></span> <span class='ocrx_word' id='word_1_53' title='bbox 866 416 965 443; x_wconf 84' lang='lat' dir='ltr'><strong>indicia</strong></span> 
     </span>
    </p>
   </div>
   <div class='ocr_carea' id='block_1_9' title="bbox 184 459 965 496">
    <p class='ocr_par' dir='ltr' id='par_1_9' title="bbox 184 459 965 496">
     <span class='ocr_line' id='line_1_9' title="bbox 184 459 965 496; baseline 0.004 -11"><span class='ocrx_word' id='word_1_54' title='bbox 184 459 307 491; x_wconf 81' lang='lat' dir='ltr'><strong>dederat,</strong></span> <span class='ocrx_word' id='word_1_55' title='bbox 325 459 392 486; x_wconf 93' lang='lat' dir='ltr'><strong>nihil</strong></span> <span class='ocrx_word' id='word_1_56' title='bbox 419 465 484 488; x_wconf 88' lang='lat' dir='ltr'><strong>tunc</strong></span> <span class='ocrx_word' id='word_1_57' title='bbox 507 460 676 491; x_wconf 82' lang='lat' dir='ltr'><strong>immutatus.</strong></span> <span class='ocrx_word' id='word_1_58' title='bbox 691 461 801 496; x_wconf 81' lang='lat' dir='ltr'><strong>quando</strong></span> <span class='ocrx_word' id='word_1_59' title='bbox 819 462 899 489; x_wconf 88' lang='lat' dir='ltr'><strong>etiam</strong></span> <span class='ocrx_word' id='word_1_60' title='bbox 919 463 965 496; x_wconf 90' lang='lat' dir='ltr'><strong>qui</strong></span> 
     </span>
    </p>
   </div>
   <div class='ocr_carea' id='block_1_10' title="bbox 184 505 966 542">
    <p class='ocr_par' dir='ltr' id='par_1_10' title="bbox 184 505 966 542">
     <span class='ocr_line' id='line_1_10' title="bbox 184 505 966 542; baseline 0.005 -11"><span class='ocrx_word' id='word_1_61' title='bbox 184 505 351 532; x_wconf 81' lang='lat' dir='ltr'><strong>videbantur</strong></span> <span class='ocrx_word' id='word_1_62' title='bbox 372 506 543 539; x_wconf 85' lang='lat' dir='ltr'><strong>amicissimi,</strong></span> <span class='ocrx_word' id='word_1_63' title='bbox 564 514 626 534; x_wconf 81' lang='lat' dir='ltr'><strong>cum</strong></span> <span class='ocrx_word' id='word_1_64' title='bbox 643 507 734 537; x_wconf 83' lang='lat' dir='ltr'><strong>rebus.</strong></span> <span class='ocrx_word' id='word_1_65' title='bbox 750 512 778 534; x_wconf 88' lang='lat' dir='ltr'><strong>et</strong></span> <span class='ocrx_word' id='word_1_66' title='bbox 799 508 966 542; x_wconf 80' lang='lat' dir='ltr'><strong>temporibus</strong></span> 
     </span>
    </p>
   </div>
   <div class='ocr_carea' id='block_1_11' title="bbox 184 551 966 588">
    <p class='ocr_par' dir='ltr' id='par_1_11' title="bbox 184 551 966 588">
     <span class='ocr_line' id='line_1_11' title="bbox 184 551 966 588; baseline 0.004 -11"><span class='ocrx_word' id='word_1_67' title='bbox 184 551 265 578; x_wconf 80' lang='lat' dir='ltr'><strong>ﬁdem</strong></span> <span class='ocrx_word' id='word_1_68' title='bbox 282 555 403 579; x_wconf 84' lang='lat' dir='ltr'><strong>mutasse</strong></span> <span class='ocrx_word' id='word_1_69' title='bbox 419 551 586 586; x_wconf 84' lang='lat' dir='ltr'><strong>deprehensi</strong></span> <span class='ocrx_word' id='word_1_70' title='bbox 613 559 684 580; x_wconf 85' lang='lat' dir='ltr'><strong>sunt.</strong></span> <span class='ocrx_word' id='word_1_71' title='bbox 701 553 782 588; x_wconf 76' lang='lat'><strong>8&#39;75</strong></span> <span class='ocrx_word' id='word_1_72' title='bbox 800 553 966 588; x_wconf 83' lang='lat' dir='ltr'><strong>lmperatore</strong></span> 
     </span>
    </p>
   </div>
   <div class='ocr_carea' id='block_1_12' title="bbox 183 597 965 633">
    <p class='ocr_par' dir='ltr' id='par_1_12' title="bbox 183 597 965 633">
     <span class='ocr_line' id='line_1_12' title="bbox 183 597 965 633; baseline 0.004 -10"><span class='ocrx_word' id='word_1_73' title='bbox 183 597 379 631; x_wconf 63' lang='lat' dir='ltr'><strong>respondente.</strong></span> <span class='ocrx_word' id='word_1_74' title='bbox 401 605 495 625; x_wconf 90' lang='lat' dir='ltr'><strong>eorum</strong></span> <span class='ocrx_word' id='word_1_75' title='bbox 512 598 671 633; x_wconf 81' lang='lat' dir='ltr'><strong>petitionem</strong></span> <span class='ocrx_word' id='word_1_76' title='bbox 685 599 788 633; x_wconf 84' lang='lat' dir='ltr'><strong>expleri</strong></span> <span class='ocrx_word' id='word_1_77' title='bbox 801 607 854 626; x_wconf 92' lang='lat' dir='ltr'><strong>non</strong></span> <span class='ocrx_word' id='word_1_78' title='bbox 866 607 945 633; x_wconf 88' lang='lat' dir='ltr'><strong>posse</strong></span> <span class='ocrx_word' id='word_1_79' title='bbox 959 608 965 625; x_wconf 92' lang='lat'>:</span> 
     </span>
    </p>
   </div>
   <div class='ocr_carea' id='block_1_13' title="bbox 183 643 966 676">
    <p class='ocr_par' dir='ltr' id='par_1_13' title="bbox 183 643 966 676">
     <span class='ocr_line' id='line_1_13' title="bbox 183 643 966 676; baseline 0.001 -6"><span class='ocrx_word' id='word_1_80' title='bbox 183 651 239 670; x_wconf 87' lang='lat' dir='ltr'><strong>non</strong></span> <span class='ocrx_word' id='word_1_81' title='bbox 269 643 343 670; x_wconf 89' lang='lat' dir='ltr'><strong>enim</strong></span> <span class='ocrx_word' id='word_1_82' title='bbox 361 651 440 670; x_wconf 85' lang='lat' dir='ltr'><strong>suum</strong></span> <span class='ocrx_word' id='word_1_83' title='bbox 468 651 539 675; x_wconf 81' lang='lat' dir='ltr'><strong>esse,</strong></span> <span class='ocrx_word' id='word_1_84' title='bbox 567 644 651 671; x_wconf 88' lang='lat' dir='ltr'><strong>semel</strong></span> <span class='ocrx_word' id='word_1_85' title='bbox 680 644 789 671; x_wconf 85' lang='lat' dir='ltr'><strong>decreta</strong></span> <span class='ocrx_word' id='word_1_86' title='bbox 809 649 966 676; x_wconf 88' lang='lat' dir='ltr'><strong>retractare,</strong></span> 
     </span>
    </p>
   </div>
   <div class='ocr_carea' id='block_1_14' title="bbox 183 689 967 724">
    <p class='ocr_par' dir='ltr' id='par_1_14' title="bbox 183 689 967 724">
     <span class='ocr_line' id='line_1_14' title="bbox 183 689 967 724; baseline 0 -9"><span class='ocrx_word' id='word_1_87' title='bbox 183 689 357 723; x_wconf 87' lang='lat' dir='ltr'><strong>instanteque</strong></span> <span class='ocrx_word' id='word_1_88' title='bbox 388 695 413 716; x_wconf 90' lang='lat' dir='ltr'><strong>ul</strong></span> <span class='ocrx_word' id='word_1_89' title='bbox 433 689 521 716; x_wconf 89' lang='lat' dir='ltr'><strong>locum</strong></span> <span class='ocrx_word' id='word_1_90' title='bbox 542 689 692 721; x_wconf 76' lang='lat' dir='ltr'><strong>traderent.</strong></span> <span class='ocrx_word' id='word_1_91' title='bbox 717 694 824 724; x_wconf 82' lang='lat' dir='ltr'><strong>tempus</strong></span> <span class='ocrx_word' id='word_1_92' title='bbox 842 689 875 716; x_wconf 86' lang='lat' dir='ltr'><strong>ad</strong></span> <span class='ocrx_word' id='word_1_93' title='bbox 899 689 967 716; x_wconf 88' lang='lat' dir='ltr'><strong>deli-</strong></span> 
     </span>
    </p>
   </div>
   <div class='ocr_carea' id='block_1_15' title="bbox 185 736 966 770">
    <p class='ocr_par' dir='ltr' id='par_1_15' title="bbox 185 736 966 770">
     <span class='ocr_line' id='line_1_15' title="bbox 185 736 966 770; baseline 0 -8"><span class='ocrx_word' id='word_1_94' title='bbox 185 736 337 762; x_wconf 89' lang='lat' dir='ltr'><strong>berandum</strong></span> <span class='ocrx_word' id='word_1_95' title='bbox 354 736 598 770; x_wconf 87' lang='lat' dir='ltr'><strong>petiverunt,quid</strong></span> <span class='ocrx_word' id='word_1_96' title='bbox 616 736 788 770; x_wconf 81' lang='lat' dir='ltr'><strong>potissimum</strong></span> <span class='ocrx_word' id='word_1_97' title='bbox 805 736 966 770; x_wconf 74' lang='lat' dir='ltr'><strong>inciperent,</strong></span> 
     </span>
    </p>
   </div>
   <div class='ocr_carea' id='block_1_16' title="bbox 186 780 967 815">
    <p class='ocr_par' dir='ltr' id='par_1_16' title="bbox 186 780 967 815">
     <span class='ocr_line' id='line_1_16' title="bbox 186 780 967 815; baseline -0.001 -7"><span class='ocrx_word' id='word_1_98' title='bbox 186 786 215 808; x_wconf 87' lang='lat' dir='ltr'><strong>ut</strong></span> <span class='ocrx_word' id='word_1_99' title='bbox 229 782 282 808; x_wconf 84' lang='lat' dir='ltr'><strong>sibi</strong></span> <span class='ocrx_word' id='word_1_100' title='bbox 297 789 378 815; x_wconf 80' lang='lat' dir='ltr'><strong>quam</strong></span> <span class='ocrx_word' id='word_1_101' title='bbox 406 781 507 815; x_wconf 83' lang='lat' dir='ltr'><strong>optime</strong></span> <span class='ocrx_word' id='word_1_102' title='bbox 536 781 708 808; x_wconf 85' lang='lat' dir='ltr'><strong>consuluisse</strong></span> <span class='ocrx_word' id='word_1_103' title='bbox 727 780 895 807; x_wconf 83' lang='lat' dir='ltr'><strong>viderentur.</strong></span> <span class='ocrx_word' id='word_1_104' title='bbox 908 781 967 812; x_wconf 81' lang='lat' dir='ltr'><strong>Quo</strong></span> 
     </span>
    </p>
   </div>
   <div class='ocr_carea' id='block_1_17' title="bbox 184 826 967 861">
    <p class='ocr_par' dir='ltr' id='par_1_17' title="bbox 184 826 967 861">
     <span class='ocr_line' id='line_1_17' title="bbox 184 826 967 861; baseline -0.001 -8"><span class='ocrx_word' id='word_1_105' title='bbox 184 834 326 857; x_wconf 83' lang='lat' dir='ltr'><strong>concesso.</strong></span> <span class='ocrx_word' id='word_1_106' title='bbox 342 834 375 853; x_wconf 90' lang='lat' dir='ltr'><strong>eo</strong></span> <span class='ocrx_word' id='word_1_107' title='bbox 392 827 418 854; x_wconf 86' lang='lat' dir='ltr'><strong>iu</strong></span> <span class='ocrx_word' id='word_1_108' title='bbox 437 827 507 853; x_wconf 87' lang='lat' dir='ltr'><strong>atrio</strong></span> <span class='ocrx_word' id='word_1_109' title='bbox 520 827 616 854; x_wconf 90' lang='lat' dir='ltr'><strong>relicto</strong></span> <span class='ocrx_word' id='word_1_110' title='bbox 633 827 684 861; x_wconf 89' lang='lat' dir='ltr'><strong>ipsi</strong></span> <span class='ocrx_word' id='word_1_111' title='bbox 706 826 777 853; x_wconf 87' lang='lat' dir='ltr'><strong>intra</strong></span> <span class='ocrx_word' id='word_1_112' title='bbox 793 834 885 853; x_wconf 86' lang='lat' dir='ltr'><strong>arcem</strong></span> <span class='ocrx_word' id='word_1_113' title='bbox 901 834 967 852; x_wconf 88' lang='lat' dir='ltr'><strong>con-</strong></span> 
     </span>
    </p>
   </div>
   <div class='ocr_carea' id='block_1_18' title="bbox 184 871 969 907">
    <p class='ocr_par' dir='ltr' id='par_1_18' title="bbox 184 871 969 907">
     <span class='ocr_line' id='line_1_18' title="bbox 184 871 969 907; baseline 0.001 -9"><span class='ocrx_word' id='word_1_114' title='bbox 184 877 348 899; x_wconf 82' lang='lat' dir='ltr'><strong>venerunt:</strong></span> <span class='ocrx_word' id='word_1_115' title='bbox 372 872 417 899; x_wconf 91' lang='lat' dir='ltr'><strong>ubi</strong></span> <span class='ocrx_word' id='word_1_116' title='bbox 441 871 495 898; x_wconf 78' lang='lat' dir='ltr'><strong>dux</strong></span> <span class='ocrx_word' id='word_1_117' title='bbox 529 879 625 899; x_wconf 85' lang='lat' dir='ltr'><strong>auctor</strong></span> <span class='ocrx_word' id='word_1_118' title='bbox 647 872 906 907; x_wconf 81' lang='lat' dir='ltr'><strong>fuit.juramentum</strong></span> <span class='ocrx_word' id='word_1_119' title='bbox 935 872 969 899; x_wconf 85' lang='lat' dir='ltr'><strong>ab</strong></span> 
     </span>
    </p>
   </div>
   <div class='ocr_carea' id='block_1_19' title="bbox 185 911 968 951">
    <p class='ocr_par' dir='ltr' id='par_1_19' title="bbox 185 911 968 951">
     <span class='ocr_line' id='line_1_19' title="bbox 185 911 968 951; baseline 0.004 -10"><span class='ocrx_word' id='word_1_120' title='bbox 185 915 348 950; x_wconf 74' lang='lat' dir='ltr'><strong>imperatore</strong></span> <span class='ocrx_word' id='word_1_121' title='bbox 366 911 520 951; x_wconf 82' lang='lat' dir='ltr'><strong>poscerent.</strong></span> <span class='ocrx_word' id='word_1_122' title='bbox 536 915 687 951; x_wconf 63' lang='lat' dir='ltr'><strong>Palmologo</strong></span> <span class='ocrx_word' id='word_1_123' title='bbox 705 923 764 944; x_wconf 87' lang='lat' dir='ltr'><strong>eam</strong></span> <span class='ocrx_word' id='word_1_124' title='bbox 785 924 839 944; x_wconf 88' lang='lat' dir='ltr'><strong>non</strong></span> <span class='ocrx_word' id='word_1_125' title='bbox 853 917 968 945; x_wconf 89' lang='lat' dir='ltr'><strong>traditu-</strong></span> 
     </span>
    </p>
   </div>
   <div class='ocr_carea' id='block_1_20' title="bbox 185 960 968 995">
    <p class='ocr_par' dir='ltr' id='par_1_20' title="bbox 185 960 968 995">
     <span class='ocr_line' id='line_1_20' title="bbox 185 960 968 995; baseline 0.003 -9"><span class='ocrx_word' id='word_1_126' title='bbox 185 964 296 989; x_wconf 81' lang='lat' dir='ltr'><strong>rum.ct</strong></span> <span class='ocrx_word' id='word_1_127' title='bbox 319 964 348 986; x_wconf 90' lang='lat' dir='ltr'><strong>ut</strong></span> <span class='ocrx_word' id='word_1_128' title='bbox 376 961 416 987; x_wconf 81' lang='lat' dir='ltr'><strong>vel</strong></span> <span class='ocrx_word' id='word_1_129' title='bbox 435 968 497 987; x_wconf 91' lang='lat' dir='ltr'><strong>cum</strong></span> <span class='ocrx_word' id='word_1_130' title='bbox 517 960 583 995; x_wconf 88' lang='lat' dir='ltr'><strong>ipsis</strong></span> <span class='ocrx_word' id='word_1_131' title='bbox 596 964 730 993; x_wconf 85' lang='lat' dir='ltr'><strong>maneret,</strong></span> <span class='ocrx_word' id='word_1_132' title='bbox 746 961 788 988; x_wconf 89' lang='lat' dir='ltr'><strong>vel</strong></span> <span class='ocrx_word' id='word_1_133' title='bbox 810 961 832 988; x_wconf 91' lang='lat' dir='ltr'><strong>si</strong></span> <span class='ocrx_word' id='word_1_134' title='bbox 849 961 968 989; x_wconf 85' lang='lat' dir='ltr'><strong>obsideri</strong></span> 
     </span>
    </p>
   </div>
   <div class='ocr_carea' id='block_1_21' title="bbox 187 1005 968 1041">
    <p class='ocr_par' dir='ltr' id='par_1_21' title="bbox 187 1005 968 1041">
     <span class='ocr_line' id='line_1_21' title="bbox 187 1005 968 1041; baseline 0.001 -9"><span class='ocrx_word' id='word_1_135' title='bbox 187 1005 281 1037; x_wconf 88' lang='lat' dir='ltr'><strong>nollet,</strong></span> <span class='ocrx_word' id='word_1_136' title='bbox 298 1005 324 1032; x_wconf 93' lang='lat' dir='ltr'><strong>in</strong></span> <span class='ocrx_word' id='word_1_137' title='bbox 344 1006 473 1040; x_wconf 86' lang='lat' dir='ltr'><strong>palatium</strong></span> <span class='ocrx_word' id='word_1_138' title='bbox 494 1013 645 1041; x_wconf 80' lang='lat' dir='ltr'><strong>regressus,</strong></span> <span class='ocrx_word' id='word_1_139' title='bbox 659 1006 760 1033; x_wconf 80' lang='lat' dir='ltr'><strong>faceret</strong></span> <span class='ocrx_word' id='word_1_140' title='bbox 772 1006 845 1040; x_wconf 88' lang='lat' dir='ltr'><strong>quod</strong></span> <span class='ocrx_word' id='word_1_141' title='bbox 859 1007 968 1040; x_wconf 81' lang='lat' dir='ltr'><strong>liberet,</strong></span> 
     </span>
    </p>
   </div>
   <div class='ocr_carea' id='block_1_22' title="bbox 186 1052 968 1088">
    <p class='ocr_par' dir='ltr' id='par_1_22' title="bbox 186 1052 968 1088">
     <span class='ocr_line' id='line_1_22' title="bbox 186 1052 968 1088; baseline 0 -8"><span class='ocrx_word' id='word_1_142' title='bbox 186 1059 215 1080; x_wconf 90' lang='lat' dir='ltr'><strong>se</strong></span> <span class='ocrx_word' id='word_1_143' title='bbox 230 1052 422 1088; x_wconf 76' lang='lat' dir='ltr'><strong>Byzantiorum</strong></span> <span class='ocrx_word' id='word_1_144' title='bbox 446 1052 500 1079; x_wconf 88' lang='lat' dir='ltr'><strong>vim</strong></span> <span class='ocrx_word' id='word_1_145' title='bbox 523 1059 573 1087; x_wconf 91' lang='lat' dir='ltr'><strong>pro</strong></span> <span class='ocrx_word' id='word_1_146' title='bbox 591 1059 625 1080; x_wconf 89' lang='lat' dir='ltr'><strong>eo</strong></span> <span class='ocrx_word' id='word_1_147' title='bbox 649 1052 728 1080; x_wconf 82' lang='lat' dir='ltr'><strong>facile</strong></span> <span class='ocrx_word' id='word_1_148' title='bbox 751 1053 924 1080; x_wconf 87' lang='lat' dir='ltr'><strong>toleraturos.</strong></span> <span class='ocrx_word' id='word_1_149' title='bbox 941 1053 968 1080; x_wconf 88' lang='lat' dir='ltr'><strong>Si</strong></span> 
     </span>
    </p>
   </div>
   <div class='ocr_carea' id='block_1_23' title="bbox 186 1097 968 1132">
    <p class='ocr_par' dir='ltr' id='par_1_23' title="bbox 186 1097 968 1132">
     <span class='ocr_line' id='line_1_23' title="bbox 186 1097 968 1132; baseline 0.001 -9"><span class='ocrx_word' id='word_1_150' title='bbox 186 1102 313 1124; x_wconf 88' lang='lat' dir='ltr'><strong>neutrum</strong></span> <span class='ocrx_word' id='word_1_151' title='bbox 332 1097 471 1131; x_wconf 86' lang='lat' dir='ltr'><strong>probaret.</strong></span> <span class='ocrx_word' id='word_1_152' title='bbox 495 1101 522 1124; x_wconf 90' lang='lat' dir='ltr'><strong>et</strong></span> <span class='ocrx_word' id='word_1_153' title='bbox 537 1104 628 1132; x_wconf 64' lang='lat' dir='ltr'><strong>operae</strong></span> <span class='ocrx_word' id='word_1_154' title='bbox 641 1097 759 1131; x_wconf 89' lang='lat' dir='ltr'><strong>pretium</strong></span> <span class='ocrx_word' id='word_1_155' title='bbox 775 1097 889 1124; x_wconf 87' lang='lat' dir='ltr'><strong>duceret</strong></span> <span class='ocrx_word' id='word_1_156' title='bbox 905 1105 968 1132; x_wconf 91' lang='lat' dir='ltr'><strong>pro-</strong></span> 
     </span>
    </p>
   </div>
   <div class='ocr_carea' id='block_1_24' title="bbox 185 1142 968 1179">
    <p class='ocr_par' dir='ltr' id='par_1_24' title="bbox 185 1142 968 1179">
     <span class='ocr_line' id='line_1_24' title="bbox 185 1142 968 1179; baseline 0.003 -11"><span class='ocrx_word' id='word_1_157' title='bbox 185 1143 369 1178; x_wconf 79' lang='lat' dir='ltr'><strong>pugnaculum</strong></span> <span class='ocrx_word' id='word_1_158' title='bbox 398 1142 509 1174; x_wconf 87' lang='lat' dir='ltr'><strong>dedere,</strong></span> <span class='ocrx_word' id='word_1_159' title='bbox 532 1142 693 1170; x_wconf 84' lang='lat' dir='ltr'><strong>dimissuros</strong></span> <span class='ocrx_word' id='word_1_160' title='bbox 717 1143 744 1170; x_wconf 93' lang='lat' dir='ltr'><strong>id</strong></span> <span class='ocrx_word' id='word_1_161' title='bbox 769 1150 895 1179; x_wconf 85' lang='lat' dir='ltr'><strong>quoque,</strong></span> <span class='ocrx_word' id='word_1_162' title='bbox 916 1144 968 1171; x_wconf 78' lang='lat' dir='ltr'><strong>ﬁde</strong></span> 
     </span>
    </p>
   </div>
   <div class='ocr_carea' id='block_1_25' title="bbox 187 1187 969 1223">
    <p class='ocr_par' dir='ltr' id='par_1_25' title="bbox 187 1187 969 1223">
     <span class='ocr_line' id='line_1_25' title="bbox 187 1187 969 1223; baseline 0.003 -9"><span class='ocrx_word' id='word_1_163' title='bbox 187 1188 265 1221; x_wconf 71' lang='lat' dir='ltr'><strong>prius</strong></span> <span class='ocrx_word' id='word_1_164' title='bbox 279 1195 342 1214; x_wconf 89' lang='lat' dir='ltr'><strong>cum</strong></span> <span class='ocrx_word' id='word_1_165' title='bbox 358 1191 530 1215; x_wconf 79' lang='lat' dir='ltr'><strong>sacramento</strong></span> <span class='ocrx_word' id='word_1_166' title='bbox 545 1192 668 1222; x_wconf 84' lang='lat' dir='ltr'><strong>accepta,</strong></span> <span class='ocrx_word' id='word_1_167' title='bbox 682 1195 737 1215; x_wconf 88' lang='lat' dir='ltr'><strong>non</strong></span> <span class='ocrx_word' id='word_1_168' title='bbox 753 1187 969 1223; x_wconf 79' lang='lat' dir='ltr'><strong>ignavia,nequc</strong></span> 
     </span>
    </p>
   </div>
   <div class='ocr_carea' id='block_1_26' title="bbox 187 1232 969 1269">
    <p class='ocr_par' dir='ltr' id='par_1_26' title="bbox 187 1232 969 1269">
     <span class='ocr_line' id='line_1_26' title="bbox 187 1232 969 1269; baseline 0.004 -11"><span class='ocrx_word' id='word_1_169' title='bbox 187 1233 261 1267; x_wconf 83' lang='lat' dir='ltr'><strong>quod</strong></span> <span class='ocrx_word' id='word_1_170' title='bbox 289 1233 448 1265; x_wconf 77' lang='lat' dir='ltr'><strong>deficerent,</strong></span> <span class='ocrx_word' id='word_1_171' title='bbox 471 1232 499 1260; x_wconf 90' lang='lat' dir='ltr'><strong>id</strong></span> <span class='ocrx_word' id='word_1_172' title='bbox 529 1232 638 1265; x_wconf 77' lang='lat' dir='ltr'><strong>fecisse,</strong></span> <span class='ocrx_word' id='word_1_173' title='bbox 660 1233 708 1260; x_wconf 87' lang='lat' dir='ltr'><strong>sed</strong></span> <span class='ocrx_word' id='word_1_174' title='bbox 735 1239 764 1260; x_wconf 87' lang='lat' dir='ltr'><strong>ut</strong></span> <span class='ocrx_word' id='word_1_175' title='bbox 789 1233 814 1260; x_wconf 86' lang='lat' dir='ltr'><strong>ei</strong></span> <span class='ocrx_word' id='word_1_176' title='bbox 839 1235 969 1269; x_wconf 75' lang='lat' dir='ltr'><strong>primum,</strong></span> 
     </span>
    </p>
   </div>
   <div class='ocr_carea' id='block_1_27' title="bbox 187 1277 969 1314">
    <p class='ocr_par' dir='ltr' id='par_1_27' title="bbox 187 1277 969 1314">
     <span class='ocr_line' id='line_1_27' title="bbox 187 1277 969 1314; baseline 0.003 -10"><span class='ocrx_word' id='word_1_177' title='bbox 187 1278 287 1305; x_wconf 53' lang='lat' dir='ltr'><strong>dv-inde</strong></span> <span class='ocrx_word' id='word_1_178' title='bbox 304 1279 415 1306; x_wconf 86' lang='lat' dir='ltr'><strong>sibimet</strong></span> <span class='ocrx_word' id='word_1_179' title='bbox 430 1286 511 1313; x_wconf 92' lang='lat' dir='ltr'><strong>quam</strong></span> <span class='ocrx_word' id='word_1_180' title='bbox 527 1278 630 1313; x_wconf 84' lang='lat' dir='ltr'><strong>optime</strong></span> <span class='ocrx_word' id='word_1_181' title='bbox 648 1277 848 1314; x_wconf 88' lang='lat' dir='ltr'><strong>prospicerent.</strong></span> <span class='ocrx_word' id='word_1_182' title='bbox 862 1279 969 1307; x_wconf 61' lang='grc' dir='ltr'>Βοιωτι-</span> 
     </span>
    </p>
   </div>
   <div class='ocr_carea' id='block_1_28' title="bbox 188 1324 969 1360">
    <p class='ocr_par' dir='ltr' id='par_1_28' title="bbox 188 1324 969 1360">
     <span class='ocr_line' id='line_1_28' title="bbox 188 1324 969 1360; baseline 0.004 -10"><span class='ocrx_word' id='word_1_183' title='bbox 188 1329 233 1351; x_wconf 88' lang='lat' dir='ltr'><strong>tur</strong></span> <span class='ocrx_word' id='word_1_184' title='bbox 249 1324 336 1356; x_wconf 87' lang='lat' dir='ltr'><strong>enim,</strong></span> <span class='ocrx_word' id='word_1_185' title='bbox 350 1324 396 1352; x_wconf 90' lang='lat' dir='ltr'><strong>ubi</strong></span> <span class='ocrx_word' id='word_1_186' title='bbox 417 1325 443 1351; x_wconf 87' lang='lat' dir='ltr'><strong>id</strong></span> <span class='ocrx_word' id='word_1_187' title='bbox 464 1325 627 1353; x_wconf 79' lang='lat' dir='ltr'><strong>necessitate</strong></span> <span class='ocrx_word' id='word_1_188' title='bbox 645 1333 745 1360; x_wconf 82' lang='lat' dir='ltr'><strong>genero</strong></span> <span class='ocrx_word' id='word_1_189' title='bbox 770 1326 969 1358; x_wconf 85' lang='lat' dir='ltr'><strong>transdidisset,</strong></span> 
     </span>
    </p>
   </div>
   <div class='ocr_carea' id='block_1_29' title="bbox 189 1369 969 1406">
    <p class='ocr_par' dir='ltr' id='par_1_29' title="bbox 189 1369 969 1406">
     <span class='ocr_line' id='line_1_29' title="bbox 189 1369 969 1406; baseline 0.005 -11"><span class='ocrx_word' id='word_1_190' title='bbox 189 1373 283 1403; x_wconf 84' lang='lat' dir='ltr'><strong>postea</strong></span> <span class='ocrx_word' id='word_1_191' title='bbox 298 1369 350 1396; x_wconf 85' lang='lat' dir='ltr'><strong>sibi</strong></span> <span class='ocrx_word' id='word_1_192' title='bbox 366 1369 480 1403; x_wconf 78' lang='lat' dir='ltr'><strong>gratiam</strong></span> <span class='ocrx_word' id='word_1_193' title='bbox 501 1370 614 1397; x_wconf 90' lang='lat' dir='ltr'><strong>multam</strong></span> <span class='ocrx_word' id='word_1_194' title='bbox 633 1371 804 1403; x_wconf 84' lang='lat' dir='ltr'><strong>habiturum,</strong></span> <span class='ocrx_word' id='word_1_195' title='bbox 821 1372 969 1406; x_wconf 88' lang='lat' dir='ltr'><strong>multisque</strong></span> 
     </span>
    </p>
   </div>
   <div class='ocr_carea' id='block_1_30' title="bbox 189 1414 969 1452">
    <p class='ocr_par' dir='ltr' id='par_1_30' title="bbox 189 1414 969 1452">
     <span class='ocr_line' id='line_1_30' title="bbox 189 1414 969 1452; baseline 0.004 -11"><span class='ocrx_word' id='word_1_196' title='bbox 189 1414 295 1442; x_wconf 85' lang='lat' dir='ltr'><strong>meritis</strong></span> <span class='ocrx_word' id='word_1_197' title='bbox 323 1420 577 1449; x_wconf 72' lang='lat' dir='ltr'><strong>compensaturum,</strong></span> <span class='ocrx_word' id='word_1_198' title='bbox 603 1416 674 1450; x_wconf 85' lang='lat' dir='ltr'><strong>quod</strong></span> <span class='ocrx_word' id='word_1_199' title='bbox 701 1416 890 1445; x_wconf 82' lang='lat' dir='ltr'><strong>benevolentia</strong></span> <span class='ocrx_word' id='word_1_200' title='bbox 907 1425 969 1452; x_wconf 80' lang='lat' dir='ltr'><strong>erga</strong></span> 
     </span>
    </p>
   </div>
   <div class='ocr_carea' id='block_1_31' title="bbox 190 1460 970 1498">
    <p class='ocr_par' dir='ltr' id='par_1_31' title="bbox 190 1460 970 1498">
     <span class='ocr_line' id='line_1_31' title="bbox 190 1460 970 1498; baseline 0.004 -11"><span class='ocrx_word' id='word_1_201' title='bbox 190 1468 231 1492; x_wconf 86' lang='lat' dir='ltr'><strong>se,</strong></span> <span class='ocrx_word' id='word_1_202' title='bbox 242 1460 368 1495; x_wconf 76' lang='lat' dir='ltr'><strong>quaimis</strong></span> <span class='ocrx_word' id='word_1_203' title='bbox 385 1460 475 1491; x_wconf 79' lang='lat' dir='ltr'><strong>inviti,</strong></span> <span class='ocrx_word' id='word_1_204' title='bbox 490 1466 519 1488; x_wconf 90' lang='lat' dir='ltr'><strong>ut</strong></span> <span class='ocrx_word' id='word_1_205' title='bbox 537 1462 719 1496; x_wconf 87' lang='lat' dir='ltr'><strong>apparuisset,</strong></span> <span class='ocrx_word' id='word_1_206' title='bbox 735 1463 785 1490; x_wconf 89' lang='lat' dir='ltr'><strong>sibi</strong></span> <span class='ocrx_word' id='word_1_207' title='bbox 802 1463 970 1498; x_wconf 82' lang='lat' dir='ltr'><strong>maximope-</strong></span> 
     </span>
    </p>
   </div>
   <div class='ocr_carea' id='block_1_32' title="bbox 188 1505 972 1542">
    <p class='ocr_par' dir='ltr' id='par_1_32' title="bbox 188 1505 972 1542">
     <span class='ocr_line' id='line_1_32' title="bbox 188 1505 972 1542; baseline 0.004 -10"><span class='ocrx_word' id='word_1_208' title='bbox 188 1513 219 1533; x_wconf 91' lang='lat' dir='ltr'><strong>re</strong></span> <span class='ocrx_word' id='word_1_209' title='bbox 234 1505 412 1540; x_wconf 81' lang='lat' dir='ltr'><strong>profuissent.</strong></span> <span class='ocrx_word' id='word_1_210' title='bbox 438 1505 506 1533; x_wconf 91' lang='lat' dir='ltr'><strong>lluic</strong></span> <span class='ocrx_word' id='word_1_211' title='bbox 522 1507 639 1533; x_wconf 87' lang='lat' dir='ltr'><strong>consilio</strong></span> <span class='ocrx_word' id='word_1_212' title='bbox 661 1507 788 1542; x_wconf 88' lang='lat' dir='ltr'><strong>protinus</strong></span> <span class='ocrx_word' id='word_1_213' title='bbox 809 1507 854 1534; x_wconf 89' lang='lat' dir='ltr'><strong>alii</strong></span> <span class='ocrx_word' id='word_1_214' title='bbox 875 1509 972 1535; x_wconf 78' lang='lat' dir='ltr'><strong>sum-a-</strong></span> 
     </span>
    </p>
   </div>
   <div class='ocr_carea' id='block_1_33' title="bbox 187 1551 972 1586">
    <p class='ocr_par' dir='ltr' id='par_1_33' title="bbox 187 1551 972 1586">
     <span class='ocr_line' id='line_1_33' title="bbox 187 1551 972 1586; baseline 0.001 -8"><span class='ocrx_word' id='word_1_215' title='bbox 187 1552 240 1586; x_wconf 73' lang='lat' dir='ltr'><strong>gati</strong></span> <span class='ocrx_word' id='word_1_216' title='bbox 260 1556 340 1584; x_wconf 86' lang='lat' dir='ltr'><strong>sunt;</strong></span> <span class='ocrx_word' id='word_1_217' title='bbox 353 1555 452 1579; x_wconf 80' lang='lat' dir='ltr'><strong>norant</strong></span> <span class='ocrx_word' id='word_1_218' title='bbox 466 1551 540 1577; x_wconf 87' lang='lat' dir='ltr'><strong>enim</strong></span> <span class='ocrx_word' id='word_1_219' title='bbox 558 1551 713 1578; x_wconf 62' lang='lat' dir='ltr'><strong>ministrum</strong></span> <span class='ocrx_word' id='word_1_220' title='bbox 726 1551 898 1586; x_wconf 87' lang='lat' dir='ltr'><strong>imperatoris</strong></span> <span class='ocrx_word' id='word_1_221' title='bbox 913 1560 972 1580; x_wconf 87' lang='lat' dir='ltr'><strong>esse</strong></span> 
     </span>
    </p>
   </div>
   <div class='ocr_carea' id='block_1_34' title="bbox 188 1597 972 1634">
    <p class='ocr_par' dir='ltr' id='par_1_34' title="bbox 188 1597 972 1634">
     <span class='ocr_line' id='line_1_34' title="bbox 188 1597 972 1634; baseline 0.001 -10"><span class='ocrx_word' id='word_1_222' title='bbox 188 1597 387 1629; x_wconf 80' lang='lat' dir='ltr'><strong>ﬁdelissimum,</strong></span> <span class='ocrx_word' id='word_1_223' title='bbox 410 1597 533 1632; x_wconf 73' lang='lat' dir='ltr'><strong>nihilque</strong></span> <span class='ocrx_word' id='word_1_224' title='bbox 561 1602 656 1624; x_wconf 89' lang='lat' dir='ltr'><strong>contra</strong></span> <span class='ocrx_word' id='word_1_225' title='bbox 685 1603 801 1625; x_wconf 84' lang='lat' dir='ltr'><strong>tuentem</strong></span> <span class='ocrx_word' id='word_1_226' title='bbox 821 1599 881 1634; x_wconf 83' lang='lat' dir='ltr'><strong>ejus</strong></span> <span class='ocrx_word' id='word_1_227' title='bbox 897 1607 972 1626; x_wconf 87' lang='lat' dir='ltr'><strong>com-</strong></span> 
     </span>
    </p>
   </div>
   <div class='ocr_carea' id='block_1_35' title="bbox 188 1643 973 1678">
    <p class='ocr_par' dir='ltr' id='par_1_35' title="bbox 188 1643 973 1678">
     <span class='ocr_line' id='line_1_35' title="bbox 188 1643 973 1678; baseline 0.001 -8"><span class='ocrx_word' id='word_1_228' title='bbox 188 1645 345 1671; x_wconf 83' lang='lat' dir='ltr'><strong>missurum.</strong></span> <span class='ocrx_word' id='word_1_229' title='bbox 373 1643 443 1670; x_wconf 87' lang='lat' dir='ltr'><strong>Tum</strong></span> <span class='ocrx_word' id='word_1_230' title='bbox 481 1647 574 1678; x_wconf 85' lang='lat' dir='ltr'><strong>portas</strong></span> <span class='ocrx_word' id='word_1_231' title='bbox 614 1644 718 1672; x_wconf 86' lang='lat' dir='ltr'><strong>castelli</strong></span> <span class='ocrx_word' id='word_1_232' title='bbox 749 1645 823 1672; x_wconf 84' lang='lat' dir='ltr'><strong>intus</strong></span> <span class='ocrx_word' id='word_1_233' title='bbox 851 1645 973 1672; x_wconf 79' lang='lat' dir='ltr'><strong>vectibus</strong></span> 
     </span>
    </p>
   </div>
   <div class='ocr_carea' id='block_1_36' title="bbox 188 1690 972 1725">
    <p class='ocr_par' dir='ltr' id='par_1_36' title="bbox 188 1690 972 1725">
     <span class='ocr_line' id='line_1_36' title="bbox 188 1690 972 1725; baseline 0.003 -9"><span class='ocrx_word' id='word_1_234' title='bbox 188 1691 356 1721; x_wconf 85' lang='lat' dir='ltr'><strong>munientes,</strong></span> <span class='ocrx_word' id='word_1_235' title='bbox 377 1698 391 1716; x_wconf 89' lang='lat' dir='ltr'><strong>a</strong></span> <span class='ocrx_word' id='word_1_236' title='bbox 408 1690 562 1724; x_wconf 87' lang='lat' dir='ltr'><strong>pinnaculis</strong></span> <span class='ocrx_word' id='word_1_237' title='bbox 580 1690 646 1723; x_wconf 87' lang='lat' dir='ltr'><strong>quid</strong></span> <span class='ocrx_word' id='word_1_238' title='bbox 663 1691 847 1723; x_wconf 84' lang='lat' dir='ltr'><strong>convenisset,</strong></span> <span class='ocrx_word' id='word_1_239' title='bbox 868 1691 972 1725; x_wconf 70' lang='lat' dir='ltr'><strong>signiﬁ-</strong></span> 
     </span>
    </p>
   </div>
   <div class='ocr_carea' id='block_1_37' title="bbox 188 1737 973 1772">
    <p class='ocr_par' dir='ltr' id='par_1_37' title="bbox 188 1737 973 1772">
     <span class='ocr_line' id='line_1_37' title="bbox 188 1737 973 1772; baseline -0.001 -7"><span class='ocrx_word' id='word_1_240' title='bbox 188 1742 269 1765; x_wconf 85' lang='lat' dir='ltr'><strong>cant:</strong></span> <span class='ocrx_word' id='word_1_241' title='bbox 288 1738 389 1772; x_wconf 78' lang='lat' dir='ltr'><strong>quibus</strong></span> <span class='ocrx_word' id='word_1_242' title='bbox 408 1737 556 1772; x_wconf 88' lang='lat' dir='ltr'><strong>imperator</strong></span> <span class='ocrx_word' id='word_1_243' title='bbox 576 1738 695 1772; x_wconf 75' lang='lat' dir='ltr'><strong>graviter</strong></span> <span class='ocrx_word' id='word_1_244' title='bbox 707 1746 786 1769; x_wconf 76' lang='lat' dir='ltr'><strong>mox,</strong></span> <span class='ocrx_word' id='word_1_245' title='bbox 803 1743 830 1765; x_wconf 84' lang='lat' dir='ltr'><strong>ut</strong></span> <span class='ocrx_word' id='word_1_246' title='bbox 850 1738 973 1765; x_wconf 52' lang='lat' dir='ltr'><strong>deserto.</strong></span> 
     </span>
    </p>
   </div>
   <div class='ocr_carea' id='block_1_38' title="bbox 188 1784 971 1819">
    <p class='ocr_par' dir='ltr' id='par_1_38' title="bbox 188 1784 971 1819">
     <span class='ocr_line' id='line_1_38' title="bbox 188 1784 971 1819; baseline 0 -8"><span class='ocrx_word' id='word_1_247' title='bbox 188 1785 264 1812; x_wconf 85' lang='lat' dir='ltr'><strong>ribus</strong></span> <span class='ocrx_word' id='word_1_248' title='bbox 278 1792 453 1815; x_wconf 76' lang='lat' dir='ltr'><strong>succensens,</strong></span> <span class='ocrx_word' id='word_1_249' title='bbox 469 1792 518 1818; x_wconf 90' lang='lat' dir='ltr'><strong>pro</strong></span> <span class='ocrx_word' id='word_1_250' title='bbox 530 1784 628 1811; x_wconf 89' lang='lat' dir='ltr'><strong>merito</strong></span> <span class='ocrx_word' id='word_1_251' title='bbox 642 1789 731 1811; x_wconf 80' lang='lat' dir='ltr'><strong>tamen</strong></span> <span class='ocrx_word' id='word_1_252' title='bbox 744 1792 792 1812; x_wconf 87' lang='lat' dir='ltr'><strong>eos</strong></span> <span class='ocrx_word' id='word_1_253' title='bbox 804 1785 901 1819; x_wconf 89' lang='lat' dir='ltr'><strong>punire</strong></span> <span class='ocrx_word' id='word_1_254' title='bbox 919 1792 971 1811; x_wconf 92' lang='lat' dir='ltr'><strong>non</strong></span> 
     </span>
    </p>
   </div>
   <div class='ocr_carea' id='block_1_39' title="bbox 189 1829 972 1865">
    <p class='ocr_par' dir='ltr' id='par_1_39' title="bbox 189 1829 972 1865">
     <span class='ocr_line' id='line_1_39' title="bbox 189 1829 972 1865; baseline 0 -9"><span class='ocrx_word' id='word_1_255' title='bbox 189 1835 307 1865; x_wconf 82' lang='lat' dir='ltr'><strong>poterat.</strong></span> <span class='ocrx_word' id='word_1_256' title='bbox 324 1830 393 1857; x_wconf 86' lang='lat' dir='ltr'><strong>Cum</strong></span> <span class='ocrx_word' id='word_1_257' title='bbox 411 1837 491 1864; x_wconf 79' lang='lat' dir='ltr'><strong>agere</strong></span> <span class='ocrx_word' id='word_1_258' title='bbox 509 1838 557 1863; x_wconf 73' lang='lat' dir='ltr'><strong>pro</strong></span> <span class='ocrx_word' id='word_1_259' title='bbox 578 1837 607 1856; x_wconf 87' lang='lat' dir='ltr'><strong>re</strong></span> <span class='ocrx_word' id='word_1_260' title='bbox 619 1829 687 1856; x_wconf 88' lang='lat' dir='ltr'><strong>iuhil</strong></span> <span class='ocrx_word' id='word_1_261' title='bbox 705 1834 806 1864; x_wconf 81' lang='lat' dir='ltr'><strong>posset,</strong></span> <span class='ocrx_word' id='word_1_262' title='bbox 822 1836 850 1857; x_wconf 88' lang='lat' dir='ltr'><strong>ct</strong></span> <span class='ocrx_word' id='word_1_263' title='bbox 866 1837 972 1857; x_wconf 87' lang='lat' dir='ltr'><strong>summa</strong></span> 
     </span>
    </p>
   </div>
   <div class='ocr_carea' id='block_1_40' title="bbox 171 1869 973 1910">
    <p class='ocr_par' dir='ltr' id='par_1_40' title="bbox 171 1869 973 1910">
     <span class='ocr_line' id='line_1_40' title="bbox 171 1869 973 1910; baseline -0.002 -6"><span class='ocrx_word' id='word_1_264' title='bbox 171 1869 296 1904; x_wconf 27' lang='lat' dir='ltr'><strong>Vconsilii</strong></span> <span class='ocrx_word' id='word_1_265' title='bbox 324 1876 416 1910; x_wconf 90' lang='lat' dir='ltr'><strong>inopia</strong></span> <span class='ocrx_word' id='word_1_266' title='bbox 443 1875 661 1906; x_wconf 84' lang='lat' dir='ltr'><strong>conﬂictaretur,</strong></span> <span class='ocrx_word' id='word_1_267' title='bbox 683 1875 763 1910; x_wconf 80' lang='lat' dir='ltr'><strong>jussit</strong></span> <span class='ocrx_word' id='word_1_268' title='bbox 785 1883 881 1903; x_wconf 88' lang='lat' dir='ltr'><strong>omnes</strong></span> <span class='ocrx_word' id='word_1_269' title='bbox 909 1883 973 1903; x_wconf 93' lang='lat' dir='ltr'><strong>cum</strong></span> 
     </span>
    </p>
   </div>
   <div class='ocr_carea' id='block_1_41' title="bbox 189 1921 973 1957">
    <p class='ocr_par' dir='ltr' id='par_1_41' title="bbox 189 1921 973 1957">
     <span class='ocr_line' id='line_1_41' title="bbox 189 1921 973 1957; baseline -0.001 -7"><span class='ocrx_word' id='word_1_270' title='bbox 189 1924 259 1950; x_wconf 86' lang='lat' dir='ltr'><strong>duce</strong></span> <span class='ocrx_word' id='word_1_271' title='bbox 291 1929 375 1949; x_wconf 90' lang='lat' dir='ltr'><strong>unum</strong></span> <span class='ocrx_word' id='word_1_272' title='bbox 394 1922 421 1948; x_wconf 97' lang='lat' dir='ltr'><strong>in</strong></span> <span class='ocrx_word' id='word_1_273' title='bbox 448 1921 537 1949; x_wconf 90' lang='lat' dir='ltr'><strong>locum</strong></span> <span class='ocrx_word' id='word_1_274' title='bbox 562 1928 591 1948; x_wconf 89' lang='lat' dir='ltr'><strong>se</strong></span> <span class='ocrx_word' id='word_1_275' title='bbox 608 1921 743 1948; x_wconf 81' lang='lat' dir='ltr'><strong>conferre.</strong></span> <span class='ocrx_word' id='word_1_276' title='bbox 772 1923 810 1949; x_wconf 82' lang='lat' dir='ltr'><strong>Ac</strong></span> <span class='ocrx_word' id='word_1_277' title='bbox 838 1922 973 1957; x_wconf 88' lang='lat' dir='ltr'><strong>principio</strong></span> 
     </span>
    </p>
   </div>
   <div class='ocr_carea' id='block_1_42' title="bbox 190 1966 973 2002">
    <p class='ocr_par' dir='ltr' id='par_1_42' title="bbox 190 1966 973 2002">
     <span class='ocr_line' id='line_1_42' title="bbox 190 1966 973 2002; baseline 0 -7"><span class='ocrx_word' id='word_1_278' title='bbox 190 1968 302 2002; x_wconf 86' lang='lat' dir='ltr'><strong>quidem</strong></span> <span class='ocrx_word' id='word_1_279' title='bbox 321 1968 414 2002; x_wconf 80' lang='lat' dir='ltr'><strong>lingua</strong></span> <span class='ocrx_word' id='word_1_280' title='bbox 429 1967 534 1999; x_wconf 86' lang='lat' dir='ltr'><strong>llalica,</strong></span> <span class='ocrx_word' id='word_1_281' title='bbox 548 1966 574 1993; x_wconf 93' lang='lat' dir='ltr'><strong>in</strong></span> <span class='ocrx_word' id='word_1_282' title='bbox 589 1974 642 2001; x_wconf 92' lang='lat' dir='ltr'><strong>qua</strong></span> <span class='ocrx_word' id='word_1_283' title='bbox 658 1971 718 1994; x_wconf 88' lang='lat' dir='ltr'><strong>erat</strong></span> <span class='ocrx_word' id='word_1_284' title='bbox 738 1974 793 1993; x_wconf 87' lang='lat' dir='ltr'><strong>non</strong></span> <span class='ocrx_word' id='word_1_285' title='bbox 817 1968 885 1995; x_wconf 77' lang='lat' dir='ltr'><strong>male</strong></span> <span class='ocrx_word' id='word_1_286' title='bbox 895 1976 973 1995; x_wconf 84' lang='lat' dir='ltr'><strong>exer-</strong></span> 
     </span>
    </p>
   </div>
   <div class='ocr_carea' id='block_1_43' title="bbox 190 2011 973 2048">
    <p class='ocr_par' dir='ltr' id='par_1_43' title="bbox 190 2011 973 2048">
     <span class='ocr_line' id='line_1_43' title="bbox 190 2011 973 2048; baseline 0 -8"><span class='ocrx_word' id='word_1_287' title='bbox 190 2014 303 2043; x_wconf 84' lang='lat' dir='ltr'><strong>citatus.</strong></span> <span class='ocrx_word' id='word_1_288' title='bbox 315 2021 362 2040; x_wconf 83' lang='lat' dir='ltr'><strong>eos</strong></span> <span class='ocrx_word' id='word_1_289' title='bbox 375 2016 571 2048; x_wconf 86' lang='lat' dir='ltr'><strong>percunctatus</strong></span> <span class='ocrx_word' id='word_1_290' title='bbox 591 2016 643 2043; x_wconf 90' lang='lat' dir='ltr'><strong>est,</strong></span> <span class='ocrx_word' id='word_1_291' title='bbox 662 2011 759 2046; x_wconf 82' lang='lat' dir='ltr'><strong>ecquid</strong></span> <span class='ocrx_word' id='word_1_292' title='bbox 785 2011 872 2046; x_wconf 91' lang='lat' dir='ltr'><strong>ipsum</strong></span> <span class='ocrx_word' id='word_1_293' title='bbox 889 2021 973 2047; x_wconf 80' lang='lat' dir='ltr'><strong>agno—</strong></span> 
     </span>
    </p>
   </div>
   <div class='ocr_carea' id='block_1_44' title="bbox 190 2057 973 2093">
    <p class='ocr_par' dir='ltr' id='par_1_44' title="bbox 190 2057 973 2093">
     <span class='ocr_line' id='line_1_44' title="bbox 190 2057 973 2093; baseline -0.001 -7"><span class='ocrx_word' id='word_1_294' title='bbox 190 2063 310 2086; x_wconf 76' lang='lat' dir='ltr'><strong>scerent.</strong></span> <span class='ocrx_word' id='word_1_295' title='bbox 325 2057 579 2093; x_wconf 82' lang='lat' dir='ltr'><strong>Respondentibus,</strong></span> <span class='ocrx_word' id='word_1_296' title='bbox 593 2057 687 2090; x_wconf 87' lang='lat' dir='ltr'><strong>etiam,</strong></span> <span class='ocrx_word' id='word_1_297' title='bbox 704 2065 765 2084; x_wconf 88' lang='lat' dir='ltr'><strong>esse</strong></span> <span class='ocrx_word' id='word_1_298' title='bbox 781 2057 973 2092; x_wconf 88' lang='lat' dir='ltr'><strong>imperatorem</strong></span> 
     </span>
    </p>
   </div>
   <div class='ocr_carea' id='block_1_45' title="bbox 189 2102 975 2137">
    <p class='ocr_par' dir='ltr' id='par_1_45' title="bbox 189 2102 975 2137">
     <span class='ocr_line' id='line_1_45' title="bbox 189 2102 975 2137; baseline 0 -6"><span class='ocrx_word' id='word_1_299' title='bbox 189 2113 222 2132; x_wconf 86' lang='lat' dir='ltr'><strong>ac</strong></span> <span class='ocrx_word' id='word_1_300' title='bbox 246 2104 388 2131; x_wconf 88' lang='lat' dir='ltr'><strong>dominum</strong></span> <span class='ocrx_word' id='word_1_301' title='bbox 417 2110 516 2135; x_wconf 90' lang='lat' dir='ltr'><strong>suum,</strong></span> <span class='ocrx_word' id='word_1_302' title='bbox 536 2102 632 2137; x_wconf 73' lang='lat' dir='ltr'><strong>Igitur,</strong></span> <span class='ocrx_word' id='word_1_303' title='bbox 654 2102 793 2137; x_wconf 84' lang='lat' dir='ltr'><strong>subjecit.</strong></span> <span class='ocrx_word' id='word_1_304' title='bbox 819 2103 840 2130; x_wconf 92' lang='lat' dir='ltr'><strong>si</strong></span> <span class='ocrx_word' id='word_1_305' title='bbox 867 2103 975 2131; x_wconf 87' lang='lat' dir='ltr'><strong>tradere</strong></span> 
     </span>
    </p>
   </div>
   <div class='ocr_carea' id='block_1_46' title="bbox 191 2148 973 2185">
    <p class='ocr_par' dir='ltr' id='par_1_46' title="bbox 191 2148 973 2185">
     <span class='ocr_line' id='line_1_46' title="bbox 191 2148 973 2185; baseline 0.003 -10"><span class='ocrx_word' id='word_1_306' title='bbox 191 2149 394 2185; x_wconf 77' lang='lat' dir='ltr'><strong>propugnacula</strong></span> <span class='ocrx_word' id='word_1_307' title='bbox 430 2148 584 2180; x_wconf 84' lang='lat' dir='ltr'><strong>nolueritis,</strong></span> <span class='ocrx_word' id='word_1_308' title='bbox 611 2149 658 2176; x_wconf 86' lang='lat' dir='ltr'><strong>sed</strong></span> <span class='ocrx_word' id='word_1_309' title='bbox 692 2149 776 2176; x_wconf 89' lang='lat' dir='ltr'><strong>semel</strong></span> <span class='ocrx_word' id='word_1_310' title='bbox 810 2153 888 2183; x_wconf 83' lang='lat' dir='ltr'><strong>rupta</strong></span> <span class='ocrx_word' id='word_1_311' title='bbox 921 2149 973 2177; x_wconf 88' lang='lat' dir='ltr'><strong>lidc</strong></span> 
     </span>
    </p>
   </div>
   <div class='ocr_carea' id='block_1_47' title="bbox 191 2193 974 2229">
    <p class='ocr_par' dir='ltr' id='par_1_47' title="bbox 191 2193 974 2229">
     <span class='ocr_line' id='line_1_47' title="bbox 191 2193 974 2229; baseline 0 -7"><span class='ocrx_word' id='word_1_312' title='bbox 191 2195 328 2223; x_wconf 82' lang='lat' dir='ltr'><strong>hostiliter</strong></span> <span class='ocrx_word' id='word_1_313' title='bbox 341 2195 408 2222; x_wconf 90' lang='lat' dir='ltr'><strong>mihi</strong></span> <span class='ocrx_word' id='word_1_314' title='bbox 433 2194 572 2221; x_wconf 86' lang='lat' dir='ltr'><strong>adversari</strong></span> <span class='ocrx_word' id='word_1_315' title='bbox 590 2193 735 2226; x_wconf 87' lang='lat' dir='ltr'><strong>statuistis,</strong></span> <span class='ocrx_word' id='word_1_316' title='bbox 746 2201 801 2229; x_wconf 88' lang='lat' dir='ltr'><strong>quo</strong></span> <span class='ocrx_word' id='word_1_317' title='bbox 814 2199 895 2229; x_wconf 86' lang='lat' dir='ltr'><strong>pacto</strong></span> <span class='ocrx_word' id='word_1_318' title='bbox 914 2202 974 2222; x_wconf 89' lang='lat' dir='ltr'><strong>see-</strong></span> 
     </span>
    </p>
   </div>
   <div class='ocr_carea' id='block_1_48' title="bbox 190 2241 972 2275">
    <p class='ocr_par' dir='ltr' id='par_1_48' title="bbox 190 2241 972 2275">
     <span class='ocr_line' id='line_1_48' title="bbox 190 2241 972 2275; baseline 0.003 -9"><span class='ocrx_word' id='word_1_319' title='bbox 190 2243 234 2270; x_wconf 77' lang='lat' dir='ltr'><strong>lus</strong></span> <span class='ocrx_word' id='word_1_320' title='bbox 250 2246 370 2268; x_wconf 62' lang='lat' dir='ltr'><strong>vestrum</strong></span> <span class='ocrx_word' id='word_1_321' title='bbox 384 2241 508 2275; x_wconf 86' lang='lat' dir='ltr'><strong>puniam,</strong></span> <span class='ocrx_word' id='word_1_322' title='bbox 518 2245 611 2275; x_wconf 86' lang='lat' dir='ltr'><strong>postea</strong></span> <span class='ocrx_word' id='word_1_323' title='bbox 621 2241 792 2267; x_wconf 86' lang='lat' dir='ltr'><strong>commodius</strong></span> <span class='ocrx_word' id='word_1_324' title='bbox 805 2241 972 2268; x_wconf 87' lang='lat' dir='ltr'><strong>deliberabo.</strong></span> 
     </span>
    </p>
   </div>
   <div class='ocr_carea' id='block_1_49' title="bbox 190 2285 975 2321">
    <p class='ocr_par' dir='ltr' id='par_1_49' title="bbox 190 2285 975 2321">
     <span class='ocr_line' id='line_1_49' title="bbox 190 2285 975 2321; baseline -0.001 -7"><span class='ocrx_word' id='word_1_325' title='bbox 190 2288 268 2314; x_wconf 73' lang='lat' dir='ltr'><strong>Nunc</strong></span> <span class='ocrx_word' id='word_1_326' title='bbox 283 2287 388 2313; x_wconf 86' lang='lat' dir='ltr'><strong>litteras</strong></span> <span class='ocrx_word' id='word_1_327' title='bbox 415 2285 506 2312; x_wconf 85' lang='lat' dir='ltr'><strong>statim</strong></span> <span class='ocrx_word' id='word_1_328' title='bbox 522 2285 554 2312; x_wconf 88' lang='lat' dir='ltr'><strong>ad</strong></span> <span class='ocrx_word' id='word_1_329' title='bbox 569 2286 692 2320; x_wconf 73' lang='lat' dir='ltr'><strong>regulum</strong></span> <span class='ocrx_word' id='word_1_330' title='bbox 719 2286 834 2317; x_wconf 85' lang='lat' dir='ltr'><strong>telluris.</strong></span> <span class='ocrx_word' id='word_1_331' title='bbox 851 2294 912 2321; x_wconf 74' lang='lat' dir='ltr'><strong>quze</strong></span> <span class='ocrx_word' id='word_1_332' title='bbox 928 2294 975 2313; x_wconf 88' lang='lat' dir='ltr'><strong>vos</strong></span> 
     </span>
    </p>
   </div>
   <div class='ocr_carea' id='block_1_50' title="bbox 192 2331 974 2367">
    <p class='ocr_par' dir='ltr' id='par_1_50' title="bbox 192 2331 974 2367">
     <span class='ocr_line' id='line_1_50' title="bbox 192 2331 974 2367; baseline -0.003 -7"><span class='ocrx_word' id='word_1_333' title='bbox 192 2334 264 2363; x_wconf 85' lang='lat' dir='ltr'><strong>tulit,</strong></span> <span class='ocrx_word' id='word_1_334' title='bbox 280 2333 396 2365; x_wconf 79' lang='lat' dir='ltr'><strong>mittam;</strong></span> <span class='ocrx_word' id='word_1_335' title='bbox 416 2332 515 2366; x_wconf 84' lang='lat' dir='ltr'><strong>quibus</strong></span> <span class='ocrx_word' id='word_1_336' title='bbox 530 2331 652 2365; x_wconf 80' lang='lat' dir='ltr'><strong>doceam,</strong></span> <span class='ocrx_word' id='word_1_337' title='bbox 687 2339 735 2358; x_wconf 87' lang='lat' dir='ltr'><strong>vos</strong></span> <span class='ocrx_word' id='word_1_338' title='bbox 749 2336 775 2358; x_wconf 82' lang='lat' dir='ltr'><strong>et</strong></span> <span class='ocrx_word' id='word_1_339' title='bbox 794 2340 974 2367; x_wconf 82' lang='lat' dir='ltr'><strong>unumquem-</strong></span> 
     </span>
    </p>
   </div>
   <div class='ocr_carea' id='block_1_51' title="bbox 191 2377 975 2414">
    <p class='ocr_par' dir='ltr' id='par_1_51' title="bbox 191 2377 975 2414">
     <span class='ocr_line' id='line_1_51' title="bbox 191 2377 975 2414; baseline -0.003 -8"><span class='ocrx_word' id='word_1_340' title='bbox 191 2387 244 2414; x_wconf 82' lang='lat' dir='ltr'><strong>que.</strong></span> <span class='ocrx_word' id='word_1_341' title='bbox 256 2378 426 2408; x_wconf 85' lang='lat' dir='ltr'><strong>nominatim,</strong></span> <span class='ocrx_word' id='word_1_342' title='bbox 440 2377 645 2411; x_wconf 70' lang='lat' dir='ltr'><strong>pel&#39;lidissimos,</strong></span> <span class='ocrx_word' id='word_1_343' title='bbox 658 2377 908 2412; x_wconf 80' lang='lat' dir='ltr'><strong>depravatissimos,</strong></span> <span class='ocrx_word' id='word_1_344' title='bbox 926 2385 975 2404; x_wconf 84' lang='lat' dir='ltr'><strong>nec</strong></span> 
     </span>
    </p>
   </div>
   <div class='ocr_carea' id='block_1_52' title="bbox 191 2424 974 2459">
    <p class='ocr_par' dir='ltr' id='par_1_52' title="bbox 191 2424 974 2459">
     <span class='ocr_line' id='line_1_52' title="bbox 191 2424 974 2459; baseline -0.003 -7"><span class='ocrx_word' id='word_1_345' title='bbox 191 2426 291 2453; x_wconf 83' lang='lat' dir='ltr'><strong>vitiosa</strong></span> <span class='ocrx_word' id='word_1_346' title='bbox 309 2432 380 2452; x_wconf 86' lang='lat' dir='ltr'><strong>nuce</strong></span> <span class='ocrx_word' id='word_1_347' title='bbox 394 2424 492 2459; x_wconf 81' lang='lat' dir='ltr'><strong>dignos</strong></span> <span class='ocrx_word' id='word_1_348' title='bbox 507 2431 568 2451; x_wconf 86' lang='lat' dir='ltr'><strong>esse</strong></span> <span class='ocrx_word' id='word_1_349' title='bbox 582 2431 588 2449; x_wconf 91' lang='lat'>:</span> <span class='ocrx_word' id='word_1_350' title='bbox 606 2424 669 2458; x_wconf 85' lang='lat' dir='ltr'><strong>quia</strong></span> <span class='ocrx_word' id='word_1_351' title='bbox 687 2432 748 2451; x_wconf 87' lang='lat' dir='ltr'><strong>cum</strong></span> <span class='ocrx_word' id='word_1_352' title='bbox 765 2431 815 2459; x_wconf 77' lang='lat' dir='ltr'><strong>ego</strong></span> <span class='ocrx_word' id='word_1_353' title='bbox 831 2424 974 2451; x_wconf 85' lang='lat' dir='ltr'><strong>castellum</strong></span> 
     </span>
    </p>
   </div>
   <div class='ocr_carea' id='block_1_53' title="bbox 191 2469 975 2504">
    <p class='ocr_par' dir='ltr' id='par_1_53' title="bbox 191 2469 975 2504">
     <span class='ocr_line' id='line_1_53' title="bbox 191 2469 975 2504; baseline -0.001 -6"><span class='ocrx_word' id='word_1_354' title='bbox 191 2471 373 2500; x_wconf 79' lang='lat' dir='ltr'><strong>tradidissem.</strong></span> <span class='ocrx_word' id='word_1_355' title='bbox 385 2477 551 2504; x_wconf 74' lang='lat' dir='ltr'><strong>magnosque</strong></span> <span class='ocrx_word' id='word_1_356' title='bbox 561 2474 686 2503; x_wconf 87' lang='lat' dir='ltr'><strong>sumptus</strong></span> <span class='ocrx_word' id='word_1_357' title='bbox 704 2469 731 2496; x_wconf 89' lang='lat' dir='ltr'><strong>in</strong></span> <span class='ocrx_word' id='word_1_358' title='bbox 741 2469 876 2504; x_wconf 88' lang='lat' dir='ltr'><strong>stipendia</strong></span> <span class='ocrx_word' id='word_1_359' title='bbox 887 2475 975 2497; x_wconf 87' lang='lat' dir='ltr'><strong>vestra</strong></span> 
     </span>
    </p>
   </div>
   <div class='ocr_carea' id='block_1_54' title="bbox 191 2513 975 2550">
    <p class='ocr_par' dir='ltr' id='par_1_54' title="bbox 191 2513 975 2550">
     <span class='ocr_line' id='line_1_54' title="bbox 191 2513 975 2550; baseline -0.003 -6"><span class='ocrx_word' id='word_1_360' title='bbox 191 2518 332 2547; x_wconf 77' lang='lat' dir='ltr'><strong>fecissem,</strong></span> <span class='ocrx_word' id='word_1_361' title='bbox 350 2521 378 2543; x_wconf 90' lang='lat' dir='ltr'><strong>et</strong></span> <span class='ocrx_word' id='word_1_362' title='bbox 390 2516 459 2547; x_wconf 87' lang='lat' dir='ltr'><strong>nihil</strong></span> <span class='ocrx_word' id='word_1_363' title='bbox 477 2521 595 2550; x_wconf 86' lang='lat' dir='ltr'><strong>unquam</strong></span> <span class='ocrx_word' id='word_1_364' title='bbox 617 2513 666 2541; x_wconf 79' lang='lat' dir='ltr'><strong>vos</strong></span> <span class='ocrx_word' id='word_1_365' title='bbox 677 2515 866 2548; x_wconf 81' lang='lat' dir='ltr'><strong>ell&#39;endissent,</strong></span> <span class='ocrx_word' id='word_1_366' title='bbox 878 2515 928 2549; x_wconf 86' lang='lat' dir='ltr'><strong>ipsi</strong></span> <span class='ocrx_word' id='word_1_367' title='bbox 942 2523 975 2542; x_wconf 90' lang='lat' dir='ltr'><strong>co</strong></span> 
     </span>
    </p>
   </div>
   <div class='ocr_carea' id='block_1_55' title="bbox 193 2560 974 2595">
    <p class='ocr_par' dir='ltr' id='par_1_55' title="bbox 193 2560 974 2595">
     <span class='ocr_line' id='line_1_55' title="bbox 193 2560 974 2595; baseline -0.003 -5"><span class='ocrx_word' id='word_1_368' title='bbox 193 2571 237 2590; x_wconf 87' lang='lat' dir='ltr'><strong>me</strong></span> <span class='ocrx_word' id='word_1_369' title='bbox 253 2563 279 2590; x_wconf 93' lang='lat' dir='ltr'><strong>iu</strong></span> <span class='ocrx_word' id='word_1_370' title='bbox 306 2569 413 2589; x_wconf 89' lang='lat' dir='ltr'><strong>summa</strong></span> <span class='ocrx_word' id='word_1_371' title='bbox 428 2561 592 2588; x_wconf 85' lang='lat' dir='ltr'><strong>necessitate</strong></span> <span class='ocrx_word' id='word_1_372' title='bbox 614 2567 673 2587; x_wconf 86' lang='lat' dir='ltr'><strong>mea</strong></span> <span class='ocrx_word' id='word_1_373' title='bbox 689 2567 737 2594; x_wconf 89' lang='lat' dir='ltr'><strong>per</strong></span> <span class='ocrx_word' id='word_1_374' title='bbox 759 2560 813 2587; x_wconf 91' lang='lat' dir='ltr'><strong>vim</strong></span> <span class='ocrx_word' id='word_1_375' title='bbox 829 2565 858 2588; x_wconf 90' lang='lat' dir='ltr'><strong>et</strong></span> <span class='ocrx_word' id='word_1_376' title='bbox 872 2561 974 2595; x_wconf 88' lang='lat' dir='ltr'><strong>iniqui-</strong></span> 
     </span>
    </p>
   </div>
   <div class='ocr_carea' id='block_1_56' title="bbox 192 2604 975 2637">
    <p class='ocr_par' dir='ltr' id='par_1_56' title="bbox 192 2604 975 2637">
     <span class='ocr_line' id='line_1_56' title="bbox 192 2604 975 2637; baseline -0.003 -1"><span class='ocrx_word' id='word_1_377' title='bbox 192 2613 277 2636; x_wconf 87' lang='lat' dir='ltr'><strong>tatem</strong></span> <span class='ocrx_word' id='word_1_378' title='bbox 304 2607 478 2635; x_wconf 87' lang='lat' dir='ltr'><strong>concorditer</strong></span> <span class='ocrx_word' id='word_1_379' title='bbox 504 2604 707 2637; x_wconf 80' lang='lat' dir='ltr'><strong>iraudaveritis,</strong></span> <span class='ocrx_word' id='word_1_380' title='bbox 733 2609 762 2632; x_wconf 89' lang='lat' dir='ltr'><strong>ut</strong></span> <span class='ocrx_word' id='word_1_381' title='bbox 787 2605 858 2633; x_wconf 90' lang='lat' dir='ltr'><strong>inter</strong></span> <span class='ocrx_word' id='word_1_382' title='bbox 880 2614 975 2634; x_wconf 87' lang='lat' dir='ltr'><strong>omnes</strong></span> 
     </span>
    </p>
   </div>
   <div class='ocr_carea' id='block_1_57' title="bbox 193 2650 973 2684">
    <p class='ocr_par' dir='ltr' id='par_1_57' title="bbox 193 2650 973 2684">
     <span class='ocr_line' id='line_1_57' title="bbox 193 2650 973 2684; baseline -0.004 -3"><span class='ocrx_word' id='word_1_383' title='bbox 193 2654 325 2682; x_wconf 89' lang='lat' dir='ltr'><strong>mortales</strong></span> <span class='ocrx_word' id='word_1_384' title='bbox 356 2652 472 2679; x_wconf 81' lang='lat' dir='ltr'><strong>infames</strong></span> <span class='ocrx_word' id='word_1_385' title='bbox 505 2651 580 2682; x_wconf 84' lang='lat' dir='ltr'><strong>sitis,</strong></span> <span class='ocrx_word' id='word_1_386' title='bbox 608 2657 689 2677; x_wconf 90' lang='lat' dir='ltr'><strong>nemo</strong></span> <span class='ocrx_word' id='word_1_387' title='bbox 718 2650 797 2677; x_wconf 85' lang='lat' dir='ltr'><strong>vobis</strong></span> <span class='ocrx_word' id='word_1_388' title='bbox 825 2650 973 2684; x_wconf 89' lang='lat' dir='ltr'><strong>quidquam</strong></span> 
     </span>
    </p>
   </div>
   <div class='ocr_carea' id='block_1_58' title="bbox 191 2697 974 2731">
    <p class='ocr_par' dir='ltr' id='par_1_58' title="bbox 191 2697 974 2731">
     <span class='ocr_line' id='line_1_58' title="bbox 191 2697 974 2731; baseline -0.005 -4"><span class='ocrx_word' id='word_1_389' title='bbox 191 2699 297 2731; x_wconf 82' lang='lat' dir='ltr'><strong>credat.</strong></span> <span class='ocrx_word' id='word_1_390' title='bbox 344 2706 440 2728; x_wconf 85' lang='lat' dir='ltr'><strong>omnes</strong></span> <span class='ocrx_word' id='word_1_391' title='bbox 475 2705 490 2724; x_wconf 87' lang='lat' dir='ltr'><strong>a</strong></span> <span class='ocrx_word' id='word_1_392' title='bbox 523 2701 690 2731; x_wconf 85' lang='lat' dir='ltr'><strong>conspectu,</strong></span> <span class='ocrx_word' id='word_1_393' title='bbox 716 2700 744 2723; x_wconf 89' lang='lat' dir='ltr'><strong>et</strong></span> <span class='ocrx_word' id='word_1_394' title='bbox 782 2697 974 2724; x_wconf 88' lang='lat' dir='ltr'><strong>communione</strong></span> 
     </span>
    </p>
   </div>
   <div class='ocr_carea' id='block_1_59' title="bbox 191 2741 972 2779">
    <p class='ocr_par' dir='ltr' id='par_1_59' title="bbox 191 2741 972 2779">
     <span class='ocr_line' id='line_1_59' title="bbox 191 2741 972 2779; baseline -0.003 -7"><span class='ocrx_word' id='word_1_395' title='bbox 191 2752 282 2774; x_wconf 71' lang='lat' dir='ltr'><strong>vestra</strong></span> <span class='ocrx_word' id='word_1_396' title='bbox 297 2745 444 2778; x_wconf 77' lang='lat' dir='ltr'><strong>refugiant.</strong></span> <span class='ocrx_word' id='word_1_397' title='bbox 457 2743 541 2779; x_wconf 80' lang='lat'><strong>876</strong></span> <span class='ocrx_word' id='word_1_398' title='bbox 557 2741 620 2769; x_wconf 72' lang='lat' dir='ltr'><strong>Haec</strong></span> <span class='ocrx_word' id='word_1_399' title='bbox 639 2742 672 2769; x_wconf 88' lang='lat' dir='ltr'><strong>ad</strong></span> <span class='ocrx_word' id='word_1_400' title='bbox 689 2742 801 2770; x_wconf 86' lang='lat' dir='ltr'><strong>Latinos</strong></span> <span class='ocrx_word' id='word_1_401' title='bbox 814 2743 972 2777; x_wconf 88' lang='lat' dir='ltr'><strong>imperator,</strong></span> 
     </span>
    </p>
   </div>
   <div class='ocr_carea' id='block_1_60' title="bbox 194 2788 973 2827">
    <p class='ocr_par' dir='ltr' id='par_1_60' title="bbox 194 2788 973 2827">
     <span class='ocr_line' id='line_1_60' title="bbox 194 2788 973 2827; baseline -0.005 -8"><span class='ocrx_word' id='word_1_402' title='bbox 194 2791 240 2827; x_wconf 88' lang='lat' dir='ltr'><strong>qui</strong></span> <span class='ocrx_word' id='word_1_403' title='bbox 260 2792 287 2819; x_wconf 92' lang='lat' dir='ltr'><strong>in</strong></span> <span class='ocrx_word' id='word_1_404' title='bbox 304 2790 420 2821; x_wconf 70' lang='lat' dir='ltr'><strong>maximi)</strong></span> <span class='ocrx_word' id='word_1_405' title='bbox 438 2794 603 2817; x_wconf 80' lang='lat' dir='ltr'><strong>nocumcnto</strong></span> <span class='ocrx_word' id='word_1_406' title='bbox 620 2793 763 2823; x_wconf 79' lang='lat' dir='ltr'><strong>ponentes,</strong></span> <span class='ocrx_word' id='word_1_407' title='bbox 783 2788 892 2816; x_wconf 87' lang='lat' dir='ltr'><strong>sibimet</strong></span> <span class='ocrx_word' id='word_1_408' title='bbox 911 2796 973 2823; x_wconf 82' lang='lat' dir='ltr'><strong>per—</strong></span> 
     </span>
    </p>
   </div>
   <div class='ocr_carea' id='block_1_61' title="bbox 760 93 1196 126">
    <p class='ocr_par' dir='ltr' id='par_1_61' title="bbox 760 93 1196 126">
     <span class='ocr_line' id='line_1_61' title="bbox 760 93 1196 126; baseline 0.007 -4"><span class='ocrx_word' id='word_1_409' title='bbox 760 93 918 123; x_wconf 73' lang='lat' dir='ltr'><strong>JOANNIS</strong></span> <span class='ocrx_word' id='word_1_410' title='bbox 937 95 981 124; x_wconf 76' lang='lat' dir='ltr'><strong>CA</strong></span> <span class='ocrx_word' id='word_1_411' title='bbox 987 94 1196 126; x_wconf 61' lang='lat' dir='ltr'><strong>NTACUZENI</strong></span> 
     </span>
    </p>
   </div>
   <div class='ocr_carea' id='block_1_62' title="bbox 1741 90 1796 123">
    <p class='ocr_par' dir='ltr' id='par_1_62' title="bbox 1741 90 1796 123">
     <span class='ocr_line' id='line_1_62' title="bbox 1741 90 1796 123; baseline -0.018 0"><span class='ocrx_word' id='word_1_412' title='bbox 1741 90 1796 123; x_wconf 75' lang='lat'><strong>312</strong></span> 
     </span>
    </p>
   </div>
   <div class='ocr_carea' id='block_1_63' title="bbox 980 144 1791 183">
    <p class='ocr_par' dir='ltr' id='par_1_63' title="bbox 980 144 1791 183">
     <span class='ocr_line' id='line_1_63' title="bbox 980 144 1791 183; baseline -0.005 -9"><span class='ocrx_word' id='word_1_413' title='bbox 980 147 1099 179; x_wconf 75' lang='grc' dir='ltr'>Αδὶναι,</span> <span class='ocrx_word' id='word_1_414' title='bbox 1125 148 1236 183; x_wconf 72' lang='grc' dir='ltr'>ὴνιῶντό</span> <span class='ocrx_word' id='word_1_415' title='bbox 1257 157 1285 174; x_wconf 75' lang='grc' dir='ltr'><strong>τε</strong></span> <span class='ocrx_word' id='word_1_416' title='bbox 1307 148 1353 174; x_wconf 72' lang='grc' dir='ltr'>καὶ</span> <span class='ocrx_word' id='word_1_417' title='bbox 1376 146 1563 182; x_wconf 65' lang='grc' dir='ltr'>ἐδυσχέραινον</span> <span class='ocrx_word' id='word_1_418' title='bbox 1589 145 1639 171; x_wconf 69' lang='grc' dir='ltr'>οὐκ</span> <span class='ocrx_word' id='word_1_419' title='bbox 1660 144 1791 176; x_wconf 75' lang='grc' dir='ltr'>ἀνεκτῶς,</span> 
     </span>
    </p>
   </div>
   <div class='ocr_carea' id='block_1_64' title="bbox 1016 191 1793 229">
    <p class='ocr_par' dir='ltr' id='par_1_64' title="bbox 1016 191 1793 229">
     <span class='ocr_line' id='line_1_64' title="bbox 1016 191 1793 229; baseline -0.006 -9"><span class='ocrx_word' id='word_1_420' title='bbox 1016 195 1061 220; x_wconf 84' lang='grc' dir='ltr'>καὶ</span> <span class='ocrx_word' id='word_1_421' title='bbox 1078 195 1198 221; x_wconf 79' lang='grc' dir='ltr'><strong>ἱκέτευον</strong></span> <span class='ocrx_word' id='word_1_422' title='bbox 1219 193 1432 229; x_wconf 76' lang='grc' dir='ltr'>προσκυνοῦντες</span> <span class='ocrx_word' id='word_1_423' title='bbox 1451 194 1487 228; x_wconf 82' lang='grc' dir='ltr'>μὴ</span> <span class='ocrx_word' id='word_1_424' title='bbox 1509 191 1621 219; x_wconf 79' lang='grc' dir='ltr'>τοιαῦτα</span> <span class='ocrx_word' id='word_1_425' title='bbox 1641 191 1773 225; x_wconf 77' lang='grc' dir='ltr'>πράττειν</span> <span class='ocrx_word' id='word_1_426' title='bbox 1785 198 1793 206; x_wconf 74' lang='grc' dir='ltr'><strong><em>ο</em></strong></span> 
     </span>
    </p>
   </div>
   <div class='ocr_carea' id='block_1_65' title="bbox 1016 234 1794 273">
    <p class='ocr_par' dir='ltr' id='par_1_65' title="bbox 1016 234 1794 273">
     <span class='ocr_line' id='line_1_65' title="bbox 1016 234 1794 273; baseline -0.009 -8"><span class='ocrx_word' id='word_1_427' title='bbox 1016 237 1053 268; x_wconf 83' lang='grc' dir='ltr'>ὼς</span> <span class='ocrx_word' id='word_1_428' title='bbox 1072 238 1162 273; x_wconf 73' lang='grc' dir='ltr'>ῥᾴδιον</span> <span class='ocrx_word' id='word_1_429' title='bbox 1180 237 1210 265; x_wconf 80' lang='grc' dir='ltr'>ὃν</span> <span class='ocrx_word' id='word_1_430' title='bbox 1225 238 1328 264; x_wconf 77' lang='grc' dir='ltr'>ἐκεῖθεν</span> <span class='ocrx_word' id='word_1_431' title='bbox 1352 236 1460 263; x_wconf 77' lang='grc' dir='ltr'>ἐπειδὰν</span> <span class='ocrx_word' id='word_1_432' title='bbox 1487 235 1644 270; x_wconf 75' lang='grc' dir='ltr'>ἀφίκοιτοή</span> <span class='ocrx_word' id='word_1_433' title='bbox 1668 234 1794 268; x_wconf 84' lang='grc' dir='ltr'>στρατιὰ,</span> 
     </span>
    </p>
   </div>
   <div class='ocr_carea' id='block_1_66' title="bbox 1017 279 1795 317">
    <p class='ocr_par' dir='ltr' id='par_1_66' title="bbox 1017 279 1795 317">
     <span class='ocr_line' id='line_1_66' title="bbox 1017 279 1795 317; baseline -0.008 -6"><span class='ocrx_word' id='word_1_434' title='bbox 1017 284 1129 317; x_wconf 79' lang='grc' dir='ltr'><strong>βασιλέα</strong></span> <span class='ocrx_word' id='word_1_435' title='bbox 1143 285 1188 311; x_wconf 76' lang='grc' dir='ltr'>τὸν</span> <span class='ocrx_word' id='word_1_436' title='bbox 1202 284 1274 317; x_wconf 85' lang='grc' dir='ltr'>νέον,</span> <span class='ocrx_word' id='word_1_437' title='bbox 1292 283 1438 315; x_wconf 79' lang='grc' dir='ltr'><strong>Βυζαντίου</strong></span> <span class='ocrx_word' id='word_1_438' title='bbox 1454 281 1618 315; x_wconf 73' lang='grc' dir='ltr'>ἐξελαύνειν.</span> <span class='ocrx_word' id='word_1_439' title='bbox 1628 280 1751 306; x_wconf 76' lang='grc' dir='ltr'><strong>Μάλιστα</strong></span> <span class='ocrx_word' id='word_1_440' title='bbox 1767 279 1795 305; x_wconf 70' lang='grc' dir='ltr'>δὲ</span> 
     </span>
    </p>
   </div>
   <div class='ocr_carea' id='block_1_67' title="bbox 1018 325 1796 364">
    <p class='ocr_par' dir='ltr' id='par_1_67' title="bbox 1018 325 1796 364">
     <span class='ocr_line' id='line_1_67' title="bbox 1018 325 1796 364; baseline -0.008 -8"><span class='ocrx_word' id='word_1_441' title='bbox 1018 330 1153 362; x_wconf 81' lang='grc' dir='ltr'>Ντζιουὰν</span> <span class='ocrx_word' id='word_1_442' title='bbox 1165 329 1290 364; x_wconf 83' lang='grc' dir='ltr'>Περάλτα</span> <span class='ocrx_word' id='word_1_443' title='bbox 1301 330 1315 356; x_wconf 83' lang='grc' dir='ltr'><strong>δ</strong></span> <span class='ocrx_word' id='word_1_444' title='bbox 1325 329 1427 356; x_wconf 86' lang='grc' dir='ltr'>τούτων</span> <span class='ocrx_word' id='word_1_445' title='bbox 1438 327 1561 362; x_wconf 72' lang='grc' dir='ltr'><strong>¹ἡγεμὼν,</strong></span> <span class='ocrx_word' id='word_1_446' title='bbox 1575 325 1655 357; x_wconf 82' lang='grc' dir='ltr'>αὑτός</span> <span class='ocrx_word' id='word_1_447' title='bbox 1668 334 1698 351; x_wconf 89' lang='grc' dir='ltr'><strong>τε</strong></span> <span class='ocrx_word' id='word_1_448' title='bbox 1712 325 1796 351; x_wconf 76' lang='grc' dir='ltr'>ἐδεῖτο</span> 
     </span>
    </p>
   </div>
   <div class='ocr_carea' id='block_1_68' title="bbox 1018 369 1796 409">
    <p class='ocr_par' dir='ltr' id='par_1_68' title="bbox 1018 369 1796 409">
     <span class='ocr_line' id='line_1_68' title="bbox 1018 369 1796 409; baseline -0.009 -8"><span class='ocrx_word' id='word_1_449' title='bbox 1018 375 1162 409; x_wconf 81' lang='grc' dir='ltr'>βασιλέως,</span> <span class='ocrx_word' id='word_1_450' title='bbox 1185 375 1233 401; x_wconf 80' lang='grc' dir='ltr'>καὶ</span> <span class='ocrx_word' id='word_1_451' title='bbox 1248 376 1311 406; x_wconf 77' lang='grc' dir='ltr'>τοὺς</span> <span class='ocrx_word' id='word_1_452' title='bbox 1324 374 1419 406; x_wconf 75' lang='grc' dir='ltr'>ἄλλους</span> <span class='ocrx_word' id='word_1_453' title='bbox 1441 372 1561 402; x_wconf 79' lang='grc' dir='ltr'>ἔπειθεν,</span> <span class='ocrx_word' id='word_1_454' title='bbox 1583 369 1627 397; x_wconf 74' lang='grc' dir='ltr'>οἷα</span> <span class='ocrx_word' id='word_1_455' title='bbox 1649 371 1680 404; x_wconf 82' lang='grc' dir='ltr'>δὴ</span> <span class='ocrx_word' id='word_1_456' title='bbox 1701 370 1796 405; x_wconf 86' lang='grc' dir='ltr'>χρόνον</span> 
     </span>
    </p>
   </div>
   <div class='ocr_carea' id='block_1_69' title="bbox 1017 415 1797 456">
    <p class='ocr_par' dir='ltr' id='par_1_69' title="bbox 1017 415 1797 456">
     <span class='ocr_line' id='line_1_69' title="bbox 1017 415 1797 456; baseline -0.008 -9"><span class='ocrx_word' id='word_1_457' title='bbox 1017 421 1078 447; x_wconf 75' lang='grc' dir='ltr'>τινὰ</span> <span class='ocrx_word' id='word_1_458' title='bbox 1104 421 1202 456; x_wconf 84' lang='grc' dir='ltr'>συχνὸν</span> <span class='ocrx_word' id='word_1_459' title='bbox 1230 420 1281 456; x_wconf 72' lang='grc' dir='ltr'><strong>ἤδη</strong></span> <span class='ocrx_word' id='word_1_460' title='bbox 1315 420 1511 454; x_wconf 80' lang='grc' dir='ltr'><strong>συγγενόμενος</strong></span> <span class='ocrx_word' id='word_1_461' title='bbox 1538 417 1577 452; x_wconf 80' lang='grc' dir='ltr'>τῷ</span> <span class='ocrx_word' id='word_1_462' title='bbox 1605 415 1721 451; x_wconf 64' lang='grc' dir='ltr'>βασιλέϊ,</span> <span class='ocrx_word' id='word_1_463' title='bbox 1750 415 1797 442; x_wconf 74' lang='grc' dir='ltr'>καὶ</span> 
     </span>
    </p>
   </div>
   <div class='ocr_carea' id='block_1_70' title="bbox 1018 460 1797 501">
    <p class='ocr_par' dir='ltr' id='par_1_70' title="bbox 1018 460 1797 501">
     <span class='ocr_line' id='line_1_70' title="bbox 1018 460 1797 501; baseline -0.01 -7"><span class='ocrx_word' id='word_1_464' title='bbox 1018 467 1132 498; x_wconf 82' lang='grc' dir='ltr'>πολλοὺς</span> <span class='ocrx_word' id='word_1_465' title='bbox 1157 467 1226 501; x_wconf 80' lang='grc' dir='ltr'>ὑπὲρ</span> <span class='ocrx_word' id='word_1_466' title='bbox 1250 465 1332 493; x_wconf 79' lang='grc' dir='ltr'>αὑτοῦ</span> <span class='ocrx_word' id='word_1_467' title='bbox 1350 465 1487 496; x_wconf 83' lang='grc' dir='ltr'>κινδύνους</span> <span class='ocrx_word' id='word_1_468' title='bbox 1505 464 1634 493; x_wconf 71' lang='grc' dir='ltr'>ὑποστάς.</span> <span class='ocrx_word' id='word_1_469' title='bbox 1659 460 1717 489; x_wconf 79' lang='grc' dir='ltr'><strong>Τῶν</strong></span> <span class='ocrx_word' id='word_1_470' title='bbox 1741 462 1797 495; x_wconf 79' lang='grc' dir='ltr'><strong>γὰρ</strong></span> 
     </span>
    </p>
   </div>
   <div class='ocr_carea' id='block_1_71' title="bbox 1013 507 1798 549">
    <p class='ocr_par' dir='ltr' id='par_1_71' title="bbox 1013 507 1798 549">
     <span class='ocr_line' id='line_1_71' title="bbox 1013 507 1798 549; baseline -0.01 -9"><span class='ocrx_word' id='word_1_471' title='bbox 1013 513 1115 549; x_wconf 71' lang='grc' dir='ltr'>ἐκείνῳ</span> <span class='ocrx_word' id='word_1_472' title='bbox 1130 513 1386 548; x_wconf 77' lang='grc' dir='ltr'><strong>συστρατευομένων</strong></span> <span class='ocrx_word' id='word_1_473' title='bbox 1399 509 1433 546; x_wconf 80' lang='grc' dir='ltr'>ἦν</span> <span class='ocrx_word' id='word_1_474' title='bbox 1448 510 1529 545; x_wconf 80' lang='grc' dir='ltr'>ἡνίκα</span> <span class='ocrx_word' id='word_1_475' title='bbox 1545 509 1678 544; x_wconf 80' lang='grc' dir='ltr'>διέτριῦεν</span> <span class='ocrx_word' id='word_1_476' title='bbox 1692 508 1720 534; x_wconf 76' lang='grc' dir='ltr'><strong>ἑν</strong></span> <span class='ocrx_word' id='word_1_477' title='bbox 1733 507 1798 541; x_wconf 77' lang='grc' dir='ltr'>Τρι-</span> 
     </span>
    </p>
   </div>
   <div class='ocr_carea' id='block_1_72' title="bbox 1018 552 1796 591">
    <p class='ocr_par' dir='ltr' id='par_1_72' title="bbox 1018 552 1796 591">
     <span class='ocr_line' id='line_1_72' title="bbox 1018 552 1796 591; baseline -0.013 -4"><span class='ocrx_word' id='word_1_478' title='bbox 1018 560 1109 591; x_wconf 77' lang='grc' dir='ltr'>ϐαλοῖς</span> <span class='ocrx_word' id='word_1_479' title='bbox 1126 559 1196 586; x_wconf 83' lang='grc' dir='ltr'>κατὰ</span> <span class='ocrx_word' id='word_1_480' title='bbox 1213 559 1258 585; x_wconf 81' lang='grc' dir='ltr'>τὸν</span> <span class='ocrx_word' id='word_1_481' title='bbox 1275 557 1322 584; x_wconf 81' lang='grc' dir='ltr'><strong>τοῦ</strong></span> <span class='ocrx_word' id='word_1_482' title='bbox 1339 557 1458 591; x_wconf 75' lang='grc' dir='ltr'>πολέμου</span> <span class='ocrx_word' id='word_1_483' title='bbox 1473 556 1581 591; x_wconf 79' lang='grc' dir='ltr'>χρόνον,</span> <span class='ocrx_word' id='word_1_484' title='bbox 1599 554 1646 580; x_wconf 71' lang='grc' dir='ltr'><strong>καὶ</strong></span> <span class='ocrx_word' id='word_1_485' title='bbox 1668 552 1796 582; x_wconf 72' lang='grc' dir='ltr'><strong>πλείστας</strong></span> 
     </span>
    </p>
   </div>
   <div class='ocr_carea' id='block_1_73' title="bbox 1019 598 1798 639">
    <p class='ocr_par' dir='ltr' id='par_1_73' title="bbox 1019 598 1798 639">
     <span class='ocr_line' id='line_1_73' title="bbox 1019 598 1798 639; baseline -0.01 -8"><span class='ocrx_word' id='word_1_486' title='bbox 1019 605 1169 637; x_wconf 75' lang='grc' dir='ltr'>ἀποδείξεις</span> <span class='ocrx_word' id='word_1_487' title='bbox 1182 605 1333 639; x_wconf 73' lang='grc' dir='ltr'><strong>παρέσχετο</strong></span> <span class='ocrx_word' id='word_1_488' title='bbox 1345 604 1392 634; x_wconf 72' lang='grc' dir='ltr'>τῆς</span> <span class='ocrx_word' id='word_1_489' title='bbox 1403 604 1442 632; x_wconf 81' lang='grc' dir='ltr'><strong>εἰς</strong></span> <span class='ocrx_word' id='word_1_490' title='bbox 1453 602 1533 628; x_wconf 79' lang='grc' dir='ltr'>αὐτὸν</span> <span class='ocrx_word' id='word_1_491' title='bbox 1545 600 1661 631; x_wconf 80' lang='grc' dir='ltr'>εὐνοίας,</span> <span class='ocrx_word' id='word_1_492' title='bbox 1670 598 1798 632; x_wconf 75' lang='grc' dir='ltr'>οὐδεμίαν</span> 
     </span>
    </p>
   </div>
   <div class='ocr_carea' id='block_1_74' title="bbox 1018 643 1798 684">
    <p class='ocr_par' dir='ltr' id='par_1_74' title="bbox 1018 643 1798 684">
     <span class='ocr_line' id='line_1_74' title="bbox 1018 643 1798 684; baseline -0.012 -7"><span class='ocrx_word' id='word_1_493' title='bbox 1018 650 1081 677; x_wconf 78' lang='grc' dir='ltr'>κατ’</span> <span class='ocrx_word' id='word_1_494' title='bbox 1091 651 1178 676; x_wconf 74' lang='grc' dir='ltr'>ἐκεῖνο</span> <span class='ocrx_word' id='word_1_495' title='bbox 1195 649 1291 684; x_wconf 82' lang='grc' dir='ltr'>χρόνου</span> <span class='ocrx_word' id='word_1_496' title='bbox 1303 647 1421 674; x_wconf 71' lang='grc' dir='ltr'>ὑποστὰς</span> <span class='ocrx_word' id='word_1_497' title='bbox 1438 645 1600 681; x_wconf 80' lang='grc' dir='ltr'>μεταὸολὴν,</span> <span class='ocrx_word' id='word_1_498' title='bbox 1616 645 1699 678; x_wconf 76' lang='grc' dir='ltr'>ἡνίκα</span> <span class='ocrx_word' id='word_1_499' title='bbox 1713 643 1760 669; x_wconf 82' lang='grc' dir='ltr'>καὶ</span> <span class='ocrx_word' id='word_1_500' title='bbox 1772 643 1798 668; x_wconf 80' lang='grc' dir='ltr'>οἱ</span> 
     </span>
    </p>
   </div>
   <div class='ocr_carea' id='block_1_75' title="bbox 1020 689 1799 731">
    <p class='ocr_par' dir='ltr' id='par_1_75' title="bbox 1020 689 1799 731">
     <span class='ocr_line' id='line_1_75' title="bbox 1020 689 1799 731; baseline -0.012 -8"><span class='ocrx_word' id='word_1_501' title='bbox 1020 696 1138 731; x_wconf 70' lang='grc' dir='ltr'>μάλιστα</span> <span class='ocrx_word' id='word_1_502' title='bbox 1160 695 1300 725; x_wconf 81' lang='grc' dir='ltr'>δοκοῦντες</span> <span class='ocrx_word' id='word_1_503' title='bbox 1318 691 1390 720; x_wconf 82' lang='grc' dir='ltr'>εὖνοι</span> <span class='ocrx_word' id='word_1_504' title='bbox 1407 691 1476 719; x_wconf 79' lang='grc' dir='ltr'>εἶναι</span> <span class='ocrx_word' id='word_1_505' title='bbox 1498 691 1676 726; x_wconf 74' lang='grc' dir='ltr'><strong>ἐξηλέγχοντο</strong></span> <span class='ocrx_word' id='word_1_506' title='bbox 1699 689 1799 724; x_wconf 71' lang='grc' dir='ltr'>μεθαρ-</span> 
     </span>
    </p>
   </div>
   <div class='ocr_carea' id='block_1_76' title="bbox 1021 734 1796 777">
    <p class='ocr_par' dir='ltr' id='par_1_76' title="bbox 1021 734 1796 777">
     <span class='ocr_line' id='line_1_76' title="bbox 1021 734 1796 777; baseline -0.01 -9"><span class='ocrx_word' id='word_1_507' title='bbox 1021 741 1148 777; x_wconf 77' lang='grc' dir='ltr'>μόζοντες</span> <span class='ocrx_word' id='word_1_508' title='bbox 1175 742 1286 771; x_wconf 72' lang='grc' dir='ltr'>ἑαυτοὺς</span> <span class='ocrx_word' id='word_1_509' title='bbox 1309 741 1364 770; x_wconf 73' lang='grc' dir='ltr'>τοῖς</span> <span class='ocrx_word' id='word_1_510' title='bbox 1388 739 1532 774; x_wconf 72' lang='grc' dir='ltr'><strong>πράγμασι</strong></span> <span class='ocrx_word' id='word_1_511' title='bbox 1550 737 1665 767; x_wconf 77' lang='grc' dir='ltr'>καὶτοῖς</span> <span class='ocrx_word' id='word_1_512' title='bbox 1679 734 1796 768; x_wconf 79' lang='grc' dir='ltr'>καιροῖς.</span> 
     </span>
    </p>
   </div>
   <div class='ocr_carea' id='block_1_77' title="bbox 1019 781 1797 820">
    <p class='ocr_par' dir='ltr' id='par_1_77' title="bbox 1019 781 1797 820">
     <span class='ocr_line' id='line_1_77' title="bbox 1019 781 1797 820; baseline -0.01 -6"><span class='ocrx_word' id='word_1_513' title='bbox 1019 788 1156 817; x_wconf 76' lang='grc' dir='ltr'><strong>Βασιλέως</strong></span> <span class='ocrx_word' id='word_1_514' title='bbox 1170 787 1196 813; x_wconf 80' lang='grc' dir='ltr'>δὲ</span> <span class='ocrx_word' id='word_1_515' title='bbox 1209 786 1328 813; x_wconf 78' lang='grc' dir='ltr'>ἀδύνατα</span> <span class='ocrx_word' id='word_1_516' title='bbox 1344 784 1553 820; x_wconf 73' lang='grc' dir='ltr'>ἰσχυριζομένου</span> <span class='ocrx_word' id='word_1_517' title='bbox 1572 782 1665 815; x_wconf 79' lang='grc' dir='ltr'>ἁξιοῦν</span> <span class='ocrx_word' id='word_1_518' title='bbox 1681 781 1779 811; x_wconf 76' lang='grc' dir='ltr'>αὐτοὺς</span> <span class='ocrx_word' id='word_1_519' title='bbox 1790 800 1797 811; x_wconf 85' lang='grc'><strong>,</strong></span> 
     </span>
    </p>
   </div>
   <div class='ocr_carea' id='block_1_78' title="bbox 1020 827 1799 867">
    <p class='ocr_par' dir='ltr' id='par_1_78' title="bbox 1020 827 1799 867">
     <span class='ocr_line' id='line_1_78' title="bbox 1020 827 1799 867; baseline -0.012 -7"><span class='ocrx_word' id='word_1_520' title='bbox 1020 834 1050 860; x_wconf 79' lang='grc' dir='ltr'>οὗ</span> <span class='ocrx_word' id='word_1_521' title='bbox 1064 834 1117 867; x_wconf 85' lang='grc' dir='ltr'><strong>γὰρ</strong></span> <span class='ocrx_word' id='word_1_522' title='bbox 1133 832 1215 859; x_wconf 79' lang='grc' dir='ltr'>αὑτοῦ</span> <span class='ocrx_word' id='word_1_523' title='bbox 1232 830 1301 858; x_wconf 82' lang='grc' dir='ltr'>εἶναι</span> <span class='ocrx_word' id='word_1_524' title='bbox 1316 831 1350 857; x_wconf 74' lang='grc' dir='ltr'><strong>τὰ</strong></span> <span class='ocrx_word' id='word_1_525' title='bbox 1366 829 1539 865; x_wconf 67' lang='grc' dir='ltr'>ἐψηφισμένα</span> <span class='ocrx_word' id='word_1_526' title='bbox 1559 829 1734 862; x_wconf 77' lang='grc' dir='ltr'><strong>ἀνατρέπειν,</strong></span> <span class='ocrx_word' id='word_1_527' title='bbox 1751 827 1799 852; x_wconf 71' lang='grc' dir='ltr'>καὶ</span> 
     </span>
    </p>
   </div>
   <div class='ocr_carea' id='block_1_79' title="bbox 1020 872 1799 912">
    <p class='ocr_par' dir='ltr' id='par_1_79' title="bbox 1020 872 1799 912">
     <span class='ocr_line' id='line_1_79' title="bbox 1020 872 1799 912; baseline -0.012 -6"><span class='ocrx_word' id='word_1_528' title='bbox 1020 879 1176 910; x_wconf 79' lang='grc' dir='ltr'>κελεύοντος</span> <span class='ocrx_word' id='word_1_529' title='bbox 1197 878 1227 904; x_wconf 80' lang='grc' dir='ltr'>τὸ</span> <span class='ocrx_word' id='word_1_530' title='bbox 1244 877 1373 912; x_wconf 86' lang='grc' dir='ltr'>φρούριον</span> <span class='ocrx_word' id='word_1_531' title='bbox 1390 875 1578 910; x_wconf 82' lang='grc' dir='ltr'>παραδιδόναι·</span> <span class='ocrx_word' id='word_1_532' title='bbox 1599 873 1693 908; x_wconf 85' lang='grc' dir='ltr'>καιρὸν</span> <span class='ocrx_word' id='word_1_533' title='bbox 1716 872 1799 908; x_wconf 72' lang='grc' dir='ltr'>ᾔτουν</span> 
     </span>
    </p>
   </div>
   <div class='ocr_carea' id='block_1_80' title="bbox 1022 918 1800 959">
    <p class='ocr_par' dir='ltr' id='par_1_80' title="bbox 1022 918 1800 959">
     <span class='ocr_line' id='line_1_80' title="bbox 1022 918 1800 959; baseline -0.01 -8"><span class='ocrx_word' id='word_1_534' title='bbox 1022 925 1089 959; x_wconf 78' lang='grc' dir='ltr'>πρὸς</span> <span class='ocrx_word' id='word_1_535' title='bbox 1102 923 1243 958; x_wconf 77' lang='grc' dir='ltr'>διάσκεψιν</span> <span class='ocrx_word' id='word_1_536' title='bbox 1266 923 1335 950; x_wconf 84' lang='grc' dir='ltr'>ὥστε</span> <span class='ocrx_word' id='word_1_537' title='bbox 1348 921 1544 957; x_wconf 77' lang='grc' dir='ltr'>βουλεύσασθαι</span> <span class='ocrx_word' id='word_1_538' title='bbox 1558 920 1599 954; x_wconf 66' lang='grc' dir='ltr'><strong>ἐφ’</strong></span> <span class='ocrx_word' id='word_1_539' title='bbox 1611 919 1734 950; x_wconf 80' lang='grc' dir='ltr'>ἑαυτοὺς,</span> <span class='ocrx_word' id='word_1_540' title='bbox 1747 918 1761 944; x_wconf 85' lang='grc' dir='ltr'><strong>ὅ</strong></span> <span class='ocrx_word' id='word_1_541' title='bbox 1772 926 1800 943; x_wconf 84' lang='grc' dir='ltr'><strong>τι</strong></span> 
     </span>
    </p>
   </div>
   <div class='ocr_carea' id='block_1_81' title="bbox 1021 963 1800 1005">
    <p class='ocr_par' dir='ltr' id='par_1_81' title="bbox 1021 963 1800 1005">
     <span class='ocr_line' id='line_1_81' title="bbox 1021 963 1800 1005; baseline -0.01 -9"><span class='ocrx_word' id='word_1_542' title='bbox 1021 969 1174 1005; x_wconf 72' lang='grc' dir='ltr'>πράξαντες</span> <span class='ocrx_word' id='word_1_543' title='bbox 1196 969 1231 995; x_wconf 77' lang='grc' dir='ltr'><strong>τὰ</strong></span> <span class='ocrx_word' id='word_1_544' title='bbox 1250 967 1367 1003; x_wconf 85' lang='grc' dir='ltr'>μάλιστα</span> <span class='ocrx_word' id='word_1_545' title='bbox 1389 965 1581 992; x_wconf 82' lang='grc' dir='ltr'>λυσιτελοῦντα</span> <span class='ocrx_word' id='word_1_546' title='bbox 1599 964 1673 998; x_wconf 69' lang='grc' dir='ltr'>σφίσι</span> <span class='ocrx_word' id='word_1_547' title='bbox 1688 963 1800 995; x_wconf 75' lang='grc' dir='ltr'>δόξωσιν</span> 
     </span>
    </p>
   </div>
   <div class='ocr_carea' id='block_1_82' title="bbox 1020 1007 1799 1048">
    <p class='ocr_par' dir='ltr' id='par_1_82' title="bbox 1020 1007 1799 1048">
     <span class='ocr_line' id='line_1_82' title="bbox 1020 1007 1799 1048; baseline -0.01 -8"><span class='ocrx_word' id='word_1_548' title='bbox 1020 1013 1149 1048; x_wconf 50' lang='grc' dir='ltr'>ᾑρῆσθαι,</span> <span class='ocrx_word' id='word_1_549' title='bbox 1168 1011 1397 1044; x_wconf 72' lang='grc' dir='ltr'>Ἐπιτετραερότος</span> <span class='ocrx_word' id='word_1_550' title='bbox 1408 1011 1435 1036; x_wconf 76' lang='grc' dir='ltr'>δὲ</span> <span class='ocrx_word' id='word_1_551' title='bbox 1448 1009 1495 1036; x_wconf 75' lang='grc' dir='ltr'>τοῦ</span> <span class='ocrx_word' id='word_1_552' title='bbox 1508 1008 1649 1044; x_wconf 77' lang='grc' dir='ltr'>βασιλέως,</span> <span class='ocrx_word' id='word_1_553' title='bbox 1666 1008 1694 1033; x_wconf 78' lang='grc' dir='ltr'>ὲν</span> <span class='ocrx_word' id='word_1_554' title='bbox 1705 1007 1742 1042; x_wconf 82' lang='grc' dir='ltr'>τῷ</span> <span class='ocrx_word' id='word_1_555' title='bbox 1752 1007 1799 1033; x_wconf 74' lang='grc' dir='ltr'>τοῦ</span> 
     </span>
    </p>
   </div>
   <div class='ocr_carea' id='block_1_83' title="bbox 1022 1052 1799 1093">
    <p class='ocr_par' dir='ltr' id='par_1_83' title="bbox 1022 1052 1799 1093">
     <span class='ocr_line' id='line_1_83' title="bbox 1022 1052 1799 1093; baseline -0.01 -9"><span class='ocrx_word' id='word_1_556' title='bbox 1022 1058 1153 1093; x_wconf 78' lang='grc' dir='ltr'>φρουρίου</span> <span class='ocrx_word' id='word_1_557' title='bbox 1172 1056 1306 1091; x_wconf 75' lang='grc' dir='ltr'>περιὸόλῳ</span> <span class='ocrx_word' id='word_1_558' title='bbox 1322 1055 1531 1086; x_wconf 71' lang='grc' dir='ltr'>καταλιπόντες,</span> <span class='ocrx_word' id='word_1_559' title='bbox 1550 1053 1611 1080; x_wconf 73' lang='grc' dir='ltr'>ἐπεὶ</span> <span class='ocrx_word' id='word_1_560' title='bbox 1628 1052 1702 1078; x_wconf 71' lang='grc' dir='ltr'>ἔνδον</span> <span class='ocrx_word' id='word_1_561' title='bbox 1723 1052 1799 1077; x_wconf 74' lang='grc' dir='ltr'>αὐτοὶ</span> 
     </span>
    </p>
   </div>
   <div class='ocr_carea' id='block_1_84' title="bbox 1020 1098 1800 1137">
    <p class='ocr_par' dir='ltr' id='par_1_84' title="bbox 1020 1098 1800 1137">
     <span class='ocr_line' id='line_1_84' title="bbox 1020 1098 1800 1137; baseline -0.009 -8"><span class='ocrx_word' id='word_1_562' title='bbox 1020 1103 1066 1129; x_wconf 81' lang='grc' dir='ltr'><strong>τοῦ</strong></span> <span class='ocrx_word' id='word_1_563' title='bbox 1085 1102 1191 1137; x_wconf 84' lang='grc' dir='ltr'>πύργου</span> <span class='ocrx_word' id='word_1_564' title='bbox 1217 1099 1298 1136; x_wconf 84' lang='grc' dir='ltr'>ἦσαν,</span> <span class='ocrx_word' id='word_1_565' title='bbox 1326 1100 1517 1127; x_wconf 74' lang='grc' dir='ltr'>συνεὸούλευεν</span> <span class='ocrx_word' id='word_1_566' title='bbox 1542 1099 1634 1129; x_wconf 79' lang='grc' dir='ltr'>αὺτοῖς</span> <span class='ocrx_word' id='word_1_567' title='bbox 1656 1099 1669 1124; x_wconf 81' lang='grc' dir='ltr'><strong>ό</strong></span> <span class='ocrx_word' id='word_1_568' title='bbox 1689 1098 1800 1132; x_wconf 69' lang='grc' dir='ltr'>ἡγεμιῖιν</span> 
     </span>
    </p>
   </div>
   <div class='ocr_carea' id='block_1_85' title="bbox 1020 1143 1800 1184">
    <p class='ocr_par' dir='ltr' id='par_1_85' title="bbox 1020 1143 1800 1184">
     <span class='ocr_line' id='line_1_85' title="bbox 1020 1143 1800 1184; baseline -0.009 -9"><span class='ocrx_word' id='word_1_569' title='bbox 1020 1150 1117 1184; x_wconf 75' lang='grc' dir='ltr'>ὅρκους</span> <span class='ocrx_word' id='word_1_570' title='bbox 1145 1148 1258 1182; x_wconf 78' lang='grc' dir='ltr'>βασιλέα</span> <span class='ocrx_word' id='word_1_571' title='bbox 1284 1147 1408 1173; x_wconf 85' lang='grc' dir='ltr'>ἀπαιτεῖν</span> <span class='ocrx_word' id='word_1_572' title='bbox 1435 1146 1471 1181; x_wconf 85' lang='grc' dir='ltr'>μὴ</span> <span class='ocrx_word' id='word_1_573' title='bbox 1500 1144 1605 1180; x_wconf 77' lang='grc' dir='ltr'>βασιλεῖ</span> <span class='ocrx_word' id='word_1_574' title='bbox 1626 1144 1665 1178; x_wconf 86' lang='grc' dir='ltr'>τῷ</span> <span class='ocrx_word' id='word_1_575' title='bbox 1688 1145 1740 1178; x_wconf 85' lang='grc' dir='ltr'>νέῳ</span> <span class='ocrx_word' id='word_1_576' title='bbox 1770 1143 1800 1168; x_wconf 81' lang='grc' dir='ltr'>τὸ</span> 
     </span>
    </p>
   </div>
   <div class='ocr_carea' id='block_1_86' title="bbox 1021 1189 1801 1230">
    <p class='ocr_par' dir='ltr' id='par_1_86' title="bbox 1021 1189 1801 1230">
     <span class='ocr_line' id='line_1_86' title="bbox 1021 1189 1801 1230; baseline -0.012 -8"><span class='ocrx_word' id='word_1_577' title='bbox 1021 1195 1151 1230; x_wconf 75' lang='grc' dir='ltr'>φρούριον</span> <span class='ocrx_word' id='word_1_578' title='bbox 1168 1194 1344 1229; x_wconf 72' lang='grc' dir='ltr'>παραδιδῧναι</span> <span class='ocrx_word' id='word_1_579' title='bbox 1357 1200 1364 1207; x_wconf 87' lang='grc'>⁶</span> <span class='ocrx_word' id='word_1_580' title='bbox 1380 1191 1437 1219; x_wconf 78' lang='grc' dir='ltr'>ἀλλ’</span> <span class='ocrx_word' id='word_1_581' title='bbox 1451 1192 1467 1226; x_wconf 77' lang='grc' dir='ltr'>ἢ</span> <span class='ocrx_word' id='word_1_582' title='bbox 1479 1191 1594 1225; x_wconf 85' lang='grc' dir='ltr'>μένοντα</span> <span class='ocrx_word' id='word_1_583' title='bbox 1610 1190 1735 1224; x_wconf 80' lang='grc' dir='ltr'>κατέχειν</span> <span class='ocrx_word' id='word_1_584' title='bbox 1752 1189 1801 1214; x_wconf 79' lang='grc' dir='ltr'>σὺν</span> 
     </span>
    </p>
   </div>
   <div class='ocr_carea' id='block_1_87' title="bbox 1021 1236 1799 1275">
    <p class='ocr_par' dir='ltr' id='par_1_87' title="bbox 1021 1236 1799 1275">
     <span class='ocr_line' id='line_1_87' title="bbox 1021 1236 1799 1275; baseline -0.008 -8"><span class='ocrx_word' id='word_1_585' title='bbox 1021 1242 1123 1272; x_wconf 79' lang='grc' dir='ltr'>αὐτοῖς,</span> <span class='ocrx_word' id='word_1_586' title='bbox 1141 1241 1157 1274; x_wconf 86' lang='grc' dir='ltr'>ἦ</span> <span class='ocrx_word' id='word_1_587' title='bbox 1174 1241 1198 1266; x_wconf 81' lang='grc' dir='ltr'><strong>εί</strong></span> <span class='ocrx_word' id='word_1_588' title='bbox 1214 1241 1250 1275; x_wconf 85' lang='grc' dir='ltr'>μὴ</span> <span class='ocrx_word' id='word_1_589' title='bbox 1269 1239 1390 1275; x_wconf 87' lang='grc' dir='ltr'>βούλοιτο</span> <span class='ocrx_word' id='word_1_590' title='bbox 1405 1238 1487 1269; x_wconf 78' lang='grc' dir='ltr'>αὐτὸς</span> <span class='ocrx_word' id='word_1_591' title='bbox 1506 1236 1720 1272; x_wconf 76' lang='grc' dir='ltr'>πολιορκεῖσθαι,</span> <span class='ocrx_word' id='word_1_592' title='bbox 1734 1236 1799 1261; x_wconf 79' lang='grc' dir='ltr'>ἁνα-</span> 
     </span>
    </p>
   </div>
   <div class='ocr_carea' id='block_1_88' title="bbox 1022 1279 1800 1321">
    <p class='ocr_par' dir='ltr' id='par_1_88' title="bbox 1022 1279 1800 1321">
     <span class='ocr_line' id='line_1_88' title="bbox 1022 1279 1800 1321; baseline -0.01 -9"><span class='ocrx_word' id='word_1_593' title='bbox 1022 1287 1120 1321; x_wconf 83' lang='grc' dir='ltr'>χωρεῖν</span> <span class='ocrx_word' id='word_1_594' title='bbox 1145 1285 1173 1310; x_wconf 78' lang='grc' dir='ltr'>ὲν</span> <span class='ocrx_word' id='word_1_595' title='bbox 1200 1283 1356 1319; x_wconf 76' lang='grc' dir='ltr'>βασιλείοις,</span> <span class='ocrx_word' id='word_1_596' title='bbox 1372 1283 1418 1308; x_wconf 68' lang='grc' dir='ltr'>καὶ</span> <span class='ocrx_word' id='word_1_597' title='bbox 1442 1281 1572 1316; x_wconf 81' lang='grc' dir='ltr'>πράττειν</span> <span class='ocrx_word' id='word_1_598' title='bbox 1595 1281 1608 1307; x_wconf 83' lang='grc' dir='ltr'><strong>ὃ</strong></span> <span class='ocrx_word' id='word_1_599' title='bbox 1623 1288 1650 1306; x_wconf 86' lang='grc' dir='ltr'><strong>τι</strong></span> <span class='ocrx_word' id='word_1_600' title='bbox 1676 1280 1709 1306; x_wconf 77' lang='grc' dir='ltr'>ἂν</span> <span class='ocrx_word' id='word_1_601' title='bbox 1723 1279 1800 1314; x_wconf 83' lang='grc' dir='ltr'>δοκῇ,</span> 
     </span>
    </p>
   </div>
   <div class='ocr_carea' id='block_1_89' title="bbox 1021 1325 1802 1364">
    <p class='ocr_par' dir='ltr' id='par_1_89' title="bbox 1021 1325 1802 1364">
     <span class='ocr_line' id='line_1_89' title="bbox 1021 1325 1802 1364; baseline -0.006 -8"><span class='ocrx_word' id='word_1_602' title='bbox 1021 1330 1121 1360; x_wconf 73' lang='grc' dir='ltr'>αὐτοὺς</span> <span class='ocrx_word' id='word_1_603' title='bbox 1131 1329 1158 1356; x_wconf 70' lang='grc' dir='ltr'>δὲ</span> <span class='ocrx_word' id='word_1_604' title='bbox 1174 1330 1221 1363; x_wconf 77' lang='grc' dir='ltr'>ὲᾷν</span> <span class='ocrx_word' id='word_1_605' title='bbox 1237 1329 1281 1355; x_wconf 69' lang='grc' dir='ltr'><strong>τὸν</strong></span> <span class='ocrx_word' id='word_1_606' title='bbox 1295 1329 1364 1364; x_wconf 80' lang='grc' dir='ltr'>πρὸς</span> <span class='ocrx_word' id='word_1_607' title='bbox 1379 1327 1543 1360; x_wconf 77' lang='grc' dir='ltr'>Βυζαντίους</span> <span class='ocrx_word' id='word_1_608' title='bbox 1560 1326 1677 1361; x_wconf 83' lang='grc' dir='ltr'>πόλεμον</span> <span class='ocrx_word' id='word_1_609' title='bbox 1689 1325 1802 1352; x_wconf 81' lang='grc' dir='ltr'>διοίσον-</span> 
     </span>
    </p>
   </div>
   <div class='ocr_carea' id='block_1_90' title="bbox 1021 1372 1804 1412">
    <p class='ocr_par' dir='ltr' id='par_1_90' title="bbox 1021 1372 1804 1412">
     <span class='ocr_line' id='line_1_90' title="bbox 1021 1372 1804 1412; baseline -0.008 -9"><span class='ocrx_word' id='word_1_610' title='bbox 1021 1385 1070 1408; x_wconf 85' lang='grc' dir='ltr'><strong>τας</strong></span> <span class='ocrx_word' id='word_1_611' title='bbox 1094 1376 1202 1412; x_wconf 73' lang='grc' dir='ltr'>ρᾳῐίως.</span> <span class='ocrx_word' id='word_1_612' title='bbox 1218 1375 1249 1402; x_wconf 82' lang='lat' dir='ltr'><strong>El</strong></span> <span class='ocrx_word' id='word_1_613' title='bbox 1277 1375 1305 1401; x_wconf 84' lang='grc' dir='ltr'>δὲ</span> <span class='ocrx_word' id='word_1_614' title='bbox 1336 1375 1516 1410; x_wconf 71' lang='grc' dir='ltr'>μηδοπότερον</span> <span class='ocrx_word' id='word_1_615' title='bbox 1537 1373 1624 1399; x_wconf 73' lang='grc' dir='ltr'>ἕλοιτο</span> <span class='ocrx_word' id='word_1_616' title='bbox 1652 1372 1706 1398; x_wconf 83' lang='grc' dir='ltr'>τῶν</span> <span class='ocrx_word' id='word_1_617' title='bbox 1728 1373 1804 1407; x_wconf 80' lang='grc' dir='ltr'>εἰρη-</span> 
     </span>
    </p>
   </div>
   <div class='ocr_carea' id='block_1_91' title="bbox 1024 1418 1801 1457">
    <p class='ocr_par' dir='ltr' id='par_1_91' title="bbox 1024 1418 1801 1457">
     <span class='ocr_line' id='line_1_91' title="bbox 1024 1418 1801 1457; baseline -0.006 -8"><span class='ocrx_word' id='word_1_618' title='bbox 1024 1423 1123 1457; x_wconf 82' lang='grc' dir='ltr'>μένων,</span> <span class='ocrx_word' id='word_1_619' title='bbox 1139 1420 1207 1448; x_wconf 55' lang='lat' dir='ltr'><strong>me</strong></span> <span class='ocrx_word' id='word_1_620' title='bbox 1225 1419 1362 1455; x_wconf 74' lang='grc' dir='ltr'>προῦργου</span> <span class='ocrx_word' id='word_1_621' title='bbox 1388 1420 1488 1451; x_wconf 75' lang='grc' dir='ltr'>παντὸς</span> <span class='ocrx_word' id='word_1_622' title='bbox 1511 1420 1606 1454; x_wconf 79' lang='grc' dir='ltr'>ἠγεῖτο</span> <span class='ocrx_word' id='word_1_623' title='bbox 1621 1419 1651 1445; x_wconf 87' lang='grc' dir='ltr'><strong>τδ</strong></span> <span class='ocrx_word' id='word_1_624' title='bbox 1671 1418 1801 1453; x_wconf 75' lang='grc' dir='ltr'>φρούριον</span> 
     </span>
    </p>
   </div>
   <div class='ocr_carea' id='block_1_92' title="bbox 985 1464 1800 1505">
    <p class='ocr_par' dir='ltr' id='par_1_92' title="bbox 985 1464 1800 1505">
     <span class='ocr_line' id='line_1_92' title="bbox 985 1464 1800 1505; baseline -0.007 -11"><span class='ocrx_word' id='word_1_625' title='bbox 985 1478 1005 1505; x_wconf 79' lang='lat' dir='ltr'><strong>c</strong></span> <span class='ocrx_word' id='word_1_626' title='bbox 1022 1467 1212 1503; x_wconf 85' lang='grc' dir='ltr'>παραδιδόναι,</span> <span class='ocrx_word' id='word_1_627' title='bbox 1227 1465 1441 1500; x_wconf 78' lang='grc' dir='ltr'>ἀποπέμπεσθαι</span> <span class='ocrx_word' id='word_1_628' title='bbox 1458 1465 1504 1491; x_wconf 82' lang='grc' dir='ltr'>καὶ</span> <span class='ocrx_word' id='word_1_629' title='bbox 1519 1464 1611 1497; x_wconf 63' lang='grc' dir='ltr'>αὑτὸν,</span> <span class='ocrx_word' id='word_1_630' title='bbox 1626 1464 1717 1499; x_wconf 81' lang='grc' dir='ltr'>ὅρκοις</span> <span class='ocrx_word' id='word_1_631' title='bbox 1734 1464 1800 1497; x_wconf 71' lang='grc' dir='ltr'>πρό‹</span> 
     </span>
    </p>
   </div>
   <div class='ocr_carea' id='block_1_93' title="bbox 1023 1509 1803 1548">
    <p class='ocr_par' dir='ltr' id='par_1_93' title="bbox 1023 1509 1803 1548">
     <span class='ocr_line' id='line_1_93' title="bbox 1023 1509 1803 1548; baseline -0.008 -8"><span class='ocrx_word' id='word_1_632' title='bbox 1023 1522 1101 1548; x_wconf 77' lang='grc' dir='ltr'>τερον</span> <span class='ocrx_word' id='word_1_633' title='bbox 1117 1513 1354 1547; x_wconf 73' lang='grc' dir='ltr'>πτστωσαμένους,</span> <span class='ocrx_word' id='word_1_634' title='bbox 1371 1511 1409 1543; x_wconf 81' lang='grc' dir='ltr'>ὡς</span> <span class='ocrx_word' id='word_1_635' title='bbox 1431 1511 1460 1538; x_wconf 85' lang='grc' dir='ltr'>οὐ</span> <span class='ocrx_word' id='word_1_636' title='bbox 1478 1511 1522 1538; x_wconf 77' lang='grc' dir='ltr'><strong>διὰ</strong></span> <span class='ocrx_word' id='word_1_637' title='bbox 1536 1511 1636 1537; x_wconf 82' lang='grc' dir='ltr'>κακίαν</span> <span class='ocrx_word' id='word_1_638' title='bbox 1654 1509 1709 1536; x_wconf 68' lang='grc' dir='ltr'>οὐδ’</span> <span class='ocrx_word' id='word_1_639' title='bbox 1735 1509 1803 1535; x_wconf 77' lang='grc' dir='ltr'>ἀπο-</span> 
     </span>
    </p>
   </div>
   <div class='ocr_carea' id='block_1_94' title="bbox 1025 1553 1802 1594">
    <p class='ocr_par' dir='ltr' id='par_1_94' title="bbox 1025 1553 1802 1594">
     <span class='ocr_line' id='line_1_94' title="bbox 1025 1553 1802 1594; baseline -0.01 -6"><span class='ocrx_word' id='word_1_640' title='bbox 1025 1560 1138 1588; x_wconf 87' lang='grc' dir='ltr'>στασίαν</span> <span class='ocrx_word' id='word_1_641' title='bbox 1170 1560 1344 1594; x_wconf 82' lang='grc' dir='ltr'>ὲννοήσαντες</span> <span class='ocrx_word' id='word_1_642' title='bbox 1366 1557 1449 1584; x_wconf 77' lang='grc' dir='ltr'>αὐτοῦ</span> <span class='ocrx_word' id='word_1_643' title='bbox 1472 1556 1585 1583; x_wconf 75' lang='grc' dir='ltr'>τοιαῦτα</span> <span class='ocrx_word' id='word_1_644' title='bbox 1611 1556 1725 1587; x_wconf 78' lang='grc' dir='ltr'>εἵλοντο,</span> <span class='ocrx_word' id='word_1_645' title='bbox 1745 1553 1802 1581; x_wconf 76' lang='grc' dir='ltr'>ἀλλ’</span> 
     </span>
    </p>
   </div>
   <div class='ocr_carea' id='block_1_95' title="bbox 1024 1599 1802 1639">
    <p class='ocr_par' dir='ltr' id='par_1_95' title="bbox 1024 1599 1802 1639">
     <span class='ocr_line' id='line_1_95' title="bbox 1024 1599 1802 1639; baseline -0.01 -8"><span class='ocrx_word' id='word_1_646' title='bbox 1024 1604 1099 1639; x_wconf 80' lang='grc' dir='ltr'>αὐτῷ</span> <span class='ocrx_word' id='word_1_647' title='bbox 1121 1612 1150 1629; x_wconf 88' lang='grc' dir='ltr'><strong>τε</strong></span> <span class='ocrx_word' id='word_1_648' title='bbox 1174 1602 1293 1637; x_wconf 78' lang='grc' dir='ltr'>πρῶτον,</span> <span class='ocrx_word' id='word_1_649' title='bbox 1320 1601 1415 1628; x_wconf 71' lang='grc' dir='ltr'>ἔπειτα</span> <span class='ocrx_word' id='word_1_650' title='bbox 1440 1601 1486 1627; x_wconf 78' lang='grc' dir='ltr'>καὶ</span> <span class='ocrx_word' id='word_1_651' title='bbox 1501 1601 1610 1631; x_wconf 69' lang='grc' dir='ltr'>ἑαυτοῖς</span> <span class='ocrx_word' id='word_1_652' title='bbox 1623 1601 1657 1626; x_wconf 80' lang='grc' dir='ltr'>τὰ</span> <span class='ocrx_word' id='word_1_653' title='bbox 1670 1599 1802 1633; x_wconf 74' lang='grc' dir='ltr'>κράτιστα</span> 
     </span>
    </p>
   </div>
   <div class='ocr_carea' id='block_1_96' title="bbox 1025 1644 1805 1685">
    <p class='ocr_par' dir='ltr' id='par_1_96' title="bbox 1025 1644 1805 1685">
     <span class='ocr_line' id='line_1_96' title="bbox 1025 1644 1805 1685; baseline -0.008 -9"><span class='ocrx_word' id='word_1_654' title='bbox 1025 1649 1240 1685; x_wconf 70' lang='grc' dir='ltr'>βεϐουλευμένοι.</span> <span class='ocrx_word' id='word_1_655' title='bbox 1269 1648 1366 1683; x_wconf 81' lang='grc' dir='ltr'>’ῼοντο</span> <span class='ocrx_word' id='word_1_656' title='bbox 1390 1647 1443 1681; x_wconf 81' lang='grc' dir='ltr'><strong>γὰρ</strong></span> <span class='ocrx_word' id='word_1_657' title='bbox 1467 1646 1548 1673; x_wconf 51' lang='grc' dir='ltr'>αὐτὴν</span> <span class='ocrx_word' id='word_1_658' title='bbox 1575 1646 1680 1680; x_wconf 59' lang='grc' dir='ltr'>ὰ-νάγκῃ</span> <span class='ocrx_word' id='word_1_659' title='bbox 1702 1645 1733 1670; x_wconf 80' lang='grc' dir='ltr'><strong>τὺ</strong></span> <span class='ocrx_word' id='word_1_660' title='bbox 1756 1644 1805 1671; x_wconf 77' lang='grc' dir='ltr'>νίν</span> 
     </span>
    </p>
   </div>
   <div class='ocr_carea' id='block_1_97' title="bbox 1024 1690 1824 1732">
    <p class='ocr_par' dir='ltr' id='par_1_97' title="bbox 1024 1690 1824 1732">
     <span class='ocr_line' id='line_1_97' title="bbox 1024 1690 1824 1732; baseline -0.013 -8"><span class='ocrx_word' id='word_1_661' title='bbox 1024 1698 1085 1732; x_wconf 80' lang='grc' dir='ltr'>ἔχον</span> <span class='ocrx_word' id='word_1_662' title='bbox 1102 1696 1282 1731; x_wconf 84' lang='grc' dir='ltr'>παραδιδόντα</span> <span class='ocrx_word' id='word_1_663' title='bbox 1294 1694 1332 1728; x_wconf 86' lang='grc' dir='ltr'>τῷ</span> <span class='ocrx_word' id='word_1_664' title='bbox 1347 1694 1464 1728; x_wconf 68' lang='grc' dir='ltr'>γαμϐρῷ</span> <span class='ocrx_word' id='word_1_665' title='bbox 1475 1693 1588 1726; x_wconf 75' lang='grc' dir='ltr'>ὓστερον</span> <span class='ocrx_word' id='word_1_666' title='bbox 1601 1692 1692 1722; x_wconf 72' lang='grc' dir='ltr'>αὐτοῖς</span> <span class='ocrx_word' id='word_1_667' title='bbox 1702 1690 1803 1725; x_wconf 80' lang='grc' dir='ltr'>πολλὴν</span> <span class='ocrx_word' id='word_1_668' title='bbox 1817 1711 1824 1713; x_wconf 90' lang='grc'>.</span> 
     </span>
    </p>
   </div>
   <div class='ocr_carea' id='block_1_98' title="bbox 1024 1737 1803 1778">
    <p class='ocr_par' dir='ltr' id='par_1_98' title="bbox 1024 1737 1803 1778">
     <span class='ocr_line' id='line_1_98' title="bbox 1024 1737 1803 1778; baseline -0.009 -9"><span class='ocrx_word' id='word_1_669' title='bbox 1024 1743 1142 1778; x_wconf 81' lang='grc' dir='ltr'>εἰδήσειν</span> <span class='ocrx_word' id='word_1_670' title='bbox 1158 1741 1250 1777; x_wconf 82' lang='grc' dir='ltr'>χάριν,</span> <span class='ocrx_word' id='word_1_671' title='bbox 1263 1741 1310 1766; x_wconf 70' lang='grc' dir='ltr'>καὶ</span> <span class='ocrx_word' id='word_1_672' title='bbox 1323 1739 1486 1774; x_wconf 76' lang='grc' dir='ltr'>ἀμείψεσθαι</span> <span class='ocrx_word' id='word_1_673' title='bbox 1498 1738 1609 1768; x_wconf 84' lang='grc' dir='ltr'>πολλαῖς</span> <span class='ocrx_word' id='word_1_674' title='bbox 1622 1737 1803 1771; x_wconf 77' lang='grc' dir='ltr'>εὐεργεσίαις,</span> 
     </span>
    </p>
   </div>
   <div class='ocr_carea' id='block_1_99' title="bbox 1024 1783 1804 1822">
    <p class='ocr_par' dir='ltr' id='par_1_99' title="bbox 1024 1783 1804 1822">
     <span class='ocr_line' id='line_1_99' title="bbox 1024 1783 1804 1822; baseline -0.008 -8"><span class='ocrx_word' id='word_1_675' title='bbox 1024 1790 1065 1814; x_wconf 85' lang='grc' dir='ltr'>ὅτι</span> <span class='ocrx_word' id='word_1_676' title='bbox 1080 1789 1129 1822; x_wconf 83' lang='grc' dir='ltr'>τῆς</span> <span class='ocrx_word' id='word_1_677' title='bbox 1154 1787 1193 1818; x_wconf 75' lang='grc' dir='ltr'>εἰς</span> <span class='ocrx_word' id='word_1_678' title='bbox 1223 1787 1303 1812; x_wconf 72' lang='grc' dir='ltr'>αὑτὸν</span> <span class='ocrx_word' id='word_1_679' title='bbox 1326 1785 1407 1811; x_wconf 68' lang='grc' dir='ltr'>ἕνεκα</span> <span class='ocrx_word' id='word_1_680' title='bbox 1433 1785 1549 1817; x_wconf 81' lang='grc' dir='ltr'>εὐνοίας,</span> <span class='ocrx_word' id='word_1_681' title='bbox 1577 1785 1622 1810; x_wconf 73' lang='grc' dir='ltr'>καὶ</span> <span class='ocrx_word' id='word_1_682' title='bbox 1649 1783 1760 1813; x_wconf 74' lang='grc' dir='ltr'>ἄκοντος</span> <span class='ocrx_word' id='word_1_683' title='bbox 1775 1783 1804 1808; x_wconf 77' lang='grc' dir='ltr'><strong>τὺ</strong></span> 
     </span>
    </p>
   </div>
   <div class='ocr_carea' id='block_1_100' title="bbox 1024 1828 1804 1866">
    <p class='ocr_par' dir='ltr' id='par_1_100' title="bbox 1024 1828 1804 1866">
     <span class='ocr_line' id='line_1_100' title="bbox 1024 1828 1804 1866; baseline -0.009 -6"><span class='ocrx_word' id='word_1_684' title='bbox 1024 1834 1112 1860; x_wconf 82' lang='grc' dir='ltr'>δοκεῖν</span> <span class='ocrx_word' id='word_1_685' title='bbox 1128 1832 1162 1858; x_wconf 75' lang='grc' dir='ltr'><strong>τὰ</strong></span> <span class='ocrx_word' id='word_1_686' title='bbox 1189 1832 1306 1866; x_wconf 84' lang='grc' dir='ltr'>μάλιστα</span> <span class='ocrx_word' id='word_1_687' title='bbox 1326 1829 1519 1856; x_wconf 66' lang='grc' dir='ltr'>λυσιτελοῦντα</span> <span class='ocrx_word' id='word_1_688' title='bbox 1546 1828 1677 1864; x_wconf 73' lang='grc' dir='ltr'>ἔπραξαν.</span> <span class='ocrx_word' id='word_1_689' title='bbox 1699 1828 1728 1854; x_wconf 87' lang='lat'><strong>&#39;0</strong></span> <span class='ocrx_word' id='word_1_690' title='bbox 1754 1828 1804 1861; x_wconf 77' lang='grc' dir='ltr'>μὲν</span> 
     </span>
    </p>
   </div>
   <div class='ocr_carea' id='block_1_101' title="bbox 1023 1868 1804 1905">
    <p class='ocr_par' dir='ltr' id='par_1_101' title="bbox 1023 1868 1804 1905">
     <span class='ocr_line' id='line_1_101' title="bbox 1023 1868 1804 1905; baseline -0.008 -1"><span class='ocrx_word' id='word_1_691' title='bbox 1023 1868 1071 1905; x_wconf 59' lang='grc' dir='ltr'>οὖν</span> <span class='ocrx_word' id='word_1_692' title='bbox 1085 1877 1200 1904; x_wconf 69' lang='grc' dir='ltr'>τοιαῦτα</span> <span class='ocrx_word' id='word_1_693' title='bbox 1216 1875 1416 1903; x_wconf 75' lang='grc' dir='ltr'>συνεϐούλευεν.</span> <span class='ocrx_word' id='word_1_694' title='bbox 1434 1875 1537 1901; x_wconf 76' lang='grc' dir='ltr'>Λύτίκα</span> <span class='ocrx_word' id='word_1_695' title='bbox 1561 1874 1589 1900; x_wconf 71' lang='grc' dir='ltr'>δὲ</span> <span class='ocrx_word' id='word_1_696' title='bbox 1616 1873 1754 1899; x_wconf 70' lang='grc' dir='ltr'>ἐπείθοντο</span> <span class='ocrx_word' id='word_1_697' title='bbox 1779 1873 1804 1898; x_wconf 73' lang='grc' dir='ltr'>οἱ</span> 
     </span>
    </p>
   </div>
   <div class='ocr_carea' id='block_1_102' title="bbox 1024 1918 1804 1957">
    <p class='ocr_par' dir='ltr' id='par_1_102' title="bbox 1024 1918 1804 1957">
     <span class='ocr_line' id='line_1_102' title="bbox 1024 1918 1804 1957; baseline -0.009 -6"><span class='ocrx_word' id='word_1_698' title='bbox 1024 1924 1119 1952; x_wconf 77' lang='grc' dir='ltr'>ἄλλοι·</span> <span class='ocrx_word' id='word_1_699' title='bbox 1147 1923 1246 1957; x_wconf 79' lang='grc' dir='ltr'>ᾔδεσαν</span> <span class='ocrx_word' id='word_1_700' title='bbox 1271 1921 1326 1956; x_wconf 74' lang='grc' dir='ltr'>γὰρ</span> <span class='ocrx_word' id='word_1_701' title='bbox 1351 1921 1433 1948; x_wconf 74' lang='grc' dir='ltr'>αὐτὸν</span> <span class='ocrx_word' id='word_1_702' title='bbox 1456 1921 1510 1947; x_wconf 79' lang='grc' dir='ltr'>τῶν</span> <span class='ocrx_word' id='word_1_703' title='bbox 1539 1919 1710 1946; x_wconf 77' lang='grc' dir='ltr'>πιστοτάτων</span> <span class='ocrx_word' id='word_1_704' title='bbox 1739 1918 1804 1944; x_wconf 79' lang='grc' dir='ltr'>ὄντα</span> 
     </span>
    </p>
   </div>
   <div class='ocr_carea' id='block_1_103' title="bbox 1025 1963 1804 2002">
    <p class='ocr_par' dir='ltr' id='par_1_103' title="bbox 1025 1963 1804 2002">
     <span class='ocr_line' id='line_1_103' title="bbox 1025 1963 1804 2002; baseline -0.008 -8"><span class='ocrx_word' id='word_1_705' title='bbox 1025 1968 1138 1995; x_wconf 85' lang='grc' dir='ltr'>οἰκετῶν</span> <span class='ocrx_word' id='word_1_706' title='bbox 1151 1967 1190 2002; x_wconf 83' lang='grc' dir='ltr'>τῷ</span> <span class='ocrx_word' id='word_1_707' title='bbox 1210 1967 1326 2002; x_wconf 82' lang='grc' dir='ltr'>βασιλεῖ,</span> <span class='ocrx_word' id='word_1_708' title='bbox 1344 1967 1390 1992; x_wconf 73' lang='grc' dir='ltr'>καὶ</span> <span class='ocrx_word' id='word_1_709' title='bbox 1407 1966 1458 1992; x_wconf 88' lang='grc' dir='ltr'>οὑκ</span> <span class='ocrx_word' id='word_1_710' title='bbox 1479 1966 1511 1992; x_wconf 79' lang='grc' dir='ltr'>ἄν</span> <span class='ocrx_word' id='word_1_711' title='bbox 1534 1973 1560 1990; x_wconf 90' lang='grc' dir='ltr'><strong>τι</strong></span> <span class='ocrx_word' id='word_1_712' title='bbox 1587 1964 1640 1990; x_wconf 85' lang='grc' dir='ltr'>τῶν</span> <span class='ocrx_word' id='word_1_713' title='bbox 1668 1963 1705 1998; x_wconf 85' lang='grc' dir='ltr'>μὴ</span> <span class='ocrx_word' id='word_1_714' title='bbox 1733 1963 1804 1989; x_wconf 71' lang='grc' dir='ltr'>κατὰ</span> 
     </span>
    </p>
   </div>
   <div class='ocr_carea' id='block_1_104' title="bbox 1025 2008 1804 2047">
    <p class='ocr_par' dir='ltr' id='par_1_104' title="bbox 1025 2008 1804 2047">
     <span class='ocr_line' id='line_1_104' title="bbox 1025 2008 1804 2047; baseline -0.008 -8"><span class='ocrx_word' id='word_1_715' title='bbox 1025 2013 1138 2047; x_wconf 87' lang='grc' dir='ltr'>γνώμην</span> <span class='ocrx_word' id='word_1_716' title='bbox 1150 2012 1285 2046; x_wconf 74' lang='grc' dir='ltr'>πράξοντα</span> <span class='ocrx_word' id='word_1_717' title='bbox 1297 2010 1401 2045; x_wconf 78' lang='grc' dir='ltr'>ἐκείνῳ.</span> <span class='ocrx_word' id='word_1_718' title='bbox 1415 2010 1469 2036; x_wconf 85' lang='lat' dir='ltr'><strong>Ka‘t</strong></span> <span class='ocrx_word' id='word_1_719' title='bbox 1479 2009 1527 2040; x_wconf 84' lang='grc' dir='ltr'>τὰς</span> <span class='ocrx_word' id='word_1_720' title='bbox 1539 2008 1585 2035; x_wconf 85' lang='grc' dir='ltr'><strong>τοῦ</strong></span> <span class='ocrx_word' id='word_1_721' title='bbox 1597 2008 1703 2042; x_wconf 77' lang='grc' dir='ltr'>πύργου</span> <span class='ocrx_word' id='word_1_722' title='bbox 1717 2008 1804 2038; x_wconf 61' lang='lat' dir='ltr'><strong>mila;</strong></span> 
     </span>
    </p>
   </div>
   <div class='ocr_carea' id='block_1_105' title="bbox 1026 2054 1804 2091">
    <p class='ocr_par' dir='ltr' id='par_1_105' title="bbox 1026 2054 1804 2091">
     <span class='ocr_line' id='line_1_105' title="bbox 1026 2054 1804 2091; baseline -0.008 -5"><span class='ocrx_word' id='word_1_723' title='bbox 1026 2058 1131 2086; x_wconf 70' lang='grc' dir='ltr'>ἔνδοθεν</span> <span class='ocrx_word' id='word_1_724' title='bbox 1148 2057 1347 2091; x_wconf 58' lang='grc' dir='ltr'>ἀτφαλίσαντες</span> <span class='ocrx_word' id='word_1_725' title='bbox 1360 2055 1477 2090; x_wconf 78' lang='grc' dir='ltr'>μοχλοῖς,</span> <span class='ocrx_word' id='word_1_726' title='bbox 1490 2055 1599 2089; x_wconf 76' lang='grc' dir='ltr'>ἐδήλουν</span> <span class='ocrx_word' id='word_1_727' title='bbox 1610 2055 1643 2080; x_wconf 74' lang='grc' dir='ltr'>τὰ</span> <span class='ocrx_word' id='word_1_728' title='bbox 1656 2054 1804 2088; x_wconf 66' lang='grc' dir='ltr'>δεδογμένα</span> 
     </span>
    </p>
   </div>
   <div class='ocr_carea' id='block_1_106' title="bbox 1025 2100 1804 2136">
    <p class='ocr_par' dir='ltr' id='par_1_106' title="bbox 1025 2100 1804 2136">
     <span class='ocr_line' id='line_1_106' title="bbox 1025 2100 1804 2136; baseline -0.008 -5"><span class='ocrx_word' id='word_1_729' title='bbox 1025 2104 1080 2131; x_wconf 77' lang='grc' dir='ltr'><strong>ἀπὸ</strong></span> <span class='ocrx_word' id='word_1_730' title='bbox 1092 2103 1146 2130; x_wconf 78' lang='grc' dir='ltr'>τῶν</span> <span class='ocrx_word' id='word_1_731' title='bbox 1156 2102 1306 2135; x_wconf 79' lang='grc' dir='ltr'>ἐπάλξεων.</span> <span class='ocrx_word' id='word_1_732' title='bbox 1320 2101 1450 2133; x_wconf 80' lang='grc' dir='ltr'>Βασιλεὺς</span> <span class='ocrx_word' id='word_1_733' title='bbox 1462 2101 1490 2128; x_wconf 83' lang='grc' dir='ltr'>δὲ</span> <span class='ocrx_word' id='word_1_734' title='bbox 1502 2101 1634 2136; x_wconf 77' lang='grc' dir='ltr'>ἐξήπτετο</span> <span class='ocrx_word' id='word_1_735' title='bbox 1646 2100 1694 2134; x_wconf 76' lang='grc' dir='ltr'>μὲν</span> <span class='ocrx_word' id='word_1_736' title='bbox 1706 2100 1804 2126; x_wconf 72' lang='grc' dir='ltr'>αὐτίκα</span> 
     </span>
    </p>
   </div>
   <div class='ocr_carea' id='block_1_107' title="bbox 1026 2144 1804 2186">
    <p class='ocr_par' dir='ltr' id='par_1_107' title="bbox 1026 2144 1804 2186">
     <span class='ocr_line' id='line_1_107' title="bbox 1026 2144 1804 2186; baseline -0.009 -9"><span class='ocrx_word' id='word_1_737' title='bbox 1026 2150 1064 2186; x_wconf 76' lang='grc' dir='ltr'>τῷ</span> <span class='ocrx_word' id='word_1_738' title='bbox 1077 2149 1165 2185; x_wconf 82' lang='grc' dir='ltr'>θυμῷ,</span> <span class='ocrx_word' id='word_1_739' title='bbox 1180 2149 1227 2175; x_wconf 70' lang='grc' dir='ltr'>καὶ</span> <span class='ocrx_word' id='word_1_740' title='bbox 1242 2148 1276 2175; x_wconf 67' lang='grc' dir='ltr'>δι’</span> <span class='ocrx_word' id='word_1_741' title='bbox 1287 2149 1371 2183; x_wconf 84' lang='grc' dir='ltr'>ὀργῆς</span> <span class='ocrx_word' id='word_1_742' title='bbox 1386 2147 1483 2178; x_wconf 75' lang='grc' dir='ltr'>αὐτοὺς</span> <span class='ocrx_word' id='word_1_743' title='bbox 1499 2144 1554 2182; x_wconf 85' lang='grc' dir='ltr'>εἶχε</span> <span class='ocrx_word' id='word_1_744' title='bbox 1570 2147 1619 2182; x_wconf 81' lang='grc' dir='ltr'>τῆς</span> <span class='ocrx_word' id='word_1_745' title='bbox 1636 2145 1804 2176; x_wconf 79' lang='grc' dir='ltr'>ἁποστασίας</span> 
     </span>
    </p>
   </div>
   <div class='ocr_carea' id='block_1_108' title="bbox 1026 2192 1803 2230">
    <p class='ocr_par' dir='ltr' id='par_1_108' title="bbox 1026 2192 1803 2230">
     <span class='ocr_line' id='line_1_108' title="bbox 1026 2192 1803 2230; baseline -0.006 -8"><span class='ocrx_word' id='word_1_746' title='bbox 1026 2197 1125 2222; x_wconf 71' lang='grc' dir='ltr'>ἕνεκα·</span> <span class='ocrx_word' id='word_1_747' title='bbox 1156 2195 1286 2230; x_wconf 78' lang='grc' dir='ltr'>πράττειν</span> <span class='ocrx_word' id='word_1_748' title='bbox 1312 2194 1341 2220; x_wconf 76' lang='grc' dir='ltr'>δὲ</span> <span class='ocrx_word' id='word_1_749' title='bbox 1365 2192 1440 2219; x_wconf 80' lang='grc' dir='ltr'>οὐδὲν</span> <span class='ocrx_word' id='word_1_750' title='bbox 1466 2193 1576 2218; x_wconf 80' lang='grc' dir='ltr'>ἐδύνατο</span> <span class='ocrx_word' id='word_1_751' title='bbox 1600 2193 1653 2218; x_wconf 80' lang='grc' dir='ltr'>τῶν</span> <span class='ocrx_word' id='word_1_752' title='bbox 1680 2192 1803 2218; x_wconf 82' lang='grc' dir='ltr'>δεόντων.</span> 
     </span>
    </p>
   </div>
   <div class='ocr_carea' id='block_1_109' title="bbox 1026 2238 1805 2274">
    <p class='ocr_par' dir='ltr' id='par_1_109' title="bbox 1026 2238 1805 2274">
     <span class='ocr_line' id='line_1_109' title="bbox 1026 2238 1805 2274; baseline -0.006 -6"><span class='ocrx_word' id='word_1_753' title='bbox 1026 2241 1162 2268; x_wconf 84' lang='grc' dir='ltr'>Πάντοθεν</span> <span class='ocrx_word' id='word_1_754' title='bbox 1187 2240 1215 2266; x_wconf 78' lang='grc' dir='ltr'>δὲ</span> <span class='ocrx_word' id='word_1_755' title='bbox 1240 2238 1382 2274; x_wconf 73' lang='grc' dir='ltr'>ἀμηχανίᾳ</span> <span class='ocrx_word' id='word_1_756' title='bbox 1412 2238 1597 2272; x_wconf 74' lang='grc' dir='ltr'>περισχεθεὶς,</span> <span class='ocrx_word' id='word_1_757' title='bbox 1621 2238 1753 2268; x_wconf 78' lang='grc' dir='ltr'>κελεύσας</span> <span class='ocrx_word' id='word_1_758' title='bbox 1776 2238 1805 2262; x_wconf 74' lang='grc' dir='ltr'>ἐν</span> 
     </span>
    </p>
   </div>
   <div class='ocr_carea' id='block_1_110' title="bbox 1025 2283 1806 2320">
    <p class='ocr_par' dir='ltr' id='par_1_110' title="bbox 1025 2283 1806 2320">
     <span class='ocr_line' id='line_1_110' title="bbox 1025 2283 1806 2320; baseline -0.005 -7"><span class='ocrx_word' id='word_1_759' title='bbox 1025 2286 1116 2320; x_wconf 87' lang='grc' dir='ltr'>ταυτῷ</span> <span class='ocrx_word' id='word_1_760' title='bbox 1139 2285 1266 2320; x_wconf 79' lang='grc' dir='ltr'>γενέσθαι</span> <span class='ocrx_word' id='word_1_761' title='bbox 1284 2285 1388 2315; x_wconf 77' lang='grc' dir='ltr'>πάντας</span> <span class='ocrx_word' id='word_1_762' title='bbox 1412 2284 1470 2319; x_wconf 78' lang='grc' dir='ltr'>ἅμα</span> <span class='ocrx_word' id='word_1_763' title='bbox 1489 2284 1613 2318; x_wconf 83' lang='grc' dir='ltr'>ἡγεμόνι,</span> <span class='ocrx_word' id='word_1_764' title='bbox 1638 2283 1734 2319; x_wconf 86' lang='grc' dir='ltr'>πρῶτα</span> <span class='ocrx_word' id='word_1_765' title='bbox 1758 2283 1806 2317; x_wconf 84' lang='grc' dir='ltr'><strong>μὲν</strong></span> 
     </span>
    </p>
   </div>
   <div class='ocr_carea' id='block_1_111' title="bbox 1026 2328 1806 2368">
    <p class='ocr_par' dir='ltr' id='par_1_111' title="bbox 1026 2328 1806 2368">
     <span class='ocr_line' id='line_1_111' title="bbox 1026 2328 1806 2368; baseline -0.006 -9"><span class='ocrx_word' id='word_1_766' title='bbox 1026 2332 1120 2368; x_wconf 73' lang='grc' dir='ltr'>ἠρώτα</span> <span class='ocrx_word' id='word_1_767' title='bbox 1137 2333 1170 2366; x_wconf 78' lang='grc' dir='ltr'>τῇ</span> <span class='ocrx_word' id='word_1_768' title='bbox 1192 2331 1316 2358; x_wconf 80' lang='grc' dir='ltr'>Λατίνων</span> <span class='ocrx_word' id='word_1_769' title='bbox 1333 2330 1475 2364; x_wconf 81' lang='grc' dir='ltr'>διαλέκτῳ,</span> <span class='ocrx_word' id='word_1_770' title='bbox 1494 2329 1628 2364; x_wconf 75' lang='grc' dir='ltr'>ἐξήσκητο</span> <span class='ocrx_word' id='word_1_771' title='bbox 1649 2328 1703 2363; x_wconf 84' lang='grc' dir='ltr'><strong>γὰρ</strong></span> <span class='ocrx_word' id='word_1_772' title='bbox 1722 2328 1806 2363; x_wconf 81' lang='grc' dir='ltr'>αὐτὴν</span> 
     </span>
    </p>
   </div>
   <div class='ocr_carea' id='block_1_112' title="bbox 1026 2375 1807 2410">
    <p class='ocr_par' dir='ltr' id='par_1_112' title="bbox 1026 2375 1807 2410">
     <span class='ocr_line' id='line_1_112' title="bbox 1026 2375 1807 2410; baseline -0.006 -5"><span class='ocrx_word' id='word_1_773' title='bbox 1026 2378 1127 2410; x_wconf 83' lang='grc' dir='ltr'>καλῶς,</span> <span class='ocrx_word' id='word_1_774' title='bbox 1157 2378 1181 2404; x_wconf 84' lang='grc' dir='ltr'><strong>εί</strong></span> <span class='ocrx_word' id='word_1_775' title='bbox 1206 2376 1285 2404; x_wconf 76' lang='grc' dir='ltr'>αὑτὸν</span> <span class='ocrx_word' id='word_1_776' title='bbox 1306 2375 1524 2409; x_wconf 79' lang='grc' dir='ltr'>ὲπιγινώσκοιεν,</span> <span class='ocrx_word' id='word_1_777' title='bbox 1546 2375 1606 2401; x_wconf 81' lang='grc' dir='ltr'><strong>Τῶν</strong></span> <span class='ocrx_word' id='word_1_778' title='bbox 1624 2375 1653 2401; x_wconf 82' lang='grc' dir='ltr'>δὲ</span> <span class='ocrx_word' id='word_1_779' title='bbox 1677 2376 1807 2409; x_wconf 74' lang='grc' dir='ltr'>φαμένων</span> 
     </span>
    </p>
   </div>
   <div class='ocr_carea' id='block_1_113' title="bbox 1026 2419 1803 2456">
    <p class='ocr_par' dir='ltr' id='par_1_113' title="bbox 1026 2419 1803 2456">
     <span class='ocr_line' id='line_1_113' title="bbox 1026 2419 1803 2456; baseline -0.006 -6"><span class='ocrx_word' id='word_1_780' title='bbox 1026 2425 1134 2451; x_wconf 73' lang='grc' dir='ltr'>πάντων</span> <span class='ocrx_word' id='word_1_781' title='bbox 1151 2421 1221 2449; x_wconf 84' lang='grc' dir='ltr'>εἶναι</span> <span class='ocrx_word' id='word_1_782' title='bbox 1239 2421 1361 2456; x_wconf 81' lang='grc' dir='ltr'>βασιλέα,</span> <span class='ocrx_word' id='word_1_783' title='bbox 1380 2422 1425 2447; x_wconf 73' lang='grc' dir='ltr'>καὶ</span> <span class='ocrx_word' id='word_1_784' title='bbox 1433 2420 1565 2455; x_wconf 72' lang='grc' dir='ltr'>δεσπότην</span> <span class='ocrx_word' id='word_1_785' title='bbox 1583 2420 1667 2454; x_wconf 81' lang='grc' dir='ltr'>σφῶν,</span> <span class='ocrx_word' id='word_1_786' title='bbox 1687 2419 1803 2452; x_wconf 74' lang='grc' dir='ltr'>Οὐκοῦν,</span> 
     </span>
    </p>
   </div>
   <div class='ocr_carea' id='block_1_114' title="bbox 1026 2464 1806 2503">
    <p class='ocr_par' dir='ltr' id='par_1_114' title="bbox 1026 2464 1806 2503">
     <span class='ocr_line' id='line_1_114' title="bbox 1026 2464 1806 2503; baseline -0.005 -8"><span class='ocrx_word' id='word_1_787' title='bbox 1026 2469 1089 2503; x_wconf 78' lang='grc' dir='ltr'>ἔφη,</span> <span class='ocrx_word' id='word_1_788' title='bbox 1109 2468 1143 2498; x_wconf 78' lang='grc' dir='ltr'>εἰ,</span> <span class='ocrx_word' id='word_1_789' title='bbox 1152 2468 1189 2502; x_wconf 89' lang='grc' dir='ltr'>μὴ</span> <span class='ocrx_word' id='word_1_790' title='bbox 1206 2467 1236 2493; x_wconf 82' lang='grc' dir='ltr'>τὸ</span> <span class='ocrx_word' id='word_1_791' title='bbox 1259 2466 1388 2502; x_wconf 72' lang='grc' dir='ltr'>φρούριον</span> <span class='ocrx_word' id='word_1_792' title='bbox 1408 2465 1517 2500; x_wconf 69' lang='grc' dir='ltr'>ἐθέλητε</span> <span class='ocrx_word' id='word_1_793' title='bbox 1536 2464 1806 2500; x_wconf 48' lang='grc' dir='ltr'>παραδιδόναιίάλλά</span> 
     </span>
    </p>
   </div>
   <div class='ocr_carea' id='block_1_115' title="bbox 1026 2511 1808 2547">
    <p class='ocr_par' dir='ltr' id='par_1_115' title="bbox 1026 2511 1808 2547">
     <span class='ocr_line' id='line_1_115' title="bbox 1026 2511 1808 2547; baseline -0.005 -5"><span class='ocrx_word' id='word_1_794' title='bbox 1026 2514 1153 2547; x_wconf 77' lang='grc' dir='ltr'>καθάπαξ</span> <span class='ocrx_word' id='word_1_795' title='bbox 1178 2514 1356 2544; x_wconf 66' lang='grc' dir='ltr'>ἀποστάντες,</span> <span class='ocrx_word' id='word_1_796' title='bbox 1378 2512 1479 2545; x_wconf 70' lang='grc' dir='ltr'>ἔγνωτε</span> <span class='ocrx_word' id='word_1_797' title='bbox 1505 2511 1573 2546; x_wconf 70' lang='grc' dir='ltr'>πρὸς</span> <span class='ocrx_word' id='word_1_798' title='bbox 1598 2511 1716 2545; x_wconf 75' lang='grc' dir='ltr'>πόλεμον</span> <span class='ocrx_word' id='word_1_799' title='bbox 1745 2511 1808 2546; x_wconf 71' lang='grc' dir='ltr'>ἐμοὶ</span> 
     </span>
    </p>
   </div>
   <div class='ocr_carea' id='block_1_116' title="bbox 1026 2557 1805 2596">
    <p class='ocr_par' dir='ltr' id='par_1_116' title="bbox 1026 2557 1805 2596">
     <span class='ocr_line' id='line_1_116' title="bbox 1026 2557 1805 2596; baseline -0.005 -9"><span class='ocrx_word' id='word_1_800' title='bbox 1026 2562 1134 2596; x_wconf 86' lang='grc' dir='ltr'>χωρεῖν,</span> <span class='ocrx_word' id='word_1_801' title='bbox 1153 2560 1183 2586; x_wconf 74' lang='grc' dir='ltr'>τὸ</span> <span class='ocrx_word' id='word_1_802' title='bbox 1203 2559 1253 2594; x_wconf 76' lang='grc' dir='ltr'>μὲν</span> <span class='ocrx_word' id='word_1_803' title='bbox 1268 2559 1342 2589; x_wconf 67' lang='grc' dir='ltr'>ὅπως</span> <span class='ocrx_word' id='word_1_804' title='bbox 1358 2558 1409 2593; x_wconf 81' lang='grc' dir='ltr'>χρὴ</span> <span class='ocrx_word' id='word_1_805' title='bbox 1425 2558 1472 2592; x_wconf 81' lang='grc' dir='ltr'>τῆς</span> <span class='ocrx_word' id='word_1_806' title='bbox 1489 2558 1597 2588; x_wconf 79' lang='grc' dir='ltr'>ἀδικίας</span> <span class='ocrx_word' id='word_1_807' title='bbox 1613 2557 1805 2592; x_wconf 79' lang='grc' dir='ltr'>τιμωρεῖσθαι,</span> 
     </span>
    </p>
   </div>
   <div class='ocr_carea' id='block_1_117' title="bbox 1027 2603 1808 2641">
    <p class='ocr_par' dir='ltr' id='par_1_117' title="bbox 1027 2603 1808 2641">
     <span class='ocr_line' id='line_1_117' title="bbox 1027 2603 1808 2641; baseline -0.003 -9"><span class='ocrx_word' id='word_1_808' title='bbox 1027 2606 1139 2641; x_wconf 75' lang='grc' dir='ltr'>ὕστερον</span> <span class='ocrx_word' id='word_1_809' title='bbox 1156 2604 1236 2636; x_wconf 76' lang='grc' dir='ltr'>αὐτὸς</span> <span class='ocrx_word' id='word_1_810' title='bbox 1254 2603 1434 2639; x_wconf 83' lang='grc' dir='ltr'>βουλεύσομαι</span> <span class='ocrx_word' id='word_1_811' title='bbox 1455 2603 1545 2634; x_wconf 78' lang='grc' dir='ltr'>καλῶς</span> <span class='ocrx_word' id='word_1_812' title='bbox 1560 2612 1567 2620; x_wconf 93' lang='grc'><strong>·</strong></span> <span class='ocrx_word' id='word_1_813' title='bbox 1585 2603 1615 2629; x_wconf 72' lang='grc' dir='ltr'>τὸ</span> <span class='ocrx_word' id='word_1_814' title='bbox 1630 2603 1659 2630; x_wconf 81' lang='grc' dir='ltr'>δὲ</span> <span class='ocrx_word' id='word_1_815' title='bbox 1681 2603 1730 2630; x_wconf 81' lang='grc' dir='ltr'>νῦν</span> <span class='ocrx_word' id='word_1_816' title='bbox 1746 2603 1808 2638; x_wconf 77' lang='grc' dir='ltr'>ἔχον</span> 
     </span>
    </p>
   </div>
   <div class='ocr_carea' id='block_1_118' title="bbox 1026 2649 1808 2689">
    <p class='ocr_par' dir='ltr' id='par_1_118' title="bbox 1026 2649 1808 2689">
     <span class='ocr_line' id='line_1_118' title="bbox 1026 2649 1808 2689; baseline -0.005 -10"><span class='ocrx_word' id='word_1_817' title='bbox 1026 2652 1176 2689; x_wconf 72' lang='grc' dir='ltr'>γράμματα</span> <span class='ocrx_word' id='word_1_818' title='bbox 1192 2651 1290 2677; x_wconf 81' lang='grc' dir='ltr'>αὐτίκα</span> <span class='ocrx_word' id='word_1_819' title='bbox 1303 2650 1404 2684; x_wconf 74' lang='grc' dir='ltr'>πέμψω</span> <span class='ocrx_word' id='word_1_820' title='bbox 1413 2650 1481 2685; x_wconf 80' lang='grc' dir='ltr'>πρὸς</span> <span class='ocrx_word' id='word_1_821' title='bbox 1496 2649 1542 2675; x_wconf 84' lang='grc' dir='ltr'>τὸν</span> <span class='ocrx_word' id='word_1_822' title='bbox 1550 2649 1622 2685; x_wconf 81' lang='grc' dir='ltr'><strong>ρἦα</strong></span> <span class='ocrx_word' id='word_1_823' title='bbox 1635 2649 1684 2683; x_wconf 85' lang='grc' dir='ltr'>τῆς</span> <span class='ocrx_word' id='word_1_824' title='bbox 1700 2650 1808 2682; x_wconf 78' lang='grc' dir='ltr'>ἐξενεγ-</span> 
     </span>
    </p>
   </div>
   <div class='ocr_carea' id='block_1_119' title="bbox 1027 2694 1807 2731">
    <p class='ocr_par' dir='ltr' id='par_1_119' title="bbox 1027 2694 1807 2731">
     <span class='ocr_line' id='line_1_119' title="bbox 1027 2694 1807 2731; baseline -0.003 -9"><span class='ocrx_word' id='word_1_825' title='bbox 1027 2697 1126 2731; x_wconf 76' lang='grc' dir='ltr'>κιιύσης</span> <span class='ocrx_word' id='word_1_826' title='bbox 1141 2697 1192 2730; x_wconf 80' lang='grc' dir='ltr'>γῆς</span> <span class='ocrx_word' id='word_1_827' title='bbox 1214 2696 1298 2729; x_wconf 72' lang='grc' dir='ltr'>ὑμᾶς,</span> <span class='ocrx_word' id='word_1_828' title='bbox 1317 2695 1516 2725; x_wconf 57' lang='lat' dir='ltr'><strong>amatori-nou;</strong></span> <span class='ocrx_word' id='word_1_829' title='bbox 1532 2694 1719 2728; x_wconf 82' lang='grc' dir='ltr'>ἀποφαίνοντα</span> <span class='ocrx_word' id='word_1_830' title='bbox 1734 2695 1807 2729; x_wconf 80' lang='grc' dir='ltr'>ὑμᾶς</span> 
     </span>
    </p>
   </div>
   <div class='ocr_carea' id='block_1_120' title="bbox 1028 2739 1804 2775">
    <p class='ocr_par' dir='ltr' id='par_1_120' title="bbox 1028 2739 1804 2775">
     <span class='ocr_line' id='line_1_120' title="bbox 1028 2739 1804 2775; baseline -0.003 -7"><span class='ocrx_word' id='word_1_831' title='bbox 1028 2742 1145 2768; x_wconf 68' lang='grc' dir='ltr'>ἕκαστον</span> <span class='ocrx_word' id='word_1_832' title='bbox 1161 2741 1302 2775; x_wconf 77' lang='grc' dir='ltr'>ὀνομαστὶ,</span> <span class='ocrx_word' id='word_1_833' title='bbox 1319 2740 1366 2767; x_wconf 69' lang='grc' dir='ltr'>καὶ</span> <span class='ocrx_word' id='word_1_834' title='bbox 1387 2740 1434 2771; x_wconf 73' lang='grc' dir='ltr'><strong>τὰς</strong></span> <span class='ocrx_word' id='word_1_835' title='bbox 1451 2739 1563 2775; x_wconf 85' lang='grc' dir='ltr'>γνώμας</span> <span class='ocrx_word' id='word_1_836' title='bbox 1580 2739 1804 2775; x_wconf 79' lang='grc' dir='ltr'>διεφθαρμένους,</span> 
     </span>
    </p>
   </div>
   <div class='ocr_carea' id='block_1_121' title="bbox 1028 2784 1808 2821">
    <p class='ocr_par' dir='ltr' id='par_1_121' title="bbox 1028 2784 1808 2821">
     <span class='ocr_line' id='line_1_121' title="bbox 1028 2784 1808 2821; baseline 0 -8"><span class='ocrx_word' id='word_1_837' title='bbox 1028 2788 1072 2813; x_wconf 63' lang='grc' dir='ltr'>καὶ</span> <span class='ocrx_word' id='word_1_838' title='bbox 1089 2787 1178 2818; x_wconf 66' lang='grc' dir='ltr'>ἀξίους</span> <span class='ocrx_word' id='word_1_839' title='bbox 1195 2786 1309 2819; x_wconf 63' lang='grc' dir='ltr'>οὐδενὸς,</span> <span class='ocrx_word' id='word_1_840' title='bbox 1327 2787 1367 2812; x_wconf 77' lang='grc' dir='ltr'>ὅτι</span> <span class='ocrx_word' id='word_1_841' title='bbox 1387 2786 1412 2812; x_wconf 74' lang='grc' dir='ltr'>ῖδ</span> <span class='ocrx_word' id='word_1_842' title='bbox 1427 2785 1557 2820; x_wconf 71' lang='grc' dir='ltr'>φρούριον</span> <span class='ocrx_word' id='word_1_843' title='bbox 1571 2785 1637 2819; x_wconf 74' lang='grc' dir='ltr'>ἐμοῦ</span> <span class='ocrx_word' id='word_1_844' title='bbox 1653 2784 1808 2821; x_wconf 71' lang='grc' dir='ltr'>παραδεδω-</span> 
     </span>
    </p>
   </div>
   <div class='ocr_carea' id='block_1_122' title="bbox 986 811 1005 840">
    <p class='ocr_par' dir='ltr' id='par_1_122' title="bbox 986 811 1005 840">
     <span class='ocr_line' id='line_1_122' title="bbox 986 811 1005 840; baseline 0 0"><span class='ocrx_word' id='word_1_845' title='bbox 986 811 1005 840; x_wconf 83' lang='grc' dir='ltr'>Β</span> 
     </span>
    </p>
   </div>
   <div class='ocr_carea' id='block_1_123' title="bbox 991 2147 1012 2173">
    <p class='ocr_par' dir='ltr' id='par_1_123' title="bbox 991 2147 1012 2173">
     <span class='ocr_line' id='line_1_123' title="bbox 991 2147 1012 2173; baseline 0 0"><span class='ocrx_word' id='word_1_846' title='bbox 991 2147 1012 2173; x_wconf 88' lang='grc' dir='ltr'><strong>Ι)</strong></span> 
     </span>
    </p>
   </div>
  </div>
