1941 3088
94 106 148 139 3Ἐ9

662 115 932 149 IIISTORIABUM
956 121 1071 152 LIBER
1096 123 1142 154 ιν.

1661 135 1715 168 330

93 164 139 189 καὶ
153 163 265 197 ἐρείπῖα
283 164 369 192 πολλὰ
392 166 440 201 τῆς
455 167 550 203 πρώην
580 170 717 202 συνοικίας
734 171 811 205 ἄγειν
830 174 860 200 οὐ

94 208 183 219 ιὲ-,.ΙΑ.
193 209 233 219 ηγε
250 218 253 219 ν
304 210 310 219 1
475 213 480 219 ι
554 213 560 219 -
668 216 673 219 .
747 217 753 219 λ

913 196 916 203 ι
931 178 1084 204 ternuntios
1100 178 1134 205 de
1156 186 1220 212 race
1236 185 1358 214 agentes,
1379 183 1462 219 883
1479 192 1540 212 cum
1562 185 1628 214 nihil
1647 195 1714 217 eon-

93 208 254 242 ἐδοκίμαζον
285 210 335 243 τὴν
371 213 502 246 στρατιὰν
535 213 708 251 εὐρυχωρίας
743 217 876 252 δεομένην

95 253 220 286 μάλιστα.
247 255 318 282 Δι’ἃ.
345 256 475 292 ἑκάτερος
504 259 553 293 τὴν
583 260 697 295 δύναμιν
712 263 879 299 συνέχοντες,

91 299 228 332 ἡσύχαζον
240 301 286 326 ἐπὶ
309 301 364 328 τῶν
391 305 574 338 σρατοπέδων.
590 307 743 342 Πρεσϐείας
757 310 784 336 δὲ
809 311 879 345 πρὸς

92 342 220 377 ἀλλήλους
233 346 399 380 πέμποντες,
419 349 572 383 διελέγοντο
598 353 660 386 περὶ
689 354 812 389 εἰρήνης.
833 342 878 388 ιΩς

91 387 118 413 δὲ
133 389 294 416 συνέϐαινον
309 391 447 426 ἀλλήλοις,
462 395 475 419 ό
493 395 542 429 μὲν
556 396 597 427 είς
614 396 715 433 Βιζύην
728 387 877 435 ἀνέστρεφε

91 436 160 467 μετὰ
174 434 225 468 τῆς
252 438 393 470 στρατιᾶς,
408 438 593 474 Παλαιολόγος
620 442 648 468 δὲ
666 443 680 468 ὁ
696 434 821 477 βασιλεὺς
836 446 877 478 είς

88 479 119 505 τὸ
135 480 283 512 Βυζάντιον
294 489 301 497 ·
313 486 359 509 καὶ
369 484 532 512 ἐσκέπτοντο
539 487 593 522 ὅτῳ
602 488 695 524 τρόπῳ
704 490 876 520 κακώσουσιν

89 523 233 559 ἀλλήλους.
256 526 299 553 Ἐν
310 528 397 562 τούτῳ
418 529 446 556 δὲ
462 530 501 565 τῷ
517 532 605 567 χρόνῳ
627 533 658 559 ἐκ
674 523 800 567 Φωκαίας
826 537 877 572 τῆς

91 570 222 603 παλαιᾶς,
235 569 268 606 ἧς
300 573 455 606 Καλόθετος
482 574 562 612 ἦρχε,
591 579 711 615 μονήρης
740 569 874 618 λῃστρικὴ

87 615 133 642 ἐπὶ
144 615 191 642 τὸν
211 617 377 651 Ἀστακηνὸν
392 620 507 648 ἐλθοῦσα
520 623 618 650 κόλπον
631 615 772 660 λῃστείαςν
782 615 872 662 ἕνεκα,

87 660 157 688 λῦτω
175 663 293 697 συμϐὰν,
307 664 427 700 Χαλίλην
443 666 488 693 τὸν
503 668 621 704 Ὀρχάνη
638 671 783 698 συνέλαϐεν
803 660 872 705 υἱὸν,

85 707 193 742 ἀκατίῳ
210 709 263 735 τινὶ
274 709 320 736 τὸν
341 712 430 737 ἐκεῖσε
449 713 646 748 περαιούμενον
671 716 794 752 πορθμόν
805 727 812 734 ·
824 719 872 745 καὶ

81 753 182 779 αὐτίκα
196 754 328 790 ἀνεχώρει
338 756 378 787 είς
387 757 436 792 τὴν
450 757 585 786 Φώκαιαν.
607 760 740 796 Ὀρχάνης
766 763 793 790 δὲ
809 763 869 792 ἐπεὶ

81 798 197 826 ἐπύθετο
213 800 458 835 ἀνδραποδισθέντα
472 803 517 830 τὸν
529 805 597 838 υίδν,
613 806 659 833 καὶ
678 809 718 838 εἰς
741 808 868 838 Φώκαιαν

80 844 251 879 ἀπαχθέντα,
265 848 425 882 στρατεύειν
453 850 504 884 μὲν
530 851 576 878 ἐπὶ
596 853 772 886 Φωκαιανοῦς
799 854 872 891 εἶχεν

81 889 237 922 ὀδυνάτως·
250 891 389 927 δυνάμεώς
403 903 432 921 τε
450 895 507 930 γὰρ
523 897 573 922 οὐκ
586 897 699 933 εὐπόρει
727 889 870 936 ναυτικῆτ,

81 935 97 970 ἥ
113 936 236 964 κακώσει
254 938 417 972 ἐπελθοῦσα,
435 942 483 967 καὶ
496 942 528 968 ἐκ
553 943 603 977 τῆς
630 944 745 980 ἠπείρου
762 935 872 983 εἰσϐολὴ

80 981 128 1024 οὐκ
140 979 185 1016 ἧν,
196 982 239 1017 ἐφ’
249 983 345 1018 ἑτέρου
356 986 486 1021 κειμένης
497 988 667 1022 σατραπείαν
676 990 724 1024 τῆς
733 979 870 1024 Φωκαίας,

77 1016 145 1060 πρὶς
162 1027 192 1053 δν
207 1028 259 1055 tas:
278 1016 408 1064 πολεμεῖν
427 1016 556 1067 δύναμιν.
571 1033 670 1069 ἔχοντα

79 1073 104 1098 ει
126 1073 170 1100 διὰ
184 1074 235 1108 τῆς
263 1075 369 1103 ἐκείνου
401 1078 540 1113 ἐπεχείρει
570 1080 617 1106 ἐπὶ
637 1080 763 1108 Φώκαιαν
790 1083 869 1112 ιέναι.

84 1118 199 1155 Ἀπορίᾳ
209 1120 236 1146 δὲ
249 1122 379 1148 πάντοθεν
393 1132 506 1160 συνισχη
511 1125 599 1159 μένος,
613 1127 659 1153 ἐπὶ
669 1127 718 1162 τὴν
727 1128 870 1156 Halmom-

76 1171 125 1196 γου
136 1164 181 1190 τοῦ
194 1164 327 1200 βασιλέως
339 1165 408 1194 εἶδεν
419 1169 578 1206 ἐπικουρίαν
588 1171 625 1203 ὠς
634 1172 716 1199 αὐτοῦ
725 1173 871 1210 δυνησομέ-

76 1217 122 1236 νου
151 1210 234 1244 μόνον
253 1212 299 1238 τὸν
324 1213 382 1240 υιὺν
398 1214 580 1243 ἀπαλλάττειν
592 1218 647 1244 τῶν
676 1218 793 1254 δεσμῶν·
821 1220 870 1247 καὶ

74 1255 188 1290 πέμψας
203 1257 361 1292 πρεσϐείαν,
380 1259 465 1287 ἐδεῖτο
490 1262 553 1296 περὶ
566 1262 612 1289 τοῦ
621 1264 725 1296 παιδός.
738 1265 868 1298 Βασιλεὺς

72 1299 100 1326 δέ
109 1300 246 1336 ὑπέσχετο
255 1303 403 1339 προθύμως
413 1305 502 1332 πάντα
515 1307 639 1341 πράξειν,
655 1309 701 1335 καὶ
722 1310 867 1338 ἀποδοῦναι

75 1346 121 1372 τὸν
147 1347 215 1380 υἱὸν,
240 1347 274 1375 ἂν
302 1351 350 1376 καὶ
376 1349 458 1382 αὐτὸς
485 1351 634 1387 ἀπόσχοιτο
649 1354 782 1391 Ματθαίῳ
804 1356 866 1384 κατ’

73 1393 156 1420 αὐτοῦ
186 1394 226 1428 τῷ
242 1394 349 1430 βασιλεί
370 1398 503 1433 παρέχειν
532 1400 707 1434 συμμαχίαν·
729 1402 864 1438 Ὀρχὰνης

71 1438 134 1471 γὰρ,
153 1439 200 1465 καὶ
221 1441 290 1474 μετὰ
304 1440 353 1477 τὴν
368 1443 596 1480 Καντακουζηνοῦ
616 1445 662 1471 τοῦ
684 1446 815 1481 βασιλέως
829 1448 861 1475 ἐκ

69 1484 124 1511 τῶν
144 1486 316 1521 πραγμάτων
344 1488 528 1524 ἀναχώρησιν,
556 1491 657 1526 πολλὴν
684 1493 893 1532 ἐπεδείκνυτος

69 1530 119 1564 τήν
135 1530 242 1559 εὔνοιαν
254 1533 322 1568 πρὸς
335 1533 425 1568 αὐτὸν,
444 1535 492 1562 καὶ
517 1536 561 1562 διὰ
577 1537 680 1573 ταύτην
695 1538 745 1574 τὴν
768 1540 858 1568 αἰτίαν

70 1576 116 1602 καὶ
131 1576 238 1611 βασιλεῖ
261 1577 300 1613 τῷ
326 1579 376 1613 υἱῷ
402 1580 504 1615 πολλὴν
537 1583 684 1619 παρείχετο
707 1585 858 1619 ὠφέλειαν·

68 1622 128 1654 ταῖς
139 1631 168 1649 τε
183 1623 302 1656 πόλεσιν,
321 1625 382 1651 ὅσαι
398 1623 469 1661 ἦσαν
490 1627 538 1654 ὑπ’
551 1628 665 1660 ἐκεῖνον,
687 1629 764 1657 οὐδὲν
790 1639 861 1666 παρ-

68 1667 194 1702 ενοχλῶν,
211 1669 257 1695 καὶ
269 1669 385 1704 πέμπων
404 1672 533 1706 στρατιὰν
557 1673 638 1701 ὁπότε
666 1674 788 1711 δεηθείη.
802 1677 835 1703 Ἀ
846 1678 860 1703 ὀ

69 1713 252 1749 Παλαιολόγος
265 1715 294 1742 ἐν
309 1716 388 1753 δεινῷ
401 1717 541 1753 τιθέμενος
552 1719 691 1755 βασιλεὺς,
705 1722 795 1761 καλῶς
811 1723 858 1750 τοῦ

71 1760 235 1795 πράγματος
245 1763 442 1797 παρασχόντος,
463 1764 645 1800 ἐπεχείρησεν
664 1760 800 1804 Ὀρχόινην
808 1769 858 1804 τῆς

68 1806 136 1841 πρὸς
155 1806 269 1841 βασιλέα
287 1808 426 1836 θίατθαῖον
450 1810 543 1844 φιλίας
559 1811 687 1848 ὰφιστᾷν.
711 1814 858 1850 ’Υπέσχετό

65 1859 96 1877 τε
109 1851 158 1878 καὶ
170 1852 185 1877 ό
199 1851 339 1888 βάρϐαρος
361 1854 452 1881 πάντα
473 1855 598 1890 πράξειν,
618 1857 651 1891 ἣν
666 1858 746 1892 μόνον
763 1859 777 1884 ὁ
800 1859 858 1891 υἱὸς

67 1896 140 1931 αὐτῷ
167 1897 272 1933 λυθείη,
297 1899 346 1926 καὶ
371 1899 505 1928 διετέλεσέ
519 1910 551 1936 γε
566 1903 630 1938 παρ’
651 1904 712 1931 ὅσον
735 1906 828 1940 χρόνον
841 1905 855 1932 ό

67 1943 122 1974 υιδς
138 1943 213 1978 αὐτῷ
229 1944 344 1978 ἐδέδετο,
359 1945 421 1972 οὒτε
433 1947 565 1983 Ματοαίῳ
580 1948 687 1983 βασιλεῖ
713 1959 855 1987 παρεσχη-

68 1988 147 2022 μένος
185 1990 344 2025 συμμαχίαν
373 1991 420 2018 ἐπὶ
452 1991 499 2018 τὸν
526 1993 706 2029 [Ιαλαιολόγον
733 1995 854 2031 βασιλέα,

65 2032 126 2060 οὔτε
141 2033 283 2070 Βυζαντίῳ
314 2037 362 2063 καὶ
378 2037 438 2069 ταῖς
454 2037 550 2070 ἄλλαις
578 2039 689 2067 πόλεσιν
713 2042 773 2068 ὅσαι
801 2042 855 2070 ὑπὸ

64 2080 157 2107 τοῦτον
168 2078 237 2116 ἦσαν
249 2081 325 2109 οὐδὲν
335 2083 549 2119 παρενοχλήσας.
563 2085 690 2117 Βασιλεὺς
700 2086 727 2113 δέ
737 2087 854 2116 Kal/Jee-

64 2133 109 2152 τον
123 2126 237 2161 νομίσας
248 2127 369 2162 εὐχερῶς
384 2128 429 2155 τὸν
447 2129 504 2157 υιδν
519 2130 637 2167 Ὀρχάνη
651 2133 851 2168 παρασχέσθαι,

65 2173 88 2198 εἰ
114 2172 195 2207 μόνον
226 2173 364 2209 αἰτηθείη,
393 2175 504 2211 πέμψας
531 2177 598 2212 πρὸς
632 2177 723 2210 αὑτὸν,
747 2179 849 2214 ἐζήτει,
867 2174 888 2202 Ι)

63 2217 146 2251 τιμὰς
161 2217 398 2253 ἐπαγγελλόμενος
423 2220 470 2245 καὶ
492 2219 577 2252 ἄλλας
594 2220 670 2253 τινὰς
681 2222 851 2256 εὐεργεσίας.

63 2262 218 2295 Καλόθιτος
236 2264 266 2290 δὲ
299 2263 402 2290 τούτων
425 2265 474 2300 μὲν
502 2265 593 2300 ὀλίγον
619 2266 700 2301 λόγον
722 2268 850 2301 ἐποιεῖτο,

62 2310 215 2344 χρημάτων
247 2309 277 2336 δὲ
303 2311 395 2346 ῂτείτο
414 2311 526 2345 πλῆθος,
553 2311 571 2341 ἃ
594 2313 710 2340 ἐκτίνειν
736 2314 851 2349 σχεδὺνὸ

62 2354 189 2389 βασιλεὺς
213 2354 351 2387 ἀδυνάτως
373 2354 440 2392 εἷχε.
457 2357 594 2389 Βασιλέως
618 2357 646 2384 δὲ
673 2358 851 2392 ἀπειλοῦντος

60 2400 94 2426 τὰ
107 2399 211 2435 ἔσχατα
231 2399 381 2435 διαθήσειν,
411 2402 435 2427 εἰ
453 2401 491 2437 μὴ
519 2403 650 2437 πείθοιτο,
666 2404 742 2432 οὐδὲν
768 2403 850 2442 ἦττον

61 2447 165 2477 ἐκεῖνος
179 2445 353 2482 ἀνῃσχύντει.
367 2447 406 2473 Δι’
420 2447 438 2476 ἃ
453 2448 540 2475 ἐδόκει
555 2448 609 2477 δεῖν
624 2450 698 2485 αὐτῷ
720 2451 850 2486 ἐπιστραη

60 2492 162 2519 τεύειν·
192 2494 240 2518 καὶ
272 2494 564 2529 παρασκευασάμενος,
583 2495 749 2525 ἐπέπλευσεν
773 2497 849 2533 αὐτῷ

58 2540 204 2574 τριήρεσιν
214 2538 265 2565 οὐκ
278 2539 392 2572 ὀλίγαις,
410 2539 456 2566 καὶ
471 2539 624 2577 ἐπολιόρκει
636 2542 667 2568 ἐκ
683 2543 733 2577 γῆς
747 2543 848 2578 ὁμοίως

58 2585 107 2610 καὶ
123 2584 272 2618 θαλάσσης.
293 2584 339 2610 Ἐν
359 2585 468 2617 πολλαῖς
482 2586 510 2615 δὲ
525 2588 572 2612 καὶ
599 2589 745 2622 καρτεραῖς
760 2597 849 2624 τειχο-

59 2630 174 2664 μαχίαις
201 2630 389 2666 ἀποπειράσας
416 2631 470 2658 τῶν
495 2633 603 2667 τειχῶν,
629 2633 692 2662 ἐπεὶ
717 2634 847 2662 ἀδύνατον

56 2675 106 2709 τὴν
114 2675 289 2710 ἐπιχείρησιν
303 2675 389 2711 ἐώρα,
403 2676 469 2703 δέκα
492 2677 625 2712 μυριάδας
639 2681 847 2715 παρασχόμενος

56 2720 183 2754 χρυσίου,
200 2721 247 2747 καὶ
262 2722 295 2755 τῇ
316 2723 577 2758 πανυπερσεϐἀστου
594 2723 657 2759 ἀξίᾳ
678 2725 844 2761 τιτιμηκὼς,

56 2765 134 2791 ἔλυσε
143 2765 195 2800 τῆς
210 2765 396 2800 αἰχμαλωσίας
410 2768 456 2793 τὸν
469 2768 526 2795 υἱὸν
552 2769 680 2806 Ὀρχάνη.
694 2771 741 2798 καὶ
752 2772 846 2802 ἀπεδί-

56 2809 101 2836 δου
125 2811 164 2844 τῷ
195 2810 291 2845 πατρί.
313 2808 394 2845 Ἐνῷ
420 2812 449 2838 δὲ
478 2813 565 2840 ταῦτα
591 2814 717 2850 ἐτελεῖτο,
747 2817 843 2851 χρόνου

178 2859 315 2888 ΡΑτιιοι..
333 2858 390 2889 (in.
414 2856 517 2889 CLIV.

933 220 1050 254 veniret,
1067 221 1209 249 Matthzetts
1232 224 1353 259 Bizyam,
1368 226 1534 262 Palatologus
1554 230 1714 265 Byzantium

932 264 1024 296 rediit,
1043 266 1297 302 circumspicientes
1319 278 1374 304 quo
1389 277 1468 304 pacto
1485 264 1610 301 mutuum
1631 284 1714 304 noce-

932 314 1001 336 rent.
1024 310 1075 338 Per
1095 311 1166 339 idem
1187 317 1294 348 tempus
1315 323 1346 342 et
1377 316 1489 345 Phocaea
1516 320 1610 351 veteri,
1632 329 1713 356 qnam

928 355 1088 385 Calothetus
1103 359 1285 394 gubernabat,
1302 363 1465 396 prmdatoria
1482 366 1557 393 navis
1579 367 1604 393 in
1622 368 1712 395 sinunt

928 403 1092 431 Astacenum
1112 405 1233 439 piraticae
1250 407 1383 436 faciundae
1401 410 1520 443 devenit,
1543 417 1570 439 et
1589 412 1712 441 Chalilen

928 447 1065 476 Orchanis
1082 450 1167 477 ﬁlium
1182 459 1246 479 casu
1264 453 1292 480 in
1312 459 1422 488 portum
1450 456 1504 484 illic
1533 458 1712 490 trajieicntem

928 495 1011 527 cepit,
1033 495 1179 530 statimque
1201 497 1342 526 Phocaeam
1365 502 1492 529 recurrit.
1521 502 1659 531 Orchanes
1673 495 1714 536 ξι.ιὶ

926 538 1011 566 ﬁlium
1024 540 1164 568 Phoczeam
1177 544 1312 577 captivum
1324 545 1469 574 abductum
1482 549 1625 582 comperit,
1642 550 1714 577 Pho—

927 592 1047 613 caenses
1065 587 1160 615 ulcisci
1179 597 1232 616 non
1254 595 1372 625 poterat,
1395 593 1467 628 quod
1482 595 1569 623 navali
1589 597 1713 631 potentia

926 637 980 656 non
996 631 1112 663 valeret,
1125 641 1177 667 qua
1193 642 1240 662 eos
1256 635 1409 671 afﬂigeret:
1426 647 1476 667 nec
1494 644 1565 667 terra
1581 649 1628 668 eos
1645 642 1725 669 σάοι

924 675 984 707 riri,
998 677 1221 712 quandoquidem
1236 688 1269 708 ea
1295 682 1359 710 urbs
1377 684 1492 712 alterius
1512 687 1630 721 satrapia
1647 695 1714 715 cou-

921 721 1070 756 tinebatur,
1092 724 1203 758 quicum
1230 726 1340 761 paribus
1367 729 1507 758 decertare
1529 732 1615 766 copiis
1632 740 1714 767 opor-

923 767 1007 800 tebat,
1021 769 1042 795 si
1060 777 1108 803 per
1118 770 1178 804 ejus
1190 772 1357 805 provinciam
1369 775 1510 803 Plioemam
1523 781 1616 811 petere
1631 786 1714 806 cona-

924 819 1010 840 retur.
1038 815 1064 841 ln
1092 823 1203 843 onmem
1227 817 1310 852 igitur
1343 827 1372 846 se
1404 826 1508 855 partem
1535 829 1660 856 versans,
1684 828 1713 851 et

924 859 1022 886 anxius
1040 860 1136 893 animi,
1164 862 1273 890 tandem
1304 865 1337 892 ad
1364 865 1507 902 Palmologi
1537 868 1712 902 imperatoris

923 905 1055 932 anxiEium
1075 907 1197 941 respicit,
1214 914 1244 935 ut
1259 910 1304 944 qui
1318 910 1393 939 solus
1413 912 1499 939 lilium
1512 914 1627 941 vinculis
1642 915 1713 943 libe-

924 957 986 977 rare
1004 956 1097 985 queat,
1116 952 1198 987 idque
1215 959 1245 981 ut
1259 957 1394 992 'prmstare
1410 965 1444 985 ne
1461 964 1600 993 gravetur,
1619 961 1711 990 missis
1752 995 1758 998 _

923 997 1080 1025 oratoribus
1100 1004 1187 1033 rogat.
1206 1000 1360 1035 Imperator
1377 1004 1468 1030 statim
1493 1006 1609 1040 spondet
1623 1006 1712 1034 factu-

923 1047 984 1067 rum
1003 1043 1106 1075 omnia,
1131 1048 1159 1071 et
1185 1045 1269 1072 ﬁlium
1293 1047 1498 1083 restituturum,
1523 1050 1544 1078 si
1564 1055 1592 1078 et
1612 1051 1669 1086 ipse
1693 1060 1709 1080 a

922 1086 1048 1115 Matthmo
1064 1095 1159 1117 contra
1179 1092 1211 1118 se
1233 1092 1387 1128 adjuvando
1407 1101 1548 1125 cessaret:
1567 1096 1709 1126 Orcltaues

921 1132 1022 1167 quippe
1039 1134 1120 1161 etiam
1131 1141 1193 1170 post
1207 1137 1388 1167 Cantacuzeni
1406 1141 1585 1170 anachoresin
1603 1143 1663 1178 ejus
1679 1151 1709 1171 se

921 1178 1131 1213 cupidissimum
1148 1181 1366 1218 demonstrabat,
1390 1191 1473 1221 atque
1492 1187 1593 1216 idcirco
1609 1194 1637 1216 et
1652 1190 1709 1217 ﬁlio

921 1223 1010 1258 ipsius
1039 1226 1156 1254 multum
1185 1229 1395 1264 commodabat,
1421 1236 1449 1259 et
1474 1233 1589 1261 urbibus
1617 1235 1707 1262 eidem

919 1269 1053 1305 subjectis
1079 1273 1149 1300 nihil
1168 1275 1355 1304 molestiarum
1377 1277 1535 1311 exhibebat,
1553 1284 1581 1307 et
1599 1281 1708 1315 quoties

919 1316 1024 1349 orabat,
1041 1318 1174 1346 auxilium
1193 1321 1383 1351 submittebat.
1403 1324 1468 1357 Quae
1480 1333 1542 1353 cuin
1556 1326 1707 1364 Palmologo

918 1359 1053 1393 dolerent,
1069 1361 1212 1396 pulchram
1227 1369 1324 1393 nactus
1346 1368 1530 1402 occasionem,
1551 1359 1705 1398 0rchanein

917 1411 932 1431 a
944 1404 1062 1433 Matthazi
1074 1407 1196 1436 amicitia
1208 1408 1364 1446 disjungere
1380 1414 1505 1445 tentavit,
1523 1416 1706 1452 promisitque

916 1449 1051 1480 barbarus
1066 1453 1168 1487 omnia,
1180 1455 1261 1483 modo
1277 1456 1363 1484 ﬁliuni
1374 1459 1508 1494 reciperet
1523 1469 1530 1488 :
1543 1463 1704 1496 etquandiu

915 1502 1040 1536 captivus
1054 1503 1100 1530 ille
1118 1505 1274 1538 tenebatur,
1292 1514 1344 1534 nec
1364 1507 1491 1536 Matthmo
1505 1510 1637 1539 adversus
1652 1513 1704 1540 Pa-

913 1550 1056 1586 laeologum
1073 1551 1212 1586 subsidio,
1234 1561 1285 1581 nec
1301 1556 1440 1590 Byzantio,
1456 1558 1571 1593 aliisque
1586 1560 1703 1588 urbibus

912 1595 1000 1624 eidem
1022 1599 1182 1631 parentibus
1205 1600 1337 1629 molestia:
1361 1602 1423 1630 fuit.
1442 1603 1593 1638 Imperator
1608 1606 1703 1634 existi-

911 1649 990 1670 mans
1001 1643 1176 1672 Calothetum
1192 1647 1313 1675 Orchani
1331 1648 1417 1676 ﬁlium
1432 1649 1503 1677 haud
1519 1657 1630 1686 gravate
1641 1652 1702 1679 red-

910 1688 1050 1723 diturum,
1067 1692 1088 1718 si
1108 1696 1212 1719 tantum
1225 1697 1375 1728 peteretur,
1389 1695 1503 1730 petitum
1517 1697 1602 1729 misit,
1615 1697 1702 1725 liono—

909 1742 954 1762 res
966 1739 994 1762 et
1007 1736 1059 1763 alia
1075 1738 1207 1765 nonnulla
1222 1740 1365 1768 commoda
1380 1742 1528 1776 pollicitus.
1541 1742 1701 1771 Calotltetus

909 1778 953 1806 his
966 1787 1061 1814 parum
1075 1783 1190 1816 moveri,
1206 1784 1337 1818 grandem
1357 1787 1479 1820 pecuniae
1497 1795 1631 1815 summam
1647 1795 1699 1823 po-

908 1825 1023 1860 stulare,
1054 1835 1136 1862 quam
1160 1837 1308 1858 numerare
1339 1831 1490 1866 imperator
1512 1834 1557 1862 vix
1581 1838 1698 1869 poterat.

906 1869 1031 1907 Cumque
1046 1873 1070 1900 ei
1087 1873 1230 1902 horribilia
1243 1876 1405 1910 minaretur,
1416 1878 1461 1905 ille
1474 1878 1653 1909 nihilominus
1669 1882 1697 1909 in

907 1915 1077 1951 impudentia
1092 1920 1268 1954 persistebat.
1281 1921 1415 1954 Quocirca
1430 1925 1514 1953 armis
1529 1925 1556 1953 in
1571 1934 1633 1954 eum
1655 1927 1697 1956 iro

906 1963 1061 1995 constituit,
1077 1969 1105 1992 et
1120 1966 1279 1995 triremibus
1298 1968 1370 1997 bono
1385 1977 1501 1999 numero
1521 1975 1695 2008 comparatis,

906 2012 979 2035 terra
993 2010 1117 2046 marique
1129 2019 1192 2039 eum
1209 2012 1370 2043 lacessebat.
1386 2016 1523 2049 Quoniam
1548 2026 1613 2047 vero
1639 2020 1696 2048 trc-

905 2053 1013 2086 qnenti.
1031 2058 1059 2081 et
1081 2055 1170 2083 valida
1193 2059 1398 2093 oppugnatione
1425 2062 1536 2090 tentatis
1558 2065 1696 2093 moenibus

906 2097 1003 2125 urbem
1023 2100 1048 2126 vi
1066 2101 1126 2135 capi
1141 2109 1196 2129 non
1210 2110 1291 2137 posse
1305 2105 1550 2141 animadvertebat,
1566 2110 1676 2144 persolu
1686 2124 1694 2131 -

905 2141 940 2170 tis
958 2142 1103 2173 Calotheto
1116 2154 1264 2176 aureorum
1285 2155 1396 2178 centum
1414 2153 1546 2187 millibus,
1564 2141 1648 2190 987
1665 2161 1694 2184 et

906 2187 1155 2224 Panhypcrsebasti
1172 2192 1305 2228 dignitate
1322 2195 1426 2229 addita,
1451 2198 1536 2226 ﬁlium
1557 2187 1692 2229 (irai-anis

904 2233 1015 2268 liberat,
1032 2239 1061 2263 et
1077 2236 1110 2264 ad
1125 2241 1232 2272 patrem
1253 2240 1380 2272 remittit.
1408 2242 1493 2271 Multo
1513 2248 1637 2281 tempore
1661 2247 1690 2274 in

904 2278 946 2306 his
962 2280 1080 2315 negotiis
1091 2289 1262 2318 consumpto.
1273 2285 1383 2313 urbium
1394 2287 1544 2323 Mygdonia:
1557 2278 1689 2326 praefecti,

903 2323 1085 2353 Triballorum
1112 2327 1289 2362 nobilissimi,
1309 2329 1467 2360 Manlianum
1494 2323 1688 2370 imperatorem

903 2374 1009 2398 secreto
1023 2377 1150 2405 evocant.
1171 2378 1267 2408 utpote
1288 2375 1326 2403 illi
1347 2384 1378 2404 se
1399 2386 1461 2406 cum
1478 2380 1593 2409 urbibus
1610 2383 1688 2410 dedi.

903 2415 956 2442 turi
970 2423 977 2447 ;
994 2423 1048 2449 qua
1061 2415 1095 2444 de
1111 2424 1141 2444 re
1156 2422 1186 2446 et
1201 2424 1281 2446 antea
1300 2426 1421 2456 egerant.
1440 2423 1479 2451 Ex
1497 2433 1552 2459 quo
1567 2434 1686 2462 namque

900 2459 1107 2490 Cantacuzenus
1122 2463 1218 2498 pulsus
1231 2473 1246 2492 a
1258 2465 1389 2495 Romanis
1402 2469 1474 2504 apud
1491 2470 1626 2500 Triballos
1640 2459 1686 2501 ili.-

900 2510 1024 2533 versatus
1035 2506 1136 2540 fuerat,
1153 2509 1221 2536 mira
1234 2511 1318 2538 animi
1336 2512 1512 2543 inclinatione
1530 2519 1687 2552 potentissi-

899 2557 961 2578 mus
978 2551 1095 2587 quisque
1116 2554 1288 2588 potissimum
1305 2559 1431 2587 eumdem
1448 2561 1564 2591 colebat.
1590 2564 1686 2600 Itaque

898 2595 980 2622 etiam
997 2595 1078 2624 Crale
1091 2600 1252 2634 superstite,
1267 2601 1389 2630 libenter
1403 2604 1536 2634 vidissent
1550 2595 1684 2643 ipsum'in

898 2639 1036 2669 Triballos
1050 2647 1159 2677 gentem
1173 2652 1249 2673 suam
1263 2648 1467 2682 expeditionem
1488 2639 1637 2687 suscipere.
1655 2661 1684 2684 et

899 2683 927 2710 in
940 2684 966 2711 id
982 2691 1093 2720 operam
1107 2687 1230 2723 impense
1244 2689 1355 2725 dabant,
1375 2694 1510 2728 siquidem
1526 2683 1585 2732 ejtis
1601 2683 1682 2733 quam

897 2728 985 2760 Cralis
1004 2731 1150 2766 imperiutn
1170 2735 1319 2769 malebant,
1337 2742 1420 2773 atque
1442 2740 1494 2769 hac
1510 2728 1548 2769 de
1564 2751 1593 2770 re
1609 2728 1682 2772 clam

897 2775 998 2808 sapius
1019 2783 1080 2806 cum
1100 2785 1133 2805 eo
1153 2787 1307 2808 sermonem
1339 2783 1484 2814 habebant.
1505 2788 1602 2815 Verum
1636 2791 1678 2817 ubi

896 2820 1046 2855 imperator
1060 2822 1266 2853 Cantaeuzenus
1279 2826 1412 2856 institutis
1427 2837 1456 2857 se
1466 2833 1624 2865 monasticis
1634 2833 1668 2863 ad

1487 2874 1519 2916 1!
