1941 3088
122 233 168 265 337

680 231 948 264 HISTORIARUM
969 234 1082 264 LIBER
1102 233 1148 265 ιν.

1667 235 1720 269 31ἶῇ

122 287 236 323 ἠδυνήθη
251 287 305 313 τῶν
315 286 430 314 δεόντων
446 286 553 313 πάντων
567 294 634 320 προς
648 287 677 313 ἓν
688 286 812 322 ὁρώντων
820 288 893 319 ὅπως

946 287 1128 316 Barbarorum
1153 289 1278 323 permulti
1303 290 1329 316 iu
1357 287 1471 318 transitu
1495 291 1566 326 apud
1583 292 1720 328 Philippos

122 335 151 368 τῇ
165 334 236 366 φυγῇ
263 332 396 359 σωθῶσιν.
419 332 587 365 Ἀναγκαίως
604 332 632 359 δὲ
646 332 725 363 αὐτὸς
753 333 799 360 καὶ
813 333 893 367 μόνος

122 377 298 404 συνεπλέκετο
313 379 369 408 τοῖς
384 378 501 408 ἐπιοῦσι,
521 379 568 404 καὶ
580 378 688 413 ἀνεῖργε
705 379 751 404 τοῦ
768 378 805 413 μὴ
831 379 893 409 τοὺς

122 423 268 458 φεύγοντας
297 423 464 458 διαφθείρειν
498 424 638 450 ἐπιπλέον.
668 424 764 459 Ὅμως
785 424 895 458 διεφθά-

122 477 202 505 ρησαν
217 470 263 495 καὶ
293 469 438 503 Ῥωμαίων
469 469 515 496 καὶ
536 469 686 503 Βαρϐάρων
714 470 763 496 οὐκ
788 470 892 502 ὀλίγοι·

123 516 237 550 μάλιστα
257 515 284 541 δὲ
302 515 373 541 κατά
384 515 432 550 τὴν
443 515 528 541 δίοδον
544 515 594 550 τὴν
609 516 637 541 ὲν
663 515 805 542 Φιλίππου.
826 515 894 549 Ἤδη

121 563 172 596 γὰρ
187 560 234 587 καὶ
251 561 429 594 Φιλιππήσιοι
459 561 512 586 τῶν
537 560 689 595 Βαρϐάρων
719 560 769 593 τῆς
792 560 895 594 τροπῆς

122 606 275 640 αἰσθόμενοι
309 605 451 631 ἐπέκειντο
478 605 526 632 καὶ
552 605 702 640 διέφθειρον
728 604 895 639 ἁπανταχοῦ.

123 651 250 682 Βασιλεὺς
265 651 293 677 δὲ
323 650 507 685 ἀμυνόμενος,
534 650 582 676 καὶ
602 650 761 685 περισώζων
789 650 895 683 ἑαυτὸν,

123 697 163 732 ᾔει
180 697 227 723 καὶ
246 696 328 727 αὐτὸς
343 696 393 731 τὴν
426 697 465 727 εἰς
484 696 631 722 Φιλίππου.
655 696 849 730 ’Δπειρηκότος
868 695 895 722 δὲ

124 742 195 777 αὑτῷ
222 742 269 769 τοῦ
282 742 368 768 ἵππου
385 743 445 773 ταῖς
457 742 567 776 συχναῖς
583 741 689 775 ἐφόδοις
702 742 749 767 καὶ
765 741 896 775 ὲπεκδρο-

125 789 195 822 μαῖς,
209 788 257 814 καὶ
279 788 307 814 ἐν
331 786 473 822 ἀμηχανίᾳ
499 786 549 821 ήδη
573 782 645 818 sm,
666 786 898 820 Κυπαρισσιώτης

122 831 160 865 εἷς
172 834 227 860 τῶν
247 833 372 865 οἰκετῶν,
389 833 454 868 περὶ
481 832 624 867 στρατείας
637 831 686 866 μὲν
707 833 752 858 καὶ
770 831 897 866 μάγαςού

124 879 238 914 μάλιστα
251 879 449 913 ἡσχολημένος,
463 878 553 911 λόγοις
566 878 593 904 δὲ
605 876 771 912 ὲσχολακὼς,
787 877 898 909 διέσωζε

121 925 150 951 τό
167 932 198 958 γε
215 922 282 959 ἧκον
300 925 340 955 εἰς
349 923 440 950 αὐτόν.
458 923 576 954 Ἀποϐἀς
587 923 640 957 γὰρ
654 923 735 954 αὐτὸς
743 923 791 949 τοῦ
800 922 896 954 ἵππου,

123 972 266 1007 παρείχετο
282 972 322 1006 τῷ
339 970 455 1006 βασιλεῖ,
466 972 506 1002 εἰς
515 968 654 1006 προῦπτον
669 971 790 997 κίνδυνον
801 971 896 997 ἑαυτὸν

124 1019 209 1045 ἑκοντὶ
220 1018 453 1052 καταπροέμενος.
471 1017 574 1043 Αὐτίκα
600 1017 653 1051 γὰρ
669 1017 721 1043 ὑπὸ
736 1017 790 1043 τῶν
808 1016 896 1042 ἐπιόν-

121 1071 173 1090 των
184 1063 329 1098 Τριϐιλῶν
345 1062 573 1096 συνελαμϐάνετο.
590 1062 642 1089 Καὶ
658 1063 844 1097 δεσμωτήριον
859 1062 898 1088 οι-

122 1110 206 1143 κήσας
221 1109 266 1134 ἐπὶ
279 1109 385 1142 χρόνον,
397 1106 474 1138 αὖθις
488 1108 597 1133 ἐλέλυτο
612 1108 665 1133 ὑπὸ
676 1108 729 1133 τῶν
742 1107 895 1141 κατασχόν-

120 1163 172 1181 των
190 1154 235 1181 διά
247 1154 296 1188 τὴν
309 1154 374 1188 περὶ
397 1154 446 1188 τὴν
472 1154 564 1180 πίστιν
589 1153 739 1179 κοινωνίαν.
766 1152 898 1183 Βασιλεὺς

121 1201 148 1227 δι
160 1200 306 1235 γενόμενος
333 1199 396 1234 ἄχρι
415 1199 464 1233 τῆς
479 1199 612 1226 Φιλίππου
631 1199 721 1233 μόνος,
736 1199 797 1225 ἐπεὶ
810 1199 859 1233 τήν
868 1206 896 1224 τε

119 1245 205 1272 δίοδον
234 1244 308 1279 ἑώρα
334 1244 477 1279 ἐχομένην,
515 1245 561 1270 καὶ
585 1243 646 1270 οὔτε
670 1242 809 1277 βιάζεσθαι
835 1242 898 1277 ἐνῆν

119 1291 261 1321 τοσούτους
276 1290 368 1325 ὄντας,
394 1289 450 1317 οὔτ’
465 1289 507 1323 ἐφ’
528 1289 620 1323 ἔτερόν
632 1298 658 1315 τι
677 1289 780 1322 βέλτιον
795 1289 898 1323 τραπέ‹

121 1337 192 1367 σθαι.
209 1338 255 1363 ἐπὶ
277 1337 308 1363 τὸ
322 1336 382 1367 ἕλος
405 1336 502 1371 ἐχώρει
522 1336 658 1369 καλάμοις
679 1335 708 1361 ὂν
736 1334 896 1369 συνηρεφὲς,

120 1384 213 1418 λήσειν
227 1382 352 1416 οἰόμενος
381 1381 461 1416 ἄχρις
487 1381 519 1407 ἂν
543 1381 705 1414 ἐπιγένηται
725 1380 741 1413 ἡ
769 1379 827 1411 νύξ.
843 1378 896 1405 Ίόὗ

119 1428 251 1463 τέλματος
267 1427 297 1453 δὲ
323 1427 368 1453 τον
384 1426 469 1453 ἵππον
493 1427 524 1452 οὑ
543 1426 688 1459 δυναμένου
709 1425 823 1459 στέγειν,
840 1425 897 1451 ἀλλ’

121 1472 328 1508 ὑποχωροῦντος
358 1473 418 1504 ταῖς
435 1471 533 1502 ὁπλαῖς
557 1472 606 1496 καὶ
623 1471 783 1505 κατέχοντος
805 1470 897 1505 ἐμπη-

120 1519 267 1554 γνυμὲνας,
281 1518 429 1546 ἀπέϐαινεν
444 1519 457 1544 ὁ
474 1517 613 1552 βασιλεὺς,
628 1517 676 1543 καὶ
697 1517 898 1552 συνεκρύπτετο

121 1565 174 1592 ὑπὸ
196 1565 226 1591 τὸ
236 1565 306 1595 ἕλος.
323 1563 500 1598 Φιλιππήσιοι
521 1563 549 1588 δὲ
575 1562 782 1596 ὲπιδραμόντες·
799 1563 829 1589 οὺ
842 1563 898 1596 γὰρ

944 334 1094 368 perierunt.
1117 334 1174 361 Iam
1190 335 1261 361 enim
1283 340 1308 362 r-t
1322 335 1509 370 Philippenses
1535 345 1583 364 eos
1603 339 1663 372 ruga
1677 347 1722 366 co-

944 379 1017 413 gnita
1040 379 1128 406 infesti
1152 380 1320 413 premebant,
1339 386 1365 408 et
1383 381 1445 408 hinc
1461 382 1523 409 inde
1540 383 1722 410 trucidabant.

946 423 1097 457 Imperator
1115 428 1202 451 semet
1221 432 1269 452 sua
1290 434 1371 453 manu
1387 427 1489 454 salvum
1507 434 1648 462 priestans,
1665 430 1723 463 ipse

945 476 1054 503 quoque
1070 477 1165 497 versus
1186 470 1325 506 Philippos
1342 473 1482 507 pergebat,
1500 474 1542 500 cui
1559 482 1621 501 cum
1635 482 1722 509 equus

946 514 1050 541 crebris
1074 514 1101 540 in
1127 515 1229 542 hostem
1256 516 1412 545 incursibus
1444 524 1472 546 et
1497 519 1723 553 impreSsionibus

947 559 1098 587 delassatus
1113 561 1287 594 concidisset,
1310 571 1364 597 quo
1383 571 1411 590 se
1424 569 1541 591 verteret
1554 566 1722 593 nescientem

947 603 1064 631 famulus
1078 605 1199 639 quidam.
1215 607 1395 642 Cyparissiota
1407 609 1526 641 nomine,
1543 611 1724 644 expeditioni—

946 649 997 676 bus
1019 656 1045 677 ct
1069 652 1166 685 pugnis
1185 659 1238 678 non
1264 653 1341 680 valde
1357 659 1491 686 assuetus,
1513 656 1609 683 studiis
1632 662 1722 684 autent

946 695 1098 722 litterarum
1114 698 1248 729 excultus,
1272 703 1402 733 quantum
1420 700 1447 727 in
1464 708 1493 727 se
1510 701 1572 733 fuit,
1596 704 1723 730 servavit.

946 739 1013 767 Nam
1026 749 1086 768 cum
1100 743 1225 776 prmsenti
1237 744 1334 776 capitis
1344 745 1384 771 sui
1398 746 1522 778 periculo
1533 754 1631 781 equum
1644 755 1723 775 suum

948 785 1104 820 imperatori
1115 787 1240 822 subjecit.
1255 788 1375 823 llepcute
1384 791 1518 824 siquidem
1533 792 1568 818 ab
1579 792 1724 826 insequen-

949 831 1020 857 tibus
1036 831 1166 859 Triballis
1185 834 1408 868 comprchcnsns,
1433 841 1461 862 et
1484 837 1516 862 ad
1541 841 1647 871 tempus
1664 838 1724 864 vin-

948 875 1017 902 culis
1034 878 1187 909 mandatus,
1213 884 1323 913 propter
1343 881 1480 915 religionis
1503 882 1723 909 communionem

948 921 1078 949 dimissus
1089 927 1139 950 est.
1155 924 1302 958 Imperator
1316 933 1377 952 cum
1391 927 1508 954 venisset
1525 928 1663 963 Philippos
1679 938 1724 956 so-

948 967 1002 1000 lus,
1029 973 1056 995 et
1079 969 1222 996 transitum
1247 970 1388 999 obsessum
1407 974 1601 1007 conspexisset,
1619 975 1724 1009 nitique

947 1016 1044 1039 contra
1071 1016 1124 1039 tam
1151 1014 1251 1042 multos
1276 1023 1331 1042 non
1355 1022 1457 1050 posset,
1479 1025 1528 1044 nec
1544 1019 1610 1052 quid
1628 1019 1723 1046 melius

947 1063 1048 1090 ageret,
1074 1058 1196 1091 haberet,
1219 1060 1245 1086 in
1262 1061 1386 1095 paludem
1405 1069 1456 1096 qua
1475 1063 1589 1097 plurima
1607 1064 1723 1096 arundo,

948 1103 1087 1138 ingressus
1103 1109 1155 1137 est,
1174 1105 1257 1132 latere
1274 1114 1302 1133 se
1326 1115 1404 1141 posse
1426 1108 1550 1140 credens,
1567 1110 1653 1143 quoad
1671 1117 1724 1136 nox

947 1150 1115 1183 appetiissct.
1134 1151 1201 1178 Cum
1222 1156 1312 1179 autem
1333 1153 1454 1187 palustre
1469 1161 1577 1181 caenum
1595 1155 1657 1189 equi
1673 1163 1724 1182 un»

947 1195 1023 1229 gulas
1037 1202 1091 1221 non
1110 1196 1267 1229 sustineret,
1289 1202 1316 1224 et
1330 1198 1427 1224 inﬁxas
1443 1199 1584 1230 retineret,
1610 1200 1724 1226 desccn.

947 1239 997 1272 dit,
1012 1248 1124 1275 seseque
1140 1241 1269 1269 occuluit.
1285 1243 1472 1277 Fhilippcnses
1486 1251 1566 1278 porro
1583 1244 1724 1271 incurvan-

948 1289 990 1312 tes
1006 1286 1071 1320 (non
1089 1286 1163 1313 enim
1185 1287 1346 1321 ignorabant
1363 1289 1520 1323 quis’esset,
1535 1290 1606 1323 quod
1620 1289 1725 1317 Gaurus

947 1331 1056 1365 quidam
1072 1331 1106 1358 de
1120 1331 1230 1359 famulis
1245 1333 1304 1368 ejus
1319 1342 1351 1360 ex
1368 1335 1480 1361 vulnere.
1496 1335 1567 1369 apud
1589 1337 1662 1370 ipsos
1675 1336 1724 1363 de-

947 1377 1089 1408 cumbens,
1103 1377 1194 1411 etjam
1208 1377 1261 1404 vita
1276 1378 1415 1411 deﬁciens,
1432 1381 1524 1414 procul
1540 1381 1626 1414 ipsum
1641 1389 1725 1415 agno-

947 1422 1040 1454 visset,
1056 1426 1083 1449 ct
1098 1422 1290 1456 imperatorem
1307 1432 1378 1456 esse,
1393 1426 1438 1460 qui
1458 1426 1571 1458 veniret,
1588 1426 1655 1453 citra
1671 1427 1725 1454 lue—

947 1466 1103 1493 silationem
1124 1468 1245 1503 dixisset)
1268 1473 1296 1496 ct
1316 1470 1431 1504 virgulta
1451 1472 1563 1500 canith
1578 1473 1724 1508 diligenter

949 1515 1112 1544 scrutantes,
1131 1520 1192 1538 eum
1213 1520 1357 1547 ceperunt.
1377 1520 1457 1550 atque
1475 1517 1500 1543 in
1523 1518 1618 1545 urbem
1636 1519 1725 1546 intro-

949 1555 1095 1584 duxerunt.
1112 1557 1255 1586 lilatthacus
1275 1559 1358 1594 igitur
1381 1560 1528 1595 imperator
1541 1570 1574 1590 eo
1599 1564 1724 1592 ridat'lns

121 1610 236 1645 ἠγνόουν
248 1609 321 1640 ὅστις
336 1609 392 1644 εἴη,
411 1608 505 1643 Γαυρᾶ
520 1616 591 1639 τινος
609 1608 662 1634 τῶν
680 1608 812 1642 βασιλέως
825 1608 894 1634 οἰκε-

949 1608 991 1630 est
1003 1603 1178 1636 infelicitatis,
1190 1610 1216 1632 et
1229 1606 1327 1634 talibus
1337 1607 1452 1635 amictus
1462 1613 1502 1636 est
1514 1610 1723 1644 calamitatibus,

118 1657 174 1683 τῶν
190 1656 316 1690 κειμένου
346 1653 515 1689 τραυματίαν
545 1653 610 1688 παρ’
634 1653 734 1685 αὐτοῖς,
766 1653 812 1679 καὶ
835 1654 897 1680 ὅσον

118 1701 225 1727 οὐδέπω
240 1700 438 1730 ἀπολείποντος
459 1696 602 1734 πόῥρωθεν
627 1698 820 1732 γνωρίσαντος,
849 1697 897 1723 καὶ

119 1745 244 1776 εἰπόντος
261 1744 329 1780 πρὸς
343 1744 441 1775 αὐτοὺς
452 1744 636 1778 ἀπεριέργως,
661 1743 698 1774 ὡς
714 1743 757 1777 εἴη
770 1743 897 1777 βασιλεὺς

118 1789 278 1826 ὸπροσιών·
307 1790 354 1816 καὶ
382 1789 622 1824 διερευνησάμενοι
652 1788 701 1823 τὴν
725 1788 792 1823 ὓλην
819 1789 897 1822 ἀκρι-

119 1837 176 1868 ϐῶς
191 1836 243 1862 ὑπὸ
261 1835 334 1867 κυσὶ,
367 1834 572 1869 συνελάμϐανόν
584 1842 626 1865 τε,
641 1835 687 1860 καὶ
703 1832 770 1869 ἦγον
787 1834 825 1865 είς
848 1833 896 1868 τὴν

120 1882 210 1909 πόλιν.
230 1881 261 1907 '0
289 1882 337 1915 μὲν
361 1880 407 1906 οὖν
432 1879 557 1914 βασιλεὺς
587 1879 726 1910 Ματθαῖος
749 1880 788 1910 εἰς
820 1879 897 1905 τοῦτο

116 1925 185 1962 ἦλθε
203 1926 406 1960 κακοπραγίας,
431 1926 478 1951 καὶ
494 1925 634 1956 τοιαύταις
649 1926 803 1959 συμφοραῖς
816 1926 898 1960 ἐχρή-

117 1981 196 2004 σατο,
215 1973 272 2003 τοῖς
301 1970 411 1997 πώποτε
429 1971 492 2004 περὶ
522 1970 655 2005 πολέμους
683 1971 833 2005 ἀτυχήσασι
863 1970 897 1997 τὰ

116 2019 237 2053 μέγιστα
251 2010 423 2051 ἁμιλληθείς.
436 2016 549 2051 Βοῖχνας
564 2017 591 2042 δὲ
603 2017 616 2042 ό
630 2017 746 2051 Καῖσαρ,
761 2017 820 2042 ἐπεὶ
830 2016 896 2042 ἐπύ-

115 2064 180 2090 θετο
200 2063 405 2098 φρουρούμενον
421 2062 535 2097 βασιλέα
563 2063 592 2088 ὲν
617 2061 762 2093 Φιλίππου,
791 2063 831 2092 εἰς
847 2062 897 2095 τὴν

114 2111 268 2144 ὑστεραίαν
283 2109 388 2135 ἐκεῖθεν
402 2108 555 2139 ἀναλαϐὼν.
571 2106 673 2142 ἤγαγεν
690 2108 729 2138 είς
743 2107 792 2143 τὴν
807 2107 896 2134 οΙκίαν

112 2156 162 2182 ἐπὶ
188 2155 303 2190 Δράμαν
323 2154 370 2180 καὶ
388 2154 486 2187 πολλῆς
505 2153 606 2188 ἠξίωσε
640 2153 766 2187 προνοίας
783 2153 831 2180 καὶ
857 2161 896 2179 τι-

113 2203 180 2237 μῆς.
195 2199 334 2235 Φρουροὺς
345 2199 373 2225 δὲ
391 2199 541 2233 ἐπέστησεν
556 2197 723 2233 ἀγρύπνους,
742 2198 789 2224 καὶ
805 2198 895 2224 πᾶσαν

111 2245 289 2272 ἐπεδείκνυτο
306 2242 424 2277 σπουδὴν
438 2243 502 2276 περὶ
518 2242 568 2276 τὴν
590 2241 724 2276 φυλακήν.
748 2241 896 2275 Ἔπη-(γέλ-

109 2289 176 2316 λετό
191 2297 234 2321 τε,
251 2287 276 2314 ει
289 2273 460 2321 γένοιτο”ὲπ”
475 2273 579 2317 ἀύτὸν,
596 2273 758 2320 ⁷ἐκπέμψειν
780 2273 827 2316 ειξ
842 2273 895 2319 ’τὴν
911 2273 932 2301 θ

110 2335 216 2362 οἰκίαν,
258 2332 417 2360 ’Υπώπτευε
435 2332 489 2367 γὰρ
504 2331 659 2365 Κράλαιναν
674 2330 892 2364 ἐναντιώσεσθαι,

107 2381 182 2415 αὐτῇ
197 2380 347 2413 προσήκειν
362 2378 490 2411 ἀξιοῦσαν
505 2377 597 2411 ὥσπερ
609 2385 634 2403 τι
650 2376 696 2403 τοῦ
716 2376 833 2410 πολέμου
846 2375 894 2402 λά-

107 2434 198 2460 φυρον
214 2424 286 2458 ἔχειν
301 2423 424 2458 βασιλέα.
442 2423 487 2449 Διὸ
502 2422 534 2458 δὴ
556 2422 641 2448 ἐδόκει
655 2422 732 2456 ἦκειν
753 2422 795 2447 ἐπ’
823 2421 894 2447 ὲκεί-

107 2480 162 2504 νην
177 2470 295 2504 τάχιστα
307 2467 529 2502 ὲξαιτησόμενον,
544 2466 601 2501 ἅμα
615 2465 664 2500 μὲν
692 2466 739 2491 καὶ
763 2466 892 2500 χρήματα

105 2515 232 2547 ιλπίςων
249 2514 313 2548 παρ’
328 2513 432 2539 ἐκείνου
449 2511 592 2547 λήψεσθαι,
609 2511 667 2545 ἃμα
689 2511 717 2537 δὲ
745 2511 791 2537 καὶ.
817 2511 892 2543 φίλον

105 2560 185 2594 ἔχειν
202 2557 310 2593 βέϐαιον
323 2565 332 2574 ⁸
353 2556 429 2588 ὥστ’,
448 2557 472 2583 εί
486 2557 540 2582 δέοι
567 2554 645 2586 αὖθις
660 2557 717 2586 τοῖς
748 2556 892 2591 προτέροις

103 2604 276 2639 ἱπιχειρεϊν,
293 2601 414 2637 μεγάλην
441 2601 513 2636 ἔχειν
527 2601 592 2636 παρ’
608 2601 704 2636 ἐκείνῳ
717 2600 839 2635 δύναμιν.
862 2600 891 2627 '0

105 2650 162 2685 μὶν
175 2648 223 2674 οὖν
236 2647 365 2681 τοιαύτην
374 2647 443 2681 ἔχων
457 2646 580 2682 γνώμην,
594 2646 722 2680 ἠπείγετο
736 2646 781 2672 ἐπὶ
793 2647 890 2681 Φεράς.

104 2695 195 2729 Νόσῳ
210 2694 240 2720 δέ
256 2702 309 2720 τινι
322 2693 420 2720 ὁδεύων
437 2693 539 2727 μεταξϋ
555 2692 741 2727 κατασχεθεὶς,
761 2693 791 2719 ἐν
811 2693 890 2718 πέντε

103 2741 273 2776 καὶιεῐκοσιν
285 2739 402 2775 ἡμέραις
418 2738 540 2773 ἐκωλύθη
557 2739 598 2769 εἰς
613 2737 700 2771 Φερὰς
716 2737 814 2769 ἐλθεῖν,
828 2737 890 2763 ἀδυ-

103 2785 201 2817 νάτως
219 2784 288 2819 ἔχων
303 2783 419 2819 χρῆσθαι
433 2783 533 2818 ἐαυτῷ.
550 2782 732 2816 Παλαιολόγος
761 2782 789 2808 δὲ
812 2783 825 2808 ὁ
841 2783 889 2816 βα-

104 2831 214 2862 σιλεὺς,
234 2831 263 2856 ὲν
276 2830 388 2860 ταύταις
407 2830 466 2860 ταῖς
479 2829 596 2863 ἡμέραις
613 2828 659 2854 τοῦ
682 2827 798 2862 Ὀρχάνη
808 2827 889 2853 ἕνεκα

103 2875 208 2906 παιδὸς
228 2874 292 2909 περὶ
307 2873 419 2901 Τένεδον
435 2874 558 2909 τριήρεσι
568 2872 726 2907 διατρίϐων,
747 2871 809 2898 ἐπεὶ
839 2871 889 2897 πύ-

104 2919 186 2946 θοιτο
200 2919 234 2946 τὰ
245 2918 315 2945 κατά
327 2918 464 2947 Matth?”
486 2918 531 2946 τὸν
547 2918 669 2953 βασιλέα,
694 2919 762 2950 ἄρας
774 2918 812 2950 ὡς
832 2915 887 2953 εἶχε

948 1649 1022 1676 nullo
1037 1657 1132 1676 eorum
1149 1651 1271 1686 inferior,
1293 1661 1361 1687 quos
1376 1654 1476 1681 bellum
1497 1655 1614 1683 reddidit
1629 1657 1725 1684 miscr-

947 1694 1041 1721 rimos.
1057 1694 1191 1723 Boichnas
1217 1697 1305 1724 Cmsar
1329 1703 1358 1724 ιιι
1371 1706 1433 1725 eum
1448 1699 1579 1734 Philippis
1591 1701 1724 1728 custodiri

947 1739 1068 1772 audivit,
1085 1741 1216 1774 postridie
1226 1746 1379 1776 acceptum,
1393 1743 1502 1770 domum
1512 1751 1588 1771 suam
1598 1745 1723 1772 Dramam

948 1785 1067 1818 abducit,
1083 1786 1194 1820 proviele
1210 1786 1355 1814 admodum
1371 1793 1399 1815 et
1416 1789 1568 1816 honoriﬁce
1585 1790 1661 1817 illum
1678 1791 1726 1817 ha-

947 1829 1003 1860 bet,
1018 1835 1046 1857 et
1066 1835 1096 1858 ut
1110 1831 1255 1866 diligenter
1277 1838 1432 1861 asservetur
1447 1835 1617 1868 perstudiose
1634 1841 1723 1868 curat,

948 1876 1122 1910 promittens,
1144 1877 1166 1904 si
1188 1877 1224 1904 sit
1240 1885 1323 1912 penes
1337 1886 1376 1911 se,
1400 1879 1426 1906 in
1443 1881 1609 1913 provinciam
1626 1883 1722 1908 remis-

947 1929 1052 1949 surum.
1067 1921 1240 1950 Formidabat
1255 1923 1368 1956 etenim,
1381 1932 1414 1951 ns
1427 1925 1547 1952 Cralatna
1562 1926 1613 1953 sibi
1627 1926 1725 1954 adver-

946 1971 1064 1998 saretur.
1081 1968 1285 2003 postularetque
1300 1970 1362 2004 jure
1376 1977 1435 2000 suo.
1457 1974 1487 1997 ut
1502 1971 1564 1998 belli
1585 1972 1722 2006 quoddam

946 2012 1073 2046 spolium,
1087 2012 1159 2047 apud
1171 2021 1200 2040 se
1212 2013 1406 2048 imperatorem
1422 2015 1534 2043 habere.
1551 2016 1614 2044 ldeo
1625 2025 1724 2051 quant-

946 2058 1065 2091 primum
1085 2057 1119 2084 ab
1140 2066 1171 2085 ea
1186 2058 1373 2093 deposcendus
1384 2061 1539 2094 videbatur;
1555 2063 1640 2090 simul
1650 2064 1722 2097 quod

946 2102 980 2129 ab
997 2110 1031 2129 eo
1046 2103 1189 2136 pecuniam
1207 2104 1344 2138 sperabat,
1370 2110 1397 2133 et
1421 2111 1589 2134 constantem
1604 2109 1722 2136 amicum

947 2147 1015 2180 fore,
1032 2147 1113 2182 892
1129 2152 1158 2174 ut
1174 2149 1195 2176 si
1210 2149 1301 2183 priora
1317 2158 1411 2178 rursus
1424 2153 1608 2187 aggrediunda
1620 2154 1722 2187 forent,

946 2197 1073 2228 potenter
1089 2193 1123 2220 ab
1150 2201 1183 2221 eo
1210 2195 1395 2230 adjuvarctnr.
1424 2197 1509 2232 Capto
1535 2198 1588 2226 hoc
1608 2201 1724 2228 consilio

946 2239 1048 2265 Pheras
1075 2246 1241 2273 properans,
1263 2241 1358 2268 mOrbo
1385 2242 1411 2269 in
1439 2243 1537 2271 itinere
1563 2245 1723 2279 implicitus,

946 2284 1039 2318 quinis
1063 2289 1090 2311 ct
1111 2285 1215 2312 viconis
1228 2285 1325 2312 diebus
1343 2286 1526 2316 imberillitate
1536 2292 1659 2324 corporis
1673 2292 1724 2318 im-

948 2329 1056 2363 peditus
1071 2334 1123 2363 est,
1142 2338 1174 2356 ne
1188 2338 1221 2357 eo
1238 2333 1400 2365 perveniret.
1417 2333 1468 2360 Per
1485 2334 1534 2361 hos
1547 2335 1606 2363 dies
1622 2337 1724 2364 Palam-

946 2374 1024 2409 logus
1038 2375 1186 2408 imperator
1202 2381 1313 2411 propter
1333 2377 1465 2406 Orcbanis
1481 2379 1565 2407 ﬁlium
1582 2382 1614 2407 ad
1634 2382 1723 2410 Tenc-

945 2420 1009 2446 dum
1032 2420 1188 2447 triremibus
1207 2421 1368 2455 subsistens,
1388 2427 1416 2449 ut
1431 2424 1464 2450 de
1479 2424 1594 2452 Matthtei
1614 2426 1723 2455 fortuna

945 2463 1035 2491 factus
1051 2468 1091 2490 est
1106 2465 1218 2498 certior,
1233 2466 1339 2492 solvere
1354 2469 1509 2495 maturavit.
1525 2469 1721 2498 Peritbeorium

945 2510 1030 2540 venit,
1055 2508 1172 2543 indeque
1193 2510 1371 2543 Cumutzena,
1396 2513 1468 2546 quod
1495 2515 1623 2548 oppidum
1649 2516 1722 2544 hami

945 2553 1039 2580 nolens
1054 2560 1082 2580 se
1096 2553 1209 2581 dedidit.
1224 2554 1319 2582 Postea
1332 2560 1358 2582 et
1372 2555 1597 2591 Gratianopolim,
1615 2559 1720 2587 civibus

943 2605 1006 2624 eum
1025 2602 1149 2632 prompte
1174 2603 1201 2626 et
1218 2600 1356 2626 communi
1374 2601 1500 2634 consilio,
1517 2603 1590 2629 mtlla
1605 2605 1721 2638 amplius

943 2650 990 2677 Spe
1011 2644 1044 2670 de
1061 2643 1185 2671 litatthteo
1200 2645 1306 2676 relicta,
1329 2645 1538 2680 accipientibus,
1554 2650 1718 2683 occupavit:

944 2689 970 2716 in
985 2697 1037 2724 qua
1049 2693 1076 2715 et
1087 2689 1245 2724 impcratrix
1257 2689 1344 2722 lrene,
1358 2692 1476 2719 Matthmi
1491 2701 1567 2724 uxor,
1581 2702 1641 2721 cum
1651 2695 1720 2723 duo-

943 2734 994 2761 bus
1019 2734 1081 2761 ﬁliis
1105 2735 1272 2770 totidemque
1294 2736 1400 2764 ﬁliabus
1433 2745 1509 2773 capta
1533 2745 1576 2766 est
1615 2740 1718 2776 (Theo-

941 2779 1007 2806 dora
1022 2780 1095 2805 enim
1118 2779 1209 2806 senior
1233 2780 1297 2813 ﬁlia,
1313 2782 1385 2815 apud
1405 2783 1492 2810 aviam
1507 2789 1646 2819 paternam
1663 2786 1717 2813 Eu-

941 2825 1046 2859 geniam
1072 2825 1191 2859 Byzantii
1208 2827 1396 2862 educabatur),
1419 2837 1488 2864 quos
1512 2831 1667 2858 humaniter
1688 2836 1717 2859 et

942 2871 1044 2904 absque
1059 2871 1111 2897 ulla
1130 2870 1226 2905 injuria
1244 2876 1385 2903 tractatos.
1402 2883 1433 2902 ac
1445 2875 1517 2902 nulla
1534 2884 1572 2906 re.
1590 2877 1629 2902 vel
1647 2877 1712 2910 ipsa,

941 2916 983 2943 vel
1003 2916 1158 2944 domesticis
1173 2916 1233 2952 ejus
1245 2918 1377 2955 spoliatis,
1395 2919 1531 2947 Tenedum
1547 2921 1712 2948 amandavit.
