1941 3088
236 218 290 253 339

818 219 981 250 IOANNIS
1000 219 1261 251 CANTACUZENI

1793 222 1840 255 340

237 274 303 303 Urbi
329 274 458 309 [πείθοιο
475 275 631 310 designato,
652 278 679 302 et
693 274 805 305 reliquis
823 275 893 303 bene
906 282 1017 310 compo-

1076 277 1183 310 τάχους,
1200 275 1269 313 ἧκεν
1292 276 1332 309 είς
1353 275 1545 312 Περιθεὼριον,
1560 276 1688 305 κάκεῖθεν
1715 276 1756 309 εἷς
1778 276 1842 304 Koo-

237 321 311 354 silis,
326 321 528 349 Perithcorium
541 329 679 354 reversus,
697 321 860 356 legationem
875 322 907 348 ad
921 319 1024 349 Boiehi

239 374 302 394 nam
316 367 372 402 jam
398 366 493 394 Pheris
511 367 671 395 redeuntem
694 375 756 395 cum
772 367 901 395 facultate
916 367 943 394 in
957 365 1019 394 Mat-

239 414 340 440 thaeum
358 417 387 440 ut
409 413 506 441 liberet
524 412 633 448 agendi,
655 413 746 445 misit;
774 412 866 440 addita
884 413 1018 448 pollicita-

238 456 313 483 tione
325 456 478 484 immodicae
491 457 625 491 pecuniae,
639 456 662 484 si
676 457 751 484 illum
765 457 817 484 sibi
832 457 952 484 vinclum
966 462 1020 484 tra-

238 503 327 530 deret.
339 501 474 529 Boiebnas
484 502 540 538 jam
551 507 615 530 ante
628 503 779 537 cupiverat,
792 503 864 538 quod
875 510 937 530 eum
947 503 1021 538 jura-

239 552 334 575 mento
361 548 544 580 asseverabat,
565 547 720 575 Mattlizeum
738 547 850 574 domum
870 547 1019 578 remittere.

238 598 341 622 etcum
359 594 526 629 Poheologus
541 602 603 621 eum
619 594 672 622 sibi
689 594 767 629 prodi
785 599 908 628 cuperet.
926 594 1021 620 audire

239 640 406 675 legationem
422 647 477 667 non
493 640 636 667 sustinuit.
657 639 710 667 Sed
730 644 759 666 ut
775 639 873 666 didicit
885 643 914 666 et
928 639 1020 671 urbes,

241 691 270 714 et
287 686 389 713 liberos
407 686 467 721 ejus
491 690 518 712 et
533 691 644 712 uxorem
661 689 755 719 captos
778 691 850 717 esse,
864 684 1021 718 nullamque

208 740 210 742 τ
241 739 318 766 spem
337 736 440 758 restare
458 730 623 765 accipiendae
638 730 672 757 ab
688 730 784 757 eodem
799 729 926 756 Matthato
941 736 1022 764 pecn-

242 777 306 809 niaz,
321 782 369 803 aut
380 776 617 804 commodaturum
631 776 665 803 ad
682 775 811 803 meditata
827 775 861 802 ab
879 774 944 809 ipsis
959 782 1022 809 per-

241 821 372 854 ﬁciunda,
397 822 444 856 qui
465 823 522 857 jam
537 821 598 850 sine
623 822 692 849 urbe
722 826 748 848 et
772 821 831 848 foco
846 821 891 852 sit,
917 824 1020 847 mutata

240 868 375 895 sententia
391 875 407 894 a
422 865 572 903 Palmologo
587 868 734 902 pecuniam
753 874 803 902 pro
816 874 848 894 eo
862 866 1020 902 paciscitur.

241 913 299 947 Qua
317 914 379 941 data
394 914 499 941 veritus
513 922 547 941 ne
565 914 680 941 Joannis
695 913 808 948 gratiam
823 917 976 945 assecutus,
992 920 1021 939 se

241 960 414 995 postmodum
428 964 539 994 propter
551 944 733 994 proditionem
746 958 909 990 vindicaret,
926 944 1019 986 oculos
1035 944 1058 973 Β

241 1005 266 1032 ei
279 1013 376 1033 eruere
388 1005 528 1040 cogitavit.
538 1005 686 1040 speransid
698 1006 780 1033 etiam
792 1004 889 1032 Joanni
906 1005 1023 1040 impera-

242 1050 295 1077 tori
311 1056 417 1085 gratum
433 1050 501 1082 l'ore,
517 1051 540 1077 si
555 1051 588 1078 ab
603 1050 673 1083 aliis,
689 1058 742 1077 non
754 1050 788 1077 ab
799 1051 858 1084 ipso
869 1050 1022 1077 luminibus

241 1095 398 1127 orbaretur,
416 1096 579 1130 mittensque
597 1095 719 1131 rogabat,
738 1101 768 1123 ut
783 1095 855 1130 quod
870 1095 1022 1123 deliberas-

243 1145 295 1173 set,
313 1141 425 1175 exsequi
446 1141 551 1168 liceret.
574 1141 725 1175 Imperator
740 1141 792 1168 hoc
813 1141 925 1169 verbum
943 1149 1022 1169 aver-

242 1190 328 1217 satus,
343 1185 394 1212 nisi
406 1185 514 1219 penitus
526 1186 660 1220 integrum
676 1185 874 1213 etincolumem
886 1185 1022 1219 redderet,

243 1235 418 1263 recepturum
445 1231 564 1264 negavit,
582 1234 610 1257 et
633 1230 706 1257 omni
734 1238 785 1265 ope
809 1231 974 1261 enitebatur.
992 1235 1023 1259 ut

243 1271 365 1301 Triballo
378 1275 594 1308 persuaderetne
606 1275 670 1310 quid
684 1283 746 1303 eum
759 1275 1022 1309 lmderetQuamob-

243 1328 301 1346 rem
332 1327 446 1354 corpore
469 1320 538 1348 nihil
559 1321 684 1348 mutilato
708 1321 741 1349 ad
756 1321 831 1348 illum
857 1321 956 1349 missus
970 1326 1022 1349 est.

243 1360 278 1393 Ut
301 1367 329 1393 in
347 1365 506 1393 triremibus
524 1366 711 1401 imperatoriis
734 1367 796 1399 fuit,
818 1367 944 1395 certatim
967 1367 1024 1394 Bo-

243 1412 318 1439 mani
344 1412 537 1447 imperaturem
562 1413 663 1441 hortati
690 1418 764 1446 sunt,
782 1417 812 1441 ut
836 1413 913 1440 fratri
932 1412 1024 1440 uxoris

243 1458 337 1484 oculos
360 1457 442 1485 eﬂ‘odi
467 1459 557 1490 veliet.
579 1458 660 1494 893
676 1466 731 1494 quo
755 1459 796 1487 sic
812 1459 905 1486 multis
928 1458 1025 1486 defun-

243 1507 354 1537 geretur
368 1504 513 1535 molestiis,
535 1509 564 1532 et
578 1512 612 1532 ne
631 1512 728 1532 rursus
743 1505 923 1532 certaminum
950 1503 1024 1538 peri-

243 1548 423 1583 culorumque
439 1549 501 1582 sibi,
525 1549 632 1576 caeteris
647 1549 777 1577 Romanis
796 1548 923 1576 omnibus
937 1548 1025 1576 civilis

243 1593 307 1620 belli
322 1594 495 1621 occasionem
524 1594 703 1629 relinqueret.
719 1594 775 1622 Nec
791 1599 878 1621 tamen
892 1601 954 1621 cum
967 1600 1026 1620 om-
1037 1606 1059 1637 ο

243 1647 293 1667 nes
309 1640 381 1668 idem
398 1641 533 1674 dicerent,
552 1648 646 1668 omnes
662 1641 760 1668 eadem
777 1644 868 1668 mente
885 1639 1024 1672 dicebant,

243 1686 292 1714 sed
308 1686 336 1714 lii
353 1685 464 1721 quidem
481 1684 611 1714 ardentes
629 1687 688 1722 ejus
699 1687 763 1714 odio
780 1686 843 1714 talia
863 1686 1025 1720 suadebant,

244 1739 301 1760 non
325 1732 468 1760 ferendum
485 1731 652 1768 jndicantes,
677 1732 728 1759 nisi
750 1732 834 1759 etiam
857 1738 940 1766 supra
960 1731 1028 1758 alias

244 1785 382 1806 aerumnas
399 1779 496 1805 oculos
510 1777 656 1813 perderet:
671 1781 702 1804 ut
718 1776 800 1804 simul
817 1776 931 1804 meliora
946 1784 1026 1811 pror-

244 1833 292 1853 sus
313 1825 481 1859 despcraret,
494 1828 523 1852 et
548 1823 673 1859 praesenti
691 1823 844 1850 calamitate
858 1822 943 1850 multo
958 1829 1027 1850 mm-

244 1876 309 1897 rore
340 1869 542 1902 conﬁceretur;
560 1869 605 1896 alii
636 1869 706 1896 nihil
732 1876 827 1896 eorum
858 1868 1028 1904 cogitantes,
1052 1887 1055 1889 ›

214 1911 220 1917 ’
244 1915 408 1950 simpliciter
420 1915 482 1943 aliis
497 1916 738 1947 assentiebantur;
754 1922 805 1942 nec
821 1915 891 1949 parti
905 1914 1029 1949 corporis

245 1961 363 1988 maxime
376 1960 537 1988 necessaria:
549 1965 704 1996 parcentes,
714 1964 741 1988 et
753 1960 828 1987 illum
839 1960 1028 1988 exoculatione

245 2007 418 2040 damnantes,
445 2008 518 2043 quod
541 2007 722 2041 conﬁderent,
746 2015 776 2035 se
799 2008 835 2035 ob
850 2008 902 2035 hoc
926 2008 1029 2036 amicos

245 2053 368 2081 habitum
384 2053 417 2081 iri
432 2053 594 2088 Palatologo,
608 2057 636 2081 et
651 2053 732 2088 hujus
748 2053 945 2083 benevolentia
969 2054 1028 2082 fru-

244 2103 319 2127 ctum
343 2105 522 2134 permagnum
538 2099 724 2133 eximiumque
747 2104 936 2134 percepturos.
962 2099 1030 2132 Qui-

245 2146 309 2173 dam
334 2144 385 2172 etsi
412 2144 486 2172 illius
510 2144 631 2172 miseriis
648 2144 786 2176 dolerent,
809 2149 1030 2181 angerenturque

245 2192 436 2224 vehementer;
445 2196 474 2220 et
485 2191 518 2219 ad
533 2191 619 2219 solam
630 2191 797 2218 auditionem
807 2191 888 2226 hujus
902 2191 1030 2218 immani-

247 2239 311 2265 tatis
327 2237 514 2270 tristarentur,
530 2241 559 2266 et
573 2237 764 2265 cruciarentur
778 2236 891 2272 perinde
906 2241 988 2272 atque
1000 2236 1029 2264 in

1071 323 1208 359 μουτζηνὰ
1224 325 1458 360 προσχωρήσαντα
1471 325 1598 358 ἑτοίμως.
1614 323 1730 351 Ἔπειτα
1744 324 1788 352 καὶ
1797 324 1840 359 τὴν

1071 369 1219 404 Γρατιανοῦ
1235 371 1311 397 πόλιν
1324 366 1395 397 εἷλεν
1413 369 1507 402 ἐλθὼν,
1522 369 1628 401 οὐδενὸς
1640 369 1839 404 ἀνθισταμένων

1072 419 1173 450 πάντες
1198 418 1256 453 ’γὰρ
1283 417 1404 453 ἐδέχοντο
1428 416 1586 452 προθύμωςΔ
1604 417 1636 442 ὲκ
1666 417 1839 451 συνθήματος,

1073 464 1201 498 οὐδεμιᾶς
1219 463 1325 495 ἐλπίδος
1340 463 1380 490 ἔτι
1406 462 1624 497 ὑπολειπομένης
1647 462 1680 489 ὲκ
1708 462 1841 489 Ματθαιου

1073 509 1215 545 βασιλέως·
1231 508 1260 535 ὲν
1276 506 1354 545 ᾖκαὶ
1385 507 1519 543 βασιλίδος
1545 507 1662 541 Εἰρήνης
1690 506 1748 541 ἅμα
1774 507 1843 534 δυσὶν

1071 555 1154 588 υἱέσι,
1170 557 1218 581 καὶ
1234 553 1379 583 τοσαύταις
1405 553 1558 588 ϐυγατράσι
1583 552 1677 588 κύριος
1695 552 1841 587 γενόμενος,

1071 598 1198 634 Θεοδώρα
1221 598 1275 632 γὰρ
1291 598 1308 633 ἡ
1327 597 1500 633 πρεσϐυτέρα
1514 596 1568 623 τῶν
1581 596 1722 623 Ματθαίου
1737 596 1781 622 τοῦ
1801 595 1841 630 βα-

1071 644 1167 675 σιλέως
1198 643 1366 678 θυγατέρων,
1397 642 1473 676 παρὰ
1498 643 1531 678 τῇ
1555 641 1657 677 μάμμῃ
1683 642 1796 676 Εὑγενίᾳ
1813 643 1842 677 τῇ

1072 688 1188 725 βασιλίδι
1220 689 1350 724 ἐτρέφετο
1377 689 1406 714 έν
1434 687 1584 722 Βυζαντίῳ,
1605 688 1652 715 καὶ
1679 687 1844 722 χρησάμινυς

1072 734 1282 769 φιλανθρώπως.
1300 734 1386 762 Οὐδὲν
1398 734 1454 769 γὰρ
1473 733 1614 769 ἠδίκησεν,
1639 732 1699 759 οὐδὲ
1728 732 1844 767 ἀφείλετο

1071 779 1148 807 οὐδὲν
1162 772 1216 806 τῶν
1235 780 1321 806 ὅντων
1334 778 1393 805 οὒτ’
1410 778 1530 813 ἐκείνην,
1543 777 1604 804 οὔτε
1621 777 1686 809 τοὺς
1707 777 1772 811 περὶ
1800 777 1844 803 αὺ-

1071 826 1132 860 τὴν,
1147 826 1186 857 είς
1202 825 1316 852 Τένεδον
1331 824 1469 859 ἐξέπεμψε
1495 823 1543 859 τὴν
1556 823 1649 857 νῆσον.
1663 823 1748 854 Absit;
1768 822 1794 849 δὲ
1813 823 1844 856 τῇ

1073 869 1151 898 πόλει
1171 871 1321 905 ἐπιστήσας
1336 870 1467 905 ἄρχοντα,
1485 869 1533 896 καὶ
1553 869 1636 896 τᾶλλα
1656 866 1686 895 εὖ
1714 867 1847 902 διοικησά-
1863 872 1868 878 “

1076 922 1165 948 μενος,
1183 916 1224 946 είς
1240 914 1425 949 Περιθεώριυν
1442 913 1607 946 ἐπανελθὼν,
1623 913 1770 948 πρεσϐείαν
1783 912 1845 946 πρὸς

1072 961 1186 996 Βοῖχναν
1203 960 1322 987 ἐποιεῖτο
1334 960 1411 992 αὖθις
1425 961 1596 995 ἐπανήκοντα
1612 959 1662 995 ήδη
1689 959 1722 986 ὲκ
1748 958 1845 993 Φερῶν,

1072 1007 1119 1033 καὶ
1134 1006 1226 1038 ἀδείας
1248 1006 1365 1041 τυχόντα
1377 1006 1447 1032 ὥστε
1462 1006 1580 1041 χρῆσθαι
1598 1006 1611 1031 ὅ
1630 1013 1657 1031 τι
1677 1004 1795 1038 βούλοιτο
1810 1003 1848 1038 τῷ

1073 1051 1178 1086 βασιλεῖ
1196 1051 1340 1086 Ματθαίῳ.
1367 1051 1505 1086 Χρήματά
1516 1059 1545 1077 τε
1561 1049 1743 1084 ἐπηγγέλλετο
1768 1048 1848 1075 πολλὰ

1072 1096 1212 1131 παρέξειν,
1229 1096 1254 1122 εί
1266 1096 1311 1122 τὸν
1323 1095 1453 1130 γυναικὸς
1466 1095 1580 1129 ἀδελφὸν
1596 1094 1737 1129 δεδεμένον
1763 1102 1849 1128 παρα-

1071 1142 1141 1176 δοίη.
1156 1141 1270 1176 Βοῖχνας
1297 1141 1324 1167 δὲ
1350 1141 1480 1176 πρότερον
1502 1140 1551 1176 μὲν
1576 1140 1657 1171 αὑτός
1673 1148 1703 1166 τε
1729 1139 1846 1174 ὥρμητο,

1072 1187 1167 1222 ὥσπερ
1179 1187 1272 1222 ὅρκοις
1283 1186 1480 1219 διεϐεϐαιοῦτο,
1510 1188 1556 1212 τδν
1573 1185 1686 1220 βασιλέα
1713 1184 1849 1211 Ματθαίον

1073 1233 1227 1268 ἐκπέμπειν
1242 1233 1282 1264 είς
1293 1232 1341 1268 τὴν
1358 1232 1463 1259 οἰκίαν·
1481 1232 1527 1259 καὶ
1536 1231 1667 1266 βασιλέως
1676 1229 1723 1257 τοῦ
1739 1230 1851 1257 Παλαισ-

1073 1278 1152 1312 λόγου
1169 1278 1410 1312 πρεσϐευσαμένου
1430 1277 1498 1313 πρὸς
1520 1277 1602 1303 αὑτὸν
1626 1277 1673 1303 ἐπὶ
1690 1276 1729 1310 τῷ
1759 1275 1851 1310 προδι.

1073 1323 1157 1355 δόναι,
1172 1323 1227 1350 οὐδ’
1244 1323 1341 1358 ἄκροις
1364 1322 1434 1349 ὠσὶν
1446 1322 1575 1357 ἠνέσχετο
1599 1321 1654 1348 τῶν
1678 1321 1773 1355 λόγων·
1789 1320 1850 1346 τότε

1073 1369 1102 1396 δὲ
1113 1369 1162 1404 ήδη
1178 1368 1350 1402 πεπυσμένος
1364 1368 1403 1398 ὼς
1417 1367 1510 1399 πόλεις
1526 1375 1556 1394 τε
1573 1367 1600 1393 αι
1613 1367 1659 1394 ὑπ’
1681 1367 1783 1393 ζκεῖνον
1805 1366 1852 1392 καὶ

1076 1414 1169 1445 παῖδες
1184 1414 1232 1440 καὶ
1260 1413 1329 1447 γυνὴ
1360 1413 1493 1443 ἑάλωσαν,
1524 1411 1601 1443 ὲλπίς
1618 1420 1648 1438 τε
1678 1410 1789 1444 οἰδεμία
1814 1409 1853 1436 ἔτι

1076 1458 1249 1490 ὑπελείπετο,
1278 1457 1347 1483 ὥστε
1371 1456 1438 1490 παρ’
1461 1456 1565 1483 ἐκείνου
1591 1456 1719 1490 χρήματα
1751 1454 1854 1485 λαϐεῖν,

1076 1504 1092 1539 ἢ
1109 1504 1176 1539 me;
1187 1503 1236 1538 τὴν
1247 1503 1300 1530 τῶν
1319 1502 1514 1538 μελετωμένων
1537 1501 1708 1536 ἐπιχείρησιν
1721 1501 1854 1536 χρήσιμος

1076 1551 1187 1578 ἔσεσθαι
1200 1551 1301 1582 αὐτοῖς,
1320 1549 1414 1580 ἄπολις
1427 1549 1472 1575 τὸν
1484 1548 1535 1583 ήδη
1550 1547 1598 1574 καὶ
1622 1547 1754 1580 ἀνέστιος,
1773 1555 1856 1582 μετα-

1077 1596 1166 1623 ϐαλὼν
1183 1595 1319 1630 ὲτράπετο
1336 1595 1381 1621 ἐπὶ
1400 1594 1552 1629 σημόάσεις
1581 1593 1650 1628 πρὸς
1674 1592 1858 1625 Παλαιολόγον

1077 1641 1201 1678 βασιλέα,
1221 1641 1291 1668 ὥστε
1309 1639 1476 1676 παραδοῦναι
1490 1640 1537 1666 ἐπὶ
1565 1640 1715 1674 χρήμασιν.
1738 1637 1814 1664 Ἐπεὶ
1829 1637 1859 1664 δὲ

1076 1687 1152 1718 τέλος
1166 1685 1238 1722 εἶχον
1252 1685 1413 1721 συμῦάσεις,
1449 1685 1496 1712 καὶ
1522 1684 1556 1711 τὰ
1579 1684 1709 1719 χρήματα
1738 1683 1859 1717 ἐδέχετο,

1077 1733 1251 1764 ὑποπτεύσας
1276 1732 1315 1766 μή
1332 1730 1422 1766 τυχών
1448 1738 1520 1761 τινος
1550 1728 1754 1765 φιλανθρωπίας
1781 1729 1860 1762 rupi

1079 1779 1211 1815 βασιλέως
1232 1779 1356 1805 Ἰωάννου
1367 1776 1501 1811 ἁμύναιτό
1519 1785 1583 1802 ποτε
1598 1775 1709 1810 ὕστερον
1718 1775 1861 1806 Mettium;

1077 1827 1091 1852 δ
1110 1825 1238 1861 βασιλεὺς
1249 1824 1298 1858 τῆς
1318 1822 1462 1858 προδοσίας
1489 1821 1572 1848 ἕνεκα
1598 1822 1691 1853 αὺτὶν,
1721 1821 1862 1855 ἐσκέψατο

1077 1871 1239 1905 ἀποστερεῖν
1254 1870 1308 1896 τῶν
1323 1868 1422 1903 ὄψεων,
1438 1867 1498 1902 ἅμα
1525 1868 1649 1902 οἰόμενος
1677 1867 1788 1893 ἐσεσοαι
1814 1868 1864 1893 καὶ

1080 1917 1186 1952 βασιλεῖ
1201 1916 1239 1951 τῷ
1265 1915 1377 1950 Ἰωάννῃ
1396 1914 1467 1940 κατὰ
1495 1914 1620 1948 γνώμην,
1639 1913 1664 1939 εί
1684 1912 1729 1947 ὑφ’
1746 1913 1864 1946 ἑτέρων,

1078 1963 1146 1989 ἀλλά
1163 1961 1200 1997 μὴ
1214 1960 1296 1989 αὑτοῦ
1321 1961 1335 1987 ὁ
1355 1959 1484 1995 πολέμιος
1499 1958 1696 1994 ἐκτυφλωοείη.
1715 1959 1770 1984 Καὶ
1785 1958 1864 1991 πέμ-

1078 2008 1132 2043 ψας
1149 2008 1216 2042 πρὸς
1229 2006 1352 2042 βασιλέα,
1369 2005 1446 2041 ἠξίου
1475 2005 1607 2041 πράττειν
1626 2004 1644 2031 ἀ
1664 2004 1811 2038 ἐσκέψατο.
1832 2003 1864 2030 ὐ

1078 2053 1100 2081 δ’
1110 2053 1159 2080 οὐκ
1171 2052 1300 2087 ήνέσχετο
1314 2050 1368 2077 τῶν
1382 2050 1482 2085 λόγων,
1499 2049 1557 2076 ἀλλ’
1572 2050 1597 2076 εί
1612 2049 1648 2084 μή
1671 2048 1740 2074 σῶον
1759 2049 1868 2083 παντά-

1079 2106 1162 2125 πασιν
1176 2097 1301 2132 ἀποδοίη,
1315 2096 1391 2131 ήξίου
1407 2097 1446 2130 μὴ
1461 2095 1668 2129 ἀπολαμᾱίνειν
1680 2102 1689 2110 ·
1708 2095 1756 2120 καὶ
1770 2095 1868 2120 πᾶσαν

1080 2143 1237 2176 ἐπεδείξατο
1266 2140 1384 2176 σπουδὴν
1417 2138 1489 2167 ὥστε
1528 2139 1632 2165 πείθειν
1655 2138 1701 2164 τὸν
1727 2137 1870 2172 Τριϐαλδν

1080 2187 1165 2223 μηδὲν
1192 2187 1296 2213 ἐκεῖνον
1329 2185 1446 2216 ἀδικεῖν,
1467 2183 1606 2218 ὲπέμπετό
1632 2191 1660 2209 τε
1688 2183 1754 2217 πρδς
1783 2182 1872 2208 αὑτὸν

1082 2233 1164 2268 μηδὲν
1180 2232 1211 2258 τδ
1226 2231 1305 2266 σῶμα
1320 2229 1508 2264 διαλωΰηθείς.
1532 2229 1609 2256 Ἐπεὶ
1634 2228 1666 2254 δὲ
1691 2226 1725 2264 ἦν
1749 2228 1779 2255 ὲν
1808 2229 1874 2259 ταῖς

247 2291 276 2311 se
293 2285 348 2311 haec
366 2283 428 2310 t‘aba
446 2282 606 2315 cuderetur,
623 2287 714 2310 tamen
732 2290 766 2310 ne
786 2282 813 2309 in
835 2282 1026 2317 imperatorem

1084 2277 1239 2314 βασιλικαῖς
1252 2277 1406 2312 τριήρεσιν,
1421 2275 1523 2310 ἅμιλλα
1536 2274 1621 2309 πολλὴ
1643 2274 1789 2308 Ῥωμαίων
1801 2274 1876 2308 πρὸς

247 2329 374 2356 malevoli
386 2329 557 2361 viderentur,
570 2328 593 2355 si
607 2327 745 2355 diversum
763 2328 910 2355 suaderent
923 2327 958 2354 ab
970 2327 1029 2362 ejus

247 2374 529 2406 benevolentissimis,
557 2373 591 2401 ad
618 2373 689 2402 idem
718 2378 746 2401 et
765 2373 816 2408 ipsi
840 2372 1028 2400 hortabantur.

247 2419 304 2447 llac
327 2420 355 2447 in
378 2425 455 2454 parte
470 2419 638 2453 Palaeologus
661 2419 810 2453 imperator
832 2425 888 2445 non
902 2417 1030 2445 humani-

246 2465 311 2492 tatis
318 2466 405 2493 solum
415 2470 443 2493 et
451 2465 603 2493 clementiae
613 2469 784 2500 argumenta,
797 2464 844 2492 sed
854 2469 880 2491 et
890 2463 1031 2499 magnani-

248 2511 362 2543 mitatis,
387 2519 419 2539 ac
433 2511 613 2543 fortitudinis,
632 2515 660 2538 et
673 2510 825 2545 prudentiae
841 2509 942 2537 indicia
956 2509 1032 2537 dedit

249 2558 484 2586 manifestissima.
508 2557 617 2584 Etenim
642 2565 706 2584 cum
723 2557 795 2584 bello
816 2564 849 2583 eo
865 2563 951 2590 usque
970 2563 1032 2590 pro-

248 2611 355 2632 cessum
372 2608 456 2636 esset,
475 2607 609 2638 tantaaque
625 2603 696 2630 inter
710 2610 758 2630 eos
775 2601 925 2629 inimicitia:
945 2601 1032 2628 exsti-

248 2650 357 2683 tissent,
386 2655 417 2677 ut
442 2654 534 2677 essent
558 2648 804 2684 implacbiles,et
828 2648 896 2675 alter
913 2648 1031 2674 alterum

249 2703 307 2724 non
331 2695 448 2730 imperio
472 2695 565 2728 modo,
591 2694 638 2722 sed
660 2694 682 2722 si
704 2694 848 2729 potuisset,
873 2693 955 2720 etiam
976 2693 1032 2720 vita

249 2748 365 2770 exutum
382 2741 544 2776 cupivisset,
573 2747 724 2776 omnesque
748 2747 847 2767 nervos
862 2739 896 2766 ad
919 2739 1032 2766 exitium

251 2788 404 2817 adversarii
420 2788 592 2820 contulisset,
606 2791 700 2822 postea
713 2786 855 2819 victorem,
872 2786 973 2812 victum
988 2785 1034 2812 ha-

250 2835 363 2863 bentem
381 2834 409 2862 in
435 2842 529 2867 manu,
554 2833 588 2861 ad
614 2838 771 2868 antegressa
789 2840 843 2859 non
870 2831 1032 2866 respexisse,

253 2889 304 2908 nec
319 2881 485 2915 anquisisse,
501 2879 640 2915 quomodo
657 2879 778 2914 puniret,
792 2886 806 2904 a
822 2885 877 2912 quo
894 2877 974 2904 lzrsns
992 2878 1033 2903 vi-
1050 2900 1055 2904 .

253 2925 389 2954 debatur:
405 2926 452 2954 sed
470 2926 522 2953 hoc
538 2924 666 2952 Barbaris
685 2924 861 2960 quibusdam,
880 2923 965 2950 nihilo
981 2922 1032 2950 mi-

1083 2325 1214 2360 ἀλλήλους
1239 2323 1384 2357 ἀνεφύετο,
1408 2322 1517 2348 πάντων
1534 2320 1739 2355 παραινούντων
1762 2319 1878 2353 βασιλεῖ

1083 2371 1129 2398 τὸν
1148 2369 1278 2405 γυναικὸς
1306 2368 1420 2403 ἀδελφὺν
1447 2367 1501 2393 τῶν
1518 2366 1604 2401 ὄψεων
1627 2366 1803 2400 ἀποστερεῖν,
1837 2365 1880 2396 ἀς

1083 2417 1155 2443 οὓτω
1183 2414 1288 2442 πολλῶν
1308 2413 1480 2448 πραγμάτων
1502 2412 1727 2446 ἀπαλλαξομένῳ,
1754 2411 1805 2437 καὶ
1839 2411 1882 2446 μὴ

1085 2462 1164 2494 αὖθις
1179 2460 1268 2494 ἑαυτῷ
1287 2460 1340 2495 μὴν
1355 2459 1469 2493 ἀγώνων
1489 2459 1536 2485 καὶ
1555 2457 1697 2490 κινδύνων,
1717 2459 1774 2488 τοῖς
1787 2457 1814 2484 δ’
1830 2458 1883 2485 ἆλ-

1085 2509 1142 2540 λοις
1155 2509 1222 2534 πᾶσι
1248 2506 1394 2540 Ῥωμαίοις
1420 2505 1558 2540 πρόφασιν
1595 2502 1715 2538 πολέμου
1735 2503 1885 2538 ὶμφυλίου

1086 2553 1274 2584 καταλείπειν.
1293 2550 1373 2586 Εἶχον
1388 2551 1416 2578 δὲ
1431 2551 1461 2577 οὐ
1483 2551 1584 2581 πάντες
1603 2550 1651 2584 τὴν
1669 2549 1730 2583 ἴσην
1754 2549 1885 2584 γνώμην

1085 2601 1114 2628 ὲν
1130 2601 1185 2631 τοῖς
1200 2598 1361 2633 λεγομένοις
1373 2605 1380 2613 ’
1398 2597 1456 2623 ἀλλ’
1471 2597 1495 2623 oi
1513 2596 1563 2630 μὲν
1576 2595 1628 2622 ὑπὸ
1642 2597 1691 2629 τῆς
1700 2596 1791 2630 ἄκρας
1811 2597 1891 2622 ἀπε-

1086 2646 1179 2682 χθείας
1194 2646 1233 2676 είς
1244 2645 1348 2670 ἐκεῖνον
1361 2643 1473 2670 τοιαῦτα
1495 2641 1698 2672 συνεῦούλευον,
1721 2641 1890 2676 ήγούμεκοι

1086 2691 1136 2718 οὐκ
1146 2689 1271 2722 ἀνεκτὸν,
1291 2687 1362 2723 εἰμὴ
1377 2687 1444 2722 πρὸς
1457 2687 1517 2718 ταῖς
1543 2685 1637 2716 ἄλλαις
1667 2685 1892 2720 κακοπραγίαις

1087 2735 1177 2764 καὶτὸ
1197 2734 1306 2770 βλέπειν
1319 2734 1473 2769 ἀφαιροῖτο,
1490 2732 1527 2763 ὼς
1545 2731 1603 2766 ἅμα
1614 2739 1643 2757 τε
1659 2731 1755 2757 hicn-£5:
1768 2731 1894 2768 εὐπρα-

1087 2781 1151 2816 γίας
1170 2779 1306 2815 μηδεμίαν
1324 2780 1392 2814 ἔχοι,
1409 2779 1455 2806 καὶ
1474 2778 1575 2812 πολλὴν
1593 2777 1643 2813 τὴν
1664 2779 1696 2804 ἐκ
1721 2777 1777 2804 τῶν
1800 2786 1896 2813 περι-

1088 2827 1207 2862 σχόντων
1216 2826 1356 2861 δυσχερῶν
1368 2825 1447 2853 ἀνίαν
1463 2825 1593 2859 ὑπομένοι
1605 2833 1612 2840 ·
1625 2825 1650 2851 οἱ
1662 2825 1688 2851 δ’
1699 2824 1778 2850 οὐδὲν
1793 2826 1895 2851 τοιοῦ-

1088 2883 1134 2901 ¹ιον
1151 2873 1282 2900 ὲνενὸουψ
1295 2872 1353 2898 ἀλλ’
1373 2871 1467 2902 ἁπλῶς
1492 2871 1563 2898 οὓτω
1580 2872 1637 2902 τοῖς
1658 2871 1748 2902 ἄλλοις
1769 2879 1895 2905 συμφει

1091 2921 1210 2957 ρόμενοι,
1226 2918 1352 2955 ήφείδσυν
1368 2919 1414 2946 καὶ
1429 2918 1484 2946 τῶν
1499 2918 1734 2952 ἀναγκαιοτάτων,
1763 2919 1820 2944 καὶ
1842 2918 1898 2944 τύ-
