1941 3088
91 177 139 210 335

666 179 936 210 msrontmuu
958 179 1074 210 uasa
1095 158 1158 211 ιν(

1652 183 1705 213 346

91 235 227 271 ἑκατέροις
241 235 272 261 ὲκ
285 234 339 260 τῶν
352 234 493 269 λογισμῶν
507 234 687 270 ἐγγινομένης
700 243 708 250 ·
730 235 826 262 ἔπειτα
839 235 867 262 δὲ

922 234 1064 266 duntaxat,
1079 236 1126 262 sed
1144 240 1170 263 et
1185 235 1206 263 si
1229 235 1294 270 quid
1314 241 1396 264 restat
1413 237 1613 272 lristitia:(nou
1629 240 1703 266 enim

92 281 134 308 καὶ
161 281 203 308 σοὶ
228 279 304 307 οὐδὲν
328 276 419 316 ἧττον,
445 281 484 308 ὅτι
515 281 661 316 δυνάμενος
679 281 776 308 λυπεῖν
788 283 817 307 ὲν
832 281 871 315 τῷ

91 328 188 354 ικιϊνον
204 326 394 362 τιμωρεῖσθαι.
411 327 461 354 οὑκ
476 327 613 362 ἠθέλησας
623 336 630 344 ·
647 328 677 354 οὐ
699 328 752 362 μὴν
768 327 826 354 ἀλλ’
846 328 872 355 ετ

90 381 113 400 τι
125 373 171 400 καὶ
183 373 234 408 τῆς
247 372 325 404 ἀνίας
338 372 515 399 ὑπολέλειπτο
535 372 576 407 (οὗ
590 373 644 408 γὰρ
662 371 708 399 οὖν
718 373 872 408 ἀρνήσομαι

91 418 135 450 ὡς,
156 418 264 445 ἐκείνου
280 418 434 452 δεδεμένου,
456 419 487 445 οὐ
507 418 578 445 δοκῶ
599 418 702 446 ἐλάττω
726 418 871 453 ὑπομένειν

91 464 131 492 διὰ
150 465 201 500 τὴν
217 464 393 500 συμπάθειαν
415 465 465 500 τὴν
487 464 556 500 πρὸς
578 465 704 497 ἐκεῖνον),
729 465 871 500 ἀνῄρηκας

90 509 245 536 παντάπασι
270 510 340 542 νυνὶ,
359 509 594 544 ἐπαγγειλάμενος
616 509 727 544 ἀνήσειν
750 510 804 536 τῶν
829 509 872 536 δε-

90 555 163 589 σμῶν
181 555 251 590 μετὰ
271 555 370 590 μικρόν
384 562 391 570 '
417 555 431 582 ὃ
456 556 546 587 καλῶς
559 556 683 591 ποιήσεις
710 555 810 590 ἀληθὲς
825 555 872 582 ἐπὶ

89 601 140 627 τῶν
155 600 246 634 ἔργων
256 600 399 632 ἀποδείξας
411 606 420 615 ’
433 601 463 627 οὒ
479 600 533 635 γὰρ
550 601 618 636 πρὸς
639 600 760 633 εὐδοξίαν
778 601 869 635 μόνον,

89 646 154 673 ἀλλὰ
174 646 222 672 καὶ
238 645 307 681 προς
327 646 478 679 ἀσφάλειαν
498 647 596 681 ἄριστα
618 647 710 681 σαυτῷ
725 647 868 683 βουλεύσῃ.

91 690 138 716 ’Λν
154 690 204 724 μὲν
219 690 272 724 γὰρ
296 690 340 716 διὰ
359 689 418 724 βίου
444 690 569 725 κατέχειν
587 691 616 717 ὲν
638 690 747 725 δεσμοῖς
761 690 806 716 τον
821 698 870 723 γυ-

88 733 178 764 ναικὸς
193 732 308 767 ἀδελφὸν
323 733 464 769 διανοήσῃ,
478 733 576 768 ἄδηλον
596 733 645 768 μὲν
664 735 688 760 εί
710 734 747 768 μὴ
761 734 871 768 διαδρᾶ-

89 788 130 806 ναι
145 778 271 811 δυνηθεὶς
294 778 373 810 αὖθις
397 779 566 814 πολεμήσει·
591 779 751 814 ἀδηλότερον
775 779 803 806 δὲ
822 780 870 814 οὐχ

89 825 198 860 ἣκιστα,
213 826 237 851 ει
251 825 287 859 μὴ
306 826 352 852 καὶ
363 827 468 860 νικήσει
481 825 691 860 πεπολεμηκώς.
708 826 803 852 Πολλοὶ
817 825 870 859 γὰρ

89 869 218 900 πολλάκις
230 870 261 895 ὲκ
280 869 403 905 μεγάλης
417 871 503 906 ἥττης
522 872 570 898 καὶ
593 871 785 905 κακοπραγίας
807 872 870 898 ἀνα-

89 915 239 949 σφήλαντες
255 916 444 950 περιεγένοντο
458 916 511 942 τῶν
526 917 674 951 πολεμίων,
690 918 722 944 ὲκ
734 917 787 944 τῶν
804 926 871 952 προ-

88 959 173 993 τέρων
197 959 380 993 ἀτυχημάτων
401 960 597 995 ἐμπειρότερον
623 961 790 996 χρησάμενοι
813 962 870 993 τοῖς

89 1004 260 1039 πράγμασιν.
281 1005 312 1031 El
333 1005 355 1032 δ’
371 1005 424 1040 ἄρα
442 1013 483 1032 σοι
499 1006 546 1032 καὶ
568 1005 646 1032 τοῦτο
671 1007 823 1041 περιέσται,
839 1007 870 1033 τὸ

88 1050 171 1085 πολλῇ
189 1050 302 1086 προνοίᾳ
318 1051 482 1086 χρησαμένῳ
497 1052 560 1086 περὶ
586 1052 635 1086 τὴν
659 1052 764 1079 ἐκείνου
786 1052 871 1086 φυλα-

87 1097 149 1130 κὴν.
170 1096 298 1131 κατέχειν
325 1097 354 1122 ὲν
382 1096 514 1131 ἀφύκτοις
536 1097 579 1124 διὰ
605 1097 674 1132 βίου,
692 1098 800 1132 πρῶτον
820 1089 870 1132 μὲν

88 1142 199 1173 πολλαῖς
213 1143 256 1168 ἀεὶ
282 1142 389 1169 συνέσει
417 1143 464 1169 καὶ
490 1143 628 1176 ποικίλαις
656 1146 715 1175 ταῖς
733 1144 869 1179 φροντίσι,

92 1190 134 1216 Ital.
149 1188 269 1224 νύκτωρ,
284 1190 331 1216 καὶ
348 1189 407 1224 μεθ’
425 1190 534 1226 ἡμέραν
550 1191 761 1225 λυμαινομένοις
774 1192 816 1217 ἀεὶ
830 1191 870 1226 τῷ

89 1237 147 1271 βίῳ.
164 1236 213 1263 καὶ
224 1236 354 1270 οὐδεμίαν
372 1236 576 1272 συγχωροὺῖαις
593 1236 724 1270 εὐθυμίας
743 1237 870 1272 αῖσθησιν

87 1281 247 1316 λαμϐάνειν.
264 1282 301 1309 Οὐ
319 1283 372 1317 γὰρ
392 1282 456 1313 τοὺς
483 1283 513 1308 ἑν
535 1282 605 1309 τέλει
624 1283 769 1317 Ῥωμαίων
802 1285 870 1310 ὑπο-

90 1329 197 1355 πτεύειν
217 1329 324 1363 ἀνάγκη
337 1329 417 1363 μόνον
432 1329 590 1361 ἐπιϐούλους
607 1327 688 1361 εἶναι,
699 1331 731 1358 ἄν
746 1339 772 1357 τι
785 1330 869 1365 τύχῃς

97 1373 154 1408 τρὺξ
178 1374 278 1405 αὐτοὺς
304 1374 544 1409 προσκεκρουκὼς,
571 1375 639 1402 ἀλλά
664 1377 712 1402 καὶ
737 1377 800 1408 τοὺς
820 1378 870 1411 τὴν

86 1419 190 1447 calvae
205 1419 330 1454 φυλακὴν
343 1420 583 1455 πεπιστευμένους,
600 1421 721 1453 καὶτοὺς
737 1422 869 1450 οίκειοϊά-

85 1474 148 1497 τους
160 1465 267 1498 αὐτοὺς,
283 1465 308 1491 εί
326 1462 382 1492 οἷόν
396 1474 425 1492 τε
442 1466 538 1494 είπεῖν.
555 1467 625 1501 Πρὸς
640 1468 693 1503 γὰρ
708 1467 747 1505 τῷ
763 1468 870 1504 ρᾳδίους

86 1509 154 1537 εἶναι
171 1510 233 1541 τοὺς
246 1509 409 1544 ἀνθρώπους
428 1511 492 1544 προς
515 1511 678 1545 μεταϐολὰς.
698 1514 745 1539 καὶ
764 1514 869 1549 χαίρειν

86 1555 128 1582 ἀεὶ
143 1556 200 1586 τοῖς
221 1557 426 1590 νεωτερισμοῖς,
446 1555 479 1582 ἂν
500 1557 547 1583 καὶ
563 1558 725 1592 προφάσεώς
740 1566 812 1590 τινος
826 1556 877 1586 εὐ-’

90 1602 203 1634 πορῶσι,
217 1602 250 1629 δι’
264 1599 299 1637 ἧς
319 1601 352 1629 ἂν
373 1602 527 1637 ἀμύνασθαι
541 1604 627 1639 ῥᾷστα
642 1604 705 1635 τοὺς
718 1604 869 1640 λελυπηκό-

86 1656 136 1680 τας
154 1648 322 1684 δυνήσεσθαι
344 1649 494 1684 οίήσονται,
519 1649 620 1684 μᾶλλον
643 1651 695 1686 χρὴ
715 1651 869 1687 προσδοκᾷν

85 1694 284 1729 εὐμεταϐόλους
305 1693 414 1720 ἔσεσθαι
436 1694 482 1720 καὶ
505 1694 612 1729 ρᾳδίους
635 1694 701 1730 πρὸς
723 1696 869 1728 ἐπιϐουλὰς

84 1739 198 1775 ιχοντας
222 1739 307 1774 ἐγγὺς
326 1739 372 1766 τὸν
394 1739 410 1769 ἢ
435 1739 488 1766 τῶν
512 1740 654 1775 παρόντων
679 1741 868 1775 ἀπαλλάξοντα

84 1786 189 1819 κακῶν,
203 1785 219 1820 ἢ
242 1785 348 1812 πολλῶν
363 1785 536 1820 ὲμπλήσοντα
555 1786 660 1822 δώρων,
679 1788 725 1814 καὶ
741 1789 865 1823 μεγάλων

84 1831 236 1863 ἀξιώσοντα
259 1831 313 1856 τῶν
341 1831 516 1864 εὐεργεσιῶν.
534 1830 650 1858 Ἔπειτα
668 1832 696 1859 δὲ
713 1834 739 1860 εῐ
763 1841 803 1859 σοι
820 1834 868 1860 καὶ

85 1877 159 1904 κατὰ
172 1877 222 1912 τὴν
237 1876 347 1912 ήῗιικίαν
361 1876 440 1910 τήνδε
458 1876 499 1911 (οὐ
509 1877 562 1912 γὰρ
577 1877 719 1910 ἀδύνατον,
733 1879 869 1915 ἀνθρώπῳ

85 1931 117 1958 γε
133 1923 202 1956 δντι)
220 1924 263 1956 ἐφ’
273 1922 346 1948 οὕτω
359 1922 465 1957 νηπίοις
483 1923 602 1957 συμὸαίη
615 1926 671 1955 τοίς
689 1925 793 1957 τέκνοις
804 1926 871 1953 ἀπο·

89 1969 226 2003 ⁵ξνιξσγειν,
239 1967 317 1998 ἐλπὶς
334 1968 447 1999 ἐκείνοις
461 1968 574 2002 οὐδεμία
588 1969 740 2004 εὐπραγίας
757 1970 868 1998 ἀπολεί-

89 2023 177 2042 πεται.
199 2015 236 2041 Τὸ
250 2014 300 2049 μὲν
326 2013 380 2048 γὰρ
395 2015 445 2048 τὴν
460 2015 547 2050 ἀρχὴν
565 2015 664 2047 αὐτοὺς
683 2015 783 2042 ἰθύνειν
800 2016 868 2051 μετὰ

87 2059 134 2094 τῆς
157 2057 262 2094 μητρὸς
277 2058 320 2091 ἐφ’
339 2057 410 2083 οὕτω
435 2058 564 2092 χαλεποῖς
580 2060 695 2093 καιροῖς,
711 2060 757 2085 καὶ
771 2060 869 2087 δυσκό-

85 2103 152 2136 λοις,
173 2104 220 2131 καὶ
238 2103 398 2130 παντάπασι
412 2102 619 2139 διεφθαρμένοις
635 2105 795 2139 πράγμασιν
807 2106 871 2132 ἁδύ-

87 2160 176 2178 νατον.
185 2151 316 2179 ,λείπεται
332 2150 360 2177 δὲ
371 2150 386 2186 ἢ
399 2150 446 2176 τὸν
456 2150 659 2186 φρουρούμενον
670 2152 773 2177 ὲκείνον
785 2161 870 2187 προσ-

90 2196 289 2230 ςαλεσαμένους
313 2195 417 2226 πάντας
436 2195 467 2221 ἐκ
489 2196 660 2230 συνθήματος
674 2196 810 2230 αίρείσοαι
826 2196 871 2230 βα-

921 281 1038 316 negabo,
1049 289 1082 309 eo
1098 282 1201 314 vincto,
1215 282 1301 310 videri
1316 283 1381 309 mihi
1395 288 1506 318 proplcr
1519 289 1622 311 natura:
1635 293 1703 311 cou-

921 335 1030 355 sensum
1052 327 1146 355 eadem
1166 328 1284 362 perpeti,
1300 336 1361 362 qua:
1377 328 1422 355 ille
1439 329 1615 363 perpetitur),
1630 333 1657 355 tu
1676 337 1702 356 ιη

922 373 1065 406 praesentia
1077 371 1198 399 funditus
1208 373 1466 407 sustulisti.quando
1478 374 1571 407 paucis
1581 373 1678 400 diebus
1688 381 1703 400 ο

921 417 1039 444 vinculis
1060 417 1237 444 dimissurum
1263 418 1408 452 recepisti;
1441 419 1514 453 quod
1542 417 1566 446 si
1593 427 1621 445 re
1646 419 1704 453 ipsa

921 462 1091 497 praestiteris,
1110 468 1184 491 recte
1204 463 1312 491 feceris.
1327 463 1436 491 Etenim
1459 472 1513 491 non
1533 464 1566 491 ad
1583 464 1703 491 celebri-

922 512 1004 535 tatem
1023 503 1141 536 nominis
1161 514 1278 541 tantum,
1296 510 1343 537 sed
1367 510 1449 537 etiam
1470 510 1503 537 ad
1525 512 1703 538 securitatem

923 555 968 582 tibi
986 555 1087 589 optime
1103 556 1238 583 consules.
1255 556 1321 583 Nam
1338 557 1359 583 si
1372 557 1460 592 quoad
1475 558 1593 592 spirabit
1610 559 1704 585 uxoris

922 605 975 628 true
995 600 1106 628 fratrem
1132 602 1257 628 custodia
1278 602 1458 629 detinendum
1483 605 1625 634 statueris.
1648 605 1704 634 roc-

921 647 1004 677 sit:m,
1026 647 1048 674 si
1078 646 1199 682 eﬂ‘ngere
1224 648 1344 679 licuerit,
1367 648 1467 675 lzcllum
1495 649 1704 685 rcdintegrabit.

920 691 989 719 illud
1013 697 1104 719 autem
1123 693 1201 728 longe
1217 693 1442 727 incertissimum,
1467 703 1501 722 an
1526 704 1579 722 non
1603 697 1699 728 etiam,

922 738 969 765 ubi
994 738 1155 773 pugnaverit
1178 739 1268 766 victor
1289 747 1422 767 evasurus
1447 741 1491 767 sit.
1528 741 1603 769 Multi
1631 743 1704 769 enim

921 791 1110 819 saepenumero
1128 792 1209 818 parva
1233 792 1295 812 cum
1312 785 1420 818 jactura
1440 794 1488 813 sua
1509 787 1585 817 victi,
1610 795 1706 815 rursus

921 830 1018 862 erecti,
1047 835 1073 857 et
1106 831 1243 865 praeterita
1278 831 1432 859 calamitate
1460 833 1599 860 cautiores
1629 834 1704 864 l‘acti,

921 876 1040 903 victores
1053 883 1117 902 suos
1131 875 1299 903 devicerunt.
1313 875 1390 909 Quod
1407 877 1427 904 si
1446 877 1524 905 facile
1541 879 1630 912 possis
1640 878 1705 905 dili-

922 921 996 956 genti
1020 921 1195 954 providentia
1218 929 1267 955 per
1282 929 1391 948 omnem
1417 922 1501 949 vitain
1524 923 1706 950 adamantinis

922 974 984 994 cum
1007 966 1125 993 vinculis
1152 967 1304 998 custodire,
1328 967 1446 1001 primitur
1467 968 1577 1002 quidem
1598 976 1706 1003 semper

923 1011 1046 1038 molestis
1074 1011 1285 1046 cogitationibus
1307 1012 1484 1044 exercebere,
1510 1020 1571 1046 quae
1586 1012 1631 1038 diu
1657 1020 1706 1038 no-

922 1062 1023 1092 ctuque
1040 1057 1122 1084 vitam
1145 1062 1217 1083 tuam
1236 1061 1406 1091 carpant,et
1426 1064 1534 1084 omnem
1558 1057 1706 1084 hilaritatis

922 1110 1034 1129 sensum
1049 1102 1204 1129 excludant.
1223 1102 1299 1129 ilaud
1317 1102 1391 1129 enim
1414 1102 1500 1128 solum
1519 1102 1704 1129 Romanorum

922 1154 1068 1181 procerum
1084 1146 1199 1174 insidias
1219 1151 1342 1174 metuere
1363 1146 1510 1181 oportebit,
1529 1146 1551 1173 si
1576 1147 1641 1180 quid
1656 1154 1706 1173 eos

923 1192 1090 1224 offenderis,
1122 1193 1168 1219 sed
1194 1197 1222 1219 et
1245 1200 1293 1219 eos
1317 1192 1416 1226 quibus
1451 1192 1604 1219 custodiam
1630 1192 1706 1219 illius

922 1237 1104 1270 commiseris,
1131 1241 1159 1264 ct
1184 1237 1266 1272 ipsos,
1293 1238 1314 1264 si
1338 1237 1391 1264 dici
1413 1236 1455 1264 fas
1474 1241 1525 1268 est,
1548 1237 1705 1264 hurniliaris-

922 1284 1017 1311 simos.
1032 1283 1216 1317 Praeterquam
1232 1285 1305 1310 enim
1326 1283 1400 1318 quod
1422 1283 1547 1310 [nomines
1563 1283 1596 1309 ad
1615 1288 1706 1310 muta-

922 1329 1054 1357 bilitatem
1077 1329 1155 1364 proni
1182 1333 1256 1359 sunt.
1271 1333 1299 1356 et
1314 1329 1396 1356 rebus
1412 1329 1491 1356 novis
1508 1329 1664 1363 capiuntur,
1680 1329 1704 1356 si

921 1380 949 1403 et
970 1374 1142 1402 occasionem
1167 1375 1328 1409 repererint.
1345 1382 1398 1409 qua
1414 1375 1482 1401 male
1497 1374 1531 1401 de
1552 1382 1580 1401 se
1599 1374 1705 1401 meritis

921 1421 1049 1448 facillime
1075 1428 1124 1454 par
1151 1421 1319 1454 reposituros
1349 1424 1471 1454 sperent,
1499 1420 1586 1454 magis
1608 1427 1704 1447 eorutn

922 1466 1104 1495 inconstantia
1122 1471 1150 1493 et
1166 1466 1245 1493 dolus
1268 1465 1468 1500 exspectandus
1493 1470 1545 1498 est.
1571 1466 1595 1492 si
1619 1472 1706 1500 prope

922 1513 1040 1540 habeant
1066 1511 1181 1543 scilicet,
1202 1511 1248 1546 qui
1273 1516 1321 1538 aut
1348 1511 1424 1538 malis
1452 1520 1500 1538 eos
1524 1511 1706 1546 prmsentibus

923 1559 1031 1594 eripiat,
1061 1562 1108 1585 aut
1147 1557 1226 1584 donis
1252 1565 1299 1584 cos
1334 1564 1366 1583 ac
1400 1557 1540 1584 bencliciis
1571 1557 1704 1584 cumulet.

925 1605 1059 1632 Praeterea
1083 1604 1105 1630 si
1132 1607 1158 1629 te
1182 1602 1263 1629 hodie
1292 1602 1385 1629 liberis
1410 1602 1464 1629 tuis
1490 1602 1580 1629 adhuc
1610 1602 1702 1636 parvis

925 1657 1000 1677 mors
1022 1657 1037 1676 e
1059 1648 1150 1675 medio
1165 1648 1242 1674 tollat
1262 1647 1363 1680 (homo
1383 1648 1456 1674 cuitu
1478 1652 1557 1674 natus
1577 1655 1639 1673 cum
1653 1647 1704 1679 sis,

924 1695 1074 1722 humanum
1092 1693 1160 1720 nihil
1177 1701 1192 1720 ιι
1210 1697 1235 1720 te
1251 1693 1369 1720 alienqu
1389 1693 1490 1720 ducere
1509 1693 1622 1726 debes),
1637 1701 1706 1720 cou-

924 1741 1040 1768 clamala
1052 1745 1092 1766 est
1109 1747 1206 1767 eorum
1222 1739 1350 1766 felicitas.
1367 1737 1434 1765 Nam
1453 1739 1526 1772 ipsos
1539 1746 1600 1765 cum
1618 1743 1705 1765 matre

924 1787 1078 1822 gubernare
1101 1786 1257 1818 imperium,
1284 1783 1454 1818 temporibus
1475 1784 1543 1810 adeo
1565 1783 1640 1810 duris
1673 1790 1706 1810 ac

924 1832 1089 1863 diliicil‘tbus,
1103 1831 1186 1858 rebus
1201 1829 1312 1857 omnino
1334 1829 1449 1861 eversis,
1470 1829 1639 1863 impossibile
1652 1833 1704 1856 est.

926 1875 1102 1910 Relinquitur
1113 1883 1188 1909 ergo.
1203 1879 1232 1901 ut
1247 1879 1294 1901 aut
1312 1875 1388 1901 illum
1407 1873 1452 1908 qui
1464 1874 1520 1908 jam
1538 1873 1703 1904 custoditur,

924 1921 1072 1951 advocetis.
1091 1928 1208 1954 eurnque
1223 1920 1345 1947 onmium
1365 1927 1498 1946 consensu
1512 1921 1704 1953 imperatorem

922 1968 1040 2003 eligatis,
1065 1972 1113 1994 aut
1135 1967 1218 1993 alium
1244 1967 1411 2000 qnmupiam,
1435 1967 1480 2000 qni
1508 1966 1587 2000 longe
1614 1966 1706 1999 plures

924 2015 965 2042 sui
986 2013 1125 2040 studiosos
1148 2012 1286 2043 habuerit,
1313 2011 1494 2045 solertiorque
1516 2017 1543 2038 et
1566 2011 1598 2037 ad
1623 2012 1707 2045 impe-

924 2061 1040 2087 randum
1062 2059 1151 2094 aptior
1170 2059 1306 2085 videatur.
1330 2058 1356 2084 Si
1385 2058 1477 2090 itaque
1505 2058 1550 2084 ille
1577 2057 1704 2091 eligatur,

925 2109 1031 2132 certqu
1055 2110 1096 2130 est
1125 2103 1203 2134 mihi,
1229 2103 1408 2130 nihilominus
1444 2102 1660 2132 elaboraturum,
1677 2105 1707 2128 ιιι

925 2152 1001 2179 illum
1025 2151 1104 2178 liberi
1123 2151 1161 2177 tui
1189 2150 1400 2176 Iuausnetiorem
1421 2148 1607 2182 experiantur,
1624 2155 1704 2181 quam

925 2198 970 2225 ille
992 2202 1017 2224 te
1031 2197 1198 2231 experietur,
1218 2196 1239 2222 si
1255 2196 1377 2223 clausum
1394 2197 1421 2221 in
1444 2201 1554 2221 carcere
1570 2200 1655 2225 nsntue
1672 2191 1704 2218 ad

90 2242 172 2272 τιὶὲα,
200 2240 290 2274 ἢτῶν
316 2239 406 2266 ἄλλων
428 2238 486 2270 ἕνα,
516 2239 544 2269 ὃς
564 2239 597 2265 ἂν
624 2240 741 2273 μάλιστα
762 2240 871 2272 πλείους

926 2247 1040 2269 mortem
1057 2241 1214 2271 retinueris,
1232 2245 1261 2266 ut
1281 2240 1392 2275 gravius
1407 2239 1475 2266 nihil
1493 2238 1587 2264 addas.
1606 2237 1653 2264 Sin
1671 2236 1704 2262 ad

86 2288 164 2322 quin
178 2287 242 2317 τοὺς
260 2285 444 2316 σπουδαστὰς,
467 2286 515 2311 καὶ
536 2285 687 2320 δεινότερος
701 2285 805 2320 δοκοίη,
826 2286 875 2312 καὶ

84 2334 189 2368 μᾶλλον
203 2333 299 2367 ἄρχειν
312 2331 475 2365 ἐπιτήδειος.
492 2331 540 2357 Ἂν
556 2332 605 2365 μὲν
617 2330 664 2358 οὖν
679 2331 783 2358 ἐκεῖνος
798 2332 875 2367 αἱρε-

83 2379 158 2413 θείη.
179 2378 251 2404 δοκῶ
267 2386 311 2412 μοι
330 2377 412 2412 μηδὲν
442 2375 535 2412 ἦττον,
551 2376 598 2402 καὶ
620 2376 700 2407 αὐτὸς
716 2376 872 2410 φιλονεικὴ-

83 2433 145 2451 σειν
167 2423 343 2458 ἡμερώτερος
366 2422 509 2455 φανεῖσθαι
523 2422 579 2452 τοῖς
599 2422 678 2447 παισὶ
702 2422 756 2452 τοῖς
775 2422 839 2452 σοῖς,
856 2421 884 2456 ἢν

81 2469 167 2499 αὐτὸς
183 2468 281 2501 ἐκείνῳ
295 2467 399 2501 ὤφθης.
416 2466 502 2493 Τοῦτο
519 2466 545 2492 δὲ
560 2466 636 2492 οὐδὲν
653 2466 748 2501 ἕτερον
766 2467 840 2492 ἐστιν
856 2466 872 2501 ἢ

81 2515 114 2540 ὲν
143 2513 324 2547 δεσμωτηρίῳ
342 2513 560 2539 κατακλείσαντα
578 2513 705 2548 κατέχειν
729 2513 773 2539 δια
802 2512 872 2547 βίου,

80 2559 132 2586 καὶ
153 2559 238 2594 μηδέν
265 2567 291 2585 τι.
317 2558 468 2593 δεινότερον
490 2558 583 2593 ἕτερον
609 2559 780 2593 προσθεῖναι.
802 2558 833 2584 Et
850 2559 872 2585 δ’

79 2606 128 2640 lp‘
147 2604 243 2639 ἕτερόν
256 2613 328 2636 τινα,
343 2604 411 2638 ὅπερ
424 2603 542 2638 μάλιστα
554 2603 721 2639 ἀπεύχομαι,
736 2604 874 2639 μεταόαἶη

80 2652 100 2687 ἡ
117 2652 205 2686 ἁρχὴ,
217 2650 290 2677 ὀκνῶ
307 2651 356 2685 μὲν
368 2651 456 2676 εἰπεῖν
470 2650 516 2677 καὶ
539 2651 620 2685 μέχρι
639 2651 719 2684 λόγου
743 2650 874 2686 δακνόμε-

80 2706 131 2728 νος
145 2699 179 2732 τῇ
195 2697 344 2732 προσδοκία
355 2696 409 2722 τῶν
423 2696 518 2722 δεινῶν
529 2703 536 2711 ·
552 2696 629 2727 ἐλπὶς
642 2696 669 2722 δὲ
684 2696 797 2731 οὐδεμία
809 2696 875 2722 ἀπο-

79 2742 212 2768 λείπεται
230 2741 267 2776 μὴ
282 2742 310 2768 οὐ
329 2741 432 2772 πάντας
452 2741 536 2776 ἄρδην
553 2740 713 2767 ἀπολέσθαι.
731 2740 874 2776 Εἰδ’ὃπερ

81 2789 169 2820 αὐτὸς
187 2789 278 2814 ἑκοντὶ
298 2787 423 2822 προείλου
439 2787 487 2814 νῦν
505 2788 552 2814 καὶ
575 2787 616 2819 είς
636 2787 716 2820 ἔργον
737 2787 875 2822 ἐθελήσεις

81 2835 213 2867 ἀγαγεῖν,
230 2833 328 2868 ἄριστα
341 2833 390 2868 ἔσῃ
408 2833 499 2868 σαυτῷ
512 2841 542 2859 τε
559 2833 676 2866 κάκείνῳ
692 2832 874 2867 βεϐουλευμέ-

80 2887 141 2910 νος.
165 2879 283 2910 Ἐκεῖνός
296 2887 324 2905 τε
337 2880 390 2915 γὰρ
403 2879 457 2905 τῶν
472 2878 580 2914 δεσμῶν
594 2877 753 2911 ἀπολυθεὶς,
771 2878 814 2904 ἀεί
831 2886 873 2904 σοι

923 2287 1006 2313 alium
1034 2287 1179 2321 quemdam
1204 2285 1292 2320 (quod
1317 2285 1386 2311 Deus
1409 2283 1533 2316 avertat)
1561 2282 1705 2317 imperium

925 2333 1114 2364 transferatur,
1132 2339 1185 2358 non
1206 2330 1294 2357 audeo
1311 2330 1415 2362 dicere,
1429 2329 1495 2364 quid
1518 2329 1640 2355 futurum
1658 2327 1705 2358 sit,

923 2383 950 2405 et
966 2379 1022 2412 ipsa
1043 2378 1175 2404 malorum
1189 2376 1357 2409 exspectatio
1369 2375 1451 2402 etiam
1468 2381 1561 2400 vocem
1579 2372 1644 2400 mihi
1662 2373 1706 2399 in-

923 2423 1083 2450 tercludit:
1114 2429 1166 2448 nec
1200 2420 1348 2455 quidquam
1378 2420 1436 2454 spei
1467 2422 1603 2453 superest,
1640 2417 1706 2452 quin

923 2476 1018 2495 omnes
1042 2467 1207 2494 omnimodis
1230 2473 1384 2500 percautus.
1421 2465 1456 2492 At
1480 2465 1513 2496 si,
1537 2463 1609 2498 quod
1633 2469 1707 2490 nunc

924 2515 995 2541 ultro
1009 2514 1090 2549 gapud
1111 2513 1232 2540 animum
1255 2512 1432 2548 proposuisti,
1456 2512 1536 2539 etiam
1551 2519 1632 2545 opere
1646 2511 1706 2544 ipso

921 2561 1034 2596 explere
1049 2560 1176 2591 volucris,
1202 2559 1236 2587 de
1253 2564 1278 2586 te
1295 2559 1353 2593 ipso
1379 2563 1461 2593 atque
1474 2559 1507 2585 de
1522 2558 1567 2584 illo
1579 2556 1706 2591 praaclarc

924 2607 1085 2634 mercberis.
1111 2606 1191 2640 891
1212 2605 1279 2632 Nam
1303 2609 1331 2631 et
1354 2604 1398 2631 ille
1424 2603 1566 2630 absolutus
1590 2602 1707 2628 vinculis

924 2656 1083 2680 constanter
1106 2658 1138 2678 ac
1161 2657 1292 2685 perpetuo
1310 2650 1356 2677 tibi
1377 2651 1410 2676 de
1437 2649 1570 2676 beneﬂcio
1594 2653 1708 2682 accepto

923 2699 1025 2733 gratias
1041 2702 1112 2732 aget.
1127 2704 1168 2725 ,ac
1192 2702 1217 2723 te
1231 2697 1322 2723 vivum
1348 2704 1395 2730 pro
1413 2697 1608 2723 benemcrente
1624 2702 1708 2729 agno-

923 2746 991 2773 scet,
1011 2741 1144 2776 lactisque
1161 2741 1229 2776 ipsis
1241 2742 1323 2776 digno
1338 2741 1430 2767 datum
1445 2748 1506 2767 esse
1519 2740 1708 2766 demonstrare

922 2788 1082 2820 annitetur;
1099 2792 1159 2822 post
1177 2787 1282 2813 obitum
1297 2794 1362 2812 vero
1379 2790 1465 2817 tuum,
1482 2788 1504 2813 si
1525 2786 1561 2812 ita
1572 2785 1706 2816 evenerit,

924 2834 986 2860 liliis
1006 2834 1060 2860 tuis
1077 2834 1130 2860 erit
1146 2834 1248 2866 (nt-nia,
1263 2836 1290 2859 et
1305 2839 1466 2866 quacunque
1480 2832 1584 2858 ratione
1597 2831 1707 2865 poterit,

923 2883 1019 2906 Contra
1039 2878 1166 2906 inimicos
1191 2877 1232 2905 eis
1259 2876 1452 2912 opitulabitur,
1476 2874 1707 2909 conservabitque
