1941 3088
182 227 231 260 351

776 225 936 257 ΙΟᾹΝΝΙΞ
954 224 1218 257 CANTACUZENI

1747 223 1800 256 Γίιὲ

184 281 300 309 scientia
313 282 426 310 sceleris
444 282 485 310 sui
506 282 670 317 exagitatus,
686 286 713 310 et
725 282 837 315 timens,
855 289 889 309 ne
903 285 964 316 post

1030 281 1130 316 πικρίαν
1156 282 1202 308 καὶ
1232 280 1393 315 δυσμένειαν
1414 279 1613 311 ἐνδείκνυσθαι.
1640 278 1679 310 ὡς
1707 279 1800 306 πάντα

184 333 300 355 mortem
329 329 411 355 etiam
439 329 471 356 ad
497 329 599 356 inferos
630 329 795 360 mitteretur,
822 328 898 355 velut
917 328 964 362 qui

185 378 282 408 praeter
310 373 460 401 calumnias
482 375 508 402 in
523 375 727 408 imperatricem
749 381 764 400 a
785 374 841 401 Deo
856 381 967 408 quoque

185 418 246 446 diro
263 420 386 446 carmine
403 426 546 454 separatus
561 424 646 452 esset,
664 424 692 446 et
717 426 779 446 cum
797 419 968 446 d:emonihus

186 472 202 490 α
221 464 348 492 Numinis
362 465 493 492 societate
510 465 538 492 in
556 472 664 492 onmem
681 464 859 491 aeternitatem
879 465 970 499 squm-

186 509 239 536 etis
255 511 355 537 versari
373 511 508 545 elegisset,
522 518 571 545 per
597 510 795 537 amicissimum
820 509 967 546 quemdam

188 555 349 590 patriarehze
376 556 481 584 litteras
512 557 605 588 mittit,
637 555 739 590 quibus
768 555 914 590 significat.
940 563 969 583 se

188 599 319 626 adversus
344 591 564 635 itnpératricem.
583 600 705 635 ignaram
735 607 796 633 qua:
822 600 879 634 ipse
907 607 969 626 cum

189 645 338 679 coniuratis
350 646 521 672 machinatus
533 650 618 675 eSsct.
636 645 702 672 falsa
716 645 836 672 locutum
853 654 859 672 :
876 650 903 672 et
916 652 970 679 quo

191 690 333 717 mendacio
358 697 408 717 suo
431 689 510 718 fidem
537 691 703 726 impetraret,
717 690 841 725 improbe
866 698 898 718 ac
913 695 972 717 sto—

191 734 245 761 lide
271 735 529 762 anathematismum
557 736 721 770 susvepisse.
738 736 817 763 Nunc
837 740 927 762 autem
944 735 970 762 in

190 782 271 815 quale
287 782 446 808 barathrum
460 789 516 816 prae
532 787 645 816 stupore
661 780 794 808 deciderit
808 788 973 815 cognoscen-

193 831 247 853 tem
258 847 265 857 ,
281 831 420 861 totamque
434 827 574 854 veritatem
596 827 796 856 enuntiantem.
811 826 917 852 veniam
946 828 974 852 et

192 872 393 899 absolutionem
408 873 441 899 ab
463 873 747 900 excommunicatione
763 872 894 907 ﬂagitare.
911 871 974 898 liter.

193 917 293 945 Zianus
303 918 420 952 scripsit.
432 917 531 945 Verum
545 917 590 952 qui
604 917 710 945 litteras
721 918 857 952 portabat,
869 917 956 944 solers
965 936 972 950 ,

192 968 219 989 et
231 964 263 990 ad
279 965 448 991 occasionem
458 964 639 998 arripiendam
651 968 804 998 promptus,
818 963 973 997 intelligens
992 952 1012 982 Β

193 1009 215 1036 si
234 1017 281 1036 eos
302 1009 335 1036 ad
358 1011 537 1044 patriarcham
555 1009 686 1040 deferret,
707 1009 792 1037 Ziano
814 1008 865 1036 soli
880 1009 974 1043 profu-

194 1059 285 1081 turum
296 1064 301 1082 :
312 1060 338 1082 at
352 1055 374 1082 si
385 1055 595 1090 imperatoribus
612 1055 785 1086 reddidisset,
799 1060 898 1090 praeter
912 1055 973 1087 hoc,

194 1101 267 1134 quod
299 1101 383 1129 Ziano
420 1101 579 1136 prodesset,
608 1101 689 1136 900
711 1102 793 1129 etiam
820 1101 976 1136 .Eugeniam

195 1146 396 1181 imperatricem
409 1147 557 1178 calumnia,
577 1152 604 1174 et
622 1147 707 1174 filium
724 1155 831 1174 carcere
848 1148 977 1173 liberatu-

195 1201 267 1225 rum,
281 1200 342 1220 enm
355 1193 452 1220 litteris
467 1193 500 1219 ad
517 1194 590 1220 illam
606 1193 684 1220 abiit.
696 1193 768 1226 Quas
780 1194 825 1220 illa
841 1193 931 1220 statim
943 1192 975 1219 ad

195 1239 414 1266 Cantacutenum
446 1239 528 1267 misit.
547 1244 574 1265 et
599 1239 621 1266 is
646 1239 795 1273 Palteologo
817 1247 874 1265 stne
901 1246 977 1265 mura

196 1285 326 1318 legendas
350 1284 483 1311 exhibuit.
504 1284 548 1312 Sic
567 1284 789 1312 manifestissime
805 1285 977 1319 deprehensa

197 1330 398 1361 criminatione,
414 1329 498 1356 nimio
515 1330 613 1364 gaudio
630 1338 698 1364 pene
719 1330 840 1364 desipuit
859 1331 977 1365 impera-

198 1380 252 1405 tor,
275 1375 403 1409 quoniam
429 1375 534 1402 scilicet
551 1375 705 1410 malignitas
732 1375 778 1402 illa
799 1381 895 1403 contra
914 1384 979 1403 con—

197 1421 385 1455 iunctissimos
407 1421 440 1449 ad
459 1422 574 1449 nihilum
599 1422 749 1452 reeidebat.
766 1423 838 1457 quod
864 1422 978 1449 mirifice

198 1471 338 1502 optaverat
363 1476 371 1495 :
398 1472 426 1495 et
442 1467 517 1494 Ziani
544 1468 633 1494 scelus
661 1473 832 1500 exsecratus,
851 1468 896 1502 qui
913 1469 974 1496 sine

199 1519 280 1540 t-ama
308 1521 340 1540 ac
365 1517 465 1540 temere
494 1517 547 1539 tam
577 1513 701 1539 odiosam
729 1513 892 1540 calumniam
914 1521 980 1541 eon-

200 1558 333 1589 finxisset,
346 1558 435 1585 subito
448 1557 481 1585 ad
502 1557 595 1584 uxoris
612 1557 724 1585 fratrem
740 1566 755 1585 e
769 1559 892 1586 custodia
911 1559 979 1586 edu-

199 1604 315 1631 cendum
343 1603 478 1631 incubuit.
495 1602 547 1631 Sed
573 1611 635 1630 cum
657 1603 859 1631 Thessalonica:
874 1606 979 1640 negotia
995 1625 1016 1653 ε

199 1651 373 1685 praesentiam
388 1650 447 1684 ejus
471 1650 550 1684 plane
573 1649 757 1684 requirerent,
770 1656 803 1676 eo
824 1649 982 1677 triremibus

200 1696 339 1731 profectus
360 1701 413 1724 est.
439 1697 503 1724 Post
528 1697 658 1728 reditum,
685 1695 827 1723 Tenedum
859 1697 981 1730 mittens,

201 1741 357 1769 Matthtenm
373 1742 503 1777 Epibatas
517 1743 661 1769 castellum
680 1741 817 1777 quoddam
837 1751 920 1777 prope
935 1743 983 1770 Se-

200 1788 315 1823 lybriam
333 1788 420 1821 duxit,
440 1793 470 1815 ut
485 1795 548 1816 cum
564 1793 655 1816 essent
678 1789 772 1822 vieini,
788 1789 907 1824 colloqui
922 1797 984 1824 pns-

201 1838 271 1861 scnt.
288 1834 562 1867 Postulabatautem,
580 1839 608 1862 ut
624 1835 740 1869 imperio
757 1836 868 1869 penitus
882 1844 983 1862 renun-

201 1880 294 1910 tiaret.
320 1880 418 1914 privati
443 1884 513 1908 statu
531 1885 689 1912 contentus,
704 1885 730 1908 et
747 1882 902 1909 honoribus
922 1888 984 1917 post

201 1926 384 1961 Imperatores
411 1927 517 1961 primis,
531 1928 634 1955 liberos
651 1929 711 1964 ejus
729 1928 755 1955 in
770 1928 898 1955 omnibus
927 1929 985 1963 (ex-

201 1975 284 2005 cepto
311 1971 466 2000 Andronico
495 1972 672 2008 imperatore)
687 1973 873 2001 antecederet.
890 1973 984 2000 Licere

201 2022 292 2044 autem
309 2017 347 2044 illi
368 2025 468 2045 novum
482 2025 567 2053 genus
580 2019 696 2046 vestitus
716 2019 881 2053 excogitare,
896 2026 984 2053 eoque

204 2062 255 2093 uti.
268 2062 314 2090 sed
332 2062 431 2096 facere,
453 2067 500 2090 aut
519 2063 594 2098 loqui
622 2068 652 2091 ut
679 2065 884 2099 imperatorem,
903 2065 983 2093 nihil.

203 2105 281 2140 Quod
305 2107 328 2134 si
354 2107 415 2142 quis
432 2115 495 2143 erga
512 2115 574 2136 eum
592 2113 721 2144 tanquam
747 2110 938 2143 imperatorem
955 2119 984 2138 se

203 2156 318 2188 gereret,
329 2157 376 2180 aut
390 2161 452 2181 eum
466 2154 518 2182 hoc
532 2155 643 2182 nomine
659 2155 820 2190 appellaret,
836 2156 910 2184 hunc
927 2157 984 2184 ira-

204 2203 248 2225 tus
263 2199 397 2233 reﬁceret.
414 2199 488 2227 Talis
508 2206 567 2228 erat
588 2201 728 2236 Palzeologi
747 2202 902 2236 postulatio.
916 2202 985 2230 Mat-

204 2244 289 2271 thaeus
315 2248 369 2271 tota
396 2245 450 2272 vita
467 2252 604 2273 carcerem
629 2246 766 2278 habitare,
791 2255 871 2281 quant
901 2249 982 2275 talem

1018 327 1152 361 πράττειν
1168 326 1198 359 ἐξ
1211 324 1248 354 ὧν
1262 326 1294 352 ἃν
1307 327 1390 358 αὐτὸς
1406 325 1582 361 διαφθαρείη,
1598 326 1614 361 ἢ
1629 326 1666 356 ὡς
1684 325 1802 360 μάλιστα

1019 373 1088 408 πρὸς
1109 373 1216 399 πολλῶν
1238 364 1364 407 ἀφίκοιτο
1391 374 1489 406 πεῖραν
1506 372 1657 406 δυσχερῶν,
1672 372 1755 397 αὑτὸν
1774 371 1802 396 δὲ

1019 418 1114 455 ὥσπερ
1135 419 1358 454 ἀπεστερημένον
1376 419 1405 446 τδ
1428 418 1596 453 λογίζεσθαι,
1615 419 1663 444 καὶ
1679 418 1725 444 τὸν
1742 417 1802 444 υίδν

1018 466 1127 498 ἐκείνης
1145 465 1257 499 ἀφιέναι
1272 463 1319 491 τοῦ
1333 464 1533 498 δεσμωτηρίου,
1551 463 1682 497 πολέμιον
1703 464 1803 497 ἐσόμε-

1019 521 1065 539 νον
1082 513 1208 538 κάκεῖνον
1227 511 1277 538 σὺν
1305 510 1386 545 αὐτῇ.
1415 509 1518 545 Χρόνου
1547 509 1575 536 δὲ
1593 508 1665 535 οὕτω
1688 508 1806 543 βραχέος

1020 557 1241 593 παραρῤυέντος,
1261 556 1373 587 Ζειανὺς
1396 557 1424 582 ἐν
1439 555 1478 589 τῷ
1500 555 1685 590 δεσμωτηρίῳ
1709 552 1806 588 ὥσπερ

1021 604 1060 634 εἰς
1075 602 1254 637 συναίσθησιν
1274 600 1319 629 οἵα
1342 603 1472 638 εἴργαστο
1487 600 1582 633 nam,
1598 601 1645 626 καὶ
1660 600 1752 631 δείσας
1768 599 1806 634 μὴ

1021 649 1067 675 καὶ
1089 650 1159 683 μετὰ
1177 648 1308 684 τελευτὴν
1320 649 1378 680 τοῖς
1391 649 1419 674 ὲν
1434 647 1499 683 ᾅδου
1512 647 1669 678 καταδίκοις
1686 646 1805 673 συνεῖναι

1021 693 1230 728 καταψηφισθῇ,
1250 690 1296 719 οἷα
1320 693 1352 728 δὴ
1383 693 1453 728 πρδς
1476 691 1516 726 τῷ
1536 691 1807 725 σεσυκοφαντηκέναι

1024 739 1158 774 βασιλίδα,
1181 739 1230 765 καὶ
1245 738 1399 773 ἀφορισμδν
1417 738 1470 765 ἀπὺ
1491 735 1561 764 Θεοῦ
1580 736 1738 770 δεξάμενος,
1761 736 1808 762 καὶ

1022 785 1149 819 δαίμοσιν
1174 784 1303 819 ἑλόμενος
1322 785 1442 811 συνεῖναι
1457 785 1515 814 τοῖς
1534 783 1588 809 ἀπὸ
1608 782 1674 809 Θεοῦ
1689 791 1808 817 κεχωρι-

1024 831 1146 866 σμένοις,
1161 831 1314 866 γράμματα
1331 830 1438 864 ἔπεμπε
1454 830 1493 865 τῷ
1507 828 1667 865 πατριάρχῃ
1681 828 1725 855 διά
1736 836 1809 858 τινος

1023 875 1078 902 τῶν
1089 875 1157 901 πάνυ
1171 875 1267 908 φίλων.
1282 874 1323 901 Τὰ
1338 874 1366 901 δὲ
1379 874 1484 909 ἐδήλου,
1498 873 1534 904 ὡς
1550 873 1746 908 συκοφαντοῖτο
1759 872 1808 907 μὲν

1026 920 1072 948 ὑπ’
1087 920 1171 947 αὑτοῦ
1189 921 1204 955 ή
1225 920 1330 953 βασιλὶς
1347 921 1392 946 ἐπὶ
1413 921 1470 951 τοῖς
1493 919 1659 955 εἰρημένοις1
1683 919 1731 944 καὶ
1758 926 1810 952 μη-

1026 966 1070 993 δὲν
1082 966 1156 1000 αὐτῷ
1177 964 1311 1001 συνειδείη
1341 965 1389 992 καὶ
1412 967 1470 996 τοῖς
1498 964 1670 998 συνωμόταις
1685 963 1740 990 τῶν
1766 963 1811 997 βε-

1027 1011 1235 1044 ϐουλευμένων·
1254 1008 1301 1036 τοῦ
1321 1009 1502 1044 πιστευθῆναι
1525 1009 1601 1035 δὲτὰ
1627 1009 1810 1042 πεπλασμένα

1026 1056 1108 1083 ἕνεκα
1125 1056 1171 1082 καὶ
1190 1056 1237 1083 τὸν
1252 1056 1407 1091 ἀφορισμδν
1423 1055 1515 1086 κακῶς
1529 1056 1576 1082 καὶ
1590 1055 1711 1090 ἀνοήτως
1733 1055 1811 1087 655,2-

1028 1102 1101 1129 σθαι.
1125 1102 1194 1128 Νυνὶ
1209 1102 1236 1128 δὲ
1252 1103 1293 1134 εἰς
1322 1101 1378 1128 οἷον
1395 1102 1533 1137 βάραθρον
1564 1102 1609 1127 ὑπ’
1629 1100 1811 1135 ἀναισθησίας

1028 1148 1179 1175 κατώλισθε
1197 1148 1349 1178 συνιδόντα,
1361 1150 1452 1182 τυχεῖν
1469 1147 1633 1182 συγγνώμης
1647 1146 1751 1173 δεῖσθαι
1761 1147 1811 1173 τέ-

1027 1194 1107 1228 ληοὲς
1120 1193 1193 1220 ἅπαν
1207 1194 1416 1226 ἐξαγγέλλοιιτα,
1432 1195 1479 1220 καὶ
1489 1193 1543 1220 τῶν
1555 1194 1586 1220 ὲκ
1598 1193 1644 1219 τοῦ
1656 1191 1811 1227 ἀφορισμοῦ

1027 1239 1134 1274 δεσμῶν
1149 1239 1275 1274 λυθῆναι.
1295 1239 1325 1266 ’0
1343 1240 1392 1273 μὲν
1407 1239 1454 1265 οὖν
1475 1238 1585 1269 leta-#1;
1604 1238 1716 1264 τοιαῦτα
1731 1237 1813 1272 ἔγρα-

1029 1293 1088 1319 φεν.
1109 1284 1249 1319 ’Δγχίνους
1261 1285 1287 1311 δὲ
1304 1284 1342 1311 ὢν
1356 1285 1370 1311 ὁ
1394 1286 1426 1311 τὰ
1449 1286 1602 1320 γράμματα
1617 1283 1748 1318 κομίζων,
1765 1283 1813 1309 καὶ

1029 1331 1183 1366 χρήσασθαι
1205 1332 1313 1366 καιροῖς
1342 1331 1416 1363 ὀξὺς,
1435 1332 1482 1357 καὶ
1511 1330 1625 1357 συνιδὼν
1647 1330 1685 1361 ὡς
1713 1329 1746 1356 ἂν
1763 1329 1813 1364 μὲν

1030 1378 1098 1412 πρὸς
1114 1378 1290 1412 πατριάρχην
1306 1377 1339 1403 τὰ
1355 1377 1508 1412 γράμματα
1523 1377 1633 1410 ἀγάγοι,
1647 1374 1751 1409 Ζειανῷ
1763 1375 1814 1409 τὴν

1029 1423 1162 1457 ὠφέλειαν
1177 1422 1382 1458 παρεσχημένος
1403 1421 1478 1448 ἔσται
1510 1421 1594 1456 μόνῳ,
1617 1420 1757 1455 βασιλεῦσι
1781 1420 1813 1446 δὲ

1030 1469 1173 1503 κατάδηλα
1191 1469 1321 1502 ποιήσας,
1338 1468 1405 1502 πρὸς
1423 1466 1464 1495 οἷς
1479 1468 1614 1501 ὠφελήσει
1633 1467 1754 1499 Ζειανδν,
1767 1466 1816 1492 καὶ.

1032 1516 1156 1552 βασιλίδα
1176 1515 1224 1550 τὴν
1241 1515 1373 1550 Εὐγενίαν
1388 1514 1538 1546 ἀπαλλάξει
1555 1515 1604 1548 τῆς
1621 1513 1814 1547 συκοφαντίας,

1032 1563 1077 1589 καὶ
1093 1561 1139 1589 τοῦ
1154 1561 1342 1596 δεσμωτηρίου
1353 1560 1398 1587 τὸν
1408 1561 1474 1593 υἱὸν,
1487 1561 1585 1594 ἀφῖκτο
1599 1561 1665 1595 πρὸς
1683 1559 1816 1593 Εὖγενίαν

1033 1608 1081 1642 τὴν
1098 1607 1232 1642 βασιλίδα,
1249 1607 1342 1641 φέρων
1360 1606 1407 1633 καὶ
1421 1607 1454 1633 τὰ
1467 1606 1630 1641 γράμματα.
1654 1606 1686 1631 Ἡ
1696 1605 1718 1631 δ’
1730 1606 1818 1638 ἔπεμ-

1033 1662 1083 1680 πεν
1100 1653 1201 1680 αὐτίκα
1218 1652 1324 1687 βασιλεῖ
1338 1652 1376 1687 τῷ
1391 1651 1621 1686 Καντακουζηνῷ,
1638 1650 1727 1685 καὶίὂς
1741 1650 1817 1676 οὐδὲν

1035 1700 1183 1734 μελλήσας,
1201 1699 1239 1734 τῷ
1268 1699 1320 1734 νέῳ
1337 1698 1442 1733 βασιλεῖ
1458 1698 1491 1725 τὰ
1517 1698 1670 1734 γράμματα
1698 1697 1816 1723 ἐδείκνυ.

1034 1747 1112 1773 Οὕτω
1132 1747 1160 1773 δὲ
1176 1746 1334 1777 σαφέστατα
1349 1745 1536 1780 ὲληλεγμένης
1557 1744 1605 1778 τῆς
1622 1742 1817 1775 συκοφαντίας,

1033 1793 1047 1819 ὁ
1060 1793 1119 1824 νέος
1137 1791 1265 1826 βασιλεὺς
1277 1791 1371 1822 ἔνθους
1383 1800 1412 1817 τε
1429 1789 1462 1825 ἦν
1478 1790 1523 1824 ὑφ’
1534 1790 1643 1825 ήδονῆς,
1660 1790 1701 1816 ὃτι
1720 1789 1735 1823 ἠ
1749 1789 1818 1821 πρὸς

1033 1838 1097 1869 τοὺς
1109 1838 1294 1868 οἰκειοτάτους
1309 1836 1429 1863 διελύετο
1444 1835 1600 1870 δυσμένεια,
1618 1835 1685 1869 ὅπερ
1697 1833 1818 1868 ’μάλιστα

1034 1885 1169 1914 ἐϐούλετο.
1188 1885 1233 1910 καὶ
1249 1884 1360 1910 Ζειανοῦ
1376 1883 1476 1918 πολλὴν
1494 1883 1646 1917 μοχθηρίαν
1666 1881 1818 1914 γαταγνοὺζ

1034 1929 1095 1964 εἰκῆ
1107 1929 1155 1955 καὶ
1170 1929 1258 1963 μάτην
1269 1928 1397 1962 ἑλομένου
1412 1927 1462 1962 τὴν
1477 1927 1609 1961 τοσαύτην
1623 1924 1818 1959 συκοφαντίαν,

1034 1974 1170 2008 ἔπραττεν
1184 1972 1263 2004 αὖθις
1278 1973 1354 2004 ὅπως
1372 1973 1417 1999 τὸν
1438 1972 1567 2006 γυναικὸς
1585 1971 1700 2005 ἀδελφὸν
1717 1969 1818 2004 ἀφήσει

1034 2019 1081 2045 τοῦ
1108 2017 1308 2053 δεσμωτηρίου.
1327 2017 1388 2044 Τῶν
1419 2017 1589 2051 πραγμάτων
1611 2016 1639 2042 δὲ
1664 2014 1819 2041 καλούντων

1035 2064 1081 2089 ἐπὶ
1101 2062 1303 2096 Θεσσαλονίκην
1330 2062 1499 2096 ἀναγκαίως,
1529 2062 1576 2087 καὶ
1603 2060 1737 2094 δεομένων
1769 2059 1818 2091 τῆς

1034 2108 1138 2136 ἐκείνου
1158 2108 1321 2142 παρουσίας,
1337 2107 1534 2140 ἐξεστράτευσε
1551 2106 1688 2141 τριήρεσι.
1703 2105 1778 2131 Mat:
1791 2105 1819 2129 δὲ

1034 2156 1083 2191 τὴν
1098 2154 1235 2185 ἐπάνοδον,
1253 2153 1363 2188 πέμψας
1378 2154 1410 2180 ὲκ
1424 2153 1547 2180 Τενέδου.
1566 2153 1671 2187 ἢγαγεν
1684 2152 1723 2181 εἰς
1745 2150 1820 2175 Ἐπι-

1035 2202 1120 2231 δάτας
1145 2200 1275 2234 φρούριόν
1298 2208 1325 2225 τι
1345 2199 1410 2233 περὶ
1427 2198 1601 2233 Σηλυμὸρίαν
1620 2198 1666 2223 τὸν
1690 2195 1819 2230 γυναικὸς

1035 2246 1159 2280 ἀδελφὺν,
1178 2245 1252 2276 ὅπως
1263 2243 1346 2277 ἐγγὺς
1359 2243 1481 2278 ἀλλήλων
1498 2242 1582 2268 ὅντων
1595 2241 1730 2275 γίγνοιντο
1742 2239 1766 2266 οι
1780 2239 1821 2265 λό-

203 2289 388 2317 conditionem
417 2291 506 2318 malle.
547 2291 669 2318 Primum
708 2292 781 2319 enim
814 2292 978 2321 intolerabih

1036 2299 1089 2326 γοι.
1099 2290 1189 2322 Ἦξίου
1204 2298 1233 2316 τε
1248 2289 1296 2325 τὴν
1314 2288 1454 2324 βασιλείαν
1467 2287 1635 2322 ἀποθέμενον
1661 2285 1820 2312 παντάπασι

203 2333 293 2360 aiebat
306 2335 350 2369 qui
363 2335 419 2362 heri
432 2341 458 2362 ct
471 2335 572 2363 nudius
585 2337 680 2363 tertius
695 2337 826 2365 adoratus
839 2337 939 2366 fuisset
955 2343 985 2366 ut

204 2380 367 2415 imperator,
385 2389 456 2408 nune
469 2382 584 2409 subesse
599 2381 697 2417 privati
712 2382 819 2414 habitu,
831 2387 859 2411 et
875 2383 909 2411 ab
924 2384 985 2412 aliis

202 2431 299 2458 parum
314 2430 360 2451 aut
378 2425 449 2452 nihil
464 2425 587 2452 differre.
607 2426 708 2453 Deinde
730 2434 819 2461 neque
835 2426 922 2462 ipsam
940 2435 987 2454 oc-

203 2470 341 2498 casionem
369 2471 489 2499 carceris
517 2471 671 2506 pudendam
694 2478 722 2500 et
753 2473 985 2501 contemnendam

202 2523 274 2548 esse,
300 2516 349 2544 sed
378 2517 414 2544 ob
442 2517 594 2544 libertatem
633 2517 881 2553 homophylorum,
904 2527 985 2554 quam

203 2561 313 2589 Barbari
332 2567 457 2597 ereptum
476 2563 587 2596 iverint,
601 2571 631 2590 se
644 2563 746 2591 infelici
765 2569 851 2591 marte
863 2572 987 2599 pugnan-

204 2613 257 2635 tem
276 2613 384 2642 captum
396 2616 467 2639 esse.
479 2609 552 2644 quod
562 2615 589 2637 et
601 2614 680 2638 antea
692 2610 787 2637 multis
798 2610 984 2638 Romanorum

204 2654 415 2689 imperatoribus
428 2654 580 2687 acciderit;
595 2659 623 2682 et
637 2663 710 2682 nunc
725 2655 818 2690 gloriae
828 2659 856 2682 et
872 2655 987 2682 honoris

203 2707 285 2727 causa
313 2701 382 2727 velle
408 2700 523 2728 adversa
540 2700 663 2735 perpeti,
683 2700 711 2727 id
733 2700 806 2734 quod
819 2707 900 2727 nemo
917 2708 985 2734 pru-

202 2746 271 2773 dens
287 2746 352 2773 vitio
367 2746 481 2774 daturus
507 2747 553 2774 sit.
569 2746 646 2780 Quod
669 2747 691 2774 si
717 2746 768 2773 ista
786 2747 909 2778 miseria,
925 2754 986 2781 qua:

202 2792 322 2825 videtur,
337 2793 457 2824 fractus,
481 2797 580 2827 sponte
604 2800 634 2820 se
662 2792 825 2825 Stll‘tllillal,
853 2799 988 2827 suamque

203 2838 317 2874 gloriam
344 2839 432 2866 libens
448 2838 556 2873 prodat,
578 2837 612 2865 ab
632 2839 759 2866 omnibus
787 2838 877 2873 pusilli
902 2837 986 2865 animi

201 2885 264 2921 jure
291 2889 451 2913 accusatum
470 2885 514 2912 iri.
531 2883 711 2916 Quamobrem
739 2884 846 2912 facilius
859 2888 916 2911 tota
931 2883 986 2910 vita

205 2931 234 2959 iu
246 2932 368 2961 custodia
383 2939 551 2965 mansurum,
567 2939 648 2967 quam
664 2935 777 2967 propter
792 2931 984 2959 liberationem

1035 2337 1085 2372 τὴν
1100 2336 1205 2364 ἰδιώτου
1220 2335 1305 2370 τύχην
1318 2335 1453 2369 στέργειν,
1469 2333 1553 2367 τιμὰς
1568 2331 1759 2368 καρπούμενον
1770 2330 1821 2362 τὰς

1037 2382 1106 2417 μετὰ
1135 2381 1247 2416 βασιλέα
1277 2380 1399 2414 πρώτας,
1417 2378 1465 2404 καὶ
1481 2378 1536 2403 τῶν
1558 2376 1689 2412 βασιλέως
1717 2376 1821 2402 παίδων

1036 2427 1144 2454 πάντων
1162 2428 1190 2452 ὲν
1205 2425 1292 2452 ἅπασι
1309 2424 1450 2459 προέχειν,
1465 2423 1535 2457 πλὴν
1553 2422 1726 2457 Ἀνδρονίκου
1741 2421 1821 2455 βασι-

1036 2473 1115 2504 λέως.
1138 2472 1251 2504 Ἐξεῖναι
1276 2470 1304 2497 δὲ
1319 2469 1394 2504 αὐτῷ
1412 2468 1582 2502 καινοτομεῖν
1603 2467 1700 2500 ἑτέραν
1726 2466 1822 2500 στολὴν

1036 2519 1130 2545 ὁποίαν
1147 2517 1180 2544 ἂν
1205 2516 1337 2549 ὲπινοοίη,
1358 2514 1405 2541 καὶ
1429 2513 1516 2548 ταύτῃ
1539 2512 1667 2547 χρῆσθαι.
1688 2511 1823 2545 Πράττειν

1037 2564 1065 2590 δὲ
1084 2561 1230 2598 βασιλικῶς
1250 2560 1342 2596 μηδὲν,
1367 2560 1435 2594 μήτε
1459 2557 1639 2593 φθέγγεσθαι.
1655 2557 1706 2583 Ἦν
1729 2557 1757 2582 δέ
1779 2564 1823 2587 τις

1036 2606 1080 2635 οἷα
1101 2608 1205 2643 βασιλεῖ
1230 2607 1424 2641 προσφέροιτο,
1455 2604 1471 2639 ἢ
1493 2603 1702 2638 προσαγορεύοι,
1727 2602 1822 2628 τοῦτον

1037 2654 1199 2682 ἀπελαύνειν
1215 2653 1281 2686 πρὸς
1296 2652 1393 2687 ὀργήν.
1410 2650 1529 2684 Τοιαύτη
1547 2649 1595 2680 μὲν
1609 2650 1624 2677 ἠ
1639 2647 1823 2680 ιΙαλαιολό-ίου

1036 2700 1083 2727 τοῦ
1105 2699 1234 2734 βασιλέως
1248 2698 1281 2733 ἦν
1307 2698 1430 2729 ἀξίωσις.
1453 2695 1591 2725 Ματθαῖος
1611 2694 1639 2720 δὲ
1663 2695 1677 2720 ὁ
1697 2693 1824 2728 βασιλεὺς

1039 2745 1138 2781 μᾶλλον
1155 2745 1242 2770 εἵλετο
1256 2742 1433 2778 φρουρεῖσθαι
1445 2741 1489 2767 διὰ
1505 2740 1573 2775 βίου,
1589 2739 1604 2774 ἦ
1626 2739 1736 2765 τοιαῦτα
1754 2739 1824 2764 ὑπο-

1039 2792 1139 2827 μένειν.
1157 2790 1267 2825 Πρῶτον
1283 2789 1331 2824 μὲν
1343 2788 1396 2823 γὰρ
1414 2788 1535 2822 ἔφασκεν
1544 2786 1573 2812 οὐ
1586 2787 1650 2820 ῥᾷον
1665 2784 1734 2811 εἶναι
1749 2785 1827 2818 ὲνεγς

1038 2839 1096 2865 κεῖν
1112 2837 1156 2864 τὶν
1171 2836 1234 2871 χοὲς
1250 2836 1298 2862 καὶ
1318 2833 1414 2869 πρώην
1440 2831 1679 2867 προσκυκπούμενιν
1691 2831 1726 2861 ὡς
1744 2829 1826 2864 βασι-

1038 2883 1087 2910 λέα
1103 2882 1151 2909 νῦν
1164 2883 1192 2908 ἐν
1210 2881 1316 2908 ἰδιώτου
1336 2881 1457 2914 σχήματι
1472 2878 1569 2908 τελεῖν,
1593 2878 1639 2904 καὶ
1664 2877 1717 2903 τῶν
1735 2876 1824 2902 ἄλλων

1040 2929 1129 2964 ὀλίγον
1140 2928 1279 2963 διαφέρειν
1297 2926 1312 2961 ἣ
1332 2926 1408 2953 me
1421 2934 1428 2940 '
1449 2925 1543 2951 ἔπειτα
1561 2923 1618 2951 ο>δ’
1644 2923 1659 2958 ή
1686 2923 1824 2957 πρόξασις
