1941 3088
238 63 293 94 3ὀὸ

825 65 984 95 ῙΟᾹΧΝΙΞ
1003 64 1267 95 CANTACUZENI
1793 65 1836 98 356

235 132 286 151 nec
315 123 348 150 ad
378 123 447 150 alios
475 122 559 158 hujus
600 122 662 149 vita!
696 122 815 149 honores
849 122 967 149 eadueos
996 126 1023 148 et

1077 121 1154 148 κέναι
1169 122 1228 148 δέον
1243 123 1300 153 τοῖς
1314 121 1510 157 ἐψηφισμένοις
1529 121 1653 156 στέργειν
1673 123 1712 158 τῷ
1724 122 1785 158 Θεῷ,
1798 123 1838 151 καὶ

234 170 350 197 llueules
372 169 568 203 obstupescere
602 168 780 202 prudentium
807 168 1020 202 incorrupteque

233 215 416 250 judicantium
432 219 484 241 est.
500 214 566 246 Quae
578 219 669 240 autem
685 221 718 240 ex
740 214 858 248 imperio
869 213 921 240 isto
937 213 1022 248 gloria

237 261 398 295 percipitur,
434 260 505 286 haud
538 260 649 294 vulgare
677 259 830 294 periculum
861 268 915 286 non
952 259 1021 286 bene

235 314 319 342 atque
331 312 359 333 ιιι
369 307 447 334 decrt
459 306 653 340 rempublicam
672 306 874 333 administranti
886 306 1020 332 attulerit.

236 353 294 379 Non
310 352 405 382 enim.
429 351 659 385 quemadmodum
682 351 752 381 aliis.
778 352 799 378 si
826 352 909 378 vitain
933 351 1022 378 solute

237 398 432 432 transcgeriut.
449 398 488 425 sic
504 397 585 424 etiam
608 397 821 432 imperatoribus
837 394 974 429 usuvcnit,
993 401 1022 424 ιιι

237 445 367 470 danmum
383 443 416 470 ad
439 444 512 478 ipsos
535 443 614 469 mmlo
631 443 777 477 pertineat.
797 443 844 470 sed
860 448 886 470 et
908 443 978 470 bona
994 448 1022 471 et

237 491 307 517 mala
327 490 446 525 ipsorum
471 490 587 516 subditis
600 489 758 517 communia
778 494 853 521 sunt,
879 493 908 516 et
935 489 1022 524 impe-

238 535 337 562 ratoris
361 535 479 561 animam
508 535 597 562 omnis
623 535 733 561 virtutis
767 535 908 570 speculum
939 540 1022 569 atque

236 581 415 615 archetypum
436 587 496 607 esse
512 584 640 614 oportet:
659 580 760 614 alioqui
780 587 832 606 non
851 579 938 607 solum
954 587 1021 610 suae,

238 626 285 653 sed
309 631 336 652 et
359 625 476 652 aliorum
501 625 626 660 scgnitiei
659 633 753 660 pinnas
779 624 930 660 persolvet.
958 624 1023 658 Qua:

182 679 189 687 ·
239 671 301 705 quis
315 672 423 699 tandem
441 679 495 697 non
519 671 620 698 stultus
641 679 734 698 secum
752 676 892 705 reputans,
908 678 960 697 non
981 663 1023 696 ι’ἒί

236 717 449 744 obscurissimos
461 718 553 744 vivere
572 717 658 749 malit,
681 725 742 744 enm
758 717 952 744 detrimentum
969 724 1022 743 non

240 764 267 790 in
280 764 443 798 despicabile
459 763 611 798 quidpiam.
627 763 674 791 sed
687 764 716 790 in
732 763 817 798 ipsam
838 763 957 789 animam
976 761 1024 788 de-

1072 167 1111 202 μὴ
1126 167 1195 202 μετὰ
1210 166 1258 202 τὴν
1273 166 1465 201 φιλάνθρωπον
1485 167 1610 193 παιδείαν
1622 167 1727 202 ταύτην
1742 168 1838 202 (πεπαί-

1071 212 1151 238 δευκε
1164 212 1218 247 γάρ
1232 221 1260 238 σε
1270 212 1470 247 φιλανθρώπως
1482 212 1520 244 τῷ
1533 212 1640 248 θανάτῳ
1657 213 1695 247 μὴ
1707 214 1839 248 παραδοὺς)

1072 257 1230 284 ἀναίνεσθαι
1244 258 1293 292 τὴν
1307 258 1469 294 ἀνάκλησιν,
1492 259 1516 284 εί
1535 258 1572 293 μὴ
1590 259 1636 284 καὶ
1649 260 1697 293 τῆς
1714 259 1839 294 βασιλικῆς

1072 304 1177 337 ἔξεστιν
1197 304 1319 337 εὺῖοξίας
1334 304 1481 332 ἀπολαύειν
1495 303 1590 339 ὥσπερ
1601 294 1749 340 πρότερονί
1758 305 1841 331 Καίτοι

1073 350 1120 375 καὶ
1133 350 1164 375 τὸ
1178 349 1246 384 πρὸς
1260 350 1350 376 πᾶσαν
1361 349 1457 385 ἑτέραν
1469 350 1548 382 δόξαν
1566 349 1615 384 τὴν
1630 351 1705 384 παρὰ
1721 350 1787 377 τόνδε
1800 351 1841 378 τὴν

1073 394 1131 429 βίον
1160 395 1290 429 ὲπίκηρον
1308 394 1393 422 οὖσαν
1427 395 1472 422 καὶ
1497 395 1677 430 διαρῤέουσαν
1698 396 1842 430 ἐπτοῆσθαι,

1072 441 1122 466 οὐκ
1136 440 1241 475 ἀνδρῶν
1256 440 1373 475 ἑχόντων
1384 440 1446 467 νοῦν
1475 441 1522 467 καὶ
1538 440 1729 475 προσεχόντων
1743 441 1842 476 ἀληθέσι

1072 485 1223 520 λογισμοῖς.
1244 485 1276 512 Ἠ
1290 485 1317 511 δὲ
1337 487 1368 512 ἑκ
1388 485 1439 519 τῆς
1453 484 1594 520 βασιλείας
1612 486 1715 521 ταύτης
1730 486 1774 513 καὶ
1791 487 1843 513 κίν-

1072 532 1149 558 δυνον
1163 532 1194 558 οὐ
1213 532 1258 558 τὶν
1278 532 1394 566 τυχόντα
1410 531 1448 567 τῷ
1474 532 1512 568 μὴ
1527 531 1618 563 καλῶς
1640 533 1695 563 τοῖς
1712 533 1841 567 πράγμασι

1073 578 1208 613 χρωμένῳ
1225 578 1272 604 καὶ
1287 577 1481 613 προσηκόντως
1498 578 1531 604 ἂν
1544 578 1662 612 ἐνέγκοι.
1679 579 1716 605 οὺ
1733 578 1781 613 γὰρ
1795 578 1842 605 ὥσ-

1076 631 1128 658 περ
1152 623 1180 648 ὲν
1194 624 1253 654 τοῖς
1271 623 1372 655 ἄλλοις,
1394 623 1426 649 ἂν
1454 623 1581 658 ῥαθύμως
1602 623 1765 658 βιοτεύωσιν,
1781 623 1843 650 οὕτω

1074 668 1105 702 δὴ
1131 667 1177 694 καὶ
1193 667 1348 702 βασιλεῦσιν
1371 668 1414 702 ἐφ’
1437 668 1548 700 ἑαυτοὺς
1570 669 1584 704 ἡ
1609 669 1694 705 βλάϐη
1717 671 1842 705 περιγίνεο

1074 721 1131 744 ται,
1152 713 1219 739 ἀλλὰ
1235 713 1269 739 τά
1289 721 1320 739 τι
1345 713 1437 747 ἀγαθὰ
1451 714 1551 748 ὁμοίως
1563 716 1639 741 κοινὰ
1659 716 1714 746 τοῖς
1728 715 1845 749 ὑπηκόοις

1074 761 1122 785 καὶ
1138 759 1171 786 τὰ
1191 758 1290 793 φαῦλα,
1307 759 1355 785 καὶ
1373 760 1432 787 δέον
1450 754 1553 795 ἀγαθοῦ
1578 761 1679 792 παντὸς
1704 761 1846 796 ἀρχέτυπον

239 811 356 841 rivetur,
388 810 432 838 cui
461 816 489 837 et
517 811 587 837 bona
616 815 644 837 et
669 810 738 837 mala
767 811 793 837 in
826 810 1024 844 sempiternum

1077 804 1126 839 τὴν
1153 803 1284 839 βασιλέως
1302 805 1468 832 καθεστάναι
1493 805 1582 841 ψυχήν
1595 814 1602 821 '
1619 808 1643 835 el
1656 807 1683 833 δὲ
1700 809 1747 841 μὴ,
1762 807 1788 833 οὺ
1801 808 1847 841 τῆς

239 855 371 882 inerunt?
392 855 524 882 Pneterea
542 860 567 881 et
584 855 676 881 multis
691 854 925 884 contentionilms.
941 854 1018 880 labo-

238 901 316 928 ribus
346 905 374 928 et
392 900 601 928 discriminihus
620 901 646 927 in
664 900 714 927 hac
736 900 790 928 vita
802 899 1024 934 perfuugendum

238 951 281 973 est
297 947 465 980 imperatori.
490 946 512 974 si
534 946 600 973 nolit
618 946 696 980 quasi
719 946 793 973 aliud
814 953 912 981 agens,
929 952 1024 972 verum

237 997 270 1019 ut
286 993 355 1018 ratio
372 992 535 1026 prmserihit,
561 992 676 1026 imperio
694 999 822 1026 prrecsse.
848 991 953 1018 Etenim
975 998 1026 1024 pro

238 1037 372 1072 subjectis
387 1036 464 1064 adire
480 1037 645 1070 periculum,
662 1044 771 1071 semper
782 1044 890 1071 tequum
907 1042 960 1066 εει.
976 1043 1026 1063 nec

240 1083 304 1110 dmn
335 1083 394 1117 ipse
427 1082 508 1109 modo
540 1090 656 1109 securus
685 1082 731 1116 sit,
761 1083 880 1109 alienam
909 1082 1025 1109 salutem

237 1127 462 1163 parvipcndere,
491 1133 518 1153 et
542 1135 603 1154 cum
630 1127 656 1154 in
682 1127 847 1154 moderanda
874 1127 1025 1161 republica,

238 1179 298 1200 itum
316 1174 343 1200 in
359 1173 520 1206 coercendis
534 1173 668 1204 hostibus,
695 1177 723 1199 et
739 1173 805 1200 foris
823 1172 1025 1206 invadentibus,

237 1223 269 1244 et
289 1218 363 1244 intus
379 1217 586 1248 insidiantibus,
599 1217 720 1244 laborem
733 1218 857 1252 quemvis
872 1225 1026 1252 capessere.

243 1264 395 1298 luterroget
423 1263 571 1297 quispiam,
602 1270 668 1289 cum
704 1263 803 1290 scirem
837 1264 947 1298 quantis
976 1263 1027 1291 ista

243 1308 348 1335 functio
363 1307 492 1342 impedita
507 1312 581 1334 esset
595 1307 811 1340 dillicultalibus,
829 1313 950 1342 quotque
962 1315 1029 1335 con-

240 1352 413 1380 tentionibus
434 1359 466 1379 ac
487 1352 630 1379 laboribus
650 1353 825 1386 imperatoris
841 1353 949 1379 animus
977 1360 1027 1380 vo-

240 1397 325 1426 lentis
362 1397 481 1425 nolentis
508 1402 706 1430 exerceretur,
736 1406 899 1433 possemque
930 1398 1027 1433 privati

240 1443 401 1470 conditione
424 1447 452 1471 ct
479 1443 540 1470 loco
565 1448 728 1476 contentus,
763 1451 860 1470 vacare
890 1443 949 1471 istis
975 1451 1030 1471 om-

240 1489 336 1521 nibus,
353 1496 404 1516 cur
427 1488 537 1516 tandem
559 1489 628 1516 adeo
648 1489 734 1516 multa
758 1497 809 1523 pro
833 1489 949 1524 imperio
972 1482 1029 1516 adi-

241 1535 374 1568 piscendo
408 1535 603 1566 sustinuerim.
637 1539 664 1563 et
695 1535 824 1570 periculis
848 1535 1029 1564 formidandis

242 1581 381 1616 variisque
398 1581 507 1609 casibus
524 1589 566 1609 me
587 1581 760 1609 immiserint.
781 1582 836 1618 Ego
858 1591 923 1610 vero
949 1582 1027 1614 illud,

239 1627 405 1654 artveritatis
420 1635 526 1659 amans,
541 1627 724 1662 respondebo,
741 1636 847 1655 menon
862 1628 1028 1663 imperatorii

240 1673 415 1707 principatus
429 1673 552 1706 avidum,
568 1681 656 1708 neque
681 1674 741 1709 eius
763 1675 898 1709 majestati
922 1675 1030 1703 inhian-

244 1723 310 1752 tem,
328 1720 375 1746 sed
390 1720 618 1755 homophylorum
639 1720 757 1751 insidiis,
773 1720 820 1754 qui
838 1725 877 1747 tot
894 1721 1030 1748 obtrecta-

241 1766 365 1793 tionibus
390 1769 418 1792 et
448 1765 524 1793 falsis
544 1765 784 1792 criminationibus
808 1773 856 1800 per
883 1766 976 1794 dolum
998 1775 1029 1794 ac

244 1811 368 1838 fraudem
395 1811 518 1839 consutis
546 1811 580 1838 ad
608 1811 697 1845 ipsum
727 1817 771 1837 me
800 1811 934 1838 malorum
957 1812 1031 1839 colo-

244 1856 364 1890 phonem
378 1856 581 1889 compulerunt,
595 1857 628 1882 ad
653 1855 703 1882 hos
721 1863 821 1889 agones
835 1855 1009 1893 descendisse
1021 1865 1030 1885 :

245 1901 369 1928 deterius
386 1900 460 1927 enim
479 1907 590 1935 sperare
604 1900 671 1926 nihil
690 1904 822 1934 poteram.
840 1901 873 1927 Et
886 1902 948 1936 quia
963 1910 1031 1936 pra:-

245 1946 370 1973 vvidebam
383 1947 506 1974 cessione
526 1946 634 1980 imperii
649 1950 794 1973 contentos
811 1947 882 1974 haud
900 1947 1009 1975 futuros
1021 1967 1029 1980 ,

241 1991 305 2024 sed,
324 1996 352 2018 ut
365 1991 468 2018 bellum
492 1991 609 2025 gessisse
632 1992 737 2027 justum
762 1993 933 2025 viderentur,
955 1997 1030 2027 atro-

244 2037 316 2064 citer
339 2044 383 2064 me
413 2041 442 2064 ut
468 2037 575 2064 hostem
609 2039 835 2067 nocentissimum
869 2038 1030 2068 occisuros,

242 2083 405 2118 liberosque
427 2090 512 2115 meos,
540 2083 720 2118 propinquos,
748 2089 777 2111 et
795 2085 873 2116 alios,
897 2082 1031 2119 quotquot

1077 850 1209 884 σφετέρας
1234 851 1313 885 μόνον
1339 851 1474 886 ῥᾳθυμίας
1493 852 1609 887 δέλησει
1622 852 1710 884 δίκας,
1727 852 1791 879 ἀλλὰ
1805 852 1849 878 καὶ

1076 895 1124 929 τῆς
1138 895 1193 922 τῶν
1213 896 1329 923 πολλῶν.
1344 897 1378 922 ’Δ
1394 897 1435 927 τίς
1447 898 1480 924 ἂν
1495 897 1557 924 νοῦν
1571 899 1642 932 ἔχων
1657 899 1792 932 ἐννοήσας,
1803 898 1851 925 οὐκ

1077 941 1110 967 ἂν
1127 941 1213 967 ἕλοιτο
1227 941 1327 976 μᾶλλον
1344 943 1461 978 ἀφανείᾳ
1479 942 1564 978 πολλῇ
1583 943 1678 978 συζῇν,
1692 944 1741 979 τῆς
1755 943 1850 978 ζημίας

1076 986 1125 1012 οὐκ
1141 987 1182 1018 εἰς
1205 995 1231 1013 τι
1249 987 1303 1013 τῶν
1327 988 1511 1022 φαυλοτέρων,
1529 988 1593 1024 ᾖάλλ¹
1612 989 1652 1020 είς
1669 989 1753 1024 αὐτὴν
1767 990 1852 1026 ψυχὴν

1076 1031 1278 1067 διαϐαινούσης.
1327 1033 1361 1059 τά
1377 1041 1406 1059 τε
1424 1033 1515 1063 ἀγαθὰ
1530 1034 1641 1068 ὁμοίως,
1659 1034 1707 1061 καὶ
1721 1036 1754 1060 τὰ
1766 1035 1851 1069 φαῦλα

1076 1077 1199 1104 ἀθάνατα
1231 1079 1377 1111 ουνέσται;
1400 1079 1463 1105 Ἐπὶ
1483 1079 1588 1111 τούτοις
1610 1080 1638 1106 δὲ
1664 1081 1710 1106 καὶ
1725 1081 1792 1108 κατὰ
1807 1081 1851 1108 τὸν

1077 1123 1140 1158 τῇδε
1158 1123 1216 1157 βίον
1244 1123 1352 1150 πολλῶν
1382 1123 1496 1158 ἀγώνων
1520 1126 1567 1152 καὶ
1593 1126 1683 1152 πόνων
1699 1127 1746 1154 καὶ
1769 1127 1852 1154 κινδύ-

1076 1176 1129 1195 νων
1160 1168 1198 1202 τρ
1232 1169 1403 1204 βασιλεύοντι
1435 1171 1538 1207 δεήσει,
1571 1173 1596 1198 εί
1628 1172 1720 1207 μέλλοι
1741 1173 1776 1208 μὴ
1801 1182 1852 1200 tu-

1080 1215 1197 1250 ρέργως,
1213 1215 1281 1241 ἀλλὰ
1294 1216 1364 1243 κατὰ
1379 1215 1457 1250 λόγον
1468 1216 1587 1252 χρῆσθαι
1600 1219 1633 1252 τῇ
1646 1218 1729 1254 ἀρχῇ.
1743 1219 1854 1253 Προκιν-

1077 1260 1196 1286 δυνεύειν
1209 1260 1260 1294 γὰρ
1270 1260 1323 1287 τῶν
1335 1261 1463 1296 ὑπηκόων
1473 1257 1576 1288 δίκαιον
1588 1263 1642 1295 ἀεὶ,
1656 1263 1704 1289 καὶ
1726 1263 1763 1298 μὴ
1773 1264 1800 1290 ὲν
1816 1263 1856 1299 τῷ

1080 1304 1138 1339 ἰδίῳ
1152 1305 1270 1339 ἀσφαλεῖ
1290 1306 1433 1340 προΐεσθαι
1447 1308 1496 1341 τὴν
1511 1307 1622 1333 ἐκείνων
1643 1310 1777 1343 σωτηρίαν
1788 1317 1795 1325 ’
1810 1310 1858 1337 καὶ

1079 1353 1169 1379 πάντα
1179 1354 1258 1380 πόνον
1274 1353 1435 1388 ὑπομένειν,
1452 1354 1502 1381 καὶ
1516 1355 1586 1389 πρὸς
1599 1355 1649 1390 τὴν
1664 1355 1794 1391 διοίκησιν
1804 1357 1858 1384 τῶν

1079 1397 1188 1430 κοινῶν,
1204 1398 1250 1424 καὶ
1267 1397 1335 1433 «eo;
1350 1397 1404 1424 τῶν
1414 1398 1552 1432 πολεμίων
1566 1399 1615 1432 τὴν
1630 1399 1795 1434 ἀντέστασιν,
1806 1401 1861 1429 τῶν

1081 1449 1111 1467 τε
1132 1441 1232 1473 ἔξωθεν
1248 1442 1389 1476 ἐπιόντων,
1413 1442 1461 1469 καὶ
1483 1443 1537 1469 τῶν
1556 1443 1664 1470 ἔνδοθεν
1682 1445 1780 1479 ὁμοίως
1801 1446 1863 1472 ὲπι-

1081 1487 1275 1514 ϐουλευόντων.
1288 1488 1337 1514 'Av
1349 1488 1377 1515 δέ
1388 1496 1430 1519 τις
1443 1488 1530 1523 ἔροιτο
1545 1489 1606 1516 ὅτου
1621 1490 1700 1525 χάριν
1713 1492 1812 1527 πολλὴν
1823 1493 1863 1528 τῷ

1082 1534 1228 1570 πράγμασι
1240 1534 1399 1569 δυσχέρειαν
1415 1534 1551 1567 συνειδὼς,
1566 1536 1614 1562 καὶ
1628 1536 1763 1564 τοσούτων
1775 1540 1865 1566 πόνων

1081 1581 1129 1607 καὶ
1156 1580 1270 1614 ἀγώνων
1293 1581 1343 1616 τὴν
1359 1580 1493 1616 βασιλέως
1512 1581 1642 1617 δεομένην
1657 1583 1756 1619 ψυχὴν,
1783 1584 1865 1617 αὐτὸς

1081 1626 1140 1653 ὲνὺν
1152 1627 1181 1653 ὲν
1200 1627 1303 1654 ίδιώτου
1321 1627 1404 1663 μοίρᾳ
1417 1627 1525 1655 πάντων
1540 1629 1723 1664 ἀπηλλάχθαι,
1742 1631 1865 1659 τοσαῦτα

1082 1673 1152 1708 ὑπὲρ
1171 1674 1218 1699 τοῦ
1238 1675 1331 1709 τυχεῖν
1348 1675 1462 1709 εἱλόμην
1479 1675 1636 1710 ὑπομένειν,
1662 1677 1709 1703 καὶ
1731 1678 1867 1711 κινδύνοις

1081 1720 1219 1755 φοῆεροῖς,
1241 1720 1289 1746 καὶ
1305 1720 1482 1755 περιστάσεσι
1498 1721 1637 1753 ποικίλαις
1652 1723 1821 1758 προηκάμην
1838 1726 1866 1750 ὲ-

1083 1765 1194 1799 μαυτὸν,
1207 1766 1295 1792 έκεῖνο
1308 1765 1342 1792 ἃν
1361 1766 1567 1802 ἀποκριναίμην
1583 1767 1749 1803 φιλαληθῶς,
1766 1769 1809 1796 ὅτι
1828 1771 1869 1806 μὴ

1083 1811 1226 1847 βασιλικῆς
1238 1811 1328 1846 ἀρχῆς
1341 1811 1422 1846 ὲρῶν,
1436 1812 1503 1847 μηδὲ
1517 1813 1584 1847 πρὸς
1597 1813 1647 1849 τὴν
1660 1814 1693 1841 ὲκ
1707 1814 1811 1850 ταύτης
1825 1816 1874 1843 δό-

1080 1857 1131 1889 ξαν
1146 1857 1280 1892 κεχηνὼς,
1295 1857 1367 1885 ἑκὼν
1382 1855 1454 1884 εἶναι
1473 1859 1582 1894 καθῆκα
1600 1861 1720 1894 ὲμαυτὶν
1743 1862 1784 1892 εἰς
1805 1862 1873 1894 τοὺς

1082 1905 1201 1938 ἀγῶνας,
1215 1905 1274 1932 ἀλλ’
1286 1904 1338 1931 ὑπὸ
1352 1904 1406 1931 τῶν
1420 1904 1564 1940 ὁμοφύλων
1575 1906 1791 1940 ἐπιϐουλευθεὶς,
1804 1909 1875 1936 πολ-

1081 1950 1132 1982 λὰς
1152 1950 1335 1985 συκοφαντίας
1353 1950 1400 1977 καὶ
1420 1951 1548 1983 διαᾱολὰς
1563 1953 1805 1987 συσκευασάντων,
1823 1955 1876 1981 καὶ

1082 1996 1121 2026 είς
1132 1995 1218 2021 αὑτὸν
1230 1994 1276 2021 τὸν
1292 1994 1432 2028 κολοφῶνα
1454 1995 1507 2021 τῶν
1520 1995 1613 2022 κακῶν
1631 1996 1808 2029 σονελαθείγ
1825 1998 1878 2024 οὺ-

1082 2039 1163 2074 δεμία
1179 2039 1235 2075 γὰρ
1258 2039 1334 2071 ἐλπὶς
1356 2040 1516 2075 ὑπελείπετο
1538 2042 1720 2076 πονηροτέρα,
1733 2045 1782 2069 καὶ
1795 2051 1879 2070 συνι-

1082 2085 1135 2112 δὼν
1153 2085 1191 2117 ὡς
1208 2086 1257 2112 οἰκ
1277 2086 1471 2121 ἀγαπήσουσιν
1498 2086 1531 2113 ἂν
1555 2087 1647 2118 αὐτοῖς
1673 2090 1882 2124 παραχωρήσω

245 2132 326 2156 antea
340 2128 434 2155 multis
452 2128 532 2155 annis
547 2128 614 2155 mihi
631 2128 802 2156 studuissent
823 2129 958 2164 (quorum
981 2135 1027 2154 nec

1085 2131 1140 2158 τῶν
1164 2131 1337 2166 πραγμάτων
1353 2131 1403 2166 τῆς
1428 2132 1526 2167 ἀρχῆς,
1543 2132 1600 2158 ἀλλ’
1624 2133 1695 2169 ὑπὲρ
1715 2134 1764 2160 τοῦ
1781 2135 1881 2162 δοκεῖν

242 2174 345 2209 «igua
377 2179 419 2201 est
449 2174 607 2206 multitudo,
639 2174 720 2210 903
751 2182 802 2202 nee
832 2174 1031 2202 contemnenda

241 2219 407 2250 auctoritas,
439 2226 501 2246 cum
528 2220 615 2255 major
639 2228 702 2254 pars
728 2219 893 2247 illustriores
917 2219 1031 2247 Rottiaui

243 2265 319 2297 sint)
347 2265 572 2299 inter-emptores,
598 2265 634 2292 ob
658 2266 778 2300 ipsorum
804 2269 831 2292 et
856 2273 950 2293 eorum
985 2265 1031 2300 qui

245 2317 357 2336 meeum
382 2315 460 2337 erant
480 2311 606 2342 salutem,
635 2310 807 2346 imperatoris
822 2311 1033 2346 appellationem

243 2355 404 2390 assumpsi:
430 2355 556 2390 quamvis
582 2356 669 2384 multo
692 2361 755 2383 aliis
783 2364 867 2391 penes
896 2365 939 2384 me
960 2363 1033 2386 esset

243 2408 341 2427 rerum
365 2401 530 2435 arbitrium;
555 2409 609 2428 non
629 2403 750 2437 profecto
772 2403 807 2430 ob
831 2402 982 2430 claritatem
1000 2411 1033 2430 ex

244 2447 366 2481 imperio
389 2447 535 2480 orituram,
560 2455 649 2483 neque
671 2454 701 2475 ut
724 2448 750 2475 id
773 2449 834 2476 [iliis
860 2449 927 2476 meis
948 2449 1034 2483 patri-

244 2493 334 2519 anonii
357 2493 416 2520 loco
432 2494 629 2528 relinquerem.
645 2494 729 2529 Cujus
747 2502 812 2522 meae
828 2485 986 2526 voluntatis,
1007 2499 1035 2523 et

244 2538 409 2573 4trittsquam
433 2539 516 2566 totius
541 2540 648 2573 imperii
672 2547 783 2574 eumpos
808 2539 913 2572 fierem,
936 2544 963 2567 et
987 2548 1035 2575 per

243 2591 332 2610 mune
361 2587 468 2618 tetnpus
501 2585 689 2619 apertissimas
717 2585 933 2620 signiﬁcationes
959 2585 1034 2612 dedi.

245 2630 318 2657 Nam
336 2637 398 2657 cum
413 2634 488 2657 totus
510 2633 618 2664 rogaret
640 2630 788 2661 exert-itus.
811 2636 841 2657 ut
867 2634 892 2657 te
917 2631 1033 2664 impera-

246 2680 338 2702 torem
366 2674 526 2710 deligerem,
552 2674 639 2701 nolui.
667 2675 737 2708 Quin
770 2683 831 2702 cum
857 2675 912 2711 jam
944 2675 1033 2704 omnia

248 2721 429 2756 subegissem,
458 2721 608 2755 eademque
635 2722 712 2749 multi
736 2726 763 2748 et
786 2721 962 2749 illustrissimi
986 2723 1033 2750 lla.

245 2767 385 2802 gitarent,
426 2773 531 2796 tantum
566 2768 662 2801 abest,
693 2773 722 2795 ut
758 2768 865 2796 illorum
903 2769 1033 2803 precibus

1084 2175 1197 2206 δικαίως
1224 2175 1447 2211 πεπολεμηκέναι
1465 2177 1548 2211 ὠμῶς
1570 2178 1768 2205 ἀποκτενοῦσιν
1784 2178 1827 2210 ὡς
1843 2180 1883 2207 τὰ

1084 2221 1186 2256 ἔσχατα
1200 2221 1361 2256 ἠδικηκότα,
1375 2222 1425 2248 καὶ
1448 2222 1547 2254 παῖδας
1563 2222 1752 2258 διαφθεροῦσι,
1771 2225 1824 2251 καὶ
1839 2226 1886 2251 οἰ-

1083 2268 1184 2299 κείους,
1200 2268 1247 2293 καὶ
1260 2268 1322 2298 τοὺς
1337 2263 1445 2299 ἄλλους,
1458 2268 1516 2295 ὅσοι
1531 2268 1663 2304 πρότερον
1674 2270 1747 2295 ἔτεσι
1763 2270 1887 2302 πολλοῖς

1083 2312 1168 2344 εὔνως
1185 2312 1258 2347 ἔχειν
1276 2312 1384 2339 ἐδόκουν
1402 2313 1469 2347 πρὸς
1486 2313 1547 2348 ἐμὲ,
1563 2314 1639 2345 ὄντες
1654 2314 1704 2341 οὐκ
1719 2315 1816 2349 ὀλίγον.
1837 2324 1888 2343 τι-

1083 2357 1139 2391 νες,
1154 2358 1215 2385 οὐδὲ
1226 2358 1473 2394 εὐκαταφρόνητοι,
1491 2359 1549 2386 ἀλλ’
1564 2359 1588 2386 οί
1606 2359 1715 2393 πλείους
1727 2360 1776 2387 καὶ
1792 2368 1834 2386 πε
1840 2369 1891 2394 ρι-

1085 2404 1247 2439 ῳανέστεροι
1266 2403 1422 2437 Ῥωμαίων,
1437 2405 1507 2440 ὑπὲρ
1536 2405 1586 2439 τῆς
1606 2405 1740 2441 σφετέρας
1766 2414 1800 2433 τε
1834 2407 1892 2434 καὶ

1084 2451 1138 2477 τῶν
1150 2451 1283 2477 συνόντων
1300 2451 1436 2486 σωτηρίας
1452 2451 1564 2486 εἱλόμην
1579 2451 1627 2487 τὴν
1639 2451 1777 2487 βασιλέως
1792 2462 1895 2488 προα-

1084 2497 1209 2531 ηγορίαν,
1236 2497 1325 2524 καίτοι
1342 2497 1395 2531 πρὸ
1415 2496 1513 2523 πολλοῦ
1527 2497 1574 2523 τοῦ
1591 2498 1688 2533 χρόνου
1713 2498 1772 2525 τῶν
1807 2507 1894 2535 πρα-

1085 2542 1200 2576 γμάτων
1214 2542 1307 2577 ἄρχων
1322 2542 1511 2574 καθεστὼς,οὺ
1525 2543 1602 2578 δόξης
1617 2544 1699 2571 ἕνεκα
1713 2544 1767 2579 τῆς
1780 2545 1820 2571 ὲκ
1837 2545 1896 2580 τῆς

1086 2587 1223 2622 βασιλείας
1235 2588 1382 2624 ἐσομένης,
1401 2588 1461 2615 οὐδὲ
1471 2588 1518 2615 τοῦ
1530 2590 1587 2620 τοῖς
1599 2590 1692 2616 παισὶν
1705 2590 1813 2626 ὥσπερ
1826 2593 1902 2619 τινὰ

1086 2633 1213 2668 πατρῷον
1224 2633 1327 2669 κλῆρον
1345 2633 1521 2661 καταλείπειν
1531 2635 1579 2670 τὴν
1593 2635 1690 2671 ἀρχήν.
1706 2637 1765 2663 Καὶ
1780 2638 1902 2665 τούτου

1085 2677 1221 2711 δείγματα
1237 2679 1415 2714 παρεσχόμην
1431 2679 1619 2715 ἐναργέστατα
1643 2681 1687 2708 διὰ
1706 2683 1824 2714 παντὸς
1843 2683 1903 2709 τοῦ

1087 2724 1195 2758 χρόνου,
1209 2724 1239 2750 οὐ
1259 2724 1350 2758 μόνον,
1372 2725 1437 2760 πρὶν
1453 2725 1564 2761 ἁπάσης
1583 2726 1724 2762 ἐγκρατὴς
1745 2729 1907 2761 γενέσθαι

1086 2770 1135 2805 τῆς
1150 2769 1307 2805 ἡγεμονίας
1322 2770 1457 2806 δεομένων
1469 2771 1522 2807 γὰρ
1532 2768 1661 2800 ἁπάντων
1671 2773 1726 2800 τῶν
1739 2773 1908 2801 συνόντων
