1941 3088
97 85 142 117 357
655 63 870 113 IUSTO-MAR

943 82 1059 112 LIBER
1081 83 1132 114 ιν.

1656 87 1711 120 ἓ58

96 141 136 166 καὶ
150 139 179 166 σὲ
200 131 337 174 αἱρεῖσθαί
367 134 491 173 βασιλέα.
518 139 569 165 οὐκ
592 139 727 172 tam“.
743 138 811 165 ἀλλὰ
828 137 870 164 καί

928 144 1048 172 unquam
1072 138 1228 171 annuerim,
1252 143 1282 165 ut
1304 147 1365 166 cum
1387 140 1443 175 jam
1468 149 1559 169 rerum
1585 141 1713 170 dominus

99 185 159 220 μετὰ
176 185 206 211 τὺ
223 186 314 212 πᾶσαν
331 178 496 220 ποιήσασδαι
510 184 556 211 ὑπ’
570 178 688 219 ὲμαυτιῖν
700 192 706 199 ·
723 183 874 218 δεηθέντων

95 231 143 266 γὰρ
160 230 279 262 πολλῶν,
305 231 354 258 καὶ
370 231 487 265 μάλιστα
515 230 570 257 τῶν
598 229 824 263 ἐπιφανεστάτων
840 229 874 255 τὰ

97 276 136 302 ίσα
148 274 226 307 αὖθις
239 276 302 311 περὶ
319 274 376 308 σοῦ,
392 276 519 302 τοσοῦτον
536 275 582 302 τοῦ
598 275 794 309 πεισθήσεσθαί
807 283 874 301 ποτε

96 322 209 356 ἀπέσχον
219 318 260 353 οἷς
275 322 352 348 αὐτοὶ
364 321 466 356 ἠξίουν,
479 321 543 347 ὥσθ’
557 321 614 355 ἅμα
629 320 668 355 τῷ
685 321 775 347 πᾶσαν
791 320 874 355 ἔχειν,

95 367 135 393 καὶ
152 367 200 401 τῆς
221 367 376 402 μοχθηρίας
397 367 452 393 τῶν
473 366 653 400 συκοφαντῶν
672 365 874 400 ἐναργεστάτας

97 409 284 444 παρασχέσθαι
299 408 462 441 ἀποδείξεις,
481 410 572 436 πᾶσαν
593 409 721 435 ἐπενόουν
738 409 873 443 μηχανὴν,

95 456 136 481 καὶ
154 455 244 481 πάντα
261 455 409 489 ἔπραττον,
426 454 497 481 ὥστε
511 455 566 481 τῶν
583 455 615 481 ὲκ
627 455 679 488 τῆς
692 455 780 490 ἀρχῆς
797 454 875 489 θορύ-

94 499 144 526 ϐων
154 499 322 532 ἀπαλλάξας,
336 500 534 536 ἀπραγμοσύνῃ
547 500 592 527 τὸν
601 500 741 527 ἐπίλοιπον
753 502 873 527 συνεῖναι

94 545 154 580 βίον,
179 547 228 572 καὶ
250 546 318 581 πρὸς
334 547 383 582 τὴν
403 547 500 573 ἄλυτον
521 547 631 581 ἐκείνην
653 547 700 573 καὶ
728 546 765 582 μὴ
795 547 873 582 diap—

94 592 202 626 ῥέουσαν
215 592 289 627 ζωὴν
302 593 393 619 πᾶσαν
415 592 581 628 μεταθέσθαι
599 593 644 619 καὶ
669 593 796 628 φροντίδα
825 592 873 620 καὶ

94 637 218 673 σπουδήν.
234 637 270 664 Οὒ
288 638 342 673 μὴν
359 637 417 664 ἀλλ’
432 639 457 664 εί
473 638 521 665 καὶ
542 638 662 673 μάλιστά
676 647 717 670 τις
736 641 803 673 φαίη
821 639 873 673 τῆς

90 681 163 716 δόξης
177 683 272 715 ἓνεκα,
288 684 336 709 καὶ
363 683 412 717 τῆς
428 684 547 718 τρυφῆς,
568 683 615 710 καὶ
632 683 686 710 τῶν
713 684 801 711 ἄλλων
817 684 872 710 τῶν

89 727 235 754 δοκούντων
259 729 292 755 ἐκ
315 728 364 761 τῆς
395 728 533 763 βασιλείας
550 729 661 764 ἀγαθῶν
683 731 746 760 τοὺς
772 730 872 761 πόνους

90 773 136 806 ἐμὲ
166 774 293 805 καὶτοὺς
317 774 455 805 κινδύνους
468 775 531 806 τοὺς
551 776 692 806 τοσούτους
709 775 870 810 ὑποστῆναι,

90 819 204 853 μάλιστα
222 819 255 846 ἂν
268 819 357 854 ἔγωγε
388 820 472 855 φαίην
492 820 642 856 ἀξιόχρεως
657 820 706 848 καὶ
731 821 774 848 διὰ
791 821 871 848 τοῦτο

87 867 140 897 τοῖς
151 866 240 897 ἄλλοις
257 864 327 893 εἶναι
344 867 501 903 παιδευτὴς.
521 868 682 903 Σαφέστατα
697 869 751 904 γὰρ
768 869 800 895 ἐκ
816 869 870 895 τῶν

88 912 255 946 πραγμάτων
283 912 400 939 συνιδὼν
415 913 452 945 ὼς
469 913 499 939 τὸ
513 913 683 949 τηλικαύτην
700 914 788 949 ἀρχὴν
815 914 871 940 διέ-

88 965 147 983 πειν
163 957 252 989 καλῶς
269 958 316 984 καὶ
328 958 533 993 προσηκόντως,
549 959 596 985 καὶ
610 959 680 985 κατὰ
695 959 812 994 μίμησιν
823 960 870 986 τοῦ

87 1001 193 1028 πάντων
210 1002 400 1036 βασιλεύοντος
426 1002 493 1029 Θεοῦ
508 1003 559 1029 οὐκ
582 1003 614 1029 ἂν
639 1003 682 1038 εἴη
703 1003 803 1034 παντὸς
823 1002 870 1029 τοῦ

88 1047 258 1082 βουλομένου,
280 1048 337 1076 ἀλλ’
350 1049 408 1075 ὅσοι
418 1049 556 1084 Πνεύματι
569 1048 637 1075 Θεοῦ
650 1048 790 1084 ἀγόμενοι,
802 1049 872 1075 πάν-

87 1102 118 1120 τα
135 1095 303 1128 πράττουσιν
318 1096 392 1126 ὅπως
419 1096 452 1122 ἂν
468 1096 506 1130 τῷ
526 1097 620 1130 ἄγοντι
633 1096 724 1132 δοκοίη
737 1105 744 1113 ·
766 1093 822 1128 οἷος
837 1094 870 1131 ἦν

87 1139 177 1172 Δαυῒδ,
191 1141 239 1166 καὶ
251 1141 456 1172 Κωνσταντῖνος
477 1142 490 1167 ὀ
507 1143 592 1176 μέγας
608 1142 636 1168 ἐν
653 1141 803 1176 βασιλεῦσι,
824 1143 871 1168 καὶ

86 1185 141 1212 ὅσοι
165 1185 225 1212 κατ’
252 1186 377 1217 ἐκείνους
406 1187 453 1222 τὴν
483 1188 598 1223 ἀρετὴν,
627 1188 811 1222 ἀσφαλέστατ’
836 1188 870 1215 ἂν

87 1231 325 1266 συμϐουλεύσαιμι
344 1233 400 1263 τοῖς
418 1233 453 1268 μὴ
471 1233 615 1265 τοιούτοις,
635 1234 746 1268 καὶτῆς
759 1234 870 1269 πρώτης

87 1277 185 1312 πείρας
200 1277 380 1312 ἀποσχέσθαι,
403 1277 548 1312 μέλλουσιν
561 1279 612 1305 οὐκ
634 1278 738 1306 ἐλάττω
755 1279 871 1314 βλάπτε-

86 1320 146 1346 σθαι
167 1321 199 1346 ὲκ
213 1321 262 1355 τῆς
291 1322 389 1356 ἀρχῆς,
410 1321 493 1356 ῆὸσα
520 1322 676 1357 νομίζουσιν
693 1322 868 1356 ὠφελεῖσθαι,

86 1367 157 1401 σφᾶς
173 1367 272 1397 αὐτοὺς
285 1367 485 1399 ἐξαπατῶντες,
502 1367 550 1402 τὴν
563 1369 669 1404 τρυφὴν
685 1369 733 1395 καὶ
746 1370 795 1404 τὴν
808 1370 871 1405 βλα-

84 1411 174 1442 κείαν,
189 1410 237 1436 καὶ
253 1410 301 1443 τὴν
316 1410 400 1444 ἄλλην
418 1411 486 1445 πρὸς
501 1411 547 1437 τὸν
561 1411 618 1446 βίον
643 1411 780 1447 ρᾳθυμίαν
793 1413 870 1448 νομί-

85 1456 177 1487 ζοντες
193 1455 248 1482 τῶν
273 1456 395 1489 ἀγαυῶν.
415 1455 508 1482 Ταῦτα
535 1457 585 1492 μὲν
601 1455 648 1484 οὗν
673 1459 706 1485 ἄν
725 1467 766 1490 τις
790 1459 870 1494 φαίη,
884 1485 906 1514 c

85 1502 214 1514 “-14-...
244 1503 543 1514 __.-_....__-__\1__
570 1503 651 1514 ,ηενρ
684 1513 692 1514 ε
718 1513 722 1514 ν
760 1506 766 1514 ι
851 1505 857 1514 α

85 1503 131 1529 καὶ
142 1502 229 1528 πλείω
244 1503 348 1529 τούτων
363 1503 554 1538 παραπλήσια,
568 1503 741 1539 πειρώμενος
755 1505 872 1540 ἀποτρέ-

84 1556 147 1574 πειν
166 1548 213 1574 τοῦ
232 1548 270 1583 μὴ
284 1548 388 1582 σφόδρα
401 1549 545 1584 κεχηνέναι
562 1550 630 1584 πρὸς
643 1550 695 1584 τὴν
712 1550 792 1584 δόξαν
806 1551 871 1578 ταύ-

83 1601 134 1628 την
149 1592 198 1628 τὴν
216 1593 291 1620 κάτω
304 1595 352 1620 καὶ
369 1594 557 1630 πατουμένην,
583 1597 615 1630 ῆν
629 1595 677 1622 καὶ
700 1596 796 1631 χρόνος
812 1597 871 1624 δια-

83 1639 160 1666 λύειν
182 1639 286 1666 δύναιτ’
309 1639 352 1670 ἂν,
377 1641 426 1666 καὶ
453 1641 590 1676 μεταϐολὴ
621 1643 802 1677 πραγμάτων,
824 1643 872 1670 καὶ

85 1685 225 1720 μοχθηρία
255 1686 385 1720 πονηρῶν
415 1685 570 1721 ἀνθρώπων
584 1707 591 1719 ,
608 1688 655 1714 καὶ
687 1688 773 1722 μυρία
790 1688 871 1723 ἕτερά
891 1695 898 1702 ⁸

81 1739 155 1758 τινα,
181 1731 230 1757 Ἀν
259 1730 352 1765 μέντοι
381 1731 450 1766 πρὸς
473 1732 578 1764 τούτοις
608 1732 655 1759 καὶ
682 1733 748 1765 Θεὸς
769 1733 872 1761 ἄνωθεν

81 1776 309 1811 ἐπιψηφίζηται,
332 1776 379 1802 καὶ
415 1777 515 1813 κελεύῃ
555 1779 681 1814 φανερῶς
713 1779 871 1815 ἐξίστασθαι

81 1822 131 1857 τῆς
156 1821 263 1857 ἀρχῆς,
288 1823 317 1849 οὐ
338 1824 430 1851 πάντα
457 1824 597 1860 πράξομεν
616 1826 650 1852 τὰ
678 1825 738 1861 Θεῷ
763 1827 873 1853 δοκοῦν-

81 1877 116 1895 τα
142 1869 203 1903 μετ’
221 1869 446 1905 εὐγνωμοσύνης,
471 1871 540 1897 ἀλλὰ
554 1871 783 1907 φιλονεικήσομεν
799 1873 871 1908 ἢδιὰ

82 1913 143 1948 βίου
160 1914 325 1949 βασιλεύειν,
342 1915 359 1950 ἢ
377 1916 401 1941 εί
415 1916 453 1951 μὴ
468 1917 570 1952 παρείη
583 1917 650 1952 μηδὲ
667 1917 727 1952 ζῇν,
746 1918 814 1953 μηδὲ
826 1918 871 1945 τὸν
891 1931 896 1936 ο

80 1960 160 1994 ἥλιον
173 1960 241 1995 δρᾷν
255 1961 375 1992 τουτονὶ,
390 1960 450 1987 ἀλλ’
463 1961 515 1988 ὑπὸ
530 1961 613 1996 ζόφον
624 1962 699 1997 βιοῦν
710 1962 848 1998 αίρεῖσῢαι
861 1971 870 1997 ;

81 2005 183 2031 Καίτοι
209 2005 234 2031 εί
250 2005 300 2039 μὲν
314 2006 345 2032 ἐκ
360 2015 442 2043 τινων
456 2006 596 2041 λογισμῶν
611 2007 805 2042 ἀναμφιδόλων
821 2017 870 2035 σα-

80 2049 208 2083 φέστατα
221 2049 284 2084 ἐξῆν
295 2050 396 2078 ειδέναι
410 2051 452 2078 ὅτι
464 2052 528 2082 τοὺς
538 2051 696 2087 ἁπανταχοῦ
711 2052 870 2087 Βαρόάρους

78 2095 134 2128 γῆς
150 2094 318 2130 διαφθερεῖς,
333 2096 380 2122 καὶ
395 2098 514 2131 τρόπαια
525 2097 640 2132 λαμπρά
652 2107 714 2124 τινα
731 2098 778 2124 καὶ
793 2107 872 2134 περι-

925 190 1026 216 essent,
1050 191 1214 218 possemque
1240 185 1421 219 sycophantas
1448 186 1630 221 improbitatis
1655 189 1713 215 evi-

926 228 1084 256 dentissime
1121 230 1295 261 convincere,
1329 238 1439 257 omncs'
1458 231 1516 258 vias
1545 232 1646 266 quaasiu
1665 239 1712 265 tm.

926 274 1028 309 egerim
1060 279 1088 301 ct
1112 275 1224 302 molitus
1235 275 1285 302 sim
1307 276 1408 309 omnia,
1426 281 1456 303 ut
1474 278 1568 311 procul
1596 279 1711 312 strepitu

926 326 958 346 ac
993 320 1112 347 tumultu
1148 320 1268 354 imperii,
1294 321 1366 355 quod
1394 329 1553 357 superesset
1583 324 1655 356 vitae,
1686 324 1713 351 in

926 365 1072 399 tranquilla
1101 366 1274 400 negotiorum
1300 368 1436 394 vacuitate
1461 375 1661 402 consumerem,
1685 375 1714 397 et

924 408 958 435 ad
996 409 1070 436 illam
1102 418 1241 445 nunquam
1279 412 1537 445 praeterlabentem,
1572 412 1713 440 immorta~

924 455 1032 489 lemque
1046 456 1145 487 vitam,
1165 465 1274 484 outnem
1290 458 1504 486 sollicitudinem
1535 459 1712 495 studiumque

925 501 1116 528 transferrem.
1144 502 1241 528 Verum
1259 503 1400 530 enimvero
1425 504 1447 531 si
1472 504 1534 538 quis
1560 505 1643 532 etiam
1669 505 1712 532 di-

924 545 1006 576 xerit,
1024 552 1067 572 me
1086 546 1206 572 nominis
1221 547 1400 582 propagandi,
1413 552 1442 575 et
1454 548 1625 581 deliciarum,
1643 549 1712 576 alio-

925 597 1042 624 rumque
1070 591 1275 619 comtnodorutn
1307 593 1408 627 gratia,
1440 602 1501 628 qua:
1531 602 1564 621 ex
1595 594 1711 629 imperio

925 640 1057 669 putantur
1072 636 1228 670 provenire,
1244 637 1348 664 lat-ores
1364 641 1391 664 et
1405 638 1524 672 pericula
1543 642 1616 666 tanta
1631 639 1713 666 susti-

928 681 1035 713 nuisse,
1054 682 1089 708 cb
1106 682 1131 708 id
1147 682 1236 717 ipsum
1249 690 1299 718 ego
1313 690 1355 710 nte
1372 683 1432 710 aliis
1451 683 1586 718 inprimis
1602 691 1712 711 accom-

924 725 1061 752 modatum
1086 726 1145 754 fore
1170 728 1329 762 magistrum
1345 733 1373 755 et
1389 728 1573 755 institutorem
1606 737 1711 757 assero.

923 769 990 802 Quia
1005 770 1079 798 ettitn
1097 771 1131 797 ab
1150 771 1208 806 ipsa
1230 773 1398 807 esperieutia
1412 774 1539 802 eruditus
1558 774 1711 802 clarissime

923 816 1060 850 perspexi,
1081 821 1186 844 tantum
1205 819 1353 853 imperium
1372 819 1441 846 bene
1454 823 1482 846 et
1499 814 1709 853 convenienter,

924 868 985 888 cum
1011 862 1133 889 omnium
1158 862 1331 898 imperatoris
1353 863 1401 891 Dei
1429 864 1580 893 imitatione
1607 873 1706 900 procu-

922 914 994 940 rare,
1013 916 1066 935 non
1083 917 1143 936 esse
1166 910 1193 936 in
1217 910 1349 945 cujusque
1366 911 1483 939 volentis
1506 919 1588 939 manu
1612 912 1707 944 situm,

921 952 969 980 sed
987 961 1082 981 eorum
1107 956 1153 990 qui
1178 955 1280 990 Spiritu
1297 957 1342 984 Dei
1362 957 1427 988 acti,
1441 957 1531 985 omnia
1552 965 1585 985 cx
1610 958 1710 993 placito

921 1000 1027 1034 agentis
1051 1005 1134 1034 agunt
1154 1001 1269 1036 (quales
1292 1007 1373 1030 erant
1397 1003 1494 1036 David,
1522 1008 1550 1031 et
1575 1003 1712 1031 Constan-

922 1046 996 1074 tinus
1023 1046 1068 1073 ille
1100 1055 1215 1081 magnus
1240 1047 1400 1082 imperator,
1430 1054 1458 1076 ct
1489 1049 1648 1085 quicunque
1674 1050 1708 1078 ad

923 1091 1031 1118 illorum
1052 1092 1236 1126 prmstantiatn
1253 1094 1376 1127 proxime
1399 1095 1608 1130 accesserunt),
1632 1097 1712 1123 tutis-

921 1136 1020 1163 simum
1041 1137 1187 1163 consilium
1213 1137 1337 1164 dederim
1353 1138 1386 1165 iis
1406 1138 1453 1173 qui
1478 1139 1547 1166 tales
1562 1147 1617 1167 non
1635 1145 1710 1173 sunt,

922 1185 952 1208 ut
965 1182 1048 1208 etiam
1063 1182 1154 1216 primo
1171 1187 1270 1209 conatu
1289 1183 1466 1212 abstineant:
1486 1185 1710 1220 quandoquidem

921 1235 976 1254 uott
1007 1227 1099 1255 minus
1131 1228 1289 1256 nocumcnti
1314 1236 1330 1256 e
1356 1229 1510 1264 principatu
1547 1231 1711 1266 reportatnri

921 1277 1007 1306 sunt,
1040 1281 1122 1308 quam
1150 1281 1179 1302 se
1204 1274 1382 1302 emolumenti
1412 1280 1601 1311 reportaturus
1626 1278 1712 1304 conii-

921 1317 1040 1350 debaut,
1061 1320 1224 1354 semetipsos
1249 1320 1437 1354 ludificantes,
1462 1324 1571 1356 dantna,
1599 1322 1712 1351 delicias

921 1368 949 1391 et
975 1364 1058 1391 vitam
1088 1364 1254 1392 desidiosatn
1280 1366 1306 1392 in
1335 1365 1415 1393 bonis
1436 1371 1623 1394 numerantes.
1648 1367 1711 1395 llazc

922 1409 1026 1445 itaque,
1059 1414 1087 1438 et
1109 1411 1188 1445 plura
1215 1411 1297 1446 hujus
1324 1412 1444 1447 generis,
1470 1412 1493 1439 si
1518 1413 1655 1448 quispiam
1681 1413 1711 1440 iu

925 1455 1045 1482 medium
1070 1455 1198 1489 adducat,
1222 1457 1336 1484 studens
1353 1458 1437 1484 alium
1462 1466 1593 1486 revocare
1615 1459 1649 1486 ab
1665 1467 1711 1486 ar-

922 1500 995 1528 denti
1019 1502 1188 1536 appetitioue
1211 1496 1434 1537 hujus‘tcrrena:
1467 1509 1494 1531 et
1519 1504 1712 1532 couculcanda:

922 1546 1025 1581 glorize,
1041 1554 1122 1581 quam
1139 1551 1167 1574 et
1190 1551 1308 1582 tempus,
1333 1553 1360 1575 et
1377 1556 1470 1576 rerqu
1487 1549 1659 1582 vicissitudo,
1682 1553 1711 1577 et

922 1600 1117 1627 perversoruut
1136 1593 1278 1621 hominum
1299 1595 1430 1629 nequitia,
1448 1599 1477 1623 et
1502 1595 1555 1622 alia
1580 1595 1711 1623 innume-

922 1637 1020 1664 rabilia
1045 1638 1160 1673 [possint
1196 1638 1377 1666 dissolvere:
1413 1639 1435 1666 si
1471 1644 1603 1674 prmterca
1638 1639 1709 1667 Deus

923 1681 1043 1716 desuper
1058 1681 1196 1714 decernat,
1220 1688 1247 1710 et
1271 1683 1415 1710 manifeste
1435 1684 1531 1719 jubeat
1544 1691 1574 1711 se
1594 1683 1709 1718 imperio

921 1727 1061 1759 abdicare,
1084 1735 1139 1755 nou
1157 1729 1249 1756 omnia
1275 1729 1330 1756 Deo
1353 1729 1489 1763 placentia
1509 1736 1570 1756 cum
1589 1729 1710 1764 mquani-

922 1773 1016 1800 mitate
1038 1773 1178 1804 faciemus.
1194 1774 1241 1801 sed
1257 1774 1348 1802 adhuc
1364 1776 1575 1808 contendemus,
1587 1779 1635 1803 aut
1653 1779 1709 1803 tota

921 1819 977 1846 vita
995 1819 1140 1853 imperare.
1160 1819 1241 1854 904
1262 1824 1309 1846 aut
1332 1819 1354 1847 si
1379 1820 1406 1847 id
1424 1829 1478 1848 non
1505 1821 1596 1854 detur,
1620 1828 1710 1856 neque

922 1864 996 1892 hunc
1011 1865 1071 1892 cudi
1086 1864 1211 1899 spiritum
1234 1865 1346 1892 haurire
1366 1866 1496 1901 amplius,
1519 1874 1607 1900 neque
1623 1867 1709 1894 Solt‘lll

922 1910 997 1938 hunc
1020 1910 1138 1940 intueri.
1161 1915 1190 1937 ct
1215 1911 1297 1938 vitam
1321 1916 1442 1938 nostram
1457 1912 1591 1940 ‘tenebris
1611 1913 1709 1948 caligi-

922 1957 1006 1992 nique
1031 1956 1407 1984 mandabimus?Enimvero
1431 1958 1454 1985 si
1479 1958 1593 1986 minime
1619 1959 1710 1986 dubiis

923 2002 1181 2029 ratiocinationibus
1202 2003 1354 2029 certissime
1373 2003 1444 2030 scire
1465 2003 1572 2036 liceret,
1598 2007 1636 2035 te,
1661 2005 1709 2039 qui

922 2048 1025 2083 ubique
1042 2054 1177 2076 terrarum
1202 2051 1277 2079 sunt,
1302 2048 1439 2075 Barbaros
1455 2048 1621 2080 deleturum,
1646 2050 1710 2077 illu-

922 2093 1044 2127 striaque
1063 2097 1091 2119 et
1110 2092 1257 2126 conspicua
1272 2096 1372 2126 tropica
1391 2093 1424 2119 de
1441 2093 1569 2120 omnibus
1584 2094 1710 2121 hostibus

79 2140 157 2175 φανῆ
175 2141 285 2175 στήσεις
301 2141 355 2168 ἀπὸ
377 2142 488 2168 πάντων
508 2143 656 2178 πολεμίων,
682 2143 729 2170 καὶ
749 2144 798 2178 τὴν
819 2145 870 2179 ἀρ-

924 2144 1094 2170 erccturutn,
1112 2142 1140 2165 et
1158 2137 1297 2172 antiquam
1316 2137 1388 2164 illam
1405 2138 1532 2166 Romana:
1550 2139 1709 2174 reipublfcze

78 2186 165 2219 χαίαν
183 2185 359 2221 εὐδαιμονίαν
376 2188 433 2219 τοῖς
460 2188 605 2224 Ῥωμαίων
628 2187 783 2220 ἁνασὼσεις
798 2189 868 2224 πρά-

78 2239 183 2265 γμασι,
198 2231 246 2258 καὶ
270 2232 383 2267 κυρίους
397 2234 459 2268 γῆς,
476 2234 522 2260 καὶ
546 2233 684 2268 θαλάσσης
705 2235 867 2267 ἀποδείξεις,

78 2276 179 2311 ὥσπερ
191 2274 262 2311 ἦσαν
276 2278 305 2304 ὲν
314 2279 369 2309 τοῖς
384 2279 441 2305 ἄνω
451 2280 567 2314 χρόνοις,
578 2281 622 2306 ὅτε
637 2280 763 2316 ’ἢκμαζεν
778 2282 869 2309 αὐτῶν

81 2323 95 2356 ἡ
111 2322 241 2357 δύναμις,
259 2323 340 2358 λόγον
356 2324 388 2351 ἄν
402 2334 464 2351 τινα
483 2326 570 2352 ἐδόκει
596 2326 668 2361 ἔχειν
692 2327 707 2362 ἡ
735 2327 800 2361 πρὸς
819 2327 868 2363 τὴν

79 2367 254 2402 παραίτησιν
270 2370 320 2403 τῆς
346 2369 490 2404 βασιλείας
513 2371 639 2402 ἔνστασις
652 2380 660 2387 ι
676 2372 700 2398 εί
721 2372 749 2398 δὲ
765 2372 798 2398 τὰ
811 2382 867 2399 τοι·

77 2408 157 2440 αὔτα
176 2413 353 2448 εὐτυχήματα
368 2415 550 2450 ὀνειρώττειν,
564 2416 580 2452 ἢ
602 2418 648 2444 καὶ
661 2417 780 2452 νήφοντα
804 2419 870 2445 ἀνα-

76 2458 244 2492 λογίζεσθαι
267 2459 421 2494 διενήνοχεν
444 2461 532 2493 οὺδὲν,
550 2461 576 2487 τί
602 2461 644 2488 δεῖ
656 2462 775 2489 τοσαῦτα
800 2463 870 2498 ὑπὲρ

75 2512 93 2530 τ
103 2506 136 2530 ἷιν
151 2505 289 2539 ἰσομένων
307 2506 452 2541 μηδέποτε,
470 2506 650 2540 φιλονεικεῖν;
675 2507 746 2541 Ἐγὼ
760 2508 788 2534 δὲ
802 2508 869 2534 ἀπο-

76 2550 121 2584 ρῶ
137 2551 314 2578 παντάπασιν
326 2552 431 2584 ὁποίοις
447 2553 480 2580 ἂν
490 2561 544 2579 τισι
557 2553 732 2588 χρησάμενος
747 2553 869 2589 σώφροσι

74 2595 239 2631 λογισμοῖς,
259 2597 360 2632 μᾶλλον
378 2597 482 2633 αἱρήσῃ
495 2598 539 2626 διὰ
554 2598 617 2633 ,βίου
632 2598 818 2634 δεσμωτήριον
828 2600 868 2626 ol-

74 2643 152 2674 κεῖν,
171 2642 188 2676 ἢ
203 2643 254 2677 τὴν
264 2642 409 2679 βασιλικὴν
424 2643 504 2676 ἀξίαν
519 2643 681 2671 ἀποθέσθαι.
702 2643 734 2670 El
754 2645 808 2680 γὰρ
830 2646 868 2680 μὴ

74 2687 128 2713 νῦν
146 2688 274 2714 ὑπείκειν
287 2689 426 2724 ἐθελήσεις
440 2690 507 2725 πρὸς
527 2691 577 2725 τὴν
592 2690 725 2725 βασιλέως
739 2690 785 2717 τοῦ
797 2699 869 2725 γαμ-

73 2732 148 2767 ϐροῦ
167 2734 291 2767 ἀξίωσιν,
309 2735 382 2761 δυοῖν
397 2735 511 2770 θάτερον
521 2737 639 2771 ἀνάγκη,
657 2736 674 2771 ἢ
688 2736 796 2771 δεσμοῖς
807 2738 868 2763 ὲνα-

74 2779 267 2814 ποθνήσκειν,
286 2780 304 2815 ἢ
323 2780 471 2816 πειρᾶσθαι
493 2782 585 2816 τρόπῳ
600 2781 632 2816 δή
649 2790 701 2809 τινι
719 2781 749 2808 τὸ
761 2781 865 2816 δεσμω-

923 2177 1311 2215 felicitatetn'restituturum,
1338 2189 1366 2211 et
1396 2183 1522 2211 dominos
1550 2189 1629 2212 terra:
1650 2193 1709 2213 u-a-

923 2230 1027 2264 risque,
1041 2233 1071 2256 ut
1093 2234 1171 2256 erant
1194 2229 1383 2262 superioribus
1407 2229 1546 2262 mtatibus,
1572 2238 1633 2258 cum
1660 2230 1709 2258 ﬂo-

923 2281 997 2303 reret
1012 2282 1106 2302 corum
1123 2274 1255 2309 potentia,
1277 2273 1451 2306 effecturum,
1477 2283 1531 2301 non
1555 2284 1667 2311 prorsus
1691 2285 1706 2304 a

922 2321 1028 2348 ratione
1044 2320 1162 2347 alienum
1182 2320 1335 2350 videretur,
1357 2325 1456 2355 negato
1476 2320 1592 2355 imperio
1604 2321 1708 2349 instare

922 2365 1104 2393 obﬁrmatius.
1125 2365 1153 2392 Si
1181 2369 1273 2391 autem
1308 2365 1377 2392 nihil
1395 2366 1519 2397 interest,
1538 2371 1627 2393 tttrutn
1648 2366 1709 2394 feli-

923 2411 1020 2439 citates
1048 2410 1204 2445 huiusmodi
1228 2405 1343 2445 vigilans
1369 2411 1491 2446 cogites,
1508 2419 1542 2438 an
1567 2411 1709 2440 doruticus

923 2457 1054 2488 somnies,
1073 2455 1152 2490 quid.
1172 2464 1275 2491 qureso,
1302 2456 1399 2484 attinet
1421 2464 1469 2491 pro
1494 2458 1527 2484 i.s
1551 2465 1612 2492 qua:
1637 2466 1708 2485 nuu-

922 2510 1004 2536 quam
1018 2505 1110 2532 erunt,
1122 2505 1225 2528 tantum
1238 2501 1401 2536 defatigari?
1420 2501 1506 2528 Porro
1521 2502 1601 2536 plane
1614 2503 1709 2530 nescio

923 2547 970 2574 ubi
994 2554 1070 2574 mens
1087 2551 1132 2574 tua
1156 2546 1254 2578 fuerit,
1274 2554 1337 2573 cutn
1358 2547 1444 2581 magis
1467 2552 1628 2582 perpetuum
1649 2556 1709 2575 car-

924 2600 1025 2625 cercm,
1043 2600 1124 2626 quam
1143 2592 1326 2627 imperatoria:
1341 2592 1483 2627 dignitatis
1505 2594 1706 2621 abdicationem

923 2638 1039 2672 clcgisti.
1055 2637 1082 2664 Si
1095 2637 1167 2664 enim
1181 2638 1358 2672 postulationi
1373 2638 1461 2666 aﬂinis
1476 2639 1514 2666 tui
1531 2639 1708 2674 imperatoris

922 2683 1019 2710 cedere
1033 2683 1087 2717 jam
1103 2682 1310 2713 detrectaveris.
1327 2683 1442 2710 alterum
1458 2691 1472 2710 e
1488 2684 1596 2711 duobus
1612 2692 1708 2712 ncces-

922 2728 1024 2754 sariutn
1042 2726 1104 2759 erit,
1132 2732 1160 2754 ut
1184 2727 1225 2754 vcl
1252 2728 1278 2754 iu
1300 2728 1418 2755 vinculis
1443 2729 1571 2761 moriare,
1596 2729 1649 2762 vel,
1676 2734 1708 2757 ut

921 2780 983 2802 cum
1022 2773 1120 2801 techna
1153 2773 1243 2809 aliqua
1283 2775 1420 2808 evaseris,
1456 2775 1563 2810 itupcrii
1597 2776 1706 2808 labores
