1941 3088
193 140 246 172 363

773 141 935 173 JOANNIS
955 143 1218 174 CANTACUZENI

1757 136 1811 176 36l

198 198 366 233 Palaaologus
399 202 489 225 autern
514 198 664 233 imperator
696 200 889 235 complusculis
918 201 977 228 die-

1031 201 1096 232 λέως
1112 201 1220 236 ὤμνυεν
1248 200 1304 232 υίὸς
1318 200 1381 232 τοὺς
1403 200 1513 235 ὅρκους,
1539 200 1672 236 συνούσης
1691 209 1738 228 και
1758 201 1809 237 τῆς

192 243 245 271 bus
265 242 476 270 familiarissime
498 251 564 277 cum
585 243 710 271 Matthmo
736 245 972 280 versatus,'907

194 295 221 317 et
243 291 334 318 multis
352 290 526 318 sermonibus
544 298 606 318 eum
623 291 779 319 consolatus
793 297 845 324 est,
872 293 974 327 quibus

193 339 360 371 declarabat,
378 346 410 366 ex
428 338 584 366 adversario
610 342 638 365 et
668 338 747 365 hoste
770 338 821 366 sibi
847 339 974 366 intimum

193 385 323 412 evasisse.
341 384 506 411 llortabatur
527 384 603 415 item,
629 391 663 411 ne
680 384 713 411 de
732 384 917 419 imperatoriis
935 384 976 411 in-

194 430 320 463 signibus
332 429 462 463 depositis
487 429 706 461 contristaretur,
730 436 758 456 se
771 436 832 456 cum
845 433 976 464 opportu-

194 483 258 501 num
273 474 424 506 videretur,
450 481 544 501 eorum
572 474 796 501 resumendorum
814 478 974 508 potestatem

194 520 373 554 largiturum;
387 526 471 554 penes
484 527 511 546 se
523 519 595 546 enim
608 527 668 546 esse
681 515 829 554 juraménti
845 519 976 554 religione

195 566 312 596 solvere,
328 569 377 592 aut
388 565 548 592 obstrictum
568 570 673 592 tenere.
691 564 730 591 Ad
743 565 811 598 haec,
828 563 923 599 quales
938 564 976 592 illi

195 610 355 644 placerent,
380 611 526 644 purpureis
542 611 673 644 exceptis,
688 610 813 644 crepidas
827 610 935 642 conﬁci,
951 616 977 637 et

196 655 229 681 ab
255 662 288 681 eo
313 654 388 681 indui
409 655 546 689 permisit,
572 655 698 690 dictaque
715 656 801 683 salute
819 655 977 690 Byzantium

196 707 224 725 se
251 698 364 732 recepit,
391 703 415 725 et
434 698 565 726 Joannem
594 707 626 726 ac
649 699 815 727 Demetrium
833 701 891 735 ejus
909 699 977 727 filios

195 743 348 770 honoribus
365 743 435 778 apud
453 743 589 770 Romanos
606 743 800 772 illustrissimis
824 749 866 772 est
885 745 978 778 digna-

196 791 251 819 tus,
268 794 329 814 cum
344 785 474 815 Joannem
490 788 600 822 quidem
624 788 776 823 despotam,
808 787 976 816 Demetrium

196 833 441 860 sebastocraturem
473 833 639 868 designaret,
657 839 685 861 et
701 834 735 861 ad
766 841 886 861 mensam
901 841 977 861 suam

197 879 292 905 ambos
307 879 459 906 adhiberet.
474 879 548 912 Post,
564 887 611 906 eos
622 879 655 906 ad
668 885 771 914 patrem
781 880 880 907 multas
889 880 978 907 eidem

198 925 297 959 gratias
311 931 420 952 acturos
439 926 522 952 misit.
533 926 676 953 Mattltaeus
702 934 767 953 vero
782 927 855 954 cina
876 925 980 952 cultum

198 969 377 1004 novarelnihil
390 970 487 1002 voluit,
501 970 548 997 sed
560 970 629 998 albis
637 971 766 1005 crepidis,
778 975 808 998 ut
819 971 844 997 in
859 977 978 1004 carcere,

197 1023 264 1041 usus
278 1020 328 1042 est.
341 1015 547 1043 Cantaculenus
559 1024 641 1050 porro
650 1016 736 1043 filium
750 1024 811 1043 cum
828 1020 884 1043 tota
897 1015 980 1043 domo

197 1060 345 1094 accipiens,
368 1060 463 1096 longis
478 1061 636 1089 triremibus
662 1062 688 1088 in
703 1062 923 1096 Peloponnesum
946 1060 979 1088 ad

197 1105 350 1133 Manuelem
379 1106 519 1141 despotam
545 1106 663 1134 tiliorum
690 1108 805 1134 alterum
834 1107 979 1141 navigavit.

199 1151 254 1178 Nec
265 1150 303 1177 ibi
328 1151 452 1178 homines
465 1151 582 1186 improbi
596 1152 749 1178 machinam
764 1151 881 1185 aliquam
900 1151 982 1178 fabri-

198 1204 261 1223 care
282 1196 412 1227 cunctati,
441 1196 511 1222 unde
534 1203 596 1223 cum
616 1196 793 1223 vehementer
817 1196 979 1230 alﬂigerent,

198 1243 355 1276 priusquam
377 1241 405 1268 in
424 1241 540 1268 insulam
564 1242 682 1273 veniret,
696 1241 795 1268 litteris
808 1242 878 1276 apud
893 1241 978 1268 ﬁlium

198 1287 354 1314 ealumniati
371 1292 444 1318 sunt,
466 1287 543 1321 quasi
566 1294 627 1314 eum
640 1287 734 1314 insula:
751 1287 910 1321 praefectura
925 1288 979 1322 pri-

198 1340 271 1364 vate,
287 1337 314 1360 c‘.
331 1332 486 1360 Matlltacum
504 1332 615 1359 fratrem
635 1333 791 1367 pnefectum
807 1333 890 1360 vellet
905 1333 981 1360 insti-

199 1383 287 1409 tuere,
300 1377 381 1411 idque
410 1385 463 1404 non
477 1385 547 1404 unus
561 1383 588 1403 et
603 1377 681 1409 alter,
702 1377 748 1404 sed
768 1378 857 1408 multi,
871 1383 897 1404 et
910 1385 981 1411 saepe

198 1421 373 1452 scribebant;
401 1421 472 1455 quod
500 1422 622 1448 animum
650 1421 770 1456 dcspota:
799 1422 981 1456 maximopere

197 1467 355 1493 exulcerare
370 1467 466 1500 potuit.
479 1465 547 1494 Cum
561 1467 634 1494 cnim
646 1467 679 1494 ad
696 1467 857 1498 bonitatem,
871 1467 981 1501 sapien~

199 1514 274 1542 tiam,
292 1512 464 1546 prudentiam
482 1512 578 1546 patris,
604 1517 630 1539 ct
658 1519 777 1540 amorem
803 1513 978 1547 singularem,

198 1566 252 1592 quo
265 1558 286 1584 is
294 1563 439 1592 esseterga
453 1558 566 1590 liberos,
587 1559 758 1593 respiciebat,
775 1558 866 1585 omnia
880 1559 982 1585 calum-

199 1604 258 1629 nias
275 1603 521 1637 interpretabatur.
556 1603 624 1631 Cum
641 1612 706 1631 vero
725 1604 758 1631 ad
777 1604 979 1631 multitudinem

199 1650 393 1680 scrit.cntium,
422 1649 698 1684 probabilitatemqnc
731 1650 887 1680 dictorum.
911 1657 981 1683 quo-

199 1694 280 1722 modo
294 1694 386 1721 omnia
399 1701 510 1728 prorsus
520 1701 568 1728 pro
582 1694 775 1721 eommentitiis
793 1694 915 1725 duceret,
928 1701 981 1720 non

200 1740 319 1767 videbat.
340 1740 428 1773 Quare
443 1744 471 1766 et
491 1744 552 1774 post
563 1740 710 1766 adventum
723 1740 807 1774 patris
824 1740 982 1766 intestinum

199 1785 319 1813 dolorem
334 1794 412 1812 suum
429 1785 523 1812 habitu
541 1786 664 1819 corporis
675 1786 717 1812 sui
732 1785 878 1812 indicabat.
895 1785 983 1818 Impe-

200 1836 273 1858 l‘ﬂlOI‘
292 1838 390 1865 parcns
406 1830 548 1857 turbatum
565 1838 625 1857 (’SSC
641 1838 695 1857 llOll
713 1830 852 1865 ignorans.
868 1830 901 1857 de
917 1838 983 1857 cau-

199 1877 237 1903 sis
254 1875 491 1911 percunctabatur.
505 1876 548 1902 Ille
563 1876 663 1906 statim,
676 1875 748 1909 quod
761 1875 872 1908 latebat,
886 1876 981 1910 aperit.

199 1922 406 1949 Cantacuzenus
417 1921 600 1955 sycophantas
613 1928 714 1955 magum
726 1920 869 1950 dementire
880 1929 911 1947 ac
923 1928 984 1955 pra-

200 1965 293 1992 vitatis
306 1965 406 1999 arguit,
425 1965 566 1999 liliumque
583 1971 686 1998 monet,
701 1972 735 1992 ne
748 1965 826 1992 facile
841 1974 922 1993 aures
937 1973 982 1993 ca-

200 2011 321 2043 lumniis,
331 2011 448 2037 maxime
462 2015 556 2037 contra
568 2011 752 2043 eltarissimos,
761 2016 863 2045 patrem
880 2012 985 2038 scilicet

201 2063 228 2083 rt
245 2057 358 2083 Latrem
376 2057 489 2083 structis
501 2056 658 2083 commodet
675 2065 682 2083 :
698 2064 726 2084 se
741 2065 794 2084 non
810 2062 839 2084 ut
854 2057 983 2092 ipsiprm-

203 2108 334 2129 terturattt
349 2103 481 2135 auferret,
497 2103 544 2130 sed
559 2107 587 2129 ut
600 2103 678 2138 longe
694 2103 832 2131 meliorem
852 2111 884 2132 ac
903 2104 984 2131 tutio-

201 2158 256 2176 ιϊιιι
287 2149 426 2181 efficeret,
451 2157 484 2177 eo
514 2148 623 2175 fratrem
642 2148 797 2176 Mattltteum
826 2148 983 2176 adduxisse.

204 2195 273 2227 Quid
303 2196 375 2221 enim
395 2194 427 2221 ad
438 2193 637 2229 jueunditatem
659 2198 686 2220 et
702 2193 873 2221 securitatem
888 2194 984 2221 melius
1000 2203 1021 2230 ι)

201 2247 283 2273 quam
303 2248 354 2266 una
369 2247 428 2266 esse
440 2239 549 2272 fratres,
563 2244 592 2265 ut
605 2244 713 2269 natura.
730 2239 770 2265 sic
784 2238 881 2265 animis
889 2246 985 2266 conso-

199 2285 374 2312 ciatissimos?
384 2283 466 2319 908
477 2284 652 2317 Quodautcm
667 2283 694 2309 in
708 2283 923 2318 Peloponnesum
938 2290 985 2317 po-

201 2331 334 2356 tissimum
367 2330 527 2360 deduxerit,
550 2329 635 2356 solam
664 2337 724 2356 esse
737 2336 846 2355 causam
861 2328 985 2355 homines

200 2375 433 2410 pen'crsissimos,
450 2383 566 2409 quorutn
582 2375 744 2402 nuncliceat
756 2381 871 2401 messem
884 2378 985 2401 metere

201 2422 356 2453 mavimam,
388 2421 435 2455 qui
468 2420 608 2447 veritatem
621 2419 791 2454 etjustitiam
812 2426 863 2446 nec
883 2418 929 2445 ltili
945 2418 985 2445 fa-

199 2468 284 2497 ciant,
301 2471 327 2493 et
341 2465 431 2492 lucelli
449 2466 533 2500 gratia
547 2465 685 2493 teterrima
698 2468 825 2497 audeant,
841 2471 929 2499 neque
944 2469 984 2490 ta-

200 2521 260 2538 tln'tl
289 2513 332 2539 hic
358 2518 410 2538 tam
445 2516 551 2545 turpem
580 2516 607 2537 et
632 2510 792 2537 illiberalem
813 2509 984 2536 occasionem

201 2557 355 2587 habuerint,
374 2556 421 2582 Sed
435 2555 513 2589 quasi
528 2555 560 2581 ad
579 2554 733 2589 perdendos
748 2555 836 2581 bonos
858 2553 886 2579 in
902 2552 984 2578 vitam

199 2602 365 2633 mzroierint,
383 2601 501 2638 gratuito
531 2600 656 2627 seclerati
685 2600 752 2626 sint.
773 2600 893 2637 Quorum
911 2599 985 2625 inso-

201 2649 310 2674 lentiam
339 2652 365 2674 ct
386 2646 535 2681 nequitiam
560 2645 719 2676 formidans,
735 2652 768 2671 ne
781 2643 918 2671 ementitis
930 2644 985 2670 cri-

202 2693 322 2720 minibus
334 2693 528 2726 impcratorem
550 2691 740 2725 Pataeologum,
758 2694 785 2716 et
798 2689 909 2716 fratrem
925 2697 984 2715 mu-

204 2740 257 2765 tuis
272 2738 344 2764 odiis
360 2736 548 2769 incenderent,
566 2743 599 2762 eo
614 2735 689 2762 illum
703 2734 837 2762 adducere
853 2733 983 2765 voluisse,

201 2789 374 2818 putas-seque,
386 2781 459 2815 quod
472 2788 514 2807 res
525 2784 575 2813 est,
586 2788 680 2807 revera
690 2787 743 2807 non
757 2780 983 2813 Peiopomtcsum,

198 2830 263 2856 licet
280 2834 334 2856 tam
353 2828 481 2863 amplam,
505 2826 552 2854 sed
571 2833 654 2853 unum
676 2826 801 2861 idemque
814 2825 982 2853 domicilium

1027 246 1165 280 γυναικὸς,
1189 244 1205 281 ἦ
1233 246 1286 281 μὴν
1310 246 1440 281 τηρήσειν
1465 245 1589 280 βεϐαίους
1611 246 1654 273 διὰ
1677 246 1747 280 βίου.
1761 247 1810 274 καὶ

1028 292 1162 326 μηδέποτε
1181 291 1284 326 μηδένα
1299 291 1505 325 παραϐήσεσθαι
1528 291 1625 318 ἑκόντα
1640 290 1720 318 εἶναι.
1748 292 1810 319 Ἐπὶ

1028 337 1133 368 τούτοις
1158 337 1187 363 δὲ
1218 337 1266 364 καὶ
1292 336 1443 368 Κάλλιστος
1459 338 1473 363 ὁ
1497 337 1672 372 πατριάρχης
1696 338 1809 364 ἐπεῖπεν

1026 383 1192 418 ἀφορισμδν,
1208 384 1232 409 εί
1251 382 1288 418 μὴ
1311 384 1367 414 τοῖς
1393 383 1601 417 ὀμωμοσμένοις
1627 383 1747 417 ἀκριϐῶς
1763 385 1811 418 εμ-

1029 430 1128 464 μείνειε
1145 437 1151 444 ·
1171 428 1291 461 διελύετό
1306 437 1336 455 τε
1354 428 1409 454 τῶν
1427 428 1578 463 ἀρχιερέων
1592 428 1607 454 ὁ
1621 428 1748 462 σύλλογος
1762 429 1810 455 αὐκ

1026 475 1101 502 τίκα.
1119 474 1299 509 Παλαιολόγος
1318 474 1347 501 δὲ
1360 474 1374 500 6
1394 473 1520 509 βασιλεὺς
1532 473 1582 500 οὐκ
1596 473 1687 508 ὀλίγας
1704 473 1810 508 ἡμέρας

1026 521 1158 556 Ματθαίῳ
1183 521 1221 555 τῷ
1251 520 1380 555 γυναικὸς
1399 519 1506 555 ἀδελφῷ
1534 519 1736 553 συνδιατρίψας,
1763 519 1810 545 καὶ

1027 566 1128 602 πολλὴν
1147 566 1352 601 ἐπιδειξάμενος
1379 565 1584 600 φιλοφροσύνην
1598 565 1687 598 λόγοις
1700 573 1730 591 τε
1746 564 1810 590 πολ-

1027 609 1083 640 λοῖς
1098 609 1290 644 παρακαλέσας
1305 610 1334 636 ἐν
1350 607 1390 641 οἷς
1406 608 1577 636 ἐπεδείκνυεν
1601 609 1683 636 αὑτὸν
1699 609 1731 635 ὲκ
1752 608 1810 634 δια-

1022 656 1111 690 ιφόρου
1127 656 1260 697 πρότερον
1277 655 1325 682 καί¹
1347 655 1477 690 πολεμίου
1494 654 1570 690 φίλον
1590 656 1618 686 ἐς
1640 654 1674 681 τὰ
1694 654 1810 690 μάλιστα

1027 701 1212 736 γεγενημένον
1229 701 1287 734 νῦν,
1305 700 1353 728 καὶ
1373 701 1438 735 περὶ
1458 700 1508 734 τῆς
1537 700 1681 734 βασιλικῆς
1708 698 1810 732 σκευῆς

1028 746 1069 773 ὅτι
1084 747 1241 779 ἀποδέδυτο,
1267 747 1305 782 μὴ
1329 746 1398 774 πάνυ
1420 746 1590 781 παραινέσας
1605 744 1735 780 ἄχθεσθαι
1747 753 1754 760 ·
1773 745 1810 775 ὡς

1029 792 1111 826 ήνίκα
1125 792 1158 819 ἂν
1175 792 1251 828 αὐτῷ
1263 791 1354 826 δοκοίη
1381 792 1520 827 προσῆκον
1536 788 1607 818 εἶναι
1621 791 1751 826 χρῆσθαι,
1763 788 1811 816 αὗ-

1031 837 1074 869 θις
1093 838 1308 873 ἐπιτρέψαντος·
1335 838 1400 871 παρ’
1417 837 1492 872 αὑτῷ
1517 837 1572 871 γὰρ
1597 835 1668 863 εἶναι
1692 836 1765 862 λύειν
1781 844 1810 862 τε

1030 883 1092 913 τοὺς
1107 883 1215 918 ὅρκους,
1234 882 1281 909 καὶ
1305 883 1402 918 τηρεῖν
1426 882 1551 914 ἀλύτους,
1567 883 1591 908 εί
1615 882 1652 917 μὴ
1677 881 1808 916 βούλοιτο,

1030 928 1127 954 ἔπειτα
1144 927 1174 954 τδ
1192 927 1239 954 νῦν
1264 928 1336 962 ἔχον,
1360 927 1430 962 πλὴν
1445 928 1499 955 τῶν
1517 927 1650 961 ὲρυθρῶν,
1666 927 1760 962 οποίας
1777 927 1809 952 ἂν

1031 972 1104 1008 αὐτῷ
1132 972 1222 1007 δοκοίη
1251 972 1483 1007 καινουργήσαντι
1502 972 1637 1006 κρηπῖδας
1662 970 1811 1006 ἐπιτρέψας

1031 1018 1206 1051 ὑποδύεσθαι,
1228 1017 1430 1053 συνταξάμενος
1443 1017 1483 1049 είς
1498 1016 1646 1048 Βυζάντιον
1669 1016 1789 1050 ἐπανῆκε
1802 1023 1810 1031 ·

1030 1065 1086 1091 καὶ·
1095 1063 1222 1099 Ἰωάννην
1231 1064 1276 1091 καὶ
1285 1064 1440 1099 Δημήτριον
1447 1063 1510 1094 τοὺς
1523 1063 1597 1094 υἱοὺς
1609 1062 1748 1089 Ματθαίου
1764 1062 1811 1089 to}

1030 1111 1078 1146 τῆς
1091 1110 1222 1145 γυναικὸς
1233 1109 1362 1144 ἀδελφοῦ,
1378 1109 1464 1145 τιμῶν
1490 1108 1590 1143 ἠξίωκε
1611 1108 1664 1134 τῶν
1682 1109 1812 1142 ἐπιφανε-

1031 1156 1135 1183 στάτων
1148 1156 1223 1190 παρὰ
1238 1155 1397 1190 Ῥωμαίοις,
1408 1154 1541 1189 δεσπότην
1557 1153 1606 1188 μὲν
1621 1154 1667 1180 τὸν
1686 1154 1811 1187 Ἰωάννην

1031 1201 1185 1233 ἀποδείξας,
1201 1200 1247 1227 τὸν
1269 1201 1298 1226 δὲ
1320 1200 1476 1235 Δημήτριον
1503 1199 1750 1234 σεεαστοκράτορα,
1766 1200 1811 1225 mi.

1031 1246 1200 1281 κοινωνήσας
1215 1245 1307 1276 αὐτοῖς
1320 1243 1469 1280 τραπέζης,
1483 1243 1577 1270 ἔπειτα
1593 1243 1731 1277 ἐξέπεμπε
1744 1243 1810 1278 πρὸς

1031 1292 1076 1318 τὸν
1095 1291 1209 1326 πατέρα,
1238 1290 1339 1321 πολλὰς
1358 1289 1556 1325 ὁμολογοῦντας
1580 1289 1629 1323 τῆς
1653 1289 1810 1323 εὐεργεσία;

1031 1338 1154 1372 χάριτας.
1171 1336 1309 1367 Ματθαῖος
1325 1336 1352 1362 δὲ
1368 1335 1444 1362 οὐδὲν
1467 1335 1554 1362 εἵλετο
1570 1335 1633 1370 περὶ
1647 1335 1697 1369 τὴν
1711 1335 1811 1368 σκευὴν

1032 1383 1200 1417 καινοτομεῖν
1214 1390 1221 1398 ο
1243 1382 1312 1409 ἀλλά
1331 1381 1441 1413 λευκαῖς
1460 1382 1601 1417 κρηπῖσιν,
1617 1381 1711 1415 ὥσπερ
1730 1381 1810 1416 ἡνίκα

1030 1426 1064 1463 ἦν
1080 1429 1109 1455 ἒν
1126 1427 1165 1462 τῷ
1183 1427 1362 1463 δεσμωτηρίῳ
1379 1427 1495 1462 χρῆσθαι
1510 1427 1605 1454 εἵλετο.
1620 1427 1812 1461 Καντακονξη-

1032 1473 1076 1503 νὸς
1092 1472 1121 1498 δὲ
1134 1473 1147 1498 ό
1163 1471 1301 1507 βασιλεὺς,
1321 1472 1484 1507 πανοικεσίᾳ
1496 1473 1542 1498 τὸν
1557 1472 1614 1498 υίὸν
1636 1472 1721 1507 παρα)
1728 1471 1811 1503 αὸὼν,

1034 1516 1203 1542 ἀπέπλευσεν
1216 1517 1255 1547 είς
1268 1516 1470 1550 Πελοπόννησον
1479 1516 1605 1551 τριήρεσι
1616 1516 1734 1550 μακραῖς
1745 1516 1791 1550 πρ⁷
1799 1524 1813 1546 ς

1033 1561 1161 1597 Μανουήλ
1190 1561 1325 1596 δεσπότην
1343 1561 1397 1588 τῶν
1420 1561 1486 1587 υἱῶν
1509 1561 1554 1587 τὸν
1572 1561 1674 1595 ἕτερον.
1701 1561 1737 1587 Οὐ
1761 1560 1813 1595 μὴν

1032 1608 1091 1633 οὐδὲ
1119 1608 1177 1634 ὲκεῖ
1205 1607 1323 1642 ἠμέλουν
1347 1607 1372 1633 οἱ
1396 1607 1510 1641 πονηροὶ
1535 1607 1582 1633 καὶ
1607 1605 1736 1640 μοΑθηροὶ
1750 1608 1813 1637 τοὺς

1032 1653 1150 1687 τρόπους
1168 1652 1293 1687 μηχανήν
1306 1660 1366 1678 τινα
1389 1651 1568 1686 ἐξευρίσκειν,
1583 1650 1612 1682 ἐξ
1629 1648 1661 1686 ᾖς
1677 1650 1814 1684 λυπήσου-

1033 1705 1074 1722 σιν
1085 1696 1122 1726 ὡς
1136 1697 1266 1731 μάλιστα,
1276 1696 1344 1722 ἀλλὰ
1356 1696 1420 1730 πρὶν
1429 1695 1556 1729 γενέσθαι
1566 1695 1594 1720 ἐν
1605 1695 1812 1729 Πελοποννήσῳ,

1032 1741 1178 1775 γράμμασι
1194 1740 1261 1775 πρὸς
1280 1740 1415 1774 δεσπότην
1431 1738 1605 1765 διαῦἁλλουσι
1633 1739 1679 1765 τὸν
1696 1738 1763 1771 υἱὸν,
1775 1738 1814 1769 ὡς

1034 1786 1154 1820 βούλοιτο
1168 1788 1216 1820 τῆς
1233 1785 1281 1820 μὲν
1301 1785 1388 1820 ἀρχῆς
1408 1785 1490 1811 αὐτὸν
1505 1785 1677 1819 ἀποστερεῖν,
1694 1785 1814 1819 ἄρχοντα

1033 1831 1060 1856 δὲ
1077 1831 1279 1865 Πελοποννήσου
1296 1829 1437 1856 Ματθαῖον
1455 1829 1648 1864 ἀντικαθιστᾷν
1667 1829 1712 1855 τὸν
1736 1829 1814 1856 ἁδελ-

1034 1876 1083 1909 φάν
1099 1883 1105 1890 ·
1125 1875 1172 1901 καὶ
1186 1875 1277 1907 τοῦτο,
1291 1875 1339 1909 οὐχ
1360 1872 1400 1905 εἷς
1419 1875 1465 1901 καὶ
1481 1874 1537 1906 δύο,
1555 1875 1621 1901 ἀλὶά
1633 1875 1679 1902 καὶ
1694 1875 1815 1910 πλείους,

1035 1923 1080 1948 καὶ
1096 1921 1224 1951 πολλάκις
1237 1921 1438 1948 ἐπεστάλκασιν
1450 1928 1456 1935 ·
1480 1921 1494 1947 ὃ
1509 1921 1557 1955 οὐχ
1580 1921 1680 1955 ἥκιστα
1694 1923 1756 1953 τοὺς
1771 1922 1817 1948 λο-

1034 1968 1149 2001 γισμοὺς
1163 1965 1290 1993 δεσπότου
1302 1966 1462 1993 κατασεῖσαι
1475 1966 1605 2001 ἠδυνήθη.
1619 1966 1682 1993 Ὅτε
1697 1967 1747 2002 μὲν
1761 1969 1816 2003 γὰρ

1035 2012 1100 2046 πρὸς
1116 2011 1165 2046 τὴν
1179 2011 1331 2038 ἐπιείκειαν
1345 2012 1391 2038 καὶ
1402 2011 1520 2044 σύνεσιν,
1533 2012 1580 2038 καὶ
1595 2011 1736 2038 εὐϐουλίαν
1750 2013 1816 2039 ἀπί-

1034 2057 1074 2083 δοι
1089 2057 1135 2083 τοῦ
1154 2058 1267 2091 πατρὸς,
1285 2057 1332 2082 καὶ
1350 2056 1400 2091 τήν
1420 2056 1460 2088 είς
1474 2057 1538 2088 τοὺς
1555 2056 1654 2087 παῖδας
1673 2056 1816 2092 φιλοστορ-

1034 2103 1108 2138 γίαν,
1125 2103 1213 2129 πάντα
1228 2102 1374 2137 πλάσματα
1389 2102 1483 2137 ἠγεῖτο
1505 2102 1551 2128 καὶ
1564 2102 1691 2133 διαὸολάς
1705 2110 1712 2117 ·
1726 2103 1770 2129 ὅτε
1787 2103 1816 2129 δὲ

1035 2150 1073 2179 εἰς
1090 2149 1120 2175 τὸ
1143 2148 1245 2181 πλῆθος
1266 2149 1312 2174 καὶ
1326 2149 1375 2183 τὴν
1401 2148 1568 2183 πιθανότητα
1585 2149 1639 2174 τῶν
1654 2150 1817 2183 γεγραμμέ-

1036 2201 1098 2224 νων,
1116 2193 1164 2218 οὑκ
1179 2190 1250 2226 εἶχεν
1266 2192 1340 2222 ὅπως
1357 2192 1442 2218 ἆπασι
1458 2191 1587 2224 καθάπαξ
1604 2192 1741 2224 ἀπιστεῖν,
1754 2192 1817 2218 ὅθεν

1037 2239 1084 2264 καὶ
1101 2238 1169 2271 μετὰ
1186 2238 1235 2273 τὴν
1253 2237 1385 2272 βασιλέως
1407 2236 1453 2263 τοῦ
1477 2237 1580 2271 πατρὸς
1599 2237 1747 2272 ἐπιδημίαν
1768 2238 1818 2272 τὴν

1035 2283 1108 2309 ἔνδον
1125 2283 1246 2317 ταραχὴν
1260 2283 1288 2309 ἐν
1304 2283 1360 2313 τοῖς
1376 2281 1471 2317 ⁴ίίλθεσιν
1488 2283 1631 2316 ὑπέφαινε.
1645 2283 1774 2315 Βασιλεύς
1786 2293 1818 2311 τε

1035 2327 1049 2352 ὁ
1075 2325 1165 2360 πατὴρ
1189 2326 1235 2351 τὸν
1263 2325 1377 2360 θόρυϐον
1402 2326 1453 2352 οὐκ
1480 2327 1627 2360 ἀγνοήσας,
1653 2328 1819 2355 ἐπυνθάνετο

1035 2371 1085 2402 τὰς
1099 2372 1186 2402 αἰτίας
1202 2371 1262 2397 ὅθεν
1276 2369 1343 2399 εἶεν.
1362 2371 1391 2398 '0
1406 2372 1435 2398 δὲ
1449 2373 1504 2399 πᾶν
1519 2371 1702 2404 ὲξεκάλυπτεν
1717 2375 1820 2401 αὐτίκα

1035 2418 1065 2442 τὸ
1082 2417 1248 2452 ἀπόρρητον.
1266 2416 1398 2448 Βασιλεὺς
1414 2416 1442 2444 δὲ
1457 2418 1470 2443 ὁ
1487 2419 1577 2452 πατὴρ
1590 2418 1645 2444 τῶν
1667 2419 1716 2453 μὲν
1739 2427 1821 2445 συκο-

1037 2462 1145 2496 φαντῶν
1171 2462 1272 2496 πολλὴν
1299 2462 1486 2495 κατεγίνωσκε
1505 2463 1655 2498 σκαιότητα
1672 2463 1720 2490 καὶ
1734 2472 1819 2498 πονη-

1037 2506 1097 2541 ρίαν
1115 2506 1233 2541 τρόπων,
1252 2507 1296 2533 τὸν
1308 2507 1335 2533 δὲ
1365 2506 1422 2533 υἱὸν
1453 2506 1569 2541 παρῄνει
1584 2507 1622 2542 μὴ
1644 2508 1734 2542 ῥᾴδιον
1746 2505 1819 2535 εἶναι

1036 2552 1245 2586 προσέχειιιταίς
1254 2551 1401 2585 διαϐολαῖς,
1413 2551 1460 2578 καὶ
1477 2552 1596 2586 μάλιστα
1604 2553 1673 2579 κατὰ
1681 2552 1820 2587 φιλτάτων

1037 2597 1322 2631 συνεσκευασμέναιςθ,
1334 2596 1438 2632 πατρὸς
1465 2597 1513 2623 καὶ
1542 2596 1667 2631 ἀδελφοῦ,
1682 2598 1762 2625 αὑτὸν
1776 2598 1818 2631 δὲ,

1035 2643 1084 2677 οὐχ
1107 2642 1179 2673 ὅπως
1192 2642 1274 2668 αὑτὸν
1286 2642 1414 2675 ἀφέλοιτο
1435 2642 1485 2677 τὴν
1512 2642 1599 2677 ἀρχὴν
1627 2644 1673 2669 τὸν
1702 2643 1819 2677 ἀδελφὸν

1036 2688 1125 2713 ὲκεῖσε
1135 2687 1261 2721 ἀγαγεῖν,
1272 2687 1328 2713 ἀλλ’
1340 2687 1374 2713 ἵν’
1385 2687 1422 2718 ὡς
1433 2688 1550 2722 μάλιστα
1561 2685 1657 2723 βελτίω
1668 2689 1714 2714 καὶ
1726 2690 1820 2723 άσφαυ

1035 2734 1166 2768 λεστέραν
1192 2733 1393 2768 ἀπεργάσηται.
1407 2734 1440 2759 Τί
1455 2734 1507 2768 γὰρ
1529 2733 1561 2760 ἂν
1586 2734 1634 2760 καὶ
1648 2734 1690 2767 εἴη
1712 2733 1819 2767 βέλτιον

1036 2780 1075 2808 είς
1090 2779 1167 2813 λόγον
1182 2778 1278 2813 ἠδονῆς
1296 2778 1343 2805 καὶ
1359 2779 1508 2813 ἀσφαλείας
1524 2780 1540 2813 ἦ
1557 2779 1586 2805 τὸ
1602 2780 1722 2805 συνεῖναι
1737 2779 1818 2804 ἁδελ-

1036 2826 1101 2859 eo);
1117 2824 1257 2859 ἀλλήλους,
1275 2823 1377 2859 ὁμοίως
1390 2825 1423 2859 τῇ
1437 2824 1507 2851 κατά
1522 2823 1605 2858 φύσιν
1620 2823 1755 2859 συναφεία
1767 2824 1818 2850 καὶ
