1941 3088
179 157 231 190 367

774 155 934 187 JOANNIS
953 154 1213 185 CANTACUZENI

1741 151 1792 187 368

178 213 297 242 studium
311 220 375 248 erga
389 212 574 248 patriarcham
592 212 684 239 vivum
704 217 784 246 atque
804 215 959 241 mortuum.

1015 210 1090 245 φήμη
1118 210 1222 244 διεδόθη
1250 210 1324 245 παρὰ
1339 211 1394 242 τοῖς
1415 210 1522 242 πολλοῖς
1541 211 1678 246 φαρμάκῳ
1696 211 1792 244 αὐτοὺς

178 260 225 287 sed
239 265 267 287 et
282 259 371 286 morbi
387 266 483 293 genus,
499 265 553 292 quo
573 258 690 292 quisque
718 257 859 284 confectus
878 256 958 288 obiit,

178 305 259 332 talem
277 304 311 332 de
326 300 358 332 ea
372 304 559 338 suspicionem
586 303 695 338 penitus
721 302 893 338 prohibebat.
914 301 960 328 Di-

179 350 267 378 versis
292 356 412 384 namque
435 348 549 380 morbis,
567 353 595 376 et
612 355 662 375 nec
683 348 737 375 duo
752 347 847 374 saltem
863 346 958 374 eodem

178 394 309 424 exstincti
329 398 402 422 sunt.
417 393 582 421 Patriarcha:
605 393 733 421 defuncto
761 393 788 420 in
812 391 958 427 metropoli

178 441 328 468 Pherarum
345 443 535 474 sumptuosum
554 443 582 465 et
614 438 795 466 honorillcum
813 437 895 464 l'unus
924 436 959 464 ab

178 493 211 512 ea
222 485 335 517 factum,
349 484 383 511 ad
404 491 484 519 quam
500 491 561 510 cum
588 491 621 510 ex
639 482 813 511 monasteriis
831 482 858 509 in
876 481 958 514 Atho,

178 529 350 565 potissimum
369 536 435 556 vero
451 536 467 556 e
483 535 561 555 sacra
577 528 678 561 Laura,
711 527 882 563 probatiores
898 534 960 554 san-

178 574 334 608 ctiorcsque
350 573 476 600 monachi
486 573 621 606 venirent,
632 580 786 608 corpusque
799 572 960 607 patriarcha

178 620 205 646 in
219 619 290 646 Atho
300 618 550 653 transportandum,
565 623 591 645 et
602 618 673 653 apud
685 619 759 653 ipsos
773 617 959 652 sepeliendum

179 668 317 699 rogarent,
346 664 392 691 illa
411 664 558 695 recusavit,
578 664 651 699 quod
676 664 790 696 diceret,
821 663 873 690 sibi
893 663 959 690 illud

178 709 363 741 retinendum,
377 709 464 744 magis
477 709 550 736 enim
564 709 623 744 ejus
637 709 687 735 viri
703 708 853 743 patrocinio
868 715 958 743 egere.

177 755 245 780 Dum
265 754 322 781 haec
345 753 452 786 ﬁerent,
471 753 621 788 imperator
637 755 665 780 in
690 753 772 781 urbes
791 752 825 780 ad
844 753 958 781 Pontum

177 799 268 827 Moesis
285 799 421 834 subjectas
435 799 514 827 duxit
531 808 537 826 :
556 799 608 826 fuit
629 799 703 827 enim
715 799 754 827 illi
766 807 828 827 cum
844 799 959 826 Alexan-

176 846 226 872 dro
241 845 386 872 Moesorum
402 845 515 880 regelis.
530 845 562 873 Et
575 845 736 873 Anchialum
753 845 862 880 quidem
871 846 959 880 primo

163 886 277 925 'impetu
305 892 378 926 cepit
397 900 403 918 :
421 892 610 919 Mesembriam
647 899 713 920 vero
742 892 769 919 in
801 893 958 920 continente
975 881 1001 912 Β

174 938 306 965 αεᾱίθειιιιι
325 938 392 965 turri
403 939 436 966 ad
452 938 591 973 angustias
606 946 655 973 per
665 947 733 974 quas
748 943 807 966 erat
816 938 917 971 aditus,
931 943 960 967 et

175 991 208 1010 ex
224 983 292 1010 mari
311 983 428 1010 navibus
445 984 629 1019 oppugnabat,
647 984 841 1019 premebatque
857 984 960 1012 incolas

176 1035 443 1063 nonparum,aqua:
467 1029 617 1064 przesertim
639 1029 774 1064 penuria;
801 1036 854 1056 non
886 1029 959 1057 enim

176 1074 271 1108 procul
293 1074 327 1101 ah
352 1073 457 1108 oppido
484 1081 516 1101 cx
545 1073 620 1102 fonte
637 1074 754 1108 quodam
776 1074 959 1109 aquabantur.

175 1119 252 1147 Tunc
269 1123 359 1146 autem
376 1119 410 1146 ab
434 1119 557 1146 exercitu
572 1119 707 1154 impediti,
723 1119 869 1154 oppidanis
883 1121 961 1154 aquis

176 1170 204 1191 et
221 1164 346 1197 modicis,
361 1168 389 1191 et
401 1163 503 1198 putidis
518 1164 679 1191 utebantur.
700 1163 854 1191 Alexander
871 1165 961 1191 multis

178 1208 539 1242 rationibusimpcratorem
555 1208 590 1235 ab
615 1208 820 1243 oppugnatione
849 1209 961 1244 rejicere

178 1257 292 1280 conatus
305 1256 355 1280 est.
368 1252 434 1279 Nam
460 1257 487 1279 ct
503 1252 536 1279 de
553 1252 612 1279 suis
624 1252 721 1286 copiis,
741 1257 770 1279 et
787 1252 820 1280 de
838 1252 962 1279 Barbaris

178 1299 205 1325 in
224 1298 350 1329 Thracia,
366 1297 482 1332 pecunia
509 1297 642 1324 demulsis
662 1297 723 1324 urbi
739 1297 866 1324 submisit
886 1298 963 1324 auxi-

178 1343 257 1369 lium.
276 1341 334 1374 Quo
345 1341 419 1368 nullo
442 1341 538 1368 eﬂ‘cetu
555 1341 708 1373 recedente,
719 1342 792 1376 quod
805 1341 961 1376 imperator,

178 1393 206 1416 ct
231 1389 277 1422 qui
295 1388 368 1414 intus
382 1392 469 1417 erant,
486 1387 584 1414 acriter
601 1391 783 1422 oppugnaret,
797 1391 825 1414 et
835 1388 881 1422 qui
897 1387 963 1415 foris

178 1433 386 1464 succurrebant,
398 1432 501 1458 fortiter
511 1431 592 1466 910
602 1432 754 1466 repelleret,
764 1432 825 1459 belli
838 1440 962 1460 successu

180 1486 292 1514 prorsus
309 1477 464 1512 desperato,
478 1477 569 1504 missis
590 1477 686 1512 legatis
698 1485 760 1504 cum
778 1478 919 1512 promissis
934 1486 963 1505 se

178 1525 313 1551 iacturum
326 1523 414 1549 omnia
427 1530 487 1557 qua:
502 1523 649 1557 imperator
664 1523 823 1556 postularet,
841 1531 947 1550 comma

179 1569 289 1596 viteum
306 1568 345 1594 uti
361 1575 456 1602 pacem
472 1568 555 1594 armis
571 1568 730 1600 anteferret,
748 1572 775 1594 et
789 1572 914 1602 sumptus
931 1570 964 1594 ab

178 1621 212 1641 eo
223 1614 308 1640 [actos
323 1613 428 1645 refecit,
453 1616 480 1639 et
491 1612 632 1647 pecuniam
646 1612 759 1647 insuper
771 1619 824 1639 non
839 1613 964 1648 exiguam

178 1659 441 1695 adjecitJmperator
454 1657 522 1684 turri
539 1665 634 1685 eversa
649 1658 809 1692 Byzantium
820 1665 848 1685 se
861 1658 963 1685 retulit.

175 1705 299 1733 'Audiens
311 1708 402 1731 autem
425 1703 606 1738 patriarcham
620 1703 648 1729 in
661 1703 797 1738 legatione
813 1707 964 1734 mortuum,

178 1749 414 1784 circumspiciebat
427 1755 508 1783 quem
527 1748 554 1774 in
584 1747 649 1775 sede
662 1748 841 1783 patriarehica
853 1748 965 1780 locaret,

178 1794 393 1829 dansncgotium
412 1793 548 1828 episcopis
572 1797 601 1820 ut
628 1792 662 1820 de
686 1800 761 1820 more
796 1797 964 1820 conventum

184 1844 297 1874 agentes
311 1844 338 1865 et
348 1838 474 1866 Ecclesiae
490 1842 624 1865 rectorem
636 1837 819 1871 designantes,
836 1844 918 1872 super
933 1845 966 1865 eo

183 1885 330 1912 certiorem
341 1891 370 1911 se
382 1883 514 1910 facerent.
525 1883 575 1910 Ubi
585 1883 692 1910 cunctis
704 1883 808 1918 placuit
825 1883 967 1911 Philothe-

180 1938 225 1956 um
260 1930 358 1956 merito
374 1928 571 1959 reducendum,
594 1934 621 1955 et
640 1928 789 1963 imperator
805 1928 966 1963 approbavit

179 1975 294 2010 (sciebat
307 1975 381 2002 enim
395 1975 440 2002 ille
452 1982 506 2001 non
521 1980 571 2001 suo
587 1974 702 2001 crimine
714 1974 805 2008 aliquo
815 1974 904 2001 locum
920 1975 965 2001 de-

178 2021 310 2052 seruisse,
325 2019 373 2047 sed
385 2023 481 2054 sponte
498 2019 615 2046 cessisse
632 2026 666 2045 ne
682 2018 811 2046 videlicet
828 2018 864 2046 ob
877 2026 964 2046 aemu-

180 2066 310 2093 lationem
328 2065 449 2092 Eeelesia
463 2064 555 2092 turbis
578 2071 605 2091 et
628 2064 763 2091 seditione
788 2064 939 2099 repleretur
958 2073 964 2090 :

180 2118 264 2145 quare
282 2115 309 2137 et
332 2109 441 2137 amabat
457 2117 519 2137 eum
535 2114 562 2136 et
577 2110 684 2143 quoties
706 2110 732 2136 in
747 2109 877 2144 palatium
892 2110 967 2137 veni-

180 2161 232 2187 ret,
251 2155 370 2183 iucunde
389 2163 451 2184 cum
473 2155 520 2182 illo
534 2155 742 2190 colloquebatur
759 2163 767 2182 :
788 2155 965 2190 vicissimque

179 2210 241 2229 eum
259 2202 317 2237 ipse
333 2202 359 2228 in
386 2201 584 2228 monasterium
600 2201 707 2228 veniret
723 2200 769 2227 ubi
781 2201 825 2228 ille
839 2201 963 2236 degebat,
981 2210 1002 2238 ι)

180 2252 287 2274 not-tem
300 2254 362 2274 cum
373 2254 407 2274 eo
419 2247 592 2274 sermonibus
604 2245 793 2282 transigebat),
806 2247 895 2274 missis
904 2247 966 2274 [iliis

182 2291 338 2321 Andronico
352 2291 517 2326 imperatore
534 2295 562 2318 et
577 2290 701 2318 Manuele
726 2291 840 2326 despota
857 2291 966 2319 multis-

180 2345 234 2370 que
264 2337 423 2371 ploceribus
451 2336 480 2362 in
495 2335 637 2363 ecclesiam
654 2343 717 2363 eum
743 2335 862 2370 reduxit,
883 2342 911 2364 ct
937 2338 965 2364 in

181 2381 249 2408 solio
267 2381 427 2416 patriarcha:
455 2380 598 2407 constituit
614 2379 671 2414 (48)
693 2389 700 2407 :
725 2380 837 2415 jamque
855 2389 904 2408 ceu
923 2382 966 2408 lu-

180 2433 261 2451 cerua
289 2433 371 2460 super
385 2425 580 2465 candelabrum
601 2425 689 2460 posita
707 2425 741 2452 ad
758 2432 854 2452 verum
871 2425 966 2452 lumen

180 2471 354 2497 commissam
389 2471 441 2499 sibi
468 2471 618 2498 Ecclesiam
665 2471 807 2505 perducit,
841 2472 968 2499 salutari-

182 2516 234 2542 bus
253 2516 390 2550 dogmatis
415 2516 524 2550 pietatis
551 2523 611 2543 eam
639 2516 799 2550 enutriens‘,
831 2524 864 2545 ac
893 2518 990 2545 velut.

184 2562 255 2589 bona
289 2562 413 2596 corporis
444 2561 607 2589 habitudine
629 2562 797 2590 conﬁrmans
820 2568 848 2591 et
877 2570 968 2591 mores

181 2615 350 2643 componens
366 2613 394 2636 et
420 2607 510 2643 quoad
526 2608 585 2643 ejus
599 2608 658 2636 ﬁeri
670 2613 771 2644 potest,
786 2616 819 2636 ex
833 2609 886 2635 vita
905 2617 967 2644 pro-

1013 255 1161 282 ἀποθανεῖν
1186 255 1425 287 ἐπιδουλευθέντας
1452 256 1505 282 ὑπὸ
1532 256 1692 291 Τριὸαλῶν·
1708 254 1742 292 ἦν
1766 257 1792 283 δὲ

1012 300 1066 335 ἄρα
1078 300 1174 334 ψεῦδος
1189 300 1235 327 καὶ
1249 301 1417 334 συκοφαντία
1433 301 1567 335 ἐναργῶς.
1582 301 1620 327 Οὐ
1634 300 1688 336 γὰρ
1701 302 1732 328 τὸ
1746 302 1792 337 τῆς

1012 345 1108 380 Κράλη
1124 346 1248 380 γαμετῆς
1259 346 1382 377 ἐπιεικὲς
1398 347 1489 381 μόνον,
1508 347 1555 373 καὶ
1569 347 1585 380 ἡ
1599 346 1668 382 πρὸς
1685 346 1731 373 τόν
1743 355 1792 373 πα-

1011 390 1147 426 τριάρχην
1175 390 1267 424 αίδὼς,
1286 391 1334 417 καὶ
1359 391 1513 425 φιλοτιμία,
1539 388 1725 426 καῖ’σπουδὴ,
1748 393 1792 419 καὶ

1014 438 1155 473 περιόντος
1172 437 1218 464 καὶ
1236 437 1306 473 μετά
1321 437 1460 474 τελευτὴν,
1476 438 1545 465 ἀλλὰ
1560 438 1608 465 καὶ
1622 438 1639 473 ἡ
1655 437 1732 469 νόσος
1748 438 1791 473 ὑφ’

1011 482 1045 520 ἧς
1060 484 1175 515 ἕκαστος
1194 483 1355 519 ἐτελεύτησε
1376 484 1588 519 κατεργασθεὶς,
1603 483 1729 518 οὐδαμῶς
1741 492 1794 510 τοιο

1012 529 1083 557 αὖτα
1102 529 1211 556 δίδωσιν
1227 530 1350 556 ὑπονοεῖν
1363 530 1439 564 ’περὶ
1462 530 1566 564 αὑτῆςο
1583 529 1720 565 διαφόροις
1741 529 1793 563 γὰρ

1012 572 1107 607 ἔτυχον
1123 575 1260 607 νοσήμασι
1275 573 1501 608 κατασχεθέντες,
1517 573 1564 600 καὶ
1578 573 1638 600 οὐδὲ
1668 572 1715 599 δύο
1734 573 1793 599 τού-

1012 615 1138 650 λάχιστον
1151 617 1207 647 τοῖς
1225 615 1304 648 ίσοις.
1326 616 1509 643 ’Δποθανόντα
1519 616 1548 643 δέ
1565 616 1611 642 τδν
1622 612 1793 651 πατριάρχην

1012 660 1096 695 ἐθαψέ
1111 669 1139 687 τε
1163 661 1381 696 μεγαλοπρεπῶς
1399 661 1416 696 ἡ
1437 660 1577 688 Ἐλισάὃετ
1595 661 1625 687 ιν
1638 662 1672 696 τῇ
1691 668 1792 696 μητρο-

1013 706 1088 733 πόλει
1098 706 1199 741 Φερῶν,
1210 707 1258 734 καὶ
1271 708 1384 742 ἐτίμησε
1398 706 1590 742 διαφερόντως.
1610 706 1792 741 Ἀφικομένων

1012 752 1040 779 δὲ
1054 752 1118 787 παρ’
1127 753 1212 788 αὐτὴν
1225 754 1271 779 καὶ
1283 753 1315 778 ἐκ
1326 752 1379 779 τῶν
1393 751 1501 787 ἐν’Δθῳ
1514 752 1727 787 φροντιστηρίων
1740 751 1793 778 τῶν

1014 798 1240 834 σπουδαιοτέρων,
1249 798 1296 824 καὶ
1308 798 1540 832 ἀντιποιουμένων
1549 797 1660 832 ἀρετῆς,
1678 796 1792 832 μάλιστα

1012 844 1158 878 δέΛαΰρας
1172 845 1222 880 τῆς
1244 845 1330 880 ἱερᾶς,
1342 843 1388 871 καὶ
1395 843 1546 880 δεηθέντων
1561 844 1665 878 ἐφεῖναι
1678 844 1723 882 τὺν
1741 851 1793 869 πα-

1011 891 1143 925 τριάρχου
1169 890 1267 925 νεκρὸν
1288 892 1316 916 ἐν
1334 890 1409 926 Ἀθῳ
1440 890 1617 925 μεταγαγεῖν,
1640 890 1687 917 καὶ
1710 889 1793 924 θάψαι

1010 935 1086 968 παρὰ
1100 935 1201 969 σφίσιν,
1223 936 1273 962 οὑκ
1298 935 1430 962 ἐνέδωκεν
1449 935 1531 970 αὑτὴ,
1548 935 1667 970 μάλιστα
1680 935 1792 962 εἰποῦσα

1010 982 1116 1008 δεῖσθαι
1133 981 1183 1015 τῆς
1193 982 1298 1007 ἐκείνου
1312 981 1490 1015 προστασίας,
1506 981 1553 1008 καὶ
1569 981 1625 1008 δεῖν
1639 978 1710 1008 εἶναι
1727 989 1792 1008 κατ-

1011 1028 1083 1062 έχειν
1103 1027 1168 1061 παρ’
1190 1027 1283 1062 smn.
1309 1026 1354 1053 ‘Ev
1407 1026 1436 1053 δὲ
1452 1028 1542 1062 χρόνῳ
1558 1025 1645 1053 ταῦτα
1667 1025 1791 1059 ἐτελεῖτο,

1011 1074 1058 1099 καὶ
1075 1073 1089 1099 ὁ
1105 1072 1230 1107 βασιλεὺς
1248 1072 1448 1107 ἐπεστράτευσε
1473 1072 1534 1104 ταῖς
1550 1071 1621 1099 κατὰ
1634 1071 1679 1098 τὸν
1693 1072 1793 1099 Πόντον

1012 1118 1144 1153 ὑπηκόοις
1158 1118 1253 1144 πόλεσι
1268 1118 1373 1149 Μυσοῖς
1383 1125 1392 1133 ⁸
1409 1118 1516 1151 ἐγένετο
1528 1117 1582 1152 γάρ
1598 1125 1641 1149 τις
1654 1117 1727 1152 αὑτῷ
1739 1117 1794 1144 διι-

1012 1162 1083 1196 φορᾶ
1107 1162 1175 1195 πρὸς
1197 1161 1372 1197 Ἀλέξανδρον
1390 1162 1436 1188 τόν
1460 1158 1564 1189 Μυσῶν
1593 1161 1715 1196 βασιλέα.
1740 1163 1794 1189 Καὶ

1018 1206 1159 1240 ’Λγχίαλον
1171 1206 1220 1240 μὲν
1233 1202 1305 1232 εἷλεν
1319 1206 1349 1238 ἐξ
1369 1206 1464 1240 ἐφόδου
1480 1207 1553 1242 μάχῃ
1569 1207 1721 1243 κριτήσαςι
1737 1207 1794 1234 Μι-

1013 1252 1149 1288 σημῆρίαν
1159 1251 1197 1283 δὲ,
1213 1252 1243 1278 ἔκ
1260 1261 1288 1278 τε
1300 1252 1345 1286 τῆς
1360 1252 1474 1287 ἠπείρου
1495 1252 1601 1287 πύργον
1617 1253 1794 1289 οἰκοδομήσας

1013 1297 1083 1322 κατὰ
1097 1297 1126 1323 τὸ
1141 1297 1234 1324 στενὸν
1248 1298 1276 1324 ἐν
1287 1294 1309 1331 ᾧ
1324 1298 1340 1332 ἡ
1356 1297 1476 1332 εἰσϐολὴ,
1494 1299 1541 1325 καὶ
1552 1299 1584 1325 ἐκ
1595 1298 1644 1333 τῆς
1659 1298 1794 1334 θαλάσσης

1012 1344 1071 1374 ταῖς
1088 1343 1183 1369 ναυσὶν
1203 1343 1368 1378 ἐπολιόρκει,
1387 1343 1436 1370 καὶ
1451 1344 1545 1370 ἐπίεσε
1560 1345 1626 1376 τοὺς
1638 1345 1795 1372 κατοικοῦν-

1012 1396 1060 1419 τας
1077 1389 1126 1414 οὺκ
1141 1387 1230 1422 ὀλίγα,
1253 1388 1349 1420 ὓδατος
1369 1389 1472 1424 ἀπορία
1497 1389 1633 1424 μάλιστα·
1654 1390 1795 1426 ὑδρεύοντο

1013 1434 1068 1469 γὰρ
1091 1433 1120 1460 οὐ
1141 1434 1210 1460 πολὺ
1233 1433 1334 1461 ἄποθεν
1349 1435 1399 1469 τῆς
1414 1434 1520 1464 πόλεως
1543 1435 1575 1461 ἐκ
1598 1444 1670 1467 τινος
1694 1437 1794 1470 πηγῆς.

1014 1480 1081 1506 Τότε
1097 1479 1126 1506 δὲ
1141 1480 1296 1514 εἰργόμενοι
1316 1479 1369 1506 ὑπὸ
1384 1480 1434 1515 τῆς
1449 1481 1592 1514 στρατιᾶς,
1609 1482 1664 1513 τοῖς
1678 1481 1752 1508 ἔνδον
1765 1481 1796 1508 δέ

1015 1525 1093 1551 δασιν
1110 1524 1242 1559 ἐχρῶντο,
1258 1524 1358 1559 ὀλίγοις
1375 1532 1405 1551 τε
1422 1525 1470 1552 καὶ
1486 1525 1599 1560 φαύλοις
1612 1524 1699 1553 οὖσιν.
1720 1527 1797 1554 ’Δλιυ

1017 1570 1128 1606 ξανδρος
1157 1569 1186 1597 δὲ
1211 1571 1224 1596 ό
1252 1570 1307 1597 τῶν
1327 1570 1428 1597 Μυσῶν
1455 1571 1581 1605 βασιλεὺς
1608 1572 1720 1603 πολλαῖς
1748 1573 1797 1607 μέν

1015 1617 1153 1651 ἐχρήσατο
1178 1615 1302 1650 μεθόδοις
1319 1616 1471 1651 ἀναστῆσαι
1497 1616 1611 1650 βασιλέα
1626 1616 1676 1651 τῆς
1692 1617 1798 1653 πολιορ-

1016 1662 1078 1692 κίας
1091 1670 1097 1677 ·
1111 1660 1143 1688 ἐκ
1159 1669 1188 1688 τε
1206 1660 1261 1696 γάρ
1277 1661 1328 1696 τῆς
1348 1660 1452 1693 οἰκείας
1469 1661 1600 1696 στρατιᾶς
1623 1663 1655 1696 τῇ
1674 1663 1716 1689 πό
1727 1671 1750 1689 ει
1769 1662 1798 1689 ἓ-

1016 1715 1049 1733 πε
1054 1707 1107 1741 μψε
1117 1707 1290 1742 συμμάχους,
1300 1706 1349 1734 καὶ
1357 1706 1433 1741 παρά
1443 1706 1496 1734 τῶν
1509 1708 1537 1733 ἐν
1547 1707 1642 1743 Θρᾴκῃ
1651 1708 1798 1744 Βιρῦάρων

1017 1753 1115 1784 πείσας
1132 1754 1270 1788 χρήμασιν
1283 1761 1290 1768 ·
1307 1753 1457 1788 ἀπράκτων
1479 1753 1508 1780 δέ
1523 1754 1735 1785 ἐπανελθόντων.
1752 1755 1799 1790 βα-

1018 1797 1114 1827 σιλέως
1140 1797 1203 1828 τούς
1227 1805 1256 1823 τε
1272 1797 1347 1824 ἔνδον
1374 1797 1494 1832 ίσχυρῶς
1521 1797 1800 1834 πολιορκοῦιλτος,καὶ

1016 1841 1084 1874 πρὸς
1103 1841 1166 1872 τοὺς
1182 1840 1235 1872 ἔξω
1250 1841 1407 1876 μαχομένου
1440 1841 1591 1875 καρτερῶς,
1615 1843 1676 1868 ἐπεὶ
1697 1847 1800 1871 παντά-

1017 1893 1084 1910 πασι
1100 1885 1169 1919 πρὸς
1184 1885 1230 1911 τὸν
1241 1886 1362 1920 ,πόλεμον
1378 1886 1576 1920 ἀπηγορεύκει,
1592 1887 1720 1920 πρέσϐεις
1730 1889 1800 1922 τιέμ-

1015 1929 1080 1964 ψας,
1102 1931 1150 1957 καὶ
1167 1931 1403 1966 ἐπαγγειλάμενος
1425 1932 1505 1959 πάνθ’
1530 1933 1580 1958 ὃσα
1603 1933 1674 1959 κατὰ
1688 1933 1802 1967 γνώμην

1018 1973 1124 2008 βασιλεῖ
1143 1975 1278 2008 ποιήσειν,
1305 1975 1415 2002 ἔπεισεν
1432 1976 1594 2003 ἀνθελέσθαι
1608 1977 1658 2012 τὴν
1677 1979 1799 2013 είρήνην,

1016 2019 1064 2046 καὶ
1078 2019 1112 2046 τά
1124 2028 1152 2046 τε
1167 2020 1297 2054 χρήματα
1313 2020 1444 2052 ἐξέτισεν,
1459 2021 1510 2048 ὅσα
1527 2022 1594 2056 πρὸς
1614 2023 1660 2049 τόν
1683 2023 1802 2058 πόλεμον

1016 2064 1148 2097 ἀνάλωτο,
1166 2065 1212 2091 καὶ
1223 2065 1304 2100 ἕτερα
1317 2065 1366 2092 οὑκ
1377 2065 1466 2100 ὀλίγα.
1482 2067 1612 2099 Βασιλεύς
1629 2076 1657 2094 τε
1672 2069 1716 2094 τόν
1734 2069 1803 2103 πύρ-

1016 2118 1065 2143 γον
1093 2110 1367 2146 καταστρεψάμενος,
1393 2111 1548 2147 ἐπανῆλθεν
1575 2114 1615 2144 εἰς
1642 2114 1802 2145 Βυζάντιον.

1016 2152 1173 2187 Πυθόμενος
1185 2152 1214 2179 δέ
1229 2155 1292 2188 περὶ
1314 2155 1485 2190 πατριάρχου
1501 2155 1542 2181 ὅτι
1559 2156 1716 2192 τελευτήσοι
1731 2158 1803 2184 κατὰ

1015 2197 1065 2232 τὴν
1082 2197 1241 2232 πρεσϐείαν,
1257 2198 1338 2230 αὑτός
1350 2207 1380 2225 τε
1397 2200 1554 2233 ἐσκέπτετο,
1570 2201 1661 2227 ὅντινα
1683 2201 1723 2228 δεῖ
1746 2203 1805 2233 τοῖς

1019 2244 1231 2278 πατριαρχικοῖς
1247 2243 1353 2277 θρόνοις
1381 2244 1581 2280 ἐγκαθιδρύειν,
1603 2248 1651 2272 καὶ
1671 2248 1727 2279 τοῖς
1753 2248 1807 2282 ἀρ-

1019 2289 1156 2324 χιερεῦσιν
1183 2289 1316 2324 ἐπέτρεπε
1343 2290 1502 2318 συνελθοῦσι
1520 2292 1590 2318 κατὰ
1607 2292 1637 2318 τδ
1663 2292 1734 2324 ἔθος,
1755 2294 1807 2319 καὶ

1018 2334 1248 2369 διασκεψαμένοις
1273 2335 1319 2361 τὸν
1353 2336 1574 2371 προστησόμενον
1595 2337 1670 2372 αὐτῷ
1694 2337 1806 2372 δηλοῦν.

1020 2379 1102 2412 Δόξαν
1116 2380 1231 2419 δεγπᾶσι
1246 2379 1292 2407 τὸν
1315 2381 1490 2417 πατριάρχην
1508 2382 1632 2409 Φιλόθεον
1646 2384 1807 2417 ξέπανάγειν

1021 2424 1091 2451 εἶναι
1117 2426 1230 2458 δίκαιον,
1255 2427 1316 2452 ἐπεὶ
1332 2427 1379 2453 καὶ
1405 2426 1510 2461 βασιλεῖ
1530 2428 1563 2455 τὰ
1586 2429 1632 2455 ἴσα
1654 2429 1806 2456 συνεδόκει·

1023 2471 1132 2506 συνῄδει
1147 2471 1200 2506 γὰρ
1215 2471 1289 2507 αὑτῷ
1303 2472 1341 2507 μὴ
1357 2472 1401 2499 διὰ
1419 2473 1518 2500 κακίαν
1529 2474 1677 2501 ἀποστάντι
1695 2475 1744 2509 τῆς
1758 2476 1810 2510 ἀρ-

1022 2517 1084 2552 χῆς,
1101 2516 1159 2543 ἀλλ’
1177 2517 1268 2543 ἑκοντὶ
1283 2518 1505 2552 παραχωροῦντι,
1521 2518 1565 2545 ἵνα
1581 2519 1619 2553 μὴ
1630 2519 1673 2545 διὰ
1687 2519 1812 2553 φιλονει-

1021 2564 1082 2590 κίαν
1106 2563 1229 2597 ταρλχῆς
1244 2562 1344 2598 πολλῆς
1361 2563 1408 2590 καὶ
1427 2563 1601 2598 διχοστασίας
1619 2563 1765 2600 ἐμπλησθῇ
1791 2565 1811 2600 ἡ

1027 2609 1184 2643 Ἐκκλησία,
1202 2608 1235 2635 δι’
1251 2608 1270 2636 ἃ.
1283 2608 1315 2643 δὴ
1330 2609 1377 2635 καὶ
1392 2609 1489 2643 φιλίως
1500 2607 1556 2644 εἶχε
1569 2609 1638 2641 ποὺς
1651 2609 1745 2643 αὑτὸν,
1756 2611 1811 2636 καὶ

795 2676 905 2706 Jacobi
921 2678 1050 2708 Ponlani
1072 2681 1165 2707 nolm.

217 2736 273 2771 (48)
291 2735 429 2763 Laudatus
447 2741 490 2763 est
504 2744 585 2771 supra
602 2737 646 2763 hic
663 2735 833 2766 Philotimus.
848 2744 908 2771 cap.
929 2738 960 2764 lii

181 2777 208 2799 ct
223 2771 276 2804 29;
302 2771 374 2798 inter
390 2772 559 2805 patriarchas
574 2771 892 2804 Constantinopolitauos
911 2780 963 2798 nu-

182 2811 304 2834 meratur
315 2813 388 2833 exin.
407 2806 488 2833 Multa
504 2807 625 2840 scripsit,
641 2807 674 2833 de
689 2805 790 2840 quibus
803 2813 856 2832 non
875 2814 962 2840 pauca

183 2842 215 2871 in
226 2841 354 2869 Bat'arica
365 2841 528 2869 bibliotheca
540 2842 677 2868 habentur
690 2849 696 2868 :
714 2848 774 2875 qua:
786 2840 966 2876 cruditisjam

1015 2737 1147 2775 patetiicta
1171 2741 1222 2775 est,
1240 2738 1338 2775 insigth
1370 2738 1503 2775 beneficio
1525 2739 1624 2767 nobilis
1644 2743 1671 2767 et
1698 2740 1812 2775 magni-

1017 2774 1060 2798 liei
1076 2772 1178 2808 domini
1193 2771 1307 2800 Joannis
1319 2773 1429 2808 Georgii
1449 2774 1593 2806 lleruanli,
1609 2771 1812 2801 Buvariaacan-

1020 2806 1135 2836 cellarii,
1158 2807 1212 2843 _vir_i
1237 2816 1359 2834 omnium
1377 2806 1512 2835 bonarum
1536 2810 1635 2835 artium
1651 2810 1814 2843 (“\Clphﬂis

1023 2841 1215 2868 cxcultissimi.
