1941 3088
153 70 204 102 ἓίὲῠ

732 76 1000 108 HISTORIARUM
1019 79 1131 109 LIBER
1157 81 1201 111 IV.

1725 82 1778 113 370

151 133 283 161 γινομενῳ
297 135 327 154 τε
352 127 381 154 ἐν
395 127 552 163 βασιλείοις,
567 130 651 165 ἡδέως
672 131 753 166 συνῆν
769 133 817 159 καὶ
839 142 921 159 συνω-
938 156 940 161 ,

990 140 1036 159 :ma
1047 134 1143 161 crebro
1162 134 1285 161 docendo
1303 140 1330 162 et
1345 135 1480 163 monendo
1495 136 1528 162 ad
1549 135 1686 163 cmlestem
1702 136 1779 164 illam

152 172 240 206 μῐλει·
262 173 309 199 καὶ
321 174 403 206 αὐτὸς
418 176 446 202 ἐν
463 172 479 213 ᾗ
495 177 613 211 κατῴκει
630 179 695 212 μονῇ
713 180 854 212 γινόμενος
868 189 931 208 συν·

150 217 353 254 διενυκτέρευεν
368 220 452 256 αὐτῷ·
465 220 643 256 πέμψαςτοὺς
660 223 744 256 υἱοὺς,
764 224 932 260 Ἀνδρόνικόν

150 272 179 290 τε
186 265 229 290 τὸν
237 264 360 298 βασιλέα,
369 265 465 293 καὶτὸν
472 266 604 303 δεσπιτην
613 268 749 302 Μανουὴλ.
757 271 862 297 καὶτῶν
871 280 934 303 συγ-

151 310 287 344 κλητικῶν
296 311 595 347 πολλοὺς,ἐπανήγαγεν
604 315 641 345 εἰς
650 315 699 350 τὴν
707 314 879 349 Ἐκκλησίαν,
887 315 936 343 καὶ

151 357 206 387 τοῖς
215 357 420 392 πατριαρχικοτς
432 357 553 392 ἐνίδρυσε
564 358 680 393 θρόνοις·
688 359 785 387 καὶνῦν
791 358 834 387 οἷα
842 361 936 397 λύχνος

152 401 369 436 ὲπὶτὴνλυχνίαν
385 402 485 435 τεθεὶς,
503 403 551 430 ἐπὶ
574 403 604 430 τδ
616 404 743 439 ἀληθινὸν
765 405 822 440 φῶς
832 405 880 442 τὴν
894 416 938 433 πι-

103 479 107 482 .
155 447 313 474 στευθεϊσαν
330 447 494 483 Ἐκκλησίαν
506 450 683 483 χειραγωγεϊ,
691 451 747 481 τοῖς
755 459 783 477 τε
794 451 882 484 ὐγιέσι
890 452 938 486 τῆς

154 491 293 523 εὐσεϐείας
305 492 440 527 δόγμασιν
455 493 608 528 ἐκτρέφων,
624 494 672 521 καὶ
690 495 814 522 εὐεκτείν
829 495 867 527 ὡς
885 496 938 531 μά-

153 534 232 562 λιστα
251 535 347 568 ποιῶν,
361 537 410 563 καὶ
424 537 458 563 τὰ
474 537 527 572 ἤθη
550 537 703 572 ῥυθμίζων,
718 539 765 566 καὶ
785 539 822 571 ὡς
837 537 893 567 οἷόν
910 549 939 567 τε

152 579 203 614 τῆς
223 579 333 614 ἀνιέρου
350 577 424 616 ζωῆς
439 581 587 616 ἐπανάγων
605 583 665 614 ταῖς
688 585 799 618 συχναῖς
812 584 940 612 διδασκα-

153 625 225 657 λίαις
236 627 283 652 καὶ
300 627 507 662 παραινέσεσιν.
524 628 558 654 ’Δ
575 628 625 663 μὲν
640 628 687 657 οὖν
704 629 941 664 συμϐέϐηκεῬω-

157 671 248 706 μαίοις
265 672 308 706 ἐφ’
322 673 402 707 ἡμῶν
415 672 444 700 ἐν
468 682 497 700 τε
511 674 568 705 τοῖς
582 674 639 701 ἄνω
651 674 758 710 χρόνοις
783 676 865 709 ἡνίκα
887 676 941 703 τῶν

159 716 293 751 βασιλέων
314 718 491 753 ’Δνδρονίκων
505 719 520 745 6
537 719 606 755 πρὸς
618 720 750 755 ἀλλήλους
760 722 872 757 ἐκινήθη
889 722 940 749 πό-

156 762 249 796 λεμος,
268 763 316 789 καὶ
332 763 446 798 ὕστερον
460 765 474 791 ὁ
492 765 595 800 μεταξῦ
610 766 660 800 τῆς
675 766 813 801 βασιλίδος
823 768 936 802 ’Δννης,

157 810 205 837 καὶ
220 810 450 846 Καντακουςηνοῠ
466 811 514 838 τοῦ
532 812 665 847 βασιλέως
683 814 876 849 ἀνεβριπίσθη,
891 816 937 842 καὶ

158 856 192 882 τὰ
202 855 346 883 τελευταῖα
360 856 391 890 δὴ
407 859 506 890 ταῦτα,
526 858 577 884 ὅσα
591 858 718 893 βασιλεὺς
734 860 749 886 ό
771 860 830 892 νέος
849 861 938 889 Ἰωάν-

160 909 209 936 νης
226 902 295 934 πρός
308 910 337 928 τε
353 901 399 928 τὸν
413 903 543 936 γυναικὸς
559 903 674 939 ἀδελφὸν
696 905 836 933 Ματθαῖον
851 906 937 941 διηνέ-

161 946 223 981 χθη,
239 948 286 974 καὶ
302 946 415 981 βασιλέα
438 948 484 974 τὸν
505 948 649 985 κηδεστὴν,
665 950 778 978 τοιαῦτα
799 951 867 979 ἐστι.
884 952 939 979 Καὶ

161 991 229 1026 πρὸς
254 991 332 1018 οὐδὲν
347 992 401 1019 τῶν
424 993 578 1027 εἰρημένων
603 993 665 1021 οὔτε
682 993 750 1029 πρὸς
775 995 856 1030 χάριν
877 995 939 1022 οὔτε

161 1037 230 1072 πρὸς
244 1037 392 1072 ἀπέχθειαν
415 1038 549 1073 ἐξέϐημεν
563 1039 614 1074 τῆς
628 1039 756 1074 ἀληθείας
767 1048 773 1055 ·
792 1040 849 1067 ἀλλ’
872 1041 940 1068 αὐτὰ

160 1083 194 1110 τὰ
208 1083 271 1110 ὅντα
287 1084 473 1119 ῑστορήκαμεν
485 1084 619 1120 ἀκριϐῶς,
636 1086 693 1117 τοῖς
710 1086 760 1120 μὲν
776 1087 854 1113 αὐτοὶ
869 1095 939 1122 παρ-

162 1130 236 1161 όντες
263 1129 344 1164 ἡνίκα
369 1131 621 1165 ἐπραγματεύοντο,
642 1133 689 1159 καὶ
709 1133 869 1168 μετέχοντες
886 1134 941 1160 τῶν

162 1175 348 1210 γιγνομένων·
368 1175 423 1202 τῶν
451 1176 473 1202 δ’
489 1176 619 1212 αὐτήκοοι
636 1177 813 1212 γεγενημένοι
837 1178 942 1205 ἀπἀὐ-

163 1220 216 1247 τῶν
235 1221 290 1248 τῶν
305 1214 505 1257 είργασμένωνξ
526 1222 557 1249 Ei
571 1222 600 1249 δέ
614 1231 675 1250 τινα
697 1223 750 1250 τῶν
765 1224 794 1250 ἐν
819 1224 942 1259 ἀπορρή-

163 1275 220 1299 τοις
244 1266 464 1301 βεϐουλευμένων
480 1267 600 1302 μάλιστα
622 1267 677 1294 τῶν
696 1269 764 1303 πρὸς
784 1269 942 1296 Καντακου-

165 1309 244 1344 ζηνὺν
251 1310 296 1336 τὸν
311 1309 422 1344 βασιλέα
429 1310 475 1337 τὸν
486 1311 604 1345 πόλεμον
613 1313 799 1346 κεκινηκότων
811 1313 827 1348 ἡ
837 1313 943 1348 ἱστορία

165 1355 297 1390 περιέχει,
314 1348 471 1390 θαυμαστὸν
491 1356 580 1384 οὐδέν.
594 1357 626 1384 Ol
642 1357 751 1390 πλείους
762 1357 816 1393 γὰρ
831 1359 943 1385 ἐκείνων

166 1401 212 1427 καὶ
229 1400 298 1434 μετὰ
311 1400 340 1427 τὺ
353 1399 403 1435 τῆς
420 1401 507 1436 ἀρχῆς
520 1401 630 1437 ἁπάσης
649 1403 752 1429 ἐκεῖνον
767 1403 888 1438 ἐγκρατῆ
900 1411 944 1437 γε-

166 1445 258 1472 νέσθαι
267 1445 307 1472 ἔτι
320 1446 469 1480 περιόντες,
482 1446 529 1472 καὶ
543 1447 643 1481 πολλῆς
655 1447 782 1481 προνοίας
795 1447 944 1474 ἀπολελαυ-

167 1489 243 1520 κότες
267 1490 333 1525 παρ’
350 1490 426 1525 αὑτῷ
451 1490 539 1517 πάντα
554 1490 677 1526 ἀκριϐῶς
703 1490 824 1524 ἐξεῖπον,
842 1491 945 1518 ἐκεῖνον

169 1536 218 1569 μὶν
232 1536 280 1570 τῆς
293 1535 498 1571 μεγαλοψυχίας
514 1535 712 1571 θαυμάζοντες,
724 1536 773 1563 καὶ
788 1536 838 1571 τῆς
848 1544 948 1571 καρτε-

168 1580 229 1615 ρίας
240 1581 289 1616 τῆς
303 1581 372 1617 πρὸς
386 1581 420 1608 id
433 1580 518 1614 δεινὰ,
531 1581 644 1613 ἑαυτοὺς
658 1581 687 1609 δέ
700 1581 890 1616 οἰκτείροντες,
904 1582 946 1609 ὅτι

170 1627 207 1662 μὴ
223 1628 303 1662 μόνον
319 1627 452 1654 τοσούτων
467 1626 549 1654 αἴτιοι
563 1627 692 1661 γεγόνασι
716 1627 863 1662 Ῥωμαιοις
874 1635 944 1662 συμ-

169 1672 274 1708 φορῶν,
291 1673 359 1700 ἀλλὰ
370 1673 416 1700 καὶ
426 1669 457 1699 οὗ
472 1673 578 1700 πολλῶν
589 1676 637 1700 καὶ
651 1673 795 1708 πρότερον,
807 1673 855 1699 καὶ
868 1672 945 1699 ὔστε-

984 178 1144 212 proveliens.
1156 179 1221 212 Quae
1233 179 1312 215 igitur
1320 188 1333 206 a
1344 180 1471 207 Ilomanis
1485 184 1579 207 nostro
1589 188 1647 208 aevo
1657 185 1685 209 et
1695 188 1778 215 supe-

984 223 1057 251 riore
1070 228 1144 258 gesta
1153 229 1226 258 sunt,
1236 225 1422 260 qnandointer
1432 225 1604 253 Andronicos
1621 226 1722 254 bellum
1738 227 1777 253 vi-

984 270 1084 303 guii,el
1093 274 1184 304 postea
1195 270 1267 297 inter
1281 270 1481 304 imperatrieem
1491 271 1596 297 Annam
1607 274 1634 297 et
1641 270 1777 298 Cantacu-

986 321 1082 341 aeuum
1094 322 1237 342 accensum
1252 319 1294 342 est
1310 323 1316 341 :
1332 319 1359 342 et
1377 319 1516 349 postremo
1528 322 1589 349 qum
1599 315 1711 350 juniore
1726 315 1776 342 im-

987 365 1113 395 peratore
1137 361 1241 388 Joanne
1262 361 1297 388 ab
1312 361 1404 388 uxoris
1430 361 1514 389 fratre
1538 365 1566 388 et
1579 367 1674 387 socero
1694 360 1774 387 dissi-

988 405 1071 433 dente
1088 406 1273 441 contigerunt,
1300 407 1358 434 haec
1371 411 1446 434 sunt.
1469 406 1525 434 Nec
1541 413 1592 433 nos
1607 407 1714 440 uspiam
1730 406 1773 432 vel

993 451 1026 478 ad
1042 451 1169 486 gratiam,
1186 452 1227 479 vel
1242 451 1275 479 ad
1291 451 1383 479 odium
1399 452 1501 480 limites
1509 451 1633 479 veritatis
1646 451 1776 479 transivi-

992 505 1065 530 mus,
1087 497 1134 525 sed
1160 505 1217 524 rem
1239 497 1325 532 ipsam
1352 502 1479 525 accurate
1494 497 1676 529 narravimus,
1694 504 1775 531 quam

990 544 1088 578 partim
1100 548 1249 578 prmsentes
1260 543 1388 576 vidimus,
1402 548 1430 571 et
1462 547 1491 571 ut
1507 549 1618 572 aetores
1628 543 1774 574 sensimus;

991 590 1088 625 partim
1102 590 1136 617 ab
1152 590 1217 625 ipsis
1232 590 1280 624 qui
1297 590 1423 618 fecerunt
1435 590 1606 626 accepimus,
1625 589 1699 623 Quia
1709 597 1781 616 vero

993 636 1116 671 quietiam
1132 635 1159 662 in
1176 640 1282 663 secreto
1298 635 1458 668 deliberata,
1476 635 1592 662 maxime
1615 634 1649 662 ab
1670 635 1703 662 iis
1727 633 1774 668 qui

993 682 1094 709 bellum
1110 681 1240 710 adversus
1253 681 1474 710 Cantacuzenum
1486 684 1644 713 texuerunt,
1661 680 1775 707 historia

993 727 1196 761 complectitur,
1223 727 1308 754 nolim
1341 727 1367 754 id
1396 727 1525 761 cuiquam
1542 726 1641 753 mirum
1668 725 1775 757 videri;

958 797 979 825 Β
993 771 1086 806 plures
1097 771 1169 798 enim
1185 771 1219 798 de
1234 771 1297 803 illis,
1309 771 1391 798 etiam
1408 775 1553 806 postquam
1571 771 1594 798 is
1608 775 1694 798 totum
1711 770 1777 797 sub-

988 817 1094 851 jugavit
1110 816 1267 850 imperium,
1283 816 1374 843 adhuc
1386 816 1549 850 superstites
1564 820 1591 843 et
1606 816 1665 850 ejus
1681 819 1775 850 postea

991 858 1134 887 beneﬁciis
1157 858 1198 886 usi
1222 859 1314 886 omnia
1347 859 1464 887 tideliter
1489 859 1668 886 retulerunt:
1686 858 1775 892 ipsum

989 903 1100 939 quidem
1115 904 1150 931 de
1162 905 1271 932 excelso
1280 904 1383 937 animo,
1402 909 1427 932 ei
1445 905 1592 932 tolerantia
1605 904 1633 932 in
1652 902 1777 932 adversis

988 949 1071 977 rebus
1080 949 1270 984 suspicientes,
1281 954 1368 977 semet
1378 955 1468 978 autem
1478 951 1650 982 miserantes,
1660 951 1707 984 qui
1721 958 1775 977 non

989 994 1076 1022 solum
1086 998 1221 1021 tantarum
1232 1001 1414 1022 aerumnarum
1424 999 1549 1022 auctores
1555 994 1634 1030 911
1647 995 1776 1022 Romanis

989 1039 1114 1071 fuissent,
1134 1039 1181 1067 sed
1194 1043 1222 1067 et
1240 1039 1319 1073 cujus
1340 1040 1489 1067 multatum
1502 1040 1589 1074 prius,
1609 1045 1664 1067 tum
1680 1045 1774 1074 postea

990 1085 1152 1120 egregiaque
1161 1084 1189 1112 in
1204 1092 1234 1112 se
1248 1085 1345 1112 merita
1362 1085 1560 1116 constitissent.
1571 1085 1607 1119 ei,
1624 1087 1713 1120 magni
1724 1085 1776 1111 du-

991 1130 1030 1157 cis
1043 1130 1218 1165 (Apocauchi)
1230 1131 1418 1158 molitionibus
1436 1135 1465 1158 et
1481 1130 1587 1158 vairitie
1600 1130 1718 1164 decepti,
1737 1135 1777 1157 tot

993 1175 1166 1203 incommoda
1179 1180 1206 1203 et
1219 1172 1328 1203 la’bores
1345 1183 1394 1211 per
1404 1180 1556 1203 extremam
1569 1175 1771 1210 improbitatem

992 1221 1177 1255 peperissent.
1190 1219 1346 1248 Clarissime
1357 1225 1447 1248 autem
1465 1228 1519 1248 non
1535 1227 1622 1255 pauca
1635 1220 1715 1246 nobis
1728 1227 1778 1246 ex-

993 1269 1145 1300 posuerunt
1161 1266 1280 1294 Joannes
1290 1269 1317 1293 et
1332 1265 1502 1300 Nicephorus
1514 1265 1604 1300 magni
1618 1265 1697 1292 ducis
1714 1265 1773 1296 ﬁlii,

993 1316 1086 1347 utpote
1097 1320 1152 1346 prae,
1160 1312 1220 1339 aliis
1233 1319 1396 1339 arcanorum
1413 1312 1529 1346 amplius
1541 1311 1655 1338 conscii.
1670 1311 1777 1338 Praee-

994 1363 1069 1392 ptum
1082 1357 1174 1392 itaque
1190 1361 1277 1389 tuum,
1286 1357 1322 1384 mi
1336 1357 1404 1390 Nile,
1416 1364 1465 1392 pro
1475 1360 1569 1384 nostra
1582 1356 1710 1383 facultate
1727 1356 1779 1382 im-

994 1403 1134 1438 plevimus.
1152 1402 1213 1431 Tibi
1226 1402 1332 1429 licitum
1346 1406 1389 1429 est
1413 1402 1514 1436 scripta
1540 1400 1680 1435 relegenti,
1693 1401 1778 1426 vitas-

957 1459 980 1489 ρ
994 1455 1048 1482 que
1059 1452 1087 1475 et
1097 1447 1217 1475 actiones
1231 1451 1259 1475 et
1271 1447 1397 1475 universe
1413 1454 1503 1474 mores
1519 1447 1660 1474 hominum
1677 1454 1779 1480 expen-

995 1493 1070 1520 denti
1085 1493 1184 1520 horum
1213 1492 1323 1527 quidem
1349 1491 1609 1527 magnanimitatem,
1635 1491 1702 1518 etin
1717 1499 1779 1518 om-

995 1538 1078 1566 nibus
1089 1542 1134 1565 aul
1145 1537 1271 1572 plurimis
1282 1537 1361 1564 factis
1373 1537 1567 1572 praestantibus
1575 1537 1695 1564 studium
1703 1544 1781 1563 com-

998 1583 1130 1610 mendare
1146 1590 1153 1610 :
1172 1582 1284 1609 illorum
1312 1582 1490 1610 veteratorias
1505 1586 1590 1614 artes,
1605 1581 1706 1616 quibus
1724 1588 1779 1608 non

993 1628 1055 1656 aliis
1073 1627 1269 1660 tantummodo,
1286 1627 1334 1655 sed
1343 1628 1426 1656 etiam
1437 1627 1620 1662 sibimetipsis
1630 1626 1780 1654 detrimen-

993 1672 1121 1700 tosissimi
1132 1671 1300 1704 exstiterunt,
1313 1671 1376 1699 odio
1389 1671 1624 1706 etvituperatione
1639 1670 1778 1705 prosequi.

171 1727 216 1754 ρον
230 1719 278 1746 καὶ
296 1719 432 1754 μεγάλων,
452 1719 501 1746 καὶ
520 1719 679 1755 θαυμασίων
695 1719 861 1754 εὐεργεσιῶν
878 1718 1093 1750 ἀπολελαύκασι,
1126 1717 1215 1752 τούτῳ
1248 1718 1309 1749 ταῖς
1344 1717 1464 1752 μεγάλου
1477 1716 1572 1748 δουκδς
1589 1716 1776 1750 ἀπατηθέντες

171 1767 308 1800 μηχαναῖς
323 1768 370 1792 καὶ
402 1765 595 1800 πανουργίαις,
614 1765 720 1793 πολλῶν
739 1765 870 1800 ὤφθησαν
900 1765 982 1792 αιτιοι
1001 1764 1179 1799 γεγενημένοι
1201 1763 1350 1799 δυσχερῶν,
1368 1764 1415 1790 καὶ
1441 1763 1476 1790 τὰ
1501 1762 1600 1798 ἔσχατα
1621 1763 1782 1798 ἠγνωμονή-

171 1819 245 1839 κασι.
263 1811 387 1838 Μάλιστα
405 1811 434 1838 δὲ
450 1811 622 1845 ἀπήγγειλαν
636 1811 793 1844 σαφέστατα
822 1811 949 1845 Ἰωάννης
965 1810 1015 1837 καὶ
1031 1810 1188 1845 Νικηφόρος
1215 1810 1243 1836 οι
1276 1809 1396 1844 μεγάλου
1431 1809 1527 1841 δουκὺς
1543 1809 1665 1844 ἀδελφοὶ,
1686 1806 1730 1835 οἷα
1748 1809 1781 1843 δὴ

171 1856 225 1883 τῶν
238 1856 325 1884 ἄλλων
342 1856 442 1891 μᾶλλον
464 1856 617 1887 συνειδότες
647 1856 682 1883 τὰ
715 1856 859 1892 ἀπόρρητα
878 1856 984 1891 ἐκείνῳ.
1000 1856 1038 1882 Τὸ
1066 1856 1115 1891 μὲν
1140 1854 1187 1882 οὖν
1205 1855 1347 1890 ἐπίταγμα
1361 1855 1392 1881 τὸ
1410 1855 1470 1887 σὺν,
1485 1852 1507 1882 ὦ
1534 1854 1601 1882 καλῐ
1630 1855 1720 1886 Νεῖλε,
1741 1855 1782 1886 εἰς

171 1903 285 1938 δύναμιν
297 1903 364 1938 ἡμῖν
376 1902 577 1929 ἐκτετέλεσται.
608 1903 654 1929 Σοὶ
667 1901 689 1929 δ’
701 1902 791 1935 ἔξεστι
803 1902 837 1929 τὰ
867 1902 1049 1938 γεγραμμένα
1067 1901 1243 1936 ἁναλέγοντι,
1267 1903 1318 1929 καὶ
1350 1902 1425 1937 βίους
1444 1901 1615 1934 ἐξετάζοντι,
1640 1902 1688 1928 καὶ
1711 1901 1782 1935 πρά-

173 1950 237 1983 ξεις,
256 1950 301 1977 καὶ
317 1951 348 1976 τὸ
365 1950 475 1985 σύμπαν
493 1948 560 1986 ἦθος
581 1951 635 1977 τῶν
651 1951 811 1986 ἀνθρώπων,
845 1951 898 1977 τῶν
917 1951 965 1985 μὲν
983 1951 1033 1986 τὴν
1055 1950 1259 1986 μεγαλοψυχίαν
1272 1950 1406 1983 ἐπαινεῖν,
1425 1950 1473 1977 καὶ
1487 1950 1536 1986 τὴν
1555 1951 1584 1977 ἐν
1600 1950 1703 1977 ἅπασιν
1720 1950 1735 1985 ἢ
1753 1952 1782 1976 ἐν
1839 1951 1842 1954 ’

173 1998 310 2029 πλείστοις
327 1998 418 2033 ἔργοις
430 1998 543 2032 ἀγαθοῖς
555 1997 723 2033 φιλοτιμίαν,
740 1998 794 2025 τῶν
810 1999 838 2024 δὲ
855 1999 946 2033 μισεῖν
964 1999 1014 2034 τὴν
1031 1999 1208 2034 πανουργίαν,
1240 1999 1279 2030 ὡς
1311 1999 1342 2025 οὐ
1359 1999 1415 2030 τοῖς
1430 1998 1520 2030 ἄλλοις
1541 1999 1634 2033 μόνον,
1652 1998 1720 2024 ἀλλὰ
1737 1999 1783 2025 καὶ

174 2045 265 2079 σφίσιν
280 2044 372 2077 αὐτοῖς
386 2044 490 2071 πολλῶν
508 2044 602 2072 κακῶν
615 2044 706 2071 αἰτίαν
724 2044 885 2080 γενομένην.

527 2134 668 2174 Explicit
691 2134 822 2165 Joannis
849 2134 1058 2165 Cantacuzcni
1082 2135 1224 2165 [Iis/aria
1243 2135 1427 2174 Byzantina.
