1941 3088
169 117 224 148 3.75

762 117 921 148 JOANNIS
939 117 1199 149 CANTACUZENI

1729 115 1782 148 376

167 175 324 210 perditione,
342 174 366 201 in
382 182 462 209 quam
479 173 604 207 incidisti,
626 178 768 202 convertat.
783 174 854 207 Quin
870 175 950 201 etiam

1007 175 1153 209 lunoﬁpat
1171 175 1219 202 καὶ
1239 173 1296 209 ἐγὼ
1312 174 1389 201 ὀποῦ
1406 173 1496 200 οὐδέν
1509 179 1547 200 σε
1567 172 1712 208 γινώσκω,
1728 173 1783 201 Kal

169 214 325 252 te'obsecro,
341 220 472 254 resipisce,
493 219 579 253 plora,
598 227 669 254 geme
692 228 701 246 :
722 219 790 247 Deus
812 221 881 247 enim
902 221 950 246 mi-

167 267 277 292 sericors
293 269 340 293 est.
361 265 494 300 Intelliges
515 265 593 292 etiam
616 270 640 292 te
653 273 704 294 non
718 266 803 293 solum
819 266 866 292 hoc
880 265 950 292 malo

169 311 339 343 laboravisse.
358 319 447 341 verum
462 316 487 338 et
503 312 586 338 sancti
602 317 627 339 et
640 313 771 347 prophette
784 311 882 347 aliique
901 313 951 339 viri

170 357 260 391 magni
282 361 306 383 et
326 358 439 391 insignes
464 355 547 383 Deum
570 356 730 390 fefellerunt,
752 357 844 392 quibus
864 361 951 384 tamen

169 405 275 433 peccata
291 401 324 428 ab
341 401 389 428 illo
400 401 507 428 remissa
523 407 592 434 sunt,
604 402 822 436 quemadmodum
841 402 895 437 ipse
907 410 952 429 ore

169 454 217 473 suo
230 451 320 473 saneto
344 450 466 479 testatur,
488 447 598 475 dicens:
617 457 625 473 ι
643 446 758 481 Paratus
772 452 798 474 et
815 451 951 482 promptus

170 499 228 518 sum
255 496 285 518 ut
302 492 492 526 resipiscentem
515 493 669 527 suscipiam.
685 503 694 519 ι
708 493 777 526 Quin
790 498 814 520 et
825 494 952 528 propheta

170 544 231 563 cum
248 536 301 563 Deo
312 538 339 564 in
352 538 407 564 haec
420 537 497 564 verba
511 539 638 566 consentit
652 546 661 565 :
680 547 689 565 ι
705 538 735 566 Si
745 540 803 574 quis
818 539 952 574 resipuerit

170 582 204 608 ab
217 582 249 609 iis
274 582 366 617 quibus
388 582 470 610 Deum
491 583 596 618 fefellit,
615 592 663 618 pro
689 584 790 611 insonte
803 588 828 610 et
841 585 952 612 immuni

171 635 187 653 a
200 631 307 662 peccato
319 628 465 656 habebitur.
486 638 495 654 ι
515 628 590 661 Quod
605 630 627 656 si
641 630 722 664 igitur
736 635 760 657 et
776 634 802 656 tu
817 638 862 657 ceu
876 631 952 657 homo

172 672 260 707 lapsus
286 681 325 706 es,
347 674 406 701 noui
434 674 499 701 nihil
523 675 636 707 accidit;
653 676 772 710 resipisce
797 679 911 707 tantum,
928 680 953 702 et

171 717 232 745 lava
252 727 297 745 cor
310 724 393 753 tuum,
409 724 439 747 ut
455 721 523 748 Deus
542 721 589 747 ille
614 722 761 749 misericors
784 726 809 748 te
832 722 951 757 recipiat.

172 764 201 791 Si
231 765 300 791 enim
328 773 380 796 non
407 770 524 800 peccaret
547 766 633 799 homo,
663 775 776 801 quonam
801 772 954 803 argumento

174 809 256 837 Deum
274 811 466 839 misericordem
488 820 542 839 esse
565 817 589 840 et
610 813 682 840 nobis
707 813 845 840 condolere
863 814 955 849 depre-

172 855 313 885 henderes?
328 857 434 885 Litterae
454 862 534 890 certe,
546 866 611 893 quas
630 859 768 893 scripsisti,
795 860 856 887 huc,
868 864 955 887 trans-

173 901 267 932 missae.
297 910 465 938 nequaquam
480 904 622 931 eruditioni
636 909 660 931 et
679 905 771 932 honori
785 909 829 931 tuo
844 904 954 939 pristino

172 948 371 982 respondebant.
394 949 575 977 Verumtamen
593 950 690 984 affectu
714 949 842 985 impulsus
856 951 903 977 hoc
919 949 953 984 fe-

172 993 240 1025 cisti,
269 998 295 1020 et
316 996 470 1030 prophetam
497 996 646 1024 accusando
666 996 753 1028 illum,
769 1000 798 1022 ut
817 997 895 1028 nosti,
911 1004 956 1022 ca-

173 1040 317 1066 lumniatus
339 1048 373 1067 es.
394 1041 486 1068 Nonne
512 1041 679 1076 Scripturam
695 1042 762 1068 nosti
780 1049 838 1076 quce
863 1049 879 1067 a
903 1041 956 1068 Deo

172 1092 218 1118 per
230 1086 384 1120 prophetam
398 1086 468 1113 dicta
482 1090 530 1118 est,
551 1095 562 1113 ι
579 1086 674 1114 Omnia
689 1091 795 1122 propter
816 1090 841 1114 te
859 1087 916 1121 feci,
931 1093 956 1115 et

171 1135 197 1156 te
215 1134 322 1165 propter
338 1138 377 1157 me
388 1131 401 1157 7
413 1140 422 1156 ι
437 1130 488 1158 Sed
506 1131 590 1158 Deum
603 1139 659 1163 oro.
676 1140 709 1159 ne
732 1136 757 1159 te
771 1141 842 1160 mors
862 1141 957 1169 appre-

171 1176 270 1203 hendat
293 1177 321 1204 in
343 1178 526 1211 perditionem.
554 1177 603 1204 Dic
619 1182 717 1211 tamen,
738 1187 783 1214 per
806 1179 890 1206 Deum
910 1179 956 1206 ob-

173 1225 263 1253 testor,
285 1223 410 1257 quidnam
435 1223 495 1250 boni
512 1223 560 1250 tibi
586 1223 657 1258 apud
682 1223 846 1251 Christianos
869 1224 958 1251 uidere

173 1267 266 1294 licuit?
290 1267 479 1302 lmaginantur
507 1269 576 1295 enim
598 1269 648 1295 sibi
674 1269 759 1304 specie
780 1269 860 1304 falsa,
888 1269 957 1305 quod

173 1312 306 1339 Christum
317 1312 401 1347 gloria
413 1306 550 1346 extollant,
562 1322 620 1340 cum
630 1314 658 1341 in
670 1315 787 1341 eumdem
794 1315 845 1342 sint
853 1315 957 1349 injurii,

171 1357 286 1384 dicentes
300 1358 367 1385 hunc
380 1363 403 1385 et
419 1359 500 1386 Deum
513 1367 577 1392 esse,
597 1364 623 1386 et
643 1359 693 1387 Dei
706 1359 813 1388 Filium.
827 1360 959 1395 Confude-

173 1408 235 1430 runt
250 1404 320 1431 uiam
340 1412 440 1436 veram,
458 1409 482 1430 ct
493 1405 543 1431 hac
552 1405 669 1440 neglecta
684 1406 834 1432 ceciderunt
846 1407 873 1433 in
888 1415 958 1433 mor-

173 1448 235 1475 bum
250 1448 421 1476 incurabilem
447 1450 505 1477 Non
525 1455 613 1478 tamen
628 1452 712 1483 decet,
727 1455 755 1477 ut
774 1451 958 1481 Musulmanus

1001 221 1164 255 παρακαλῶ
1183 221 1236 247 τὸν
1253 220 1336 251 Θεὸν,
1353 219 1392 252 ὠς
1408 219 1592 253 ᾶμαρτιωῖὸς,
1607 219 1657 246 ἵνα
1668 227 1706 246 σε
1721 218 1784 245 ἐπι-

1000 266 1117 300 στρέψῃ
1141 266 1200 293 ἀπὸ
1222 265 1255 292 τὸ
1274 265 1384 297 σκότος
1412 265 1461 291 καὶ
1493 264 1551 298 τὴν
1571 265 1723 292 ἀπώλεια-ν
1743 263 1783 298 ἢν

1000 313 1156 345 ἐποίησας.
1175 312 1227 339 Kal
1241 310 1404 345 παρακαλῶ
1416 319 1463 343 σε,
1475 311 1678 345 μετανόησον,
1690 309 1784 337 κλαῦ-

1000 365 1068 389 σον,
1087 357 1246 390 στέναξον,
1260 357 1304 384 ὅτι
1317 358 1333 384 d
1354 357 1426 389 Θεὸς
1438 356 1575 391 ἐλεήμων
1587 357 1662 383 ἐστι.
1675 357 1719 383 Νὰ
1731 356 1785 390 ὴεη

1000 403 1101 437 nian
1122 403 1167 430 ὅτι
1191 402 1225 429 τὸ
1244 402 1339 429 κακὸν
1358 401 1441 433 αὐτὸ,
1457 402 1548 429 οὐδὲν
1560 402 1593 429 τὸ
1605 401 1713 434 ἔπαθες
1726 401 1784 428 ὲσὺ

998 449 1109 484 μόνος,
1124 449 1204 476 ἀλλὰ
1221 448 1272 476 καὶ
1291 448 1378 482 ἅγιοι,
1394 448 1442 475 καὶ
1457 447 1615 482 προφῆται,
1632 448 1682 474 καὶ
1697 447 1785 474 ἄλλοι

999 493 1122 528 μεγάλοι
1135 494 1283 528 ἄνθρωποι
1294 493 1437 527 ἔσφηλαν
1453 494 1508 520 τὸν
1519 493 1603 520 Θεόν.
1620 493 1675 519 Kal
1691 492 1786 519 πάλιν

1001 539 1216 573 συνεχώρησεν
1231 540 1345 572 αὐτοῖς,
1362 539 1458 572 καθὼς
1472 538 1553 573 λέγει
1567 538 1616 565 καὶ
1634 540 1650 565 ό
1666 539 1735 570 Θεὸς
1748 538 1786 571 μὲ

1001 583 1035 610 τὸ
1047 585 1144 618 στόμα
1158 584 1251 611 αὐτοῦ
1266 584 1299 610 τὸ
1314 583 1410 618 ἅγιον
1432 593 1441 610 ι
1459 584 1598 618 Ἔτοιμός
1614 584 1673 617 ειμι
1686 583 1725 610 νὰ
1739 583 1786 609 δέ·

1003 629 1095 663 ξωμαι
1108 630 1161 655 τὸν
1169 630 1382 664 μετανοοῦντα.
1391 639 1401 655 ι
1420 629 1520 660 ’ἷσάζει
1536 629 1585 658 καὶ
1602 631 1618 656 ὁ
1631 629 1785 663 προφήτης

1000 674 1076 709 μετὰ
1090 675 1143 701 τοῦ
1155 675 1239 708 Θεοῦ,
1255 675 1304 702 καὶ
1316 675 1408 710 λέγει,
1422 684 1432 701 i
1449 675 1485 702 El
1494 683 1542 708 τις
1552 674 1733 709 μετανοήσει
1744 674 1787 706 εις

1001 720 1038 747 τὰ
1061 719 1177 754 ἔσφαλε
1201 721 1253 747 τὸν
1274 721 1358 751 Θεὸν,
1379 720 1419 752 ὡς
1435 720 1642 754 ἀναμάρτητος
1657 719 1752 745 ἐστιν.
1774 727 1784 743 ι

1010 763 1078 793 Ἐὰν
1092 766 1167 801 γοῦν
1180 765 1317 800 togatum;
1334 765 1384 792 καὶ
1403 765 1444 793 σὺ
1456 766 1496 798 ὡς
1510 765 1665 799 ἄνθρωπος
1674 784 1682 796 ,
1699 763 1789 791 οὐδὲν

970 834 992 864 Β
1007 811 1106 843 ξένον.
1122 811 1211 838 Ἀλλὰ
1221 810 1314 838 πάλιν
1324 811 1525 845 μετανόησον,
1540 810 1587 837 καὶ
1602 810 1721 837 πλῦνον
1730 809 1789 843 τὴν

1007 856 1132 889 καρδίαν
1165 860 1240 888 σου,
1276 855 1356 889 ὅπως
1387 856 1425 883 σὲ
1456 855 1578 889 δέξηται
1606 856 1623 882 ό
1653 854 1726 886 Θεὸς
1749 853 1788 886 ὡς

1005 901 1228 934 εῦσπλαγχνος.
1246 900 1316 927 Ἐὰν
1327 900 1382 934 γὰρ
1397 899 1488 927 οὐδὲν
1503 900 1635 934 ἥμαρτεν
1647 899 1664 925 ό
1679 898 1790 931 ἄνθρω-

1006 953 1073 979 πος,
1089 945 1152 978 πῶς
1163 945 1313 980 ἠθέλομεν
1326 945 1475 979 ἠξεύρειν,
1492 945 1537 971 ὅτι
1551 945 1567 971 ὁ
1584 943 1655 976 Θεὸς
1671 950 1789 977 συμπα-

1006 992 1062 1026 θής
1079 991 1181 1023 iactr;
1203 990 1341 1024 Ἀλήθεια
1361 990 1415 1024 τὰς
1437 990 1553 1024 γραφὰς
1579 988 1634 1022 τὰς
1657 988 1791 1022 ἔγραψας

1008 1039 1057 1067 καὶ
1082 1038 1274 1071 ἀπέστειλας,
1292 1037 1383 1064 οὐδὲν
1405 1036 1486 1071 ἦσαν
1505 1037 1579 1070 πρὸς
1599 1035 1658 1068 τὴν
1678 1033 1792 1069 γνῶσίν

1006 1091 1076 1116 σου,
1090 1083 1159 1111 ἀλλ’
1174 1083 1244 1110 οὐδὲ
1258 1083 1301 1115 εις
1311 1082 1369 1115 τὴν
1380 1081 1470 1116 τιμήν
1477 1089 1547 1108 σου.
1559 1081 1657 1115 ὀμως
1670 1079 1717 1106 διὰ
1731 1079 1793 1112 ὄρε-

1007 1129 1057 1163 ξιν
1071 1130 1104 1157 τὸ
1122 1129 1278 1163 ἐποίησας,
1296 1128 1345 1155 καὶ
1360 1128 1586 1162 ἐκατηγόρησας
1609 1126 1663 1153 τὸν
1679 1124 1793 1159 προφή-

1008 1184 1074 1209 την,
1093 1174 1143 1202 ual
1165 1174 1302 1207 διέϐαλες
1320 1173 1423 1205 αὐτὸν,
1442 1173 1483 1206 ὡς
1497 1173 1547 1200 και
1564 1173 1605 1200 σὺ
1625 1170 1791 1207 γινώσκεις.

1009 1220 1071 1248 οὐκ
1085 1220 1169 1253 016a;-
1190 1219 1248 1254 τὴν
1261 1219 1389 1254 Γραφὴν
1404 1218 1462 1253 τὴν
1476 1218 1628 1253 λέγουσαν
1643 1218 1723 1251 παρὰ
1739 1216 1792 1243 τοῦ

1007 1267 1082 1295 Θεοῦ
1098 1267 1147 1294 διὰ
1160 1266 1213 1293 τὸν
1220 1266 1388 1301 προφήτην,
1402 1266 1447 1292 ὅτι
1464 1274 1474 1291 ‹
1489 1264 1589 1291 Πάντα
1597 1264 1728 1297 ἐποίησα
1744 1262 1792 1288 διὰ

1007 1316 1056 1346 σὲ,
1076 1314 1125 1341 καὶ
1139 1313 1177 1341 σὲ
1192 1313 1230 1340 δι’
1249 1312 1311 1348 ἐμέ.
1328 1322 1337 1338 ι
1352 1312 1483 1346 Εῦχομαι
1495 1310 1535 1343 τῷ
1550 1310 1620 1342 Θεῷ,
1639 1310 1688 1336 ἵνα
1704 1308 1794 1336 οὐδέν

1008 1368 1045 1388 σε
1070 1360 1142 1393 εὕρῃ
1165 1360 1182 1386 d
1204 1358 1331 1391 θάνατος
1356 1359 1399 1390 εις
1414 1357 1471 1390 τὴν
1484 1355 1648 1383 ἀπώλειαν.
1663 1354 1714 1381 Διὰ
1741 1354 1794 1380 τὸν

1010 1406 1085 1433 Θεὸν
1099 1405 1164 1432 eius
1178 1413 1241 1439 μοι,
1253 1404 1283 1430 τι
1297 1403 1410 1438 ἀγαθὸν
1422 1401 1502 1434 εἶδος·
1517 1403 1560 1434 εις
1576 1401 1645 1434 τοὺς
1659 1401 1794 1434 Χριστιαν

1008 1452 1099 1485 νούς;
1115 1451 1313 1487 φαντάζονται
1332 1450 1388 1486 γὰρ
1407 1450 1451 1477 ὅτι
1474 1448 1633 1482 δοξάζουσι
1656 1448 1710 1475 τὸν
1726 1449 1794 1482 Χρι-

174 1494 334 1525 orthodoxus
355 1503 398 1522 eos
409 1495 542 1528 devoveat,
557 1497 602 1523 sed
613 1501 641 1523 ut
658 1497 743 1532 potius
759 1502 814 1524 oret
829 1506 875 1532 pro
891 1498 956 1530 illis,

1009 1498 1096 1532 στὸν,
1117 1498 1167 1525 καὶ
1192 1497 1278 1525 αὐτοὶ
1304 1494 1443 1530 ὑϐρίζοντ’
1467 1496 1522 1522 τὸν
1542 1494 1592 1522 καὶ
1612 1494 1724 1529 λέγουν
1749 1493 1794 1520 ἔτι

171 1539 250 1574 juxta
278 1539 326 1566 Dei
348 1544 372 1565 et
392 1540 523 1575 prophetae
547 1542 714 1570 sententiam.
731 1541 831 1569 Rursus
851 1551 912 1569 vero
934 1547 958 1569 te

173 1583 306 1620 interrogo
320 1592 331 1619 ς
347 1584 425 1618 Quid,
446 1594 542 1620 quaso,
569 1586 658 1613 vidisti
682 1587 750 1621 quod
781 1588 900 1615 seductus
922 1595 958 1619 es,

174 1634 199 1657 et
212 1631 238 1662 in
249 1630 356 1657 illorum
365 1631 444 1664 ﬁdem
462 1632 633 1660 consensisti?
649 1632 745 1660 Dicunt
760 1642 788 1660 se
805 1639 856 1661 tres
868 1642 958 1669 perso-

177 1685 226 1703 nas
234 1676 359 1709 adorare,
373 1677 488 1710 Patrem,
502 1677 615 1706 Matrem
625 1683 651 1706 et
660 1679 771 1707 Filium.
784 1680 847 1712 Quis
857 1681 903 1707 hoc
911 1688 959 1707 un-

175 1730 255 1756 quam
264 1723 348 1751 vidit?
360 1723 417 1758 quis
431 1723 529 1751 audivit
537 1724 550 1751 2
560 1725 648 1759 qualis
660 1726 785 1760 propheta
795 1727 841 1753 hoc
853 1727 961 1753 docuit?

175 1771 222 1794 aut
241 1769 282 1795 cui
302 1777 419 1804 unquam
436 1775 588 1797 sanctorum
609 1779 656 1805 per
675 1771 799 1798 visionem
817 1773 960 1800 revelatum

174 1813 233 1840 est?
250 1813 311 1846 Qui,
330 1818 359 1840 ut
374 1815 532 1846 audivimus,
549 1815 576 1841 in
590 1815 678 1850 plures
697 1821 784 1850 partes
793 1817 869 1843 divisi
886 1821 958 1849 sunt,

174 1859 313 1893 dicuntque
336 1859 383 1886 alii
404 1860 510 1895 quidem
530 1860 591 1888 deos
610 1868 664 1887 esse
692 1861 799 1893 multos,
824 1861 872 1888 alii
901 1871 960 1889 vero

175 1905 312 1939 pauciores
329 1913 338 1932 :
358 1909 383 1931 et
397 1905 428 1932 de
457 1906 504 1932 hoc
526 1906 642 1940 quotidie
662 1906 807 1941 disceptare
825 1907 908 1934 solent
936 1913 960 1934 et

175 1950 342 1977 contendere.
359 1950 400 1976 An
415 1950 456 1977 uel
470 1951 559 1979 exhis
577 1959 621 1978 eos
636 1959 770 1986 nunquam
789 1953 961 1980 condemnare

177 1995 307 2029 potuisti?
326 1995 370 2022 νω
389 1997 483 2023 horum
508 1997 688 2032 impudentiae,
710 2006 749 2025 uae
765 1998 858 2025 horum
874 1999 962 2026 stulti—

177 2041 230 2069 tie.
247 2040 354 2068 Deserto
368 2042 437 2068 enim
455 2047 479 2069 et
501 2042 590 2069 relicto
614 2042 668 2069 Deo
687 2043 819 2070 conditore
832 2045 958 2078 omnium.

176 2087 238 2115 deos
252 2086 340 2122 plures
357 2087 455 2121 colunt,
472 2087 656 2124 Christumque
674 2097 732 2117 eum
750 2090 784 2117 sit
809 2098 894 2118 sermo
915 2091 961 2118 Dei

177 2131 246 2167 falso
264 2132 418 2165 traducunt,
444 2133 513 2168 quod
533 2133 628 2165 dixerit
650 2142 678 2161 se
701 2134 801 2162 Filium
826 2135 875 2163 Dei
895 2144 959 2163 esse.

177 2178 270 2206 Nonne
289 2179 358 2205 hunc
368 2178 455 2206 Judtei
477 2179 704 2215 interrogaverunt
726 2180 850 2214 dicentes,
876 2190 885 2207 ι
910 2182 961 2209 Tu-

177 2232 211 2251 ne
230 2232 255 2251 es
269 2223 353 2251 Filius
367 2223 432 2251 Dei?
447 2233 456 2250 ι
476 2230 500 2254 et
515 2225 629 2260 negauit,
639 2225 754 2260 dixitque
768 2233 777 2252 :
797 2235 807 2252 ι
829 2225 876 2253 Vos
898 2227 963 2254 dici-

176 2270 236 2297 tis.»
251 2270 434 2297 Verumtamen
452 2270 484 2297 ab
506 2270 590 2297 Adeth
602 2270 641 2305 (i)
666 2278 747 2305 usque
762 2271 788 2297 in
801 2273 848 2303 hoc
862 2275 962 2306 tempus

176 2316 303 2351 quidnam
324 2315 370 2342 tibi
392 2315 527 2342 scribam?
544 2315 607 2350 quid
629 2317 810 2351 redarguam?
830 2317 892 2352 quid
917 2319 963 2345 do-

176 2363 268 2389 ceam?
286 2361 362 2395 Quod
384 2361 484 2388 scilicet
500 2370 568 2389 unus
582 2363 615 2389 sit
638 2363 718 2394 Deus,
733 2366 837 2390 creator
857 2363 915 2392 cali
936 2367 961 2391 et

177 2413 255 2435 terra
272 2416 280 2435 :
300 2408 521 2442 quemadmodum
540 2412 566 2434 et
589 2409 644 2443 ipse
663 2409 730 2436 dixit
748 2416 758 2436 :
783 2417 793 2435 ι
821 2409 878 2444 Ego
900 2418 960 2437 sum

177 2453 257 2485 Deus,
277 2457 301 2479 et
324 2458 469 2481 consortem
490 2453 637 2481 diuinitatis
658 2461 710 2481 non
736 2454 829 2482 habeo.
858 2464 868 2482 s
888 2455 963 2482 Bene

180 2503 268 2525 tamen
282 2498 329 2524 hoc
340 2498 569 2533 deprehendimus;
578 2507 630 2526 non
639 2501 718 2533 enim,
730 2504 857 2535 quantum
870 2502 959 2534 audio,

179 2544 250 2570 rudis
263 2547 288 2570 et
305 2544 425 2571 indoctus
440 2552 477 2575 es,
494 2545 543 2572 nisi
564 2546 632 2580 quod
654 2547 771 2581 corporis
792 2547 831 2574 tui
850 2552 875 2574 te
899 2549 961 2576 uicit

178 2589 319 2623 cupiditas.
335 2589 411 2616 Nosti
432 2590 568 2622 nimirum,
591 2599 626 2617 an
648 2592 759 2619 mundus
786 2593 913 2627 principio
935 2599 962 2626 et.

177 2634 325 2661 substantia
340 2633 452 2660 careat?
468 2638 492 2661 et
507 2634 636 2669 sufﬁciant
653 2635 717 2662 haec.
737 2635 898 2664 Prudentem
919 2637 961 2664 vel

179 2680 257 2709 unica
275 2680 388 2707 servabit
403 2680 498 2712 oratio.
521 2680 555 2706 Et
571 2681 625 2707 ha’c
647 2681 751 2715 quidem
776 2691 823 2718 per
846 2683 961 2720 litteras,

213 2780 348 2816 (“Locus
356 2781 500 2814 obscurus,
510 2781 697 2814 librariorum,
708 2788 736 2810 ιιι
749 2783 866 2813 videtur,
879 2783 954 2810 incu-

178 2815 220 2849 ria
235 2816 409 2856 depravatus.
429 2817 543 2851 Videtur
554 2823 644 2848 autem
656 2827 705 2855 per
721 2819 798 2853 Ἐδὼ,
813 2818 900 2847 AdeLh
918 2819 958 2845 in-

1010 1545 1082 1578 Θεός
1095 1544 1171 1577 ἐστι,
1183 1543 1233 1571 καὶ
1252 1543 1318 1575 Υἱὸς
1333 1541 1407 1569 Θεοῦ
1417 1549 1424 1556 ·
1436 1541 1577 1576 ἐχάωσιιν
1587 1539 1645 1574 τὴν
1658 1538 1795 1574 ὁδὸνίτὴν

1008 1591 1170 1626 ἀληθινὴν,
1200 1589 1252 1617 καὶ
1277 1587 1497 1622 παραδέρνουν,
1527 1586 1577 1614 καὶ
1605 1585 1720 1613 ἔπεσον
1750 1585 1795 1617 εις

1010 1637 1127 1671 νόσημα
1137 1635 1271 1662 ἀνίατον.
1280 1634 1377 1661 οὐδὲν
1386 1633 1491 1667 πρέπει
1500 1630 1564 1666 οἶος
1577 1632 1623 1660 ενι
1634 1632 1795 1660 Mammul—

1007 1681 1104 1716 μάνος
1125 1679 1296 1715 ὀρθόὸοξος,
1316 1679 1367 1706 ἵνα
1389 1678 1459 1711 τοὺς
1477 1677 1650 1712 κατορᾶται,
1676 1675 1737 1710 ἀμὴ
1756 1675 1796 1702 νὰ

1009 1728 1080 1760 τοὺς
1104 1727 1234 1761 εῦχεται,
1252 1725 1349 1758 καθὼς
1363 1724 1397 1752 τὸ
1412 1724 1493 1759 λέγει
1508 1725 1525 1751 ὁ
1545 1723 1617 1756 Θεὸς
1631 1722 1680 1749 καὶ
1695 1723 1712 1749 ὁ
1726 1728 1797 1755 προ-

1009 1773 1120 1808 φήτης.
1134 1771 1229 1799 Πάλιν
1238 1771 1272 1798 δὲ
1282 1770 1359 1805 λέγω
1370 1777 1418 1803 σε,
1425 1770 1454 1797 τι
1463 1768 1550 1802 εἶδες,
1560 1768 1608 1796 καὶ
1619 1767 1796 1800 mxumam;

1010 1819 1059 1846 καὶ
1070 1817 1275 1851 ἐκοινώνησας
1286 1818 1329 1849 εις
1337 1816 1394 1850 τὴν
1406 1817 1511 1843 πίστιν
1520 1814 1638 1847 αὐτῶν;
1648 1813 1797 1848 Λέγουσιν

1010 1865 1055 1892 ὅτι
1068 1863 1276 1898 προσκυνοῦσι
1288 1864 1354 1897 τρία
1367 1863 1514 1895 πρόσωπα
1523 1882 1530 1894 ,
1544 1861 1659 1894 Πατέρα
1670 1859 1720 1886 καὶ
1732 1861 1794 1892 Mn-

1010 1911 1079 1945 τέρα
1092 1909 1141 1937 καὶ
1158 1909 1236 1935 Υιόν.
1253 1909 1301 1941 ΤΙς
1315 1908 1347 1934 τὸ
1367 1907 1457 1940 εἶδεν,
1472 1908 1492 1941 ἢ
1505 1907 1551 1940 τίς
1567 1907 1600 1933 τὸ
1615 1906 1759 1940 ἤκουσεν.
1776 1904 1796 1939 ἦ

1011 1956 1095 1988 ποῖος
1108 1954 1264 1989 προφήτης
1277 1954 1311 1980 τὸ
1329 1953 1478 1985 ἐδίδαξεν,
1492 1953 1507 1987 ἢ
1525 1952 1611 1985 ποῖος
1621 1952 1704 1986 ἅγιος
1714 1951 1747 1977 τὸ
1758 1948 1798 1977 εἷ-

1011 2001 1061 2028 δεν
1077 2002 1119 2033 εις
1132 2000 1300 2030 ὀπτασίαν;
1316 1999 1417 2032 Καθὼς
1431 1999 1479 2026 καὶ
1495 1998 1655 2032 ἀκούομεν.
1673 1996 1718 2023 ὅτι
1731 1996 1798 2030 ἐμε-

1007 2047 1161 2081 ρίσθησαν
1183 2046 1227 2078 εις
1247 2043 1349 2071 πολλὰ
1371 2044 1459 2078 μέρη.
1484 2043 1537 2071 Kal
1559 2042 1672 2077 λέγουν
1695 2043 1723 2068 οι
1739 2041 1799 2075 μὲν

1012 2091 1147 2124 πολλοὺς
1165 2090 1262 2124 θεοὺς.
1276 2091 1304 2117 οι
1315 2089 1350 2117 δὲ
1360 2090 1492 2125 ὀλίγους.
1511 2089 1680 2117 Καιένεκεν
1689 2088 1798 2115 τούτου

1013 2139 1077 2166 καθ’
1089 2137 1224 2171 ἑκάστην
1238 2137 1354 2172 ἡμέραν
1367 2135 1557 2171 διαλέγονται
1570 2136 1619 2162 καὶ
1632 2135 1798 2168 κρίνονται.

1015 2184 1078 2212 Κᾶν
1091 2183 1150 2210 ἀπὸ
1164 2182 1273 2210 τούτου
1293 2182 1384 2210 οὐδὲν
1404 2182 1473 2215 τοὺς
1489 2180 1711 2215 κατεγνώσθης.
1725 2177 1798 2206 οὐαὶ

1010 2229 1069 2263 τὴν
1083 2228 1307 2263 ἀναισχυντίαν.
1317 2236 1385 2259 των.
1399 2227 1466 2254 oi/al
1483 2227 1540 2260 τὴν
1549 2227 1742 2261 μωρίαν,των,
1753 2224 1799 2250 ὅτι

1010 2275 1169 2304 ἀπέλυιιαν
1193 2275 1248 2301 τὸν
1267 2274 1344 2301 Θεὸν
1365 2275 1412 2301 τὸν
1439 2273 1571 2308 ποιητὴν
1587 2272 1647 2299 τῶν
1666 2271 1798 2302 πάντων,

1011 2322 1060 2349 καὶ
1079 2321 1260 2355 λατρεύουσι
1277 2320 1376 2353 θεοὺς.
1391 2319 1441 2348 καὶ
1453 2319 1506 2347 τὸν
1520 2318 1650 2353 Χριστὸν
1664 2318 1740 2345 ὅπου
1753 2316 1799 2344 ἔνι

1011 2367 1103 2402 λόγος
1118 2365 1192 2393 Θεοῦ
1206 2365 1400 2398 διαϐιυλουν,
1415 2365 1460 2392 ὅτι
1471 2363 1557 2392 εἶπεν
1566 2365 1613 2392 ενι
1628 2364 1694 2397 Υἱὸς
1713 2365 1798 2390 Θεοῦ.

1013 2411 1109 2440 οὐδέν
1120 2419 1171 2438 τον
1182 2410 1342 2445 ἠρώτησαν
1353 2412 1380 2438 οὶ
1398 2410 1539 2441 Ἰουδαῖοι,
1552 2410 1597 2436 ὅτι
1615 2418 1624 2435 ι
1642 2409 1683 2436 Σὺ
1697 2407 1727 2436 εἶ
1734 2408 1800 2440 Υἱὸς

1013 2457 1105 2490 Θεοῦς
1124 2466 1134 2483 ι
1162 2457 1220 2484 Kal
1235 2456 1407 2492 ἠρνήσατο,
1427 2457 1476 2484 καὶ
1499 2454 1585 2483 εἶπεν
1603 2455 1648 2483 ὅτι
1669 2464 1679 2480 ι
1701 2453 1800 2488 Ὑμεῖς

1011 2504 1045 2530 τὸ
1058 2502 1168 2538 λέγετε.
1177 2503 1294 2537 »,¹ομως
1303 2502 1354 2529 ἀπ’
1368 2501 1442 2529 Ἐδῶ
1451 2502 1507 2535 ἕως
1520 2500 1626 2533 αὑτοῦ,
1641 2500 1671 2526 τί
1677 2507 1715 2526 σε
1725 2499 1801 2526 θέλω

1012 2548 1148 2584 γράφειν,
1161 2549 1190 2575 τι
1201 2557 1237 2575 σε
1253 2548 1328 2576 θέλω
1343 2547 1563 2583 παραστήσειν,
1577 2548 1606 2574 τι
1618 2555 1656 2574 σε
1667 2545 1745 2573 θέλω
1759 2545 1802 2571 δι-

1012 2594 1126 2627 δάξειν,
1141 2593 1186 2621 ὅτι
1203 2593 1248 2620 ἔνι
1263 2591 1305 2627 εἷς
1326 2595 1399 2626 Θεὸς
1420 2596 1436 2621 ὸ
1456 2593 1588 2626 ποιήσας
1599 2596 1654 2619 τὸν
1669 2591 1800 2624 οὐραγὸν

1013 2641 1062 2667 καὶ
1077 2639 1135 2671 τὴν
1145 2638 1213 2674 γῆν.
1226 2640 1327 2672 Καθὼς
1335 2637 1430 2671 εἶπεν,
1441 2639 1486 2666 ὅτι
1497 2639 1573 2673 Ἐγώ
1580 2640 1638 2673 ειμι
1651 2637 1734 2669 Θεὸς,
1750 2635 1800 2663 και

1014 2684 1106 2713 οὐδὲν
1118 2684 1178 2718 ἔχω
1195 2683 1368 2718 σύντροφον
1382 2685 1426 2716 εις
1441 2683 1498 2717 τὴν
1514 2683 1648 2716 θεότητα.
1667 2680 1800 2714 Ἑξεύρο-

1008 2784 1182 2818 telligendus,
1206 2784 1404 2812 lsmaelitarum
1429 2784 1574 2819 propheta,
1587 2783 1631 2812 vel
1645 2781 1730 2817 llulh,
1745 2780 1797 2819 qui

1015 2820 1118 2857 primus
1135 2819 1333 2848 Ismaelitarum
1347 2819 1452 2847 litteras
1467 2820 1585 2856 didicil.]
