1941 3088
177 123 231 156 379

758 120 876 151 JOAN'N
884 121 918 151 IS
938 121 1200 154 CANTACUZENI

1738 124 1791 155 380

179 188 252 208 rans.
268 179 383 213 Quidam
404 185 468 206 vero
483 185 498 205 tt
511 177 589 205 voltis
601 176 655 204 huc
673 177 864 212 pervenientes
887 181 963 204 retu-

1026 180 1159 216 ιπεδέχου,
1187 180 1230 206 ίνα
1245 179 1281 215 μὴ
1312 164 1491 208 ἀπεστέλλετο
1516 179 1634 219 ἐνταῦθα
1655 181 1672 216 ἠ
1699 181 1793 216 γραφῆ

178 226 269 253 lerunt
290 225 368 256 mihi.
392 224 464 258 quod
485 223 580 258 cupias
602 223 806 258 responsionem
831 223 903 250 hanc
919 223 962 250 vel

179 270 330 304 apologiam
362 269 416 295 huc
447 276 500 295 non
530 268 670 296 remissam
704 276 775 299 esse,
801 268 962 302 paenituisse

179 317 253 342 cuitu
274 320 300 342 te
320 314 395 342 facti.
421 315 555 341 Praeterea
577 319 604 341 et
619 314 672 341 hoc
689 314 865 347 addiderunt,
889 315 962 349 quod

180 361 266 392 dicas.
283 360 427 392 Quomodo
444 359 574 394 possibile
589 364 630 386 est
648 360 704 388 Dco
716 367 775 387 esse
788 360 885 387 Filium
905 361 963 389 sine

180 407 314 434 muliere?
337 406 365 434 Si
386 407 459 433 enim
478 405 575 433 Filium
597 406 690 438 habet,
707 414 742 433 en
768 406 913 434 dissidium
937 411 964 434 et

181 452 264 478 {actio
280 452 352 479 inter
365 452 438 486 ipsos
450 456 501 479 est.
517 451 660 484 Quomodo
674 451 756 480 etiam
770 451 899 486 possibile
911 457 963 484 est.

181 504 214 524 ex
233 497 287 524 Deo
308 497 446 528 hominem
473 497 550 524 ﬁeri?
583 498 660 528 item,
693 497 749 530 Qua
773 498 878 525 ratione
903 505 964 526 cum

184 544 255 570 Deus
276 542 368 575 fuerit,
394 543 476 570 homo
495 542 582 570 factus
604 543 663 569 est?
680 543 829 575 Ptmterca,
847 544 919 578 quod
942 544 965 571 si

181 589 309 617 Christus
331 588 403 616 Deus
415 593 474 616 erat
488 593 516 615 et
540 589 586 615 Dei
609 588 704 621 Filius,
722 597 772 616 cur
797 596 853 616 non
878 589 966 616 homi-

183 643 246 662 nem
262 635 304 662 vel
324 634 399 662 nudo
420 638 468 661 aut
489 634 546 661 solo
562 634 646 662 verbo
659 635 787 668 servavit,
813 634 860 662 sed
889 635 965 669 quasi

185 681 344 713 impotentia
362 681 520 715 impeditus,
537 680 619 707 homo
630 680 718 708 factus
733 686 784 713 est,
796 686 967 716 mortemque

185 727 269 755 subiit
284 731 315 753 ut
326 726 465 754 hominem
481 725 616 754 salvaret?
631 726 756 761 insuper,
771 727 792 753 si
810 726 881 754 Deus
895 731 965 758 erat,

184 772 324 808 quomodo
338 779 435 806 passus
449 772 509 799 est?
527 772 597 799 Deus
613 772 687 799 enim
709 779 764 798 non
785 772 896 806 patitur.
915 772 967 799 De-

186 818 269 852 nique
290 817 363 852 quod
381 825 431 844 nos
448 818 494 852 qui
516 817 656 845 Christum
682 817 852 851 proﬁtemur.
877 821 967 843 trans-

186 863 385 898 grediamur‘et
405 863 543 890 solvamus
567 863 653 898 legem
679 862 835 894 Mosaicam.
859 863 966 888 incuse-

186 917 249 937 mus
269 917 333 936 vero
347 913 375 937 et
389 909 552 936 damnemus
569 915 627 939 vos,
647 913 678 935 ut
692 907 739 942 qui
760 908 841 941 impie
859 911 886 940 et
902 907 969 934 falso

187 955 312 983 eamdem
331 955 494 982 observetis.
519 954 591 981 Fieri
604 954 718 989 itaque,
746 959 775 980 ut
793 961 844 981 nos
860 953 906 988 qui
922 961 968 981 ac-

187 1000 358 1028 cusationem
387 1007 585 1031 merueramus,
611 1007 661 1027 vos
686 1000 759 1034 ipsos
784 999 830 1033 qui
862 999 970 1026 lattdem

189 1045 338 1078 meruistis,
363 1046 589 1073 condemnemus.
608 1045 684 1078 item,
704 1046 775 1080 quod
794 1050 821 1073 et
846 1045 971 1073 Christus

189 1089 223 1116 de
243 1089 380 1116 Ilahomet
403 1089 568 1116 vaticinatus
593 1089 637 1121 sit,
665 1090 808 1125 ipsumque
831 1096 971 1118 commen-

190 1134 311 1166 daverit;
332 1134 459 1169 quodque
473 1141 573 1161 nomen
595 1134 652 1168 ejus
669 1139 696 1161 et
724 1135 750 1161 in
776 1135 862 1162 veteri
890 1135 971 1162 Mosis

191 1180 251 1214 lege
267 1185 295 1206 et
315 1179 342 1206 in
361 1180 508 1214 Evangelio
537 1180 704 1212 descriptum
733 1180 880 1208 Christiani
908 1188 971 1208 cum

192 1225 285 1253 multis
298 1225 358 1252 aliis
376 1225 517 1260 eiecerint.
536 1225 589 1253 Sed
610 1231 638 1253 ct
656 1226 708 1253 hoc
722 1227 749 1253 hi
763 1227 845 1253 iidem
858 1226 972 1253 addide-

192 1275 267 1304 runt,
283 1271 356 1306 quod
370 1272 465 1306 cupias
486 1271 636 1306 apologiam
652 1277 771 1299 nostram
793 1272 972 1307 copiosiorem

192 1321 220 1343 ct
232 1316 370 1351 puriorem
385 1316 488 1343 haberi.
503 1316 549 1343 His
565 1317 656 1351 itaque
674 1316 803 1350 cognitis,
820 1317 873 1343 inst
887 1322 973 1344 tutum

193 1365 271 1388 tuttm
291 1360 479 1395 comprobavi.
496 1360 659 1396 Quicunque
681 1361 754 1387 cnim
780 1361 918 1388 vcrilatcm
935 1361 976 1388 in-

193 1405 348 1440 quisiverit,
363 1406 487 1433 eamdem
514 1405 628 1433 invenit.
656 1406 820 1433 Musulmani
844 1407 917 1433 enim
936 1406 977 1433 in-

196 1450 329 1478 terdicere
345 1451 444 1482 solent,
463 1459 496 1478 ne
507 1451 618 1485 quidam
635 1451 746 1478 illorum
765 1459 827 1478 cum
843 1451 976 1478 Christia-

1013 227 1060 253 καὶ
1075 226 1208 260 ἀπολογία
1227 227 1329 261 ἐκείνη.
1355 226 1552 262 Μετεμελήθης
1569 228 1634 262 γὰρ,
1664 225 1742 253 εἷπον
1761 227 1788 253 δὲ

1014 273 1060 298 καὶ
1073 271 1151 298 τοῦτο
1163 273 1187 299 οι
1200 273 1289 305 αὐτοὶ,
1304 273 1345 299 ὅτι
1362 272 1461 306 λέγεις,
1473 272 1534 303 Πῶς
1547 272 1602 298 ἔστι
1615 272 1736 300 δυνατὸνῗ
1747 272 1793 298 τὸν

1013 317 1080 344 Θεὸν
1093 318 1164 353 ἔχειν
1184 318 1241 345 υἱὸν
1267 318 1331 345 ἄνευ
1359 318 1502 352 γυναικὸςς
1530 318 1553 344 εί
1569 318 1622 352 γὰρ
1638 317 1694 343 υίὶιν
1719 315 1793 352 εἶχεν

1013 364 1117 396 ὀΘεδς,
1134 364 1188 391 ἰδοὺ
1202 363 1304 399 σχίσμα
1332 364 1378 390 καὶ
1410 364 1505 394 στάσις
1531 363 1559 389 ἐν
1587 363 1663 397 μέσῳ
1690 363 1792 389 αὐτῶν.

1013 409 1070 436 Καὶ
1083 409 1142 441 πῶς
1156 410 1214 436 ἐστι
1227 409 1338 436 δυνατδν
1351 409 1416 435 Θεὸν
1429 407 1555 443 γενέσθαι
1568 408 1710 442 ἄνθρωπον
1721 416 1727 439 ;
1743 406 1794 433 Καὶ

1013 455 1066 481 τίνι
1081 455 1175 490 τρόπῳ
1197 454 1263 484 Θεὸς
1281 453 1330 486 ὢν,
1347 455 1458 488 γέγονεν
1485 453 1646 488 ἄνθρωπος;
1673 453 1725 478 Καὶ
1741 452 1793 484 ὅτι,

1014 500 1038 526 εί
1053 497 1086 535 ἦν
1101 500 1167 531 Θεδς
1180 500 1193 526 ό
1209 500 1335 534 Χριστὸς,
1354 499 1400 526 καὶ
1414 498 1481 525 Θεοῦ
1499 498 1632 531 Υἱὸς,πῶ;
1645 497 1694 524 οὐκ
1709 497 1794 523 ἔσωσε

1014 546 1059 572 τὸν
1089 544 1233 580 ἄνθρωπον
1248 542 1326 580 ’ψιλῷ
1355 545 1436 579 λόγῳ,
1461 543 1628 578 ἁλλ’ῶσπερ
1657 541 1794 569 ἀδυνατῶν

1015 590 1123 624 ἐγένετο
1145 589 1309 624 ἄνθρωπος,
1336 590 1384 616 καὶ
1410 589 1558 620 ἀπέθανεν,
1587 589 1628 614 ίνα
1648 588 1721 623 σώσῃ
1749 587 1794 614 τὸν

1015 635 1176 670 ἀνθρωπον;
1196 636 1250 662 Καὶ
1266 635 1326 662 ἐπεὶ
1344 635 1410 666 Θεὸς
1428 633 1474 670 ἦν,
1496 635 1554 666 πῶς
1580 634 1699 666 ἓπαθεν;
1726 633 1794 660 Οὐδὲ

1016 681 1070 715 γὰρ
1088 681 1188 715 πάσχει
1203 680 1278 712 Θεός.
1294 681 1350 707 Καὶ
1364 681 1405 707 ὅτι
1420 681 1499 716 ἡμεῖς
1523 680 1546 706 oi
1560 678 1716 714 Χριστιανοὶ
1729 687 1798 714 παρ-

1018 727 1142 761 έὸημεν,
1166 727 1213 753 καὶ
1242 725 1429 759 κατελύσαμεν
1457 725 1503 752 τὸν
1529 724 1674 752 Μωσσῖκὶν
1704 725 1796 759 νόμον,

1017 771 1222 807 κατηγοροῦμεν
1235 771 1264 798 δὲ
1283 771 1329 798 καὶ
1344 771 1544 806 κατακρίνομεν
1563 771 1634 806 ὑμᾶς
1653 770 1690 801 ὡς
1715 770 1798 804 δῆθεν

1017 817 1109 848 κακῶς
1128 818 1176 843 καὶ
1191 818 1406 852 πεπλανημένως
1431 816 1608 852 κρατοῦντας.
1632 817 1687 842 Καὶ
1714 825 1798 842 κατα-

1019 862 1147 897 κρίνομεν
1161 861 1249 896 ἡμεῖς,
1269 861 1294 887 oi
1308 861 1378 894 ἄξιοι
1389 859 1565 895 κατηγορίας,
1583 860 1654 894 ὑμᾶς
1668 859 1730 890 τοὺς
1745 859 1800 890 ἀξί-

1019 916 1066 938 ους
1091 906 1212 934 ἐπαίνου.
1232 907 1286 934 Καί
1306 907 1346 933 ὅτι
1369 908 1382 933 ὁ
1399 906 1515 941 Χριστὸς
1538 906 1650 940 προεῖπε
1669 905 1731 940 περὶ
1751 904 1799 931 τοῦ

1019 953 1155 987 Μωάμεθ,
1173 952 1220 979 καὶ
1256 953 1392 988 ἐπῄνεσεν
1420 952 1510 985 αὑτὸν,
1533 951 1582 977 καὶ
1606 951 1800 986 γεγραμμένον

1020 998 1161 1032 εὑρίσκετο
1172 997 1202 1024 τὸ
1211 998 1295 1032 ὄνομα
1307 997 1388 1024 αὖτοῦ
1401 999 1429 1024 ὲν
1439 998 1478 1031 τῷ
1491 996 1537 1023 τοῦ
1548 996 1670 1028 Μωσέως
1682 996 1800 1030 παλαιῷ,

1021 1044 1067 1070 καὶ
1091 1044 1120 1069 ὲν
1143 1043 1182 1078 τῷ
1200 1043 1376 1078 Εὑαγγελίῳ,
1403 1045 1426 1070 οἱ
1445 1043 1473 1070 δὲ
1498 1043 1656 1078 Χριστιανοὶ
1675 1041 1802 1074 ἐξέϐαλον

1021 1089 1086 1115 αὐτὸ
1103 1089 1171 1124 μετὰ
1186 1089 1240 1116 τῶν
1254 1089 1349 1117 ἄλλων.
1367 1087 1448 1116 Εἶπον
1464 1089 1511 1116 καὶ
1528 1088 1605 1115 τοῦτο
1631 1089 1654 1114 οί
1670 1087 1800 1120 ἐλθόντες,

1021 1135 1061 1161 ὅτι
1087 1135 1232 1169 ἀπεδέχου,
1251 1135 1293 1162 ἵνα
1315 1136 1331 1170 ἡ
1349 1136 1418 1170 πρὸς
1441 1135 1471 1161 σέ
1490 1143 1540 1170 μου
1565 1133 1698 1168 ἀπολογία
1730 1133 1803 1167 εὑρί-

1023 1188 1103 1207 σκετο
1112 1180 1308 1215 πλατυκωτέρα
1318 1181 1367 1207 καὶ
1376 1180 1563 1216 καθαρωτέρα,
1572 1179 1657 1206 Τοῦτο
1668 1178 1803 1213 γνωρίσας

1023 1223 1090 1257 ἑγὼ¹
1107 1223 1282 1257 ἀντεδεξάμην
1309 1233 1356 1250 σου
1373 1225 1418 1250 τὸν
1436 1226 1546 1260 τρόπον.
1564 1225 1621 1254 Πᾶς
1637 1223 1692 1258 γὰρ
1704 1224 1717 1249 ὁ
1734 1223 1802 1257 μετά

1025 1270 1143 1301 σπουδῆς
1158 1270 1249 1304 ζητῶν
1264 1271 1314 1306 τὴν
1327 1271 1469 1304 ἀλήθειαν,
1485 1270 1610 1304 εὑρίσκει
1623 1269 1716 1304 αὐτὴν,
1736 1269 1760 1295 oi
1776 1269 1803 1295 δὲ

1024 1315 1228 1350 Μουσουλμάνοι
1265 1315 1465 1350 ἐμποδίζουσιν,
1501 1316 1543 1342 ἵνα
1559 1315 1737 1349 διαλέγωνται
1762 1323 1805 1340 τι·

1026 1370 1070 1392 νες
1088 1361 1116 1394 ἐξ
1147 1361 1235 1387 αὐτῶν
1258 1361 1327 1396 μετὰ
1339 1361 1393 1387 τῶν
1406 1359 1587 1395 Χριστιανῶν,
1607 1360 1644 1391 ὼς
1660 1360 1744 1392 ἔοικε,
1768 1359 1805 1394 μή

1027 1415 1091 1434 ποτε
1105 1407 1293 1441 διαλεγόμενοι
1309 1407 1379 1441 πρὸς
1397 1406 1537 1440 ἀλλήλους,
1563 1398 1661 1440 ἰγνῶσιῙ
1677 1406 1807 1440 καθαρῶς

1026 1453 1076 1486 τὴν
1087 1452 1226 1487 ἀλήθειαν.
1247 1452 1278 1478 Ol
1294 1452 1322 1478 et
1341 1452 1499 1487 Χριστιανοὶ
1525 1450 1693 1487 θαρροῦντες
1706 1452 1746 1482 είς
1757 1452 1808 1484 τὴν

195 1495 238 1523 nis
258 1495 414 1531 disputent;
442 1496 572 1523 nimirum
593 1497 627 1524 ob
647 1497 709 1529 hoc,
732 1501 864 1531 quantum
883 1496 976 1524 videre

1028 1497 1152 1532 καθαρὰν
1174 1497 1264 1524 πίστιν
1295 1497 1397 1529 αὐτῶν,
1415 1498 1462 1524 καὶ
1493 1497 1533 1528 είς
1561 1496 1633 1531 ἀπερ
1662 1496 1807 1530 κρατοῦσιν

197 1546 249 1573 est,
265 1549 298 1568 ne
319 1541 422 1569 mutuis
444 1541 690 1575 disceptationibus
711 1542 862 1575 exercitati,
880 1549 977 1576 puram

197 1587 338 1614 veritatem
357 1591 517 1622 agnoscant.
531 1586 680 1614 Christiani
705 1592 800 1615 contra
816 1594 876 1614 cum
893 1587 977 1614 animi

197 1630 295 1657 ﬁducia
323 1630 471 1658 innitentes
492 1638 566 1664 pune
590 1637 646 1658 suae
662 1630 737 1663 ﬁdei,
758 1635 784 1658 et
802 1630 895 1661 rectis,
915 1637 979 1665 pro-

197 1676 268 1704 batis
291 1676 429 1711 verisque,
453 1683 514 1711 qua:
536 1676 695 1708 observant,
722 1675 867 1711 dogmatis,
891 1675 980 1703 nullos

196 1723 309 1750 omnino
333 1729 445 1749 suorum
476 1722 639 1757 impediunt,
671 1722 718 1750 sed
747 1721 845 1757 singuli
871 1721 978 1748 illorttm

197 1768 368 1796 conﬁdenter
386 1772 414 1795 et
427 1767 514 1795 libere
529 1775 590 1794 cum
613 1767 755 1800 omnibus,
771 1767 980 1802 quibuseunque

197 1812 324 1844 libuerit;
339 1812 476 1846 disputare
505 1811 603 1838 solent.
634 1811 673 1838 En
695 1811 779 1846 igitur
799 1811 877 1846 juxta
896 1810 980 1837 animi

198 1859 239 1886 tui
260 1859 434 1889 sententiam,
457 1856 645 1884 defensionem
666 1863 753 1882 meam
779 1855 867 1890 quoad
885 1859 981 1890 potero

198 1904 349 1936 instituam,
363 1911 394 1931 ea
409 1903 513 1930 scilicet
529 1902 693 1934 edissercns,
710 1901 743 1928 de
763 1901 864 1935 quibus
878 1900 912 1927 ad
931 1907 980 1927 nos

199 1949 324 1976 scribens
343 1947 503 1975 dubitavisti
519 1951 547 1974 ct
566 1946 752 1982 interrogasti.
767 1945 849 1980 Atqui
864 1945 922 1972 haec
934 1949 980 1972 tua

200 1998 275 2026 sunt,
291 2001 308 2020 ο
321 1993 392 2020 bone
414 1992 579 2027 Sampsates,
596 1992 688 2019 verba.
707 1992 764 2027 Ego
779 1999 844 2019 vero
859 1991 924 2026 quid
940 1990 982 2017 di-

201 2046 264 2066 cere
283 2042 330 2065 aut
351 2037 427 2072 loqui
451 2037 544 2069 velim,
569 2041 597 2063 et
615 2036 687 2064 unde
716 2036 848 2063 orationis
875 2043 983 2062 sumere

202 2083 322 2114 initium,
335 2089 388 2109 non
400 2081 480 2108 video
493 2090 499 2108 :
512 2081 624 2113 veritus,
636 2089 670 2109 ne
681 2081 730 2108 tibi
742 2080 831 2108 simile
841 2080 982 2114 quiddam,

202 2129 275 2163 quod
291 2128 333 2154 his
348 2127 392 2159 qui
418 2127 504 2154 oculis
519 2127 658 2159 laborant,
678 2126 834 2161 contigerit.
858 2125 890 2152 lli
909 2125 981 2152 enim

1028 1543 1095 1578 ὀρθὰ
1115 1544 1163 1570 καὶ
1189 1543 1278 1578 ἀληθῆ
1306 1543 1439 1579 δόγματα,
1467 1543 1522 1569 οὐδ’
1537 1543 1604 1574 ὅλως
1630 1543 1808 1578 ἑμποδίξουσί

1027 1597 1104 1620 τινας
1130 1588 1159 1620 ἐξ
1182 1589 1282 1620 αὐτῶν,
1295 1589 1362 1614 ἀλλὰ
1378 1589 1446 1622 μετά
1461 1588 1551 1623 πάσης
1564 1589 1654 1619 ἀδείας
1671 1588 1716 1614 καὶ
1735 1588 1811 1620 ἐξου-

1030 1635 1088 1665 σίας
1103 1631 1142 1664 εἷς
1155 1635 1272 1664 ἕκαστος
1291 1634 1381 1660 αὐτῶν
1394 1633 1546 1667 διαλέγεται
1561 1633 1627 1667 μετά
1638 1633 1744 1660 πάντων
1772 1630 1811 1660 ὧν

1030 1679 1169 1715 βούλεταν
1183 1679 1229 1706 καὶ
1244 1679 1381 1714 ὀρέγεται.
1394 1679 1450 1706 Καὶ
1469 1679 1524 1706 ἰδοὺ
1539 1679 1609 1706 κατὰ
1625 1679 1673 1714 τὴν
1705 1679 1754 1714 σὴν
1765 1679 1812 1705 θέ-

1029 1726 1108 1760 λησιν
1134 1726 1223 1760 μέλλω
1236 1725 1453 1760 ἀπολογήσεσθαι
1478 1725 1550 1752 κατὰ
1565 1725 1608 1755 ιτὸ
1621 1725 1732 1752 δυνατόν
1753 1733 1811 1760 μοι,

1029 1771 1093 1806 περὶ
1106 1769 1143 1798 ὧν
1157 1771 1217 1797 τότε
1232 1770 1365 1806 ἔγραψας,
1389 1771 1436 1797 καὶ
1450 1768 1487 1797 ὧν
1500 1771 1569 1797 κατὰ
1592 1770 1623 1796 τὸ
1638 1770 1724 1805 παρὸν
1747 1771 1811 1805 ἐζή-

1028 1825 1115 1851 τησας
1147 1817 1193 1843 καὶ
1215 1817 1371 1852 ἠρώτησας.
1397 1816 1491 1842 Ταῦτά
1518 1824 1566 1843 σου
1593 1816 1627 1842 τὰ
1652 1817 1773 1851 ῥήματα,
1789 1813 1812 1842 ὧ

1029 1861 1096 1888 καλὲ
1121 1861 1288 1896 Σαμψατὴν,
1306 1861 1361 1895 ἐγὼ
1375 1861 1403 1888 δὲ
1425 1861 1452 1888 τί
1469 1861 1557 1896 μέλλω
1581 1862 1670 1888 εἰπεῖν
1692 1862 1739 1888 καὶ
1764 1862 1813 1888 λα-

1029 1907 1120 1942 λῆσαι,
1135 1906 1181 1932 καὶ
1198 1906 1280 1933 πόθεν
1301 1906 1446 1941 ἄρξασθαι,
1470 1906 1501 1933 οὐ
1524 1906 1664 1940 γινώσκω,
1681 1905 1814 1941 ἐνθυμού-

1032 1960 1111 1987 μενος
1122 1951 1153 1978 τδ
1165 1952 1228 1978 ’τῶν
1257 1951 1481 1986 ὀφθαλμιώντων,
1501 1952 1537 1986 μή
1557 1960 1621 1978 ποτε
1650 1951 1698 1978 καὶ
1719 1952 1747 1978 ἐν
1771 1951 1814 1978 σοι

1031 1998 1151 2032 γένηται,
1171 1997 1270 2023 ἐκεῖνοι
1293 1997 1348 2032 γὰρ
1370 1997 1495 2028 ἀσθενεῖς
1528 1998 1640 2032 ἔχοντας
1651 1997 1701 2029 τὰς
1727 1997 1813 2032 ὕψεις,

1031 2043 1062 2069 τὸ
1073 2042 1120 2068 τοῦ
1137 2042 1212 2076 ἡλίου
1229 2044 1288 2076 φῶς
1312 2042 1542 2077 ἀποστρέφονται,
1560 2042 1609 2069 καὶ
1624 2043 1653 2069 ὲν
1668 2042 1707 2078 τῷ
1723 2043 1814 2069 σκότει

1034 2085 1131 2120 μᾶλλον
1143 2085 1337 2113 ἀναπαύονται.
1354 2085 1433 2112 Οὕτω
1461 2086 1508 2112 καὶ
1532 2086 1563 2112 σὺ
1589 2085 1669 2117 αὐτὸς
1687 2085 1815 2119 ἀληθείας

1033 2131 1150 2161 ἀκούσας
1169 2131 1279 2165 ῥήματα
1300 2132 1345 2157 καὶ
1361 2131 1547 2165 δικαιοσύνης,
1560 2131 1610 2165 τὴν
1626 2131 1674 2165 μὲν
1686 2130 1816 2165 ἀλήθειαν

202 2181 264 2201 cum
287 2172 362 2200 visus
374 2172 430 2199 sint
452 2171 651 2203 imbecillioris.
675 2170 740 2198 solis
760 2171 851 2198 radios
875 2170 976 2197 lumen‘

1035 2177 1240 2212 ἀποστραφῆναι
1270 2176 1388 2211 μέλλεις,
1405 2177 1454 2203 καὶ
1486 2176 1517 2203 τὸ
1542 2175 1600 2210 φῶς
1620 2177 1670 2211 τῆς
1687 2175 1816 2211 ἀληθείας

204 2227 258 2255 que
283 2221 455 2250 aversantur,
481 2221 509 2245 et
536 2217 564 2244 in
591 2216 714 2245 tenebris
741 2216 835 2251 potius
858 2215 983 2243 desidere

203 2265 333 2301 gaudent.
356 2265 395 2291 lta
411 2264 495 2291 ctiam
511 2263 560 2291 tibi
578 2263 700 2291 veritatis
722 2267 750 2290 et
770 2262 884 2297 iustitia:
901 2261 984 2289 verba

204 2311 326 2340 audienti
349 2310 491 2344 contingit.
518 2309 669 2337 Veritatem
697 2309 770 2336 enim
804 2307 984 2340 aversaberis,

205 2357 323 2391 odioque
347 2355 471 2387 habebis,
492 2354 577 2381 multo
593 2354 684 2389 potius
711 2353 825 2388 cupiens
854 2354 882 2380 in
910 2352 987 2379 vanis

206 2402 259 2433 his,
274 2400 374 2435 quibus
392 2407 466 2427 nunc
486 2399 632 2426 immersus
644 2406 686 2430 es.
711 2397 832 2425 tenebris
851 2397 986 2428 desidere,

205 2445 277 2473 sicut
291 2449 319 2472 et
340 2444 376 2471 illi
389 2443 423 2471 de
439 2444 541 2478 quibus
556 2444 637 2471 modo
651 2442 780 2470 diximus.
797 2441 875 2476 Quod
897 2446 988 2469 tamen

207 2497 242 2517 ne
256 2489 312 2521 ﬁat.
335 2489 478 2523 deprecor.
515 2489 710 2516 Verumtamen
736 2487 829 2514 innata
857 2487 904 2514 illa
928 2487 989 2518 tibi.

209 2540 289 2576 quam
311 2540 382 2567 Deus
396 2538 690 2573 concessit,judicandi
713 2537 881 2573 cognitione,
905 2536 990 2564 disci-

210 2591 291 2626 plinis
305 2597 414 2624 quoque
437 2593 464 2616 et.
489 2588 660 2616 institutione
677 2587 801 2619 honesta,
815 2594 868 2621 qua
882 2586 992 2613 institu-

213 2640 257 2662 tus
265 2642 307 2667 es,
324 2635 436 2668 insuper
446 2633 561 2660 honesta
576 2638 604 2660 et
619 2633 735 2668 integra,
750 2639 831 2666 quam
850 2632 897 2659 tibi
913 2632 992 2659 multi

212 2681 348 2711 tribuunt,
371 2678 539 2706 conscientia
565 2678 636 2712 (qua:
659 2677 752 2704 omnia
776 2682 801 2703 te
820 2677 846 2704 in
870 2677 994 2704 veritatis

219 2726 289 2753 viam
315 2724 445 2752 inducere
464 2723 586 2758 possunt)
604 2722 675 2753 freti.
694 2722 768 2749 hunc
789 2721 909 2748 laborem
933 2729 994 2749 sus-

216 2771 348 2806 cepimus.
365 2769 420 2798 Nec
435 2769 509 2797 enim
525 2768 675 2796 multorum
686 2773 714 2795 et
728 2767 867 2794 variorum
884 2767 940 2793 hrrc
954 2772 996 2794 est

217 2817 346 2852 cognitio.
369 2815 448 2844 Nunc
464 2819 564 2849 autem,
588 2818 617 2843 ut
632 2814 689 2850 ipse
704 2813 790 2847 vides,
808 2812 840 2840 ad
858 2817 883 2840 te
895 2812 995 2846 scribo,

1035 2221 1158 2256 μισῆσαι,
1176 2221 1223 2247 καὶ
1250 2220 1297 2246 hri.
1323 2220 1355 2247 τὸ
1373 2221 1486 2255 μάταιον
1511 2220 1615 2251 σκότος,
1637 2221 1666 2246 ἐν
1688 2216 1710 2253 ᾧ
1740 2220 1817 2255 εὑρί-

1035 2274 1088 2302 σκῃ
1120 2265 1168 2293 νῦν
1194 2265 1421 2300 ὲπαναπαυθῆναι
1450 2266 1560 2301 μᾶλλον,
1583 2266 1677 2301 ὥσπερ
1706 2267 1816 2298 ἐκεῖνοι,

1035 2312 1103 2346 ὅπερ
1126 2311 1294 2346 ἀπεύχομαι.
1320 2311 1415 2345 Ὅμως
1444 2310 1586 2346 θαρρήσας
1606 2311 1645 2342 είς
1674 2311 1723 2345 τὴν
1738 2319 1817 2345 φυσι-

1036 2358 1088 2392 κὴν
1108 2357 1208 2391 γνῶσιν
1227 2357 1260 2393 ἢν
1273 2356 1349 2391 παρά
1364 2357 1405 2382 σοὶ
1421 2356 1485 2388 Gabi;
1498 2356 1665 2391 ἐδωρήσατο,
1689 2356 1756 2382 ἀλλά
1785 2356 1818 2392 δὴ

1039 2405 1085 2431 καὶ
1102 2404 1141 2435 εἰς
1161 2409 1210 2440 την
1225 2403 1344 2438 μάθησιν
1365 2403 1412 2430 καὶ
1437 2402 1577 2432 παίδευσιν
1602 2402 1636 2437 ἢν
1666 2401 1818 2436 ἐδιδάχθης,

1039 2448 1123 2474 ἔτιδὲ
1139 2448 1186 2474 καὶ
1209 2447 1293 2483 ὀρθὴν
1310 2448 1357 2474 καὶ
1377 2447 1463 2482 καλὴν
1498 2447 1659 2481 συνείδησιν,
1689 2448 1721 2481 ἢν
1745 2447 1822 2480 παρά

1040 2492 1145 2520 πολλῶν
1176 2492 1248 2525 ἔχειν
1274 2492 1504 2526 μεμαρτύρησαι,
1532 2491 1612 2518 ἅτινα
1633 2491 1766 2525 ὀδηγῆσαί
1792 2499 1823 2517 σε

1041 2536 1109 2572 πρὸς
1123 2536 1168 2564 τὸν
1179 2537 1229 2571 τῆς
1242 2536 1369 2570 ἀληθείας
1382 2536 1440 2562 ὁδὸν
1457 2535 1497 2569 (οὐ
1521 2535 1575 2570 γὰρ
1596 2535 1652 2562 τῶν
1676 2535 1781 2561 πολλῶν
1806 2535 1825 2569 ἡ

1042 2582 1152 2616 γνῶσις)
1167 2582 1218 2617 ἢδη
1232 2583 1267 2613 ὡς
1283 2582 1348 2617 ὁρᾷς
1374 2581 1472 2617 γράφω
1486 2589 1539 2613 σοι,
1563 2581 1611 2607 καὶ
1624 2578 1680 2607 οἷον
1696 2581 1826 2615 ἀμνημο-

1043 2629 1126 2664 νήσας
1155 2627 1186 2654 ἰδ
1211 2628 1260 2663 τῆς
1277 2628 1347 2662 ἐμῆς
1372 2627 1490 2658 διανοίας
1520 2626 1624 2659 στενὸν,
1657 2627 1705 2653 καὶ
1727 2626 1756 2652 τὸ
1773 2625 1827 2660 τῆς

1045 2675 1166 2708 ἀμαθίας
1182 2674 1229 2700 καὶ
1245 2673 1388 2708 ἀγροικίας
1404 2673 1529 2705 ἀσθενὲς,
1542 2671 1698 2707 ἠϐουλήθην
1723 2671 1826 2698 ἀπολο-

1045 2720 1173 2754 γίσασθαι
1197 2719 1243 2746 καὶ
1264 2719 1350 2751 δεῖξαι
1374 2718 1443 2753 πρὸς
1473 2718 1513 2751 σὲ,
1539 2718 1603 2753 περὶ
1627 2716 1665 2745 ὧν
1687 2716 1828 2751 ἐζήτησας

1048 2766 1094 2793 καὶ
1123 2765 1279 2800 ἠρώτησας,
1310 2764 1357 2798 ἀφ’
1376 2761 1413 2791 ὧν
1430 2763 1534 2798 ἥκουσα
1561 2771 1591 2790 τε
1612 2764 1657 2789 καὶ
1673 2761 1827 2797 ἐδιδάχθην,

1048 2811 1208 2847 ἀνοιγέντων
1226 2811 1280 2838 τῶν
1296 2809 1442 2845 ὀφθαλμῶν
1460 2817 1509 2845 μου
1525 2808 1592 2836 θεοῦ
1610 2809 1747 2843 συνάρσει,
1765 2807 1828 2833 ἐπι-
