1941 3088
130 110 180 142 381

609 119 762 150 CONTRA
783 121 1029 151 ΜΑΙΙΟΜΕΊῈΜ
1051 122 1238 156 APOLOGIA
1263 123 1284 152 ῐ.

1697 121 1751 154 382

131 167 362 213 619a;£v‘r.o;inb
391 171 441 206 τῆς
460 174 576 208 ματαίας
603 176 650 202 καὶ
678 177 918 211 πατροπαραδότου

971 182 999 204 et
1013 177 1091 212 quasi
1105 178 1207 205 oblitus
1223 178 1322 212 ingenii
1339 178 1404 209 mei.
1429 178 1570 206 tenuitatis
1584 183 1611 206 et
1627 179 1752 213 inscitiae,

128 213 278 261 θρησκείας
295 215 362 261 πρὸς
381 217 432 252 τὴν
448 218 585 255 ἀκραιφνῆ
615 222 663 248 καὶ
689 217 841 256 ἀμώμητον
869 222 915 249 τοῦ

131 258 248 293 Χριστοῦ
272 260 372 292 πίστιν,
385 263 430 288 καὶ
442 262 491 298 τὴν
507 265 556 299 τῆς
568 265 697 301 ἀληθείας
725 266 795 294 ὀδόν.
822 268 917 302 Παρα-

131 304 204 330 καλῶ
213 305 304 332 τοίνυν
325 307 434 334 ἀκούειν
456 310 583 342 συνετῶς.
601 311 736 346 οὐδὲγὰρ
761 312 809 339 ἀπ’
831 313 917 348 ἐμαυ-

130 348 176 375 τοῦ
204 351 293 384 μέλλω
310 351 436 387 λαλήσειν
452 354 520 389 πρὸς
534 356 573 388 σὲ,
596 356 655 383 οὐδὲ
681 357 710 388 ἐξ
728 354 764 384 ὧν
790 357 870 393 ὑμεῖς
886 358 916 384 οὐ

131 395 328 430 παραδέχεσθε,
355 398 412 424 ἀλλ’
427 399 480 425 ἀπὸ
503 396 557 427 τῶν
581 401 680 435 βίϐλων
694 399 732 430 ὧν
761 403 863 435 πάντες
892 405 916 430 οἱ

131 439 338 475 Μουσουλμάνοι
354 443 530 478 ὁμολογοῦσιν
557 445 626 472 εἶναι
643 446 752 480 ἀληθεῖς
775 449 821 474 καὶ
837 448 917 482 ἁγίας

132 484 255 520 Γραφάς,
274 487 321 514 καὶ
336 488 389 515 ἀπὸ
409 489 456 515 τοῦ
472 491 540 517 Θεοῦ
555 491 709 525 δεδομένας.
734 493 838 528 meum
859 494 918 520 τοί-

132 539 192 563 νυν,
210 532 246 566 μή
261 541 327 559 ποτε
341 535 431 570 πάθῃς
445 536 596 570 παρόμοιον
607 539 664 569 τοῖς
678 538 832 572 ἱσταμένοις
847 540 916 566 ὲπά-

133 586 171 604 νω
187 577 343 614 θησαυρῶν,
361 581 407 606 καὶ
426 581 463 616 μὴ
479 581 661 615 γινώσκουσιν
687 583 754 611 ἔνθα
782 584 915 616 ἵστανται,

132 623 179 650 καὶ
192 624 219 650 τί
244 625 302 651 ἐστι
324 625 435 660 πλησίον
447 627 566 660 τούτοις.
591 629 646 655 Καὶ
662 630 717 664 γὰρ
740 631 838 656 ἐκεῖνοι
854 639 918 665 σχε-

131 668 175 695 δὸν
190 669 219 695 ἐν
232 671 291 701 ταῖς
308 671 413 698 ἑαυτῶν
426 673 520 707 χερσὶν
543 673 634 708 ἔχουσι
652 675 698 701 τὸν
720 675 808 710 μέγαν
837 675 918 702 πλοῦ-

131 722 188 746 τον,
200 715 254 741 ἀπὸ
268 715 294 742 δὲ
307 717 418 750 ἀγνοίας
441 718 543 745 τούτων
558 721 652 751 κεναῖς
669 721 837 756 ἀπέρχονται
849 723 911 752 ταῖς

132 759 221 794 χερσὶ,
242 761 288 787 καὶ
304 762 362 792 τοῖς
382 762 537 798 ἱσταμένοις
556 764 638 798 μέσον
664 765 780 800 ποτίμου
795 766 841 792 καὶ
855 766 918 792 διει-

132 804 265 839 δεστὰτης
280 806 418 842 βρώσεως,
428 809 476 834 καὶ
483 809 681 844 ἀπερχομένοις
693 810 818 845 διψῶσιν.
836 811 917 838 Ἀλλὰ

132 851 211 885 γενοῦ
228 853 321 886 ὅμοιος
345 855 401 885 τοῖς
425 854 542 881 κοπιῶσι
573 857 620 881 καὶ
644 856 777 891 ἱδροῦσιν,
802 858 846 884 ἵνα
872 858 918 884 τὸν

133 898 322 932 κεκρυμμένον
339 898 386 925 καὶ
401 899 500 935 ⁹ἀφανῆ
537 900 674 936 θησαυρὸν
709 902 848 929 ἐκϐάλωσι
870 904 917 929 καὶ

133 942 298 978 κερδήσωσι,
315 946 362 970 καὶ
378 945 439 971 ἐπεὶ
454 946 488 972 τὰ
507 946 563 977 τοῖς
579 946 692 974 ἀσεὸέσι
717 949 765 974 καὶ
785 948 918 982 ἀμαθέσιν

133 989 304 1024 ἀγνοούμενα
319 990 386 1017 Θεοῦ
401 991 479 1024 λόγια
493 991 544 1027 ήδη
562 992 631 1027 πρὸς
648 993 678 1019 τὸ
693 994 782 1029 παρὸν
797 994 917 1029 ἐγχειρί-

133 1034 224 1066 ζονταί
257 1043 309 1068 σοι,
334 1035 466 1071 πρόσεξον
496 1037 540 1063 ἵνα
573 1037 643 1072 μετὰ
672 1039 916 1073 μεμεριμνημένου

134 1080 234 1106 σκοποῦ
257 1081 304 1107 καὶ
316 1082 447 1116 ἀκριϐοῦς
466 1082 616 1114 ἐξετάσεως
636 1083 746 1118 διέλθῃς
771 1084 850 1113 αὐτὰ,
869 1085 917 1110 καὶ

132 1126 275 1161 ὲμπληθῇς
291 1127 366 1158 θείας
377 1126 504 1161 γνώσεως
517 1128 563 1154 καὶ
579 1127 717 1162 ἀληθείας.
737 1129 850 1164 Μεγάλη
864 1129 918 1164 γάρ

133 1172 208 1198 ἐστιν
236 1172 253 1207 ἡ
269 1171 324 1199 τῶν
338 1173 510 1208 Χριστιανῶν
533 1173 633 1205 πίστις,
650 1174 697 1200 καὶ
717 1174 789 1208 μέγα
816 1176 919 1210 μυστή-

134 1217 193 1251 ριόν
210 1218 268 1244 ἐστι
283 1218 332 1254 τῆς
345 1218 392 1245 τοῦ
413 1218 479 1246 Υἰοῦ
492 1217 540 1245 τοῦ
553 1217 622 1244 Θεοῦ
638 1219 803 1254 σαρκώσεως
821 1220 838 1254 ἡ
849 1220 918 1246 ὐπὸ-

134 1262 219 1293 οεσις.

968 222 1191 258 rusticitatisqne,
1217 231 1270 257 qua
1298 231 1418 258 premor,
1454 223 1586 250 rationem
1616 225 1753 259 Apologia:

968 270 1069 293 nostra:
1088 267 1202 294 reddere
1226 267 1342 298 institui,
1358 272 1385 294 et
1405 268 1551 295 ostendere
1575 277 1607 295 ea
1632 270 1694 302 tibi,
1719 271 1752 297 de

967 311 1069 346 quibus
1085 312 1236 340 dubitando
1250 313 1463 347 interrogavisti,
1486 321 1602 348 quorum
1618 315 1752 349 cognitio-

968 365 1029 384 nem
1051 357 1108 392 ipse
1128 359 1242 386 auribus
1259 360 1367 394 percepi
1384 365 1411 387 et
1430 360 1521 387 animo
1543 360 1657 387 edoctus
1680 368 1752 393 sum,

967 403 1015 430 Dei
1030 404 1132 431 auxilio
1145 405 1274 432 nimirum
1294 405 1381 433 oculis
1400 405 1468 432 meis
1491 407 1603 440 apertis,
1619 413 1716 441 meque
1738 415 1752 434 ει

968 455 1049 480 vana,
1066 457 1203 482 perversa,
1219 457 1234 476 a
1249 451 1374 484 patribus
1392 451 1490 478 tradita
1504 451 1701 485 superstitione
1719 451 1752 478 ad

968 493 1103 520 sinceram
1122 499 1149 521 et
1165 495 1330 530 incnlpatam
1353 496 1455 524 Christi
1481 497 1561 523 [idem
1580 501 1607 523 et
1630 497 1754 524 veritatis

967 538 1038 565 viam
1060 547 1203 567 converso.
1216 541 1316 569 Hortor
1332 542 1434 576 itaque,
1458 546 1488 569 ut
1508 545 1630 569 attentus
1645 542 1753 569 audias.

967 583 1041 611 Nihil
1055 585 1128 612 enim
1141 593 1174 612 ex
1190 593 1232 612 me
1245 587 1368 614 dicturus
1381 595 1454 619 sum,
1475 595 1564 622 neque
1586 595 1619 614 ex
1637 587 1678 614 his
1693 595 1755 622 qua:

968 637 982 656 a
996 630 1074 658 vobis
1089 638 1143 658 non
1159 632 1341 667 recipiuntur,
1357 633 1405 660 sed
1427 641 1521 660 eorum
1543 638 1604 660 utar
1619 633 1754 660 librorum

970 676 1147 707 testimoniis.
1173 685 1242 711 quos
1266 685 1362 705 omnes
1386 677 1549 706 Musulmani
1571 685 1621 713 pro
1635 678 1710 705 veris
1726 684 1755 706 et

968 723 1150 749 sacrosanctis
1176 722 1328 757 Scripturis
1346 731 1360 750 a
1387 724 1441 750 Deo
1461 723 1532 751 datis
1553 730 1706 758 agnoscunt
1728 728 1755 751 et

970 765 1100 794 fatentur.
1120 767 1173 794 Fac
1191 768 1284 803 igitur,
1306 776 1340 796 ne
1357 769 1406 795 tibi
1428 769 1499 796 idem
1514 769 1665 804 contingat,
1681 769 1754 804 quod

970 812 1004 839 iis
1017 812 1063 847 qui
1077 813 1214 841 thesauris
1227 814 1252 841 in
1266 818 1365 841 terram
1382 814 1498 842 defossis
1512 815 1680 846 insistentes,
1697 815 1756 841 cui-

935 854 954 880 Β
971 865 1032 884 natn
1055 859 1092 885 rei
1117 859 1253 888 insistant.
1268 864 1296 887 et
1311 859 1441 894 quidnam
1458 860 1524 894 ipsis
1541 860 1694 894 proximum
1707 860 1754 893 sit,

969 911 1022 930 non
1038 904 1204 939 intelligunt.
1223 905 1255 932 lli
1270 905 1342 932 enim
1360 906 1483 940 ingentes
1507 906 1618 933 divitias
1648 910 1753 932 tantum

967 955 1021 974 non
1041 948 1067 975 in
1085 950 1211 977 manibus
1232 950 1375 983 habentes,
1387 956 1500 985 propter
1511 952 1692 986 ignorantiam
1707 952 1755 979 Ita-

968 999 1030 1018 rum
1052 994 1145 1021 vacuis
1162 994 1307 1022 discedunt
1331 995 1467 1022 manibus.
1485 995 1532 1022 Vel
1551 1004 1585 1022 ne
1601 996 1644 1023 his
1658 996 1756 1023 similis

968 1040 1027 1071 llas,
1045 1040 1091 1074 qui
1108 1040 1272 1067 dulcissima:
1288 1045 1381 1075 potatu
1406 1046 1434 1068 et
1453 1041 1650 1075 limpidissimze
1685 1041 1756 1068 assi-

967 1089 1070 1112 stenles
1079 1085 1248 1120 scalutigini,
1258 1086 1390 1113 sitibundi
1408 1091 1496 1114 tamen
1512 1087 1667 1114 discedunt.
1681 1087 1754 1120 Quin

967 1130 1059 1164 potius
1075 1130 1225 1157 lab0riosos
1242 1130 1302 1157 illos
1319 1135 1347 1158 et
1368 1131 1498 1159 sudantes
1519 1132 1639 1164 imitare,
1662 1131 1709 1166 qui
1727 1131 1755 1159 iu

970 1177 1021 1202 hoc
1038 1181 1114 1207 sunt,
1131 1181 1162 1202 ut
1176 1176 1314 1204 defossum
1333 1177 1407 1204 illum
1424 1181 1451 1204 et
1476 1178 1668 1205 absronditum
1695 1177 1756 1205 tlte-

968 1229 1080 1248 saurum
1093 1221 1234 1254 ell‘odiant,
1251 1227 1278 1249 et
1295 1223 1371 1250 lucro
1388 1223 1522 1250 ditentur.
1542 1224 1621 1250 Tunc
1639 1223 1754 1255 etenim,

967 1274 1029 1301 quze
1043 1266 1134 1300 impiis
1147 1271 1175 1294 et
1194 1267 1312 1294 indoctis
1330 1268 1422 1303 ignola
1436 1273 1510 1300 sunt,
1527 1269 1573 1296 Dei
1596 1269 1708 1296 oracula
1727 1268 1754 1296 in

134 1310 341 1344 prmsentiarum
356 1310 404 1338 tibi
422 1311 554 1344 revelata,
570 1319 619 1339 ceu
638 1311 665 1339 in
689 1319 785 1340 manus
808 1312 962 1340 tradentur.
978 1312 1095 1339 Attende
1111 1312 1206 1347 igitur,
1233 1317 1262 1340 ut
1296 1321 1380 1348 scopo
1411 1318 1438 1341 et
1470 1314 1612 1349 proposito
1636 1315 1756 1349 diligen-

134 1359 177 1382 ter
198 1356 383 1389 considerato,
413 1361 442 1385 et
461 1357 585 1394 diligenti
607 1359 688 1386 simul
713 1358 922 1393 investigatione
941 1357 1000 1384 haec
1017 1361 1111 1384 nostra
1133 1358 1216 1393 legas.
1249 1363 1280 1385 ut
1303 1359 1395 1386 divina
1413 1358 1528 1386 scientia
1548 1359 1629 1386 simul
1642 1364 1670 1387 et
1685 1360 1756 1387 veri-

136 1406 190 1429 tate
204 1402 353 1436 implearis.
366 1402 460 1438 Magna
470 1407 513 1431 est
542 1403 616 1432 enim
628 1403 846 1432 Christianorum
878 1403 954 1431 ﬁdes.
976 1407 1002 1430 et
1017 1410 1144 1437 magnum
1161 1403 1320 1438 mysterium
1341 1409 1384 1431 est
1400 1403 1500 1432 Christi
1517 1405 1578 1432 Filii
1597 1405 1645 1432 Dei
1661 1405 1755 1432 incar-

134 1449 253 1477 nationis
266 1449 417 1483 negotium.

171 1499 206 1523 α’.
221 1494 320 1528 Εἷπας,
337 1495 400 1527 Πῶς
416 1497 474 1523 ἐστι
498 1497 611 1524 δυνατὸν
625 1497 671 1524 τὸν
686 1498 753 1524 Θεὸν
765 1497 838 1531 ἔχειν
853 1495 913 1522 ιιὶὺν

1002 1495 1026 1521 l.
1043 1494 1195 1527 Quomodo.
1206 1495 1307 1529 inquis,
1324 1495 1501 1529 possibileeSt
1514 1496 1570 1524 Deo
1583 1503 1643 1524 esse
1654 1496 1754 1529 Filium

137 1542 202 1569 ἄνευ
225 1541 372 1575 γυναικ6ς;
386 1541 452 1574 Kal,
476 1542 538 1574 Πῶς
559 1543 615 1569 ἔστι
638 1542 750 1569 δυνατὸν
765 1541 829 1568 Θεὸν
838 1540 914 1575 γενέ-

135 1588 196 1614 σθαι
218 1587 379 1623 ἀνθρωπον;
402 1588 450 1620 Τίς
463 1589 491 1616 δὲ
504 1589 558 1615 τῶν
573 1589 660 1623 ἁγίων
675 1589 781 1622 ἐδίδαξε
805 1587 855 1623 τὴν
871 1595 916 1614 το-

134 1634 236 1669 σαύτην
248 1633 391 1667 ἀσέϐειανς
410 1635 445 1661 Ἦ
462 1636 540 1666 ποῖος
556 1635 611 1662 τῶν
626 1634 774 1670 προφητῶν
788 1635 817 1660 ὲν
833 1634 916 1659 ὀπτα-

133 1679 179 1715 σίᾳ.
203 1679 284 1706 τοῦτο
313 1679 445 1707 ἐθεάσατο
463 1688 471 1713 ;
492 1681 548 1707 Καὶ
574 1681 607 1708 σὺ
633 1681 684 1716 μὶν
705 1680 802 1707 ταῦτα·
834 1680 916 1714 ἡμεῖς

133 1725 161 1751 δὲ
178 1725 295 1760 λέγομεν
309 1725 406 1757 οὕτως·
425 1726 486 1752 Ὀτι
515 1726 566 1762 μὲν
584 1726 649 1758 Θεός
663 1727 737 1753 ὲστιν
760 1726 775 1752 ὁ
799 1726 916 1761 ποιητὴς

134 1770 243 1797 πάντων
263 1771 369 1806 ὁρατῶν
381 1779 411 1798 τε
432 1771 480 1798 καὶ
494 1772 629 1806 ἀοράτων,
661 1772 852 1807 ἐδιδάχθημεν,
869 1773 917 1798 καὶ¹

134 1815 303 1849 ἐγνώκαμεν,
321 1816 368 1842 καὶ
382 1816 557 1851 πιστεύομεν,
574 1817 621 1843 καὶ
631 1817 827 1852 ὁμολογοῦμεν·
849 1817 875 1844 τί
888 1817 917 1843 δέ

135 1861 191 1886 ἐστι
206 1860 282 1893 Θεὸς,
295 1859 356 1887 οὔτε
371 1860 560 1896 ἐδιδάχθημεν,
573 1860 635 1888 οὔτε
656 1861 830 1897 ἐγνώκαμεν,
859 1861 917 1888 ἀλλ’

134 1904 196 1932 οὗτε
217 1905 285 1936 ὅλως
312 1905 360 1931 ἐπὶ
373 1905 422 1940 τὴν
441 1905 556 1939 καρδίαν
569 1905 646 1940 ἡμῶν
660 1905 743 1940 ἀνέϐη
760 1906 807 1932 τοῦ
821 1905 919 1935 ,τοιού-

134 1958 184 1978 του
210 1950 384 1985 ἀσεϐήματος
414 1951 431 1986 ἠ
448 1951 582 1983 ἐξέτασις.
610 1951 666 1978 Καὶ
692 1951 734 1978 ὃτι
760 1952 774 1978 ὁ
802 1951 919 1987 Χριστος

136 1996 200 2028 Tib;
214 1996 261 2022 καὶ
271 1996 356 2028 Λόγος
367 1994 414 2022 τοῦ
430 1994 499 2022 Θεοῦ
524 1995 594 2027 ἐστι,
608 1996 657 2022 καὶ
675 1995 740 2026 Θεός
756 1996 828 2028 ἔστι,
839 1996 919 2022 τοῦτο

136 2041 183 2068 καὶ
196 2040 385 2076 ἐδιδάχθημεν,
412 2040 460 2066 καὶ
475 2041 646 2074 ἐγνώκαμεν,
673 2041 720 2067 καὶ
743 2040 918 2075 πιστεύομεν,

136 2087 183 2114 καὶ
197 2087 391 2121 ὁμολογοῦμεν.
407 2086 468 2116 Πῶς
478 2086 507 2112 δέ
520 2086 595 2112 ἐστιν
626 2087 642 2121 ὴ
664 2086 764 2113 τούτου
780 2087 919 2122 γέννησις,

136 2134 216 2168 ἡμεῖς
231 2133 282 2159 οὐκ
297 2132 418 2167 οἴδαμεν,
431 2131 493 2158 οὔτε
510 2132 700 2168 ἐδιδάχθημεν,
713 2132 770 2158 ἀλλ’
786 2132 850 2159 οὗτε
866 2133 921 2166 ἑξε-

965 1542 1024 1570 εἰηθ
1036 1541 1172 1568 muliere?
1184 1540 1325 1573 Quomodo
1333 1541 1397 1568 item
1408 1541 1567 1568 Deushomo
1575 1541 1633 1569 [leri
1643 1546 1732 1576 potest
1744 1544 1757 1572 7

965 1587 1032 1620 Quis
1044 1586 1162 1621 denique
1174 1589 1330 1613 sanctorum
1344 1586 1414 1613 hunc
1424 1586 1517 1613 docuit
1530 1590 1632 1613 tantam
1658 1587 1755 1622 impie-

967 1637 1066 1665 tatem,
1079 1636 1127 1659 aut
1138 1632 1263 1666 quisnam
1277 1632 1471 1666 prophetarum
1486 1632 1537 1659 hoc
1552 1640 1600 1667 per
1620 1632 1755 1660 visionem

966 1678 1128 1713 conspexit?
1143 1679 1174 1704 Et
1193 1678 1250 1705 haec
1262 1677 1373 1712 quidem
1389 1682 1418 1704 tu
1431 1678 1519 1710 dicis;
1538 1678 1639 1712 quibus
1650 1685 1700 1705 nos
1717 1678 1758 1706 sic

967 1724 1173 1758 respondemus.
1187 1722 1265 1756 Quod
1278 1723 1349 1750 Deus
1357 1728 1467 1751 creator
1478 1723 1514 1751 sit
1528 1726 1652 1751 omnium
1661 1724 1757 1751 visibi-

967 1770 1034 1797 lium
1048 1775 1076 1798 et
1086 1762 1278 1801 invisibilium,
1292 1769 1438 1797 didicimus
1450 1769 1532 1797 etiam
1544 1777 1604 1803 nos,
1616 1770 1758 1804 cognosci-

968 1823 1039 1851 mus,
1048 1815 1186 1842 credimus
1197 1819 1224 1842 et
1232 1814 1363 1847 fatemur;
1378 1815 1444 1849 quid
1454 1823 1518 1842 vero
1531 1815 1603 1842 Deus
1612 1816 1657 1844 sit.
1667 1823 1758 1850 neque

967 1861 1058 1889 edocti
1070 1868 1175 1890 sumus.
1185 1868 1274 1895 neque
1289 1861 1476 1896 intelligimus,
1487 1861 1540 1888 imo
1551 1869 1584 1888 ne
1595 1861 1621 1887 in
1637 1861 1757 1889 animum

969 1908 1079 1943 quidem
1090 1906 1186 1933 incidit
1198 1907 1279 1942 hujus
1290 1906 1439 1941 impietatis
1458 1907 1611 1941 inquisitio.
1626 1906 1759 1934 Similiter

968 1952 1106 1980 Christum
1126 1955 1153 1979 et
1167 1950 1266 1978 Filium
1281 1955 1309 1978 et
1321 1950 1439 1977 Verbum
1454 1949 1501 1977 Dei
1515 1957 1592 1982 esse,
1614 1950 1756 1984 Deumque

969 1999 1070 2034 ipsum,
1087 1998 1243 2030 didicimus,
1256 1997 1458 2032 cognoscimus,
1469 1997 1609 2025 credimus
1630 2001 1658 2023 et
1672 1997 1756 2024 conii-

970 2047 1079 2070 temur:
1094 2042 1180 2077 qualis
1194 2050 1258 2069 vero
1271 2042 1344 2069 illius
1359 2042 1395 2069 sit
1405 2042 1558 2076 generatio,
1571 2049 1621 2068 nos
1638 2049 1688 2068 nec
1702 2041 1754 2068 sei-

971 2095 1042 2118 mus,
1052 2095 1102 2114 nec
1112 2086 1201 2114 edocti
1216 2093 1320 2119 sumus,
1328 2093 1416 2120 neque
1432 2085 1514 2113 etiam
1526 2086 1553 2112 in
1562 2090 1693 2112 aeternum
1704 2085 1757 2111 hoe

972 2134 1112 2168 inquirere
1128 2133 1266 2162 volumus,
1276 2139 1325 2159 ceu
1340 2131 1466 2166 itnpium,
1477 2135 1504 2158 et
1515 2138 1529 2157 a
1539 2130 1693 2157 Christiana
1704 2130 1756 2157 ﬁde

136 2165 229 2211 τάξειν
246 2165 380 2213 μέλλομεν
395 2178 461 2205 αὐτὸ
475 2178 575 2209 εἰς’τὸν
585 2165 688 2210 αἰῶνα,
703 2178 742 2210 ὥς
755 2178 851 2209 ἀσεϐὲς
872 2165 918 2206 καὶ

973 2178 1137 2221 et.religione
1145 2185 1224 2213 quant
1233 2177 1349 2204 maxime
1356 2176 1558 2209 alienum.Quin
1567 2175 1757 2210 aequanimiter

137 2225 292 2260 ἀπόὃλητον
320 2224 372 2259 τῆς
391 2224 447 2251 τῶν
471 2224 644 2258 Χριστιανῶν
670 2223 789 2255 πίστεώς
817 2232 847 2250 τε
873 2225 922 2251 καὶ

137 2270 341 2301 καταστάσεως.
367 2268 438 2296 Ἀλλ’
455 2269 557 2304 ἐπίσης
583 2269 736 2304 φρονοῦμεν
762 2270 921 2303 ἀγνοεῖσθαι

137 2316 185 2343 καὶ
197 2316 324 2350 ἀγγέλοις
343 2316 391 2342 καὶ
410 2315 566 2350 ἀνθρώποις
577 2316 608 2343 τδ
622 2315 744 2342 τοιοῦτον
754 2316 824 2352 ὑπὲρ
841 2317 923 2350 φύσιν

140 2361 299 2396 μυστήριον.
327 2359 467 2387 Οὖτω”καὶ
481 2359 529 2386 ἐπὶ
546 2360 594 2395 τῆς
614 2360 851 2396 ὲνανορωπήσεως
875 2361 923 2388 αὑ-

136 2405 194 2437 τοῦ,
216 2405 258 2432 ὅτι
273 2404 379 2439 ἐγένετο
392 2404 546 2439 ἄνθρωπος,
578 2405 625 2432 καὶ
653 2405 847 2441 ἐδιδάχθημεν,
875 2405 923 2432 καὶ¹

138 2449 308 2486 ιγνώκαμεν,
324 2451 373 2477 καὶ
390 2450 564 2486 πιστεύομεν·
577 2451 608 2477 τὸ
621 2450 649 2478 δὲ
663 2451 748 2484 ὅπως,
775 2451 807 2478 οὺ
840 2451 924 2485 γινώ-

139 2503 250 2530 σκομεν,
268 2495 326 2522 ἀλλ’
352 2495 445 2530 ὥσπερ
464 2496 616 2530 ἀγνοοῦμεν
638 2496 688 2531 τὴν
713 2497 746 2523 ὲκ
770 2496 841 2523 Θεοῦ
875 2497 924 2523 καὶ

141 2539 246 2574 [ἰατρὸς
263 2539 345 2566 αὑτοῦ
360 2540 497 2574 γέννησιν,
512 2539 599 2572 οὕτως
622 2541 775 2576 ἀγνοοῦμεν
806 2541 854 2568 καὶ
867 2540 924 2577 τὴν

138 2585 171 2610 ἐκ
185 2584 235 2619 τῆς
247 2584 331 2618 ἀγίας
348 2584 430 2611 αὑτοῦ
450 2586 554 2620 μητρὺς
568 2586 677 2620 Μαρίας
692 2586 742 2621 τῆς
770 2586 923 2620 Παρθένου.

142 2629 151 2641 ’
159 2630 236 2664 Γμεῖς
244 2629 273 2657 δὲ
283 2631 307 2656 οἱ
314 2630 492 2665 γινώσκοντες
503 2631 535 2657 τὸ
545 2631 590 2658 τοῦ
601 2631 667 2658 Θεοῦ
678 2633 820 2666 ἀδύνατον,
831 2633 924 2667 λέγετε

138 2676 251 2709 γὰρ,ὄτι
261 2675 322 2708 Πῶς
335 2677 391 2703 ἐστι
400 2676 512 2703 δυνατὸν
529 2676 601 2711 ἔχειν
614 2677 677 2704 Υἰδν
697 2678 743 2705 τὸν
753 2678 820 2705 Θεόν
832 2687 840 2711 ;
858 2679 925 2706 πάν-

138 2727 190 2749 τως
216 2719 246 2751 ἐξ
265 2716 302 2745 ὧν
331 2720 442 2753 λέγετε,
463 2719 608 2753 γινώσκειν
625 2721 737 2756 μέλλετε
760 2723 808 2749 καὶ
830 2724 859 2750 τὸ
877 2724 924 2750 τοῦ

138 2764 206 2791 Θεοῦ
240 2764 363 2791 δυνατόν.
405 2765 459 2792 Kal
490 2766 612 2798 διδάξατε
659 2767 738 2802 ὑμεῖς
777 2769 802 2795 οἱ
839 2770 924 2797 πολλά

140 2808 236 2842 εἰδότες
269 2810 344 2852 ημᾶς
368 2810 429 2842 τοὺς
459 2811 573 2846 ἀμαθεῖς
609 2813 654 2840 καὶ
691 2814 859 2850 ἀγροίκους,
883 2815 924 2848 τίς

972 2220 1105 2251 sentimus
1119 2222 1187 2250 etab
1195 2222 1299 2257 angelis
1308 2226 1335 2249 et
1347 2222 1381 2248 ab
1398 2221 1554 2248 hominibus
1571 2220 1636 2247 illud
1647 2227 1755 2246 omnem

972 2275 1098 2297 naturam
1114 2268 1250 2296 excedens
1259 2268 1418 2304 mysterium
1427 2266 1650 2302 ignorari.Atque
1660 2265 1755 2292 eadem

974 2316 1055 2343 nobis
1083 2315 1117 2342 de
1143 2314 1334 2342 incarnatione
1358 2313 1432 2340 illius
1451 2317 1493 2340 est
1517 2313 1662 2340 sententia.
1678 2310 1755 2344 Quod

972 2362 1046 2389 enim
1062 2362 1143 2388 homo
1154 2361 1242 2387 factus
1252 2360 1298 2391 sit,
1311 2363 1340 2386 et
1350 2359 1441 2386 edocti
1456 2366 1561 2390 sumus,
1573 2362 1601 2385 et
1616 2357 1758 2392 cognosci-

973 2415 1036 2435 mus
1046 2411 1073 2433 et
1087 2406 1234 2434 credimus.
1246 2405 1389 2440 Quomodo
1406 2409 1498 2432 autent
1510 2404 1593 2431 hotno
1611 2403 1699 2430 factus
1710 2404 1756 2436 sit,

973 2453 1141 2488 ignoramus.
1153 2451 1207 2479 Sed
1223 2450 1454 2486 quemadmodum
1467 2451 1625 2486 ignoramus
1641 2450 1713 2477 illius
1724 2457 1757 2476 ex

974 2499 1030 2526 Deo
1044 2501 1072 2525 et
1089 2497 1169 2525 Patre
1188 2496 1404 2531 generationem,
1420 2495 1460 2522 sic
1483 2495 1565 2522 etiam
1581 2502 1641 2522 eam
1657 2502 1710 2529 qua
1723 2502 1757 2521 ex

974 2547 1062 2570 matre
1083 2551 1134 2570 sua
1153 2546 1246 2570 sancta
1262 2541 1345 2568 Maria
1364 2540 1471 2575 virgine
1487 2545 1570 2568 natus
1593 2545 1636 2566 est
1649 2559 1656 2570 ,
1675 2539 1757 2566 nobis

974 2590 1173 2624 incompertam
1191 2595 1251 2615 esse
1262 2586 1391 2614 fatemur.
1407 2586 1460 2613 Vos
1474 2593 1549 2617 vero,
1565 2585 1611 2620 qui
1622 2584 1686 2619 quid
1702 2584 1758 2611 Deo

975 2633 1143 2668 impossibile
1156 2633 1201 2664 sit,
1220 2631 1372 2666 intelligitis
1391 2630 1494 2664 (dicitis
1515 2629 1600 2660 enim,
1616 2629 1759 2661 Quomodo

975 2679 1106 2715 possibile
1123 2682 1165 2706 est
1179 2683 1208 2705 ut
1223 2678 1294 2704 Deus
1311 2677 1410 2704 habeat
1426 2676 1555 2710 Filium?)
1573 2675 1668 2703 eadem
1683 2679 1757 2702 certe

975 2723 1080 2750 ratione
1095 2730 1148 2757 qua
1166 2722 1218 2749 hoc
1236 2721 1342 2753 dicitis,
1361 2720 1426 2755 quid
1448 2721 1531 2747 etiam
1556 2720 1611 2746 Deo
1627 2718 1757 2753 possibile

975 2767 1198 2802 silJintelligetis.
1208 2767 1262 2795 Vos
1276 2766 1359 2801 igitur
1374 2765 1520 2793 multarum
1536 2772 1628 2792 rerum
1641 2764 1756 2791 scientia

975 2813 1092 2849 praediti,
1103 2813 1198 2841 docete
1211 2820 1261 2840 nos
1275 2812 1398 2840 indoctos
1409 2816 1436 2841 et
1451 2811 1546 2846 rudes,
1570 2815 1692 2854 quaenam
1703 2808 1752 2838 Dei
