1946 3081
190 104 243 135 383
262 95 269 104 ‘

772 90 935 134 JOANNIS
950 101 1214 134 CANTACUZENI

1753 101 1807 136 384

189 165 287 187 natura
299 163 344 191 ειι,
372 163 400 186 et
417 166 539 194 quaenam
554 158 590 185 sit
603 158 647 185 illa
664 159 830 193 possibilitas
843 158 925 186 simul
940 162 968 185 et

1034 166 1092 185 στιν
1103 159 1120 193 ἡ
1133 159 1179 186 τοῦ
1194 158 1261 185 Θεοῦ
1272 158 1363 192 φύσις,
1379 158 1428 184 καὶ
1444 157 1469 184 τί
1485 157 1516 184 τὺ
1531 157 1658 189 δυνατὸν,
1672 157 1720 184 καὶ
1735 157 1761 184 τί
1775 158 1806 184 τὺ

189 205 409 239 impossibilitas,
429 208 458 231 ut
469 211 519 231 nos
531 204 608 239 juxta
621 209 738 231 vestram
762 204 925 232 sententiam
942 205 969 232 in

188 251 343 286 perditione
361 250 484 285 viventes
503 249 537 277 ab
559 249 672 277 interitu
693 250 828 283 eripiatis.
843 250 970 278 Edissere

189 296 271 331 igitur
287 296 376 328 nobis,
396 296 462 330 quid
478 296 550 324 Deus
566 297 602 323 sit
623 303 650 324 et
670 297 716 323 Dei
736 301 851 330 natura;
864 301 929 325 tunc
944 301 971 325 et

188 349 250 376 ρει),
271 349 395 376 qna-nam
414 341 474 368 Filii
495 347 522 368 et
535 341 618 369 Verbi
639 341 686 370 Dei
701 342 736 369 sit
752 343 902 376 generatio,
921 351 970 370 cx-

189 395 298 421 ponam.
316 386 350 413 Et
366 387 430 414 licet
451 387 567 415 fortasse
586 388 713 415 attdacuii
734 388 844 423 quidam
862 393 890 415 et
905 397 970 424 per-

188 432 274 460 friette
291 433 388 460 frontis
403 433 526 461 homines
537 434 571 461 de
583 434 634 461 hac
650 442 679 461 re
693 434 823 467 dixerint,
836 436 968 471 quidquid

189 479 254 512 ipsis
269 479 294 505 in
321 483 439 506 mentem
460 480 577 511 venerit.
600 479 707 507 fatebor
733 484 823 508 tamen
843 481 900 516 ipse
921 489 970 509 no-

190 529 274 550 stram
299 524 325 550 in
343 525 396 551 hoc
423 525 533 560 negotio
558 525 751 560 ignorantiam.
776 524 970 556 Verumtamen

188 569 240 596 hac
262 577 315 600 me.
337 577 390 604 qna
415 570 472 605 ipse
491 575 596 603 teneor,
610 571 782 600 dubitatione
803 572 900 600 libera.
916 574 971 602 Vos

187 615 272 647 enim,
294 616 340 650 qui
358 617 449 643 dicere
467 617 572 649 soletis,
587 616 645 650 Qua
660 617 766 645 ratione
779 619 909 653 possibile
929 624 971 648 est

189 667 215 688 ut
230 661 302 689 Dcns
316 661 414 695 Filium
428 662 529 689 habeat
539 662 644 697 absque
660 662 795 690 muliere?
813 664 970 699 intelligere

187 706 320 734 videmini
340 712 388 735 aut
404 707 472 735 tales
485 715 556 740 esse,
571 708 617 743 qui
638 708 805 736 intellecturi
825 709 882 737 sint
907 718 971 738 exa-

187 753 327 785 ctissime,
342 754 480 788 quomodo
500 753 627 782 Christus
640 761 674 781 ex
700 754 815 781 muliere
830 760 912 782 natus
934 756 970 783 sit

188 798 246 825 sine
262 799 332 825 virili
345 807 443 834 opera;
456 803 484 826 et
498 800 568 835 quod
585 800 631 828 illo
644 804 686 827 cst
704 800 886 834 manifestius,
901 809 971 836 quo-

189 843 270 871 modo
286 831 372 870 Adam
393 844 474 871 homo
493 831 581 872 factus
599 844 635 872 sit
656 845 716 872 sine
732 844 791 871 viro
804 849 830 871 et
852 831 972 873 femina:
987 831 1011 861 Β

190 897 283 916 verum
302 894 332 916 ut
346 894 373 917 et
384 889 438 917 Eva
462 897 496 917 ex
510 890 567 917 viro
588 890 709 924 quidem.
731 890 778 918 sed
793 893 896 926 absque
915 899 974 918 mu-

191 936 257 962 liere
285 941 376 963 creata
399 937 449 969 sit,
474 937 556 971 idque
573 945 627 964 non
654 938 731 973 juxta
750 942 854 965 natura;
886 938 973 973 legem

191 978 377 1012 constitutam,
398 987 479 1014 quant
495 986 555 1015 post
574 982 817 1016 transgressionem
833 991 848 1010 a
859 983 976 1012 Domino

191 1030 367 1059 acceperunt,
379 1034 474 1053 verum
493 1027 600 1055 diversa
610 1028 727 1063 quadam
745 1029 780 1056 ab
790 1029 842 1057 ltac
856 1030 973 1063 ratione,

191 1071 271 1097 nobis
289 1072 334 1106 qui
353 1072 491 1100 Christum
507 1073 624 1100 fatemur
636 1082 750 1109 prorsus
768 1075 915 1110 incognita,
928 1076 976 1104 sed

192 1116 240 1142 soli
256 1116 311 1143 Deo
332 1123 406 1144 nota.
424 1117 503 1150 Quod
532 1118 555 1146 si
583 1123 674 1146 autem
690 1118 743 1146 hoc
767 1119 977 1154 deprehendere

193 1162 266 1188 nulla
280 1162 398 1190 humana
421 1164 491 1190 ratio
514 1168 614 1198 potest,
631 1165 708 1199 quid,
722 1173 826 1201 quaeso,
840 1166 976 1194 incassum

192 1206 348 1235 laborantes
366 1209 527 1236 Musuhnani
544 1217 595 1237 nos
607 1210 640 1237 de
656 1210 753 1238 iisdem
771 1218 977 1247 accusant.qu.-e

194 1260 245 1279 nec
273 1254 323 1287 ipsi
346 1254 503 1290 intelligunt
522 1263 573 1282 nec
590 1262 736 1288 noverunt,
760 1257 807 1284 sed
837 1262 942 1284 tantttm
962 1266 977 1285 a

194 1298 310 1325 veritate
339 1299 467 1327 aberrare
497 1300 638 1334 videntur,
666 1307 798 1336 quantuni
837 1304 934 1330 caelum
963 1312 977 1330 a

196 1349 268 1371 terra
300 1345 402 1372 distat?
427 1346 525 1373 Verum
548 1347 751 1382 Scripturarum
780 1349 931 1384 ignorantia
951 1350 978 1378 in

197 1391 352 1426 huiusmodi
366 1399 476 1419 errores
495 1393 662 1420 inciderunt.
686 1393 769 1421 Mosis
797 1395 869 1422 enim
894 1395 978 1423 libros

196 1443 225 1463 et.
259 1437 367 1464 Davidis
389 1438 559 1472 psalterium,
587 1439 698 1474 insuper
727 1444 756 1467 et
781 1441 978 1475 prophetarum

198 1482 308 1516 scripta,
326 1483 374 1509 scd
394 1487 422 1510 et
444 1483 532 1518 ipsum
552 1484 654 1511 Christi
669 1485 855 1519 Evangeiinm,
876 1487 978 1524 omnia,

198 1527 320 1562 inquam,
345 1529 401 1556 lnnc
427 1536 530 1562 sancta,
543 1531 626 1565 justa,
645 1539 709 1558 vera
724 1536 753 1558 et
776 1532 846 1559 bona
863 1530 922 1560 esse
937 1533 981 1560 di-

198 1579 263 1599 cunt
291 1577 318 1600 et
339 1574 506 1602 confitentur
530 1577 570 1611 (ut
590 1581 619 1603 et
634 1584 727 1603 revera
752 1578 838 1610 sunt),
863 1579 982 1605 fatentur

199 1624 289 1646 autem
313 1620 379 1647 solis
407 1621 517 1656 verbis,
532 1631 592 1657 quae
614 1628 705 1650 autern
731 1624 757 1650 in
779 1624 821 1651 his
842 1624 981 1656 dirunlur,

199 1672 254 1690 non
280 1664 444 1700 intelligunt.
486 1666 520 1694 Et
556 1667 786 1702 quemadmodum
822 1669 879 1696 fieri
903 1670 982 1703 solet,

198 1716 261 1737 cum
289 1710 391 1738 auditis
411 1712 522 1747 angelos
543 1713 651 1748 egregie
672 1718 699 1741 et
713 1715 883 1742 suavissimis
908 1716 985 1743 sonis

200 1755 284 1783 Deum
301 1757 452 1791 celebrare,
474 1767 505 1786 ea
526 1760 639 1794 quidem
658 1768 719 1795 quae
738 1761 869 1789 dicuntur
892 1762 926 1790 ab
942 1763 985 1790 his

199 1810 293 1830 arnore
310 1809 338 1830 et
351 1803 478 1832 laudibus
490 1800 704 1840 prosequim‘tni,
722 1807 786 1842 quis
805 1815 872 1835 vero
898 1808 986 1835 dicto-

201 1856 261 1875 rum
287 1856 382 1877 sensus
408 1850 444 1877 sit
468 1858 522 1878 non
549 1851 712 1886 intelligitis.
731 1852 777 1879 Sic
804 1853 831 1880 in
855 1853 984 1881 omnibus

203 1893 278 1922 hisce
304 1894 382 1922 libris
403 1895 494 1923 facere
507 1897 613 1929 soletis,
639 1901 719 1925 utea
742 1899 852 1933 quidem
878 1907 938 1934 qna:
958 1900 985 1926 in

202 1940 247 1967 his
271 1941 374 1975 scripta
411 1943 600 1976 continentur,
629 1943 760 1971 laudibus
781 1944 896 1977 vehatis,
921 1945 987 1980 quid

202 1994 269 2013 vero
292 1987 412 2019 dicatur.
436 1987 578 2023 ignoretis.
595 1988 800 2022 Quamobrem?
823 1991 891 2023 Quia
918 1999 989 2018 nun-

203 2039 285 2066 quam
299 2031 333 2059 de
360 2032 402 2060 his
423 2033 509 2061 solide
532 2034 624 2061 edocti
649 2035 726 2062 estis.
745 2035 897 2063 Christiani
922 2044 988 2064 vero

204 2078 303 2113 partim
318 2079 345 2106 in
357 2080 483 2108 ecclesiis
499 2081 668 2118 congregati,
680 2082 781 2117 partim
796 2082 897 2117 singuli
915 2082 989 2110 dumi

204 2131 261 2151 sua:
277 2125 400 2159 quotidie
410 2134 503 2154 sacros
514 2127 599 2155 libros
611 2128 765 2163 periegunt,
782 2132 811 2156 et
823 2128 863 2155 sic
881 2127 989 2156 tandem

1022 205 1152 231 ἀδύνατον
1167 204 1259 238 αὐτοῦ,
1279 204 1322 230 ἵνα
1335 203 1440 239 σώσητε
1456 204 1540 238 ἡμᾶς,
1555 203 1618 234 τοὺς
1630 203 1659 230 ὲν
1670 203 1804 238 ἀπωλείᾳ,
1818 202 1821 205 ’

1023 252 1060 283 ὡς
1069 253 1147 287 ὑμεῖς
1157 252 1251 286 λέγετε
1261 273 1269 284 ,
1279 251 1393 283 ζῶντας.
1405 251 1488 283 Λέξον
1502 259 1546 286 μοι
1563 251 1607 283 σὺ,
1619 250 1645 277 τί
1655 250 1713 277 ἐστι
1727 250 1804 282 Θεὸς,

1023 297 1069 324 καὶ
1079 297 1145 324 Θεοῦ
1156 298 1341 332 φύσις,Κάγώ
1360 305 1400 324 σοι
1412 295 1551 331 ὲρῶ,πῶ;
1567 296 1584 331 ἡ
1603 295 1649 322 τοῦ
1667 295 1733 322 Υἱοῦ
1760 295 1805 321 καὶ

1023 344 1110 378 Λόγου
1127 343 1173 370 τοῦ
1184 343 1252 370 Θεοῦ
1269 343 1404 378 γέννησις.
1417 343 1447 370 Et
1461 342 1483 369 δ’
1497 342 1563 374 ῐσως
1578 343 1652 373 τινὶς
1662 341 1804 378 τολμητίαι

1023 390 1072 417 καὶ
1094 390 1223 421 αὐθάδεις
1237 389 1361 422 εἴπωσιν,
1380 389 1449 424 ὅπερ
1464 390 1498 415 ἂν
1512 388 1600 423 ἀναϐῇ
1617 389 1646 415 ὲν
1660 389 1694 423 τῇ
1707 388 1806 422 καρδίᾳ

1023 433 1124 466 αὐτῶν,
1139 434 1194 468 ἐγὼ
1213 433 1373 468 ὁμολογήσω
1394 433 1444 467 τὴν
1460 432 1525 467 περὶ
1537 431 1584 459 τοῦ
1598 431 1717 458 τοιούτου
1736 433 1806 467 πρά-

1023 490 1127 517 γματος
1142 481 1279 516 ἡμετέραν
1290 480 1401 513 ἄγνοιαν
1410 479 1497 514 ·ὂμως
1507 478 1675 514 θεράπευσόν
1693 487 1744 514 μου
1755 478 1805 511 τὴν

1022 528 1056 564 ἢν
1072 528 1126 563 ἔχω
1144 527 1272 562 ἀπορίαν.
1292 527 1386 560 Ὑμεῖς
1401 525 1455 561 γὰρ
1471 526 1495 552 ot
1511 525 1650 559 λέγοντες,
1669 525 1733 556 Πῶς
1745 525 1805 550 ἐστι

1023 574 1136 602 δυνατὸν
1160 574 1232 609 ἔχειν
1248 573 1294 600 τὸν
1308 572 1375 599 Θεὸν
1395 572 1452 599 νίδν
1467 572 1532 599 ἄνευ
1558 571 1708 605 γυναιχὸς;
1723 569 1806 604 γινώ-

1024 630 1099 649 σκειν
1114 621 1226 656 μέλλετε
1238 620 1370 655 ἀκριϐῶς,
1387 618 1447 650 πῶς
1462 618 1594 653 ἐγεννήθη
1610 618 1625 645 ὁ
1644 617 1761 653 Χριστὸς
1774 617 1806 643 ὲκ

1024 666 1154 702 γυναικὸς
1168 666 1232 693 ἄνευ
1251 664 1347 700 ἀνδρός
1363 671 1372 680 ’
1389 663 1436 690 καὶ
1457 663 1499 689 ετι
1513 661 1609 689 τούτου
1628 660 1805 696 σαφέστερον..

1024 713 1083 744 πῶς
1096 713 1110 739 ὁ
1132 712 1218 746 ’Δδὰμ
1234 711 1343 744 ἐγένετο
1359 710 1502 744 ἄνθρωπος
1518 709 1583 736 ἄνευ
1608 707 1703 741 ἀνδρός
1717 715 1747 733 τε
1759 706 1807 732 καὶ

1024 757 1163 792 γυναικός.
1195 755 1276 782 Ἀλλὰ
1291 755 1337 782 καὶ
1351 755 1369 790 ὴ
1385 754 1442 781 Eb:
1460 754 1490 787 ἐξ
1503 752 1601 788 ἀνδρὸς
1624 753 1684 787 μὲν,
1701 753 1765 780 ἄνευ
1780 752 1807 778 δὲ

1025 802 1165 837 γυναικὸς.
1181 801 1227 829 καὶ
1242 801 1275 827 οὑ
1292 800 1363 827 κατὰ
1379 800 1425 827 τὸν
1440 799 1523 834 νόμον
1538 799 1586 826 καὶ
1597 798 1647 834 τὴν
1670 797 1747 830 τάξιν
1758 798 1807 832 τῆς

1026 848 1133 883 φύσεως
1148 848 1181 882 ἢν
1198 846 1293 873 ἔλαϐον
1314 845 1380 881 μετὰ
1393 845 1442 880 τὴν
1461 844 1629 879 παράϐασιν,
1648 843 1705 870 ἀλλ’
1720 842 1808 877 ἑτέρῳ

1024 895 1128 929 τροπῳ,
1145 893 1160 920 ὃ
1182 893 1247 926 παρ’
1273 892 1339 927 ἡμῖν
1358 892 1415 923 τοῖς
1439 890 1614 926 Χριστιανοῖς
1630 890 1704 916 ἐστιν
1730 890 1809 922 ἀγνο-

1024 939 1152 974 ούμενον,
1164 938 1239 973 παρὰ
1257 937 1286 964 δὲ
1303 937 1378 972 μόνῳ
1399 935 1437 971 τῷ
1456 935 1517 970 Θεῷ
1539 934 1753 970 γινωσκόμενον.
1777 935 1809 961 Et

1024 986 1054 1013 δὲ
1069 985 1148 1012 τοῦτο
1162 983 1293 1011 ἀδύνατόν
1307 983 1367 1009 ἔστι
1382 981 1457 1017 πάσῃ
1472 980 1632 1017 ἀνθρωπίνῃ
1654 978 1764 1013 γνώσει,
1783 979 1810 1006 τί

1028 1029 1275 1067 ματαιοπονοῦντες
1313 1028 1339 1054 οῑ
1368 1026 1577 1061 Μουσουλμάνοι
1609 1024 1810 1060 κατηγοροῦσιν

1026 1077 1116 1112 ἡμῶν,
1140 1077 1179 1108 εις
1197 1075 1215 1103 ἃ
1231 1074 1291 1102 οὔτε
1317 1073 1420 1102 οἴδασιν
1450 1072 1513 1099 οὔτε
1536 1071 1727 1106 γινώσκουσιν,
1743 1071 1810 1097 ἀλλὰ

1028 1121 1138 1157 μακράν
1159 1129 1211 1147 που
1236 1119 1411 1153 εὑρίσκονται
1434 1118 1484 1152 τῆς
1497 1117 1638 1152 ἀληθείας,
1656 1117 1719 1143 ὅσον
1742 1117 1757 1151 ἡ
1775 1116 1810 1150 γῆ

1027 1166 1075 1193 τοῦ
1091 1165 1208 1200 οὐρανοῦ
1220 1173 1229 1196 ;
1241 1164 1295 1191 ἀπὸ
1307 1163 1362 1197 γὰρ
1374 1162 1422 1189 τοῦ
1435 1162 1472 1197 μὴ
1490 1161 1635 1195 γινώσκειν
1650 1160 1749 1191 αὐτοὺς
1762 1161 1811 1191 τὰς

1029 1212 1140 1247 Γραφὰς
1152 1211 1280 1238 ἐνέπεσον
1295 1211 1335 1241 εις
1347 1209 1427 1236 αὐτά.
1444 1208 1486 1234 Τὰ
1502 1207 1557 1242 γὰρ
1569 1206 1707 1235 Μωσαῑχὰ
1722 1206 1812 1241 βιϐλία

1030 1259 1077 1285 καὶ
1094 1258 1123 1284 τὸ
1140 1256 1186 1283 τοῦ
1201 1256 1283 1282 Δαόὶδ
1302 1255 1451 1290 ψαλτήριον
1464 1273 1472 1286 ,
1487 1254 1527 1280 ἔτι
1539 1253 1567 1279 δὲ
1580 1253 1627 1280 καὶ
1642 1253 1670 1279 αἱ
1681 1253 1735 1279 τῶν
1747 1261 1815 1286 προ-

1030 1304 1124 1338 φητῶν
1139 1302 1256 1338 Γραφαὶ,
1273 1301 1340 1328 ἀλλὰ
1363 1301 1395 1337 δὴ
1415 1300 1462 1328 καὶ
1480 1300 1511 1326 τὸ
1524 1299 1570 1326 τοῦ
1587 1298 1706 1335 Χριστοῦ
1725 1299 1813 1333 Εὐαγ‹

1030 1349 1128 1384 γέλιον,
1145 1348 1179 1374 τὰ
1191 1348 1279 1374 πάντα
1295 1347 1342 1373 καὶ
1356 1346 1431 1380 ἅγια,
1456 1345 1503 1372 καὶ
1522 1345 1625 1376 δίκαια,
1649 1344 1698 1370 καὶ
1715 1343 1813 1378 ἀληθῆ,

1030 1395 1078 1422 καὶ
1095 1394 1166 1420 καλὰ
1179 1394 1288 1426 λέγουσι
1302 1392 1350 1419 καὶ
1364 1390 1537 1426 ὁμολογοῦσι.
1554 1391 1609 1418 Καὶ
1629 1389 1716 1421 οὕτως
1741 1390 1814 1415 ἐστὶν

1031 1441 1047 1476 ή
1061 1440 1184 1475 ἀλήθεια.
1209 1437 1387 1473 Ὀμολογοῦσι
1402 1437 1430 1463 δὲ
1444 1437 1559 1472 στόματι
1576 1435 1662 1471 μόνῳ.
1682 1434 1716 1461 τὰ
1731 1434 1759 1461 δὲ
1773 1434 1816 1461 λε-

993 1502 1016 1530 c
1031 1487 1135 1521 γόμενα
1163 1484 1227 1521 παρ’
1246 1484 1337 1512 αὐτῶν
1362 1482 1516 1517 ἀγνοοῦσιν.
1550 1481 1630 1530 Ἀλλέ
1647 1481 1742 1530 ὥσπερ
1771 1480 1816 1530 ἵνα

1035 1532 1148 1567 ἠκούετε
1174 1530 1248 1565 παρὰ
1269 1530 1323 1557 τῶν
1346 1529 1471 1563 ἀγγέλων
1492 1529 1533 1555 ὅτι
1558 1527 1650 1559 καλῶς
1674 1529 1721 1554 καὶ
1747 1526 1816 1561 μετὰ

1035 1578 1155 1612 μεγάλης
1168 1575 1333 1611 γλυκύτητος
1348 1574 1396 1601 καὶ
1418 1574 1515 1609 ἡδονῆς
1539 1573 1644 1600 αίνοῦσι
1677 1573 1723 1600 τὸν
1735 1572 1814 1604 Θεδν,

1034 1622 1082 1649 καὶ
1095 1622 1129 1648 τὰ
1142 1621 1277 1654 λεγόμενα
1300 1619 1365 1654 παρ’
1377 1618 1489 1645 ἐκείνων
1515 1617 1661 1652 ὲστέργετε
1689 1618 1737 1644 καὶ
1751 1618 1819 1653 ἐπῃ-

1034 1669 1114 1699 νεῖτε.
1130 1667 1156 1695 τί
1175 1667 1203 1694 δέ
1219 1667 1292 1694 ἐστιν
1312 1665 1326 1692 ὃ
1342 1664 1467 1700 λέγουσιν
1483 1665 1609 1700 ὴγνοεῖτε
1624 1671 1631 1679 ”
1657 1663 1745 1695 οὕτως
1761 1664 1819 1690 ἐστὶ

1036 1716 1081 1742 καὶ
1103 1715 1148 1740 ἐπὶ
1163 1713 1272 1739 πάντων
1297 1711 1410 1738 τουτωνὶ
1427 1710 1482 1738 τῶν
1507 1706 1633 1745 βιδλίων,
1651 1709 1693 1736 ὃτι
1704 1708 1737 1735 τὰ
1753 1708 1820 1743 παρ’

1036 1760 1126 1788 αὐτῶν
1151 1758 1334 1794 γεγραμμένα
1358 1758 1506 1790 ἐπαινεῖτε,
1535 1755 1604 1782 τίδὲ
1627 1755 1753 1789 λέγουσιν
1770 1754 1822 1780 οὐκ

1036 1808 1135 1835 οίδατε.
1153 1806 1248 1837 Διατί;
1273 1805 1336 1831 Ὀτι
1356 1803 1416 1831 οὐδὲ
1430 1803 1499 1834 ὅλως
1520 1801 1680 1837 ἐδιδάχθητε
1697 1801 1761 1836 περὶ
1774 1800 1823 1828 αὐ-

1037 1852 1102 1880 τῶν.
1117 1851 1149 1878 0i.
1179 1850 1207 1876 δὲ
1222 1848 1392 1885 Χριστιανοῇ
1411 1848 1458 1874 ποῖ
1480 1847 1530 1882 μὲν
1543 1847 1585 1878 είς
1604 1845 1656 1877 τὰς
1673 1844 1823 1880 ἐκκλησίας

1039 1896 1230 1931 συναγόμενοι,
1249 1896 1296 1921 ποῖ
1324 1894 1353 1921 δὲ
1369 1893 1486 1924 ἕκαστος
1510 1893 1550 1924 είς
1570 1892 1618 1919 τὸν
1637 1889 1712 1919 οἷκον
1739 1891 1824 1918 αὑτοῦ

1039 1941 1199 1977 καθημέραν
1214 1940 1434 1975 ἀναγινώσκουσι
1453 1938 1503 1969 τὰς
1514 1937 1633 1974 βίὸλους,
1646 1937 1694 1964 καὶ
1708 1938 1722 1964 ὁ
1736 1936 1822 1968 πολὺς

1038 1989 1144 2023 χρόνος,
1160 1987 1206 2014 καὶ
1223 1987 1240 2022 ή
1257 1985 1372 2020 συνεχὴς
1394 1984 1561 2018 ἀνάγνωσις,
1591 1983 1640 2010 καὶ
1661 1983 1678 2017 ἠ
1704 1982 1826 2017 ἀκριῦὴς
1855 1990 1858 1991 ⁷

1037 2035 1162 2066 ἐξέτασις
1177 2032 1332 2068 ἑφανέρωσε
1348 2031 1396 2058 καὶ
1408 2030 1529 2062 ἐδίδαξεν
1555 2029 1656 2060 αὐτοὺς
1668 2029 1759 2055 πᾶσαν
1774 2028 1825 2061 τὴν

1041 2080 1181 2116 ἀλήθειαν.
1201 2077 1278 2104 Ἐπεὶ
1293 2075 1339 2103 οῦν
1356 2076 1466 2110 ἀγνοεῖς
1480 2074 1516 2101 τὰ
1538 2074 1604 2109 περὶ
1622 2073 1670 2100 τοῦ
1690 2072 1825 2108 Χριστοῦ,

1041 2127 1088 2153 καὶ
1099 2124 1195 2161 λογίζῃ
1210 2123 1251 2151 ὅτι
1274 2121 1362 2152 οὐδεὶς
1388 2120 1441 2147 τῶν
1455 2119 1541 2155 ἁγίων
1556 2119 1672 2154 ὶλάλησε
1695 2118 1760 2153 περὶ
1776 2118 1828 2145 αὑ-

205 2167 336 2205 temporfs
347 2171 524 2204 diuturnitas.
540 2172 649 2200 assidua
664 2173 758 2205 lectio,
768 2177 797 2200 et
812 2173 929 2208 diligens
947 2173 974 2200 in

1046 2171 1104 2205 τοῦ,
1123 2171 1180 2198 ἀλλ’
1205 2168 1268 2207 οὔτε
1281 2167 1423 2204 προφήτης
1443 2166 1643 2201 προεφήτευσε,
1662 2164 1709 2191 καὶ
1735 2164 1828 2198 ζητεῖς

205 2216 351 2252 vestigatio
372 2217 500 2252 exposuit
515 2218 667 2253 docuitque
685 2218 747 2246 illos
760 2225 870 2246 omnem
890 2218 990 2246 verita-

205 2266 273 2289 tem.
284 2262 352 2290 Cum
369 2263 452 2298 igitur
466 2264 574 2299 ignores
588 2271 620 2291 ea
634 2271 695 2299 quas
706 2264 809 2292 Christi
821 2269 896 2296 sunt,
907 2269 990 2297 putas

203 2308 299 2340 etiam,
315 2309 388 2344 quod
405 2317 486 2337 nemo
500 2314 657 2338 sanctorum
670 2310 705 2338 de
736 2310 782 2337 illo
796 2310 904 2338 loeutus
934 2311 981 2341 sit.

1041 2217 1130 2245 ταῦτα
1158 2215 1272 2243 ἀκοῦσαι
1290 2213 1355 2248 παρ’
1383 2212 1466 2250 ἡμῶν.
1489 2212 1527 2244 ὼς
1545 2211 1625 2247 δῆθεν
1647 2211 1684 2246 μὴ
1709 2210 1828 2245 ἑχόντων

1043 2262 1203 2297 ἀπολογίαν,
1234 2261 1352 2302 ἄκουσον
1382 2259 1446 2294 περὶ
1469 2255 1508 2286 ὧν
1533 2258 1637 2293 ζητεῖς,
1665 2257 1712 2283 καὶ
1728 2256 1829 2290 σκέψαι

1044 2309 1166 2345 ἀκριϐῶς
1179 2308 1215 2335 τὰ
1233 2308 1378 2341 λεγόμενα.

204 2361 234 2383 et
253 2355 344 2383 nullus
360 2356 554 2390 prophetarum
577 2353 611 2382 de
632 2355 684 2383 hoc
703 2355 882 2388 vaticinatus;
902 2363 989 2390 eaque
1010 2362 1024 2382 a
1042 2354 1134 2387 nobis,
1149 2360 1219 2388 quos
1240 2352 1314 2381 omni
1331 2352 1485 2387 patrocinio
1508 2351 1656 2379 destitutos
1673 2349 1829 2380 arbitraris.

206 2401 303 2431 audire
314 2401 464 2429 desideras.
476 2401 547 2429 Audi
572 2401 654 2436 igitur
682 2401 755 2436 quod
766 2401 1023 2436 quaeris,etattente
1038 2408 1099 2436 qua:
1114 2400 1245 2428 dicuntur
1259 2398 1413 2426 considera.

243 2459 270 2486 2.
292 2459 406 2494 Magnus
423 2458 468 2485 ille
481 2458 569 2486 Moses
581 2457 610 2485 in
625 2457 697 2486 libro
710 2457 852 2486 Geneseos
865 2458 995 2486 verbote-

209 2513 262 2535 nus
273 2505 313 2533 sic
324 2505 391 2532 dixit
402 2513 410 2532 :
424 2514 433 2530 ι
447 2504 520 2532 Dixit
530 2503 661 2531 Dominus
676 2513 682 2531 :
694 2504 804 2532 Clamor
815 2504 995 2532 Sodomarum

209 2557 239 2580 et
249 2551 409 2580 Gomorrha
423 2550 624 2585 multiplicatus
635 2553 679 2577 est
698 2556 791 2577 coram
808 2557 861 2577 me.
878 2549 1000 2577 Descen-

210 2598 280 2627 dens
303 2597 387 2633 igitur
413 2596 524 2624 videbo.
544 2595 682 2623 Abraham
710 2603 776 2623 vero
794 2596 883 2623 stabat
907 2603 998 2623 coram

210 2644 338 2672 Domino.
353 2643 388 2670 Et
401 2641 623 2678 appropinquans
632 2641 767 2669 Abraham
781 2641 851 2668 dixit
863 2650 871 2668 :
884 2641 954 2668 Num
961 2641 1000 2668 si-

214 2691 270 2718 llllll
286 2691 387 2726 iustum
404 2690 503 2726 perdes
520 2697 581 2718 cum
594 2689 690 2724 impio,
712 2693 739 2716 et
755 2688 809 2716 erit
822 2688 914 2724 justus
927 2688 998 2715 sicut

215 2737 334 2773 impius?
344 2736 371 2764 Si
382 2736 485 2764 fuerint
494 2735 692 2772 quinquaginta
702 2734 767 2770 justi
781 2734 808 2762 in
819 2734 897 2766 urbe,
907 2741 998 2761 nonne

215 2785 341 2813 remittes
361 2783 399 2812 illi
415 2788 527 2819 propter
549 2782 747 2819 quinquaginta
764 2781 869 2816 justos?
889 2781 998 2815 Nequa.

217 2839 298 2866 quam
318 2831 369 2859 hoc
382 2830 475 2864 facies,
488 2829 533 2865 qui
549 2828 657 2864 iudicas
671 2835 779 2856 omnem
795 2832 908 2869 terram.
928 2827 999 2853 Dixit

1081 2458 1114 2494 β’.
1141 2457 1176 2494 νό
1206 2457 1292 2491 μέγας
1307 2455 1409 2486 ἐκεῖνος
1443 2453 1545 2488 Μωσῆς
1565 2454 1595 2479 ὲν
1612 2453 1644 2488 τῇ
1673 2452 1759 2487 βίϐλῳ
1783 2452 1835 2486 τῆς

1046 2492 1179 2538 γενέσεως
1198 2503 1298 2529 οὑτωσὶ
1327 2501 1400 2528 κατὰ
1417 2500 1491 2533 λέξιν
1505 2499 1617 2535 ιίρηκεν
1634 2507 1640 2514 ·
1660 2507 1670 2523 ι
1691 2497 1760 2526 Εῐπε
1774 2498 1838 2525 Κύ-

1049 2559 1117 2586 ριος,
1131 2542 1246 2585 Κραυγὴ
1264 2547 1389 2583 Σοδόμων
1407 2546 1456 2574 καὶ
1475 2545 1618 2581 Γομόρρας
1644 2544 1839 2580 πεπλήθυνται

1048 2596 1117 2633 πρός
1142 2604 1188 2630 με,
1204 2593 1326 2626 καταὸὰς
1341 2593 1454 2628 ὕψομαι.
1476 2591 1605 2626 ’Δὸραὰμ
1624 2590 1652 2617 δὲ
1664 2588 1699 2625 ἦν
1710 2589 1841 2625 ἑστηκὼς

1050 2643 1140 2670 ἔναντι
1163 2641 1266 2677 Κυρίου
1287 2662 1294 2673 ,
1327 2639 1374 2667 καὶ
1401 2638 1515 2673 ἐγγίσας
1539 2636 1667 2673 Ἀϐραὰμ
1693 2634 1765 2670 εἷπε,
1793 2636 1841 2672 Μὴ

1051 2688 1235 2724 συναπολέσῃς
1250 2682 1440 2720 δίκαιονμετὰ
1452 2683 1579 2716 ἀσεϐοῦς,
1604 2683 1652 2710 καὶ
1670 2683 1748 2710 ἔσται
1772 2684 1787 2710 ὁ
1799 2683 1843 2710 δί-

1051 2743 1128 2766 καιος
1141 2734 1179 2764 ὡς
1194 2735 1208 2760 ό
1233 2732 1356 2766 ἁσεδήςς
1377 2731 1440 2758 Ἐὰν
1457 2727 1508 2757 ὦσι
1539 2729 1708 2764 πεντήκοντα
1737 2728 1843 2755 δίκαιοι

1053 2782 1081 2807 ὲν
1100 2782 1134 2815 τῇ
1147 2780 1235 2812 πόλει,
1249 2779 1298 2806 οὐκ
1325 2778 1441 2812 ἀφήσεις
1454 2776 1539 2811 αὐτὴν
1554 2776 1649 2802 ἕνεκεν
1664 2775 1720 2802 τῶν
1735 2774 1842 2809 πεντή-

1060 2835 1140 2854 κοντα
1156 2825 1288 2859 δικαίων;
1315 2823 1454 2860 Μηδαμῶς
1487 2822 1604 2858 ποιήσῃς
1633 2820 1721 2852 τοῦτο.
1746 2820 1761 2847 ὁ
1776 2819 1842 2856 κρί-
