1946 3081
189 115 242 148 387

772 116 935 149 JOANNIS
955 116 1215 149 CANTACUZENI

1744 123 1789 154 388

191 175 242 209 ipsi
261 173 397 201 Abraham
410 179 438 202 et
456 174 553 202 semini
578 174 665 210 ipsius
680 175 837 209 promiserit
849 180 875 202 et
891 175 963 210 polli-

1024 175 1178 210 ὑπεσχέσοη
1207 176 1254 202 καὶ
1277 174 1459 210 ἐπηγγείλατο
1486 175 1578 202 δοῦναι
1609 175 1647 211 τῷ
1677 177 1794 212 Ἀϐρααμ.

189 220 260 247 citus
273 219 308 246 sit
319 227 428 256 omnem
449 224 548 246 terram
560 241 567 252 ,
590 225 618 247 et
634 220 706 254 quod
725 228 818 248 semen
834 220 920 255 ipsius
935 221 970 247 sil.

190 265 424 299 multiplicaturus
440 266 513 292 sicut
527 271 597 293 astra
618 266 693 299 coali.
709 270 737 293 et
750 274 861 293 arenam
879 267 905 293 in
923 266 970 293 lit-

191 316 249 338 tore
277 311 381 338 maris:
401 320 409 336 I
426 311 460 338 Et
487 312 515 338 in
535 312 639 340 semine
654 316 711 344 tuo,
736 312 838 346 inquit,
855 312 970 339 benedi-

188 361 285 384 centur
302 365 398 384 omnes
409 363 531 392 gentes.»
543 358 577 384 Et
590 358 810 393 quandoquidem
828 359 874 385 Dei
886 359 970 385 verba

189 410 252 428 vera
269 407 342 433 sunt,
371 410 421 430 nec
437 410 558 437 unquam
581 403 689 434 fallunt,
707 403 884 437 inspiciamus
908 411 969 438 age-

188 449 264 480 dum,
281 448 392 482 quando
408 452 435 475 ct
460 455 579 482 quonam
605 448 687 475 modo
703 449 815 483 impleta
841 450 898 476 sint
911 449 969 476 haec

187 494 234 520 Dei
263 494 384 520 oracula.
401 492 538 520 Abraham
561 493 634 520 enim
652 493 733 520 binos
755 493 853 521 habuit
884 493 964 525 ﬁlios,

186 539 302 565 alterum
319 538 433 572 quidem
453 547 487 566 ex
507 539 604 565 ancilla
623 538 704 573 Agar.
732 539 872 566 lsmaelem
893 539 968 566 scili-

186 589 247 616 cet;
271 584 388 611 alterum
406 591 439 611 ex
465 585 551 612 libera
573 593 658 612 uxore
678 585 754 617 Sara,
772 593 869 620 nempe
883 580 967 612 isaac.

185 629 255 655 Num
264 629 355 664 itaque
366 634 477 664 propter
483 630 625 657 lsmaelem
634 638 664 657 ex
673 630 771 658 ancilla
780 631 966 665 genitum,ccu

185 675 301 702 Abralue
313 683 418 708 semen,
434 676 501 703 dixit
513 676 656 709 Dominus,
669 677 780 712 quodin
794 677 839 704 illo
853 677 967 705 benedi-

185 721 277 747 cendas
293 721 346 748 sint
360 729 455 748 omnes
471 721 586 756 gentes?
603 721 654 749 Sed
667 730 729 749 cum
746 723 879 750 Dominus
893 723 969 750 dice-

185 770 228 792 ret
245 765 295 800 ipsi
309 766 443 792 Abrahae:
459 775 468 791 ‹
486 766 560 801 Ejice
578 767 704 794 ancillam
719 775 780 794 cum
796 768 850 795 ﬁlio
870 769 966 803 ipsius,

184 818 357 845 nequaquam
372 811 445 843 enim
478 811 566 838 haeres
595 812 647 838 erit
671 819 705 839 ex
735 813 832 840 ancilla
857 814 967 848 genitus

183 863 245 881 cum
272 855 327 882 lilio
354 855 447 882 liberte
472 855 517 888 ⁸,»
537 855 688 883 secundum
720 857 768 883 Dei
799 862 964 892 praeceptum

183 901 319 927 Abraham
341 901 480 927 lsmaelem
505 909 568 928 cum
593 902 665 936 Agar
690 907 775 929 matre
800 910 850 929 sua
872 903 964 938 ejecit,

183 946 320 981 domoque
342 954 391 973 sua
417 946 531 980 expulit.
559 946 675 981 Insuper
701 947 840 975 Abraham
863 950 964 984 justus,

181 998 245 1019 cum
257 999 290 1018 ex
309 991 364 1018 Deo
383 991 508 1018 audiret:
530 1000 539 1017 ι
557 992 665 1019 Patrem
679 993 825 1020 multarum
843 995 964 1028 gentium

183 1039 208 1062 te
227 1035 402 1067 constituam,
420 1039 448 1062 et
465 1035 513 1062 tibi
531 1035 602 1062 dabo
622 1040 735 1069 terram,
749 1042 776 1063 et
791 1038 888 1064 sumini
906 1043 965 1070 tuo,

181 1085 209 1106 et
233 1080 259 1106 in
285 1080 390 1106 semine
418 1084 465 1106 tuo
496 1080 695 1107 benedicentur
720 1089 814 1108 omnes
832 1087 937 1116 gentes,
953 1092 961 1108 I

183 1125 324 1160 respondit
347 1125 387 1152 sic
400 1126 494 1152 dicens
510 1134 517 1152 :
541 1135 550 1152 ‹
568 1126 638 1158 Quid
654 1127 721 1153 mihi
739 1127 829 1159 dabis,
839 1127 963 1161 Domine,

182 1180 244 1198 cum
260 1172 316 1206 ipse
340 1173 399 1199 sine
413 1172 508 1200 liberis
524 1174 645 1200 moriar?
665 1184 674 1199 ι
699 1170 774 1202 Unde
791 1174 879 1208 vides,
892 1176 964 1210 quod

184 1217 340 1251 priusquam
355 1217 551 1245 admoneretur
563 1218 698 1245 Abraham
715 1223 744 1245 ut
758 1219 900 1248 lsmaelem
914 1221 963 1248 do-

184 1268 229 1287 mo
244 1262 365 1294 cjl2erct,
388 1261 469 1288 hunc-
489 1269 662 1297 nequaquam
677 1263 724 1290 ﬁlii
749 1264 810 1291 loco
828 1266 916 1293 duxit.
934 1266 962 1294 Si

181 1306 256 1332 enim
282 1306 354 1333 hunc
371 1305 456 1333 lilium
469 1314 564 1334 verum
590 1315 651 1335 esse
671 1309 874 1343 aestimavisset,
891 1320 963 1338 nun-

181 1358 263 1385 quam
282 1356 356 1379 certe
371 1352 564 1386 postulavisset
579 1353 664 1380 ﬁlium
681 1355 809 1382 alterum.
833 1357 871 1383 Eo
890 1357 962 1384 enim

182 1395 255 1430 quod
270 1396 347 1429 dicit,
381 1405 390 1422 ι
424 1397 481 1432 Ego
498 1405 563 1424 vero
589 1399 674 1426 orbus
701 1400 814 1432 morior,
847 1410 856 1426 ›
878 1401 964 1428 ﬁlium

182 1441 310 1474 postulat,
329 1449 410 1476 quem
426 1447 454 1469 et
465 1443 550 1469 ﬁlium
566 1449 592 1470 et
608 1451 699 1471 semen
716 1452 795 1472 suum
816 1453 876 1473 esse
890 1447 963 1474 aesti-

1022 221 1069 246 καὶ
1084 220 1122 254 τῷ
1141 222 1278 254 σπέρματι
1301 220 1385 247 αὑτοῦ
1399 221 1489 247 πᾶσαν
1502 219 1550 255 τὴν
1569 220 1632 255 γῆν.
1658 222 1713 248 Καὶ
1730 221 1794 257 πλη-

1021 264 1182 300 Θυνθὴσεται
1197 266 1226 292 τὸ
1244 265 1354 300 σπέρμα
1383 265 1475 297 αὑτοῦ,
1492 265 1529 297 ὼς
1551 266 1585 292 τὰ
1599 266 1685 301 ἄστρα
1697 266 1743 293 τοῦ
1755 267 1795 293 οὑ-

1022 311 1113 344 ρινοῦ,
1129 311 1175 337 καὶ
1192 311 1230 342 ὡς
1253 311 1302 346 τὴν
1317 312 1410 345 αμμον
1433 311 1482 345 τὴν
1497 311 1572 345 παρὰ
1597 311 1627 337 τδ
1639 311 1729 346 χεῖλος
1749 312 1794 346 τῆς

1023 355 1170 390 θαλάσσης
1192 365 1202 382 ‹
1223 356 1277 382 Καὶ
1302 356 1331 382 ὲν
1353 356 1392 391 τῷ
1409 356 1547 390 σπέρματι
1563 355 1645 382 αὐτοῦ
1659 356 1794 390 ὲνιυλογηά

1023 402 1149 437 Θήσονται
1163 402 1252 428 πάντα
1267 402 1300 428 τὰ
1315 401 1388 436 ἔθνη.
1398 411 1407 427 ι
1425 402 1478 428 Καὶ
1493 402 1554 427 ἐπεὶ
1572 402 1596 428 oi
1609 401 1656 428 τοῦ
1674 401 1740 428 Θεοῦ
1757 402 1795 427 λό-

1019 456 1062 480 γοι
1079 447 1189 482 ἀληθεῖς
1215 448 1280 480 siet,
1294 447 1343 473 καὶ
1361 447 1487 474 οὐδέποτε
1506 446 1704 481 διαψεύδονται,
1721 446 1794 481 δεῦρο

1019 491 1051 525 δὴ
1075 491 1250 525 σκεψώμεθα,
1281 491 1363 517 πόθεν
1381 491 1427 517 καὶ
1444 491 1472 516 ἐν
1488 489 1556 524 ποίῳ
1569 490 1661 524 τρόπῳ
1677 489 1795 524 ἐπληρώ-

1019 537 1105 571 θησαν
1118 537 1152 562 τά
1177 535 1223 561 τοῦ
1239 535 1306 561 Θεοῦ
1319 535 1406 569 λόγια.
1426 535 1455 561 '0
1473 535 1527 569 γὰρ
1545 534 1672 568 Ἀϐραὰμ
1699 534 1745 561 δύο
1759 534 1795 560 υί-

1019 582 1065 612 ob;
1082 581 1171 615 ἔσχεν,
1185 579 1232 607 ἕνα
1243 581 1274 606 ὲκ
1287 580 1334 615 τῆς
1346 580 1492 614 παιδίσκης
1505 580 1602 615 Ἅγαρ,
1612 580 1657 606 τὸν
1679 579 1794 615 Ἰσμαὴλ,

1019 627 1065 652 καὶ
1082 626 1130 652 ἕνα
1152 627 1183 652 ἑκ
1198 626 1246 660 τῆς
1259 625 1405 660 ἐλευθέρας
1434 625 1553 660 Σάρρας,
1569 625 1615 650 τὸν
1636 625 1738 651 Ἰσαάκ.
1753 625 1794 659 Μή

1019 680 1083 697 ποτε
1097 672 1161 705 γοῦν
1188 669 1266 698 εἶπεν
1281 673 1294 698 ὁ
1310 671 1375 702 Θεὸς
1390 670 1433 697 διὰ
1456 671 1501 698 τὸν
1515 671 1567 705 πρὸ
1588 670 1635 697 τοῦ
1657 670 1752 697 Ἰσαὰκ
1767 671 1796 697 ἐκ

1018 719 1066 752 τῆς
1090 717 1235 754 παιδίσκης
1251 716 1411 751 γεννηθέντα
1432 716 1553 751 Ὶσμαὴλ,
1566 716 1608 742 ὅτι
1630 716 1658 741 ἐν
1672 715 1744 750 αὺτῷ
1756 716 1796 741 ὲν-

1018 762 1244 797 ευλογηοήσονται
1271 762 1360 789 πάντα
1380 762 1414 788 τὰ
1439 762 1514 797 ἔθνη,
1529 761 1566 793 ὡς
1591 762 1623 788 ὲκ
1646 762 1796 797 σπέρματος

1018 808 1083 835 ὄντα
1105 808 1143 843 τῷ
1158 808 1295 842 Ἀϐραὰμ,
1312 807 1370 834 ἀλλ’
1385 808 1446 834 ἐπεὶ
1459 807 1526 839 Θεὸς
1541 805 1600 834 εἷπε
1612 808 1650 843 τῷ
1666 807 1794 842 Ἀϐραὰμ,

1019 855 1059 880 ὅτι
1076 853 1211 880 ιἘκόαλε
1229 853 1278 888 τὴν
1297 853 1442 888 παιδίσκην
1458 854 1526 888 μετὰ
1539 852 1586 880 τοῦ
1600 853 1693 884 παιδὸς
1705 853 1795 887 αὐτῆς,

1019 899 1147 933 οὐδὲγὰρ
1169 899 1366 934 κληρονομήσει
1384 900 1398 925 6
1419 899 1475 930 υίὸς
1488 898 1538 932 τῆς
1560 898 1706 932 παιδίσκης
1733 898 1796 931 μετὰ

1018 945 1065 972 τοῦ
1079 946 1137 971 υῑοῦ
1152 945 1199 979 τῆς
1211 945 1365 979 ἐλευθέρας.
1383 953 1393 971 ι
1411 944 1465 971 Καὶ
1480 944 1550 971 κατὰ
1561 945 1606 970 τὸν
1617 943 1663 970 τοῦ
1678 943 1745 970 Θεοῦ
1759 944 1798 969 Λύδ

1018 1000 1076 1026 γον,
1099 991 1208 1023 ἐξέσαλε
1240 991 1285 1017 τὸν
1311 990 1420 1024 Ὶσμαὴλ
1438 990 1507 1025 μετὰ
1530 990 1580 1024 τῆς
1602 990 1703 1024 μητρὸς
1716 989 1795 1016 αὑτοῦ

1017 1037 1068 1071 τῆς
1093 1038 1193 1071 Ἅγαρ,
1229 1036 1275 1062 καὶ
1301 1035 1451 1067 ἁπεδίωξεν
1473 1035 1571 1066 αὐτοὺς
1598 1039 1630 1062 εκ
1643 1035 1689 1062 τοῦ
1723 1035 1794 1061 οἴκου

1017 1082 1064 1109 τοῦ
1089 1082 1225 1116 Ἀὂραάμ.
1257 1081 1337 1108 Ἀλλὰ
1353 1082 1399 1107 καὶ
1417 1082 1431 1107 6
1449 1081 1553 1112 δίκαιος
1565 1080 1691 1115 Ἀϐραὰμ
1716 1080 1796 1106 ἀκού-

1019 1137 1067 1159 σας
1081 1127 1209 1160 πα.ράτοῦ
1224 1126 1303 1158 Θεοῦ,
1313 1127 1354 1153 ὄτι
1371 1135 1380 1152 ‹
1393 1126 1500 1161 Πατέρα
1515 1125 1619 1152 πολλῶν
1633 1125 1742 1151 τέθεικά
1756 1133 1795 1157 σε,

1018 1173 1064 1199 καὶ
1078 1173 1117 1198 ὅτι
1131 1172 1176 1198 Σοὶ
1192 1171 1269 1198 δώσω
1281 1171 1330 1206 τὴν
1349 1172 1410 1206 γῆν,
1422 1172 1469 1198 καὶ
1485 1171 1523 1206 τῷ
1532 1171 1669 1206 σπέρματί
1688 1170 1796 1203 οου,καὶ

1017 1219 1058 1244 ὅτι
1079 1218 1123 1244 Ἐν
1144 1217 1183 1252 τῷ
1206 1216 1343 1252 σπέρματί
1359 1225 1404 1243 σου
1424 1216 1682 1250 ὲνευλογηθήσονται
1707 1217 1795 1242 πάντα

1017 1263 1049 1290 τὰ
1061 1263 1134 1297 ἔθνη,
1155 1271 1163 1288 ι
1178 1262 1262 1293 οὕτως
1281 1262 1428 1297 ἀπεκρίθη,
1440 1261 1536 1294 εἰπὼν,
1556 1270 1565 1287 1
1580 1261 1612 1287 Τί
1628 1269 1673 1295 μἰι
1691 1260 1795 1293 δώσεις,

1018 1309 1112 1344 Κύριε,
1139 1309 1179 1334 ὅτι
1194 1307 1249 1341 ἐγὼ
1262 1307 1414 1341 ἀπόλλυμαι
1436 1307 1572 1339 dcam/oc;
1600 1306 1711 1336 Βλέπεις
1739 1305 1795 1336 πῶς

1017 1356 1063 1381 καὶ
1078 1355 1131 1389 πρὸ
1149 1354 1195 1380 τοῦ
1217 1354 1360 1389 ὁρισθῆναι
1389 1353 1435 1379 τὸν
1455 1353 1579 1388 Ἀϐραὰμ
1605 1352 1729 1379 ἐκϐαλεῖν
1746 1351 1797 1378 ἀπὸ

1016 1400 1062 1426 τοῦ
1076 1401 1151 1426 οἴκου
1177 1399 1259 1426 αὑτοῦ
1279 1399 1324 1425 τὸν
1349 1399 1459 1433 Ἰσμαὴλ
1485 1399 1535 1424 οὐκ
1551 1397 1685 1431 ἐλογίζετο
1705 1397 1797 1424 τοῦτον

1017 1446 1073 1472 υἱὸν
1087 1445 1180 1472 αὑτοῦ.
1196 1445 1227 1471 El
1242 1445 1295 1480 γὰρ
1315 1446 1352 1476 ὡς
1368 1446 1426 1470 υἱὸν
1442 1444 1524 1470 αὑτοῦ
1540 1443 1687 1477 ἐλογίζετο,
1701 1444 1751 1470 οὐκ
1762 1443 1796 1470 ἂν

182 1490 249 1513 met.
261 1486 336 1513 lsaac
345 1487 417 1514 enim
429 1491 485 1514 tum
500 1488 609 1515 demum
622 1497 684 1516 cum
699 1490 756 1517 haec
772 1496 835 1518 ante
850 1497 959 1526 peracta

1017 1491 1106 1526 ἐζήτει
1130 1492 1145 1516 6
1163 1490 1290 1524 Ἀϐραὰμ
1315 1490 1408 1516 τέκνον
1433 1490 1536 1524 ἕτερον.
1560 1489 1597 1516 Τὸ
1618 1489 1670 1523 γὰρ
1699 1489 1796 1521 είπεῖν,

181 1535 283 1562 essent,
297 1536 377 1558 natus
398 1537 450 1559 est.
467 1533 532 1559 Post
555 1533 613 1560 ha-c
631 1539 722 1561 autem
740 1536 832 1562 omnia
849 1536 963 1563 verbum

180 1574 289 1601 Domini
302 1576 415 1603 dicens:
446 1585 455 1602 ι
481 1577 554 1612 Ejice
568 1579 693 1605 ancillam
716 1588 777 1606 cum
799 1581 854 1608 ﬁlio
875 1590 935 1613 suo,
952 1592 961 1608 ι

181 1621 324 1647 manifeste
341 1621 471 1654 ostendit,
488 1623 561 1657 quod
573 1631 623 1651 nec
636 1624 708 1652 Deus
724 1625 863 1654 lsmaelem
879 1628 963 1654 ﬁlium

180 1672 210 1691 et
226 1672 321 1692 semen
339 1665 427 1700 ipsius
438 1667 555 1695 Abrahae
571 1676 631 1696 esse
645 1671 822 1704 rcpulaverit.
844 1671 877 1698 Et
889 1680 963 1704 ecce.

181 1716 313 1744 quantum
326 1717 447 1746 apparet.
465 1713 559 1740 Ismuc]
573 1715 648 1749 juxta
665 1716 712 1743 Dei
725 1722 889 1751 prameptum
906 1718 961 1744 ha:-

181 1757 296 1783 rcditate
315 1762 427 1790 paterna
443 1758 560 1786 Abrahae
576 1760 691 1787 excidit.
702 1761 772 1787 Num
794 1762 878 1796 igitur
892 1763 964 1790 hunc

180 1801 301 1829 lsaacom
322 1811 383 1830 esse
401 1803 525 1831 dicemus
538 1805 549 1830 ’ἶ
563 1805 643 1837 Quod
657 1806 768 1840 quidem
785 1807 830 1833 hic
842 1807 915 1835 ﬁlius
929 1808 965 1835 sit

182 1848 386 1881 uxorislibcraa,
399 1849 573 1876 manilestum
589 1854 630 1877 est
642 1858 650 1882 ;
666 1855 694 1877 et
708 1851 887 1878 Hebraeorum
898 1852 970 1887 gen-'

181 1899 234 1921 tem
259 1894 293 1920 ab
317 1895 369 1921 hoc
386 1895 560 1922 descendisse
579 1901 703 1929 constat;
730 1898 852 1932 gentium
872 1904 963 1926 autem

181 1939 336 1966 benedictio
356 1939 390 1966 ad
411 1940 484 1967 hunc
508 1940 620 1968 minime
650 1942 749 1969 referri
775 1947 875 1977 potest.
907 1944 963 1971 Soli

180 1984 253 2011 enim
268 1984 371 2012 Hebraei
385 1990 450 2012 sunt
463 1994 496 2013 ex
510 1987 583 2013 illius
599 1988 713 2020 semine,
734 1995 785 2015 ceu
802 1989 901 2022 posteri
917 1989 963 2016 Ja-

180 2030 254 2063 cobi,
268 2036 296 2058 et
317 2031 461 2059 duodecim
478 2032 597 2060 ﬁliorum
614 2033 684 2067 ejus.
700 2033 771 2066 Quin
791 2035 818 2060 in
833 2034 964 2062 felicitate

179 2077 270 2103 adhuc
295 2081 323 2104 et
353 2076 419 2104 ﬂore
440 2078 515 2112 regni
537 2078 579 2105 sui
601 2079 742 2106 constituti
762 2079 842 2114 pauci
868 2082 964 2106 admo-

179 2120 245 2147 dum
259 2126 288 2148 et
309 2126 453 2149 numeratu
474 2122 570 2150 faciles
592 2123 780 2157 reperiuntur,
793 2123 816 2151 si
839 2132 901 2151 cum
919 2129 962 2152 to-

1015 1537 1086 1571 Ἐγὼ
1099 1537 1121 1563 δ’
1135 1537 1246 1567 ἄτεκνος
1266 1536 1431 1570 ἀπόλλυμαι,
1447 1536 1503 1561 υίὸν
1518 1535 1624 1570 ἐζήτει,
1651 1535 1741 1561 ὅντινα
1755 1535 1798 1561 λο-

1014 1583 1119 1616 γίσεται
1135 1582 1190 1608 olim
1202 1582 1284 1609 αὑτοῦ
1299 1583 1347 1608 καὶ
1365 1581 1476 1616 σπέρμα
1492 1581 1620 1608 αὺτοῦ.”0
1633 1581 1687 1616 γὰρ
1705 1580 1797 1607 Ἰσαὰκ

1014 1629 1126 1663 ὕστερον
1143 1627 1285 1662 ἐγεννήθη.
1304 1627 1381 1654 Μετὰ
1408 1627 1437 1653 δὲ
1455 1627 1543 1654 ταῦτα
1561 1627 1576 1653 6
1592 1627 1641 1654 τοῦ
1665 1627 1733 1654 Θεοῦ
1751 1627 1796 1653 λό-

1013 1683 1071 1709 γος,
1087 1674 1101 1700 6
1128 1673 1224 1705 εἰπὼν,
1253 1673 1372 1699 Ἔκϐαλε
1398 1673 1447 1708 τὴν
1475 1673 1620 1709 παιδίσκην
1654 1673 1724 1708 μετὰ
1748 1673 1797 1699 τοῦ

1013 1719 1072 1747 υἱοῦ
1089 1720 1183 1754 αὐτῆς,
1200 1720 1324 1754 φανερῶς
1347 1718 1491 1754 ἐδήλωσεν,
1516 1719 1556 1745 ὅτι
1575 1719 1625 1745 οὐκ
1653 1718 1798 1752 ἐλογίσατο

1013 1766 1058 1792 τὸν
1083 1765 1197 1800 Ἱσμαὴλ
1211 1766 1304 1791 τέκνον
1318 1765 1365 1791 καὶ
1392 1764 1503 1799 σπέρμα
1528 1763 1574 1790 τοῦ
1589 1763 1722 1798 Ἀϐραάμ.
1742 1763 1800 1790 Καὶ

1015 1811 1069 1837 ίδού
1091 1811 1128 1842 ὡς
1155 1811 1343 1844 ἀναφαίνεται,
1361 1810 1493 1844 ἀμέτοχος
1508 1809 1582 1835 ἐστιν
1605 1810 1619 1836 6
1639 1809 1751 1844 Ἰσμαὴλ
1766 1810 1798 1835 ὲκ

1012 1856 1061 1890 τῆς
1085 1855 1268 1890 κληρονομίας
1288 1854 1334 1880 τοῦ
1358 1853 1494 1889 Ἀϐραὰμ,
1521 1853 1611 1883 καθὼς
1626 1854 1639 1880 6
1653 1853 1718 1885 Θεὸς
1739 1855 1799 1880 ὲκε-

1013 1900 1130 1927 τείλατο.
1146 1899 1190 1934 Μή
1207 1907 1270 1926 ποτε
1285 1899 1349 1933 γοῦν
1377 1900 1450 1925 ἐστιν
1470 1900 1483 1925 ὁ
1504 1899 1607 1931 Ἰσαὰκ,
1623 1899 1670 1925 καὶ
1684 1900 1726 1925 ὅτι
1747 1899 1798 1933 μὲν

1014 1946 1069 1976 υίό;
1095 1945 1167 1971 ἐστιν
1183 1941 1261 1975 οὗτος
1275 1945 1323 1978 τῆς
1350 1944 1495 1978 ἐλευθέρας
1515 1943 1632 1978 Σάρῤας,
1651 1943 1797 1978 πρόδηλον.

1015 1992 1070 2019 Καὶ
1085 1990 1115 2017 τὸ
1131 1991 1184 2017 τῶν
1204 1990 1338 2024 Ἑϐραίων
1356 1990 1434 2022 γένος
1460 1990 1489 2022 ἐξ
1507 1990 1613 2016 ἐκείνου
1629 1989 1697 2020 ἐστὶ,
1718 1989 1800 2015 τοῦτο

1012 2036 1237 2071 ὁμολογούμενον.
1259 2036 1327 2062 Ἀλλ’
1343 2036 1359 2070 ἡ
1373 2036 1426 2062 τῶν
1438 2035 1521 2062 ἐθνῶν
1530 2034 1640 2068 εὐλογία
1652 2035 1702 2061 οὐκ
1715 2034 1743 2067 ἐξ
1761 2034 1799 2068 6η

1013 2082 1060 2109 ἐπὶ
1070 2082 1109 2116 τῷ
1128 2081 1230 2108 Ἰσαάκ.
1242 2081 1330 2107 Μόνον
1345 2081 1398 2115 γὰρ
1408 2081 1432 2106 οί
1450 2080 1569 2115 Ἐὕραῖοί
1583 2080 1653 2106 είσιν
1665 2080 1696 2106 ἐκ
1711 2080 1799 2114 σπέρη

1016 2135 1098 2161 ματος
1119 2127 1166 2152 τοῦ
1197 2126 1299 2158 Ἰσαὰκ,
1325 2126 1362 2157 ὡς
1389 2126 1517 2159 ἀπόγονοι
1543 2125 1589 2152 τοῦ
1620 2124 1727 2155 Ἰακὼϐ,
1749 2124 1800 2150 καὶ

181 2167 235 2193 tius
251 2167 327 2194 orbis
349 2167 551 2196 habitatoribus
565 2169 751 2196 conferantur.
767 2169 817 2197 Vix
832 2170 905 2197 enim
919 2170 962 2197 vel

1016 2173 1066 2199 τῶν
1081 2172 1184 2198 δώδεκα
1198 2171 1263 2198 υίῶν
1278 2171 1372 2198 αὐτοῦ.
1386 2171 1440 2197 Καὶ
1456 2170 1496 2197 ἔτι
1511 2170 1539 2196 ἐν
1551 2171 1584 2204 τῇ
1600 2168 1735 2204 εὐημερίᾳ
1748 2170 1799 2195 καὶ

182 2213 263 2240 unius
277 2218 380 2240 tantum
396 2214 485 2248 gentis
507 2215 688 2249 quantitatem
710 2215 764 2242 sibi
780 2223 962 2243 conservave-

181 2264 257 2292 runt,
268 2259 361 2287 diviuo
379 2266 469 2288 autem
479 2261 580 2288 auxilio
596 2262 692 2297 adjuti,
709 2262 830 2296 insignes
843 2267 870 2290 et
884 2261 963 2290 terr-i-

180 2305 249 2333 biles
274 2306 456 2334 habebantur.
475 2307 609 2342 Populum
621 2309 694 2335 enim
709 2308 762 2335 sibi
785 2308 859 2335 hunc
880 2315 964 2342 pecu-

180 2350 276 2378 liarem
295 2352 412 2379 vocabat
433 2352 575 2385 Dominus,
597 2357 626 2380 et
649 2352 710 2380 illos
730 2353 918 2381 hereditatem
936 2357 964 2380 et

180 2396 316 2431 peculium
335 2405 414 2423 suum
435 2398 610 2430 nominabat;
626 2402 654 2425 et
679 2398 753 2424 illitis
767 2399 866 2425 virtute
883 2398 959 2425 devi-

180 2447 278 2469 cerunt
294 2443 424 2474 simul,et
438 2442 774 2484 adversariorumoppidis
793 2443 871 2477 potiti
884 2446 957 2476 suntl

179 2495 283 2522 perque
297 2488 343 2514 Dei
361 2488 511 2522 potentiam
535 2488 561 2514 in
585 2487 700 2524 Egypto
717 2488 805 2515 Moses
830 2488 961 2515 miracula

180 2533 261 2560 edere
276 2533 368 2567 coepit.
384 2538 412 2560 et
426 2539 488 2568 post
505 2534 577 2561 hunc
595 2534 666 2561 lilius
676 2534 748 2566 Nun,
763 2534 845 2561 Josue
860 2534 960 2568 aliique

180 2581 274 2614 plures
302 2587 387 2613 usque
407 2580 440 2606 ad
462 2579 564 2607 Christi
589 2580 804 2614 generationem.
831 2580 884 2607 Sed
900 2585 961 2614 post

180 2625 383 2659 gentratloncm
397 2625 471 2651 illius
494 2625 520 2652 in
541 2625 690 2660 perniciem
709 2632 789 2652 ruere
803 2626 888 2652 Judaei
907 2633 960 2653 ccc-

180 2673 292 2704 pcrunt,
316 2673 342 2695 et
358 2670 449 2696 Jacobi
480 2670 623 2705 prophetia
647 2671 756 2704 impleta
774 2676 815 2698 est
842 2672 958 2700 diccns:

184 2723 194 2740 ι
210 2714 270 2743 Non
285 2714 393 2742 deﬁciet
407 2716 535 2752 princeps
551 2725 583 2744 cx
598 2717 677 2750 Juda,
693 2724 780 2752 neque
794 2717 849 2744 dux
867 2718 900 2745 de
919 2718 958 2745 fe-

215 2797 226 2814 ³
239 2797 305 2825 Gen.
326 2805 394 2830 ml,
410 2798 453 2825 10.

1011 2219 1087 2253 ἀκμῇ
1104 2217 1195 2244 αὐτῶν
1223 2217 1392 2252 ὑπάρχοντες
1414 2215 1500 2242 πολλὰ
1528 2215 1686 2249 εὑρίσκοντο
1710 2213 1801 2246 ὀλίγοι

1012 2265 1060 2290 xz‘t
1084 2263 1272 2298 εὐαρίθμητοι,
1304 2263 1512 2296 συγκρινόμενοι
1537 2261 1606 2296 πρὸς
1627 2261 1689 2291 τοὺς
1704 2267 1802 2286 κατοι-

1011 2310 1126 2341 κοῦντας
1139 2309 1188 2344 τὴν
1200 2308 1374 2343 οἰκουμένην,
1391 2307 1529 2342 μόλιςγὰρ
1550 2306 1718 2342 περιέσωζον
1736 2306 1801 2336 ἑνὸς

1012 2356 1104 2386 ἔθνους
1133 2355 1279 2388 ποσότητα,
1307 2354 1360 2380 ἀπὸ
1387 2353 1414 2379 δὲ
1429 2353 1479 2388 τῆς
1501 2351 1549 2379 τοῦ
1575 2351 1644 2379 Θεοῦ
1667 2351 1802 2386 βοηθείας

1012 2401 1152 2435 ἐφαίνοντο
1178 2399 1291 2434 μεγάλοι
1308 2400 1354 2425 καὶ
1383 2398 1505 2433 φοϐεροί.
1533 2397 1606 2424 Λαὺν
1631 2398 1685 2431 γὰρ
1713 2396 1803 2428 αὐτὸς

1012 2445 1103 2472 ἐκάλει
1122 2446 1219 2477 αὐτοὺς
1234 2447 1247 2472 6
1271 2445 1346 2478 Θεὸς,
1364 2445 1411 2472 καὶ
1431 2444 1615 2480 κληρονομίαν
1639 2441 1720 2469 αὑτοῦ
1737 2441 1804 2468 ελε-

1012 2500 1059 2525 γεν
1075 2491 1185 2524 αὐτοὺς,
1203 2492 1250 2517 καὶ
1265 2492 1294 2517 ὲν
1303 2492 1336 2526 τῇ
1352 2489 1424 2524 ίσχύῖ
1449 2489 1532 2516 αὑτοῦ
1553 2487 1805 2523 κατετροπώσαντο

1011 2537 1059 2563 καὶ
1075 2536 1223 2571 ἐκέρδησαν
1241 2535 1289 2567 τὰς
1314 2536 1407 2567 πόλεις
1423 2536 1479 2562 τῶν
1502 2534 1668 2561 ὑπεναντίων
1693 2533 1802 2559 αὐτῶν.

1011 2582 1065 2608 Καὶ
1076 2583 1104 2607 ὲν
1118 2583 1150 2616 τῇ
1168 2581 1280 2616 δυνάμει
1300 2581 1346 2608 τοῦ
1368 2581 1435 2607 Θεοῦ
1461 2581 1562 2616 ἤρξατο
1588 2581 1675 2607 ποιεῖν
1701 2579 1715 2605 6
1731 2579 1806 2605 Μω-

1012 2627 1060 2661 σῆς
1076 2628 1104 2652 ὲν
1129 2628 1162 2661 τῇ
1180 2627 1308 2661 Αἰγύπτῳ
1321 2626 1356 2652 τὰ
1371 2626 1523 2662 Θαυμάσια,
1544 2626 1591 2654 καὶ
1618 2624 1676 2660 μετ’
1692 2623 1806 2650 ἐκεῖνον

1010 2671 1024 2698 6
1042 2671 1088 2698 τοῦ
1111 2672 1190 2704 Ναυῆ
1206 2672 1308 2706 Ἰησοῦς
1321 2693 1328 2706 ,
1346 2673 1393 2699 καὶ
1409 2672 1435 2698 οί
1455 2672 1553 2707 ἕτεροι,
1573 2671 1625 2702 ἓως
1637 2670 1686 2705 τῆς
1702 2668 1809 2703 γεννή-

1012 2726 1080 2750 σεως
1094 2717 1139 2744 τοῦ
1153 2718 1280 2752 Χριστοῦ.
1315 2717 1380 2745 Ἀπὸ
1395 2718 1423 2744 δὲ
1437 2718 1485 2752 τῆς
1500 2717 1547 2744 τοῦ
1562 2714 1681 2752 Χριστοῦ
1697 2714 1810 2748 γεννή-
