1946 3081
107 155 156 188 389

586 156 734 186 CONTRA
755 150 995 195 MAHOMETEM
1019 156 1206 187 APOLOGIA
1227 158 1250 187 ῐ.

1671 158 1725 194 390

106 223 173 246 σεως
203 214 323 250 ἦρξαντο
355 214 486 250 πράττειν
511 213 537 240 οἱ
562 213 685 240 Ἰουδαῖοι
711 214 744 240 τὰ
775 214 894 249 ὀλέθρια.

949 220 1025 241 more
1042 213 1125 246 illius,
1140 214 1228 242 donec
1247 214 1357 242 veniam
1369 222 1429 249 quae
1443 215 1560 251 reposita
1573 216 1685 255 eisunt.
1696 222 1725 246 et

107 260 159 286 Καὶ
194 257 340 294 ἐπληρώθη
365 259 382 294 ὴ
412 259 460 285 τοῦ
494 257 591 284 Ἰακὼὸ
611 258 780 292 προφητεία,
805 259 821 292 ἡ
847 258 890 284 λέ-

106 314 189 339 γουσα
213 305 254 337 τὸ,
287 314 296 331 ι
313 305 370 332 Οὐκ
395 304 514 338 ικλείψει
536 303 628 338 ἄρχων
653 304 682 336 ὲε
704 304 807 336 Ἰούδα,
831 304 891 331 οὐδὲ

105 350 255 384 ἡγούμενος
283 352 315 377 ὲκ
344 350 399 377 τῶν
429 350 523 386 μηρῶν
549 351 643 382 αὑτοῦ,
667 350 719 382 ἕως
742 346 772 376 οὗ
793 349 855 385 ἔλθῃ
877 349 891 376 δ

107 397 264 428 ἀπόκειται,
307 397 355 422 καὶ
372 396 451 422 τοῦτό
476 397 533 423 ἐστι
566 396 713 431 προσδοκία
755 395 848 422 ἐθνῶν.
879 406 889 422 ι

106 441 186 468 Ἀλλὰ
210 441 242 476 δὴ
262 442 309 468 καὶ
331 441 379 468 τοῦ
398 441 520 474 Ἡσαΐου,
543 442 559 476 ἡ
580 441 706 473 λέγουσα,
733 450 741 468 ι
760 442 854 468 Ἔσται
875 441 891 476 ἡ

109 489 170 523 ῥίζα
188 488 235 514 τοῦ
253 488 363 520 Ἰεσσαὶ,
382 488 430 514 καὶ
449 488 463 514 ό
484 487 665 522 ἀνιστάμενος
684 488 778 522 ἄρχειν
796 487 890 520 ἐθνῶν,

110 535 152 560 ἐπ’
165 534 238 568 αὐτῷ
255 534 319 568 ἔθνη
337 532 468 560 ἐλπιοῦσι.
489 542 499 558 ι
519 533 609 568 Μέχρι
627 533 680 568 γὰρ
697 534 747 565 τῆς
762 533 809 559 τοῦ
828 534 893 568 Χρι-

111 579 172 605 στοῦ
193 579 346 613 γεννήσεως
365 576 436 613 εἶχον
453 579 477 605 oi
494 579 615 605 Ἰουδαῖοι
636 578 683 605 καὶ
702 578 820 613 βασιλεῖς
839 578 893 604 ἀπὸ

108 623 155 649 τοῦ
170 624 264 657 γένους
276 623 366 650 αὐτῶν
380 624 427 650 καὶ
449 624 598 658 ἀρχιερεῖς.
612 623 791 657 Γεννηθέντος
804 623 832 649 δὲ
845 623 892 649 τοῦ

107 668 237 703 Χριστοῦ,
258 668 367 702 ἐλειψαν
389 669 435 695 καὶ
459 669 597 703 ἀρχιερεῖς
618 669 665 694 καὶ
686 668 816 703 βασιλεῖς.
839 669 893 695 Καὶ

108 712 210 738 τούτων
225 712 376 745 γινομένων
391 712 456 738 ποτὲ
475 712 524 746 μὲν
541 711 673 746 ὠργίζετο
690 712 704 737 ὸ
720 711 786 742 Θεὸς
802 711 893 743 αὐτοῖς

107 757 151 783 διὰ
164 758 214 788 τὰς
229 757 365 792 ἁμαρτίας
380 758 481 790 αὐτῶν,
493 758 640 792 ἐξαιρέτως
655 757 683 784 δὲ
699 758 742 784 διὰ
754 757 803 788 τὰς
819 757 895 784 εἰδω-

108 802 267 837 λολατρείας
283 803 384 836 αὐτῶν,
399 803 432 834 ἃς
447 803 655 837 εἰδωλολάτρουν
667 811 674 818 ·
689 803 753 829 ποτὲ
767 803 795 829 δὲ
813 802 894 829 πάλιν

109 848 255 874 συνεπὰθει
270 847 382 878 αὐτούς.
398 848 457 881 Ἀφ’
469 845 500 874 οὗ
515 848 542 874 δὲ
557 848 710 883 ἐτόλμησαν
723 849 753 873 τὸ
766 848 894 882 τόλμημα

108 893 196 918 ἐκεῖνο
207 893 238 918 τδ
252 892 323 926 μέγα
337 893 384 919 καὶ
398 892 524 927 φοῦερὸν,
537 881 628 919 ἔκτοτε
643 881 893 928 ἐγκατελείφθησαν
910 881 930 909 Β

108 938 184 972 παρὰ
202 937 249 963 τοῦ
267 937 351 969 Θεοῦ,
370 938 417 964 καὶ
435 936 623 972 παρεδόθησαν
641 939 681 968 εἷς
697 937 894 972 ἁσυμπάθητον

108 981 209 1015 ὀργὴν,
233 982 280 1007 καὶ
304 982 491 1017 διεσπάρησαν
516 983 557 1013 είς
581 982 614 1010 τὰ
641 982 714 1018 ἔθνη.
741 983 837 1009 Καίτοι
863 992 894 1017 γε

108 1026 351 1061 προσεκαρτέρησε
367 1027 417 1061 μὶν
430 1027 443 1053 ὁ
456 1026 522 1058 Θεὸς
537 1027 618 1061 μέχρι
632 1027 728 1062 καιροῦ
743 1027 897 1063 φιλάνθρω-

108 1079 159 1102 πος
177 1070 233 1103 ὣν,
251 1073 299 1105 τὴν
316 1072 428 1098 ἐκείνων
444 1073 612 1107 ἐπιστροφήν
629 1081 657 1099 τε
680 1073 728 1099 καὶ
751 1073 895 1107 μετάνοιαν

108 1116 306 1150 ἐκδεχόμενος·
331 1116 388 1142 ἀλλ’
402 1116 441 1148 ὡς
464 1116 561 1143 ἀνίατα
586 1117 731 1148 νοσοῦντας
757 1117 895 1152 ἀπέκοψεν

109 1160 208 1190 αὐτοις
223 1159 269 1185 ἀπ’
280 1159 363 1186 αὐτοῦ
375 1180 383 1193 ,
398 1159 434 1191 ὡς
448 1161 472 1186 οἱ
488 1161 627 1195 προφῆται
643 1161 752 1194 λέγουσι
769 1165 832 1197 περὶ
847 1163 896 1188 αὒ-

108 1205 173 1231 τῶν.
192 1205 268 1230 Ἐπεὶ
284 1204 348 1239 γοῦν
361 1205 618 1240 εἰδωλολατροῦντες
632 1204 716 1242 ἦσαν,
732 1207 778 1234 καὶ
794 1215 897 1242 παρορ-

108 1249 231 1283 γίζοντες
246 1249 290 1276 τὸν
304 1250 387 1282 Θεὸν,
404 1250 547 1285 παρεδίδου
563 1251 612 1285 μὲν
626 1252 725 1283 αὐτοὺς
741 1253 780 1283 εἰς
795 1252 896 1287 αἰχμα-

109 1295 211 1321 λωσίαν
231 1295 280 1321 καὶ
302 1294 460 1326 παιδεύσεις
474 1295 519 1322 διὰ
534 1295 568 1322 τὰ
584 1296 657 1322 κακὰ
671 1296 771 1324 αὐτῶν.
787 1297 825 1323 Οὐ
842 1297 895 1332 μὴν

108 1340 138 1366 δὲ
153 1341 201 1366 καὶ
215 1340 394 1374 ἐγκατέλιπεν
409 1342 519 1374 αὐτοὺς,
533 1341 602 1367 ἀλλὰ.
617 1341 699 1377 μέχρι
715 1341 810 1377 καιροῦ
824 1351 896 1375 τινος

109 1386 298 1421 εὐαριθμήτου
320 1387 495 1420 παρετείνετο
515 1388 532 1421 ὴ
551 1386 598 1413 τοῦ
620 1387 688 1413 Θεοῦ
709 1387 777 1423 πρὸς
798 1389 895 1419 αὐτοὺς

109 1431 193 1466 ὀργή.
216 1432 300 1459 Πάλιν
321 1432 350 1458 δὲ
372 1432 564 1467 ἀπελάμϐανον
586 1434 633 1458 καὶ
655 1433 837 1467 συμπάθειαν,
857 1433 895 1465 ὼς

110 1478 230 1512 είρηται,
251 1478 299 1504 καὶ
320 1478 369 1512 τὴν
389 1478 524 1513 πρότερον
544 1478 724 1512 εὐδαιμονίαν.
747 1479 828 1505 Ἀλλὰ
849 1481 896 1506 καὶ

942 257 1001 292 ipse
1020 260 1189 293 exspectatio
1204 260 1326 295 gentium
1339 260 1359 288 ‘.
1377 270 1385 286 ι
1406 261 1507 288 Verum
1524 266 1553 289 et
1574 262 1649 290 Isaiae.
1664 271 1726 291 Ora-

942 304 1034 330 culum
1059 303 1177 332 dicens:
1211 313 1220 330 (
1252 305 1384 340 Exsurgct
1408 306 1485 333 radix
1507 307 1601 339 Jessaz,
1623 312 1650 335 et
1677 309 1724 342 qui

941 352 1066 382 exsurget
1084 348 1116 374 ad
1132 348 1322 383 imperandum
1343 351 1482 384 gentibus.
1499 351 1526 377 in
1542 351 1618 378 illum
1632 358 1727 386 gentes

942 393 1092 427 sperabunt
1106 394 1127 419 ⁸.
1148 403 1157 420 ι
1187 394 1254 421 Nam
1270 403 1355 429 usque
1371 395 1404 422 ad
1427 396 1530 423 Christi
1556 397 1724 424 nativitatem

942 437 1028 465 Judaei
1046 443 1073 465 et
1092 447 1171 474 reges
1189 444 1217 466 et
1242 439 1383 474 pontifices
1405 441 1437 468 de
1453 449 1500 468 sua
1517 446 1599 476 gente
1621 443 1724 469 habue-

943 489 1024 510 runt:
1039 484 1091 511 hoc
1102 489 1191 511 autem
1207 490 1281 518 nato,
1293 491 1321 513 et
1331 494 1410 521 reges
1422 490 1450 514 et
1463 487 1606 522 pontiﬁces
1621 488 1729 515 defece-

943 533 1017 556 runt.
1035 529 1139 557 Interea
1156 537 1220 557 vero
1237 531 1368 565 temporis
1378 539 1450 558 nunc
1465 532 1575 567 quidem
1592 533 1726 561 Deusillis

943 574 1114 601 irascebatur
1134 580 1247 609 propter
1267 580 1378 610 peccata
1399 576 1532 611 ipsorum.
1547 578 1727 605 idololatriam

943 617 971 643 in
985 618 1091 652 primis,
1116 619 1195 654 cujus
1219 619 1417 647 studiosissimi
1439 626 1536 657 erant;
1554 630 1628 650 nunc
1659 630 1725 650 vero

943 663 1101 690 corumdem
1130 664 1313 692 niiserabatur
1343 665 1463 693 denuo:
1493 671 1636 702 postquam
1661 676 1728 696 vero

944 707 1049 735 facinus
1063 708 1129 736 illud
1147 717 1272 745 magnum
1288 714 1315 737 et
1334 711 1502 738 horrendum
1525 718 1633 747 patrare
1663 720 1728 742 sunt

944 754 1014 786 ausi,
1028 758 1093 781 tunc
1106 761 1120 781 a
1138 753 1193 781 Deo
1220 754 1321 782 deserti
1338 755 1364 782 in
1384 753 1452 783 iram
1472 756 1727 786 irreconeiliubilem

945 799 1111 830 inciderunt,
1124 803 1152 826 et
1169 799 1196 826 in
1212 804 1308 834 gentes
1320 800 1437 835 dispersi
1454 807 1527 829 sunt.
1543 803 1575 830 Et
1590 811 1654 831 sane
1668 812 1729 832 sus-

945 845 1028 872 tinuit
1040 845 1100 872 illos
1119 846 1192 873 Deus
1216 845 1250 873 ad
1269 842 1555 881 tempus,liumanum
1573 850 1650 883 quasi
1673 851 1726 876 mi-

944 896 1055 926 temque
1071 898 1100 918 se
1131 891 1184 918 illis
1212 891 1357 923 exhibens,
1381 900 1444 919 eum
1469 894 1598 922 nimirum
1629 896 1728 930 resipi—

943 936 1076 962 scentiam
1097 935 1206 962 illorum
1221 940 1249 963 et
1266 936 1455 970 pomitentiam
1472 945 1660 974 exspectaret;
1680 941 1727 968 sud

944 980 1093 1008 incurabili
1110 981 1206 1009 morbo
1223 976 1382 1010 laborantes
1405 984 1532 1016 abscidit,
1546 986 1726 1020 quemadmo-

944 1026 1008 1053 dum
1019 1026 1158 1061 propheta:
1168 1026 1201 1054 de
1213 1027 1280 1063 ipsis
1297 1028 1436 1056 vaticinati
1447 1029 1639 1058 fuerant.Cum
1653 1032 1727 1059 enim

945 1070 1025 1098 idolis
1041 1071 1188 1104 servirent,
1205 1076 1232 1099 et
1250 1072 1335 1100 Deum
1351 1073 1503 1106 irritarent,
1522 1075 1596 1109 ipsos
1616 1076 1728 1111 quidem

945 1116 973 1144 in
996 1117 1182 1152 captivitatem
1198 1122 1226 1145 et
1249 1126 1344 1153 pinnas
1361 1124 1474 1154 propter
1497 1121 1603 1149 scelera
1619 1122 1728 1149 illorum

945 1162 1069 1195 tradidit,
1097 1171 1153 1190 non
1180 1167 1269 1191 tamen
1286 1165 1400 1192 omnino
1425 1165 1600 1201 dereliquit:
1626 1167 1673 1194 sed
1701 1168 1731 1195 in-

946 1212 1053 1242 tempus
1063 1208 1174 1242 aliquod
1186 1216 1240 1235 non
1252 1209 1322 1236 adeo
1335 1209 1509 1243 immensum,
1519 1218 1569 1237 nec
1578 1211 1729 1245 inllnitum,

945 1252 1039 1280 divina
1053 1254 1080 1279 in
1097 1252 1158 1280 illos
1171 1253 1209 1280 ira
1229 1253 1446 1286 extendebatur;
1464 1261 1520 1288 quo
1539 1260 1685 1287 transacto,
1701 1259 1732 1283 ut

945 1298 1049 1325 dictum
1068 1301 1121 1331 est,
1149 1302 1177 1325 et
1199 1298 1273 1325 illius
1299 1298 1517 1326 misericordiam
1541 1304 1569 1327 et
1587 1300 1730 1335 pristinam

946 1343 1104 1371 felicitatem
1139 1343 1350 1378 recuperabant.
1383 1343 1577 1372 Verumtamen
1607 1353 1658 1373 nec
1701 1346 1730 1373 in

948 1393 1069 1423 tempore
1083 1388 1248 1423 captivitatis
1260 1389 1368 1416 illorum
1382 1397 1502 1424 unquam
1518 1390 1667 1418 defuerunt
1677 1390 1731 1417 illis

947 1434 1098 1468 prophetae,
1116 1434 1149 1461 ad
1170 1434 1384 1461 consolationem
1404 1434 1513 1462 illorum
1529 1440 1558 1462 et
1575 1435 1675 1463 animte
1689 1443 1733 1463 sa-

946 1479 1030 1506 lutem
1043 1487 1056 1505 a
1077 1479 1132 1506 Deo
1154 1479 1223 1507 dati.
1237 1479 1427 1506 Praedicebant
1445 1480 1518 1508 enim
1541 1486 1568 1511 et
1590 1485 1731 1508 venturam

110 1523 157 1549 τὸν
171 1523 267 1558 καιρὸν
281 1523 330 1556 τῆς
347 1524 459 1550 ἐκείνων
476 1523 808 1559 αἰχμαλωσίαςοῦδέποτε
824 1525 893 1551 ἐλει-

949 1523 996 1550 Dei
1020 1523 1048 1550 in
1067 1523 1127 1550 illos
1154 1523 1234 1556 iram,
1252 1528 1280 1551 et
1303 1528 1411 1558 tempus
1433 1524 1481 1551 ira:
1503 1524 1658 1557 definitum,
1675 1529 1732 1552 tum

111 1568 165 1602 ψαν
187 1568 234 1595 ἀπ’
250 1568 340 1596 αὐτῶν
363 1569 502 1604 προφῆτλι
525 1570 564 1600 είς
589 1570 759 1604 παρηγορίαν
782 1571 894 1597 ἐκείνων

110 1614 303 1649 εὑρισκόμενοι
323 1614 370 1641 καὶ
393 1614 526 1648 ὠφέλειαν
537 1614 665 1650 ψυχικήν.
681 1615 829 1650 Προέλεγον
840 1617 894 1651 γὰρ

111 1661 158 1686 καὶ
179 1660 228 1694 τὴν
250 1660 318 1694 πρδς
340 1660 438 1691 αὐτοὺς
461 1660 508 1686 τοῦ
533 1661 600 1687 Θεοῦ
627 1661 777 1696 ἐρχομένην
798 1662 892 1697 ὀργὴν,

109 1704 180 1732 ἀλλὰ
192 1705 239 1731 καὶ
250 1705 312 1736 τοὺς
325 1704 436 1740 χρόνους
447 1705 497 1740 τῆς
507 1705 601 1740 ὀργῆς,
614 1706 661 1732 καὶ
670 1705 718 1741 τὴν
730 1706 800 1740 μετὰ
809 1706 896 1734 ταῦτα

110 1750 297 1784 γενησομένην
314 1749 497 1784 συμπάθειαν,
513 1751 558 1776 καὶ
573 1750 623 1786 τὴν
639 1751 679 1782 εἰς
695 1750 744 1786 τὴν
757 1751 893 1785 Ἰερουσα-

110 1795 167 1829 λὴμ
192 1795 333 1821 ἐπάνοδον.
357 1795 518 1822 Διεὸίσασαν
543 1795 596 1830 γὰρ
622 1797 662 1827 εἰς
686 1795 734 1830 τὴν
757 1797 894 1830 Αἴγυπτον

109 1840 224 1874 χρόνους
242 1840 443 1874 τετρακοσίους,
465 1839 523 1868 ἀλλ’
535 1841 623 1866 ἐκεῖσε
644 1840 826 1876 ἐγεννήθησαν
847 1841 894 1868 καὶ

109 1886 313 1920 ἀνετράφησαν.
328 1886 405 1912 Μετὰ
417 1886 447 1912 δὲ
459 1885 490 1912 τὸ
503 1885 589 1912 ἐλθεῖν
602 1885 698 1917 αὐτοὺς
712 1886 752 1917 είς
764 1886 798 1913 τὰ
812 1886 893 1922 Ἱερο-

110 1931 228 1964 σόλυμα,
246 1931 293 1956 καὶ
310 1930 401 1957 κτίσαι
417 1930 462 1957 τδν
479 1931 551 1962 ναὸν,
569 1930 781 1966 ᾐχμαλώτευσεν
797 1932 894 1964 αὐτοὺς

111 1976 238 2010 βασιλεὺς
256 1975 311 2002 τῶν
330 1975 508 2002 Βαϐυλωνίων
527 1975 762 2010 Ναϐουχοδονόσορ
781 1977 895 2011 χρόνους

111 2021 299 2056 ἐϐδομήκοντα
309 2029 315 2035 ·
330 2020 377 2047 καὶ
390 2021 460 2055 μετὰ
471 2020 556 2047 ταῦτα
570 2018 704 2055 Ἀντῖοχος
716 2022 730 2048 ὁ
744 2021 895 2057 Ἐπιφανὴς

110 2067 224 2101 χρόνους
243 2066 290 2092 δύο
311 2066 357 2092 καὶ
378 2065 474 2100 ἥμισυ,
496 2066 544 2092 καὶ
564 2066 643 2092 πλέον
662 2066 693 2092 οὐ
715 2067 855 2101 παρετάθη
876 2068 893 2102 ἡ

111 2113 179 2146 «rgo;
196 2111 295 2142 αὐτοὺς
311 2111 359 2138 τοῦ
375 2111 443 2138 Θεοῦ
460 2111 540 2146 ὀργή.
557 2112 653 2138 Καίτοι
670 2120 702 2145 γε
718 2113 764 2139 ἐπὶ
783 2113 832 2147 μὲν
847 2113 893 2139 τοῦ

109 2157 232 2188 Μωσέως
248 2156 348 2183 ἔθυσαν
362 2157 408 2183 τὸν
424 2157 525 2192 μόσχον
539 2157 568 2183 ὲν
582 2158 614 2192 τῇ
632 2157 742 2192 ἐρήμῳ,
758 2158 806 2184 καὶ
825 2158 895 2193 μετὰ

108 2202 197 2228 ταῦτα
209 2201 288 2228 ἔθυον
300 2203 356 2233 τοῖς
368 2201 487 2233 εἰδώλοις
497 2209 506 2218 ο
520 2202 550 2228 οὐ
565 2202 644 2236 μόνον
655 2202 684 2228 δὲ
698 2202 776 2229 ἒθυον
788 2203 897 2238 θύματα

109 2247 188 2279 ζώων
198 2267 206 2278 ,
220 2247 290 2274 ἀλλὰ
302 2247 351 2274 καὶ
362 2249 397 2274 τὰ
409 2248 491 2274 τέκνα
505 2247 595 2275 αὐτῶν
609 2247 686 2274 ἔθυον
699 2249 756 2280 τοῖς
769 2248 878 2284 δαίμοσι
889 2269 898 2283 ,

110 2296 158 2320 καὶ
171 2293 235 2325 τοὺς
251 2293 394 2328 προφήτας
411 2293 572 2320 ἀπέκτεινον
584 2312 591 2326 ,
609 2298 655 2321 καὶ
670 2294 755 2330 ὀργὴν
770 2295 899 2330 ἁσυμπά-

111 2339 192 2373 θητον
207 2338 237 2363 οὐ
252 2338 430 2365 πεπόνθασιν.
448 2337 515 2364 Ἀπὸ
528 2337 556 2364 δὲ
570 2338 619 2372 τῆς
633 2339 681 2365 τοῦ
697 2339 800 2374 Κυρίου
815 2347 897 2369 σταυ-

112 2383 223 2418 ρώσεώς
238 2383 292 2410 εισι
308 2384 398 2418 χρόνοι
413 2383 494 2419 χίλιοι
508 2383 661 2418 τριακόσιοι
675 2383 817 2420 ἑξήκοντα.
833 2384 899 2411 Καί-

111 2438 151 2456 τοι
166 2438 210 2464 γε,
226 2429 264 2461 ὼς
278 2430 348 2465 τάχα
364 2430 486 2464 λέγουσι,
503 2429 670 2464 φυλάσσουσι
684 2430 729 2457 τὸν
743 2431 833 2465 νόμον,
849 2431 896 2458 καὶ

109 2477 186 2502 οὐδὲν
203 2476 446 2512 εἰδωλολάτρησαν,
465 2476 533 2503 ἀλλὰ
551 2476 632 2511 μόνον
649 2477 693 2503 διὰ
709 2476 758 2512 τὴν
773 2477 812 2509 είς
830 2477 898 2511 Χρι-

111 2524 173 2549 om
197 2523 325 2550 ἀσέϐειαν
349 2524 438 2551 αὐτῶν
463 2524 715 2559 ἐγκατελείφθησαν
738 2523 836 2557 οὕτως,
860 2524 898 2556 ὡς

110 2570 161 2604 ἐρᾷ
174 2570 188 2595 ὁ
201 2569 304 2604 κόσμος
318 2569 388 2602 ὅλος.
399 2570 460 2596 Ὀτι
477 2570 525 2604 μὲν
538 2571 592 2605 γὰρ
606 2569 650 2596 διὰ
663 2569 740 2595 τοῦτο
753 2569 899 2604 διεσπάρη-

111 2623 172 2646 σαν,
196 2615 240 2642 ἵνα
261 2617 387 2649 παίγνιον
409 2616 456 2642 καὶ
480 2616 639 2650 καῖάγελως
661 2615 793 2648 γένωνται
817 2615 898 2641 παντὶ

109 2661 149 2694 τῷ
167 2661 261 2696 κόσμῳ
287 2661 368 2687 παντί
386 2670 437 2687 που
453 2661 532 2696 δῆλον
543 2668 550 2675 ·
569 2661 610 2688 ὄτι
627 2660 656 2687 δὲ
676 2660 736 2687 οὐδὲ
753 2660 897 2695 προφήτης

110 2704 187 2732 εἶπεν
205 2707 295 2738 αὐτοῖς
316 2706 395 2739 λόγον
413 2707 596 2743 παρηγορίας,
616 2706 674 2733 ἀλλ’
687 2706 746 2732 οὐδὲ
767 2705 897 2740 ἐλάλησεν

147 2774 240 2801 ‘Gen.
256 2782 330 2806 xux,
356 2774 399 2801 l0.
437 2773 511 2801 'lsa.
536 2781 572 2807 xt,
595 2773 618 2801 Ι.

149 2836 182 2869 tt,
200 2834 265 2860 Nota
285 2837 392 2867 tempus
407 2841 460 2867 quo
480 2832 549 2860 liber
562 2833 605 2860 hic
623 2830 794 2865 conseriptus
809 2834 860 2858 est.

948 1569 1033 1596 etiam
1052 1569 1099 1596 Dei
1125 1573 1188 1603 post
1208 1569 1260 1596 hoc
1275 1573 1432 1596 secuturam
1450 1569 1730 1603 commiserationem,

949 1620 977 1643 et
997 1616 1119 1642 futurum
1144 1615 1172 1642 in
1191 1615 1407 1650 Hierosolymam
1423 1614 1552 1642 reditum.
1571 1615 1600 1642 ln
1612 1615 1731 1650 Egypto

949 1662 1023 1690 enim
1058 1665 1250 1696 trausegerunt
1276 1668 1363 1687 annos
1390 1660 1618 1695 quadringentos,
1633 1668 1732 1689 verum

950 1706 1052 1733 ibidem
1066 1710 1095 1733 et
1121 1705 1292 1740 multiplicati
1313 1709 1341 1732 et
1357 1705 1471 1732 enutriti
1491 1709 1567 1732 sunt.
1581 1705 1727 1740 Postquam

949 1758 1016 1778 vero
1042 1750 1226 1778 ascenderunt
1261 1749 1496 1784 Hierosolymam,
1534 1753 1562 1777 et
1597 1750 1729 1784 templum

948 1798 1163 1825 exstruxerunt,
1179 1794 1207 1821 in
1223 1794 1408 1828 captivitatem
1430 1793 1535 1827 redegit
1551 1801 1599 1821 eos
1614 1793 1726 1828 Babylo-

950 1842 1058 1869 niorum
1069 1848 1116 1868 rex
1126 1839 1379 1867 Nabuchodonosor
1387 1839 1464 1867 annis
1472 1840 1653 1874 septuaginta.
1666 1839 1731 1867 Post

950 1887 1008 1914 haec
1016 1887 1094 1914 annis
1103 1885 1210 1913 duobus
1218 1889 1245 1912 et
1254 1884 1337 1912 semis
1346 1885 1496 1912 Antiochus
1505 1884 1550 1912 ille
1562 1892 1728 1920 cognomen<

929 1932 934 1938 '
951 1937 979 1960 to
987 1932 1116 1964 lllustris,
1129 1939 1179 1959 nec
1195 1931 1266 1958 ultra
1278 1930 1386 1965 longius
1398 1930 1488 1957 divina
1502 1930 1528 1956 in
1544 1930 1653 1957 illosira
1668 1938 1731 1965 por-

951 1983 1024 2005 recta
1041 1981 1093 2004 est.
1107 1977 1164 2004 lmo
1178 1983 1240 2003 eum
1260 1981 1381 2009 tempore
1394 1974 1475 2002 Musis
1490 1975 1517 2004 in
1534 1975 1643 2002 deserto
1656 1974 1729 2001 exsi-

950 2029 1054 2052 stentes
1060 2023 1146 2051 vitulo
1152 2021 1374 2053 sacriﬁcarent,el
1382 2026 1444 2056 post
1453 2021 1510 2048 haec
1517 2021 1596 2048 idolis
1602 2020 1732 2048 oﬂerrent

950 2069 1088 2101 victimas,
1108 2075 1161 2095 nec
1184 2066 1375 2094 tantummodo
1397 2066 1556 2092 animalium
1585 2065 1732 2098 sacriﬁcia,

951 2115 998 2142 sed
1014 2113 1140 2148 proprios
1158 2113 1262 2140 liberos
1281 2119 1389 2146 quoque
1413 2110 1583 2138 daemonibus
1606 2110 1733 2137 immola-

950 2163 1021 2188 rent.
1043 2163 1072 2186 et
1089 2158 1285 2193 prophetarum
1311 2156 1433 2184 caedibus
1462 2155 1731 2186 contaminarentur.

912 2193 935 2221 ι)
949 2211 1119 2239 nequaquam
1135 2209 1225 2230 tamen
1240 2202 1331 2229 adhuc
1353 2201 1400 2228 Dei
1418 2202 1488 2228 iram
1512 2198 1734 2227 irreconciliabi-

947 2249 1006 2277 lem‘
1026 2248 1132 2283 experti
1157 2252 1230 2274 sunt.
1250 2246 1272 2274 Α
1298 2246 1403 2273 Domini
1430 2253 1496 2273 vero
1520 2245 1647 2280 passione
1667 2245 1732 2273 anni

945 2295 1000 2330 jam
1015 2294 1090 2321 mille
1111 2292 1225 2320 trecenti
1244 2296 1271 2319 et
1288 2292 1432 2327 sexaginta
1449 2291 1487 2326 (l)
1507 2291 1591 2326 elapsi
1611 2295 1688 2324 sunt,
1700 2295 1730 2318 et

951 2346 1042 2369 tanton
1070 2341 1111 2374 (ut
1132 2339 1261 2366 nimirum
1286 2338 1339 2374 ipsi
1363 2337 1509 2372 allirmant)
1527 2337 1615 2371 legem
1635 2341 1728 2365 custos

948 2387 1078 2417 diunt.et
1099 2385 1134 2412 ab
1154 2384 1228 2411 omni
1247 2383 1398 2410 idololatria
1420 2382 1578 2414 abstinent;
1603 2381 1651 2409 sed
1663 2388 1731 2416 pro-

948 2437 1010 2468 pter
1023 2439 1106 2458 unum
1119 2431 1183 2461 hoc.
1199 2429 1273 2464 quod
1289 2429 1317 2456 in
1333 2428 1472 2455 Christum
1485 2431 1670 2455 exercuerunt
1681 2427 1732 2453 im-

951 2476 1102 2511 piissimum
1114 2475 1232 2506 faclnus,
1248 2473 1348 2500 deserti
1369 2477 1397 2499 et
1423 2473 1507 2500 totius
1526 2471 1621 2499 mundi
1637 2478 1730 2499 exem-

950 2523 1027 2557 plum
1040 2521 1103 2548 facti
1118 2523 1194 2547 sunt.
1211 2518 1290 2552 Quod
1303 2519 1375 2545 enim
1390 2518 1441 2545 hac
1460 2517 1494 2545 de
1515 2524 1596 2544 causa
1613 2515 1730 2551 dispersi

949 2569 1016 2600 sint,
1031 2571 1060 2594 ut
1077 2566 1161 2594 totius
1185 2565 1281 2592 mundi
1295 2563 1418 2591 ludibrio
1441 2568 1468 2591 ct
1483 2563 1550 2591 risui
1563 2569 1732 2597 exponeren-

950 2619 1006 2647 tur,
1024 2612 1177 2641 clarissime
1189 2611 1231 2638 vel
1245 2618 1277 2638 ex
1290 2610 1342 2638 hoc
1359 2614 1442 2645 patet,
1459 2609 1533 2644 quod
1546 2615 1561 2635 a
1571 2608 1649 2636 nullo
1662 2614 1729 2642 pro-

949 2660 1093 2696 phetarum
1111 2659 1215 2686 interea
1232 2657 1364 2692 temporis
1387 2655 1603 2684 consolationem
1616 2659 1731 2687 accepe-

951 2709 1027 2739 runt,
1052 2712 1102 2732 nec
1116 2703 1217 2739 aliquis
1243 2703 1440 2738 prophetarum
1456 2701 1528 2729 inter
1543 2700 1606 2728 illos
1622 2699 1732 2727 locutus
