1946 3081
194 120 243 158 391

777 123 936 157 IOANNIS
955 124 1218 157 CANTACUZENI

1759 127 1807 162 392

189 185 233 209 est
249 185 311 215 post
321 179 454 208 Joannem
472 179 613 207 Zachariae
634 179 732 206 tilium.
744 179 813 208 Cum
827 181 902 208 enim
916 181 970 215 iam

1024 181 1064 212 εἰς
1080 182 1178 212 αὐτοὺς
1196 181 1339 217 προφήτης
1358 181 1428 215 μετά
1442 180 1488 208 τὸν
1504 181 1632 217 Ἰωάννην
1648 181 1695 209 τοῦ
1713 182 1806 218 Ζαχα-

190 227 349 254 advenisset
375 226 399 253 is
421 227 467 261 qui
490 233 538 261 per
564 225 715 261 prophetas
738 226 886 261 praedictus
910 231 971 254 erat

191 273 330 305 (Christus
346 271 490 307 nimirum)
510 275 622 298 necesse
636 275 696 298 erat
717 271 889 306 prophetiam
902 271 970 298 abo-

191 318 254 349 leri,
271 319 374 352 partim
390 317 502 352 quidem
527 316 601 351 quod
614 316 752 349 Christus,
779 321 809 344 ut
826 316 908 344 modo
933 317 972 344 di-

191 369 265 390 ctum
281 369 334 393 est,
351 363 485 395 venisset,
502 362 602 397 partim
618 362 691 396 quod
710 362 796 389 Judati
829 362 879 389 hac
899 361 971 389 indi-

191 410 234 444 gni
249 414 352 441 essent,
366 413 394 435 et
404 408 517 434 omnino
533 407 732 439 descrendi,eo
745 407 817 441 quo-.1
831 406 970 434 Christum

188 454 431 489 contempsissent,
445 457 473 480 et
486 453 513 480 in
524 460 586 480 eum
598 453 690 480 omnia
705 460 766 487 qua
779 453 848 479 fat-ta
861 457 924 479 sunt
937 452 971 480 ab

191 502 257 536 ipsis
274 501 473 535 patravissent;
494 496 651 534 propterea,
675 500 798 536 inquam,
816 499 895 526 malis
922 498 972 526 ob-

186 548 251 583 iecti
273 550 337 574 sunt
359 546 572 573 incurabilihus.
593 546 652 573 Non
674 545 749 572 enim
766 545 870 572 nudum
887 545 972 572 homi-

189 600 251 620 nem
276 592 482 623 crueilixerunt,
512 591 558 618 sed
590 591 674 617 Deum
699 593 728 617 et
749 591 904 622 hominem;
923 598 972 618 nec

190 643 281 665 tamen
297 637 429 664 divinitas
450 644 527 671 passa
548 640 599 668 est,
615 635 662 663 sed
676 636 769 663 homo.
788 635 828 663 En
847 636 931 670 igitur
945 640 973 663 et

189 683 246 715 illa,
262 690 323 717 quae
335 690 369 710 ex
392 682 467 710 Sara:
488 682 584 710 liberae
603 682 672 714 lilio,
690 681 765 709 lsaac
783 689 891 716 nempe,
910 688 973 716 pro-

190 728 280 762 genita
298 733 339 755 est
352 727 499 762 posteritas
514 726 646 754 derelicta
657 730 710 758 est,
724 731 752 753 et
766 726 852 754 lsaaei
867 733 971 758 semen,

190 778 321 808 quantum
348 772 459 800 'Judacos
483 772 590 804 attinet,
609 771 636 798 in
650 771 806 806 perditione
820 771 971 799 desertum.

189 819 249 852 Qua
275 815 356 854 igitur
373 818 480 846 ratione
496 818 568 845 Deus
595 818 773 845 Hebraeorum
795 821 902 852 gentem
923 824 972 852 pro

190 864 274 892 lsaaci
298 865 401 892 semine
428 868 488 891 erat
515 863 670 895 habiturus,
691 871 754 891 cum
786 864 841 898 iam
861 863 895 890 de
918 863 972 890 illis

189 910 369 937 constitutum
394 915 478 943 esset,
500 909 573 937 utin
598 909 648 937 Dei
675 909 743 936 iram
770 909 969 944 implacabilem

190 955 363 983 inciderent?
378 956 522 989 Quomodo
539 955 604 983 item
618 963 669 990 pro
685 955 803 983 Abralne
816 956 877 983 [illis
892 961 971 983 erant

190 1001 345 1035 reputandi,
363 994 437 1036 quos
451 1000 535 1028 David
552 1005 617 1028 ante
643 1000 807 1035 pmvidens,
823 1000 856 1027 de
873 1000 970 1028 iisdem

190 1047 352 1074 \aticinatus
376 1046 521 1074 Dominum
546 1047 721 1081 alloquitur:
744 1055 753 1072 ι
784 1046 972 1074 Obseurentur

188 1092 259 1119 oculi
271 1092 405 1126 ipsorum,
419 1096 448 1119 et
458 1091 571 1119 dorsum
585 1091 694 1119 illorum
704 1098 810 1124 semper
824 1091 972 1118 incuria“?

189 1135 217 1163 id
232 1141 283 1169 est,
300 1144 354 1164 non
372 1136 483 1164 recedat
500 1137 536 1164 ab
550 1136 603 1164 illis
625 1135 768 1163 servitutis
791 1136 886 1171 iugum
906 1143 970 1170 per-

189 1186 288 1215 petuae.
307 1181 364 1208 lloc
381 1181 453 1208 enim
470 1181 523 1208 sibi
545 1182 614 1213 vult,
627 1180 700 1215 quod
719 1188 767 1207 eos
789 1181 972 1208 incurt'andos

187 1234 247 1254 esse
267 1234 281 1253 a
307 1227 363 1253 Deu
380 1227 513 1261 praecipit.
536 1226 630 1260 Neque
648 1226 722 1253 enim
747 1226 805 1253 hmc
828 1231 871 1254 est
894 1235 971 1253 exsc-

187 1271 282 1298 crandi
310 1271 438 1305 formula,
466 1271 512 1299 Sed
541 1271 692 1306 prophetiae
719 1272 884 1309 enuntiatio.
911 1273 970 1305 Qua

187 1318 306 1353 denique
327 1319 432 1346 ratione
447 1326 495 1346 eos
514 1318 597 1346 lsaaci
615 1326 708 1346 semen
720 1324 748 1346 et
762 1318 879 1346 Abrahae
902 1320 971 1346 liiios

189 1363 261 1391 Dens
284 1364 458 1398 iudicaturus
480 1368 550 1396 erat,
571 1370 690 1397 quorum
715 1363 921 1390 subversionem
943 1368 971 1390 et

187 1409 324 1437 excidium
341 1409 466 1444 praedixit
480 1409 613 1444 propheta
629 1408 746 1436 Daniel?
760 1415 892 1442 nusquam
904 1416 969 1435 vero

189 1453 296 1481 reditus
313 1453 425 1480 illorum
440 1458 469 1480 et
492 1452 676 1480 revocationis
694 1453 737 1485 (ut
761 1452 788 1478 in
808 1451 868 1479 aliis
890 1453 968 1486 solet)

1023 227 1081 261 ρίου
1102 227 1169 256 υἱὸν.
1190 227 1270 253 τοῦτο
1290 227 1379 261 δῆλον.
1399 226 1538 259 Ἑλθόντος
1558 227 1612 263 γὰρ
1631 227 1680 254 τοῦ
1703 236 1807 262 προφη-

1020 272 1178 306 τευομένου,
1194 273 1222 303 ὃς
1235 273 1310 298 ἐστιν
1326 273 1339 299 6
1354 272 1482 307 Χριστος,
1498 273 1655 308 ἰξανάγκης
1670 273 1687 308 ἡ
1702 281 1806 308 προφη-

1021 316 1080 344 τεία
1092 317 1208 352 ἤργησε,
1221 318 1250 344 τὸ
1264 317 1314 352 μὲν
1325 318 1366 344 ὅτι
1378 315 1460 353 ἦλθεν
1472 318 1486 344 6
1498 318 1628 353 Χριστὸς,
1641 318 1677 350 ὡς
1690 318 1806 354 εἴρηται,

1021 360 1052 388 ’τὸ
1073 362 1102 389 δὲ
1127 363 1165 394 ὡς
1188 362 1292 396 ἀνάξιοι
1315 362 1391 394 ὄντες
1415 363 1462 389 καὶ
1484 363 1762 398 ἐγκαταλελειμμένα
1782 364 1804 390 oi

1027 406 1159 434 Ἰουδαῖοι.
1177 407 1222 434 Διὺ
1242 408 1379 443 ἠθέτησαν
1396 408 1441 434 τὸν
1459 408 1594 443 Χριστὸν,
1612 410 1659 435 καὶ
1678 409 1805 443 ἐποίησαν

1023 454 1066 480 ἐπ’
1078 454 1151 489 αὑτῷ
1170 455 1219 481 ὅσα
1239 455 1287 481 καὶ
1307 455 1458 489 ἐποίησαν,
1476 455 1548 482 κατά
1562 455 1640 482 τοῦτο
1659 456 1759 482 ἔπαθον
1773 456 1806 481 τὰ

1022 500 1160 535 ἀνήκεστα
1181 501 1264 527 κακά.
1285 501 1321 526 Οὐ
1343 500 1397 535 γὰρ
1417 500 1494 535 ψιλὸν
1513 500 1654 535 ἄνθρωπον
1672 501 1806 536 ἐσταύρωι

1024 553 1084 577 auv,
1096 545 1164 573 ἀλλὰ
1176 545 1241 572 Θεὸν
1252 546 1298 572 καὶ
1312 546 1462 581 ἄνθρωπον.
1478 547 1531 572 Καὶ
1543 547 1573 572 οὐ
1587 547 1681 581 θεότης
1695 547 1802 579 ἔπαθεν,

1023 590 1080 618 ἀλλ’
1094 591 1107 617 6
1121 591 1274 625 ἄνθρωπος.
1294 591 1359 617 Ἰδοὺ
1377 590 1443 624 γοῦν
1460 591 1507 617 καὶ
1524 591 1578 618 ἀπὸ
1594 591 1642 625 τῆς
1660 591 1804 626 ἐλευθέρας

1023 634 1130 672 Σάρρας
1146 636 1205 663 υίοῦ
1220 636 1266 663 τοῦ
1286 637 1388 669 Ἰσαὰκ,
1404 637 1466 664 ὅσον
1480 637 1509 664 τὸ
1524 638 1577 664 ἀπὺ
1593 639 1646 664 τῶν
1663 637 1804 669 Ἰουδαίων,

1023 683 1203 717 ὲναπελείφθῆ
1223 682 1505 718 ἐγκαταλελειμμένον
1524 685 1571 710 καὶ
1591 685 1620 710 ὲν
1639 684 1761 719 ἀπωλείᾳ
1777 685 1805 711 τὸ

1022 728 1070 754 τοῦ
1087 728 1180 754 Ἰσαὰκ
1200 727 1322 763 σπέρμα.
1344 728 1405 760 Πῶς
1427 729 1481 763 γὰρ
1501 729 1597 764 ἔμελλε
1619 729 1774 764 λογίτεσθαι
1793 731 1807 756 6

1023 773 1088 805 Θεὸς
1102 773 1131 800 τὸ
1146 773 1223 807 γένος
1237 773 1292 800 τῶν
1306 773 1440 808 Ἐϐραίων
1455 775 1495 806 είς
1510 775 1621 809 σπέρμα
1636 775 1683 802 τοῦ
1700 775 1804 808 Ἰσαὰκ,

1024 818 1084 844 ἐπεὶ
1100 818 1228 844 ἀπέκειτο
1245 820 1354 850 αὐτοῖς,
1371 819 1415 846 ἵνα
1429 820 1445 854 ή
1463 820 1659 856 ἀωμπάοητος
1675 821 1745 857 ὀργὴ
1759 821 1804 848 τοῦ

1023 863 1089 890 Θεοῦ
1107 864 1247 899 καταλάϐῃ
1266 864 1381 898 αὐτούςς
1402 862 1462 897 Πῶς
1479 866 1506 892 δὲ
1524 866 1634 901 ἔμελλον
1649 867 1806 901 λογισθῆναι

1022 908 1106 935 τέκνα
1117 908 1163 934 τοῦ
1178 909 1312 944 ’Δϐραὰμ,
1325 909 1370 941 οὓς
1385 910 1501 945 προῖόὼν
1512 912 1525 937 ὁ
1536 911 1617 937 Δαϐὶδ
1629 911 1768 947 itm-privet}
1778 921 1805 938 ον

1022 955 1065 981 ἐπ’
1077 955 1173 986 αὐτοὺς
1185 975 1192 987 ,
1210 955 1286 987 ἔλεγε
1304 955 1371 988 πρὸς
1388 955 1433 982 τὸν
1449 956 1532 989 Θεδν,
1554 965 1563 982 ι
1583 956 1805 991 Σκοτισοήτωσαν

1022 1001 1046 1026 oi
1067 1000 1201 1035 ὃφοαλμοὶ
1221 1001 1310 1026 αὐτῶν
1327 1001 1373 1028 τοῦ
1394 1002 1432 1035 μὴ
1453 1001 1560 1036 βὶέπειν
1571 1022 1578 1035 ,
1596 1003 1644 1029 καὶ
1661 1002 1706 1029 τὸν
1723 1003 1805 1028 νῶτον

1022 1045 1110 1071 αὐτῶν
1124 1045 1267 1077 διαπαντὴς
1292 1046 1470 1081 σύγκαμψον,
1487 1057 1496 1073 ι
1513 1048 1634 1074 τουτέστι
1650 1048 1687 1083 μὴ
1702 1049 1803 1083 ἀποττῇ

1023 1091 1068 1116 ἀπ’
1080 1090 1169 1116 αὐτῶν
1180 1091 1194 1116 6
1206 1090 1286 1124 ζυγὸς
1298 1091 1348 1125 τῆς
1360 1091 1499 1126 διηνεκοῦς
1512 1092 1644 1124 δουλείας.
1657 1093 1742 1120 Τοῦτο
1753 1094 1805 1129 γὰρ

1022 1134 1097 1170 δηλοῖ
1109 1135 1138 1160 τὸ
1155 1142 1165 1160 ι
1180 1135 1325 1166 titanas-.6;
1339 1135 1510 1170 σύγκαμψον.
1527 1147 1535 1161 ι
1549 1133 1605 1163 οῦκ
1619 1137 1675 1164 seu
1687 1138 1715 1164 δὲ
1727 1137 1804 1165 τοῦτο

1023 1180 1144 1215 κατάρας
1162 1177 1247 1212 εἶδος,
1267 1180 1334 1207 ἀλλὰ
1352 1182 1516 1216 προφητείας
1534 1182 1655 1214 ἔκϐασις.
1674 1183 1736 1214 Πῶς
1751 1183 1804 1218 γὰρ

1023 1223 1116 1259 ἔμελλε
1131 1224 1286 1258 λογίσεσοαι
1299 1225 1398 1256 αὐτοὺς
1411 1226 1424 1251 6
1435 1225 1501 1257 Θεὸς
1515 1226 1624 1261 σπέρμα
1636 1227 1682 1253 τοῦ
1702 1228 1802 1260 Ἰσαὰκ,

1022 1269 1069 1295 καὶ
1083 1269 1168 1296 τέκνα
1182 1268 1228 1295 τοῦ
1238 1268 1364 1304 ’Δϐραὰμ
1373 1287 1381 1302 ,
1395 1270 1459 1304 περὶ
1473 1266 1510 1296 ὧν
1524 1270 1622 1305 Δανιὴλ
1636 1272 1649 1297 6
1663 1272 1804 1307 προφήτης

1022 1314 1071 1348 τὴν
1089 1314 1138 1348 μὲν
1154 1314 1347 1349 καταστροφὴν
1364 1314 1453 1341 αὐτῶν
1469 1316 1516 1342 καὶ
1533 1315 1671 1343 ἀπώλειαν
1688 1317 1803 1352 ἐδήλωσε

1023 1359 1070 1385 καὶ
1086 1360 1216 1393 προεῖπε,
1233 1358 1282 1394 τὴν
1297 1359 1325 1386 δὲ
1341 1359 1468 1387 ἐπάνοδον
1482 1361 1528 1387 καὶ
1544 1361 1692 1396 ἀνάκλησιν
1705 1362 1743 1393 ὦς
1758 1363 1804 1390 καὶ

1021 1404 1049 1430 ὲν
1069 1404 1157 1434 ἄλλοις
1174 1405 1204 1430 οὗ
1221 1406 1370 1446 προεῖπξν,
1388 1405 1455 1432 ἀλλὰ
1473 1406 1643 1439 τοὺναντίονς
1664 1407 1734 1442 μετά
1749 1408 1803 1443 γὰρ

1021 1447 1050 1473 τὸ
1066 1448 1153 1474 εἰπεῖν
1169 1448 1215 1473 καὶ
1231 1447 1437 1483 ὲκτραγῳδῆσαι
1465 1449 1498 1475 τὰ
1515 1450 1554 1480 είς
1569 1449 1667 1481 αὐτοὺς
1690 1452 1803 1485 γενησό-

188 1499 325 1532 meminit,
348 1498 394 1526 sed
419 1497 557 1525 diversum
577 1498 657 1533 longe
681 1498 792 1525 indicat.
822 1497 967 1532 Postquam

1022 1499 1089 1525 μενα
1103 1490 1175 1517 κακὰ
1186 1511 1193 1522 ,
1208 1491 1269 1517 τότε
1285 1492 1422 1527 ἐπήγαγεν
1432 1511 1439 1523 ,
1459 1501 1468 1517 ι
1483 1492 1555 1524 "Em;
1566 1493 1724 1524 ,συντελείας
1739 1494 1804 1521 αίώ-

187 1543 260 1570 enim
280 1543 381 1578 tragico
395 1548 422 1571 et
437 1543 580 1578 magniﬁco
594 1543 703 1570 dicendi
717 1550 818 1578 genere
835 1548 966 1570 eventura

187 1589 254 1624 ipsis
272 1590 341 1617 mala
359 1589 660 1624 e‘xposuissethtandem
675 1589 833 1624 subiungit:
849 1597 859 1614 ι
877 1589 967 1623 Usque

187 1635 214 1661 in
230 1635 495 1662 consummationem
513 1634 675 1662 saeculorum
695 1634 753 1661 hac
771 1641 818 1663 eos
832 1634 968 1661 detinebit

185 1682 306 1708 servitus
329 1681 349 1707 ⁷.
376 1689 385 1706 ι
418 1681 519 1708 Verum
551 1680 579 1707 in
606 1680 763 1715 Evangeliis
789 1687 900 1714 quoque
929 1679 968 1706 sic

186 1726 316 1761 scriptum
343 1731 395 1757 est.
417 1725 489 1760 quod
511 1725 613 1753 Iudaeis
636 1724 779 1760 magniﬁce
810 1731 871 1751 sese
902 1731 967 1758 erga

185 1771 325 1798 Christum
339 1770 543 1802 extollentibus,
567 1769 696 1801 dicendo,
722 1779 731 1796 ι
756 1770 864 1797 Patrem
883 1769 969 1796 habe-

186 1822 248 1844 mus
277 1816 424 1848 Abraham,
443 1824 452 1841 ι
466 1815 535 1842 dixit
564 1815 662 1842 Jesus:
682 1824 691 1840 ι
711 1815 751 1843 No
771 1815 869 1842 dicatis
897 1815 967 1842 intra

186 1869 234 1888 vos
259 1861 342 1896 ipsos,
360 1860 466 1887 Patrem
482 1860 615 1887 habemus
635 1860 782 1886 Abraham.
807 1859 872 1887 Dico
894 1861 967 1886 enim

185 1905 280 1932 vobis:
292 1904 426 1932 Possibile
445 1909 488 1932 est
504 1904 569 1937 Deo,
584 1904 666 1931 etiam
689 1912 722 1932 ex
740 1905 876 1940 lapidibus
894 1905 968 1932 hisce

185 1950 321 1977 Abraham
335 1949 406 1977 lilios
426 1949 560 1976 suscitare
572 1948 594 1975 '.
613 1958 622 1975 ι
646 1948 716 1981 Quid
730 1954 820 1976 autem
839 1949 895 1976 haec
914 1949 966 1976 sibi

186 1995 260 2022 aliud
290 1996 447 2028 voluerunt,
471 2002 552 2030 quam
570 1996 594 2022 si
619 1995 753 2022 dixisset:
778 1995 911 2028 Quoniam
938 1996 965 2023 in

186 2041 265 2068 vobis
277 2041 344 2075 ipsis
366 2041 430 2068 boni
443 2040 512 2067 nihil
533 2036 586 2073 est,
603 2048 698 2067 verum
713 2041 740 2067 in
760 2040 813 2068 hoc
827 2041 884 2068 solo
901 2049 966 2069 con-

186 2086 228 2114 lisi
249 2086 397 2121 splendidis
408 2086 498 2114 verbis
516 2086 688 2120 extollimini,
706 2085 778 2120 quod
792 2093 839 2114 vos
853 2086 968 2114 Abrahae

185 2133 256 2159 iiiios
274 2132 365 2159 dicere
380 2133 505 2167 pctestis,
523 2132 584 2159 dico
599 2132 687 2164 vobis,
705 2133 777 2167 quod
797 2132 881 2169 possit
895 2133 966 2160 Deus

1020 1545 1072 1562 νων
1089 1536 1197 1568 καθέξει
1214 1537 1311 1568 αὐτοις
1328 1537 1344 1571 ἡ
1361 1537 1466 1565 δουλεία
1482 1537 1562 1573 αὓτη.
1584 1547 1594 1564 ι
1615 1538 1694 1567 Ἀλλά
1712 1541 1758 1566 καὶ
1774 1541 1804 1566 ιν

1019 1583 1073 1613 τοῖς
1089 1582 1265 1615 Εὑαγγελίοις
1279 1582 1350 1608 οὕτω
1365 1584 1531 1617 γέγραπται,
1547 1584 1587 1610 ὅτι
1602 1584 1735 1618 λεγόντων
1749 1585 1803 1612 τῶν

1025 1627 1158 1655 Ἰουδαίων
1176 1627 1222 1657 καὶ
1243 1627 1485 1663 μεγαλαυχούντων
1497 1629 1563 1664 πρὸς
1575 1629 1620 1655 τὸν
1628 1630 1753 1665 Χριστὸν,
1765 1631 1803 1662 ὡς

1021 1681 1030 1699 ι
1052 1673 1161 1706 Πατέρα
1177 1673 1277 1707 Εχομεν
1291 1673 1337 1699 τὸν
1355 1673 1491 1708 Ἀϐραὰμ.
1504 1683 1514 1700 ›
1531 1674 1605 1708 λέγει
1622 1675 1689 1709 πρὸς
1706 1675 1803 1707 αὐτοὺς

1017 1719 1031 1745 6
1047 1717 1188 1752 Ἰωάννης,
1206 1726 1216 1743 ι
1234 1718 1279 1753 Μὴ
1293 1718 1385 1752 λέγετε
1401 1719 1429 1745 ἑν
1443 1719 1567 1752 ἑαυτοῖς)
1583 1719 1691 1755 Πατέρα
1705 1720 1802 1756 ἔχομεν

1018 1762 1062 1789 τδν
1078 1762 1214 1798 Ἀϐραάμ.
1228 1762 1306 1796 Λέγω
1319 1763 1370 1798 γὰρ
1385 1763 1459 1798 ὑμῖν,
1478 1763 1588 1791 δύναται
1600 1765 1614 1791 6
1626 1765 1690 1796 Θεὸς
1705 1767 1737 1791 ὲκ
1748 1766 1803 1792 τῶν

1018 1808 1099 1835 λίθων
1114 1808 1216 1835 τούτων
1240 1809 1345 1842 ἐγεῖραι
1359 1809 1440 1835 τέκνα
1453 1809 1491 1843 τῷ
1501 1809 1636 1844 Ἁϐραάμ.
1655 1819 1664 1835 ι
1679 1810 1711 1836 Τί
1725 1811 1803 1837 τοῦτο

1018 1853 1160 1888 δηλοῦντος
1172 1852 1219 1881 τοῦ
1232 1852 1311 1886 λόγου
1320 1872 1328 1884 .
1340 1853 1381 1881 ὅτι
1397 1853 1473 1880 Ἐπεὶ
1486 1854 1564 1889 ὑμεῖς
1576 1854 1622 1888 ἀφ’
1633 1855 1739 1882 ἑαυτῶν
1752 1857 1802 1883 οὐκ

1019 1898 1093 1933 ἔχετε
1104 1898 1218 1932 ἀγαθὸν,
1240 1897 1297 1924 ἀλλ’
1310 1899 1339 1926 ἐν
1358 1899 1445 1934 τούτῳ
1465 1900 1512 1927 καὶ
1533 1901 1606 1935 μόνῳ
1626 1900 1801 1936 θαρροῦντες,

1019 1943 1295 1979 μεγαλορῤημονεῖτε,
1308 1943 1338 1970 τδ
1350 1944 1475 1978 λέγεσθαι
1490 1945 1561 1979 ὑμᾶς
1573 1946 1648 1977 υίοίις
1665 1946 1801 1981 Ἀϐραὰμ,

1018 1990 1068 2024 ἔφη
1083 1990 1189 2021 αὐτοῖς,
1205 1989 1245 2015 ὅτι
1259 1988 1371 2016 δύναται
1384 1990 1397 2016 6
1412 1989 1477 2022 Θεὸς
1491 1990 1523 2018 ἑκ
1536 1991 1590 2017 τῶν
1605 1991 1686 2018 λίθων
1700 1992 1802 2018 τούτων

1018 2036 1124 2070 ἐγείραι
1144 2034 1227 2062 τέκνα
1254 2035 1293 2069 τῷ
1305 2034 1441 2070 Ἁϐραάμ.
1458 2035 1518 2063 Ὀτι
1539 2036 1588 2071 μὲν
1608 2036 1662 2071 γὰρ
1681 2038 1728 2063 καὶ
1749 2037 1803 2064 ἀπὸ

1018 2081 1071 2107 τῶν
1088 2080 1198 2116 ἀψύχων
1214 2080 1295 2107 λίθων
1311 2081 1423 2115 δύναται
1444 2083 1457 2108 6
1477 2081 1543 2112 Θεὸς
1564 2082 1675 2117 ποιῆσαι
1693 2083 1801 2117 ἀν’)ρὼ-

1019 2135 1103 2158 πους,
1122 2125 1265 2161 πρόδηλον.
1283 2126 1313 2152 '0
1330 2127 1383 2161 γὰρ
1402 2127 1516 2161 ποιήσας
1534 2127 1589 2153 ἀπὸ
1605 2127 1652 2154 τοῦ
1671 2127 1708 2163 μὴ
1725 2128 1802 2159 ὄντος

184 2178 266 2206 etiam
281 2185 315 2205 ex
330 2177 469 2213 lapidibus
488 2178 549 2206 istis
563 2178 613 2213 ipsi
632 2178 790 2206 Abrahamo
807 2178 878 2206 ﬁlios
891 2178 965 2206 exci-

1020 2171 1063 2197 τὺν
1079 2171 1221 2206 ἄνθρωπον
1239 2171 1348 2198 δύναται
1368 2172 1474 2205 ἐγεῖραι
1494 2172 1541 2198 καὶ
1560 2173 1614 2199 ἀπὸ
1630 2173 1679 2206 τῆς
1696 2173 1802 2208 ἀψύχου

187 2229 255 2251 tare.
281 2223 358 2256 Quod
383 2226 474 2250 autem
490 2231 523 2251 ex
552 2223 690 2258 lapidibus
709 2223 868 2251 inanimatis
882 2224 968 2258 possit

185 2271 257 2298 Deus
272 2269 397 2296 homines
412 2269 544 2302 lormare,
561 2269 736 2296 manifestum
753 2274 812 2302 est;
832 2270 879 2304 qui
894 2270 967 2296 enim

185 2317 220 2344 de
235 2315 321 2343 nihilo
340 2315 444 2342 creavit
462 2315 614 2346 hominem,
629 2315 755 2342 eumdem
771 2321 804 2341 ex
820 2314 967 2341 inanimata

187 2361 300 2388 materia
323 2367 416 2388 creare
432 2363 532 2394 potest.
557 2359 751 2388 Verumtamen
776 2359 834 2387 haec
857 2366 912 2386 non
933 2359 968 2387 de

187 2406 336 2441 lapidibus,
349 2405 396 2432 sed
416 2405 542 2440 gentibus
557 2404 636 2437 dixit,
651 2411 712 2438 quae
727 2404 809 2431 corda
827 2404 966 2432 habebant

187 2452 254 2487 ipsis
286 2450 422 2486 lapidibus
455 2450 541 2484 magis
574 2454 707 2477 excaecata
734 2458 741 2476 :
773 2456 834 2484 quae
871 2444 965 2484 postea

184 2496 324 2525 Christum
335 2495 528 2528 adoraverunt,
546 2494 575 2521 in
590 2494 716 2522 eumdem
733 2494 920 2526 crediderunt.
940 2500 972 2523 et

122 2535 126 2538 ’
183 2541 260 2575 juxta
285 2539 495 2574 promissionem
521 2546 573 2573 pro
607 2538 724 2566 Abrahae
753 2539 816 2566 ﬁliis
844 2540 964 2574 reputati

185 2590 261 2614 sunt.
278 2585 385 2612 Judteos
403 2584 476 2612 enim
498 2590 552 2611 non
571 2584 653 2611 modo
676 2584 726 2611 hac
741 2583 826 2618 gloria
846 2585 964 2620 privavit

185 2631 322 2663 Christus,
349 2634 378 2657 et
408 2637 424 2657 a
452 2637 552 2665 genere
574 2629 692 2657 Abrahae
717 2630 845 2662 ext-lusit,
869 2638 963 2657 verum

184 2675 267 2704 etiam
287 2673 388 2702 diaboli
401 2673 471 2702 lllios
489 2674 651 2706 nominavit,
666 2674 780 2702 dicens:
798 2683 808 2700 ι
831 2675 885 2702 Vos
899 2675 964 2702 faci-

189 2721 225 2750 tis
241 2728 324 2757 opera
344 2720 431 2757 patris
452 2720 548 2754 vestri,
563 2720 677 2747 diaboli.
694 2720 743 2748 ille
764 2719 901 2748 homicida
923 2725 965 2749 est

1017 2216 1094 2251 ὕλης.
1113 2215 1192 2244 ’Δλλά
1214 2217 1279 2248 Θεὶλς
1302 2217 1351 2243 οὐκ
1372 2214 1432 2243 εἷπε
1456 2217 1518 2252 περὶ
1539 2218 1592 2245 τῶν
1615 2217 1711 2251 λίθων,
1732 2219 1803 2246 ἀλλὰ

1015 2263 1081 2297 περὶ¹
1094 2262 1148 2288 τῶν
1161 2261 1256 2294 ὲονῶν,
1269 2262 1324 2290 τῶν
1338 2261 1453 2296 ἑχόντων
1468 2262 1579 2296 καρδίας
1595 2264 1802 2298 πεπωρωμένας

1016 2307 1144 2334 ἐπέκεινα
1159 2307 1213 2333 τῶν
1229 2307 1327 2340 λίθων,
1346 2307 1423 2334 ἅτινα
1443 2307 1507 2340 ἔθνη
1529 2307 1737 2344 προσεκύνησαν
1754 2309 1802 2335 τὶιν

1016 2353 1145 2389 Χριστὸν,
1160 2353 1207 2380 καὶ
1221 2353 1384 2380 ἐπίστευσαν
1398 2354 1437 2384 είς
1452 2353 1544 2386 αὐτὸν,
1559 2353 1606 2380 καὶ
1621 2353 1802 2390 ἑλογίοθησλν

1016 2400 1075 2426 κατ’
1086 2399 1251 2434 ἐπαγγελίαν
1265 2399 1347 2426 τέκνα
1361 2398 1406 2426 τοῦ
1430 2399 1564 2434 Ἁϐραάμ.
1580 2400 1650 2431 Τοὺς
1664 2400 1718 2436 γὰρ
1735 2402 1803 2428 Ἰολ-

1015 2443 1106 2475 δαίους
1122 2444 1151 2470 οὐ
1169 2443 1247 2478 μόνον
1260 2444 1438 2478 ἀπεστέρησε,
1453 2445 1498 2470 καὶ
1512 2443 1639 2477 ἐξέϐαλεν
1652 2445 1666 2472 6
1681 2445 1803 2481 Χριστὸς

1016 2489 1063 2516 τοῦ
1079 2489 1232 2523 λογίζεσθαι
1246 2489 1345 2520 αὐτοὺς
1357 2489 1440 2516 τέκνα
1455 2489 1502 2516 τοῦ
1520 2490 1656 2525 1Δϐρριιὰειι,
1671 2491 1738 2518 ἀλλὰ
1753 2493 1804 2519 καὶ

1017 2537 1091 2568 υίοὺς
1116 2537 1238 2565 διαεόλου
1265 2536 1405 2571 ὠνόμασεν
1431 2537 1549 2569 αὐτοὺς,
1576 2538 1663 2570 οὕτως
1689 2539 1777 2567 είπών
1792 2549 1802 2556 ·

1021 2591 1029 2607 ι
1041 2583 1135 2618 Ὑμεῖς
1152 2583 1187 2610 τὰ
1212 2582 1280 2618 ἔργα
1294 2583 1394 2609 ποιεῖτε
1408 2582 1453 2609 τοῦ
1471 2583 1572 2618 πατρὸς
1587 2583 1663 2619 ὑμῶν
1677 2584 1724 2611 τοῦ
1739 2585 1804 2612 δια-

1018 2629 1106 2656 ϐόλου.
1131 2628 1249 2660 Ἐκεῖνος
1279 2628 1501 2664 ἀνθρωποκτόνος
1527 2629 1602 2656 ἐστὶν
1631 2630 1679 2657 ἀπ’
1691 2631 1802 2666 ἀρχῆς,

1018 2675 1064 2701 καὶ
1080 2675 1109 2701 ὲν
1118 2676 1151 2710 τῇ
1169 2674 1282 2710 ἀληθείᾳ
1297 2675 1347 2709 οὐχ
1363 2674 1536 2709 ἓστηκεν,δτι
1551 2674 1671 2711 ψεῦστης
1688 2676 1771 2704 ἐστίν.
1790 2687 1801 2704 ι

1018 2720 1070 2753 Οὓς
1083 2721 1110 2748 δὲ
1123 2721 1137 2747 6
1149 2721 1263 2756 Χριστὸς
1276 2720 1350 2751 υἱοὺς
1361 2720 1483 2747 διαϐόλου
1496 2719 1637 2757 ὠνόμασι,
1649 2720 1707 2754 πῶς
1720 2722 1805 2750 δύνα-

227 2812 238 2828 ⁶
254 2811 327 2841 Psal.
348 2818 443 2847 uvin,
466 2811 511 2839 2i.
549 2811 641 2839 ’Dan.
669 2819 706 2844 ix,
733 2811 777 2839 27.
815 2811 826 2828 '
844 2811 938 2839 Matth.
956 2812 1030 2844 ni,9.
