1946 3081
173 159 227 194 395

763 149 924 181 JOANNIS
945 146 1205 178 CANTACUZENI

1735 141 1788 174 395

172 225 188 245 ε
205 216 259 244 Deo
282 214 337 247 sit,
373 220 422 240 nec
449 212 482 239 de
505 208 803 246 psctnloprophetarum
831 212 954 232 numero.

1017 204 1054 230 cal.
1070 203 1107 229 ὅτι
1125 202 1178 229 ἀπὸ
1192 201 1259 228 Θεοῦ
1275 203 1332 228 ἐστι
1343 222 1350 234 ,
1367 201 1415 228 καὶ
1432 201 1462 227 οὗ
1479 200 1549 228 κατᾶ
1564 199 1624 230 τοὺς
1640 198 1789 233 ψευδοπρο-

172 260 293 288 Dicendo
309 263 412 289 autem,
431 267 440 282 ι
452 257 489 284 Ex
502 255 632 282 fratribus
642 253 708 284 tuis,
723 262 732 278 ι
748 250 867 278 ostendit
882 249 953 284 quod

173 313 207 332 ex
233 303 356 331 Hebraeis
369 322 377 334 ,
394 306 421 329 et
447 309 500 328 non
518 298 628 326 aliunde
654 296 788 324 oriundus
808 295 861 327 sit;
877 301 911 321 ne
932 293 955 320 si

174 351 246 378 forte
262 349 324 384 quis
335 347 487 382 alienigena
503 352 533 373 se
548 344 709 379 prepl-etam
722 342 794 368 hunc
808 347 867 368 esse
878 340 954 366 dicc-

175 401 227 428 ret,
244 400 272 422 et
288 394 336 421 Dei
351 393 454 428 Spiritu
476 390 630 421 vaticinari,
646 388 679 415 ab
694 387 759 423 ipsis
774 385 954 420 reciperetur,

174 441 222 469 sed
233 446 262 468 ut
273 440 346 467 hunc
357 446 406 466 ceu
422 444 546 465 erronem
556 440 583 463 ct
593 436 768 470 impostorcm
778 431 955 467 negligerent.

173 487 260 514 Porro
284 490 312 512 et
340 491 454 518 magnus
477 483 521 509 ille
544 481 632 508 Moses
656 479 732 514 prius
753 486 766 504 a
783 477 837 504 Deo
852 475 956 510 accepit

175 530 342 561 testimonia,
357 529 456 564 partim
469 526 579 562 quidem
596 533 629 552 ex
645 523 783 551 miraculis
800 523 826 550 in
840 521 956 556 Egypto

173 576 267 607 editis,
283 580 311 602 et
323 574 406 600 maris
422 571 508 599 Rubri
526 571 655 602 transitu;
669 569 765 603 partim
783 575 847 594 vero
861 574 895 594 ex
909 566 956 594 Dei

176 623 203 648 in
232 625 324 647 monte
349 619 423 647 Sinai
440 624 588 652 congressu
602 635 609 646 ,
630 619 658 642 et
681 614 785 641 visione
805 620 853 647 per
867 613 955 647 ignem

176 664 298 691 exhibita
320 670 411 690 coram
440 660 577 688 universis
603 659 697 694 populi
717 657 819 686 Judaici
847 656 955 684 castris.

176 711 209 738 Et
225 716 289 737 tunc
301 709 410 736 demum
421 708 508 742 legem
521 714 535 733 a
550 706 752 739 Deoacceptam
765 703 954 739 promulgavit;

177 760 347 791 quapropter
376 754 503 788 superius
530 753 650 780 diximus
678 750 778 778 Mosem
808 750 883 776 illum
900 757 958 776 ma-

177 810 260 837 gnum
285 802 337 827 hoc
349 801 383 827 de
398 799 508 826 Christo
526 797 626 825 dixisse
643 805 650 824 :
673 806 682 822 ε
704 796 852 822 Suscitabit
865 795 958 822 Domi-

179 855 231 874 nus
247 847 318 873 Deus
342 845 502 880 prophetam
526 851 558 870 ex
581 842 712 869 fratribus
725 841 834 868 vestris.
853 849 861 866 ›
890 839 956 866 Illud

178 900 254 924 \ero,
273 901 282 917 ς
299 892 369 919 sicut
383 898 438 922 me,
459 899 468 915 ι
483 890 534 917 hac
546 888 579 915 de
592 895 672 915 causa
689 887 796 922 adjecit,
813 885 884 920 quod
903 884 958 911 Sic-

180 939 218 965 uti
242 945 293 972 ego
309 945 357 964 vos
374 937 401 963 in
418 936 571 962 libertatem
597 934 701 961 asserui
721 940 753 959 ex
775 931 872 959 acerba
891 931 960 958 Pha-

181 984 274 1010 raonis
292 983 434 1013 servitute,
450 981 507 1008 luto
523 984 552 1007 et
563 980 676 1007 laterum
691 978 824 1011 coctione,
838 981 864 1005 et
875 977 960 1012 legem

180 1029 261 1055 vobis
290 1026 459 1055 salutiferam
475 1025 542 1057 tuli,
571 1024 610 1052 sic
636 1024 719 1051 etiam
745 1024 767 1050 is
783 1030 798 1049 a
816 1030 858 1049 me
882 1021 961 1047 modo

180 1074 328 1110 pra-dictus
344 1073 478 1108 propheta
506 1079 539 1098 ex
555 1069 698 1105 tyrannide
709 1074 735 1096 et
748 1073 881 1104 potestate
903 1067 961 1094 dia-

180 1120 235 1147 boli
255 1125 283 1146 et
300 1118 453 1146 idololatria
471 1117 629 1144 universum
644 1115 775 1142 mundum
795 1114 962 1141 liberaturus

180 1171 244 1197 est,
259 1170 288 1192 et
302 1164 438 1191 libertatis
455 1164 528 1196 leges
550 1163 666 1189 laturus.
688 1160 736 1187 llis
757 1159 857 1186 auditis
876 1159 962 1185 Judmi

181 1213 256 1238 httne
273 1211 339 1237 olim
353 1208 564 1243 prmnuntiatum
582 1206 789 1240 exspectabant,
801 1210 828 1231 et
838 1204 963 1230 videntes

180 1257 313 1284 Joannem
331 1254 468 1281 Zachariae
485 1252 570 1279 filium
587 1260 618 1279 ex
631 1252 738 1278 deserto
759 1249 912 1276 venientem
936 1253 963 1275 et

183 1302 365 1336 baptizantem
390 1299 541 1334 populum,
566 1305 628 1324 cum
651 1296 724 1323 hunc
748 1295 875 1322 eumdem
903 1302 964 1322 esse

182 1355 263 1382 quem
282 1346 369 1372 Muses
387 1344 560 1379 praedixerat,
583 1341 782 1372 existimarent,
811 1340 964 1374 interroga-

189 1397 289 1420 verunt
305 1399 367 1418 eum
387 1399 393 1418 :
413 1400 420 1415 ι
433 1390 510 1416 Tune
526 1396 556 1415 es
567 1387 697 1423 prepheta
713 1386 778 1413 ille?
792 1395 801 1411 ι
815 1385 884 1418 Quid
899 1393 964 1412 vero

184 1439 256 1465 idem
280 1435 465 1471 respondit‘h
483 1434 540 1460 Non
552 1440 612 1460 sum
627 1431 743 1466 cgo,sed
755 1431 811 1464 ipse
819 1437 881 1456 ante
889 1430 963 1456 illum

184 1484 285 1510 missus
305 1489 375 1508 sum.
392 1479 471 1507 Venit
487 1483 577 1505 autent
592 1481 653 1511 post
678 1484 732 1508 me,
748 1476 826 1510 cujus
843 1483 892 1509 ego
910 1475 964 1502 eal-

185 1533 325 1556 ceamenta
337 1531 448 1561 portare
461 1524 588 1558 indignus
601 1530 661 1550 sum
677 1523 707 1549 ¹¹.
723 1532 730 1547 ι
746 1522 879 1555 Propheta
890 1525 965 1547 certe
978 1533 1000 1561 α

185 1579 246 1602 erat
260 1573 390 1602 Joannes,
404 1570 586 1605 etprazclarus
601 1569 710 1603 quidem
723 1576 728 1599 ;
741 1567 860 1601 sed'quia
880 1566 965 1593 Judaei

186 1619 220 1646 de
236 1619 281 1645 illo
298 1617 430 1652 propheta
461 1614 676 1648 interrogabant,
694 1620 774 1646 quem
792 1612 879 1638 Moses
900 1619 968 1644 [τιυ-

186 1665 292 1690 dixerat
318 1665 463 1688 venturum
476 1680 483 1692 ,
497 1658 616 1685 Joannes
630 1665 659 1684 se
686 1658 760 1684 illltlll
777 1664 828 1683 non
849 1664 909 1683 esse
925 1664 967 1682 re-

187 1709 307 1743 spondit.
333 1706 386 1734 Sed
401 1712 467 1732 ecce
504 1703 662 1741 Judaeerum
689 1701 910 1736 ingratitudinem
940 1705 968 1727 et

187 1754 344 1783 stultitiam,
361 1752 406 1786 qui
425 1752 582 1785 priusquam
602 1749 728 1776 Christus
743 1747 786 1774 vel
798 1747 909 1773 Messias
921 1747 968 1772 ad-

187 1800 304 1830 veniret,
322 1798 396 1824 illum
423 1798 668 1829 exspectaverunt,
699 1793 830 1826 illumque
851 1791 968 1826 inquisi-

189 1851 286 1873 νει-11111
299 1865 305 1878 ,
325 1843 478 1870 venientem
496 1847 560 1867 vero
574 1842 810 1871 contempserunt.

226 1975 252 2000 6.
275 1973 340 1999 Post
353 1971 410 1997 hrec
421 1976 486 1996 vero
504 1975 611 1995 rursum
622 1967 686 1993 dicit
696 1966 781 1993 Moses
792 1966 834 1992 Ille
846 1973 968 2000 magnus:

195 2029 204 2045 ε
221 2019 362 2045 Lzetentur
387 2022 441 2041 una
465 2021 527 2041 cum
554 2013 600 2039 1110
618 2011 690 2041 cmli.
719 2015 747 2037 et
761 2010 875 2036 adorent
894 2010 971 2036 illum

192 2071 289 2091 omnes
309 2061 396 2096 angeli
415 2060 461 2087 Dei
486 2060 518 2085 ¹¹.
534 2068 542 2083 ι
570 2059 625 2091 Age
646 2057 729 2091 igitur
753 2061 781 2082 et
795 2055 862 2082 mihi
876 2055 970 2086 dicito,

192 2116 338 2145 quemnam
361 2107 443 2133 alium
459 2104 549 2139 angeli
578 2103 623 2129 Dei
649 2103 763 2128 adorant
789 2105 971 2136 praeterquam

192 2156 279 2182 Deum
313 2151 423 2185 ipsutn?
438 2151 487 2177 llic
502 2149 595 2183 igitur,
609 2155 689 2181 quem
715 2147 802 2174 Moses
822 2146 971 2177 hominem,

975 867 995 896 Β

1007 249 1104 283 φήτας.
1121 248 1164 273 Ἐν
1177 248 1204 274 δὲ
1217 247 1254 282 τῷ
1268 248 1364 280 είπείν,
1380 255 1390 272 ‹
1409 247 1455 273 Ἐκ
1468 246 1521 272 τῶν
1536 245 1657 278 ἀδελφῶν
1670 244 1759 278 ἡμῶν,
1778 254 1787 269 r

1007 294 1108 326 ἔδειξεν
1122 294 1163 320 ὅτι
1177 295 1208 320 ἐκ
1223 294 1277 320 τῶν
1293 292 1424 327 Ἐϐραίων
1438 292 1514 323 ἐστὶ,
1531 291 1579 318 καὶ
1594 291 1644 317 οὐκ
1658 290 1769 317 ἄλλοθεν
1781 299 1788 306 ·

1007 339 1049 366 ἵνα
1062 340 1110 366 ἐὰν
1123 339 1201 370 ἄλλος
1214 347 1255 370 τις
1269 339 1339 365 εῐποι
1353 337 1381 371 ἐξ
1396 337 1546 364 ἀλλοδαποῦ
1562 337 1656 370 γένους
1670 337 1710 362 ὃτι
1726 345 1791 370 προ-

1006 385 1095 419 φήτης
1113 385 1188 416 ἐστὶ,
1206 384 1253 410 καὶ
1268 383 1321 409 ἀπὸ
1336 382 1404 409 Θεοῦ
1420 381 1587 416 προφητεύει
1599 402 1605 413 ,
1623 381 1654 407 οὐ
1672 382 1789 415 παρτδὲ-

1007 430 1106 462 ξωντιιι
1126 429 1218 460 αὑτὸν,
1239 428 1344 459 ἀλλ’ὡς
1366 427 1467 454 πλάνον
1487 428 1532 453 καὶ
1553 426 1697 453 ἀπατεῶνα
1717 426 1791 459 λογὶ-

1007 483 1117 502 σωνται.
1138 475 1217 500 Ἀλλὰ
1241 475 1287 501 καὶ
1309 474 1389 505 αὐτὸς
1412 475 1425 500 ὁ
1449 473 1536 508 μέγας
1558 473 1660 507 Μωσῆς
1684 472 1790 506 πρῶτον

1006 521 1085 548 ἔλαϐε
1101 521 1152 552 τὰς
1169 520 1244 554 παρὰ
1259 520 1306 546 τοῦ
1322 520 1388 546 Θεοῦ
1409 520 1562 554 μαρτυρίας
1578 519 1633 545 ἀπό
1648 527 1676 545 τε
1692 519 1745 545 τῶν
1763 519 1791 544 ἓν

1006 565 1136 600 Αίγύπτῳ
1151 565 1308 599 θαυμάτων,
1322 565 1369 590 καὶ
1383 564 1432 598 τῆς
1447 565 1476 590 ὲν
1489 565 1521 598 τῇ
1538 562 1655 598 Ἐρυθρᾷ
1670 563 1791 597 θαλάσσῃ
1820 595 1826 600 _

1007 612 1177 644 διαϐάσεως,
1195 612 1249 638 ἀπό
1266 619 1296 636 τε
1313 612 1362 645 τῆς
1383 611 1411 636 ἐν
1429 610 1467 644 τῷ
1486 610 1552 644 Σινᾷ
1570 609 1628 644 ᾕρει
1645 609 1689 635 διὰ
1707 609 1791 644 πυρὸς

1007 658 1054 684 τοῦ
1070 658 1136 684 Θεοῦ
1153 655 1382 690 συγκαταϐάσεώς
1391 664 1420 681 τε
1438 656 1483 681 καὶ
1492 655 1652 689 φαντασίας,
1665 654 1790 688 ἔμπροση

1009 704 1054 730 θεν
1077 703 1167 736 πάσης
1183 702 1231 736 τῆς
1256 701 1433 735 παρεμϐολῆς
1448 700 1493 727 τοῦ
1510 701 1575 726 λαοῦ
1588 700 1642 726 τῶν
1660 700 1793 726 Ίῦυδειίιοι

1009 748 1108 780 παντός
1119 756 1125 762 ·
1142 748 1190 774 καὶ
1204 747 1265 774 τότε
1281 747 1386 779 ἐξέδοτο
1400 747 1445 773 τὸν
1460 747 1541 780 νόμον
1555 746 1600 772 τὸν
1614 745 1725 772 δοθέντα
1741 745 1794 772 ὑπ’)

1008 794 1087 821 Θεοῦ.
1103 795 1142 820 Δι’
1154 793 1187 825 ἃς
1201 793 1266 827 γοῦν
1282 793 1371 822 ditia;
1386 792 1514 827 ἀνωτέρω
1529 791 1643 826 εἷπομεν
1654 812 1660 824 ,
1677 791 1690 817 ὁ
1708 791 1795 825 μέγας

1009 839 1112 874 Μωσῆς
1134 839 1198 872 περὶ
1214 839 1260 865 τοῦ
1283 838 1402 873 Χριστοῦ
1430 838 1525 873 εἴρηκε
1547 837 1578 863 τὺ
1592 846 1614 862 -‹
1636 837 1794 871 Ἀναστήσει

1011 885 1113 920 Κύριος
1132 887 1145 911 ὁ
1167 885 1233 916 Θεὸς
1254 886 1399 920 προφήτην
1417 885 1448 910 ὲκ
1465 884 1519 910 τῶν
1535 883 1656 917 ἀδελφῶν
1675 883 1761 917 ήμῶν,
1783 892 1791 907 ι

1011 929 1046 954 Τὸ
1059 928 1098 961 δὲ,
1116 937 1125 953 ι
1139 928 1175 959 ὡς
1189 928 1248 962 ἐμὲ,
1268 938 1276 954 ι
1291 928 1386 954 τούτου
1395 929 1474 963 χάριν
1488 927 1627 961 ἐλάλησεν,
1641 928 1796 961 ὅτιὪσπερ

1011 972 1066 1006 ἐγὼ
1085 974 1258 1008 ἠλευθέρωσα
1281 974 1352 1008 ὑμᾶς
1372 974 1404 1000 ὲκ
1420 974 1468 1007 τῆς
1489 975 1592 1008 πικρᾶς
1613 972 1734 1004 δουλείας
1750 972 1797 998 τι.ῦ

1011 1018 1126 1053 Φαραὼ,
1143 1019 1190 1044 καὶ
1204 1018 1252 1044 τοῦ
1270 1019 1355 1054 πηλοῦ
1365 1039 1372 1051 ,
1389 1019 1436 1045 καὶ
1451 1019 1502 1053 τῆς
1518 1018 1656 1050 πλινθείας
1667 1039 1674 1050 ,
1689 1019 1735 1045 καὶ
1751 1019 1794 1044 δέ-

1010 1064 1084 1090 δωκα
1104 1063 1169 1097 ὑμῖν
1186 1063 1267 1098 νόμον
1285 1064 1351 1098 πρὸς
1371 1064 1507 1099 σωτηρίαν
1518 1084 1525 1096 ,
1541 1063 1613 1090 οὕτω
1631 1065 1677 1090 καὶ
1692 1064 1706 1089 ὁ
1723 1064 1789 1098 παρ’

1011 1107 1079 1141 ἐμοῦ
1094 1107 1141 1133 νῦν
1153 1108 1352 1142 κηρυττόμενος
1368 1109 1512 1144 προφήτης
1524 1108 1720 1144 ἐλευθερώσειν
1734 1109 1798 1143 μέ).-

1011 1152 1052 1178 λει
1075 1152 1129 1179 ἀπὸ
1149 1153 1197 1187 τῆς
1215 1154 1373 1188 τυραννίδος
1396 1155 1442 1180 καὶ
1464 1154 1587 1186 ἐξουσίας
1606 1154 1652 1180 τοῦ
1674 1154 1798 1181 διαϐόλου

1012 1197 1058 1223 καὶ
1074 1198 1122 1232 τῆς
1143 1198 1366 1232 είδωλολατρείας
1381 1199 1426 1224 τὸν
1444 1198 1590 1234 σύμπαντα
1612 1199 1732 1233 κόσμον,
1750 1200 1798 1225 καὶ

1013 1242 1105 1269 δοῦναι
1119 1245 1164 1269 τὸν
1180 1244 1229 1278 τῆς
1245 1244 1403 1279 ἐλευθερίας
1420 1245 1509 1279 νόμον,
1530 1245 1615 1272 Τοῦτο
1631 1245 1797 1276 ἀκούσαντες

1013 1287 1036 1313 oi
1056 1287 1197 1319 Ἰουδαῖοι,
1215 1289 1368 1324 ἐξεδέχοντο
1385 1289 1431 1316 τὸν
1448 1290 1532 1316 πάλαι
1552 1291 1778 1325 προφητευθέντα
1790 1311 1796 1321 ,

1013 1335 1062 1360 καὶ
1078 1334 1177 1366 [δόντες
1192 1334 1238 1360 τὸν
1252 1335 1300 1361 τοῦ
1315 1336 1451 1370 Ζαχαρίου
1467 1337 1523 1363 υἱὸν
1543 1337 1669 1372 Ἰωάννην
1683 1338 1796 1364 ὲλθᾶντσ.

1014 1379 1046 1404 ἐκ
1059 1380 1107 1413 τῆς
1122 1379 1227 1413 ἐρήμου
1238 1399 1245 1410 ,
1261 1379 1308 1405 καὶ
1322 1378 1488 1414 βαπτίζοντα
1502 1380 1547 1407 τὸν
1562 1380 1625 1407 λαὸν
1635 1401 1643 1414 ,
1658 1382 1705 1409 καὶ
1719 1382 1798 1416 νομί-

1015 1432 1111 1454 σαντες
1124 1424 1164 1450 ὅτι
1180 1422 1349 1454 αὖτόςἚστιν
1363 1425 1376 1450 ὁ
1391 1425 1467 1458 παρὰ
1483 1425 1530 1452 τοῦ
1545 1427 1667 1459 Μωσέως
1680 1428 1740 1454 τότε
1755 1428 1800 1453 λε-

1015 1467 1252 1503 χθεὶς,ήρὼτησαν
1261 1469 1351 1501 αὐτὸν,
1362 1478 1371 1494 ι
1383 1469 1419 1495 Σὺ
1429 1467 1454 1495 εἴ
1469 1470 1483 1495 ὁ
1497 1472 1651 1506 προφήτηςς
1664 1482 1673 1497 ι
1689 1472 1722 1498 Τί
1736 1473 1800 1506 γοῦν

1016 1515 1136 1545 ἐκεῖνοςς
1154 1523 1162 1539 ‹
1175 1514 1232 1541 υὺκ
1244 1515 1302 1549 εἰμὶ
1315 1515 1380 1549 ἐγὼ,
1394 1515 1451 1542 ἀλλ’
1465 1516 1520 1550 ἐγὼ
1534 1517 1584 1551 μέν
1596 1518 1654 1552 εἰμι
1667 1518 1801 1545 ἀπεσταλ-

1019 1560 1096 1593 μένος
1110 1560 1264 1595 ἔμπροσθεν
1280 1561 1384 1587 ἐκείνου
1398 1569 1405 1577 ⁸
1422 1560 1532 1596 ἔρχεται
1547 1562 1575 1588 δὲ
1589 1563 1677 1589 ὀπίσω
1692 1571 1755 1598 μου,
1769 1560 1800 1590 εὖ

1017 1605 1066 1631 οὐκ
1083 1606 1140 1640 εἰμὶ
1156 1605 1231 1638 ἄξιος
1248 1607 1281 1633 τὰ
1302 1607 1463 1642 ὑποδήματα
1481 1608 1637 1642 βαστάζειν.
1658 1618 1668 1634 ι
1690 1609 1801 1640 Πάντως

1018 1651 1032 1676 ὀ
1048 1650 1173 1685 Ἰωάννης
1189 1652 1332 1686 προφήτης
1346 1650 1390 1687 ἦν,
1406 1653 1453 1678 καὶ
1471 1653 1558 1687 μέγας
1574 1654 1725 1688 προφήτης,
1743 1654 1800 1680 ἀλλ’

1018 1697 1056 1723 ὅτι
1073 1696 1217 1732 ἠρώτησαν
1231 1698 1254 1723 οἱ
1272 1697 1391 1723 Ἰουδαῖοι
1409 1699 1472 1733 περὶ
1486 1698 1531 1724 τοῦ
1548 1700 1699 1733 προφήτου,
1715 1696 1746 1726 οῦ
1761 1701 1802 1725 εἷ’-

1020 1750 1103 1776 ρηκεν
1123 1742 1136 1767 6
1159 1742 1288 1775 Μωῦσῆς,
1310 1742 1354 1768 διὰ
1376 1742 1454 1769 τοῦτο
1476 1741 1552 1769 εἶπεν
1573 1745 1586 1769 ὸ
1604 1744 1739 1778 Ἰωάννης,
1760 1746 1800 1771 ὅτι
1836 1766 1839 1768 .

1023 1796 1031 1811 ι
1045 1786 1099 1812 Οὐκ
1109 1787 1166 1820 εἰμὶ
1176 1786 1241 1820 ἐγώ.
1253 1797 1262 1812 ι
1275 1787 1328 1813 Καὶ
1337 1788 1385 1822 ὅρα
1401 1789 1449 1822 τὴν
1465 1788 1658 1815 τῶνΊουδαίων
1674 1791 1800 1823 ἀγνωμο-

1021 1835 1103 1866 σύνην
1119 1841 1148 1858 τε
1160 1833 1206 1859 καὶ
1223 1833 1367 1868 εὐήθειαν,
1382 1834 1422 1859 ὅτι
1440 1835 1492 1869 πρὸ
1506 1835 1552 1860 τοῦ
1567 1835 1651 1862 ἐλθεῖν
1667 1837 1711 1862 τὸν
1727 1836 1802 1862 Μεσ-
1830 1838 1835 1841 “

1021 1880 1080 1905 σίαν
1106 1879 1165 1914 ήτοι
1187 1880 1232 1906 τὸν
1257 1881 1388 1916 Χριστὸν,
1412 1881 1564 1917 ἐξεδέχοντο
1587 1883 1633 1909 καὶ
1657 1883 1801 1918 ἠρώτησαν

1022 1925 1085 1959 περὶ
1100 1926 1217 1958 ἐκείνου,
1233 1925 1342 1952 ἐλθόντα
1356 1927 1394 1959 δὲ,
1409 1927 1546 1962 ἠθέτησαν
1560 1927 1666 1956 τοῦτον.

1058 1973 1094 2000 ς’.
1111 1970 1188 1996 Μετὰ
1211 1971 1238 1997 δὲ
1257 1971 1343 1998 ταῦτα
1357 1970 1437 1998 πάλιν
1457 1970 1534 1999 εἶπεν
1551 1974 1564 1999 ὀ
1581 1973 1661 2005 αὐτὸς
1681 1974 1802 2009 Μωῡσῆς

1022 2016 1035 2042 ὁ
1054 2016 1150 2050 μέγας,
1174 2026 1183 2042 ι
1200 2015 1389 2052 Εὐφράνθητε,
1410 2018 1531 2053 οὐρανοὶ,
1549 2019 1606 2054 ἅμα
1638 2020 1724 2055 αὐτῷ,
1755 2021 1803 2047 xtl.

1023 2060 1289 2094 προσκυνησάτωσαν
1318 2061 1392 2095 αὐτῷ
1418 2062 1519 2093 πάντες
1548 2062 1658 2097 ἄγγελοι
1688 2064 1766 2091 Θεοῦ.
1791 2074 1822 2089 »γ

1024 2103 1091 2129 Εἰπέ
1112 2111 1167 2137 μοι,
1188 2103 1249 2129 τινα
1272 2103 1351 2130 ἄλλον
1368 2104 1566 2139 προσκυνοῦσιν
1583 2106 1606 2132 οι
1631 2106 1741 2140 ἄγγελοι
1755 2108 1803 2133 τοῦ

1024 2148 1105 2181 Θεοῦ,
1119 2149 1142 2174 εἰ
1156 2149 1193 2182 μὴ
1203 2149 1284 2174 αὐτὸν
1300 2149 1345 2175 τὸν
1357 2149 1434 2182 Θεὸν,
1449 2150 1519 2176 ὥστε
1532 2150 1561 2176 ὃν
1582 2151 1680 2185 ἔδειξεν
1692 2152 1706 2177 ὁ
1719 2153 1802 2179 Μωῦ-

193 2201 354 2235 prophetam
389 2202 418 2224 et
448 2195 629 2230 legislatorem
661 2200 722 2219 esse
751 2191 964 2218 demonstravit,

1023 2194 1071 2228 σῆς
1082 2193 1226 2228 ἄνθρωπον
1239 2195 1285 2221 καὶ
1301 2197 1442 2230 προφήτην
1455 2197 1501 2222 καὶ
1512 2197 1708 2231 νομιιοὲτην,ὅν
1720 2198 1788 2230 ἓδειξ

194 2253 275 2281 quem
300 2245 365 2271 item
386 2243 419 2268 al:
438 2240 540 2275 angelis
555 2238 725 2266 adorandum
747 2245 806 2264 esse
832 2237 917 2267 dixit,
946 2241 975 2262 et

194 2292 266 2318 Deus
282 2292 310 2315 et
334 2288 415 2314 homo
438 2291 488 2317 est,
503 2284 586 2311 Filius
597 2283 701 2310 scilicet
715 2287 742 2309 et
758 2282 942 2313 \‘erbumDei,
960 2289 975 2308 a

194 2336 274 2363 nobis
296 2333 377 2361 simul
395 2337 422 2359 et
443 2331 548 2366 angelis
561 2329 718 2356 adorandus
738 2335 766 2355 et
786 2328 974 2355 honorandus.

195 2382 228 2408 Et
244 2381 301 2407 haec
315 2379 424 2414 quidem
441 2385 473 2404 ex
491 2376 573 2402 Mose.

230 2427 256 2453 7.
268 2425 348 2452 David
359 2423 564 2458 vcroprophcta
575 2421 613 2448 sic
625 2421 693 2448 dixit
707 2430 712 2446 :
727 2430 736 2446 ι
750 2420 831 2452 Deus,
840 2418 972 2455 judicium

178 2504 180 2512 λ
195 2479 272 2500 tuum
289 2471 344 2505 regi
359 2471 404 2503 da,
417 2474 445 2496 et
458 2468 591 2503 justitiam
605 2473 676 2494 tuam
697 2467 752 2493 tilio
770 2469 850 2501 regis.
864 2465 975 2493 Judica-

195 2519 235 2546 bit
252 2523 386 2552 pauperes
402 2514 504 2549 populi,
521 2518 548 2539 et
565 2513 655 2539 salvos
669 2512 749 2539 faciet
764 2511 834 2538 filios
848 2511 973 2545 inopum,

194 2567 222 2589 et
236 2559 463 2587 calumniatorem
481 2557 645 2583 hutniliabit.
666 2556 886 2583 Connnorabitur
909 2563 971 2582 cum

194 2607 263 2639 sole,
276 2611 304 2632 et
318 2611 379 2632 ante
398 2605 501 2635 lunzun,
520 2603 546 2629 in
561 2603 736 2637 generatione
756 2591 972 2636 generalionum.

195 2651 347 2679 Descench
358 2649 442 2676 veluti
457 2648 547 2683 pluvia
559 2655 641 2682 super
654 2647 751 2678 vellus,
766 2651 793 2674 et
806 2647 888 2673 veluti
903 2647 974 2673 stilla

195 2696 302 2724 stillans
326 2702 409 2729 super
425 2699 538 2720 terrain.
561 2692 633 2719 Oriri
649 2693 731 2719 faciet
759 2693 786 2718 in
803 2692 899 2718 diebus
918 2691 975 2718 suis

193 2742 326 2780 justitiam
344 2746 372 2768 et
395 2738 598 2767 multitudinem
619 2738 703 2772 pacis,
733 2738 820 2765 donec
833 2737 975 2764 auferatur

232 2832 342 2859 "Jonn.
365 2830 443 2864 1,εᾷ
471 2830 514 2858 ‘27.
556 2828 659 2855 "l’sal.
692 2837 752 2858 xcv,
789 2828 837 2860 ll;

864 2836 946 2861 xcvn,
975 2830 1000 2856 8.

1022 2239 1261 2274 προσκυνούμενον
1278 2240 1330 2266 ὑπὸ
1357 2241 1411 2267 τῶν
1439 2242 1572 2275 ἀγγέλων,
1597 2243 1677 2274 αὑτός
1700 2244 1773 2269 ἐστιν
1790 2246 1802 2268 ὁ

1022 2285 1088 2313 Θεὸς
1104 2286 1151 2312 καὶ
1178 2286 1331 2320 ἄνθρωπος,
1343 2286 1357 2312 ὁ
1380 2287 1443 2317 Υἱὸς
1460 2288 1507 2313 καὶ
1522 2289 1608 2321 Λόγος
1625 2287 1672 2313 τοῦ
1693 2287 1773 2319 Θεοῦ,
1790 2290 1802 2313 ο

1023 2329 1087 2364 παρ’
1107 2329 1185 2363 ἡμῶν
1201 2329 1248 2355 καὶ
1271 2329 1326 2354 τῶν
1348 2329 1472 2363 ἀγγέλων
1499 2330 1737 2365 προσκυνούμενος
1757 2333 1805 2356 καὶ

1024 2374 1190 2408 τιμώμενος.
1207 2375 1262 2400 Καὶ
1273 2374 1359 2400 ταῦτα
1370 2375 1418 2408 μὲν
1427 2376 1460 2401 τὰ
1475 2376 1605 2406 Μωσέως.

1058 2419 1091 2451 ξ’.
1110 2420 1139 2445 '0
1152 2420 1180 2445 δὲ
1195 2420 1288 2446 Διαϐὶδ
1305 2421 1318 2446 ὁ
1333 2422 1476 2456 προφήτης
1493 2421 1578 2452 οῦτως
1593 2422 1714 2457 εἴρηκεν,
1743 2430 1752 2447 ι
1775 2421 1804 2447 Ὃ

1023 2465 1099 2496 Θεδς,
1114 2466 1142 2490 τδ
1166 2465 1254 2499 κρῖμά
1268 2473 1315 2492 σου
1328 2466 1366 2500 τῷ
1387 2466 1492 2500 βασιλεῖ
1507 2467 1561 2498 δὺς,
1575 2469 1622 2493 καὶ
1637 2468 1687 2501 τὴν
1699 2467 1805 2493 δικαιοο

1025 2509 1108 2544 σύνην
1121 2519 1167 2536 σου
1187 2510 1226 2545 τῷ
1247 2511 1300 2545 υἱῷ
1323 2511 1369 2537 τοῦ
1390 2511 1531 2546 βασιλέως.
1554 2513 1651 2547 Κρινεῖ
1661 2513 1722 2543 τοὺς
1737 2521 1808 2539 πτω-

1025 2557 1090 2590 χοὺς
1112 2555 1159 2582 τοῦ
1180 2555 1256 2588 λαοῦ,
1275 2557 1322 2582 καὶ
1342 2553 1422 2582 σώσει
1437 2559 1499 2588 τοὺς
1514 2557 1586 2588 υἱοὺς
1602 2558 1656 2584 τῶν
1672 2559 1807 2593 πενήτων,

1025 2603 1072 2628 καὶ
1082 2601 1246 2628 ταπεινώσει
1268 2602 1440 2637 συκοφάντην
1453 2623 1459 2635 ,
1475 2603 1523 2629 καὶ
1543 2605 1754 2638 συμπαραμενεϊ
1767 2604 1807 2640 τῷ

1026 2647 1104 2681 ἡλίῳ,
1118 2647 1165 2673 καὶ
1176 2647 1228 2681 πρὸ
1245 2647 1294 2682 τῆς
1314 2648 1429 2683 σελήνης
1443 2649 1539 2682 γενεὰς
1556 2649 1667 2683 γενεῶν.
1682 2650 1809 2684 Καταϐή-

1028 2700 1104 2718 σεται
1120 2691 1157 2723 ὡς
1173 2692 1250 2723 ὑετὸς
1266 2693 1312 2719 ἐπὶ
1328 2693 1421 2726 πόκον,
1440 2694 1487 2720 καὶ
1505 2693 1571 2720 ὡσεὶ
1588 2693 1696 2728 σταγὼν
1711 2696 1726 2730 ἡ
1745 2696 1809 2721 στὶ·

1029 2737 1113 2778 ζουσα
1127 2738 1172 2763 ἐπὶ
1192 2738 1240 2773 τὴν
1256 2739 1317 2773 γῆν·
1333 2740 1457 2766 ἀνατελεῖ
1468 2740 1498 2765 ἐν
1511 2740 1571 2772 ταῖς
1585 2740 1702 2775 ἡμέραις
1724 2741 1808 2767 αὑτοῦ
