1946 3081
114 144 165 178 337

582 150 729 179 CONTRA
753 148 997 179 MMIOMETEM
1020 148 1210 178 APOLOGIA
1230 149 1256 179 Ι.

1680 152 1693 163 σι

1680 152 1693 163 θ

1679 150 1732 184 098

114 202 297 238 δικαιοσύνην,
316 203 362 230 καὶ
381 203 482 239 πλῆθος
499 204 622 238 εἰρήνης,
639 195 703 236 ’ἕως
725 201 755 230 οἶ)
771 204 894 230 ἀνταναι-

949 202 1025 230 luna.
1042 202 1074 230 Et
1089 203 1242 229 adorabunt
1255 209 1317 230 eum
1335 210 1430 230 omnes
1438 211 1514 239 reges
1530 209 1617 233 terrae.
1630 205 1732 236 Omnes

113 248 180 284 μεθῇ
196 249 212 285 ἡ
229 249 339 285 σελήνη,
360 250 406 276 καὶ
430 249 668 284 προσκυνήσουσιν
684 249 759 284 αὑτῷ
782 249 897 276 πάντοτε

111 295 135 321 οΞ
151 294 271 329 βασιλεῖς
287 295 337 330 τῆς
360 296 424 330 γῆς,
450 296 539 323 πάντα
560 296 595 322 τὰ
623 295 687 330 ἔονη
709 295 898 322 δουλεύσουσιν

111 339 196 374 αὐτῷ,
211 341 258 367 καὶ
283 340 360 367 ἔσται
387 341 417 368 τὸ
435 341 520 376 δνομα
548 341 632 368 αὑτοῦ
656 341 838 376 εὐλογημένον
856 341 896 372 είς

111 386 174 416 τοὺς
184 385 295 417 σίῶνας.
312 386 368 422 Πρδ
380 387 427 413 τοῦ
441 387 516 421 ἡλίου
527 386 650 421 διαμένει
663 386 692 413 τὸ
704 386 790 421 ὄνομα
802 385 896 418 αὐτοῦ,

112 431 158 457 καὶ
182 430 439 466 ἑνευλογηοήσονται
459 431 488 457 ἐν
505 430 579 466 αὐτῷ
593 432 679 457 πᾶσαι
701 431 729 457 αἱ
745 429 827 465 φυλαὶ
848 430 898 464 τῆς

112 475 174 510 γῆς,
190 475 280 503 πάντα
296 476 330 503 τὰ
347 477 412 511 ἔθνη
437 476 621 511 μακαριοῦσιν
635 476 727 503 αὐτόν.
744 475 897 511 Εὐλογητὸς

114 521 213 556 Κύριος
227 522 241 547 ό
254 521 320 554 θεὸς
337 521 383 549 τοῦ
401 521 519 558 Ἰσραὴλ,
531 523 546 548 ὸ
557 521 640 548 ποιῶν
653 521 792 558 Θαυμάσια
804 522 895 557 μόνος,

112 568 158 592 καὶ
169 567 352 602 εὐλογημένον
366 568 397 594 τὸ
417 568 504 603 δνομα
518 568 599 594 αὑτοῦ
616 568 656 600 εἰς
677 569 724 595 τὸν
737 568 835 600 αίῶνα,
850 568 898 595 καὶ

111 612 151 643 εἰς
165 612 211 638 τὸν
229 613 314 639 αἰῶνα
334 613 380 640 τοῦ
405 614 513 645 αἰῶνος.
528 623 537 640 ι
558 613 670 646 Πάντως
693 613 740 640 δύο
763 614 898 649 πρόσωπα

112 658 229 692 εἰσάγων
243 653 256 685 ό
268 659 424 695 Προςρήτης,
443 660 492 686 τὸν
511 660 578 687 Θεὸν
591 660 638 687 καὶ
650 660 695 687 τὸν
710 660 767 687 υἱὸν
781 659 829 686 τοῦ
849 660 898 695 βα-

113 704 210 735 σιλέως
232 705 309 731 οὐδὲν
322 705 417 741 ἕτερον
431 705 505 740 λέγει
519 705 602 741 ἀλλ’ἢ
616 705 662 733 τὸν
673 705 744 732 Θεὸν
759 706 807 732 καὶ
820 705 897 741 βασι-

111 748 168 782 λέα,
183 750 231 776 καὶ
245 751 291 777 τὸν
306 751 403 778 τούτου
417 751 481 778 Υίὸν
496 752 540 778 τὸν
553 751 680 786 Χριστὸν,
693 751 722 782 ὃς
736 751 823 786 κρίνει
835 752 897 782 τοὺς

111 796 236 830 πτωχοὺς
252 796 298 823 τοῦ
315 797 390 829 λαοῦ,
408 797 455 824 καὶ
469 797 550 829 σώζει
566 798 628 828 τοὺς
641 797 770 832 πένητας,
788 797 835 824 καὶ
847 805 896 823 τα-

112 844 199 869 mmo!
212 843 257 870 ⁴τὸν
271 844 452 878 συκοφάντην.
464 844 507 870 Na
523 844 662 880 ὑπολειὸῃς
681 844 824 878 ἄνθρωπόν
834 851 896 870 τινα

951 251 1046 282 gentes
1064 247 1186 276 servient
1213 249 1296 280 ei,et
1321 249 1373 276 erit
1401 257 1501 277 nomen
1518 250 1578 284 ejus
1617 253 1732 282 benedi-

950 298 1024 321 ctum
1040 293 1067 320 in
1081 293 1192 321 saecula.
1209 294 1375 323 Antesoiem
1391 301 1532 330 permanet
1547 299 1731 334 nomcn‘ejus,

949 342 977 366 et
991 337 1189 366 benedicentur
1207 339 1234 365 in
1259 346 1292 366 eo
1308 347 1404 368 omnes
1428 340 1516 369 tribus
1537 346 1617 370 terra:
1645 352 1652 371 ;
1675 351 1733 371 om-

950 392 999 412 nes
1018 389 1113 420 gentes
1135 384 1331 415 beatificabunt
1355 386 1444 417 illum.
1477 387 1575 416 Beatus
1601 388 1732 418 Dominus

950 427 1022 454 Deus
1035 428 1154 461 Israelis,
1165 428 1237 456 solus
1249 429 1350 457 faciens
1365 430 1548 462 mirabilia.et
1558 432 1732 462 benedictum

950 481 1049 501 nomen
1065 475 1124 510 ejus
1138 475 1165 502 in
1184 475 1311 502 saaculum
1334 481 1362 503 et
1379 476 1405 504 in
1432 482 1564 505 aeternum
1580 479 1612 506 ".
1635 489 1644 508 ι
1660 480 1733 511 Duas

951 519 995 546 hic
1017 519 1044 546 in
1071 520 1230 547 universum
1263 529 1394 556 personas
1422 523 1553 558 propheta
1584 525 1732 558 inducens,

949 565 1034 593 Deum
1055 565 1170 597 scilicet,
1189 570 1218 594 et
1234 566 1318 594 lilium
1337 568 1419 603 regis,
1436 569 1505 597 nihil
1541 571 1616 599 aliud
1642 572 1734 600 innuit
1761 566 1766 594 ἶ

948 619 1029 646 quam
1042 611 1127 639 Deum
1144 612 1186 640 vel
1207 620 1297 647 regem
1311 634 1319 647 ,
1336 618 1362 641 et
1376 614 1448 642 illius
1460 615 1559 644 Filium
1573 617 1712 646 Christum
1723 638 1732 650 .

948 657 995 691 (ιιιί
1009 657 1115 693 ,ἱυάίοίιι
1133 665 1266 693 ριιυρθτθε
1285 660 1389 695 Populi,
1403 665 1430 688 et
1444 652 1608 691 salvos‘facit
1626 663 1732 699 inopes,

948 707 975 730 et
998 703 1126 730 humiliat
1145 704 1384 735 calumniatorem.
1409 707 1504 743 Neque
1530 707 1575 736 hic
1593 708 1732 739 hominem

947 748 1093 782 quemdam
1115 749 1212 777 fortem
1237 755 1264 778 et
1283 750 1400 786 justum,
1414 753 1566 788 principem
1583 755 1624 783 vel
1641 763 1731 791 regem

948 793 1092 829 intelligas.
1108 795 1146 822 De
1159 795 1254 823 eodem
1289 797 1362 824 enim
1383 798 1459 830 dicit,
1476 800 1550 834 quod
1577 808 1732 829 commora-

948 844 1026 868 turus
1040 841 1076 868 sit
1092 848 1154 868 cum
1170 841 1246 874 sole;
1262 842 1326 870 item
1342 843 1376 870 de
1390 844 1504 880 eodem,
1521 847 1595 881 quod
1619 847 1655 874 sit
1669 853 1734 875 ante

112 888 221 923 ισχυρδν
240 889 288 916 καὶ
313 889 431 922 δίκαιον,
442 889 561 925 ἄρχοντα
571 890 589 924 ἢ
605 889 734 924 βασιλέας
752 889 832 916 Ἀλλὰ
848 889 894 915 τὸν

948 885 1040 914 lunam
1055 890 1082 913 et
1099 887 1290 922 generationes
1305 879 1567 924 generationumaln
1578 901 1658 927 quem
1669 901 1733 921 vero

110 933 192 960 αὐτὸν
206 933 289 967 λέγει,
303 935 343 960 ὁτι
358 935 569 969 συμπαραμενεῖ
585 934 623 969 τῷ
642 934 710 969 ἡλίῳ
723 942 730 948 ·
741 933 810 961 ἀλλὰ
830 935 895 968 περὶ

110 979 193 1005 αὑτοῦ
220 980 310 1014 λέγει,
334 981 374 1006 ὅτι
404 981 462 1006 ἐστὶ
487 980 540 1015 πρὸ
574 980 771 1015 τῆςίσελήνηε,
799 980 895 1014 γενεᾶς

112 1026 223 1058 γενεῶν.
248 1026 303 1052 Καὶ
329 1026 370 1057 εἰς
398 1025 459 1052 τινα
483 1025 538 1052 τῶν
562 1024 713 1060 ἀνθρώπων
739 1025 822 1059 χωρεῖ
837 1024 897 1051 τοῦ·

112 1079 150 1102 το,
177 1071 218 1097 ὅτι
236 1071 288 1106 πρὸ
315 1071 363 1105 τῆς
394 1070 509 1106 σελήνης
531 1071 628 1105 γενεᾶς
650 1071 750 1104 γενεῶν
765 1069 816 1106 ἦν,
849 1071 896 1097 καὶ

111 1118 322 1152 συμπαραμενεῐ
334 1117 371 1152 τῷ
390 1117 476 1152 ήλίῳ;
492 1117 540 1149 Εἰς
562 1117 660 1144 οὐδένα
674 1117 764 1151 ἄλλον,
780 1118 838 1144 ἀλλ’
856 1119 896 1148 εἰς

111 1163 192 1189 αὑτὸν
213 1164 320 1194 πάντως
335 1163 380 1189 τὸν
403 1163 520 1198 Χριστόν
543 1163 618 1189 ἐστιν
632 1164 648 1198 ἡ
663 1163 826 1198 προφητεία.
851 1163 896 1189 Ἐν

112 1210 166 1244 γὰρ
178 1208 217 1243 τῷ
242 1209 339 1241 εἰπεῖν,
355 1208 395 1234 ὃτι
418 1209 507 1243 κρινεῖ
521 1208 583 1238 τοὺς
610 1208 734 1242 πτωχοὺς
751 1208 797 1234 τυῦ
818 1207 895 1240 λαοῦ,

111 1257 158 1283 καὶ
175 1255 256 1282 σώσει
270 1256 333 1286 τοὺς
348 1255 420 1286 υἱοὺς
437 1254 490 1281 τῶν
505 1256 640 1288 πενήτων,
668 1255 715 1281 καὶ
729 1255 896 1281 ταπεινώσει

111 1300 172 1331 τοὺς
184 1300 354 1334 συκοφάντας
366 1319 373 1332 ,
388 1299 470 1332 ἔδειξε
483 1299 532 1334 τὴν
548 1299 644 1326 τούτου
659 1299 837 1334 δικαιοσύνην
848 1301 896 1327 καὶ

113 1347 189 1380 ἰσχὺν
201 1347 249 1372 καὶ
263 1345 425 1380 κηδεμονίαν
437 1346 476 1376 εις
486 1345 549 1376 τοὺς
570 1344 743 1380 ἀνθρώπους.
761 1345 805 1372 Ἑν
820 1345 849 1372 δὲ
858 1345 897 1380 τῷ

111 1392 208 1423 εἰπεῖν,
222 1392 263 1418 ὅτι
281 1391 333 1425 πρὸ
352 1391 399 1417 τοῦ
422 1390 497 1425 ἡλίου
518 1391 640 1425 διαμένει
657 1391 687 1417 τὸ
703 1391 789 1424 ῠνομα
801 1391 896 1424 αὑτοῦ,

111 1437 158 1464 καὶ
171 1436 225 1472 πρὸ
244 1436 294 1470 τῆς
310 1436 426 1471 σελήνης
442 1437 540 1470 γενεᾶς
556 1437 670 1470 γενεῶν,
692 1436 777 1469 ἔδειξε
791 1437 822 1463 τὸ
835 1437 897 1463 τοὺ-

110 1491 157 1509 του
169 1482 296 1517 ἄναρχον.
320 1483 363 1508 Ἐν
381 1483 409 1508 δὲ
424 1483 473 1518 τῷ,
492 1490 501 1507 ι
514 1483 728 1517 Συμπαραμενεῐ
740 1482 778 1518 τῷ
790 1483 866 1517 ἡλίῳ,
884 1493 893 1509 ι

112 1527 192 1560 ἔδειξε
203 1528 232 1554 τὸ
240 1528 333 1555 τούτου
342 1528 527 1563 ἀτελεύτητον.
543 1537 552 1554 ι
567 1528 760 1563 Καταὸήσεται
769 1529 806 1560 ὡς
821 1529 897 1561 ὑετὸς

94 1566 101 1571 “
111 1574 157 1600 ἐπὶ
171 1574 264 1606 πόκον,
280 1575 326 1601 καὶ
335 1574 371 1604 ὡς
386 1574 402 1608 ἡ
418 1573 524 1607 σταγὼν
537 1574 553 1609 ἡ
569 1573 703 1606 οτάζουσα
716 1574 762 1601 ἐπὶ
773 1575 822 1610 τῆς
831 1575 893 1610 γῆς.

117 1619 253 1646 ’Λνατελεῐ
265 1620 301 1654 ἐν,
316 1621 373 1650 ταῖς
388 1619 507 1654 ἡμέραις
530 1619 613 1646 αὐτοῦ
637 1620 823 1655 δικαιοσύνην,
848 1621 895 1648 καὶ

111 1666 211 1701 πλῆθος
227 1666 348 1701 εἰρήνης,
362 1666 413 1698 ἓως
429 1663 459 1693 οὗ
469 1665 648 1702 ἀνταναιρεθῂ
663 1667 679 1701 ἡ
696 1667 806 1702 σελήνη.
819 1677 828 1693 ›
841 1667 896 1694 Πά-

110 1712 151 1738 λιν
165 1712 207 1743 τίς
228 1712 329 1747 κατέὃη
351 1712 389 1743 ὡς
410 1712 487 1744 ὑετὸς
508 1712 554 1738 ἐπὶ
565 1713 659 1745 πόκον,
675 1713 813 1740 τουτέστιν
828 1713 895 1748 ἡσύ-

110 1766 164 1792 χως
180 1758 226 1784 καὶ
237 1758 391 1793 ἀταράχως,
407 1759 453 1784 καὶ
463 1759 527 1785 ἄνευ
541 1757 591 1792 τῆς
599 1758 702 1790 οἰκείας
714 1759 792 1791 ἀξίας
812 1760 894 1786 αὑτοῦ

110 1804 155 1829 καὶ
171 1803 391 1838 μεγαλειότητος,
410 1804 427 1839 ἢ
443 1805 456 1830 ό
467 1804 593 1839 Χριστὸς,
610 1804 638 1836 ὃς
649 1805 782 1840 κατῆλθεν
808 1806 837 1837 ἐξ
850 1806 895 1832 οὺ-

112 1849 193 1884 ρανοῦ
206 1850 235 1876 ἐν
250 1851 283 1884 τῇ
297 1850 362 1884 ἁγίᾳ
381 1849 522 1884 Παρθένῳ,
549 1850 595 1877 καὶ
610 1850 778 1877 συλλασοῦσα
802 1851 895 1877 ἔτεκεν

79 1906 82 1907 ν
110 1895 190 1920 αὑτὸν
201 1896 230 1921 ιν
244 1896 359 1930 πενιχρᾷ
389 1895 476 1931 φάτνῃ
495 1896 541 1922 καὶ
558 1895 680 1932 σπηλαίῳ
702 1897 840 1932 ταπεινῷ;
856 1898 894 1924 Οὐ

111 1941 164 1976 γὰρ
184 1939 265 1977 ἦλθεν
277 1941 319 1968 ἵνα
335 1941 414 1977 κρίνῃ
429 1944 474 1968 τθιν
497 1942 611 1977 κόσμον,
627 1943 684 1969 ἀλλ’
704 1943 748 1970 ἴνα
762 1944 839 1980 σώσῃ
849 1944 894 1971 τὸν

111 1987 221 2022 κόσμον.
239 1987 322 2014 Ὅταν
336 1987 363 2013 δὲ
378 1987 441 2022 ἔλθῃ
457 1988 547 2021 κρῖναι
571 1987 621 2023 τὴν
645 1988 816 2023 οἰκουμένην,
834 1989 894 2016 τότε

112 2032 202 2068 μέλλει
215 2032 331 2067 φανῆναι
347 2033 375 2059 ἐν
395 2034 427 2068 τῇ
446 2032 508 2070 δόξῃ
531 2032 578 2059 τοῦ
598 2034 704 2067 Πατρὶς
721 2035 802 2061 αὐτοῦ
825 2036 894 2070 μετὰ

109 2079 219 2106 πάντων
232 2079 287 2106 τῶν
304 2080 425 2113 ἀγγέλων
437 2100 445 2112 ,
464 2079 556 2111 καοὼς
571 2080 617 2106 καὶ
641 2081 722 2112 αὐτὸς
742 2082 756 2107 ὁ
777 2082 894 2115 Χριστὸς

109 2123 210 2158 ἔφησεν
222 2123 251 2149 ὲν
266 2122 304 2157 τῷ
322 2123 488 2158 Εὐσγγελίῳ,
505 2124 546 2149 ὅτι
567 2133 576 2149 ι
593 2124 649 2150 Οὐκ
661 2121 741 2158 ἦλθον
754 2125 797 2151 ἵνα
809 2125 894 2160 κρίνω

108 2169 154 2196 τὸν
167 2169 282 2204 κόσμον,
299 2168 357 2195 ἀλλ’
372 2169 413 2195 ἵνα
423 2169 503 2195 σώσω
515 2169 560 2195 τὸν
575 2169 689 2205 κόσμον.
710 2180 718 2195 ι
736 2180 745 2196 ι
757 2171 895 2198 ’Δνατελεῑ

109 2215 138 2241 ἐν
153 2216 212 2246 ταῖς
236 2215 353 2250 ἡμέραις
367 2215 448 2241 αὐτοῦ
464 2215 647 2250 δικαιοσύνην,
671 2217 717 2243 καὶ
734 2217 835 2252 πλῆθος
850 2219 890 2245 εἰ·
907 2219 928 2246 lt

111 2261 194 2296 ρὴνης
206 2260 257 2291 ἕως
269 2257 299 2286 οὗ
317 2260 497 2295 ἁνταναιρεῦῇ
517 2261 533 2295 ὴ
556 2260 664 2295 σελήνη.
685 2270 694 2286 ι
710 2261 742 2288 Τί
765 2262 891 2297 βούλεται

109 2307 149 2339 τὸ,
169 2306 326 2333 (Ἀνατελεῖ
341 2307 369 2331 ὲν
384 2307 442 2337 ταῖς
463 2306 578 2340 ἡμέραις
602 2307 684 2333 αὑτοῦ
710 2307 891 2342 δικαιοσύνην,

110 2353 156 2379 καὶ
172 2351 272 2387 πλῆθος
286 2352 397 2387 εἰρήνης
408 2353 439 2386 ξι
457 2351 538 2378 Οὐδὲν
547 2351 620 2384 ἄλλο,
629 2352 645 2387 ἢ
655 2352 696 2378 ὅτι
708 2352 756 2387 τῆς
767 2352 893 2388 τοιαύτης

109 2399 216 2430 ἀδικίας
239 2398 374 2433 χείριστόν
390 2406 418 2424 τε
435 2398 481 2424 καὶ
496 2398 636 2430 κάκιστον,
657 2397 701 2423 ἵνα
713 2398 854 2433 ἀφήσωσιν
869 2400 893 2425 οἱ

107 2444 247 2480 ἂνθρωποι
261 2443 305 2470 τὸν
317 2443 383 2470 Θεὸν
393 2443 557 2478 δημιουργὸν
573 2444 620 2470 καὶ
644 2442 766 2478 πλάστην
788 2444 890 2476 αὐτῶν,

108 2486 153 2517 τὸν
169 2491 223 2518 ἀπὸ
234 2489 282 2516 τοῦ
294 2489 331 2525 μὴ
347 2489 421 2521 ὄντος
437 2489 477 2520 εὶς
493 2489 523 2514 τὸ
535 2485 606 2515 εἶναι
627 2489 823 2524 παραγαγόντα
843 2489 892 2515 αὐς

107 2536 181 2567 τοὺς,
197 2535 244 2562 καὶ
258 2535 466 2570 προοκυνήσωπι
486 2533 526 2568 τῷ
545 2533 671 2568 διαόόλῳ.
689 2534 737 2560 καὶ
752 2535 808 2565 τοῖς
829 2535 889 2561 κτί-

107 2590 203 2617 σμασι,
215 2581 263 2608 καὶ
276 2582 331 2612 τοῖς
343 2580 433 2616 ἔργοις
443 2579 497 2606 τῶν
505 2579 605 2614 χειρῶν
619 2579 719 2607 αὐτῶν.
730 2580 784 2605 Καὶ
795 2579 890 2616 ὥσπερ

106 2636 148 2660 τις
166 2627 219 2654 ὑπὸ
234 2626 319 2662 μέθης
333 2626 381 2654 καὶ
400 2625 509 2660 βαθείας
525 2625 636 2656 σκοτίας
651 2625 827 2660 παραϐλέψας
843 2627 889 2653 τὸν

107 2672 204 2700 ἑαυτοῦ
221 2671 402 2708 πατέρα,.τὸν
413 2670 626 2706 ἐπιμελούμενον
637 2671 717 2697 παντὶ
731 2672 833 2706 τρόπῳ,
843 2673 891 2698 καὶ

107 2719 257 2754 κηδόμενον
278 2717 324 2745 καὶ
338 2716 470 2752 ζητοῦντα
485 2716 535 2752 τὴν
550 2716 645 2743 τούτου
662 2717 832 2752 προμήθειαν
843 2718 890 2744 καὶ

106 2765 241 2800 ὠφέλειαν
252 2765 299 2791 καὶ
316 2763 463 2798 σωτηρίαν,
479 2762 664 2797 ἀκολουθήσας
677 2762 766 2798 ἐχθρῷ
781 2763 820 2797 τῷ
830 2764 890 2790 ἑπι-

108 2810 236 2846 θυμοῦντι
251 2810 300 2844 τὴν
324 2810 432 2844 σφαγὴν
456 2809 538 2837 αὑτοῦ
563 2809 610 2836 καὶ
629 2809 675 2836 τὸν
701 2809 830 2844 ὄλεθρον,
845 2810 889 2836 δ;‹

142 2869 165 2885 ¹⁸
178 2868 252 2898 Psal.
274 2875 347 2902 uxr,
358 2868 377 2895 2
392 2875 470 2902 seqq.
510 2869 530 2885 "
546 2868 624 2896 Joau.
645 2876 693 2900 xu,
706 2868 751 2895 Η.

949 932 1091 960 hominum
1110 933 1162 961 hoc
1176 939 1333 969 competere
1351 940 1451 970 potest,
1470 941 1500 964 ut
1515 943 1577 966 ante
1594 939 1686 966 lunam
1704 939 1732 966 in

947 978 1138 1012 generationes
1153 979 1360 1014 generatiOnum
1377 988 1438 1008 esse
1461 981 1515 1009 dici
1537 984 1642 1017 possit,
1658 989 1686 1012 et
1703 991 1746 1012 ut"

947 1031 1009 1050 cum
1026 1024 1083 1051 sole
1095 1026 1304 1053 commoretur?
1318 1026 1347 1053 In
1360 1027 1465 1054 nullum
1481 1032 1554 1056 certe
1569 1029 1664 1062 alium,
1681 1031 1732 1058 sed

948 1076 1044 1096 revera
1077 1069 1103 1096 in
1136 1070 1224 1098 solum
1252 1070 1399 1106 ipsumque
1424 1071 1564 1100 Christum
1588 1074 1732 1109 prophetia

947 1114 1072 1149 quadrat.
1092 1116 1159 1142 Cum
1177 1116 1252 1143 enim
1271 1116 1360 1149 dicit,
1385 1118 1457 1152 quod
1473 1119 1580 1154 iudicet
1600 1128 1733 1156 pauperes

948 1161 1059 1195 populi,
1076 1165 1104 1188 et
1118 1162 1205 1189 saltet
1220 1161 1291 1189 ﬁlios
1307 1163 1420 1198 inopum
1437 1184 1444 1196 ,
1472 1169 1500 1192 et
1520 1165 1733 1194 calumniatores
1774 1156 1777 1159 ἢ

948 1206 1086 1240 humiliet,
1101 1207 1175 1234 illius
1191 1208 1314 1236 ostendit
1327 1209 1474 1244 justitiam,
1489 1210 1690 1246 fortitudinem,
1705 1219 1733 1240 et

948 1259 1043 1280 curam
1059 1261 1112 1288 qua
1132 1261 1196 1289 erga
1218 1254 1346 1282 homines
1366 1255 1463 1283 utitur.
1483 1255 1552 1283 Cum
1572 1265 1638 1284 vero
1653 1258 1733 1290 dicit.

948 1298 1021 1332 quod
1034 1303 1099 1326 ante
1116 1299 1202 1326 solem
1218 1305 1379 1333 permaneat
1405 1308 1505 1328 nomen
1523 1301 1583 1337 ejus
1595 1323 1602 1334 ,
1625 1308 1654 1330 et
1669 1309 1733 1330 ante

948 1344 1041 1372 lunam
1062 1344 1090 1371 in
1106 1344 1299 1379 generationes
1315 1347 1523 1381 gener-alienum
1535 1367 1542 1379 ,
1567 1347 1640 1376 illius
1651 1355 1734 1377 aeter-

948 1391 1063 1418 nitatem
1088 1391 1224 1426 principio
1249 1396 1390 1419 carentem
1417 1392 1533 1420 indicat.
1555 1393 1588 1420 Et
1608 1401 1641 1421 eo
1658 1396 1732 1430 quod

948 1436 1018 1463 dixit
1035 1445 1041 1463 :
1064 1445 1072 1462 ι
1095 1436 1319 1465 Commorabitur
1336 1445 1398 1464 cum
1408 1438 1465 1465 sole
1478 1449 1514 1470 ,,ι
1536 1439 1609 1467 illius
1623 1442 1733 1468 a-terni-

950 1487 1034 1510 tatem
1049 1483 1102 1511 line
1118 1487 1258 1510 carentem
1275 1483 1425 1511 denotavit.
1447 1485 1524 1517 ltetn,
1549 1495 1557 1511 ι
1580 1486 1734 1515 Descendet

949 1529 1032 1556 veluti
1058 1529 1150 1563 pluvia
1168 1536 1251 1564 super
1274 1530 1374 1563 lanam,
1399 1535 1427 1557 et
1442 1531 1512 1558 sicut
1526 1536 1602 1566 gutta
1626 1533 1733 1561 stillaus

948 1580 1031 1608 super
1051 1578 1162 1601 terram.
1180 1572 1291 1601 Exoriri
1301 1573 1382 1602 faciet
1398 1575 1426 1601 in
1451 1575 1549 1603 diebus
1573 1577 1633 1604 suis
1651 1577 1732 1612 justi-

948 1620 1012 1646 tiam
1023 1624 1049 1647 et
1059 1619 1262 1647 multitudinem
1275 1621 1358 1654 pacis,
1381 1620 1468 1648 donec
1481 1621 1622 1649 auferatur
1632 1623 1706 1650 luna.
1718 1634 1727 1649 ι

947 1666 1043 1692 Denuo
1059 1665 1218 1700 (responde)
1235 1666 1298 1700 quis
1325 1666 1466 1693 descendit
1491 1671 1521 1693 ut
1536 1668 1627 1702 pluvia
1649 1677 1732 1704 super

946 1712 1047 1744 lanam,
1066 1712 1092 1738 id
1108 1716 1151 1739 est
1159 1712 1263 1746 quiete,
1277 1717 1305 1739 et
1320 1712 1380 1739 sine
1392 1713 1523 1746 strepitu,
1540 1718 1568 1741 et
1583 1714 1650 1742 citra
1668 1723 1730 1749 pro-

946 1757 1034 1792 priam
1057 1758 1228 1793 maiestatem
1250 1758 1539 1793 magniﬁcentiamque‘
1557 1767 1644 1792 suam,
1660 1768 1730 1795 prae—

947 1806 988 1827 ter
1012 1800 1178 1828 Christum?
1195 1801 1243 1835 qui
1266 1801 1408 1829 descendit
1428 1803 1536 1830 coalitus
1559 1804 1585 1831 in
1607 1809 1729 1832 sanctam

946 1846 1097 1882 Virginem,
1112 1854 1172 1881 qua:
1184 1851 1345 1883 conceptum
1360 1856 1422 1875 eum
1435 1849 1544 1883 peperit
1557 1849 1585 1877 in
1598 1850 1643 1877 vili
1662 1859 1731 1885 pra-

945 1894 1021 1928 sepio
1035 1898 1062 1920 et
1076 1893 1173 1920 humili
1190 1901 1262 1922 casa.
1281 1895 1340 1922 Non
1368 1896 1441 1922 enim
1459 1901 1571 1924 venerat
1595 1897 1731 1932 judicatu-

946 1948 992 1968 rus
1007 1941 1150 1973 mundum,
1165 1940 1213 1968 sed
1231 1945 1260 1968 ut
1275 1942 1409 1970 mundum
1439 1944 1566 1970 salvaret.
1583 1943 1650 1971 Cum
1663 1952 1730 1971 vero

945 1986 1038 2014 veniet.
1056 1987 1230 2022 iudicaturus
1245 1987 1352 2021 orbem,
1367 1989 1510 2023 apparebit
1527 1990 1554 2016 in
1570 1991 1656 2025 gloria
1680 1992 1731 2019 Pa-

946 2033 995 2060 tris
1011 2033 1052 2060 sui
1070 2041 1132 2060 cum
1151 2033 1279 2061 omnibus
1289 2034 1403 2070 angelis,
1420 2036 1651 2069 quemadmodum
1672 2037 1730 2071 ipse

944 2080 1068 2108 Christus
1077 2081 1103 2107 in
1124 2080 1270 2114 Evangelia
1283 2084 1414 2109 testatur:
1428 2091 1437 2107 ι
1449 2081 1508 2108 Non
1518 2082 1580 2109 veni
1590 2082 1712 2117 iudicatu
1721 2098 1730 2104 -

944 2135 991 2154 rus
1005 2126 1137 2153 mundum
1150 2125 1197 2153 sed
1210 2131 1238 2153 ut
1249 2126 1378 2154 mundum
1388 2127 1524 2154 sali-em“.
1535 2137 1544 2153 ι
1553 2127 1631 2159 Item,
1644 2128 1730 2155 «Exo-

945 2172 994 2199 riri
1010 2171 1090 2199 faciet
1114 2171 1141 2198 in
1157 2171 1254 2198 diebus
1269 2171 1470 2206 suisjustitiam
1483 2177 1511 2199 ct
1524 2173 1727 2199 multitudinem

944 2217 1018 2251 pacis
1033 2216 1120 2244 donec
1139 2216 1280 2243 auferatur
1300 2216 1374 2244 luna.
1385 2226 1394 2242 ›
1413 2218 1545 2250 Quisnam
1560 2218 1657 2245 horum
1665 2226 1730 2246 sen-

943 2269 1001 2293 sus,
1022 2270 1031 2287 ι
1051 2260 1186 2289 Produeet
1203 2260 1230 2288 in
1247 2261 1345 2291 diebus
1366 2261 1423 2289 suis
1439 2263 1571 2297 justitiam
1584 2267 1612 2290 et
1634 2264 1729 2290 multi-

945 2306 1067 2333 tudinem
1083 2306 1198 2340 pacis‘li
1216 2306 1275 2334 Non
1292 2306 1372 2340 alius,
1389 2315 1470 2342 quam
1485 2310 1556 2343 quod
1582 2308 1729 2344 impietatis

945 2359 1081 2379 summam
1097 2356 1174 2379 notat
1187 2352 1337 2386 perniciem
1366 2362 1372 2379 :
1390 2354 1461 2388 quod
1481 2355 1586 2382 sciliret
1605 2356 1729 2383 homines

946 2397 1106 2425 derclicturi
1121 2397 1189 2432 ,sint
1209 2397 1306 2429 Deum,
1324 2404 1529 2432 procreatorem
1555 2405 1582 2428 et
1596 2400 1727 2428 factorem

946 2451 1038 2476 suum,
1051 2443 1096 2478 qui
1112 2451 1160 2470 eos
1182 2451 1318 2478 nusquam
1333 2445 1497 2472 exsislentes
1522 2445 1549 2472 in
1573 2446 1644 2473 hanc
1657 2447 1726 2474 sub-

945 2490 1074 2519 stantiam
1091 2490 1214 2525 redegit;
1228 2495 1256 2517 et
1267 2491 1408 2517 adoraturi
1425 2491 1481 2518 sint
1491 2491 1642 2523 diabolum,
1653 2500 1729 2519 crea-

946 2541 1033 2568 turas,
1049 2540 1078 2562 et
1101 2543 1185 2570 opera
1201 2542 1330 2562 manuum
1351 2543 1474 2562 suarum.
1494 2535 1528 2563 Et
1550 2536 1728 2570 quemadmo-

944 2583 1009 2610 dum
1024 2581 1124 2616 aliquis
1137 2581 1272 2609 ebrietate
1287 2582 1385 2614 vietus,
1403 2586 1450 2608 aut
1463 2582 1490 2608 in
1504 2582 1599 2609 densis
1613 2583 1728 2617 profun-

943 2627 1041 2661 disque
1057 2626 1179 2653 tenebris
1190 2626 1333 2658 oberrans,
1347 2627 1470 2661 neglecto
1479 2626 1593 2661 proprio
1602 2631 1726 2661 parente,

943 2675 992 2708 qui
1007 2672 1180 2700 commodum
1204 2677 1232 2699 et
1256 2672 1402 2699 utilitatem
1420 2672 1593 2707 salutemque
1607 2680 1683 2699 suam
1698 2671 1725 2698 in

943 2718 1039 2754 primis
1068 2722 1097 2745 et
1121 2719 1202 2746 unice
1231 2717 1369 2745 desiderat
1393 2722 1602 2752 promotamquc
1628 2718 1725 2752 cupit,

945 2765 1049 2792 hostem
1067 2764 1203 2798 sequitur,
1219 2763 1302 2791 czrdis
1321 2767 1348 2790 et
1362 2763 1494 2797 perniciei
1511 2771 1567 2790 sum
1583 2763 1724 2798 cupidum,

942 2811 1040 2846 lzgatus
1055 2810 1159 2838 scilicet
1173 2814 1201 2837 et
1215 2809 1321 2838 vinctus
1336 2809 1370 2837 ab
1389 2817 1422 2837 eo
1446 2817 1597 2844 manusque
1622 2809 1719 2844 pedes-
