1946 3081
152 109 204 140 tm
259 147 261 153 η

632 110 779 143 CONTRA
803 111 1045 144 MAHOMETERI
1067 112 1256 143 APOLOGH
1278 114 1303 144 ῐ,

1717 113 1770 146 illo

152 169 198 195 ὶου
218 169 290 195 ἑστ¹ν
305 169 319 196 ὁ
333 168 422 203 λόγος,
448 169 485 201 ὡς
509 170 588 205 ὂῆοεν
607 172 658 207 πρὸ
673 172 718 199 τοῦ
738 173 813 208 ἡλῖου
830 171 935 205 γεγονό-

992 180 1051 200 esse
1065 173 1178 201 diceret.
1192 174 1269 208 quasi
1288 173 1326 200 illi
1347 177 1409 200 ante
1426 173 1508 200 solem
1526 176 1645 201 creatum
1668 173 1770 202 conditi

152 224 200 246 τις
214 216 276 246 τοὺς
290 216 433 249 ἀγγέλους,
449 215 535 248 εἶπεν.
555 226 564 243 ι
580 218 612 244 ὲκ
627 219 746 253 γαστρὸς
762 220 814 254 πρὸ
833 218 936 252 ἑωσφό-

153 269 211 296 ρου.
228 261 285 287 ιΤὸ
297 262 351 296 γὰρ
371 270 379 287 ι
396 263 428 288 ἐκ
437 263 552 297 γαστρὸς
570 272 579 289 ι
596 264 646 298 οὐχ
665 265 703 295 ὡς
722 265 843 299 γαστέρι
862 264 936 299 ἔχειν

151 308 196 334 τὸν
212 307 279 334 Θεὸν
290 308 368 334 τοῦτο
380 308 502 344 εῖρηκεν,
530 309 587 336 ἀλλ’
600 309 636 342 ὡς
652 311 666 337 ὁ
690 310 771 342 αὐτὸς
803 311 887 338 Δαεὶδ
907 313 936 338 ὲν
955 306 961 310 ’

153 353 239 387 ἑτέρῳ
251 352 337 387 λέγει,
351 353 392 380 ὅτι
408 363 417 379 ι
435 354 468 381 Δί
495 355 587 389 χεῖρές
606 364 655 382 σου
676 356 808 391 ἐποίησάν
825 365 860 391 με
887 357 936 384 καὶ

153 396 273 423 ιπλασάν
289 405 335 431 με,
355 407 365 423 ι
380 398 429 432 τὴν
447 398 648 435 δημιουργικὴν
660 400 774 433 δύναμιν
790 402 837 428 τοῦ
866 402 935 428 Θςοῦ

153 442 283 479 δγικνύων
293 449 300 457 ·
310 443 366 475 καὶ,
377 452 387 469 ι
398 443 547 478 Ὀφοαλμοὶ
556 445 658 480 Κυρίου
666 446 711 472 ἐπὶ
718 445 847 478 δικαίους,
863 455 872 472 ι
885 447 935 481 τὴν

154 488 335 523 προνοητικὴν
348 488 462 523 δύναμιν
479 489 526 516 τοῦ
541 489 620 522 Θεοῦ,
645 490 692 517 καὶ
710 490 752 517 ὅτι
777 491 841 523 ἄξια
865 491 935 526 ἔργα

155 533 322 567 πράττουσιν
334 534 359 560 al
380 534 490 566 δίκαιοι,
509 534 579 562 ὥστε
595 536 727 563 εἰσελθεῖν
757 536 872 563 ἐνώπιον
887 536 934 563 τοῦ

154 579 232 606 Θεοῦ.
247 579 324 606 Οὕτω
341 580 389 606 καὶ
403 581 474 608 κατὰ
498 581 528 608 τὸ
548 584 636 616 παρὸν
658 583 687 609 ὲν
709 582 747 617 τῷ
763 583 860 614 εἰπεῖν,
876 590 887 608 ι
903 582 935 608 ὲκ

153 625 280 660 γαστρὸς,
301 635 311 652 ι
326 626 410 659 ἔδειξε
437 627 486 662 τὴν
518 628 551 654 αὖ
559 627 614 662 τὴν
631 628 678 655 καὶ
695 628 758 663 μιαν
775 628 869 655 οὐσίαν
888 628 935 654 καὶ

153 671 233 704 φύσιν
254 671 318 697 Tia-3
342 681 370 698 τε
396 673 443 699 καὶ
461 673 576 707 Πατρός.
590 673 697 707 ’Ὠσπερ
720 674 774 708 γὰρ
789 673 823 700 τὰ
841 673 934 708 ἄψυχα

152 718 248 752 δέιδρι
266 717 301 743 τὰ
327 717 397 744 αὐτὰ
412 718 457 751 καὶ
470 718 551 752 ὃμοια
574 718 667 748 αὐτοῖς
687 718 830 752 γεννῶσιν,
849 719 866 752 ἠ
880 718 934 752 γὰρ

154 765 222 799 συκῆ
237 763 322 798 συκῆν
349 764 443 799 γεννᾷ,
464 763 539 798 καὶὴ
564 763 643 791 ἐλαία
668 764 779 790 ἐλαίαν·
803 764 935 796 ὡσαύτως

153 811 199 837 καὶ
212 810 245 836 τὰ
260 810 347 843 ἄλογα
364 809 420 842 ζῶα
435 810 536 845 ὁμοίως
552 810 581 837 ἒν
592 811 708 837 ἕκαστον
725 810 829 837 τούτων
841 811 934 844 ὅμοιον

153 852 225 888 αὑτῷ
245 854 294 880 καὶ
305 854 354 888 τῆς
371 853 455 889 αὐτῆς
471 853 578 888 φύσεως
590 855 674 890 γεννᾷ
700 854 832 890 γέννημα.
852 854 933 882 Ἀλλὰ

153 899 184 934 δὴ
199 898 244 924 καὶ
255 899 269 925 ὀ
285 898 439 932 ἄνθρωπος,
455 898 566 933 λογικὸς
588 899 638 932 ὢν,
662 900 771 934 λογικὸν
792 900 935 935 ἄνθρωπον

153 943 244 977 γεννᾷ,
261 943 308 969 καὶ
319 942 416 978 θνητὸς
429 942 478 976 ὥν,
493 943 569 975 αὖθις
590 944 689 978 θνητόν
704 952 710 960 ·
725 945 772 971 καὶ
787 945 837 980 τῆς
850 945 935 980 αὐτῆς

153 988 246 1018 οὐσίας
254 997 283 1015 τε
298 987 346 1015 καὶ
359 988 467 1022 φύσεώς
481 989 554 1016 ἐστιν
567 990 580 1016 ὁ
600 990 658 1022 υζὸς
673 990 713 1025 τῷ
729 991 825 1026 πατρί.
844 990 935 1025 Πολλῷ

110 1054 115 1058 .
156 1035 253 1070 μᾶλλον
267 1034 434 1070 λογιζόμεθα
449 1035 528 1062 τοῦτο
547 1036 595 1063 καὶ
611 1036 788 1072 ἀσυγκρίτως
814 1037 861 1063 ἐπὶ
886 1036 934 1064 τοῦ

154 1080 232 1113 Θεοῦ,
246 1081 287 1108 ὅτι
299 1081 313 1108 ὁ
333 1081 395 1113 Υἱὸς
412 1081 458 1108 καὶ
469 1082 556 1117 Λόγος
569 1083 652 1109 αὐτοῦ
665 1083 715 1117 τῆς
730 1082 815 1116 αὐτῆς
827 1082 936 1117 φύσεως

154 1127 200 1153 καὶ
215 1126 310 1159 οὐσίας
327 1127 385 1154 ἐστὶ
398 1126 445 1154 τοῦ
462 1127 578 1163 Πατρὸς,
603 1127 694 1159 καθὼς
710 1127 758 1155 καὶ
777 1127 849 1155 ἐστι.
880 1127 936 1154 Καὶ

155 1171 251 1198 σκόπει
265 1171 410 1206 ἀκριὸειαν
422 1172 609 1208 προφητειῶν.
625 1172 716 1199 Εἰπὼν
727 1173 784 1209 γὰρ
803 1174 816 1200 ὁ
831 1173 937 1208 προφή-

155 1226 214 1252 της,
237 1225 246 1242 ι
264 1214 347 1244 Εἶπεν
370 1217 385 1244 ὀ
413 1216 525 1252 Κύριος,
547 1226 558 1243 ι
586 1217 688 1250 ἔδειξεν
715 1217 756 1244 ὅτι
785 1216 830 1244 τὸν
868 1216 936 1242 Θεὸν

154 1265 238 1298 λέγει,
251 1263 286 1295 ὡς
299 1263 496 1290 ἀποδέδεικται.
511 1262 603 1290 Εἰπὼν
618 1263 658 1295 δὲ,
674 1271 683 1288 ι
695 1262 733 1297 τῷ
744 1261 838 1297 Κυρίῳ
848 1269 909 1297 μου,
922 1271 932 1288 ι

155 1310 201 1336 καὶ
223 1309 266 1341 τὸ,
283 1318 293 1334 ι
312 1308 405 1336 Κάθου
424 1309 456 1334 ἐκ
474 1308 569 1340 δεξιῶν
599 1317 662 1342 μου,
680 1308 732 1338 ἕως
757 1306 791 1334 ἃν
807 1306 845 1333 θῶ
872 1306 936 1337 τοὺς

155 1356 268 1390 ἑχθρούε
296 1363 342 1381 σου
357 1354 503 1381 ὑποπόδιον
520 1354 574 1381 τῶν
595 1353 684 1380 ποδῶν
700 1361 746 1380 σου
762 1360 770 1368 ‘
792 1362 801 1378 ι
820 1351 868 1378 καὶ
893 1351 934 1383 τὸ,

158 1400 288 1427 ιῬάὸδον
317 1400 458 1435 δυνάμεως
491 1399 667 1433 ὲξαποστελεϊ
700 1407 741 1425 σοι
768 1397 871 1433 Κύριος
902 1398 936 1424 ὲκ

157 1445 236 1478 Σιὼν,
255 1455 264 1471 ι
281 1445 328 1472 καὶ
341 1445 383 1478 τὸ,
397 1454 407 1470 ι
428 1444 619 1479 Κατακυρίευε
634 1444 662 1470 ἐν
675 1443 750 1478 μέσῳ
762 1438 816 1469 τῶν
831 1441 936 1477 ἐχθρῶν

987 219 1052 251 sint,
1069 219 1167 254 inquit.
1187 228 1196 244 ι
1212 227 1245 246 ex
1261 224 1338 246 utero
1352 227 1467 246 aurorm.
1487 228 1497 244 ι
1519 218 1596 252 Quod
1608 220 1681 246 enim
1699 220 1768 247 uteri

988 266 1121 298 meminit,
1137 273 1190 292 non
1204 273 1236 293 eo
1253 273 1335 292 sensu
1353 265 1542 299 accipiendum
1559 269 1601 292 est
1617 266 1689 299 quod
1698 266 1770 292 Deus

987 315 1094 338 uterum
1105 311 1212 344 habeat,
1222 311 1268 338 sed
1278 318 1310 338 eo
1319 318 1373 345 quo
1383 315 1411 337 et
1421 309 1503 336 David
1515 310 1579 337 alibi
1592 310 1674 337 dicit:
1692 320 1701 336 ι
1712 311 1769 337 Ma-

986 365 1039 384 nus
1052 362 1104 384 tuze
1120 358 1246 384 leceruut
1261 364 1304 384 me
1317 361 1345 383 et
1363 356 1550 383 formaverunt
1562 363 1605 382 me
1620 355 1658 388 ";
1679 365 1688 381 ›
1704 363 1785 390 ope»

986 403 1113 430 ratricem
1130 402 1255 430 videlicet
1274 402 1321 429 Dei
1345 402 1493 436 potentiam
1512 401 1671 432 ostendens,
1701 405 1767 432 ete.,

989 459 997 475 ι
1014 448 1092 476 Oculi
1106 448 1151 475 Dei
1168 456 1251 482 super
1264 448 1353 483 justos
1368 448 1407 481 ¹¹;
1429 457 1438 474 ι
1454 455 1508 482 quo
1521 447 1611 474 omnia
1627 446 1772 481 providen-

986 499 1041 522 tem
1062 494 1110 522 Dei
1133 495 1261 521 virtutem
1282 494 1383 526 innuit,
1403 498 1432 521 et
1449 493 1522 528 quod
1544 493 1609 528 justi
1629 501 1712 528 opera
1730 492 1770 519 fa-

986 541 1059 567 ciant
1074 540 1153 576 digna
1169 544 1199 567 ut
1215 547 1306 567 coram
1334 540 1390 567 Deo
1412 539 1611 574 ingrediantur.
1628 539 1674 566 Sic
1686 539 1768 565 etia'n

986 594 1106 621 prmsens
1131 586 1209 613 locus
1237 585 1431 620 intelligendus
1463 588 1515 612 est.
1543 584 1665 620 Dicenda
1684 583 1769 615 enim,

989 641 998 657 ι
1021 639 1053 659 ex
1078 637 1167 664 utero,
1187 641 1196 657 ι
1213 631 1333 659 ostendit
1348 639 1429 658 unam
1446 635 1473 658 et
1492 630 1616 658 eamdem
1633 630 1693 657 Filii
1707 638 1768 657 cum

984 678 1064 705 Patre
1077 677 1256 704 substantiam
1267 681 1294 704 et
1304 681 1440 704 naturam.
1450 676 1682 709 Quemadmodum
1697 676 1769 702 enim

985 723 1140 750 inanimaue
1152 721 1265 749 arbores
1275 721 1376 749 etedem
1392 725 1419 748 et
1431 721 1533 749 similes
1547 721 1598 748 sibi
1611 721 1677 755 ipsis
1691 729 1772 756 gene—

986 772 1097 795 rantur:
1114 767 1180 795 tieus
1195 768 1269 795 enim
1290 766 1371 794 ticum
1389 771 1417 794 et
1432 766 1492 794 olea
1512 766 1598 794 oleam
1612 766 1717 801 gignit:
1735 766 1772 794 si—

985 813 1087 840 militer
1101 817 1128 840 et
1143 813 1223 840 bruta
1235 812 1361 840 animalia
1380 812 1484 847 singula
1498 813 1573 847 juxta
1593 820 1678 847 genus
1690 821 1768 840 suum

987 862 1091 885 natura:
1109 865 1164 885 sure
1185 857 1287 885 similia
1313 861 1455 893 generant.
1479 861 1507 885 et
1529 857 1611 884 homo
1632 857 1772 884 rationalis

986 910 1048 931 cum
1070 903 1117 936 sit,
1144 903 1303 931 rationalem
1323 903 1410 939 gignit
1429 903 1578 935 hominem,
1601 907 1628 930 et
1649 903 1772 930 mortalis

986 948 1141 980 mortalem,
1159 952 1188 976 et
1201 948 1273 975 lilius
1287 947 1411 983 ejusdem
1430 955 1492 975 cum
1509 952 1587 982 patre
1604 951 1646 974 est
1669 953 1772 974 natura:

985 998 1013 1021 et
1029 993 1199 1027 substantiae.
1220 993 1304 1020 Multo
1319 992 1404 1028 magis
1416 992 1499 1028 igitur
1514 992 1571 1019 haec
1586 996 1613 1019 et
1623 991 1682 1019 sine
1697 991 1771 1018 omni

986 1038 1157 1066 dubitatione
1170 1038 1204 1065 de
1220 1038 1275 1065 Deo
1293 1037 1455 1070 sentiemus,
1471 1037 1542 1072 quod
1565 1037 1651 1065 Filius
1665 1042 1691 1064 et
1706 1036 1773 1064 Ver-

985 1083 1049 1111 bum
1063 1083 1149 1118 ipsius
1163 1083 1285 1118 ejusdem
1303 1091 1365 1111 cum
1389 1083 1468 1111 Patre
1485 1084 1521 1110 sit
1542 1087 1648 1110 natum
1666 1088 1693 1110 et
1709 1084 1773 1110 sul-

986 1131 1105 1164 stantiae,
1128 1129 1359 1165 quemadmodum
1388 1137 1482 1157 revera
1506 1134 1557 1158 est.
1587 1130 1639 1157 Sed
1668 1130 1772 1164 respice

987 1176 1195 1211 prophetiarum
1235 1175 1415 1210 diligentiam.
1447 1175 1584 1209 Propheta
1624 1175 1698 1202 enim
1733 1175 1773 1201 iu-

987 1221 1094 1256 quieus,
1128 1231 1137 1247 ι
1154 1221 1229 1248 Dixit
1241 1221 1383 1254 Dominus,
1400 1230 1408 1246 ι
1428 1221 1549 1248 ostendit
1561 1228 1590 1248 se
1609 1221 1642 1247 de
1659 1221 1713 1248 Deo
1732 1221 1773 1247 di-

986 1273 1059 1298 cere,
1073 1270 1102 1293 ut
1115 1266 1169 1301 jam
1181 1269 1244 1293 ante
1252 1266 1470 1293 demonstratum
1481 1269 1534 1292 est.
1550 1264 1660 1292 Addens
1670 1269 1772 1295 autem.

989 1318 998 1334 ι
1019 1308 1133 1335 Domiuo
1159 1315 1231 1338 meo.
1249 1316 1260 1333 ι
1281 1314 1310 1334 et
1338 1316 1348 1333 ι
1370 1307 1440 1334 Sede
1466 1315 1480 1334 a
1502 1306 1607 1334 dextris
1633 1307 1712 1339 meis,
1726 1307 1774 1333 de-

985 1361 1037 1381 nec
1052 1361 1150 1389 ponam
1168 1353 1302 1388 inimicos
1326 1356 1388 1380 tuos
1414 1352 1562 1381 seabellum
1583 1352 1683 1387 pedum
1715 1356 1773 1378 ιυι-

987 1407 1064 1432 rum,
1089 1404 1159 1433 etc.;
1187 1408 1196 1425 ι
1223 1408 1233 1425 ι
1259 1398 1368 1434 Virgam
1394 1398 1525 1434 potentia:
1545 1398 1652 1426 emittet
1671 1397 1719 1425 tibi
1742 1405 1773 1424 rx

987 1445 1051 1474 Sion
1077 1445 1233 1479 Dominus;
1258 1449 1303 1478 et,
1323 1454 1332 1471 ι
1355 1445 1500 1472 Dominare
1520 1445 1548 1472 in
1566 1443 1656 1471 medio
1685 1443 1770 1470 inimi-

156 1499 203 1517 σου
217 1498 225 1505 ·
240 1499 249 1516 ι
268 1490 354 1516 ταῦτα
368 1489 457 1516 πάντα
476 1489 521 1515 τὸν
539 1489 608 1523 ὑπὲρ
623 1487 704 1522 φύσιν
723 1487 867 1522 ἄνθρωπον
885 1487 933 1513 καὶ

987 1499 1079 1519 eorum
1103 1495 1211 1518 tuorum
1234 1500 1241 1518 :
1265 1499 1275 1516 ι
1307 1491 1365 1518 iure
1380 1491 1471 1518 omnia
1492 1490 1618 1524 inquam,
1637 1489 1774 1516 hominem

155 1537 342 1570 ἀνέκφραστον
372 1532 458 1571 εἶπεν.
488 1534 547 1561 Ἵνα
574 1533 602 1561 δὲ
618 1533 691 1569 δείξῃ
709 1533 750 1560 ὅτι
778 1532 860 1564 αὑτός
876 1533 935 1560 ἐστι

155 1582 203 1608 καὶ
221 1581 286 1612 Θεὸς
302 1580 349 1607 καὶ
373 1580 526 1615 ἄνθρωπος,
541 1579 627 1614 λέγει,
642 1588 651 1605 ι
667 1579 744 1606 Μετὰ
763 1578 810 1605 σοῦ
829 1578 845 1613 ἡ
861 1578 934 1613 ἀρχὴ

157 1627 185 1653 ἐν
199 1627 344 1662 ήμέρᾳτῆς
355 1626 495 1661 δυνάμεώς
512 1634 570 1658 σου,
585 1625 615 1652 ὲν
623 1626 682 1656 ταῖς
694 1624 869 1660 λαμπρότησι
881 1624 936 1650 τῶν

157 1673 240 1706 ἁγίων
256 1681 313 1700 σου.
327 1681 337 1698 ι
348 1672 408 1706 Ἵνα
423 1672 451 1698 δὲ
466 1671 548 1698 πάλιν
563 1670 639 1706 δείξῃ
652 1671 699 1697 καὶ
709 1670 854 1706 φανερώσῃ
869 1670 937 1696 Θεὸν

155 1719 220 1745 ὅντα
236 1719 283 1745 καὶ
295 1718 406 1753 γνήσιον
418 1718 484 1744 Υιὸν
497 1716 580 1744 αὑτοῦ
598 1717 630 1752 δὴ
644 1716 691 1743 τοῦ
714 1716 792 1748 Θεοῦ,
810 1716 856 1743 καὶ
873 1715 937 1751 μίαν

156 1765 250 1790 οὖσῖαν
266 1763 314 1790 καὶ
325 1764 406 1798 φύσιν
418 1763 513 1798 ἔχοντα
530 1762 598 1797 μετὰ
611 1761 657 1788 τοῦ
675 1761 742 1788 Θεοῦ
759 1762 805 1788 καὶ
821 1760 937 1796 [ἰατρὸς.

157 1809 267 1842 εἶπετὸ,
285 1819 295 1835 ι
321 1810 367 1836 Ἐκ
379 1809 494 1844 γαστρὸς
511 1809 563 1843 πρὸ
577 1808 714 1843 ἑωσφόρον
725 1807 856 1842 ὲγέννησά
871 1808 935 1833 σεξ»

162 1856 192 1882 ὐ
200 1856 221 1882 δ’
234 1855 314 1887 αὐτὸς
329 1854 461 1881 πάλινκαλ⁵
471 1855 498 1880 ὲν
505 1854 590 1889 ἑτέρῳ
599 1853 684 1891 λέγει,
698 1862 706 1879 ι
720 1853 773 1879 Καὶ
783 1852 827 1885 σὺ,
840 1851 937 1887 Κύριε,

158 1901 173 1934 ἡ
191 1900 268 1930 ἐλπίς
284 1908 347 1933 μου,
365 1899 410 1925 τὸν
426 1898 559 1933 Ὕψιστον
587 1898 650 1925 ἔθευ
666 1898 831 1932 καταφυγήν
847 1905 905 1924 σου.
925 1905 936 1922 ι

159 1944 290 1980 υκόσεξον
303 1945 332 1971 τὸ
346 1944 500 1979 λεγόμενον.
533 1939 577 1971 Ἐν
591 1943 630 1979 τῷ
645 1944 733 1970 εἰπεῖν
755 1944 799 1970 τὸν
823 1943 940 1979 Προφή-

158 1999 217 2025 την,
236 1999 244 2016 ι
264 1989 318 2016 Καὶ
349 1991 392 2023 σὺ,
412 1989 509 2024 Κύριε,
528 1989 637 2025 ήὲλπις
666 1997 728 2024 μου,
749 1998 758 2015 ι
777 1989 860 2021 ἔδειξε
891 1988 938 2016 τὸν

159 2036 222 2061 Υὶδν
237 2035 284 2061 τοῦ
297 2034 377 2061 Θεοῦ.
395 2043 404 2061 ι
420 2034 465 2063 Ἐν
477 2034 505 2061 δὲ
522 2034 570 2070 τῷ,
586 2038 595 2061 t
611 2030 656 2061 τὸν
673 2033 816 2068 ’Υψιστον,
829 2043 838 2060 ι
855 2033 940 2066 ἔδειξε

157 2081 201 2106 τὸν
217 2080 313 2106 τούτου
341 2080 451 2116 Πατέρα
477 2080 554 2111 Θεόν.
576 2080 621 2106 Ἐν
637 2079 666 2106 δὲ
682 2079 721 2114 τῷ
749 2080 836 2106 εἰπεῖν
857 2078 937 2111 αὖθις

157 2128 195 2158 τδ,
208 2136 217 2153 ι
228 2126 309 2152 Ἐῡον
320 2134 355 2152 κα
363 2125 488 2161 αρνγὴν,
499 2134 509 2150 ι
519 2125 601 2158 ἔδειξε
613 2125 657 2151 τὸν
665 2123 694 2151 ὃν
706 2124 939 2156 ἁνελάὸετοόΥιὸς

986 1537 1059 1565 omni
1076 1542 1174 1564 natura
1198 1537 1414 1571 praestantiorem
1433 1540 1462 1563 et
1476 1535 1684 1563 inenarrabilem
1704 1534 1769 1562 desi-

986 1587 1079 1618 gnant.
1098 1582 1134 1611 Ut
1146 1590 1212 1610 vero
1233 1582 1359 1610 ostendat
1381 1581 1508 1609 eumdem
1523 1585 1551 1608 et
1570 1581 1655 1607 Deum
1673 1587 1733 1607 esse
1747 1583 1775 1605 et

980 1629 1137 1661 'hominem,
1155 1628 1234 1661 dicit,
1259 1637 1269 1654 ι
1295 1629 1383 1656 Penes
1398 1632 1424 1655 te
1438 1631 1480 1655 est
1500 1626 1668 1662 principatus
1684 1626 1711 1652 in
1731 1625 1775 1652 die

986 1673 1116 1708 potentia:
1135 1677 1208 1705 tuae,
1227 1673 1254 1700 in
1277 1671 1422 1708 splendore
1445 1675 1601 1699 sanctorum
1624 1674 1742 1697 tuorum.
1763 1679 1772 1695 I

988 1718 1123 1746 Praeterea
1146 1723 1176 1746 ut
1198 1725 1307 1745 rursum
1324 1717 1441 1749 evincat,
1457 1716 1529 1751 quod
1550 1716 1622 1743 Deus
1645 1723 1707 1743 cum
1728 1715 1773 1746 sit,

989 1764 1121 1791 naturalis
1131 1763 1215 1791 etiam
1230 1767 1258 1790 et
1274 1770 1357 1790 verus
1370 1762 1406 1790 sit
1421 1762 1466 1789 Dei
1486 1761 1583 1793 Filius,
1601 1766 1628 1788 et
1651 1761 1774 1796 ejusdem

989 1817 1051 1838 cum
1070 1810 1125 1837 Deo
1138 1810 1219 1837 Patre
1236 1814 1340 1836 natura).
1358 1812 1386 1835 et
1403 1807 1573 1839 substantiae,
1594 1807 1647 1834 hoc
1663 1807 1776 1842 subjum

989 1857 1038 1892 git,
1061 1865 1070 1882 ι
1087 1856 1127 1883 Ex
1141 1861 1219 1883 utero
1234 1862 1338 1882 aurone
1350 1853 1432 1889 genui
1449 1858 1484 1881 te.
1499 1863 1508 1879 ι
1527 1854 1629 1881 Verum
1647 1853 1692 1880 hic
1703 1852 1775 1880 idem

990 1902 1016 1929 in
1031 1902 1084 1929 alio
1098 1901 1158 1929 loco
1169 1901 1245 1933 dicit,
1259 1910 1269 1926 ι
1282 1900 1315 1927 Et
1327 1905 1366 1933 tu,
1378 1899 1504 1932 Domine,
1515 1906 1578 1934 spes
1591 1906 1660 1930 mea,
1670 1898 1777 1926 Altissi—

990 1954 1064 1974 mum
1076 1946 1193 1981 posuisti
1211 1945 1358 1981 sulIugium
1374 1950 1450 1973 tuutn
1462 1945 1497 1972 ".
1515 1954 1525 1971 ο
1543 1944 1659 1972 Attende
1671 1951 1774 1979 quaso,

990 1992 1056 2027 quid
1078 1991 1196 2019 dicatur.
1217 1991 1257 2018 Eo
1281 1991 1354 2018 enim
1370 1990 1443 2025 quod
1464 1990 1598 2025 Propheta
1617 1989 1693 2021 dicit,
1714 1998 1723 2015 ι
1743 1989 1777 2018 Et

991 2043 1030 2070 tu,
1048 2034 1172 2069 Domine,
1188 2044 1250 2071 spes
1265 2043 1335 2068 mea,
1355 2045 1364 2062 I
1378 2035 1476 2063 Filiqu
1493 2035 1538 2062 Dei
1547 2034 1649 2063 innuit.
1664 2035 1715 2062 Per
1727 2033 1776 2061 Αις

991 2082 1126 2110 tissimum
1166 2089 1232 2109 vero
1262 2081 1386 2116 ejusdem
1414 2076 1520 2109 Patrem
1550 2081 1635 2108 Deum
1661 2079 1774 2108 indicat.

992 2127 1109 2155 Rursum
1137 2134 1202 2154 vero
1230 2127 1275 2154 his
1298 2126 1404 2160 verbis,
1432 2135 1442 2152 ι
1473 2125 1592 2153 Posuisti
1627 2125 1774 2160 sull‘ugium

157 2173 201 2199 τοῦ
218 2172 285 2199 Θεοῦ
303 2159 461 2207 ἄνθρωπον,
474 2171 519 2198 τὸν
530 2171 625 2206 ἔχοντα
646 2170 742 2206 χρείαν
762 2171 934 2204 καταφυγῆς.

990 2178 1077 2205 tuum,
1085 2182 1093 2198 ι
1101 2173 1214 2200 denotat.
1222 2172 1371 2203 hominem.
1381 2179 1461 2206 quem
1471 2171 1555 2199 Filius
1562 2172 1608 2199 Dei
1617 2159 1775 2205 assumpsit,

162 2219 190 2244 '0
219 2218 274 2252 γὰρ
289 2217 354 2249 Υἱὸς
377 2216 424 2245 τοῦ
452 2216 519 2243 Θεοῦ
533 2216 628 2252 κρείαν
642 2215 804 2250 καταφυγῆς
826 2215 876 2240 οὐκ
898 2212 938 2240 sl-

156 2272 212 2298 κίν-

192 2308 219 2334 ι¹.
243 2307 322 2336 Ἀλλὰ
337 2307 384 2335 καὶ
395 2308 408 2333 ὁ
419 2306 516 2333 τούτου
532 2307 597 2338 παῖς
607 2307 621 2333 ὁ
636 2306 789 2342 θαυμάσιος
810 2305 937 2340 Σολομὼν

154 2354 252 2381 οἴμησε
267 2361 347 2390 φηςιν
363 2362 374 2377 ι
390 2353 444 2382 Καὶ
457 2353 514 2385 νῦν,
531 2352 616 2388 Κύριε
631 2353 645 2378 ὁ
662 2352 727 2384 Θεὸς
751 2351 797 2378 τοῦ
817 2351 936 2387 Ἰσραὴλ.

156 2399 319 2433 πιστωθήτω
334 2399 365 2434 δὴ
384 2398 414 2425 τὸ
437 2398 514 2434 ρῆμᾶ
529 2406 586 2430 σου,
615 2397 630 2424 ὅ
646 2397 780 2432 tum“;
797 2396 834 2432 τῷ
861 2396 937 2423 παιδί

155 2453 201 2470 σο)
219 2444 300 2471 Διὸιδ
314 2444 353 2479 τῷ
372 2443 457 2479 πατρί
477 2452 538 2478 μου,
554 2444 595 2470 ὅτι
609 2444 634 2469 ει
647 2442 755 2477 ἀληθῶς
776 2442 935 2476 κατοικήσει

155 2491 219 2522 Θεὸς
234 2491 304 2525 μετὰ
328 2488 480 2524 ἀνθρώπων
494 2490 540 2515 ἐπὶ
558 2489 605 2524 τῆς
634 2489 694 2523 γῆς;
717 2497 726 2513 ι
744 2488 799 2515 Καὶ
813 2487 906 2522 ὥςπερ
922 2488 936 2514 ὁ

161 2538 297 2572 Ἱερεμίας
325 2535 413 2569 εἶπεν,
437 2537 480 2562 ὅτι
498 2544 507 2562 ι
525 2533 609 2566 Οὗτος
639 2535 654 2561 ὁ
687 2534 753 2566 Θεὸς
784 2533 871 2569 ἡμῶν,
903 2533 935 2560 οὐ

155 2583 346 2618 λο·,ισοὴσετιιι
354 2582 450 2617 ἕτερος
465 2581 533 2616 πρὸς
555 2581 646 2613 αὐτὸν,
676 2577 735 2606 εἶτα
760 2579 807 2605 ἐπὶ
820 2579 867 2614 τῆς
883 2578 934 2612 γῆς

156 2628 246 2662 dixit,
267 2629 314 2654 καὶ
338 2629 395 2658 τοῖς
426 2627 583 2662 ἀνθρώποις
612 2625 839 2660 συνανεστράφη·
863 2623 934 2651 οὕτω

156 2674 202 2701 καὶ
226 2676 240 2701 ό
261 2674 339 2708 σοφὸς
358 2672 482 2708 Σολομὼν
511 2673 594 2706 λέγει,
623 2672 674 2702 ὅτι.
689 2681 699 2697 ι
717 2671 803 2705 Κύριε
831 2672 845 2697 ὁ
868 2671 935 2702 Θεὸς

161 2720 279 2755 Ἰτραὴλ,
296 2720 460 2754 πιοτωοήτω
488 2719 520 2753 δὴ
542 2718 574 2745 τὸ
601 2717 677 2753 ῥῆμά
693 2726 752 2750 σου,
769 2717 782 2743 ὃ
801 2717 935 2751 ἐλάλησας

155 2766 194 2801 τῷ
208 2765 281 2792 παιδί
293 2774 338 2791 σου
349 2765 439 2792 Δασίδ.
451 2774 460 2790 ι
476 2764 508 2790 Τὶ
518 2763 641 2799 βούλεται
653 2762 681 2789 τὸ
695 2772 704 2789 ι
722 2763 887 2797 Πιπωοήτω
899 2770 906 2794 ;
920 2772 928 2787 ι

988 2219 1032 2246 cui
1045 2226 1114 2253 opus
1136 2221 1197 2245 erat
1216 2217 1345 2252 sull‘ugio.
1365 2217 1453 2245 Purus
1470 2217 1544 2244 enim
1562 2217 1607 2245 ille
1622 2217 1670 2244 Dei
1689 2217 1776 2245 Filius

988 2263 1106 2298 sull‘ugio
1120 2263 1162 2290 vel
1175 2263 1249 2297 asylo
1265 2270 1319 2290 non
1336 2262 1485 2296 indigebat.

1024 2308 1069 2336 10.
1084 2308 1155 2341 Quin
1169 2312 1196 2335 et
1213 2308 1294 2343 hujus
1307 2307 1380 2335 ﬁlius
1395 2308 1469 2335 omni
1480 2308 1660 2336 admiratione
1677 2308 1776 2343 dignus

986 2352 1106 2385 Solomo,
1125 2352 1165 2380 sic
1184 2351 1267 2379 dicit:
1284 2361 1293 2377 ι
1308 2351 1431 2386 Etuunc,
1443 2353 1581 2380 oDouiine
1592 2352 1661 2380 Deus
1675 2352 1772 2384 Israel,

988 2402 1078 2426 ratum
1101 2399 1150 2425 liat
1176 2397 1290 2425 verbum
1325 2401 1412 2430 tuum,
1428 2398 1500 2432 quod
1521 2398 1630 2425 loeutus
1650 2405 1680 2425 es
1695 2406 1775 2425 servo

987 2448 1035 2470 tuo
1053 2442 1147 2474 David.
1164 2442 1235 2478 patri
1256 2449 1329 2473 meo.
1353 2443 1483 2477 quoniam
1500 2451 1565 2470 num
1583 2451 1646 2470 vere
1671 2442 1775 2469 habita-

987 2489 1028 2516 bit
1043 2489 1113 2515 Deus
1130 2495 1192 2515 cum
1209 2487 1367 2515 hominibus
1381 2495 1465 2522 super
1488 2493 1588 2515 terram
1602 2488 1643 2515 "?
1657 2498 1666 2514 ι
1683 2488 1726 2521 Ει,
1744 2492 1773 2514 ιιι

986 2534 1118 2562 Jeremias
1126 2533 1192 2561 dicit
1207 2542 1214 2560 :
1231 2543 1240 2559 ι
1258 2532 1389 2566 Quoniam
1406 2533 1451 2561 hic
1463 2539 1505 2562 est
1519 2534 1590 2562 Deus
1603 2539 1705 2567 noster,
1718 2542 1772 2561 non

988 2578 1159 2613 reputabitur
1177 2578 1247 2605 alius
1270 2585 1361 2605 coram
1370 2585 1413 2606 eo.
1436 2579 1567 2612 Quoniam
1579 2586 1662 2614 super
1674 2584 1771 2606 terram

990 2625 1063 2651 visus
1081 2628 1134 2655 est.
1156 2627 1260 2651 etcum
1277 2623 1432 2652 hominibus
1457 2629 1634 2652 conversatus
1656 2624 1746 2651 est“.
1760 2633 1770 2648 ι

989 2671 1035 2698 Sic
1052 2675 1080 2697 et
1094 2670 1203 2705 sapiens
1217 2669 1264 2697 ille
1279 2669 1408 2697 Solomon
1432 2670 1501 2698 dicit
1516 2679 1525 2700 ;
1550 2680 1559 2696 ι
1575 2670 1687 2697 Domine
1703 2669 1773 2696 Deus

987 2716 1185 2749 lsrnel,ratum
1208 2715 1255 2742 liat
1270 2715 1384 2742 verbum
1401 2720 1491 2747 tuum,
1515 2715 1587 2750 quod
1614 2715 1721 2742 loeutus
1742 2723 1772 2741 es

987 2769 1067 2790 servo
1103 2767 1150 2789 tuo
1176 2761 1270 2789 David.
1289 2770 1298 2787 ι
1318 2762 1388 2795 Quid
1415 2761 1488 2788 enim
1518 2761 1591 2788 aliud
1624 2761 1769 2796 signiﬁcat,

190 2825 211 2840 ’λ
229 2825 350 2852 Ρεοι.εχε
362 2834 368 2853 ι
382 2823 455 2866 1,,78.
504 2824 527 2841 ’⁵
544 2824 612 2852 Psal.
627 2832 718 2858 nunt,
736 2824 775 2852 l6.
822 2825 842 2841 "
854 2809 923 2853 Psal.

998 2826 1022 2853 9.
1063 2825 1083 2841 ³⁷
1101 2808 1208 2861 lIl
1227 2823 1338 2859 v.u,26,
1350 2823 1393 2852 27.
1433 2823 1455 2838 ¹⁸
1467 2821 1582 2850 Barueh.
1600 2828 1640 2854 nt,
1655 2821 1699 2852 56,
1711 2819 1761 2846 58.
