1946 3081
153 110 207 144 413

640 113 794 143 CONTRA
813 113 1060 145 MAHOMETEM
1079 92 1269 146 APOLOGIA
1291 116 1314 146 i.

1722 114 1777 147 414

154 169 231 194 ἔσται
248 167 265 202 ἡ
284 170 413 202 τιμωρία.
423 166 503 194 Ἀλλὰ
517 167 564 194 καὶ
577 167 603 194 οι
617 168 775 201 παῖδες,καὶ
786 169 871 204 φίλοι,
887 169 935 196 καὶ

996 170 1100 197 )Iicium
1136 171 1274 202 subirent,
1302 170 1368 205 quin
1387 174 1458 198 utet
1479 170 1571 204 liberi,
1595 171 1674 199 amici
1690 177 1719 200 et
1729 180 1777 200 co-

157 215 180 240 οι
197 213 305 248 γνήσιοι
329 212 442 244 τούτων,
459 213 508 244 τὴν
525 213 609 248 αὐτὴν
633 214 710 247 δίκην
741 215 939 250 ὐποστήπνται

156 259 240 286 τῶνδε
261 259 299 294 μὴ
322 258 481 293 δυναμένων
507 258 585 286 τοῦτο
605 259 728 291 ποιῆσαι,
752 260 821 287 ἀλλὰ
841 260 940 295 μᾶλλον

158 304 336 338 κοπτομένων
360 305 407 331 καὶ
433 304 643 340 ὀλοφυρομένων
652 305 714 340 ⁸τὴν
731 305 838 332 ἑαυτῶν
855 306 937 339 ζωήν.

157 350 218 381 Πῶς
233 350 288 384 γὰρ
304 347 337 385 ἦν
366 349 479 376 δυνατὸν
496 350 653 384 ἐξαγγεῖλαι
665 351 763 381 αὖτοὺς
775 351 814 386 τῷ
836 350 942 386 βασιλεῖ

157 396 187 423 τό
201 405 231 423 τε
248 396 374 423 ἐνύπνιον
394 397 440 423 καὶ
455 396 504 431 τὴν
519 396 664 432 σύγκρισιν
693 397 788 429 αὑτοῦ,
807 397 845 432 μὴ
870 397 939 432 πρὸς

157 450 235 476 τερον
247 442 437 476 γνωρίσαντας
450 443 480 469 τὸ
490 443 619 470 ἐνύπνιον
633 443 710 477 παρὰ
722 443 770 469 τοῦ
786 443 918 478 βασιλέως
931 451 938 475 ;

163 485 193 512 ’0
210 486 312 519 Δανιὴλ
323 486 337 512 6
348 486 492 521 προφήτης
507 486 536 512 ἐν
556 488 588 520 τῇ
603 486 659 513 τῶν
675 485 853 513 Βαῦυλωνίων
864 487 942 522 χώρᾳ

142 529 333 565 ῗαῗχμάλωτος
359 530 454 566 ἀχθεὶς
480 531 510 564 ἐξ
537 531 716 567 Ἰερουσαλὴμ
733 531 804 565 μετὰ
821 532 869 558 καὶ
883 532 939 557 ἐτέ-

140 572 214 610 ἶρων
227 576 288 602 κατ’
302 576 384 602 αὑτὸν
395 576 441 602 τὸν
456 577 553 611 καιρὸν
578 576 723 609 Ἰουδαίων,
740 577 786 604 καὶ
801 577 940 611 γνωρίσας

143 613 192 651 Hi
210 622 412 657 προσταχθέντα
442 622 518 658 παρὰ
543 622 591 649 τοῦ
620 623 763 658 βασιλέως,
789 623 941 658 ἀπέρχεται

145 664 228 700 ’πρδς
259 667 360 702 ’Δριὼχ
389 669 508 703 ἄρχοντα
537 668 655 704 Πέρσην.
677 669 707 695 ὅν
735 669 903 704 κατέστησεν
928 669 942 696 6

160 712 284 748 βασιλεὺς
299 713 431 740 ἑπολέσαι
445 714 506 745 τοὺς
531 714 634 748 σοφοὺς
650 714 819 745 Βαϐυλῶνος,
839 714 883 741 διὰ
912 714 943 741 τὸ

161 758 200 794 μὴ
213 759 362 794 δυνηθῆναι
375 761 474 792 αὐτοὺς
490 761 580 796 εὑρεῖν
592 760 622 787 τὸ
635 761 771 790 ἐνύπνιον.
788 761 842 787 Καὶ
866 758 943 788 εἶπεν

160 804 245 839 αὐτῷ,
262 813 272 830 t
292 806 362 836 Τοὺς
376 805 474 840 σοφοὺς
486 806 642 837 Βαϐυλῶνος
657 805 694 841 μὴ
709 806 859 841 ἀπολέσῃς*
869 808 942 834 εἰσά-

992 217 1066 251 gnati
1083 216 1190 244 illorum
1201 216 1323 251 ejusdem
1338 223 1424 250 pinna:
1437 221 1529 244 essent
1544 223 1693 245 consortes.
1708 218 1778 245 Cum

991 268 1059 288 vero
1079 261 1117 288 illi
1133 260 1185 288 hoc
1199 268 1252 287 non
1269 264 1390 295 possent,
1404 260 1470 295 quin
1489 260 1580 295 potius
1602 261 1684 288 vitam
1699 269 1777 289 suam

993 307 1153 342 plangereot
1165 311 1194 334 et
1206 306 1392 340 deplorarem,
1404 307 1553 341 (quomodo
1565 307 1638 334 enim
1648 307 1778 342 possibile

993 357 1052 379 erat
1069 351 1124 386 regi
1141 356 1170 379 et
1184 352 1320 379 somnium
1336 356 1366 379 et
1384 351 1641 386 interpretationem
1658 353 1718 387 ejus
1731 360 1779 380 ex-

994 405 1104 433 ponere,
1118 398 1224 425 somnio
1237 405 1290 425 non
1299 402 1361 425 ante
1379 398 1505 432 audito?)
1532 398 1627 425 Daniel
1647 397 1779 432 propheta

994 443 1022 471 in
1039 444 1203 478 Babylonem
1220 443 1345 478 captivus
1358 444 1495 471 deductus
1506 451 1540 470 ex
1559 443 1709 471 Jerusalem
1724 451 1779 470 una

994 497 1056 517 cum
1070 490 1141 521 aliis.
1154 490 1200 524 qui
1226 494 1291 518 tunc
1307 490 1437 524 temporis
1454 497 1544 517 secum
1564 494 1651 519 erant.
1667 489 1778 522 Judmis,

994 544 1056 563 eum
1079 536 1151 570 regis
1168 536 1294 564 mandata
1315 536 1498 571 cognovisset,
1527 535 1657 562 convenit
1679 534 1779 561 Arioch

994 583 1139 611 Persarum
1149 581 1314 617 principem,
1333 589 1413 616 quem
1435 589 1481 608 rex
1504 581 1538 607 ad
1552 580 1722 615 perdendum
1738 587 1782 607 sa-

994 626 1101 661 pientes
1132 626 1323 658 constituerat,
1348 626 1421 661 quod
1450 625 1587 652 somnium
1616 625 1702 659 ipsius
1729 625 1779 652 de-

995 672 1165 707 prehendere
1177 680 1230 700 non
1247 672 1409 708 potuissent.
1421 671 1543 705 dixitque
1553 671 1584 697 ad
1598 671 1674 698 illum
1687 679 1695 697 :
1710 680 1719 696 ‹
1730 670 1778 698 Sa-

995 718 1102 752 pientes
1121 718 1267 754 Babylonis
1298 726 1332 746 ne
1355 717 1463 752 perdas.
1476 717 1541 751 quin
1567 717 1658 751 potius
1679 724 1721 744 me
1743 716 1778 743 ad

996 771 1086 799 regem
1109 763 1288 794 introducito,
1306 767 1334 790 et
1356 762 1487 789 visionem
1504 770 1556 788 una
1571 769 1633 788 cum
1647 761 1779 796 interpre-

997 809 1099 837 tatione
1119 810 1178 844 ejus
1195 810 1251 844 regi
1277 809 1438 836 edisseram.
1459 817 1469 834 ›
1498 807 1574 834 Tune
1589 807 1687 834 Arioch
1703 807 1779 834 festi-

159 857 229 884 γαγε
243 850 272 877 δι
289 850 323 885 μὲ
337 850 453 878 ἐνώπιον
468 851 515 878 τοῦ
534 852 676 886 βασιλέως,
690 853 737 879 καὶ
749 852 778 878 τὸ
794 853 883 887 ἴραμα
899 852 944 879 καὶ

997 859 1095 881 nanter
1110 854 1271 888 prophetam
1285 853 1317 879 ad
1336 861 1426 888 regem
1453 852 1570 879 induxit.
1588 852 1636 879 Cui
1654 852 1700 879 ille
1718 852 1756 878 ait
1771 861 1777 878 :

159 895 209 930 τὴν
216 897 310 922 τούτου
324 896 465 931 σύγκρισιν
477 897 531 932 ἐρῶ
543 897 581 931 τῷ
590 897 704 931 βασιλεῖ.
722 907 730 923 ι
742 897 808 924 Τότε
819 898 832 923 ὁ
847 896 947 932 Ἀριὼχ

161 941 261 976 σπουδῇ
271 941 374 977 μεγάλῃ
384 941 475 977 είσῆξε
483 943 528 969 τὴν
539 943 680 978 προφήτην
688 943 804 970 ἐνώπιον
812 943 858 970 τοῦ
869 943 946 977 βασι-

161 984 301 1016 λέως.Καὶ
312 986 325 1012 6
337 986 462 1020 βασιλεὺς
474 995 539 1021 φησι
552 988 620 1022 πρὸς
627 987 718 1019 αὑτὸν,
738 997 747 1013 ι
758 988 875 1014 Δύνασαί
889 997 945 1022 μοι,

162 1029 271 1063 Δανιὴλ,
285 1029 442 1064 ἐξαγγεῖλαι
454 1030 483 1057 τὸ
492 1031 617 1058 ἐνύπνιον
633 1032 700 1066 ὅπερ
709 1029 779 1057 εἶδον
793 1030 852 1058 κατ’
867 1032 945 1065 δναρ,

161 1075 207 1100 καὶ
234 1075 284 1110 τὴν
299 1075 443 1110 σύγκρισιν
463 1076 563 1109 αὐτοῦς
581 1086 591 1102 ›
609 1077 756 1111 Ἀπεκρίοη
768 1077 877 1112 Δανιὴλ,
890 1087 898 1103 ι
911 1077 946 1104 Τὸ

163 1118 323 1155 μυστήριον,
337 1119 359 1148 ὦ
376 1122 500 1157 βασιλεῦ,
517 1123 531 1148 6
546 1124 578 1150 σὺ
596 1124 747 1158 ἑπερωτᾷς,
762 1124 813 1150 οὐκ
832 1123 890 1150 ἔστι
902 1132 947 1150 σο-

164 1166 223 1200 ιιςῶν
252 1167 404 1202 ἀνθρώπων
422 1168 469 1194 καὶ
484 1168 590 1202 μάγων,
607 1169 653 1195 καὶ
670 1169 803 1196 ἐπαοιδῶν
829 1169 946 1204 δυναμέ-

163 1221 217 1238 νων
231 1213 384 1247 ἒεαγγείλαί
410 1222 466 1246 σοι,
495 1214 553 1241 ἀλλ’
572 1215 630 1241 ἐστι
659 1214 726 1241 Θεοῦ
754 1215 835 1249 μόνου
857 1215 904 1241 τοῦ
916 1215 945 1240 ἐν

163 1257 270 1292 οὐρανῷ
284 1258 525 1290 ἀποκαλύπτοντος
546 1259 695 1293 μυστήρια.
717 1258 747 1285 '0
760 1258 836 1289 Θεὸς,
850 1258 944 1292 φησὶν,

163 1300 301 1339 ἐγνώρισε
311 1303 350 1338 τῷ
376 1303 483 1339 βασιλεῖ
511 1303 757 1339 Ναυουχοεονόσορ,
786 1303 804 1330 ἃ.
832 1303 872 1330 δεῖ
899 1312 946 1336 γε·

164 1349 258 1376 νέσθαι
270 1349 315 1376 ἐπ’
328 1349 452 1384 ἐσχάτων
468 1350 521 1376 τῶν
531 1350 654 1385 ἡμερῶν.
669 1350 700 1376 Ol
714 1349 884 1384 διαλογισμοί
898 1358 944 1375 σου

163 1394 210 1422 Ini
227 1395 276 1429 τῆς
291 1394 385 1430 κοίτης
400 1403 448 1422 σου
465 1394 612 1429 ἀνέϐησαν,
629 1395 657 1422 τί
679 1395 719 1422 δεῖ
734 1395 862 1428 γενέσθαι
874 1395 945 1429 μετὰ

162 1439 261 1468 ταῦτα.
277 1440 325 1472 Σὺ,
342 1440 464 1475 βασιλεῦ,
485 1440 623 1475 ἐθεώρεις,
652 1442 698 1468 καὶ
716 1441 873 1468 ίδοὺ.είκὼν
896 1443 945 1477 μία

163 1486 281 1521 μεγάλη,
299 1487 346 1536 καὶ
360 1487 376 1521 ἡ
391 1486 524 1522 πρόσοψις
540 1487 626 1522 αὐτῆς
641 1487 810 1522 ὑπερφερὴς,
836 1488 942 1515 ἑστῶσα
958 1508 979 1536 c

163 1532 216 1566 πρὸ
232 1531 379 1567 προσώπου
407 1540 466 1565 σου,
485 1533 531 1559 καὶ
548 1533 564 1568 ἡ
593 1533 688 1569 ὅρασις
704 1532 790 1567 αὐτῆς
818 1534 924 1568 φοϐερά
935 1541 943 1549 ⁸

164 1576 256 1610 εικὼν,
281 1574 315 1613 ἧς
333 1578 350 1613 ἠ
365 1577 471 1612 κεφαλὴ
486 1577 598 1612 χρυσίου
624 1578 759 1613 καθαροῦ.
782 1578 816 1605 Αἱ
841 1579 941 1613 χεῖρες,

165 1623 211 1649 καὶ
227 1623 257 1650 τὸ
272 1623 389 1657 στῆθος,
407 1625 455 1651 καὶ
471 1625 495 1650 οί
509 1624 650 1659 βραχίονες
665 1624 749 1658 αὐτῆς
769 1624 895 1659 ἀργυροῖ.
913 1624 945 1650 'H

163 1667 253 1695 κοιλία
266 1668 314 1695 καὶ
325 1668 350 1695 et
366 1669 451 1703 μηροὶ
466 1668 583 1709 χαλκοῖς
597 1669 644 1696 καὶ
658 1668 690 1700 αξ
706 1669 807 1703 κνῆμαι
823 1668 944 1703 σιδηραῖ.

165 1713 197 1740 Ol
210 1713 290 1745 πὰδες
310 1714 394 1749 μέρος
409 1715 460 1750 μέν
481 1723 505 1741 τι
522 1714 659 1749 σιδηροῦν.
673 1714 755 1749 μέρος
769 1714 796 1740 δέ
809 1723 834 1740 τι
848 1714 946 1748 ὀστρά-

164 1767 224 1786 κου.
251 1759 405 1795 Ἕθεώρεις,
423 1759 545 1795 βασιλεῦ,
569 1760 619 1791 ἕως
633 1761 694 1786 ὅτου
710 1759 863 1793 ἀπεσχίσοη
879 1760 946 1788 ,ἀπὸ

164 1805 244 1840 ὅρους
260 1805 334 1837 λίϐος
357 1805 421 1832 ἄνευ
439 1805 550 1841 χειρῶν,
565 1805 612 1832 καὶ
637 1805 755 1837 ἐπάταξε
783 1806 832 1840 τὴν
854 1806 946 1832 εἰκόνα

165 1851 212 1878 ἐπὶ
227 1851 289 1880 τοὺς
305 1852 389 1884 πόδας
403 1852 467 1883 τοὺς
493 1852 619 1886 σιδηροῦς
632 1853 676 1878 καὶ
689 1851 874 1886 ὀστρακίνους,
900 1853 945 1878 καὶ

165 1897 314 1924 ἒλέπτυνεν
341 1898 438 1929 αὐτοὺς
469 1898 510 1929 είς
534 1898 621 1929 τέλος.
651 1898 717 1924 Τότε
741 1898 946 1932 nmmum

167 1943 286 1976 είσάπαξ
300 1944 314 1974 6
332 1943 450 1978 σίδηρος,
471 1943 502 1969 τὸ
515 1943 657 1979 ὄστρακον,
671 1944 685 1970 6
701 1943 812 1978 χαλκὸς,
831 1944 844 1969 6
861 1944 947 1977 ἄργυ-

168 1995 224 2021 ρος,
240 1987 254 2013 6
277 1987 389 2022 χρυσὸς,
412 1988 459 2014 καὶ
480 1987 604 2021 ἐγένοντο
628 1987 695 2013 ὡσεὶ
722 1987 861 2021 κονιορτὸς
893 1987 947 2014 ἀπὸ

165 2032 267 2064 ἅλωνος
293 2032 413 2068 θερινῆς.
441 2033 496 2060 Καὶ
513 2032 610 2067 ἐξῆρεν
626 2032 695 2058 αὐτὰ
726 2032 756 2058 τὸ
776 2032 878 2066 πλῆθος
898 2032 946 2058 τοῦ

167 2079 331 2112 πνεύματος,
349 2079 397 2105 καὶ
423 2079 478 2110 πᾶς
503 2078 584 2109 τόπος
612 2078 660 2113 οὐχ
677 2078 774 2113 εὑρέθη
796 2078 825 2104 ἐν
842 2079 946 2110 αὺτοῖς.

168 2123 220 2150 Καῖ
236 2125 250 2150 6
264 2123 338 2155 λίθος
354 2125 369 2150 6
387 2124 512 2156 πατάξας
524 2124 573 2159 τὴν
587 2124 679 2150 είκόνα
693 2124 803 2158 ἐγένετο
829 2124 869 2155 είς
884 2123 946 2158 ὅρος

1000 907 1010 925 ι
1030 898 1171 926 Poterisne
1197 898 1275 931 mihi,
1292 897 1397 930 Daniel,
1409 898 1545 932 explicare
1559 897 1694 924 somnium
1707 897 1779 931 quod

997 945 1136 972 dormiens
1151 944 1215 976 vidi,
1229 948 1256 971 et
1270 943 1522 977 interpretationem
1536 943 1616 977 ejus?
1633 952 1641 968 ι
1660 943 1781 976 ltespon-

996 989 1036 1016 dit
1054 989 1146 1017 Daniel
1162 997 1168 1017 :
1185 998 1194 1015 ι
1216 988 1414 1024 Mysterium,'o
1430 995 1488 1019 rex,
1502 988 1536 1014 de
1549 995 1603 1022 quo
1616 987 1778 1022 interrogas,

997 1036 1122 1063 homines
1135 1035 1283 1069 sapientes,
1300 1034 1404 1068 magifet
1416 1034 1600 1061 ineantatores
1616 1033 1779 1060 annuntiare

996 1089 1050 1108 non
1071 1085 1196 1116 possunt,
1211 1082 1257 1107 sed
1272 1080 1324 1107 hoc
1343 1080 1428 1107 solius
1443 1080 1489 1106 Dei
1504 1079 1623 1106 cmleslis
1637 1087 1705 1114 opus
1726 1084 1779 1111 est,

996 1127 1041 1162 qui
1058 1127 1188 1162 mysteria
1206 1126 1319 1154 revelat.
1337 1125 1408 1152 Dens
1427 1129 1521 1152 notum
1537 1124 1601 1151 fecit
1619 1124 1674 1159 regi
1691 1124 1781 1151 Nabu-

996 1172 1190 1203 chodonosori,
1214 1178 1338 1205 quasnam
1370 1170 1430 1198 ﬁeri
1456 1174 1582 1204 oporteat
1604 1170 1632 1196 in
1651 1170 1782 1196 extremis

996 1218 1104 1246 diebus.
1122 1217 1307 1252 Cogitationes
1324 1222 1376 1244 tua:
1385 1224 1469 1251 super
1481 1217 1582 1243 lectum
1595 1219 1671 1241 tuum
1687 1223 1784 1242 ascert—

995 1264 1104 1295 derunt,
1117 1262 1183 1298 quid
1202 1263 1323 1290 futurum
1336 1266 1407 1289 esset
1419 1266 1480 1296 post
1495 1261 1563 1288 haec.
1575 1261 1627 1293 Tu,
1641 1269 1699 1294 rex,
1709 1262 1784 1287 vide-

996 1310 1055 1342 bas,
1068 1315 1095 1337 et
1105 1317 1170 1337 ecce
1180 1309 1270 1343 imago
1281 1309 1404 1343 quzadam
1420 1315 1527 1343 magna,
1541 1312 1568 1335 et
1580 1311 1706 1342 aspectus
1723 1308 1784 1341 ejus

995 1356 1134 1383 excellens
1156 1355 1246 1382 stabat
1268 1361 1360 1381 coram
1392 1353 1461 1380 facie
1487 1357 1543 1385 tua,
1565 1357 1594 1379 et
1608 1352 1700 1378 vultus
1724 1347 1797 1386 ejus‘

995 1400 1145 1432 terribilis;
1161 1399 1249 1434 imago
1266 1398 1387 1432 inquam,
1402 1397 1481 1432 cujus
1495 1401 1577 1431 caput
1591 1401 1650 1423 erat
1667 1403 1699 1422 ex
1716 1403 1784 1422 auro

995 1455 1079 1482 puro;
1095 1453 1192 1472 manus
1206 1451 1272 1472 vero
1286 1448 1313 1470 et
1332 1449 1427 1477 pectus
1450 1450 1503 1469 una
1520 1449 1582 1469 cum
1600 1441 1720 1469 brachiis
1743 1442 1784 1476 ip-

995 1493 1053 1520 sius
1067 1495 1195 1526 argentea
1208 1498 1214 1523 ;
1230 1495 1326 1517 venter
1337 1496 1401 1516 vero
1411 1492 1438 1515 et
1456 1488 1558 1514 femora
1577 1495 1609 1514 ex
1622 1495 1692 1520 aere;
1711 1487 1784 1514 tibia:

996 1542 1086 1566 autem
1115 1537 1229 1568 ferrem;
1257 1539 1285 1562 et
1316 1534 1401 1569 pedes
1425 1534 1523 1568 partim
1555 1533 1666 1568 quidem
1688 1533 1781 1564 ferrei.

996 1584 1094 1619 partim
1114 1590 1181 1610 vero
1192 1580 1314 1608 testacei.
1332 1580 1460 1611 Videbas,
1475 1588 1491 1607 ο
1505 1587 1564 1611 rex,
1579 1579 1666 1606 donec
1679 1579 1784 1606 abscis-

996 1636 1044 1656 sus
1064 1633 1107 1656 est
1132 1635 1148 1655 ο
1173 1631 1266 1654 monte
1293 1626 1363 1660 lapis
1377 1625 1480 1660 absque
1501 1632 1630 1652 manuum
1645 1632 1739 1659 opera,
1754 1630 1783 1653 et

996 1674 1133 1709 percussit
1149 1672 1294 1706 imaginem
1313 1678 1397 1705 super
1413 1671 1494 1704 pedes
1507 1671 1567 1705 ejus
1584 1670 1688 1697 ferreos
1703 1674 1731 1697 et
1743 1673 1784 1696 te-

997 1725 1115 1750 staceos,
1135 1722 1164 1746 et
1182 1717 1295 1744 omnino
1308 1715 1474 1743 comminuit
1497 1722 1554 1744 eos.
1574 1715 1651 1743 Tunc
1674 1721 1785 1748 quoque

995 1764 1163 1792 comminuta
1175 1766 1238 1790 sunt
1249 1762 1360 1796 pariter,
1370 1761 1483 1794 ferrum,
1493 1765 1571 1793 testa,
1581 1767 1628 1793 ms,
1639 1764 1783 1794 argentum

996 1814 1023 1837 et
1034 1816 1145 1840 aurum,
1170 1813 1199 1835 et
1228 1807 1298 1834 facta
1321 1810 1388 1835 sunt
1421 1811 1549 1840 tanquam
1580 1805 1667 1840 pulvis
1693 1805 1782 1832 horrei

996 1855 1093 1886 aestivi,
1113 1858 1141 1881 et
1162 1853 1277 1881 abstulit
1296 1860 1328 1879 ea
1346 1856 1444 1880 ventus
1458 1851 1617 1883 vehemens,
1638 1859 1690 1878 nec
1708 1851 1788 1878 locus.

996 1900 1095 1935 aliquis
1108 1899 1135 1926 in
1151 1899 1195 1927 his
1211 1899 1339 1925 inventus
1350 1902 1402 1924 est.
1419 1897 1500 1932 Lapis
1515 1902 1606 1924 autem
1624 1896 1669 1937 qui
1691 1896 1786 1930 imagi-

997 1952 1059 1971 nem
1076 1944 1248 1976 comminuit,
1266 1943 1389 1971 excrevit
1409 1943 1436 1969 in
1461 1947 1580 1969 montem
1602 1949 1740 1976 magnum,
1758 1946 1786 1969 et

997 1990 1240 2025 implevitomnem
1253 1993 1364 2016 terram.
1386 1988 1443 2015 Hoc
1461 1992 1504 2015 est
1526 1988 1673 2018 somnium,
1695 1992 1722 2014 et
1744 1987 1787 2013 iu-

998 2034 1223 2070 lerpretationem
1243 2026 1322 2061 illius
1356 2041 1448 2060 coram
1478 2040 1541 2067 rege
1569 2032 1702 2059 dicemus.
1721 2031 1787 2071 I‘El

998 2084 1144 2114 postquam
1171 2079 1306 2114 propheta
1333 2086 1415 2113 regna
1443 2078 1534 2105 futura
1559 2077 1787 2110 cuumeravisset,

999 2134 1060 2160 qua:
1078 2134 1127 2161 per
1143 2132 1253 2157 aurum,
1270 2128 1425 2159 argentum,
1446 2131 1495 2156 es,
1516 2122 1619 2150 ferrum
1644 2127 1671 2149 et
1689 2126 1785 2148 testam

168 2170 248 2205 μέγα,
273 2170 327 2196 atad;
345 2170 488 2205 ἐπλήρωσε
512 2170 603 2196 πᾶσαν
619 2170 670 2204 τὴν
703 2170 765 2204 γῆν.
784 2169 869 2195 Τοῦτό
901 2178 944 2196 σου

1000 2171 1245 2202 adumbrabantur,
1261 2170 1301 2197 sic
1322 2169 1390 2196 dicit
1407 2168 1440 2195 ad
1460 2175 1573 2202 regem:
1601 2177 1609 2193 ι
1635 2167 1788 2194 Suscitabit

166 2214 300 2245 ἐνύπνιον,
317 2214 365 2240 καὶ
380 2214 429 2249 τὴν
438 2215 581 2248 σύγκρισιν
591 2213 675 2240 αὑτοῦ
697 2214 814 2249 ἐροῦμεν
825 2214 948 2249 ἔμπροσ-

167 2259 211 2286 θεν
224 2259 270 2286 τοῦ
281 2259 421 2294 βασιλέως.
437 2269 446 2285 ι
474 2260 528 2286 Καὶ
546 2260 615 2293 μετὰ
640 2259 669 2287 τὸ
696 2259 882 2295 ἐξηγήσασθαι
903 2259 948 2285 τὸν

168 2305 312 2340 προφήτην
326 2305 377 2336 τὰς
397 2304 537 2339 βασιλείας
559 2305 608 2336 τὰς
641 2305 791 2339 μελλούσας
810 2304 946 2339 γενέσθαι,

166 2350 196 2382 ἃς
210 2351 306 2386 ἐδήλου
322 2351 336 2378 ὃ
349 2359 378 2376 τε
393 2350 504 2385 χρυσὸς,
518 2352 531 2377 6
545 2351 676 2385 ἄργυρος,
691 2350 704 2376 6
721 2350 830 2385 χαλκὸς,
844 2350 858 2376 6
875 2351 948 2386 σίδη-

168 2397 277 2430 ρος,καὶ
287 2397 317 2422 τὶ
333 2395 546 2430 ὅττρακον,τὸτε
562 2396 634 2430 λέγει
652 2396 689 2430 τῷ
707 2396 822 2431 βασιλεῖ,
845 2405 853 2421 ι
866 2396 944 2423 Ἀνα-

169 2444 260 2475 ετῆσει
275 2444 289 2469 6
304 2442 371 2473 Θεὸς
384 2442 431 2468 τοῦ
446 2441 560 2476 οὐρανοῦ
585 2441 735 2476 βασιλείαν,
752 2442 813 2477 ἣτις
828 2442 868 2472 είς
883 2442 946 2473 τοὺς

168 2487 270 2519 αἰῶνας
296 2488 327 2514 οὐ
357 2487 588 2523 διαφθαρήσεται,
609 2487 657 2514 καὶ
684 2489 700 2523 ἡ
721 2487 843 2522 βασιλεία
863 2487 946 2514 αὐτοῦ

168 2532 224 2567 λαῷ
238 2533 325 2568 ἑτέρῳ
339 2533 389 2568 οὐχ
409 2533 651 2567 ὑπολειφθήσεται,
681 2533 729 2559 καὶ
743 2533 871 2560 λεπτυνεῖ
899 2533 946 2559 καὶ

167 2577 295 2613 λικμήσει
309 2579 397 2610 πάσας
421 2577 470 2610 τὰς
489 2577 636 2613 βασιλείας,
666 2578 715 2605 καὶ
741 2578 809 2613 αὑτὴ
826 2579 948 2613 ἀναστή-

168 2631 242 2648 σεται
255 2624 294 2654 εις
312 2624 375 2655 τοὺς
390 2623 502 2656 αἰῶνας,
519 2623 549 2649 ὃν
561 2623 661 2658 τρᾶπον
684 2621 766 2656 εἶδες,
783 2625 825 2651 ὄτι
842 2624 948 2659 ὲτμὴοη

168 2668 220 2695 ἀπὺ
233 2668 313 2703 ὅρους
327 2669 399 2701 λίθος
410 2669 474 2696 ἄνευ
487 2670 589 2704 χειρὸς,
607 2671 651 2696 καὶ
668 2669 797 2696 ὲλέπτυνε
811 2670 839 2696 τὸ
850 2669 949 2704 δστρα-

167 2722 215 2740 κον
258 2715 305 2741 καὶ
334 2715 378 2741 τὶν
408 2715 528 2749 σίδηρον,
561 2715 607 2741 τὸν
641 2716 750 2750 χαλκὸν,
782 2716 827 2742 τὸν
860 2716 947 2750 ἄργυ-

169 2767 226 2794 ρον,
240 2760 286 2786 τὸν
302 2760 412 2796 χρυσόν.
438 2760 466 2786 '0
476 2760 541 2792 Θεὸς
565 2761 579 2787 6
596 2761 681 2795 μέγας
702 2761 832 2796 ἐγνώρισε
848 2761 885 2796 τῷ
901 2761 946 2796 βα-

204 2818 226 2835 ³⁸
245 2817 311 2846 Dan.
327 2827 356 2852 u,
374 2819 385 2845 l
417 2825 496 2852 seqq.

1000 2215 1133 2242 Dominus
1156 2214 1217 2244 εαξΙί
1239 2220 1361 2248 regnum,
1385 2212 1459 2247 quod
1485 2213 1513 2240 in
1533 2212 1632 2239 saecula
1649 2219 1703 2238 non
1725 2219 1788 2238 cor-

999 2266 1153 2296 rumpetur,
1168 2264 1195 2288 et
1212 2267 1326 2295 regnum
1347 2258 1433 2294 ipsius
1448 2258 1526 2286 alteri
1550 2259 1650 2292 populo
1668 2265 1721 2284 non
1745 2265 1789 2284 re.

998 2307 1150 2342 linquetur,
1168 2305 1241 2340 quod
1253 2304 1423 2332 comminuet
1435 2309 1463 2331 et
1477 2303 1621 2331 ventilabit
1633 2302 1724 2340 omnia
1742 2309 1788 2328 re-

996 2361 1062 2389 gna,
1077 2353 1166 2387 ipsum
1183 2358 1248 2379 vero
1271 2350 1353 2378 stabit
1369 2350 1398 2377 in
1422 2349 1531 2377 saecula.
1551 2347 1790 2382 Quemadmodum

997 2398 1089 2427 vidisti
1107 2397 1179 2432 quod
1192 2396 1330 2424 abscissus
1341 2400 1382 2423 est
1395 2403 1410 2422 a
1423 2401 1518 2423 monte
1528 2395 1598 2429 lapis
1611 2394 1715 2428 absque
1729 2401 1788 2421 ma—

998 2445 1092 2476 nibus,
1109 2447 1138 2470 ct
1149 2441 1311 2470 comminuit
1326 2445 1423 2468 testam
1440 2445 1469 2468 et
1487 2440 1602 2471 ferrum.
1625 2448 1673 2472 aes,
1687 2446 1786 2474 argen-

999 2495 1056 2518 tum
1074 2494 1102 2516 et
1117 2496 1227 2516 aurum.
1238 2488 1310 2515 Deus
1321 2495 1434 2522 magnus
1443 2487 1573 2514 revelavit
1587 2486 1653 2521 regi,
1662 2491 1789 2520 quaenam

999 2539 1126 2570 oporteat
1138 2534 1197 2562 ﬁeri
1212 2537 1274 2568 post
1289 2533 1364 2566 haec;
1378 2537 1406 2560 et
1419 2540 1513 2560 verum
1525 2537 1567 2559 est
1585 2531 1733 2564 somnium,
1756 2530 1789 2556 ﬁ-

998 2581 1067 2608 delis
1082 2579 1166 2607 etiam
1181 2578 1369 2613 interpretatio
1381 2578 1450 2612 ejus.
1468 2587 1477 2604 ι
1493 2577 1570 2605 Tunc
1579 2585 1625 2605 rex
1635 2579 1787 2611 prostratus

999 2626 1025 2653 in
1039 2625 1149 2656 l'aciem,
1177 2623 1301 2650 adoravit
1320 2623 1470 2655 Dauielcm,
1491 2628 1518 2650 et
1537 2622 1624 2650 dixit:
1651 2631 1659 2648 ι
1680 2621 1786 2648 Revera

998 2671 1070 2698 Deus
1090 2674 1181 2697 vester
1205 2669 1277 2696 Deus
1295 2668 1408 2696 deorum
1422 2673 1472 2701 est,
1486 2673 1515 2695 et
1533 2667 1664 2704 Dominus
1679 2672 1782 2701 regum,

997 2719 1023 2742 et
1040 2713 1164 2751 revelatis
1177 2719 1273 2740 arcana
1285 2733 1292 2745 ,
1307 2712 1434 2747 quoniam
1451 2711 1561 2747 potuisti
1577 2710 1696 2739 revelare
1713 2708 1784 2738 mihi

997 2767 1127 2788 arcanum
1144 2759 1196 2786 hoc
1211 2759 1240 2785 "‘.
1265 2768 1275 2783 ι
