1946 3081
163 145 216 178 H7

647 143 800 173 CONTRA
823 142 1067 172 ΜΑΙΙΟΜΕΤΕΜ
1088 141 1279 172 APOLOGIA
1303 144 1326 173 I.

1729 147 1783 180 418

163 201 284 233 παιδίον,
311 200 454 236 προφήτης
477 199 607 230 Ὑψίστου
623 199 760 234 κληθήσῃ·
777 199 943 234 προπορεύσι

1007 197 1169 231 vocaberis;
1191 199 1301 233 prmihis
1327 199 1400 227 enim
1417 205 1480 228 ante
1505 201 1600 229 {aciem
1619 202 1736 236 Domini,
1750 204 1785 231 ad

163 249 220 282 γὰρ
237 246 292 281 πρὸ
313 245 462 281 προσώπου
486 245 588 280 Κυρίου
607 245 752 279 ιτοιμάσαι
764 244 840 275 ὁδοὺς
856 244 949 276 αὐτοῦ,

163 292 212 320 τοῦ
228 291 321 318 δοῦναι
336 292 438 324 γνῶσιν
451 291 589 326 σωτηρίας
604 291 644 325 τῷ
663 290 721 326 λαῷ
736 290 819 317 αὐτοῦ
831 291 861 316 ὲν
877 291 946 324 ἀφέ-

165 346 208 364 σει
241 337 386 372 ἁμαρτιῶν
408 337 513 369 αὐτῶν,
530 336 575 364 διὰ
599 337 741 371 σπλάγχνα
769 336 859 366 ἐλέους
882 335 950 362 Θεοῦ

165 382 251 417 ἡμῶν.
270 391 279 407 ι
298 382 408 412 Πάντως
424 381 438 406 6
453 381 499 407 τοῦ
510 381 646 416 Ζαχαρίου
661 381 716 412 uti;
724 381 848 416 Ἰωάννης
864 381 951 415 μέγας

164 428 308 462 προφήτης
336 426 505 461 εὑρίσκεται,
521 426 614 458 καθὼς
642 429 690 454 καὶ
715 428 815 459 πάντες
831 428 855 454 οί
872 427 948 454 Μου-

168 473 316 508 σουλμάνιι
328 472 518 506 ὁμολογοῦσιν.
536 473 569 499 Τί
585 473 611 499 δὲ
627 473 833 508 προεφήτευσεν
847 481 854 505 ;
868 473 949 500 ’Ἄλλο

163 519 240 545 οὐδὲν
266 519 444 553 ἀναφαίνεται
459 518 476 554 ή
495 519 562 554 περὶ
580 519 629 545 τοῦ
645 519 775 553 Χριστοῦ,
793 518 883 551 καθὼς
902 520 949 546 καὶ

164 566 342 600 προείπομεν.
363 565 430 592 Τίνα
453 565 483 592 δὲ
508 565 587 592 καλεῖ
602 567 616 592 6
634 566 773 601 Ζαχαρίας
790 566 923 600 Ὕψιστον
938 574 946 599 ;

163 611 216 638 Τὸν
232 611 360 646 Χριστόν.
375 611 442 646 Περὶ⁸
455 611 538 638 αὑτοῦ
551 612 598 638 καὶ
611 611 666 647 γὰρ
676 610 737 638 εἷπε
748 612 788 646 τὸ,
807 621 816 638 ε
838 613 949 648 Iliaeq-

163 663 213 691 της
235 656 364 691 Ὑψίστου
387 656 525 692 κληθήσῃ.
540 666 550 683 ι

201 705 250 734 ις’.
275 703 338 729 Ἔτι
374 703 510 738 Ἱερεμίας
528 704 543 730 6
559 704 704 739 προφήτης
724 704 824 731 οὑτωσί
852 713 944 740 φησιν,

166 755 176 772 ι
195 743 278 778 οὗτος
289 747 303 772 6
317 746 384 778 Θεὸς
404 746 485 781 ἡμῶν
497 755 504 762 ·
520 747 551 774 οὐ
566 747 758 783 λογισθήσεται
770 749 863 784 ἕτερος
879 749 947 784 πρὸς

162 793 253 820 αὐτόν.
275 792 387 828 *Εξεῦρε
407 793 498 819 πᾶσαν
524 793 584 820 666v
599 793 767 829 ἐπιστήμης,
781 795 830 821 καὶ
843 794 946 822 ἔδωκεν

162 838 245 874 αὐτὴν
269 837 367 865 Ἰακὼϐ
395 838 434 874 τῷ
459 838 536 866 παιδὶ
558 838 665 871 αὑτοῦ.
701 840 750 867 καὶ
778 840 886 875 Ἰσραὴλ
906 840 945 875 τῷ

162 883 331 920 ἠγαπημένῳ
345 884 392 910 ὑπ’
409 884 501 912 αὐτοῦ.
517 885 597 912 Μετὰ
612 885 641 912 δὲ
655 885 743 912 ταῦτα
759 886 807 913 ἐπὶ
821 887 870 921 τῆς
891 886 943 922 γῆς

162 929 252 965 ὤφθη,
267 931 314 957 καὶ
327 931 383 962 τοῖς
396 931 549 967 ἀνθρώποις
571 932 791 968 συνανεστράφη.
808 942 818 960 ι
831 932 904 968 Αὕτη
927 935 944 969 ὴ

163 976 254 1011 βίϐλος
269 975 325 1002 τῶν
346 977 566 1012 προσταγμάτων
581 977 629 1004 τοῦ
643 977 724 1005 Θεοῦ.
742 976 819 1010 Εἶδες
836 987 945 1015 προφη-

107 1027 118 1032 ‘
162 1022 237 1053 τείας
252 1022 415 1057 λαμπούσας
429 1023 501 1058 ὑπὲρ
515 1023 565 1050 τὸν
578 1024 670 1059 ήλιον;
693 1024 755 1051 Ὀτι
777 1024 828 1060 μιν
842 1025 943 1057 πάντες

162 1074 187 1095 ot
202 1069 343 1104 προφῆται
359 1069 404 1097 διὰ
421 1070 560 1106 διαφόρων
582 1070 681 1103 λέξεων
699 1070 821 1106 λέγουσι,
845 1072 946 1104 πάντες

161 1114 190 1141 δὲ
209 1114 401 1149 συμφωνοῦσιν
417 1117 459 1147 είς
478 1116 509 1143 τὸ
535 1116 620 1149 αὐτὸ,
648 1117 709 1143 ἐπεὶ
734 1118 749 1143 6
776 1117 858 1149 αὐτὸς
879 1117 947 1150 Sed;

162 1161 236 1187 ἐστιν
251 1162 264 1187 6
281 1160 370 1189 λαλῶν
382 1160 428 1188 διὰ
446 1161 582 1197 στόματος
596 1162 697 1196 αὐτῶν,
722 1163 801 1190 τοῦτο
822 1164 945 1192 τοιοῦτον

162 1206 212 1233 ενι.
233 1207 304 1234 Ἀλλ’
324 1207 399 1242 ὅμως
425 1207 464 1239 ὡς
482 1208 512 1234 ἐν
536 1207 645 1243 συνόψει
661 1206 739 1236 εἷπον
754 1209 808 1237 ὅτε
833 1209 946 1242 Ἡσαΐας

163 1254 210 1279 καὶ
230 1252 365 1289 Ἱερεμίας
377 1261 385 1270 ·
402 1255 416 1281 6
436 1253 486 1289 μέν
504 1262 546 1281 τοι
563 1254 678 1287 Ἦσατας
688 1252 784 1288 εἰπὼν,
800 1255 840 1282 δτι
856 1264 865 1281 ι
880 1256 947 1283 Παι-

161 1299 215 1326 δίον
224 1294 483 1336 ἐγεννήθηήμϊνκαὶ
492 1300 603 1336 ἔδῦθηῲ
612 1301 748 1336 ἐπήγαγε,
765 1310 775 1327 ‹
793 1301 858 1334 Θεὸς
872 1302 947 1338 ἰσχυ-

162 1346 219 1381 ρός·
233 1355 243 1371 ι
256 1345 306 1372 ὁδε
324 1345 461 1381 Ἱερεμίας
469 1345 556 1373 είπὼν
566 1367 574 1379 ,
584 1346 626 1373 ὅτι
638 1344 737 1379 «Οὗτος
751 1348 765 1374 6
778 1348 844 1380 Θεὸς
858 1349 946 1384 ήμὼνο

161 1391 192 1417 οὐ
206 1391 396 1425 λογισθήσεται
418 1391 512 1427 ἕτερος
535 1392 604 1427 πρὸς
617 1392 707 1425 αὑτὸν,
724 1401 733 1419 I
754 1393 841 1427 λέγει,
865 1404 875 1421 ε
887 1395 948 1426 Ἐπὶ

160 1436 210 1470 τῆς
226 1436 278 1470 γῆς
293 1435 383 1471 ὤφθη,
402 1437 450 1463 καὶ.
464 1438 520 1468 τοῖς
533 1437 687 1472 ἀνθρώποις
702 1440 921 1475 συνανεστράφη.
935 1449 944 1466 ι

161 1481 199 1509 οὐ
216 1481 296 1516 μόνον
309 1481 363 1517 γὰρ
378 1482 443 1517 περὶ
467 1482 515 1509 τοῦ
529 1482 649 1518 Χριστοῦ
675 1484 885 1520 προεφήτευσαν
901 1487 948 1512 καὶ

161 1525 238 1554 εἷπον
254 1527 279 1554 οί
296 1529 445 1563 προφῆται,
470 1528 538 1555 ἀλλὰ
562 1529 610 1556 καὶ
624 1529 689 1564 περὶ
704 1530 752 1566 τῆς
767 1531 848 1565 ἁγίας
861 1532 944 1559 αὑτοῦ
958 1532 981 1562 ϐ

161 1573 266 1610 μητρὸς
281 1576 329 1601 καὶ
346 1575 498 1610 Παρθένου,
524 1576 606 1603 ἅτινα
622 1576 668 1603 διὰ
685 1577 716 1604 τὸ
731 1577 836 1613 πλῆθος
851 1579 943 1613 είάθη-

161 1627 222 1645 σαν.
250 1619 305 1646 Καὶ
335 1619 389 1646 ἰδοὺ
414 1621 480 1654 περὶ
503 1621 558 1647 τῶν
570 1621 710 1649 ὀπτασιῶν
726 1622 779 1651 τῶν
794 1623 879 1658 ἁγίων
895 1624 943 1651 καὶ

159 1664 214 1690 τῶν
229 1665 408 1700 προφητικῶν
421 1666 528 1700 ῥήσεων
541 1666 641 1698 ίχανῶς
651 1667 815 1702 εἰρήκαμεν.
828 1669 942 1703 Ἴδωμεν

160 1711 192 1750 6t-
215 1712 262 1737 καὶ
287 1711 328 1742 είς
355 1710 386 1737 τὸ
410 1711 476 1746 ἑξῆς
500 1711 527 1738 τι
545 1711 670 1747 βούλεται
696 1713 787 1740 καὶτὸ
803 1714 879 1746 τέλος
892 1715 942 1741 αὖ·

158 1754 224 1772 των.

196 1791 238 1823 ιξ’.
256 1791 350 1823 Ὅπως
374 1792 515 1827 ἀπεστάλη
534 1793 564 1827 ἐξ
578 1793 696 1829 οὐρανοῦ
718 1794 841 1830 Γαόριήλ
862 1795 876 1822 6
892 1795 941 1831 ἀρ-

159 1834 292 1872 χάγγελος
317 1838 548 1873 εὐαγγελίσασθαι
570 1841 604 1875 τῇ
622 1840 688 1875 ἁγίᾳ
706 1840 834 1876 Παρθένῳ
847 1841 942 1877 Μαρίᾳ

160 1884 210 1919 τήν
225 1884 367 1919 σύλληψιν,
390 1886 438 1912 καὶ
465 1885 540 1916 ὅπως
569 1885 701 1912 συνέλαϐε
728 1886 775 1913 τον
801 1885 846 1913 τοῦ
873 1887 941 1914 Θεοῦ

159 1930 264 1964 Λόγον,
291 1930 339 1956 καὶ
358 1931 446 1966 χύμεῖς
480 1931 677 1966 ὁμολογοῦντες
703 1931 812 1966 λέγετε,
829 1932 880 1959 κᾶν
894 1934 941 1961 καὶ

159 1975 246 2008 ὔρθῶς
262 1975 300 2010 μὴ
315 1975 479 2010 φρονοῦντές
505 1976 568 2002 ιετε
597 1978 661 2012 περὶ
687 1977 798 2010 τούτου,
813 1978 941 2012 λέγοντες

158 2017 199 2043 ὅτι
227 2016 371 2052 ἄνθρωπον
399 2018 476 2052 ψιλὸν
501 2019 647 2054 ἐγέννησεν
671 2020 689 2055 ή
718 2020 866 2056 Παρθένος,
892 2023 940 2048 καὶ

160 2063 190 2088 oi
205 2061 281 2094 Θεὸν,
298 2061 510 2093 ἀκολουθοῦντες
523 2064 580 2095 τοῖς
595 2062 642 2090 τοῦ
649 2062 795 2098 Νεστορίου
811 2064 938 2100 δόγμασιο

161 2108 208 2133 καὶ
236 2108 277 2134 ὅτι
305 2108 450 2144 ἄνθρωπος
465 2108 514 2143 μὲν
528 2105 563 2143 ἦν
577 2110 592 2135 6
610 2109 739 2144 Χριστὸς,
755 2110 899 2145 ἄνθρωπος
911 2111 940 2137 δὲ

162 2153 196 2187 μέ
203 2161 248 2186 {ac
263 2153 311 2179 καὶ
327 2152 406 2187 ἅγιος
423 2154 470 2180 καὶ
486 2153 598 2188 ὑψηλὸς,
613 2152 669 2185 οἶος
687 2153 750 2180 οὔτε
765 2154 819 2189 πρὸ
833 2153 938 2182 ἑκείνου

1005 243 1157 278 parandum
1172 244 1229 271 vias
1249 245 1321 280 ejus,
1336 247 1369 272 ad
1385 246 1503 273 dandum
1521 247 1663 275 scientiam
1689 249 1787 277 salutis

1002 290 1105 324 populo
1127 289 1214 324 ipsius
1237 298 1286 324 per
1310 291 1499 318 remissionem
1523 298 1696 326 peccatorum
1713 295 1785 330 ejus,

1001 341 1051 368 per
1065 334 1171 361 viscera
1185 335 1381 362 misericordia:
1398 336 1443 362 Dei
1463 337 1548 363 nostri
1563 337 1607 364 "'.
1625 347 1634 363 ι
1654 337 1786 366 Joannem

1000 385 1075 407 certe
1095 379 1236 408 Zachariae
1265 381 1352 408 lilium
1375 389 1501 416 magnum
1525 382 1685 417 prophetam
1701 383 1787 411 fuisse

1000 431 1118 458 constat,
1133 427 1257 454 omnium
1274 435 1383 462 quoque
1405 427 1638 455 Musulmanorum
1664 429 1788 456 testimo-

1000 473 1058 499 nio.
1071 472 1141 505 Quid
1158 480 1223 499 vero
1241 472 1286 500 hic
1308 473 1502 508 prophetavit'!
1526 473 1598 500 Nihil
1612 473 1686 500 aliud
1705 482 1786 508 quam

998 517 1138 545 Christum
1151 518 1301 551 denotavit,
1317 518 1548 553 quemadmodum
1560 524 1641 553 supra
1655 520 1779 554 exposui-

998 571 1071 590 mus.
1084 562 1232 591 Zacharias
1247 571 1324 597 vero,
1347 572 1493 599 quemnam
1508 564 1679 592 Altissimum
1699 566 1787 593 nomi-

998 609 1066 636 nat?
1081 609 1219 636 Christum
1245 609 1360 637 scilicet.
1381 610 1418 638 De
1439 610 1484 637 illo
1508 611 1581 638 enim
1597 610 1650 639 hoc
1668 611 1784 644 dixerat,

1000 664 1010 680 ‹
1024 654 1157 689 Propheta
1172 654 1302 682 Altissimi
1317 655 1470 683 vocaberis.
1491 666 1501 682 ι

1034 699 1077 726 16.
1090 699 1175 727 Porro
1185 698 1329 727 Jeremiam
1341 701 1503 736 prophetam
1516 702 1555 730 sic
1569 702 1705 732 dicentem
1718 705 1784 740 legi-

996 751 1058 772 mus
1071 753 1078 772 :
1093 754 1102 771 ι
1119 744 1168 773 llic
1179 749 1219 772 est
1230 745 1301 773 Deus
1312 750 1414 779 noster,
1428 752 1455 774 et
1467 747 1536 774 alius
1547 748 1623 783 juxta
1640 749 1713 777 hunc
1728 758 1783 777 non

996 791 1178 826 reputabitur.
1191 791 1296 818 Invenit
1314 799 1424 819 omnem
1439 793 1510 819 viam
1521 794 1652 827 scientiae,
1665 799 1693 822 et.
1708 795 1784 823 dedit

995 842 1054 862 eam
1063 835 1147 863 Jacob
1155 843 1235 863 servo
1247 843 1307 870 suo,
1321 841 1350 865 et
1363 837 1455 865 Israeli
1466 838 1567 866 dilecto
1582 847 1643 869 suo.
1656 839 1717 868 Post
1727 840 1785 868 ha-c

995 887 1087 908 autem
1113 889 1198 917 super
1219 888 1320 910 terram
1345 883 1421 911 visus
1439 888 1491 917 est,
1506 889 1535 912 et
1551 892 1612 912 cum
1626 886 1784 914 hominibus

996 932 1177 956 conversatus
1190 932 1243 956 cst.
1255 938 1264 954 ι
1275 928 1324 957 Iiic
1337 934 1378 957 est
1390 929 1461 957 liber
1474 930 1664 959 mandatorum
1676 931 1733 959 Dei.
1743 933 1782 959 En

1000 973 1051 1000 tibi
1065 974 1175 1001 oracula
1200 974 1258 1002 sole
1284 975 1480 1009 splendidiora.
1495 975 1563 1004 Cum
1590 977 1664 1004 enim
1683 977 1782 1012 singuli

996 1017 1196 1053 prophetarum
1220 1018 1338 1047 diversis
1374 1024 1490 1048 utantur
1512 1020 1622 1048 dicendi
1646 1021 1782 1058 formulis,

996 1069 1092 1090 omnes
1107 1067 1197 1090 tamen
1213 1063 1240 1090 in
1253 1071 1338 1091 unum
1358 1065 1546 1099 consentiunt,
1558 1066 1782 1102 quandoquidem

996 1107 1069 1135 Deus
1081 1111 1135 1141 est,
1149 1108 1197 1142 qui
1227 1109 1284 1136 hac
1293 1113 1321 1135 et
1339 1109 1439 1137 similia
1461 1117 1510 1145 per
1523 1117 1555 1138 os
1571 1110 1692 1146 ipsorum
1709 1111 1781 1140 Iocu-

997 1157 1042 1181 tus
1069 1158 1122 1181 est.
1138 1152 1332 1181 Verumtamen
1362 1162 1412 1182 ceu
1443 1162 1477 1182 ex
1500 1156 1641 1184 communi
1666 1159 1782 1192 quadam

996 1199 1235 1234 contemplatione
1259 1200 1400 1229 vaticinati
1416 1206 1491 1234 sunt,
1507 1207 1535 1230 et
1563 1202 1646 1231 Isaias
1669 1204 1783 1232 ctJeie-

997 1245 1077 1272 mias.
1089 1245 1175 1273 Isaias
1187 1245 1300 1281 quidem
1314 1247 1342 1274 in
1356 1246 1431 1275 hunc
1445 1248 1557 1276 modum
1573 1258 1580 1277 :
1596 1258 1606 1275 ι
1622 1250 1691 1278 Puer
1702 1256 1783 1278 natus

999 1294 1044 1318 est
1058 1290 1149 1324 nobis,
1167 1296 1196 1319 et
1212 1291 1284 1319 Illius
1297 1291 1378 1320 datus
1391 1297 1433 1320 est
1444 1293 1542 1327 nobis;
1557 1303 1567 1320 ι
1583 1295 1683 1330 quibus
1695 1296 1782 1327 addit.

999 1345 1010 1362 ί
1028 1336 1100 1365 Deus
1115 1336 1205 1370 fortis,
1221 1346 1232 1364 ε
1246 1342 1300 1366 etc.
1309 1337 1443 1367 Jeremias
1454 1347 1519 1367 vero
1526 1340 1567 1368 sic
1576 1340 1669 1368 dicens
1684 1350 1692 1369 :
1709 1351 1718 1367 ε
1734 1341 1785 1369 llic

997 1387 1040 1427 est
1055 1382 1127 1410 Deus
1139 1387 1242 1416 noster,
1255 1391 1309 1412 non
1326 1385 1503 1420 reputabitur
1518 1386 1589 1414 alius
1604 1386 1680 1422 juxta
1698 1388 1782 1416 hum.

998 1425 1085 1462 super
1102 1432 1202 1455 terram
1225 1429 1301 1458 visus
1320 1435 1414 1463 esttet
1429 1439 1492 1459 cum
1503 1431 1659 1460 hominibus
1670 1440 1784 1460 conver-

986 1477 1073 1501 .salus
1099 1478 1152 1502 est.
1172 1484 1182 1501 ι
1204 1475 1264 1503 Non
1286 1476 1359 1503 enim
1382 1476 1417 1505 de
1440 1477 1498 1505 solo
1521 1477 1632 1506 Christo
1645 1479 1783 1506 vaticinati

998 1524 1062 1546 sunt
1073 1520 1223 1555 prophetae,
1235 1529 1332 1549 verum
1352 1523 1435 1550 etiam
1455 1523 1490 1551 de
1506 1529 1679 1552 sacrosancta
1708 1525 1783 1553 illius

996 1569 1094 1597 matre.
1109 1565 1221 1601 Virgine
1244 1567 1340 1600 Maria,
1354 1575 1415 1602 qua:
1439 1568 1549 1603 quidem
1573 1577 1647 1596 nunc
1671 1576 1782 1605 proptcr

997 1611 1110 1639 nimiam
1125 1611 1312 1647 prolixitatem
1339 1613 1510 1642 omittemus.
1526 1613 1560 1642 Et
1588 1614 1646 1642 hzec
1670 1615 1782 1650 quidem

996 1656 1032 1684 de
1046 1661 1203 1684 sanctorum
1230 1657 1446 1686 revelationibus
1469 1662 1497 1686 ct
1514 1659 1708 1694 prophetarum
1720 1667 1782 1687 ora-

995 1702 1065 1729 culis
1080 1701 1247 1730 suﬂicienter
1274 1703 1394 1730 diximus
1410 1712 1417 1731 :
1433 1711 1507 1731 nunc
1524 1712 1590 1732 vero
1605 1705 1668 1740 quis
1683 1705 1781 1734 horum

994 1748 1118 1776 omnium
1136 1748 1197 1776 ﬁnis
1212 1748 1259 1782 sit,
1275 1749 1492 1777 consideremus.

1029 1793 1074 1821 I7.
1089 1793 1167 1827 Quod
1193 1801 1259 1822 sane
1284 1795 1465 1831 archangelus
1475 1795 1584 1823 Gabriel
1597 1795 1705 1824 caelitus
1717 1797 1784 1824 mis-

994 1847 1044 1868 sus
1058 1839 1094 1867 sit
1106 1839 1176 1867 diva:
1189 1839 1289 1875 virgini
1304 1840 1395 1868 Mariae
1421 1840 1626 1876 conceptionem
1641 1842 1784 1870 nuntiatu-

993 1894 1052 1918 rus,
1067 1889 1096 1914 et
1110 1886 1184 1922 quod
1202 1886 1259 1914 haec
1274 1886 1332 1921 ipsa
1346 1887 1393 1914 Dei
1410 1887 1536 1915 Verbum
1553 1888 1721 1922 conceperit,
1733 1896 1782 1916 vos

995 1930 1046 1965 ipsi
1066 1930 1232 1958 aIIirmantes
1248 1931 1417 1958 conﬁtemini
1430 1931 1574 1966 :quamvis
1589 1931 1622 1958 de
1634 1931 1676 1958 his
1691 1931 1782 1959 minus

995 1978 1069 2001 recte
1084 1974 1223 2007 sentiatis.
1245 1981 1308 2002 cum
1335 1974 1429 2002 dicitis
1450 1974 1591 2007 nimirum,
1609 1975 1681 2009 quod
1699 1975 1782 2010 Virgo

993 2019 1137 2048 hominem
1162 2020 1265 2047 nudum
1294 2021 1444 2055 pepererit,
1462 2025 1490 2047 et
1505 2028 1560 2048 non
1576 2020 1660 2047 Deum
1684 2022 1781 2056 (seeu'i

994 2066 1068 2094 haud
1083 2065 1166 2094 dubie
1176 2065 1296 2094 Nestorii
1305 2065 1426 2102 dogma),
1436 2069 1464 2093 et
1473 2065 1546 2101 quod
1559 2065 1684 2094 Christus
1699 2065 1782 2094 homo

994 2119 1100 2143 tantum
1127 2115 1220 2148 fuerit.
1247 2115 1330 2142 homo
1355 2120 1447 2142 autem
1477 2123 1602 2151 magnus,
1627 2122 1738 2144 sanctus
1754 2122 1782 2144 et

992 2165 1138 2195 angustus,
1157 2168 1213 2196 quo
1234 2160 1356 2188 sanctior
1373 2165 1436 2188 ante
1460 2160 1535 2188 hunc
1560 2165 1641 2189 natus
1665 2169 1718 2188 non
1733 2162 1780 2193 sit,

160 2199 271 2232 ἐγένετο
296 2198 448 2234 ἁγιώτερος
463 2199 561 2233 αὐτοῦ,
584 2200 644 2227 οὐδὲ
664 2201 733 2235 μετὰ
745 2201 832 2228 ταῦτα
847 2202 943 2237 γεννή-

997 2213 1087 2240 neque
1112 2205 1279 2239 nasciturus,
1305 2206 1354 2233 sed
1380 2206 1456 2234 hunc
1481 2206 1604 2233 omnium
1638 2206 1780 2234 hominum

160 2252 246 2277 σεται,
263 2244 321 2271 ἀλλ’
337 2245 418 2276 αὑτός
443 2245 517 2272 ἐστιν
532 2246 547 2272 6
572 2245 680 2273 πάντων
695 2246 847 2282 ἀνθρώπων
859 2247 942 2282 ἁγιώ-

159 2298 246 2325 τερος.
277 2289 374 2325 ΊΙμεῖς
391 2289 420 2318 δὲ
445 2290 611 2326 πιστεύομεν
641 2291 688 2318 καὶ
717 2291 871 2327 φρονοῦμεν
894 2294 941 2319 καὶ

158 2335 284 2370 λέγομεν,
299 2337 340 2363 ὅτι
363 2336 445 2367 αὐτὸς
472 2337 487 2362 6
509 2337 626 2372 Χριστὸς
642 2338 725 2369 αὑτός
745 2339 819 2364 ἐστιν
837 2338 852 2364 6
877 2338 939 2370 Υίδς

158 2382 204 2408 τοῦ
224 2382 292 2409 Θεοῦ
314 2382 362 2409 τοῦ
380 2382 492 2415 ζῶντος,
508 2384 522 2409 6
545 2382 649 2418 ἀληθὴς
673 2383 749 2415 Θεὸς,
773 2385 787 2410 6
800 2384 940 2419 γεννηθεὶς

158 2429 190 2455 ὲκ
222 2428 270 2463 τῆς
297 2429 341 2455 ἀεὶ
359 2428 497 2464 παρθένου
527 2428 637 2464 Μαρίας
666 2430 730 2456 ἄνευ
763 2429 869 2465 ἀνδρὸς,
893 2431 940 2457 καὶ

160 2475 224 2507 Υἱὸς
242 2475 280 2502 ὢν
297 2475 343 2502 τοῦ
370 2475 452 2509 Θεοῦ,
476 2475 523 2502 καὶ
548 2475 615 2507 Θεὸς
645 2474 820 2511 προαιώνιος,
850 2475 940 2501 λαδὼν

160 2523 251 2557 σάρκα
269 2521 300 2554 ἐξ
317 2522 415 2557 αὐτῆς,
436 2521 484 2548 καὶ
506 2521 653 2556 γενόμενος
670 2521 825 2556 ἄνθρωπος,
844 2521 874 2547 ὃν
892 2521 941 2547 καὶ

159 2565 323 2600 πιστεύομεν
339 2564 411 2592 εἶναι
436 2566 503 2592 Θεὸν
523 2574 553 2592 τε
572 2565 621 2592 καὶ
638 2565 796 2600 ἄνθρωπον.
816 2566 941 2598 Παρελὰ-

158 2613 242 2648 ευμεν
259 2612 288 2640 δι
312 2612 394 2640 τοῦτο
410 2614 458 2640 καὶ
478 2613 659 2649 ἐδιδάχθημεν
680 2614 734 2642 ἀπό
759 2622 788 2641 τε
811 2613 858 2640 τοῦ
876 2622 941 2650 προ-

159 2660 244 2694 φήτου
259 2660 411 2693 Μωῦσὲως,
432 2659 481 2687 τοῦ
502 2661 594 2694 Δασὶδ,
612 2661 659 2687 καὶ
675 2661 785 2688 πάντων
799 2661 853 2688 τῶν
871 2670 940 2696 προ-

158 2707 251 2742 φητῶν
268 2706 323 2733 τῶν
344 2707 496 2741 γεγονότων
508 2707 563 2733 ἀπό
580 2715 609 2734 τε
625 2708 672 2734 τοῦ
686 2708 825 2739 Μωῦσέως
844 2709 940 2743 μέχρις

159 2752 192 2779 ἂν
206 2752 272 2788 ἔλθῃ
284 2753 298 2778 6
313 2753 442 2787 Χριστὸς,
455 2753 470 2779 6
485 2752 550 2780 παρ’
563 2752 674 2795 ἐκείνων
689 2754 936 2789 προφητευύμενος.

196 2843 230 2857 η’
245 2841 312 2869 Luc.
329 2849 347 2876 I,
364 2841 455 2869 76.78.

994 2259 1056 2279 esse
1071 2251 1288 2279 sanctissimum.
1313 2250 1458 2279 Nos‘vero
1484 2251 1633 2284 credimus,
1648 2253 1781 2291 sentimus

993 2302 1021 2325 et
1033 2297 1162 2329 fatemur,
1174 2297 1247 2332 quod
1258 2297 1317 2332 ipse
1335 2297 1471 2330 Christus,
1496 2297 1541 2324 ille
1557 2297 1640 2330 idem,
1655 2298 1779 2332 inquam,

995 2343 1081 2371 Filius
1098 2343 1134 2371 sit
1151 2343 1198 2371 Dei
1224 2343 1352 2375 viventis,
1378 2343 1451 2371 Deus
1473 2350 1565 2374 verus,
1579 2343 1625 2378 qui
1640 2347 1720 2371 natus
1737 2348 1780 2371 est

993 2396 1027 2416 ex
1038 2388 1120 2416 Maria
1129 2389 1232 2424 virgine
1246 2389 1305 2417 sine
1315 2389 1366 2416 viri
1376 2396 1536 2424 congressu,
1551 2388 1645 2420 Filius,
1657 2389 1778 2423 inquam,

993 2435 1042 2462 Dei
1074 2434 1109 2461 sit
1138 2439 1165 2461 et
1196 2435 1268 2462 Deus
1297 2434 1331 2461 ab
1356 2439 1469 2468 interno,
1485 2434 1531 2469 qui
1545 2441 1654 2462 carnem
1675 2441 1708 2461 ex
1722 2433 1740 2468 ἰ,
1751 2441 1779 2461 sa

993 2481 1182 2515 assmnpserit,
1207 2485 1236 2507 ct
1260 2480 1342 2507 homo
1367 2480 1456 2508 factus
1479 2480 1526 2513 sit,
1555 2487 1637 2515 quem
1655 2479 1737 2507 simul
1752 2483 1778 2506 et

995 2527 1080 2554 Deum
1097 2532 1125 2554 et
1148 2527 1287 2555 hominem
1311 2533 1372 2555 esse
1395 2526 1542 2554 credimus.
1570 2526 1633 2554 Haec
1651 2534 1716 2554 vero
1729 2525 1778 2554 dc-

993 2572 1164 2608 sumpsiums
1189 2581 1205 2601 a
1226 2573 1360 2609 propheta
1381 2572 1467 2605 llose,
1481 2572 1592 2606 Davide,
1607 2577 1636 2600 et
1650 2573 1779 2601 omnibul

997 2617 1067 2649 aliis,
1084 2619 1129 2653 qui
1152 2622 1212 2653 post
1230 2618 1333 2647 )Ioscm
1349 2625 1434 2653 usque
1446 2617 1479 2645 ad
1491 2617 1604 2650 Christi,
1615 2617 1661 2652 qui
1675 2617 1709 2644 ab
1725 2617 1779 2645 illis

994 2664 1142 2699 prmdietus
1160 2664 1222 2696 I'nit,
1243 2663 1392 2692 adventum
1407 2663 1575 2696 ﬂoruerunt;
1591 2662 1646 2690 imo
1659 2663 1692 2690 ab
1712 2661 1778 2698 ipsis

993 2709 1075 2736 etiam
1100 2709 1212 2740 sanctis,
1225 2708 1272 2743 qui
1289 2713 1352 2736 ante
1371 2708 1454 2736 Musis
1473 2713 1594 2743 tempora
1606 2707 1725 2736 visiones
1734 2707 1777 2734 vi-

993 2754 1110 2788 derunt;
1134 2757 1267 2789 praetcrea
1295 2753 1329 2781 ab
1345 2753 1404 2789 ipso
1427 2753 1507 2781 etiam
1522 2753 1644 2785 Christo,
1657 2757 1684 2780 et
1701 2751 1776 2782 illius
