1946 3081
200 117 252 148 427

199 181 312 201 oremus
336 174 363 201 in
389 174 449 202 loco
471 174 517 202 ubi
542 166 676 202 steterunt
701 175 783 210 pedes
808 177 893 211 ejus.»
920 176 981 204 ll:ec
998 181 1017 208 Α

200 221 294 251 verba,
315 220 467 248 «intremus
483 222 510 247 in
527 221 702 248 tabernacula
722 222 833 256 ipsius,»
850 227 976 257 tanquam

197 266 231 293 de
248 267 417 299 contemptis
436 271 462 293 et
479 266 554 293 nullo
573 267 662 301 pretio
679 267 780 294 habitis
793 268 872 294 dixit.
893 269 977 294 Serua

199 312 272 337 enim
294 311 334 337 vel
360 311 568 338 tabernaculum
585 313 695 344 dicitur,
714 318 837 340 recenter
850 319 977 340 exstrue-

201 362 257 381 ttnn
273 359 299 382 et
313 356 384 390 quod
402 356 493 382 statim
516 356 683 391 refrangitur
707 357 885 383 domicilium.
902 365 910 382 ι
926 357 978 383 Ad-

198 408 310 427 oremus
334 401 423 427 locum
450 401 496 427 ubi
517 405 655 428 seterunt
673 402 755 435 pedes
774 402 884 436 ipsius.)
908 402 976 433 Ouid

198 453 268 479 opus
283 449 325 471 est
342 453 385 472 me
402 445 486 472 multa
502 445 536 472 de
554 446 595 472 his
614 446 725 472 dicere?
740 438 810 478 Quin
834 447 924 480 potius
941 452 978 474 te-

197 491 287 524 ipsum
316 491 350 518 (le
374 491 415 518 his
437 491 554 525 appello.
572 491 696 526 Magnum
721 493 795 519 enim
821 493 895 519 illum
912 501 977 527 pro-

195 539 307 572 phetam
323 542 350 564 et
364 546 466 572 regem.
480 538 525 571 qui
543 537 590 564 Dei
606 546 716 572 quoque
730 539 887 566 testimonio
902 547 976 566 cont-

196 584 320 611 mendari
338 584 438 618 dignus
454 584 506 610 fuit
520 585 572 618 (sic
587 584 660 610 enim
684 585 718 611 de
733 585 778 611 illo
793 581 867 612 Deus
886 585 976 620 loqui-

196 634 252 660 tur,
280 629 386 656 «Inveni
405 629 500 659 David.
519 639 528 655 ›
550 629 627 663 ete.).
653 637 798 663 quemnam
819 630 975 658 adoravisse

195 675 339 702 dici-mus?
365 676 405 702 An
431 675 507 701 illum
533 676 723 702 tantummodo
747 676 792 710 qui
820 677 976 704 nasciturus

195 720 274 746 erat?
292 720 338 747 sed
363 725 391 747 et
414 721 504 746 locum
528 720 554 746 in
573 728 626 754 quo
641 725 771 747 steterant
791 721 874 755 pedes
891 721 974 752 illius,

196 772 324 800 tanquam
341 766 479 793 hominem
496 767 576 793 nobis
588 767 718 793 omnibus
734 767 923 794 tantummodo
940 768 976 794 si—

196 813 310 839 milem?
331 812 400 845 Quis
423 819 487 839 vero
504 817 556 839 tam
572 813 709 846 stupidus.
732 813 786 839 imo
808 817 861 839 tam
878 813 975 840 deser-

195 863 239 884 tus
259 865 274 884 a
296 858 361 889 Deo,
388 862 419 884 ut
435 857 487 884 hoc
510 858 552 884 vel
578 857 603 884 in
626 858 747 884 animum
765 858 906 885 admittat?
923 858 974 885 Sed
992 852 1011 878 Β

193 903 426 936 quemadmodum
448 903 474 929 in
497 903 688 937 superioribus
704 903 776 930 hunc
799 904 926 930 cutndem
949 908 977 930 et

195 949 333 974 hominem
349 956 410 975 esse
431 948 631 982 comprobavit.
659 949 696 975 ita
720 956 793 975 nunc
816 956 924 983 quoque
948 948 975 974 in

192 992 245 1018 loci
262 993 496 1027 contemplatione
512 991 592 1019 illum
609 993 700 1020 facere
719 993 856 1025 videmus,
877 994 903 1020 in
921 1001 976 1027 quo

193 1042 254 1063 c’tnu
273 1036 376 1064 inaunc
387 1037 520 1072 propheta
534 1037 646 1064 omnino
662 1038 812 1072 consensit,
836 1046 897 1065 cum
916 1038 976 1072 qui-

193 1084 254 1110 deni
274 1084 358 1110 David
379 1084 456 1117 dicit,
481 1093 490 1109 ι
519 1084 635 1111 Adorate
653 1085 744 1111 locum
767 1085 815 1111 ubi
837 1089 975 1112 steterunt

194 1129 278 1163 pedes
295 1129 373 1163 ejus;
388 1138 396 1154 ι
413 1130 460 1156 ille
470 1136 546 1160 vero,
563 1129 635 1156 «Non
647 1138 707 1156 sum
719 1130 818 1164 dignus
828 1134 857 1156 ut
868 1135 973 1165 portetn

192 1175 378 1201 ealeeamenta
387 1175 472 1205 illius,
483 1175 528 1208 qui
539 1175 600 1209 post
608 1182 650 1201 me
659 1179 790 1201 venturus
800 1174 875 1203 est“.
883 1185 892 1200 )
901 1175 974 1203 Jam—

192 1227 226 1246 ιιο
242 1219 372 1253 intelligis
387 1224 415 1245 ut
436 1224 493 1246 tttm
509 1220 535 1246 in
552 1219 657 1254 magnis
671 1228 750 1254 quam
768 1220 796 1247 in
811 1221 903 1255 parvis
916 1229 974 1248 om-

192 1273 240 1291 nes
266 1265 404 1298 prophetae
420 1265 603 1297 consentiant,
628 1265 716 1299 ipsum
739 1266 854 1293 adorent
877 1271 904 1294 ct
924 1273 973 1294 ce-

190 1311 370 1338 lebrent?nec
380 1310 525 1344 quisquam
543 1311 738 1345 prophetarum
751 1316 802 1342 est,
819 1313 865 1346 qui
879 1313 924 1339 ubi
938 1313 972 1340 de

190 1357 300 1383 Christo
316 1357 460 1382 vaticinari
472 1360 499 1382 et
514 1355 596 1382 verba
615 1355 704 1382 facere
717 1358 841 1391 coeperit,
854 1357 973 1392 scipsum

191 1411 246 1429 non
259 1410 383 1436 parvumI
407 1406 592 1436 contemptum
612 1405 638 1428 et
654 1403 755 1428 nullius
767 1403 844 1436 pretii
859 1403 972 1438 dignum

193 1456 253 1475 esse
262 1449 433 1474 conﬁteatur:
444 1447 515 1481 quod
525 1447 606 1473 ctiatn
615 1447 647 1474 de
654 1447 790 1474 Abraham
797 1448 971 1483 legimus,qui

190 1494 311 1528 seipsum
325 1498 426 1519 terram
437 1491 585 1526 appellavit
593 1496 621 1519 et
631 1492 762 1519 cinerem.
778 1491 969 1520 Verumtamen
984 1508 1006 1536 α

189 1549 243 1566 non
268 1539 394 1566 lllichaeas
418 1538 500 1564 modo
514 1542 542 1564 et
563 1538 646 1564 David
670 1538 703 1564 de
718 1538 857 1565 Bethleem
881 1539 969 1565 locuti

190 1589 264 1616 sunt,
290 1584 336 1611 sed
358 1584 439 1611 etiam
462 1583 555 1617 plures
570 1583 627 1614 alii,
649 1590 719 1617 quos
735 1584 868 1615 volentes,
895 1588 923 1610 ut
943 1584 969 1610 in

190 1631 252 1657 aliis
271 1630 375 1661 multis,
400 1629 552 1656 omittimus
563 1633 674 1663 propter
689 1628 802 1655 nimiam
826 1629 970 1663 scripturae

188 1676 304 1711 copiam.
316 1675 368 1702 Sed
379 1674 548 1702 redeundum
557 1674 590 1700 ad
600 1673 748 1708 Magorum,
761 1673 832 1700 unde
839 1681 920 1708 supra
929 1674 970 1701 di-

188 1721 276 1756 gressi
292 1729 398 1751 sumus.
416 1719 571 1746 historiam.
593 1719 671 1745 Tune
685 1719 808 1745 Herodes
823 1724 968 1753 postquam

187 1767 326 1801 cognovit,
350 1765 424 1800 quod
447 1766 473 1792 in
494 1765 632 1792 Bethleem
657 1769 819 1790 nasceretur
842 1763 968 1790 Christus

187 1814 252 1848 (hoc
266 1813 338 1839 enim
350 1820 382 1838 ex
393 1811 535 1846 prophetis
551 1809 696 1844 pontiﬁces
711 1813 738 1836 et
753 1809 850 1836 scribae
866 1816 966 1843 cogno-

185 1857 384 1892 verant),elam
401 1855 542 1882 accersitis
556 1854 640 1888 Magis
656 1854 803 1888 praecepit:
824 1863 832 1878 ι
848 1854 967 1885 Profecti

186 1905 263 1931 illuc.
285 1908 413 1929 accurate
431 1901 561 1935 inquirite
578 1899 611 1925 de
624 1907 729 1932 puero;
747 1899 794 1925 ubi
810 1906 874 1925 vero
890 1899 967 1926 illum

188 1949 361 1980 inveneritis,
387 1948 542 1974 renuntiate
561 1950 589 1972 et
615 1945 693 1976 mihi,
712 1949 742 1970 ut.
753 1951 803 1978 ego
819 1944 926 1971 veniam
939 1949 968 1972 et

184 1994 298 2020 adorem
316 1991 446 2018 iltum".i
468 1990 528 2016 llzec
544 1993 633 2015 autem
647 1987 739 2014 animo
754 1986 824 2013 dixit
842 1986 966 2013 mendaci

185 2045 213 2066 et
233 2038 362 2065 subdolo.
378 2037 447 2064 Cum
465 2035 536 2062 enim
552 2040 641 2068 regem
659 2033 828 2059 nasciturum
844 2033 964 2064 audiret,

185 2085 231 2119 qui
253 2084 455 2118 gubernaturus
477 2085 550 2107 esset
569 2079 705 2111 lsraelem,
723 2078 862 2105 Christum
885 2078 964 2105 talenti

186 2138 276 2164 regem
295 2129 354 2154 fore
374 2127 489 2162 putavit,
514 2125 610 2159 quales
627 2124 705 2150 multi
721 2127 796 2154 sunt,
813 2123 892 2158 cujus
907 2130 966 2158 reg-

185 2183 249 2202 num
264 2174 413 2208 temporale
429 2176 501 2199 esset
517 2177 544 2198 et
557 2176 707 2198 terrenum.
722 2169 755 2197 Et
770 2178 831 2197 cum
846 2169 873 2196 in
886 2168 964 2195 Beth-
980 2168 1001 2195 Ι)

185 2223 253 2248 leem
267 2218 488 2254 quidemChristi
503 2216 607 2243 natales
619 2216 677 2242 lore
688 2216 861 2250 intelligeret,
874 2215 962 2241 locum

183 2277 248 2295 vero
266 2268 340 2294 illius
356 2271 461 2293 certum
480 2269 507 2292 et
530 2263 741 2290 detertninatum
758 2256 905 2296 ignoraret,
926 2261 964 2286 in-

183 2314 257 2340 vidia
277 2317 376 2343 motus,
392 2316 419 2338 ct
433 2309 546 2337 infantis
561 2309 661 2335 caedem
675 2309 730 2342 jam
745 2312 808 2334 ante
825 2304 964 2341 prtemedi~

183 2365 266 2392 tatus,
281 2359 338 2385 haec
353 2351 523 2384 εἱιιηιιέιιοκθι
548 2355 611 2382 licte
627 2354 710 2388 Magis
726 2353 806 2380 dicit:
824 2363 832 2377 1
851 2353 962 2379 Renun-

184 2406 248 2430 tiate
264 2403 344 2435 mihi,
359 2405 389 2428 ut
404 2405 431 2427 et
445 2407 495 2434 ego
512 2398 619 2426 veniam
632 2402 659 2424 et
671 2398 783 2424 adorem
801 2397 888 2423 illum.
903 2405 911 2421 ι
929 2395 962 2422 ΙΙί

182 2458 247 2476 vero
256 2448 348 2475 audito
359 2454 420 2480 rege
430 2440 543 2480 profecti
556 2449 629 2470 sunt.
644 2442 691 2469 «Et
701 2449 764 2468 ecce
777 2441 864 2472 stella,
877 2449 958 2475 quam

182 2494 308 2520 viderant
329 2493 356 2518 in
373 2491 493 2521 Oriente,
510 2489 680 2523 praecedebat
696 2488 767 2518 illos,
791 2489 879 2514 donec
893 2494 959 2521 pro-

182 2546 274 2573 grtssa
289 2541 374 2564 staret
389 2543 470 2569 supra
485 2536 574 2561 lorum
591 2534 617 2559 in
633 2541 688 2567 quo
701 2537 759 2559 erat
773 2531 874 2566 puer“.
895 2541 904 2557 ι
917 2530 956 2557 Tu

181 2592 258 2616 vero,
274 2589 335 2609 cum
353 2581 442 2615 Magos
459 2580 562 2606 dixisse
583 2578 678 2604 audis:
697 2577 836 2604 «Vidimus
851 2576 957 2606 stellam

183 2630 268 2664 ipsius
294 2628 320 2655 in
346 2626 488 2657 Oriente,»
520 2631 688 2658 nequaquam
715 2628 793 2656 putes
821 2622 958 2649 Christum

181 2680 292 2709 propter
315 2674 368 2700 hoc
386 2671 500 2705 reliquis
517 2670 645 2697 omnibus
668 2668 785 2695 similem
811 2672 838 2694 et
855 2667 959 2694 nudum

181 2722 321 2748 honinem
344 2726 415 2746 esse.
433 2717 484 2751 Qui
509 2717 582 2744 enim
601 2717 674 2743 circa
700 2715 841 2742 stellarum
868 2720 960 2740 motus

217 2813 236 2828 "
253 2812 330 2840 Joaa.
345 2817 363 2843 1,
380 2809 425 2836 27.
464 2809 485 2824 ⁸²
506 2807 599 2834 Matth.
617 2815 645 2840 ll,
663 2806 690 2834 8.
728 2805 749 2822 ’⁵³
776 2805 841 2832 ibid.
867 2805 894 2832 9.

785 119 945 151 JOANNIS
967 118 1232 163 CA‘L‘jTACUZENI

1026 164 1067 203 ’τὶ
1084 177 1249 212 σκηνώματα
1260 176 1353 209 αὑτοῦ,
1369 176 1600 212 προσκυνήσωμεν
1612 176 1650 208 εἰς
1665 176 1709 203 τὸν
1720 177 1814 204 τόπον»

1759 121 1813 153 5°28

1031 222 1060 250 οὗ
1073 223 1189 258 ἔστησαν
1201 223 1226 249 οί
1238 223 1317 254 πόδες
1328 222 1418 248 αὑτοῦ.
1434 231 1442 247 ι
1457 222 1502 254 Τὸ,
1517 231 1526 247 ι
1541 221 1764 256 Είσελευσὼμεθα
1775 225 1814 256 εἰς

1028 270 1063 295 τὰ
1090 269 1256 303 σκηνώματα
1280 269 1374 300 arb-.03,
1397 278 1406 294 ι
1422 269 1458 299 ὡς
1486 269 1582 302 εὺτελῆ
1598 269 1644 294 καὶ
1661 268 1700 303 μὴ
1717 269 1814 303 ἔχοντα

1028 314 1158 349 ψήφισμά
1169 324 1207 346 τι,
1224 312 1296 341 εἷπε.
1314 314 1404 349 Σκηνὴ
1419 315 1472 348 γὰρ
1486 314 1595 348 λέγεται
1605 313 1636 340 τὸ
1648 315 1814 349 προσφάτως

1027 360 1183 393 γενόμενον,
1194 360 1239 384 καὶ
1249 359 1307 392 μετ’
1316 358 1404 392 ὀλίγον
1414 359 1542 393 λυόμενον
1550 359 1609 394 εἴκη
1615 367 1660 392 μα.
1675 367 1684 383 ι
1696 359 1816 392 Προσκυ-

1028 404 1156 438 νήσωμεν
1169 404 1209 434 είς
1222 403 1267 430 τὸν
1279 403 1370 435 τόπον,
1382 400 1412 429 οὗ
1428 404 1545 438 ἔστησαν
1560 404 1584 429 ol
1598 406 1673 435 πόδες
1691 404 1785 430 αὑτοῦ.
1801 413 1811 430 ι

1027 449 1074 480 Τίς
1095 450 1154 476 ἐστι
1169 449 1258 484 χρεία,
1276 450 1318 476 ἵνα
1334 450 1399 484 περὶ
1421 450 1515 476 τούτου
1529 450 1584 483 ὲρῶ
1608 450 1680 484 ἒγώς
1703 450 1813 485 Ἐρωτώ

1026 493 1054 520 δέ
1076 502 1117 526 σε,
1134 495 1147 520 ὁ
1167 497 1323 529 προφήτης.
1347 496 1360 520 6
1379 495 1465 528 μέγας
1480 495 1615 529 βασιλεὺς,
1633 497 1646 521 6
1668 496 1743 530 παρὰ
1764 496 1813 521 τοῦ

1027 540 1095 566 ε)εοῦ
1116 541 1313 575 μαρτυρηοεὶς,
1330 540 1400 567 οὕτω
1425 541 1479 575 γὰρ
1498 542 1562 575 περὶ
1576 541 1658 567 αὑτοῦ
1676 542 1786 576 εἴρηκεν
1799 543 1814 568 ὸ

1027 585 1104 617 Θεὸς,
1118 593 1127 610 ι
1139 582 1224 619 Εὗρον
1232 585 1323 616 Δαϐὶδ,
1337 594 1346 610 ι
1356 586 1446 611 καὶτὰ
1460 585 1534 620 ἑξῆς,
1544 585 1602 612 τίνα
1613 588 1814 621 προσεκύνησε,

1028 630 1076 655 καὶ
1095 629 1125 655 οὑ
1146 629 1225 663 μόνον
1240 629 1321 655 αὐτὸν
1340 629 1385 655 τὸν
1404 630 1648 664 γεννηοησόμενον,
1674 630 1742 656 ἀλλά
1765 631 1815 657 καὶ

1026 676 1072 702 τὸν
1087 675 1181 706 τόπον,
1192 672 1221 701 οὗ
1233 675 1350 709 ἔστησαν
1362 675 1386 700 οί
1402 675 1480 706 πόδες
1494 675 1575 701 αὑτοῦ
1588 684 1595 708 ;
1613 676 1706 707 Οὕτως
1719 676 1813 706 ἁπλῶς

1026 717 1179 753 ἄνθρωπον,
1200 718 1238 749 ὡς
1262 718 1309 744 ἕνα
1325 719 1378 744 τῶν
1398 719 1519 751 πολλῶν;
1547 720 1601 746 Kal.
1625 720 1668 751 τίς
1685 720 1813 747 τοσοῦτον

1026 763 1208 798 ἀναίσθητος,
1241 763 1341 798 μᾶλλον
1373 764 1401 790 δὲ
1429 765 1708 800 ὲγκαταλελειμμένος
1736 767 1814 802 παρὰ

1026 808 1106 841 Θεοῦ,
1128 808 1197 834 ὥστε
1213 811 1259 835 καὶ
1275 809 1384 844 νομίσαι
1401 810 1481 843 αὑτός
1505 810 1584 837 Ἀλλά
1603 811 1694 840 καθὼς
1713 813 1760 838 καὶ
1782 814 1814 838 ὲν

1026 854 1082 883 τοῖς
1096 853 1252 888 ἔμπροσθεν
1268 855 1313 880 τὸν
1330 855 1411 881 αὑτὸν
1424 855 1500 888 ἔλεγε
1512 855 1578 882 Θεὸν
1593 857 1640 882 καὶ
1654 856 1810 890 ἄνθρωπον,

1027 898 1097 925 οὕτω
1124 899 1171 925 καὶ
1194 900 1222 925 ἐν
1239 901 1270 934 τῇ
1297 900 1344 926 τοῦ
1364 901 1445 926 τόπου
1464 901 1575 936 θεωρίᾳ.
1600 901 1654 928 Καὶ
1671 903 1812 935 συμφωνεῖ

1029 943 1096 977 μετὰ
1111 943 1156 969 τοῦ
1179 945 1318 978 προφήτου
1345 945 1479 976 Ἰωάννου,
1498 946 1537 971 ὅτι
1558 945 1638 976 αὐτὸς
1655 945 1705 980 μὲν
1720 944 1810 978 εἶπεν,

1026 989 1067 1015 ὅτι
1081 998 1089 1013 ι
1103 989 1284 1022 Προσκυνεῐτε
1298 989 1344 1016 τὸν
1356 990 1447 1022 τόπον,
1458 988 1488 1016 οἶδ
1504 990 1620 1024 ἔστησαν
1633 991 1656 1017 οἱ
1671 992 1749 1023 πόίες
1759 992 1810 1017 αὺ-

1027 1034 1072 1060 τοῦ
1082 1042 1088 1049 ·
1105 1044 1114 1060 ι
1127 1035 1229 1066 ἐκεῖνος
1244 1036 1326 1066 ὃὲ,ὃτι
1340 1045 1349 1061 ι
1363 1036 1419 1062 Οὐκ
1434 1037 1491 1071 εἰμὶ
1501 1037 1573 1070 ἄξιος
1588 1038 1630 1064 ἵνα
1640 1037 1766 1072 βαστάσω
1775 1039 1810 1064 τὰ

1026 1081 1186 1115 ὑποδήματα
1200 1081 1245 1107 τοῦ
1259 1081 1346 1108 ὀπίσω
1363 1090 1414 1116 μου
1426 1084 1583 1117 ἐρχομένου.
1596 1092 1604 1108 ι
1616 1083 1740 1115 Βλέπεις,
1750 1085 1810 1116 πῶς

1025 1127 1072 1153 καὶ
1087 1127 1116 1152 ὲν
1130 1127 1187 1158 τοῖς
1212 1127 1341 1162 μεγάλοις
1365 1135 1413 1154 και
1430 1128 1459 1154 ὲν
1486 1129 1542 1158 τοῖς
1572 1130 1681 1163 μικροῖς
1709 1129 1809 1160 πάντες

1024 1172 1212 1206 ὁμοφωνοῦσιν
1227 1173 1252 1198 οι
1266 1174 1413 1208 προφῆται,
1432 1174 1479 1200 καὶ
1495 1174 1678 1207 προσκυνοῦσι
1695 1176 1742 1201 καὶ
1757 1183 1809 1208 με-

1024 1218 1169 1252 γαλύνουσι
1183 1227 1189 1250 ;
1202 1219 1249 1245 καὶ
1258 1219 1346 1248 οὐδεὶς
1359 1219 1413 1245 τῶν
1430 1220 1575 1255 προφητῶν
1588 1221 1672 1252 ἐστιν,
1689 1221 1718 1252 ὃς
1737 1221 1809 1255 μετὰ

1023 1265 1054 1290 τὸ
1068 1263 1257 1299 προφητεῦσαι
1278 1265 1325 1290 καὶ
1339 1265 1426 1291 είπεῖν
1445 1265 1509 1300 περὶ
1524 1265 1571 1292 τοῦ
1586 1266 1715 1302 Χριστοῦ,
1730 1267 1808 1293 οὐδὲν

1023 1309 1157 1335 δείκνυσιν
1183 1309 1280 1336 ἑαυτὸν
1306 1309 1403 1344 μικρὸν
1427 1311 1474 1337 καὶ
1503 1311 1610 1346 εὐτελῆ,
1636 1313 1683 1338 καὶ
1699 1312 1807 1344 οὐδενὸς

1023 1354 1098 1386 ἄξιον
1124 1354 1215 1388 λόγου,
1243 1354 1333 1385 καθὼς
1350 1356 1396 1381 καὶ
1419 1355 1544 1391 ’Δϐραὰμ
1569 1357 1621 1390 γῆν
1637 1357 1684 1383 καὶ
1710 1357 1807 1384 σποδὸν

1022 1398 1152 1425 ἐκάλεσεν
1169 1399 1274 1425 ἑαυτόν.
1293 1399 1330 1426 Οὺ
1347 1399 1425 1432 μόνον
1439 1400 1468 1426 δὲ
1480 1401 1493 1426 6
1506 1401 1625 1435 Μιχαίας
1641 1401 1688 1426 καὶ
1698 1401 1711 1426 6
1723 1399 1805 1427 A166

1022 1442 1083 1470 εἷπε
1099 1444 1163 1479 περὶ
1180 1445 1228 1478 τῆς
1243 1444 1377 1479 Βηθλεὲμ,
1401 1445 1469 1472 ἀλλὰ
1494 1447 1540 1472 καὶ
1557 1446 1647 1473 πολλοὶ
1660 1447 1748 1481 ἕτεροι
1764 1445 1805 1472 εί-

1023 1498 1081 1522 πον,
1094 1489 1141 1521 οὓς
1152 1490 1199 1515 καὶ
1210 1491 1429 1525 παρῃτησάμεοα
1447 1491 1555 1522 ἑκόντες
1566 1492 1609 1518 διὰ
1622 1492 1652 1518 τὸ
1670 1492 1736 1518 πολὺ
1752 1493 1803 1527 τῆς

1021 1537 1139 1571 γραφῆς,
1157 1536 1250 1570 ὥσπερ
1262 1538 1307 1563 καὶ
1323 1537 1369 1562 ἐπὶ
1382 1538 1436 1568 τοῖς
1452 1538 1552 1569 ἄλλοις.
1575 1537 1645 1564 Ἀλλ’
1656 1538 1724 1564 ἰτέον
1738 1538 1803 1565 ἔνθα

1020 1583 1065 1609 τὸν
1081 1582 1136 1607 τῶν
1152 1582 1254 1615 Μάγων
1274 1582 1352 1616 λόγον
1381 1583 1595 1617 καταλείψαντές
1621 1585 1716 1618 ἐσμεν.
1735 1585 1803 1611 Τότε

1026 1627 1149 1663 Ἡρώδης
1168 1629 1298 1660 ἀκούσας,
1315 1629 1355 1654 ὅτι
1375 1630 1403 1655 ὲν
1419 1629 1541 1663 Βηθλεὲμ
1557 1631 1684 1663 γεννᾶται
1699 1631 1712 1655 6
1735 1631 1804 1665 Χρι-

1021 1673 1081 1704 στὸς
1099 1674 1259 1708 (ἐγίνωσκον
1273 1675 1325 1709 γὰρ
1339 1676 1415 1710 παρὰ
1433 1675 1487 1701 τῶν
1506 1676 1653 1710 προφητῶν
1667 1677 1734 1702 οἵτε
1752 1678 1803 1713 ἀρ-

1019 1721 1121 1754 χιερεῖς
1147 1719 1194 1745 καὶ
1221 1720 1245 1746 οἱ
1264 1720 1438 1754 γραμματεῖς
1458 1719 1559 1754 τοῦτο,)
1585 1721 1670 1756 λάθρα
1683 1723 1802 1754 καλέσας

1019 1766 1081 1795 τοὺς
1096 1765 1218 1798 Μάγους,
1237 1765 1311 1798 λέγει
1328 1766 1395 1800 πρδς
1412 1766 1519 1798 αὐτοὺς,
1531 1776 1540 1792 ι
1554 1767 1725 1799 Ἀπελθόντες
1741 1769 1801 1800 ἐξε-

1018 1809 1119 1835 τάσατε
1136 1810 1201 1845 περὶ
1219 1810 1266 1836 τοῦ
1290 1811 1396 1836 παιδίου
1412 1818 1419 1825 '
1444 1811 1511 1837 ὲπὰν
1533 1811 1561 1837 δὲ
1582 1812 1690 1847 εὕρητε,
1708 1814 1802 1848 ἀπαγ-

1018 1855 1126 1889 γείλατὲ
1144 1864 1198 1890 μοι,
1211 1856 1283 1887 ὅπως
1299 1856 1376 1888 κάγὼ
1391 1856 1476 1882 ἐλθὼν
1487 1859 1666 1893 προσκυνήσω
1683 1860 1766 1894 αὐτῷ.
1785 1869 1795 1885 ι

1019 1901 1102 1927 Τοῦτο
1121 1900 1148 1927 δὲ
1173 1900 1232 1926 εἷπε
1256 1901 1429 1936 ψευδόμενος.
1451 1901 1573 1936 Ἐνόμιζε
1589 1904 1653 1937 γὰρ,
1676 1905 1717 1930 ὅτι
1739 1906 1802 1931 ἐπεὶ

1018 1947 1145 1981 βασιλεὺς
1171 1948 1318 1980 γεννᾶται,
1342 1947 1389 1973 καὶ
1414 1948 1455 1973 ὅτι
1474 1948 1566 1983 μέλλει
1586 1952 1728 1984 ποιμανεῖν
1754 1951 1800 1977 τὸν

1024 1989 1143 2024 Ἰσραὴλ,
1159 1990 1277 2020 τοιοῦτός
1299 1991 1357 2016 ἐστι
1373 1990 1498 2025 βασιλεὺς
1514 1992 1527 2017 6
1550 1993 1676 2026 Χριστὸς,
1700 1995 1738 2025 ὡς
1758 1992 1799 2025 εἷς

1017 2035 1070 2060 τῶν
1090 2034 1204 2066 πολλῶν,
1222 2036 1267 2061 καὶ
1283 2036 1299 2070 ἡ
1315 2035 1411 2062 τούτου
1429 2036 1553 2070 βασιλεία
1569 2039 1735 2073 πρόσκαιρος
1753 2040 1800 2066 ml.

1016 2080 1148 2113 ἐπίγειος.
1171 2080 1225 2107 Kal.
1246 2081 1306 2106 ἐπεὶ
1321 2081 1349 2107 ὲν
1373 2082 1422 2115 μὲν
1439 2083 1471 2116 τῇ
1495 2082 1617 2117 Βηθλεὲμ
1634 2085 1731 2119 ἧκον-σε
1749 2087 1800 2120 τὴν

1016 2126 1062 2151 τοῦ
1084 2126 1202 2160 Χριστοῦ
1219 2126 1345 2160 γέννησιν
1359 2125 1440 2159 εἶναι,
1453 2127 1502 2162 τὴν
1515 2128 1544 2154 δὲ
1561 2129 1609 2155 τοῦ
1625 2132 1705 2156 τόπου
1719 2132 1801 2165 ἀκρί-

1017 2170 1092 2196 ϐειαν
1107 2171 1156 2196 οὐκ
1176 2171 1321 2204 ἐγίνωσκε,
1338 2170 1502 2205 βουλόμενος
1516 2172 1621 2199 ἀνελεῖν
1636 2174 1666 2200 τὺ
1680 2176 1799 2209 παιδῐου,

1017 2215 1106 2249 φθόνῳ
1134 2215 1304 2249 κινούμενος,
1323 2215 1396 2248 λέγει
1417 2217 1473 2247 τοῖς
1499 2218 1604 2252 Μάγοις
1629 2219 1733 2253 ψευδῶς
1751 2222 1800 2249 κοὶ

1017 2261 1189 2291 ὲπιπλάστως
1199 2262 1238 2292 τὸ,
1252 2270 1260 2286 ι
1274 2261 1465 2295 ’Λναγγείλατέ
1478 2272 1533 2298 μοι,
1543 2265 1616 2295 ὅπως
1624 2267 1700 2300 κάγὼ
1711 2266 1800 2294 ἐλθὼν

1016 2306 1199 2340 προσκυνήσω
1209 2306 1293 2341 αὐτῷ.
1307 2315 1316 2331 ι
1329 2307 1360 2332 Ol.
1372 2306 1399 2332 δὲ
1410 2307 1575 2339 ἀκούσαντες
1591 2310 1637 2336 τοῦ
1653 2310 1797 2345 βασιλέως,

1017 2352 1216 2386 ἐπορεύθησαν.
1231 2360 1240 2376 ι
1255 2352 1307 2377 Καὶ
1323 2351 1377 2378 ἰδοὺ
1391 2353 1404 2378 6
1419 2353 1507 2387 ἀστὴρ
1519 2352 1548 2380 ὃν
1563 2352 1631 2380 εἶδον
1647 2357 1675 2381 ἐν
1686 2357 1717 2391 τῇ
1732 2357 1799 2387 ἀνσ-

1014 2398 1088 2432 τολῇ,
1105 2398 1223 2431 προῆγεν
1241 2399 1352 2430 αὐτοὺς,
1371 2398 1422 2430 ἕως
1439 2397 1469 2426 οὗ
1484 2399 1568 2427 ἐλθὼν
1584 2400 1647 2436 ἔστη
1664 2402 1756 2428 ἐπάνω
1767 2399 1798 2428 οὗ

1012 2442 1046 2478 ἢν
1059 2443 1088 2469 τὸ
1103 2444 1221 2469 παιδίον.
1236 2453 1244 2469 ι
1259 2444 1293 2469 Σὺ
1303 2444 1330 2470 δὲ
1345 2444 1381 2479 μὴ
1396 2445 1514 2476 ἀκούσας
1530 2446 1584 2472 τῶν
1593 2447 1694 2480 Μάγων
1709 2448 1798 2474 εἰπόν.

1013 2496 1066 2513 των
1078 2487 1129 2518 ὅτι,
1145 2497 1153 2512 ι
1171 2487 1282 2520 Εἴδαμεν
1294 2489 1375 2514 αὑτοῦ
1391 2490 1434 2515 τὸν
1450 2490 1550 2525 ἀστέρα
1559 2489 1587 2516 ἐν
1595 2494 1627 2526 τῇ
1638 2493 1763 2527 ἀνατολῇ,
1785 2503 1795 2519 ι

1013 2535 1127 2567 νομίσῃς
1150 2534 1197 2558 καὶ
1219 2533 1299 2558 αὐτὸν
1323 2533 1361 2564 ὡς
1387 2534 1435 2560 ἕνα
1455 2535 1509 2561 τῶν
1536 2536 1640 2562 πολλῶν
1661 2534 1730 2564 εἶναι
1750 2539 1797 2566 τὸν

1013 2578 1141 2612 Χριστόν.
1159 2579 1189 2603 Ol
1217 2578 1272 2613 γὰρ
1294 2579 1358 2614 περὶ
1376 2580 1410 2606 τὰ
1436 2581 1548 2608 τοιαῦτα
1571 2583 1732 2617 ἀστρολόγοι
1747 2586 1796 2611 οὗ·

1013 2623 1081 2648 τως).
1099 2623 1233 2656 λέγουσιν,
1254 2624 1295 2650 ὅτι
1317 2625 1370 2655 πᾶς
1388 2624 1531 2660 ἄνῦρωπος
1547 2627 1677 2662 κέκτηται
1692 2630 1797 2664 ἀστέρα

1013 2668 1058 2694 τὸν
1078 2667 1215 2702 μηνύοντα
1231 2669 1304 2703 αὐτῷ
1324 2670 1378 2696 πᾶν
1391 2670 1459 2702 ὅπερ
1477 2670 1509 2697 ἂν
1527 2672 1619 2706 μέλλει
1636 2673 1795 2708 συμϐαίνειν

1013 2714 1087 2748 αὺτῴ
1105 2713 1171 2747 παρ’
1185 2714 1248 2748 ὃλην
1263 2714 1345 2741 αὑτοῦ
1360 2716 1407 2750 τὴν
1422 2716 1506 2751 ζωήν.
1527 2716 1688 2753 Ἐξαιρέτως
1700 2719 1727 2745 δὲ
1738 2719 1793 2746 τῶν
