1946 3081
123 131 167 166 4‘29

587 127 737 158 CONTRA
759 125 1000 157 MAIIUMETEM
1017 121 1204 153 APOLOUIA
1225 119 1249 150 Ι.

1669 116 1725 150 430

122 192 199 219 ἄλλων
213 188 365 223 ἀνθρώπων
381 186 455 219 ἄπας
471 185 596 221 βασιλεὺς
608 186 664 221 ἔχει
676 185 722 211 τὸν
735 184 800 210 ἴδιον
815 181 895 209 αὐτοῦ

961 183 1094 207 'ersantur
1109 179 1249 212 astrologi,
1269 175 1333 203 talia
1348 174 1459 206 docent,
1474 174 1546 209 quod
1561 174 1658 208 singuli
1673 175 1726 201 ho-

122 236 225 270 ἀστέρα.
241 234 296 262 Καὶ
311 235 352 261 ὅτι
363 233 442 260 τοῦτὸ
456 233 514 259 ἐστι
528 232 624 267 ψεῦδος
639 233 734 266 σαφὲς,
749 230 892 265 πρίδηλον.

127 282 194 308 Ἐπεὶ
208 281 236 307 δὲ
249 281 299 307 οὐκ
310 280 368 306 ἐστι
378 278 458 306 τοῦτο
472 278 502 305 τὸ
518 277 694 312 ζητούμενον,
705 276 894 303 ἀποδεικνῦειν

122 327 163 361 τὴν
175 326 227 352 τῶν
239 325 411 360 ἀστρολόγων
423 323 608 358 ψευδολογίαν,
621 321 805 356 παραιτητέον
819 320 892 346 αὐτό.

123 373 229 406 Ἵδωμεν
249 371 277 398 δὲ
307 371 371 405 περὶ
396 370 443 396 τοῦ
471 369 600 403 φανέντος
628 369 753 402 ἀστέρος,
777 367 804 392 τί
823 367 897 392 δοκεῖ

123 415 183 444 εἶναι
201 417 277 443 αὑτό.
295 411 369 450 Ἀρά
384 416 458 441 ἐστιν
475 412 515 446 εἷς
533 414 587 440 τῶν
603 415 631 439 ὲν
646 414 684 447 τῷ
701 412 808 447 οὖρανῷ
822 412 898 437 ἀστέ-

124 471 188 498 pom;
213 462 283 488 Ἀλλ’
309 462 339 488 οὺ
365 461 438 487 δοκεῖ
462 459 532 487 εἶναι
549 459 637 486 τοῦτο.
662 459 772 494 Πρῶτον
792 457 840 492 μὲν
857 457 896 483 ὅτι

123 509 214 538 πάντες
229 508 255 534 οἱ
273 508 398 541 ἀστέρες,
414 506 481 533 ἀλλὰ
496 506 543 532 καὶ
564 506 577 532 6
593 506 678 541 ἥλιος,
702 506 748 531 καὶ
764 505 780 540 ή
799 503 896 537 σελήνη

123 552 149 583 ἐξ
157 551 292 578 ἀνατολῶν
313 551 358 577 ἐπὶ
379 551 429 585 τὴν
452 550 527 576 δύσιν
541 550 689 582 κινοῦνται,
701 550 715 575 ὀ
731 549 759 574 δὲ
780 548 834 574 ἀπὸ
847 548 898 582 ἆρ-

123 606 180 624 κτου
197 597 266 632 πρὸς
284 597 469 632 μεσημϐρίαν.
497 597 530 622 'H
547 597 599 631 γὰρ
614 596 669 622 τῶν
688 594 800 630 Περσῶν
822 593 899 629 χώρα

124 644 158 673 εἰς
171 644 203 669 τά
218 643 364 669 ἀνατολικὰ
381 642 453 676 μέρη
472 642 639 676 εὑρίσκεται,
656 643 672 676 ὴ
690 641 718 667 δὲ
733 639 899 673 Παλαιστίνη

124 689 186 721 πρὸς
202 689 387 723 μεσημϐρίαν,
412 689 477 714 ἔνθα
495 689 541 714 καὶ
561 689 576 722 ἡ
600 687 734 722 Βηθλεέμ.
754 687 814 712 Ἐτι
829 687 853 712 εἰ
866 684 899 720 ἦν

124 734 215 767 ἀστὴρ,
248 734 325 760 οὐδὲν
353 734 449 768 ἑμελλε
475 734 609 760 κινεῖσθαι
637 733 827 766 πορευομένων
845 731 899 757 τῶν

125 779 232 812 Μάγων,
250 779 442 805 καθευδόντων
456 779 483 804 δὲ
499 777 576 809 αὖθις
593 778 720 804 ἵστασθαι
743 777 789 803 καὶ
808 777 898 802 αὐτόν.

127 822 182 847 Ἔτι
201 822 224 847 εί
248 820 282 856 ἦν
304 822 402 856 ἀστὴρ,
427 822 502 856 ἡλίου
521 822 659 855 φανέντος,
676 820 901 852 διασκεδασθῆναι

951 227 1037 253 mines
1060 225 1154 251 stellas
1170 223 1289 250 habeant
1303 221 1424 256 singulas
1460 224 1487 247 et
1510 220 1669 254 peculiares,
1688 222 1728 246 I‘u-

951 277 1018 299 tune
1034 271 1095 297 vitae
1107 277 1202 296 omnes
1217 275 1359 295 successus
1374 271 1401 293 et
1418 270 1532 292 e\entus
1545 265 1597 291 sibi
1623 265 1729 291 denun-

952 320 1065 346 tiantes,
1092 321 1118 343 et
1146 314 1218 349 quod
1240 312 1365 347 inprimis
1381 312 1496 346 quisque
1516 318 1608 344 regum
1624 310 1730 336 stellam

951 363 1002 389 sibi
1018 361 1157 396 propriam
1169 359 1299 386 vindicet.
1316 358 1379 384 Haec
1390 357 1461 384 enim
1475 357 1541 383 falsa
1561 363 1630 387 esse,
1644 356 1732 381 mani—

951 407 1099 434 festissime
1125 409 1241 431 constat.
1271 403 1322 430 Sed
1340 403 1403 437 quia
1429 402 1515 429 nostri
1540 401 1657 428 instituti
1676 409 1730 427 non

951 451 1210 485 est,astrulogornm
1233 449 1378 475 vanitatem
1392 448 1563 478 convincere,
1573 447 1732 473 Omittemus

953 499 1018 530 hoc;
1038 505 1110 524 nunc
1125 504 1190 523 vero
1206 496 1239 522 de
1255 495 1343 527 stella,
1362 501 1422 528 quae
1441 498 1504 520 tunc
1516 493 1652 527 apparuit,
1668 500 1732 527 qua-

952 544 986 571 lis
1003 548 1030 570 et
1046 550 1169 577 quaenam
1188 541 1232 568 illa
1260 541 1355 572 fuerit,
1382 539 1533 566 videmnus.
1548 538 1623 570 Quod
1640 542 1730 564 autem

953 598 1006 616 una
1025 589 1168 616 stellarum
1190 587 1274 614 fuerit
1289 585 1452 617 caelestium,
1469 593 1523 611 non
1539 584 1679 620 probabile
1694 583 1732 610 vi-

953 635 1044 662 detur.
1061 634 1153 660 Primo
1169 631 1290 666 quidem,
1307 631 1379 665 quod
1393 638 1489 657 omnes
1501 630 1585 656 stellrt-
1602 637 1655 655 una
1670 636 1732 655 cum

953 681 1011 709 sole
1026 685 1054 708 et
1066 681 1130 707 luna
1144 687 1177 706 ex
1192 679 1298 705 oriente
1314 681 1460 704 moventur
1475 676 1502 703 in
1519 683 1661 707 occasum;
1677 676 1734 702 haec

953 734 1021 753 vero
1046 734 1079 753 ex
1106 724 1293 759 septentrione
1319 724 1347 750 in
1372 723 1513 750 meridiem
1533 727 1635 760 motum
1653 730 1734 749 suum

955 772 1107 799 inclinavit.
1135 771 1276 797 Persarum
1295 769 1367 796 enim
1390 769 1465 801 regio
1481 768 1513 795 ad
1531 769 1665 795 orientem
1683 767 1735 795 sila

955 824 1008 850 est,
1023 817 1165 844 Palaestina
1179 820 1270 842 autem
1286 815 1318 841 ad
1334 814 1486 846 meridiem,
1503 814 1529 840 in
1542 822 1593 848 qua
1608 818 1635 840 et
1657 813 1736 840 Beth-

126 868 167 892 καὶ
182 867 425 901 κρυϐῆναῖἐμελλε
444 867 474 892 τὺ
492 867 548 901 φῶς
566 867 658 893 αὑτοῦ.
680 866 756 892 Ἐπεὶ
779 866 807 891 δὲ
831 865 901 900 λάμ-

964 871 1022 891 cem
1037 868 1088 890 est.
1109 863 1244 890 Praeterea
1269 861 1290 888 si
1314 861 1392 888 stella
1420 866 1489 892 erat,
1514 868 1567 887 non
1590 865 1664 888 certe
1682 868 1735 888 una

126 920 216 943 πσντος
235 911 281 938 τοῦ
300 912 376 947 ἡλίου
401 913 487 947 μέσης
508 912 614 946 ἡμέρας
637 911 747 946 ἔφαινεν
764 910 835 946 ὑπὲρ
857 912 903 936 τὸν

125 957 205 992 ἦλιον,
221 958 283 984 οὐδὲ
306 958 359 992 γὰρ
381 958 498 992 ἠδύνατο
521 957 630 992 ὁγῆλιος
649 956 841 990 κατακαλύψαι
856 955 904 982 καὶ

127 1003 224 1038 κρῦξαι
244 1004 275 1029 τὸ
289 1003 347 1037 φῶς
372 1004 473 1035 ἐκεῖνο,
493 1002 627 1037 πρόδηλον
638 1002 680 1028 ὅτι
691 1001 741 1028 οὒκ
758 999 901 1036 ἦν,ἀστήρ.

128 1050 184 1076 Ἔτι
199 1050 224 1076 εί
239 1047 273 1084 ἦν
287 1049 385 1084 ἀστὴρ,
407 1050 465 1080 πῶς
481 1049 593 1084 ἔμελλον
619 1047 762 1082 γνωρίζειν
778 1048 801 1073 οἱ
815 1047 905 1080 Μάγοι

126 1096 175 1122 ἀπὸ
190 1095 236 1122 τοῦ
252 1096 467 1130 ὑπερϐάλλοντος
482 1094 566 1129 ὕψους
577 1094 608 1121 τὸ
625 1094 722 1129 μικρὸν
735 1093 782 1119 καὶ
798 1092 905 1122 εὐτελὲς

126 1141 237 1176 οίχημα,
264 1142 293 1168 ὲν
319 1138 341 1175 ᾧ
364 1141 510 1176 εὑρίσκετο
527 1141 540 1166 6
556 1140 691 1174 Χριστός;
715 1139 785 1165 Ἀλλ’
801 1139 850 1165 οὐκ
872 1136 906 1173 ἦν

126 1186 220 1221 ἀστὴρ,
251 1185 343 1217 καθὼς
377 1187 410 1212 ἐκ
448 1185 502 1212 τῶν
532 1185 685 1218 λεγομένων
717 1183 904 1217 ἀναφαίνεται.

127 1232 190 1258 Θεία
202 1232 230 1258 δέ
243 1240 285 1263 τις
296 1231 410 1266 δύναμις
428 1229 462 1266 ἧν
475 1232 490 1265 ή
503 1231 617 1261 τούτους
628 1229 774 1265 ὁδηγοῦσα.
789 1229 850 1264 ήτις
860 1229 907 1254 καὶ

129 1277 273 1313 πρόσγειος
289 1278 426 1311 ἐφαίνετο,
452 1278 500 1303 καὶ
517 1277 611 1312 ὥσπερ
633 1278 661 1304 ὲν
682 1277 714 1311 τῇ
735 1276 830 1310 ἐρήμῳ
845 1275 907 1306 τοὺς

126 1323 276 1359 Ἕῦραίους
297 1324 398 1358 ἀδηγεί
418 1325 431 1350 6
460 1323 506 1350 τοῦ
533 1323 619 1358 πυρὸς
648 1322 756 1353 στῦλος,
771 1320 842 1347 οὕτω
861 1320 908 1347 καὶ

127 1368 173 1393 νῦν
188 1367 252 1397 τοὺς
268 1367 299 1393 ἐκ
316 1366 443 1401 Περσίδος
464 1366 576 1400 Μάγους
591 1367 604 1391 6
619 1365 795 1400 νομιζόμενος
809 1364 907 1398 ἀστήρ.

128 1413 212 1440 Κιὶᾶ
225 1413 313 1440 ὲποίει
333 1413 396 1439 τότε
421 1412 561 1446 θαυμάσια
587 1412 633 1438 καὶ
652 1411 782 1446 τεράστια
805 1411 818 1436 ὁ
842 1409 907 1441 Θεὸς

127 1460 172 1485 ἐπὶ
183 1460 221 1493 τῷ
235 1460 309 1492 γένει
324 1459 378 1484 τῶν
395 1458 541 1492 Ἐϐραίων,
556 1456 774 1483 πολλαπλασίονα
785 1457 908 1489 εγένιντο

128 1503 174 1529 ἐπὶ
188 1503 222 1529 τὰ
240 1502 315 1535 ἔονη.
337 1501 401 1528 Ἰδοὺ
415 1502 480 1535 γοῦν
495 1501 596 1536 πρῶτοι
617 1501 670 1526 τῶν
685 1498 769 1526 ἐθνῶν
789 1507 908 1534 προσκυ-
924 1520 946 1550 C

130 1549 210 1583 νηταὶ
224 1550 249 1575 οί
267 1549 357 1582 Μάγοι
378 1548 583 1581 ἀναφαίνονται.
602 1546 795 1581 Στηριχοέντος
817 1545 846 1571 δὲ
863 1544 908 1571 τοῦ

129 1595 253 1628 ἀστέρος,
276 1593 314 1624 ὡς
329 1593 448 1628 εἴρηται,
467 1592 559 1619 ἐπάνω
575 1589 606 1618 οὗ
621 1589 656 1626 ἦν
674 1592 704 1617 τὸ
721 1591 837 1622 παιδίον,
855 1591 910 1616 είσ-

128 1639 209 1674 ἦλθον
224 1639 247 1665 οἱ
260 1639 362 1672 Μάγοι,
377 1640 424 1665 καὶ
441 1638 567 1673 εὑρόντες
585 1637 631 1663 τὸν
645 1637 762 1672 Χριστὸν
779 1636 847 1670 μετὰ
862 1637 911 1669 τῆς

129 1685 211 1717 ἁγίας
226 1683 310 1709 αὑτοῦ
330 1684 441 1718 μητρὸς,
456 1682 662 1716 προσεκύνησαν
678 1681 762 1716 αὐτῷ,
783 1681 912 1714 φέροντες

128 1729 215 1763 δῶρα,
232 1729 332 1763 χρυσον
348 1731 396 1755 καὶ
421 1728 528 1754 λίϐανον
551 1727 596 1753 καὶ
621 1727 753 1762 σμύρναν.
780 1727 912 1761 [Ιρὸσεξον

128 1775 207 1809 γοῦν,
225 1776 285 1800 τίνα
303 1775 445 1801 κοινωνίαν
462 1774 552 1808 ἔχουσι
568 1774 601 1800 τὰ
617 1774 690 1808 δῶρα
708 1773 776 1808 πρὸς
798 1772 911 1807 ἄλληλα.

128 1821 244 1851 Πάντως
261 1819 330 1846 κατὰ
346 1820 395 1854 μὲν
409 1820 439 1845 τὸ
462 1819 622 1853 φαινόμενον
645 1819 784 1853 οὐδεμίαν,
801 1821 870 1844 κατὰ
884 1817 912 1843 δὲ

128 1866 160 1892 τὺ
178 1865 326 1899 νοούμενον
351 1865 453 1900 πολλὴν
484 1865 531 1891 καὶ
563 1864 692 1899 μεγάλην.
728 1864 771 1894 Ὠς
790 1864 839 1898 μὲν
859 1863 913 1897 γὰρ

130 1912 249 1947 βασιλεῖ,
267 1913 459 1946 προσήνεγκαν
481 1911 598 1945 χρυσόν·
626 1910 663 1941 ὡς
684 1910 712 1936 δὲ
730 1910 830 1945 Ονητῷ,
851 1910 913 1936 ἐπεὶ

128 1957 274 1992 ἄνθρωπος
294 1955 339 1992 ἦν,
357 1956 491 1990 σμύρναν,
507 1955 578 1982 οὕτω
595 1955 642 1981 καὶ
659 1955 714 1990 γὰρ
737 1953 771 1990 ἦν
798 1955 913 1989 σύνηθες

129 2003 308 2037 ἐνταφιάζειν
329 2004 386 2034 τοῖς
416 2002 570 2033 Ἰουδαίοις·
597 2002 634 2032 ὡς
650 2001 678 2027 δὲ
699 2001 768 2036 Θεῷ,
793 2000 912 2033 λίϐανον,

130 2048 205 2075 οὕτω
223 2049 277 2083 γὰρ
295 2045 329 2082 ἦν
346 2048 472 2082 καὶπερὶ
486 2046 534 2073 τοῦ
551 2046 618 2072 Θεοῦ
634 2046 799 2079 τεταγμένον
813 2046 914 2080 θυμιᾷν

130 2094 296 2121 λιὸανωτόν.
318 2093 399 2128 Ὁρᾷς
426 2093 500 2124 ὃπως
527 2092 576 2118 καὶ
599 2092 676 2118 αὐτοὶ
703 2092 727 2117 οἱ
752 2091 844 2125 Μάγοι
870 2092 915 2117 τὸν

130 2138 252 2173 Χριστὸν
265 2137 332 2163 Θεὸν
350 2137 397 2162 καὶ
414 2136 556 2171 ἄνθρωπον
568 2136 765 2170 ὼμολόγησαν;
791 2135 868 2162 Μετὰ
887 2135 916 2161 δὲ

953 917 1014 936 cum
1034 908 1119 942 Magis
1136 907 1375 942 proﬁciscentibus
1389 906 1504 937 moveri,
1520 911 1547 932 et
1559 906 1655 933 iisdem
1673 906 1738 932 dor-

954 954 1116 980 mitantibus
1140 953 1293 980 consistere
1309 952 1366 978 visa
1380 951 1489 978 fuisset.
1505 952 1573 978 Tum
1590 952 1612 978 si
1630 952 1735 978 stellam

955 1006 1107 1032 dixerimus
1132 1005 1228 1035 fuisse,
1249 1003 1382 1038 fulgorem
1408 1003 1483 1030 illius
1511 1008 1621 1038 propter
1646 1004 1737 1031 radios

954 1052 1058 1079 solares
1072 1051 1211 1086 disparare
1225 1055 1254 1078 et
1269 1049 1411 1077 obsaurari
1424 1050 1578 1084 oportebat.
1591 1050 1659 1077 Cum
1673 1059 1738 1077 vero

955 1098 982 1124 in
999 1097 1113 1124 meridie
1131 1097 1212 1123 etiam
1228 1104 1281 1123 una
1299 1090 1361 1123 cum
1385 1097 1441 1123 sole
1465 1096 1640 1130 splenderent
1657 1104 1737 1123 suum

956 1143 1102 1170 retinuerit
1113 1143 1176 1175 (non
1189 1142 1261 1169 enim
1269 1142 1302 1169 ab
1314 1142 1366 1168 hoc
1382 1142 1471 1176 potuit
1478 1135 1641 1176 obscuraril,
1652 1144 1740 1169 mani-

957 1188 1056 1215 festum
1081 1192 1122 1214 est
1140 1187 1247 1215 stellam
1265 1195 1320 1214 non
1341 1187 1437 1215 fuisse.
1453 1188 1608 1219 Postremo.
1625 1188 1647 1215 si
1663 1189 1740 1215 stella

958 1233 1010 1260 fuit
1029 1234 1161 1262 emleslis.
1186 1240 1304 1268 quanam
1330 1233 1437 1260 ratione
1461 1233 1535 1261 illius
1547 1234 1647 1261 indicio
1671 1234 1738 1269 Magi

957 1286 1070 1313 parvum
1094 1278 1160 1306 illud
1185 1283 1213 1306 et
1235 1279 1288 1306 vile
1308 1279 1459 1314 tugurium.
1484 1280 1510 1306 in
1538 1287 1591 1314 quo
1615 1280 1741 1308 Christus

958 1329 1027 1357 erat,
1052 1333 1101 1359 per
1125 1324 1287 1351 immensam
1307 1324 1380 1351 illam
1403 1325 1554 1352 ctelestium
1575 1326 1682 1352 orbium
1707 1327 1741 1353 ab

960 1369 1012 1396 hoc
1038 1369 1210 1395 altitudinem
1237 1375 1405 1404 cognoscere
1428 1371 1592 1404 potuerunt?
1608 1371 1646 1398 Ex
1674 1379 1743 1406 prm—

961 1414 1043 1441 dictis
1061 1414 1144 1448 igitur
1158 1419 1232 1448 patet
1246 1414 1352 1440 stellam
1368 1422 1422 1440 non
1438 1414 1533 1442 fuisse.
1548 1415 1639 1442 Virtus
1651 1422 1741 1442 autem

964 1459 1086 1495 quaedam
1105 1459 1197 1486 divina
1216 1459 1277 1491 fuit,
1303 1468 1383 1494 quam
1405 1460 1511 1487 itineris
1526 1461 1620 1487 ducenti
1642 1462 1743 1488 hahue-

963 1508 1038 1536 runt,
1056 1513 1115 1538 qua:
1137 1505 1218 1531 etiam
1240 1511 1320 1532 terra:
1339 1505 1519 1539 propinquior
1538 1507 1693 1540 apparebat.
1711 1507 1743 1534 Et
1779 1527 1783 1531 .

963 1549 1194 1584 quemadmodum
1223 1549 1351 1576 llebra-os
1380 1558 1428 1584 per
1452 1550 1590 1577 desertum
1617 1552 1743 1579 columna

963 1594 1083 1622 ducebat
1109 1594 1205 1628 ignea,
1239 1594 1276 1621 ita
1300 1595 1382 1621 etiam
1402 1595 1548 1622 Persarum
1569 1596 1658 1631 Magos
1681 1598 1742 1627 hoc.

963 1641 1036 1676 quod
1064 1641 1129 1675 ipsis
1155 1641 1232 1667 sidus
1257 1648 1317 1667 esse
1342 1640 1497 1674 videbatur,
1522 1641 1593 1668 viam
1612 1650 1745 1677 praemon-

964 1686 1070 1713 stravit.
1093 1685 1145 1712 Sed
1162 1690 1190 1712 et
1209 1685 1278 1719 ipsa,
1303 1692 1364 1719 qum
1389 1690 1452 1712 tunc
1479 1686 1549 1712 Dens
1570 1686 1743 1716 “ulmearum

965 1731 1037 1766 genti
1063 1731 1189 1757 exhibuit
1214 1730 1344 1757 miracula
1362 1736 1388 1757 et
1405 1731 1538 1765 prodigia.
1564 1732 1641 1765 plura
1659 1734 1744 1760 multo

965 1776 1092 1811 gentibus
1102 1776 1286 1810 contigerunt.
1297 1774 1381 1802 Primi
1392 1776 1463 1802 enim
1470 1783 1502 1803 ex
1510 1777 1744 1811 gentibusChristi

966 1822 1125 1849 adoratores
1150 1821 1217 1856 Magi
1239 1821 1360 1848 fuerunt.
1388 1821 1472 1849 Stella
1497 1822 1581 1854 enim,
1609 1827 1638 1849 ut
1665 1824 1746 1851 modo

967 1868 1070 1895 dictum
1083 1871 1135 1899 est,
1153 1862 1263 1893 immota
1280 1867 1447 1894 consistente
1458 1874 1540 1900 supra
1552 1868 1641 1895 locum
1655 1869 1681 1895 in
1693 1876 1747 1902 quo

967 1916 1026 1939 erat
1043 1919 1120 1946 puer,
1145 1911 1213 1945 Magi
1236 1910 1352 1945 ingressi
1372 1915 1446 1943 sunt,
1465 1915 1492 1938 et
1510 1911 1650 1939 inventum
1666 1913 1746 1940 Chri-

968 1962 1040 1984 stum
1058 1964 1120 1984 eum
1137 1957 1197 1983 diva
1218 1961 1305 1983 matre
1319 1956 1378 1991 ejus
1393 1956 1588 1990 adoraverunt,
1603 1959 1748 1985 otierentes

968 2009 1094 2034 munera,
1108 2009 1217 2034 aurum,
1231 2000 1294 2027 thus
1303 2005 1331 2028 et
1343 2001 1492 2036 myrrham.
1503 2001 1650 2028 Considera
1665 2010 1748 2034 nunc,

968 2055 1030 2082 quas
1045 2047 1081 2074 sit
1100 2054 1242 2073 munerum
1257 2046 1328 2073 inter
1345 2053 1405 2072 sese
1420 2047 1576 2073 communio
1586 2063 1595 2078 ,
1610 2054 1670 2080 quae
1689 2048 1750 2081 qui-

969 2092 1044 2123 dem,
1058 2091 1130 2125 quod
1151 2091 1269 2125 speciem
1287 2094 1429 2117 externam
1446 2091 1554 2123 attinet,
1579 2091 1653 2118 nulla
1670 2100 1749 2126 pior-

969 2145 1017 2165 ειη
1045 2141 1096 2170 est,
1123 2137 1170 2163 sed
1195 2136 1268 2170 quod
1294 2136 1328 2163 ad
1352 2144 1473 2168 sensum,
1502 2145 1598 2171 magna
1621 2143 1649 2164 et
1663 2143 1749 2165 arcta.

129 2183 182 2217 τὴν
203 2183 258 2209 τῶν
286 2183 390 2215 Μάγων
416 2182 600 2216 προσκύνησιν
629 2181 735 2212 σταλεὶς
758 2182 833 2216 παρὰ
849 2180 907 2206 Θεοῐ

968 2182 1074 2210 Aurum
1096 2182 1169 2208 enim
1196 2177 1326 2215 tanquam
1343 2181 1400 2215 regi
1416 2182 1592 2215 obtulerunt;
1611 2191 1660 2210 ceu
1677 2191 1750 2209 mor-

127 2229 250 2263 ἄγγελος
268 2226 329 2254 εἷπε
345 2228 413 2263 πρὸς
431 2228 538 2258 αὐτοὺς,
555 2227 597 2252 ἴνα
622 2226 720 2261 μηκέτι
740 2227 807 2261 πρὸς
829 2226 915 2261 Ἡρώ-

126 2276 181 2311 δην
199 2274 393 2309 άνακάμψωσι,
422 2274 469 2299 καὶ
494 2273 528 2299 δι’
547 2273 630 2308 ἄλλης
655 2272 716 2299 ὁδοῦ
739 2272 916 2307 ἀνεχώρησαν

128 2323 172 2352 εἰς
187 2321 237 2356 τὴν
261 2322 353 2355 χώραν
368 2319 469 2345 αὐτῶν.
490 2318 620 2352 Ἄγγελος
635 2317 663 2343 δὲ
688 2316 772 2344 ἐλθὼν
787 2317 861 2350 λέγει
879 2317 918 2351 τῷ

137 2367 251 2402 Ἰωσὴφ,
272 2375 282 2392 ι
304 2366 446 2400 Ιῐαράλαϐε
459 2366 488 2391 τὸ
501 2365 605 2391 παιδίον
619 2364 665 2390 καὶ
679 2364 728 2398 τὴν
751 2365 856 2398 μητέρα
871 2362 918 2388 αὑ-

129 2412 193 2444 τοῦ,
210 2411 388 2446 καὶζπορεύου
406 2413 444 2442 εἰς
456 2411 605 2444 Αἴγυπτον*
622 2409 714 2443 μέλλει
727 2409 780 2443 γὰρ
794 2410 806 2434 6
829 2407 918 2443 Ἠρώ-

130 2458 183 2492 δης
199 2458 292 2492 ζητεῖν
312 2457 362 2492 τὴν
376 2457 464 2492 ψυχὴν
487 2457 535 2482 τοῦ
562 2455 678 2482 παιδίου.
702 2463 711 2479 ι
731 2454 785 2480 Καὶ
799 2453 920 2488 ἀπῆλθεν

129 2504 207 2530 ὲκεί.
228 2503 295 2529 Τότε
312 2503 459 2536 ἐπληρώθη
483 2501 513 2528 τὸ
527 2501 611 2536 ῥηθὲν
632 2501 684 2526 ὑπὸ
701 2499 747 2526 τοῦ
767 2500 919 2534 προφήτου,

132 2559 143 2575 ο
170 2549 217 2580 Ἐξ
230 2548 370 2582 Δίγύπτου
385 2547 504 2574 ἐκάλεσα
518 2546 563 2573 τὸν
575 2546 633 2572 υἱόν
649 2554 710 2580 μου.
727 2554 736 2571 ι
749 2546 816 2571 Τότε
833 2544 921 2579 Ἠρώ-

131 2595 182 2629 5ης
201 2593 262 2620 ιδὼν
276 2593 317 2619 ὃτι
339 2592 487 2627 ἐνεπαίχθη
512 2593 564 2618 ὑπὸ
581 2591 634 2617 τῶν
657 2591 772 2622 Μάγων,
790 2590 918 2624 ἐθυμώθη

130 2638 207 2671 λίαν,
226 2639 273 2664 καὶ
287 2637 468 2669 ἀποστείλας,
491 2636 580 2662 ἀνεῖλε
597 2635 700 2665 πάντας
717 2635 780 2665 τοὺς
798 2635 826 2660 ὲν
842 2633 917 2668 Βηθ-

129 2684 203 2718 λεὲμ
222 2682 330 2714 παῖδας,
343 2682 398 2709 ἀπὸ
413 2681 517 2713 διετοῦς
542 2681 589 2706 καὶ
604 2679 753 2714 κατωτέρω
768 2679 851 2714 μέχρι
870 2679 919 2706 καὶ

129 2728 265 2764 χιλιάδων
282 2727 398 2755 πολλῶν.
412 2728 446 2753 Τί
457 2726 552 2759 τοῦτο;
569 2726 681 2762 Πρῶτον
698 2724 748 2759 μὲν
760 2725 804 2752 ἵνα
820 2724 936 2766 φαίνη-⁴

172 2810 196 2825 δδ
211 2808 345 2843 Mattlmt,
363 2809 405 2842 15,
426 2809 469 2835 14.

970 2229 1028 2259 tali.
1047 2228 1111 2262 quia
1126 2227 1208 2254 homo
1221 2231 1290 2259 erat,
1308 2227 1457 2262 myrrham.
1476 2227 1551 2254 llanc
1562 2227 1592 2254 in
1609 2230 1750 2262 sepultura

971 2277 1143 2300 mortuorum
1160 2271 1293 2298 adhibere
1312 2271 1434 2299 Hebraeis
1453 2272 1480 2298 in
1498 2280 1572 2298 more
1585 2279 1654 2299 erat.
1676 2273 1751 2300 Thus

971 2322 1062 2344 autem
1089 2325 1139 2344 ceu
1163 2317 1220 2343 Deo
1237 2317 1367 2348 oderunt,
1392 2317 1448 2344 Deo
1468 2317 1542 2344 enim
1560 2317 1640 2344 thure
1663 2319 1736 2345 saeri

972 2362 1055 2390 ﬁcare
1072 2366 1205 2388 statutum
1222 2366 1249 2388 et
1264 2362 1388 2388 solemne
1406 2366 1474 2388 erat.
1493 2362 1569 2390 Unde
1589 2362 1665 2390 vides
1684 2371 1748 2398 quo-

973 2407 1055 2435 modo
1065 2407 1134 2442 Magi
1149 2415 1259 2441 quoque
1272 2406 1422 2439 Christum,
1436 2411 1464 2434 et
1479 2407 1562 2435 Deum
1572 2413 1600 2435 et
1614 2409 1751 2436 hominem

973 2461 1036 2481 esse
1053 2453 1170 2481 confessi
1186 2453 1250 2480 sint.
1268 2453 1402 2481 Ceterum
1421 2459 1482 2488 post
1498 2455 1635 2490 Magorum
1653 2456 1753 2483 adora-

976 2498 1078 2526 tionem
1105 2499 1204 2525 missus
1221 2498 1254 2525 ad
1279 2505 1327 2525 eos
1350 2498 1398 2525 Dei
1424 2499 1536 2534 angelus
1561 2501 1700 2534 praecepit,
1719 2508 1754 2526 no

974 2550 1071 2569 rursus
1084 2542 1118 2570 ad
1128 2543 1268 2569 'llerodem
1281 2543 1412 2576 redirent,
1429 2551 1514 2578 quare
1527 2552 1576 2579 per
1589 2544 1671 2571 aliam
1683 2544 1754 2571 viam

974 2589 1102 2616 abierunt
1113 2589 1140 2616 in
1152 2589 1291 2623 regionem
1305 2596 1392 2616 suam.
1404 2590 1618 2625 Angelusautem
1629 2591 1752 2620 veniens.

973 2634 1216 2669 dixitipsiJoseph
1229 2643 1235 2660 :
1250 2634 1380 2661 «Assumo
1389 2643 1504 2669 puerum
1517 2640 1544 2663 et
1555 2641 1668 2662 matrem
1682 2635 1752 2670 ejus.

973 2684 1002 2708 et
1016 2680 1060 2707 abi
1085 2681 1113 2707 in
1129 2679 1286 2715 .Egyptum.
1306 2679 1429 2708 llerodes
1441 2681 1513 2708 enim
1528 2681 1690 2714 quaesiturus
1712 2684 1755 2706 (ει

973 2725 1092 2753 animam
1102 2724 1231 2760 pueri“.t
1245 2724 1277 2752 Et
1286 2724 1559 2753 secessitillue.Tunc
1567 2724 1755 2759 impletumcst
