1946 3081
218 126 273 157 435

803 128 964 159 JDANNIS
984 130 1244 162 CANTACUZENI

1774 132 1826 165 436

218 182 291 217 quod
307 182 329 211 si
348 183 422 210 unita
435 190 496 210 cum
511 183 617 210 semine
631 191 684 211 non
700 189 751 214 est,
767 185 876 219 quando
889 187 993 213 tandem

1051 187 1118 221 ποίῳ
1131 189 1224 221 τρόπῳ
1247 188 1404 222 εὑρίσκεται
1421 188 1566 223 ὴνωμένηζ
1592 188 1617 214 ει
1639 187 1668 214 δὲ
1682 189 1732 215 οὐκ
1754 189 1828 216 ἔστιν

217 236 279 255 cum
298 236 412 262 corpore
437 229 560 260 uniatur,
584 230 655 256 unde
677 231 759 256 etiam
780 231 882 263 veniat,
898 235 926 258 et
948 230 994 256 ubi

216 279 278 300 alite
300 273 445 301 adventum
471 281 551 301 suum
574 274 602 301 in
627 282 725 309 corpus
751 275 884 306 exsistat,
916 279 943 302 et
968 275 996 301 in

216 328 271 354 quo
286 321 345 346 loco
363 326 558 347 commoretur.
572 321 650 353 Quod
665 321 686 347 si
703 321 757 348 ba‘c
771 320 880 354 Cognitu
897 320 997 353 impos-

215 365 305 391 sibilia
325 368 398 395 sunt,
415 372 477 398 quia
498 365 526 391 iit
540 369 567 390 ut
585 365 630 391 Dei
650 365 854 398 generationem
872 372 997 398 perscru-

217 414 319 439 teutur.
352 410 397 444 qui
432 411 570 444 propriam
600 411 694 442 vitam,
725 419 778 445 qua
805 410 911 442 vivunt,
941 418 994 436 non

213 460 394 489 cognoscunt.
413 464 501 489 neque
519 456 609 483 sciunt
625 465 657 482 an
677 457 702 482 in
716 456 867 482 craSIinum
896 455 996 482 victuri

214 500 277 531 sint,
294 500 437 535 inquiru'nt
451 509 501 536 qua
516 503 619 528 ratione
632 501 757 529 Christus
774 503 811 528 sit
826 502 872 528 Dei
889 502 996 530 Filius?

194 546 321 579 ,Quique
346 546 471 579 ignorant
499 547 640 581 cujusuam
664 548 747 582 patris
771 547 821 581 ipsi
845 547 892 574 ﬁlii
917 548 994 580 siut,

213 598 309 619 verum
337 591 435 626 singuli
467 597 584 619 matrum
612 600 722 619 suarum
748 592 838 618 verbis
861 593 992 624 credunt,

213 636 315 670 quibus
337 636 394 663 fieri
417 643 507 671 potest
533 642 562 664 ut
579 638 686 673 decepti
704 638 757 665 alio
777 639 887 665 nomine
905 639 998 673 appel-

212 681 305 709 Lentur
330 691 380 716 pro
404 691 469 710 \‘ero
491 689 520 710 et
544 688 677 718 paterno:
702 685 819 712 credunt
843 689 943 716 tamen.
969 689 998 712 et

215 727 279 754 lalsa
295 736 343 762 pro
354 729 425 755 veris
439 729 593 764 recipiunt.
613 730 806 764 prophetarum
821 735 910 758 autem
925 738 990 758 ora-

214 773 276 800 cula
294 773 435 805 damnant,
462 780 489 802 et
512 775 614 802 Christi
637 783 778 803 sermones
802 780 1009 809 contemnunt,,

213 819 322 854 illisque
353 820 433 847 [idem
463 825 572 854 negant.
608 821 781 856 Quapropter
816 829 992 856 nequaquam

215 865 322 891 illorqu
355 873 468 899 capaces
492 871 565 899 sunt,
590 875 650 901 qua:
671 872 795 894 naturam
819 875 928 894 omnem
946 875 994 894 ex-

214 909 325 940 cedunt.
353 918 413 944 qua:
433 919 482 938 nec
500 912 551 946 ipsi
579 913 665 946 angeli
688 918 803 946 possunt
832 912 994 947 intelligere,

214 957 313 983 nedum
329 963 357 983 ut
379 957 406 983 bi
428 965 478 984 suo
501 957 641 984 intellectu
661 959 835 992 percipiant;
854 959 900 993 qui
920 954 996 993 igno-

214 1007 290 1033 rant,
320 1002 392 1036 quod
421 1002 562 1034 Christus,
596 1011 675 1036 quem
703 1004 755 1038 ipsi
788 1004 905 1031 Verbum
934 1004 992 1035 Dei,

213 1048 330 1074 animam
344 1048 400 1079 Dei,
415 1054 440 1074 et
450 1048 581 1082 Spiritum
595 1049 642 1075 Dei
658 1050 806 1084 appellant,
825 1050 922 1077 millies
935 1057 995 1077 sese

213 1094 311 1120 Filium
331 1095 376 1121 Dei
396 1094 508 1127 dixerit;
531 1101 559 1122 et
575 1096 648 1129 quod
672 1104 686 1122 a
709 1096 799 1123 Verbo
819 1096 866 1123 Dei
886 1095 996 1123 menda-

213 1140 284 1165 cium
301 1139 353 1166 dici
367 1144 394 1166 et
409 1140 566 1166 auuuutiari
586 1140 621 1167 sit
641 1140 822 1174 impossibile,
840 1141 994 1173 impnemc-

213 1185 298 1211 dilate
313 1190 341 1211 et
356 1185 413 1212 sine
428 1186 600 1212 dubitatione
620 1186 737 1213 credunt
755 1186 837 1221 (quis
851 1187 924 1213 enim
940 1191 994 1213 tam

213 1231 313 1257 stultus
329 1236 355 1258 et
371 1231 508 1265 stupidus.
531 1236 612 1258 tanta:
634 1231 688 1258 imo
711 1231 890 1266 impudentiae
911 1236 992 1264 esset,

214 1278 260 1312 qui
279 1277 397 1303 Verbum
426 1277 474 1303 Dei
498 1278 634 1304 mendacii
665 1285 814 1312 coarguere
841 1278 993 1312 auderet?)

213 1324 379 1352 Musuhnaui
405 1329 505 1357 tamen.
537 1332 598 1351 cum
625 1325 768 1352 manifeste
799 1325 910 1359 obloqui
937 1332 993 1351 non

215 1371 332 1404 possint,
357 1370 440 1403 ipsam
466 1370 609 1396 veritatem
639 1371 783 1398 calumniis
807 1371 932 1398 inficiunt
953 1370 994 1397 di-

215 1416 312 1446 cendo,
334 1415 406 1450 quod
421 1415 547 1443 Christus
569 1415 622 1443 hoc
643 1424 697 1443 non
715 1417 826 1448 dixerit,
852 1416 899 1443 sed
913 1415 992 1443 Chri-

214 1461 307 1493 stiani,
327 1460 533 1495 uquuidquam
550 1461 611 1487 boui
629 1461 695 1487 illud
711 1465 900 1495 argumentum
920 1460 992 1496 apud

1048 233 1186 267 ἡνωμένη,
1214 232 1278 259 πότε
1303 233 1420 265 ἑνοῦται,
1445 234 1493 260 καὶ
1528 234 1608 260 πόθεν
1634 233 1755 269 ἔρχεται,
1780 235 1828 261 καὶ

1047 277 1112 310 πρὶν
1134 276 1150 310 ἢ
1176 277 1239 311 ἔλθῃ
1265 277 1316 303 ποῦ
1338 277 1505 311 εὑρίσκεται,
1533 278 1580 304 καὶ
1603 278 1632 303 ὲν
1657 278 1727 312 ποίῳ
1753 278 1828 313 τόπῳ

1047 321 1205 355 αὑλίξεταις
1222 322 1252 348 Ei
1282 322 1310 348 δὲ
1339 322 1425 349 ταῦτα
1453 322 1581 353 ἀδύνατα,
1608 322 1667 354 πῶς
1695 324 1827 358 ἐρευνῶσι

1046 367 1114 393 Θεοῦ
1132 368 1278 401 γέννησινς
1294 368 1348 393 Καὶ
1364 368 1465 399 οἵτινες
1480 368 1531 394 οὐκ
1548 369 1636 396 οἴδασι
1650 369 1699 404 τὴν
1721 370 1827 397 ἑαυτῶν

1047 412 1128 448 ζωὴν,
1140 414 1200 439 οὐδὲ
1216 414 1385 446 ἐπίστανται,
1400 414 1479 449 εἴπερ
1493 414 1636 448 μέλλουσιν
1650 415 1827 448 εὑρίσκεσθαι

1045 459 1094 491 τὴν
1112 457 1205 493 αὔριον
1218 459 1328 490 ζῶντες,
1345 459 1502 491 ἐξετάζουσι
1518 461 1576 492 πῶς
1591 461 1604 487 6
1625 461 1742 494 Χριστὸς
1764 461 1828 492 Υἱὸς

1045 504 1112 530 Θεοῦ
1134 505 1210 538 ἔστη
1228 505 1276 531 καὶ
1301 505 1398 537 οἵτινες
1426 506 1475 532 οὐκ
1501 506 1589 533 οῐδασι
1616 507 1695 532 ποίου
1726 507 1829 542 πατρὸς

1046 550 1100 575 υἱοὶ
1115 550 1302 584 εὑρίσκονται,
1316 550 1371 577 ἀλλ’
1390 551 1506 582 ἕκαστος
1530 551 1677 578 πιστοῦται
1699 553 1755 584 τοῖς
1780 554 1830 587 τῆς

1048 597 1151 631 μητρὸς
1163 596 1245 623 αὑτοῦ
1260 597 1360 631 λόγοις,
1375 597 1449 624 ἔστιν
1464 598 1506 624 ὅτε
1525 598 1570 624 καὶ
1586 597 1733 624 ἀκούουσιν
1749 599 1828 625 ἄλλον

1046 640 1105 667 ἀντ’
1133 640 1224 672 ἄλλου,
1249 642 1295 668 καὶ
1322 643 1493 675 πιστεύουσι,
1517 643 1565 669 καὶ
1590 643 1714 677 δέχονται
1732 643 1767 669 τὰ
1791 644 1830 678 μὴ

1046 686 1109 712 ὄντα
1122 686 1159 717 ὡς
1178 686 1252 718 ὂντα,
1269 686 1333 717 τοὺς
1346 686 1375 713 δὲ
1392 687 1489 720 λόγους
1505 687 1559 713 τῶν
1575 688 1724 722 προφητῶν
1736 697 1830 723 παρα-

1046 732 1207 766 γράφονται,
1220 732 1269 758 καὶ
1286 732 1349 763 τοὺς
1369 731 1416 758 τοῦ
1440 731 1560 767 Χριστοῦ
1576 732 1673 766 λόγους
1689 733 1829 766 ἀθετοῦσι,

1046 777 1093 804 καὶ
1117 777 1147 803 οὐ
1177 777 1346 804 πιστεύουσι.
1378 777 1423 803 Διὸ
1452 777 1528 804 οὐδέν
1564 779 1635 804 εέσιν
1670 779 1756 805 [κανοὶ
1785 779 1831 805 ἵνα

1049 823 1167 857 νοήσωσι
1181 823 1215 849 τὰ
1231 823 1300 858 ὑπὲρ
1313 822 1406 857 φύσιν,
1424 823 1471 849 καὶ
1485 822 1502 849 ἃ.
1517 822 1577 849 οὐδὲ
1592 823 1668 849 αὐτοὶ
1680 824 1704 849 oi
1717 822 1830 857 ἄγγελοι

1049 870 1176 896 δύνανται
1202 869 1243 895 ἵνα
1267 869 1394 904 νοήσωσι,
1411 869 1457 895 καὶ
1481 869 1525 895 ἵνα
1546 869 1648 904 βάλωσι
1669 869 1740 896 κατὰ
1765 869 1831 896 νοῦν

1046 915 1136 942 αὐτῶν
1159 915 1184 941 οἱ
1207 914 1379 950 ἀναίσθητοι,
1396 915 1434 945 ὼς
1450 916 1463 940 6
1478 915 1605 948 Χριστὸς,
1621 915 1650 941 ὃν
1663 915 1786 948 λέγουσιν
1801 915 1828 940 οἱ

1046 959 1253 994 Μουσουλμάνοι
1269 960 1357 994 Λόγον
1384 959 1464 991 Θεοῦ,
1485 960 1532 986 καὶ
1557 959 1647 995 ψυχὴν
1673 960 1752 992 θεοῦ,
1778 960 1829 986 καὶ

1045 1006 1157 1040 Πνεῦμα
1172 1005 1249 1037 Θεοῦ,
1266 1003 1327 1032 εἶπε
1344 1005 1471 1041 μυριάκις
1487 1005 1523 1037 ὡς
1535 1005 1599 1037 Υἱός
1616 1007 1674 1032 ἐστι
1688 1005 1734 1032 τοῦ
1746 1005 1829 1037 Θεοῦ,

1046 1053 1092 1080 καὶ
1116 1053 1177 1078 ἐπεὶ
1203 1052 1257 1078 ἀπὸ
1282 1051 1331 1078 τοῦ
1367 1052 1454 1085 Λόγου
1479 1051 1526 1078 τοῦ
1553 1051 1622 1078 Θεοῦ
1649 1051 1747 1086 ψεῦδος
1770 1052 1830 1078 τῶν

1045 1098 1184 1124 ἀδυνάτων
1221 1098 1296 1124 ἐστὶν
1335 1097 1470 1130 ἐξελθεῖν,
1505 1098 1740 1133 ἀλογοπραγήτως
1777 1098 1828 1124 καὶ

1045 1142 1232 1174 ἀνεξετάστως
1259 1141 1290 1168 οὐ
1318 1141 1477 1168 πιστεύουσι
1505 1141 1594 1168 ¹τοῦτο.
1623 1141 1676 1167 Καὶ
1702 1141 1742 1172 τίς
1767 1141 1828 1168 ἐστι

1046 1187 1137 1222 μωρὸς
1168 1187 1216 1214 καὶ
1237 1187 1399 1220 ἀναίσθητος
1425 1186 1565 1218 τοσοῦτον,
1582 1186 1622 1212 ἔτι
1643 1185 1670 1212 δὲ
1691 1186 1738 1212 καὶ
1751 1186 1829 1212 ἀναί-

1045 1242 1165 1268 σχυντος,
1188 1234 1202 1260 6
1227 1233 1332 1267 μέλλων
1356 1224 1503 1268 τολμήσειν
1524 1233 1613 1259 εἰπεῖν
1638 1233 1679 1258 ὄτι
1698 1232 1751 1258 ἀπὺ
1775 1231 1825 1258 τοῦ

1044 1281 1132 1313 Λόγου
1149 1279 1195 1306 τοῦ
1211 1279 1278 1306 Θεοῦ
1304 1279 1415 1305 δύναται
1439 1277 1537 1312 ψεῦδος
1558 1278 1693 1310 ἑξελθεῖνς
1714 1278 1745 1304 Oi
1760 1277 1828 1312 γοῦν

1043 1323 1251 1358 Μουσουλμάνοι
1282 1324 1409 1358 φανερῶς
1433 1324 1573 1350 ἀντειπεῖν
1599 1323 1636 1358 μὴ
1663 1323 1826 1357 δυνὰμενοι,

1043 1369 1214 1396 διαὸἀλλουσι
1239 1370 1290 1404 τὴν
1316 1369 1455 1403 ἀλήθειαν,
1483 1369 1618 1403 λέγοντες,
1645 1370 1685 1396 ὃτι
1709 1369 1827 1404 Χριστος

1043 1416 1093 1441 οὐκ
1125 1413 1186 1441 εἷπε
1211 1415 1300 1448 τοῦτο,
1334 1415 1393 1442 ἀλλ’
1418 1416 1442 1441 oi
1469 1415 1638 1450 Χριστιανοί.
1666 1416 1720 1441 Καὶ
1749 1415 1829 1441 οὐδὲν

1043 1461 1199 1495 ἐνεργεῖται
1226 1460 1306 1487 τοῦτο
1334 1461 1425 1492 καλῶς
1448 1459 1513 1495 παρ’
1540 1461 1638 1492 αὐτῶν,
1663 1460 1721 1487 ἀλλ’
1744 1461 1827 1495 ἡμεῖς

215 1507 277 1534 illos
291 1506 398 1534 cllicere
419 1511 516 1542 μοωει.
533 1506 589 1535 Nos
609 1515 676 1534 vero
695 1506 843 1536 Christiani
852 1507 989 1538 dicimus,

1047 1508 1071 1534 oi
1084 1507 1243 1543 Χριστιανοὶ
1256 1506 1383 1543 λέγομεν,
1400 1507 1441 1534 ὅτι
1461 1505 1634 1542 γινώσκομεν
1648 1507 1712 1538 τοὺς
1728 1506 1829 1540 λόγους

214 1553 286 1587 quod
317 1553 417 1581 Christi
447 1554 539 1585 verba,
573 1554 675 1587 quibus
701 1554 878 1588 Evangelium
905 1554 994 1581 couti-

214 1604 306 1631 netur,
327 1607 519 1634 agnoscamus.
547 1599 710 1626 Musulmani
734 1605 825 1627 autem
848 1600 994 1634 dupliciter

215 1649 346 1676 peccant;
364 1645 461 1678 partim
483 1645 594 1679 quidem
611 1644 682 1679 quod
703 1653 757 1671 non
780 1645 897 1672 credunt
916 1645 995 1672 Chri-

213 1694 284 1716 stum
299 1697 359 1717 esse
370 1690 415 1716 Dei
428 1690 536 1722 Filium,
551 1691 649 1725 partim
661 1698 727 1718 Vero
738 1690 811 1725 quod
824 1690 993 1718 Christianos

216 1735 251 1762 de
273 1735 355 1762 rebus
374 1736 426 1762 sibi
454 1743 565 1770 quoque
594 1736 694 1770 ignotis
725 1741 865 1763 accusant.
896 1736 994 1764 Dicunt

213 1785 327 1808 autem:
347 1781 489 1814 Quomodo
509 1786 550 1808 est
574 1781 707 1816 possibile
730 1781 815 1809 Deum
831 1781 933 1808 habere
951 1781 994 1808 Fi-

213 1827 280 1855 lium
298 1827 357 1854 sine
384 1827 521 1854 muliere?
540 1827 575 1854 Et
600 1827 662 1862 quis
687 1832 742 1855 tam
769 1827 869 1854 stultus
889 1831 917 1854 et
937 1832 994 1854 slu-

214 1873 305 1908 pidus,
333 1878 363 1900 ut
389 1878 496 1900 tantum
523 1873 626 1900 crimen
651 1877 679 1900 et
704 1873 870 1907 impietatem
897 1873 994 1900 admit-

215 1919 308 1946 teret?
333 1919 447 1946 Dcceret
471 1925 556 1950 vero,
585 1922 614 1944 ut
640 1918 700 1945 sine
723 1918 798 1945 omni
822 1918 993 1945 dubitatione

214 1963 271 1990 haec
298 1971 348 1998 pro
376 1963 463 1997 ipsius
486 1963 588 1990 Christi
613 1963 706 1990 verbis
729 1964 894 1998 reciperent.
924 1963 993 1991 Cum

214 2014 306 2035 autem
327 2009 481 2043 inquirunt.
508 2013 536 2036 et
560 2009 718 2044 diligentius
743 2009 933 2044 curiosiusque
957 2010 994 2036 ri—

213 2059 334 2086 mantur,
351 2053 496 2082 manifeste
519 2061 641 2089 apparet,
658 2055 731 2089 quod
752 2063 805 2082 nec
825 2055 901 2082 illum
916 2063 994 2083 vera-

213 2108 272 2127 cem
289 2107 349 2127 esse
363 2100 489 2131 credunt,
505 2107 587 2134 quem
610 2100 658 2127 Dei
682 2100 801 2128 Verbum
824 2108 886 2128 esse
910 2101 994 2128 conti.

213 2149 306 2172 tentur
317 2153 325 2177 ;
337 2145 392 2172 imo
406 2152 456 2172 nec
466 2144 592 2177 Abrahae,
608 2153 658 2173 nec
669 2145 776 2178 Davidi,
789 2153 838 2173 nec
852 2146 992 2180 prophetis

213 2190 294 2217 fidem
312 2191 424 2218 habent.
447 2190 665 2219 lucredulitatem
686 2192 758 2218 enim
777 2193 902 2226 sequitur
917 2193 993 2227 igno-

212 2237 311 2263 rantia.
325 2236 406 2263 lsaias
420 2236 492 2263 enim
507 2237 574 2264 dicit
589 2246 595 2263 :
619 2247 628 2263 ι
653 2237 709 2264 Nisi
727 2237 910 2270 credideritis,
936 2245 990 2264 non

212 2281 371 2316 intelligetis
395 2282 430 2309 '°.
449 2291 458 2307 ι
476 2282 644 2316 lntelligisne
664 2284 801 2317 quomodo
816 2283 883 2310 ﬁdes
897 2283 991 2317 coguiv

212 2327 336 2359 tionem,
370 2327 546 2355 incredulitas
579 2336 644 2355 vero
670 2329 850 2363 ignorantiam
881 2328 992 2363 pariat?

213 2372 294 2400 Fides
306 2377 395 2399 autem
418 2380 471 2399 nou
489 2378 529 2400 est
545 2381 636 2400 rerum
656 2374 815 2401 visibilium.
837 2375 902 2406 Quae
917 2375 991 2402 cnim

212 2418 351 2450 videntur,
376 2417 428 2444 (ide
446 2419 519 2446 nulla
535 2418 678 2453 indigent;
702 2419 773 2446 clara
793 2419 866 2446 enim
888 2427 938 2454 per
963 2427 993 2447 se

211 2469 286 2490 sunt.
309 2463 389 2491 Fides
408 2467 498 2490 autem
520 2471 614 2491 earum
630 2472 721 2491 rerum
744 2469 786 2491 est
804 2472 864 2499 qua:
883 2472 933 2492 nee
954 2465 992 2491 vi-

212 2509 322 2540 dentur,
347 2516 398 2536 nec
421 2509 563 2536 intellectu
591 2510 790 2544 percipiuntur.
813 2510 989 2545 Nequaquam

212 2555 295 2589 igitur
307 2562 354 2582 vos
370 2555 426 2581 lucc
438 2555 575 2582 curiosius
591 2555 754 2589 investigare
769 2555 924 2589 oportebat,
940 2562 991 2582 nec

211 2601 345 2627 adversus
362 2600 503 2627 veritatem
529 2600 708 2632 contendere,
730 2600 778 2626 sed
798 2601 874 2634 sequi
893 2605 920 2627 et
942 2608 990 2634 pa-

212 2654 272 2674 rere
299 2646 409 2673 Abraha:
425 2650 452 2673 et
471 2646 624 2680 prophetis,
647 2650 675 2672 et
700 2647 836 2680 imprimis
859 2646 989 2679 Christo;

210 2700 262 2722 nec
289 2693 401 2726 privatae
431 2692 563 2718 voluntati
592 2695 618 2718 et
643 2691 757 2718 arbitrio
787 2691 991 2718 consentientes

212 2738 324 2766 dicere:
347 2736 516 2771 [inpossibile
539 2740 582 2765 est
604 2735 660 2763 Deo
675 2743 736 2764 esse
759 2736 867 2769 Filium,
892 2741 920 2763 ut
935 2745 989 2764 non

245 2825 267 2842 "'
286 2825 335 2854 lsa.
351 2833 396 2857 vu,
413 2825 438 2854 9.

1044 1554 1090 1581 τοῦ
1119 1553 1248 1589 Χριστοῦ,
1278 1553 1302 1579 οι
1331 1552 1439 1587 ἔχοντες
1468 1553 1498 1580 τὸ
1530 1551 1708 1586 Εὑαγγέλιον.
1740 1552 1771 1578 οι
1797 1552 1828 1578 δὲ

1043 1599 1252 1634 Μουσουλμάνοι
1277 1598 1386 1626 ποιοῦσι
1408 1599 1520 1626 διπλοῦν
1540 1599 1571 1625 τδ
1593 1598 1694 1626 κακόψ
1712 1598 1743 1624 τὸ
1762 1597 1827 1632 μὶν,

1043 1647 1084 1673 ὃτι
1097 1645 1128 1672 οὑ
1143 1644 1317 1672 πιστεύουσιν
1329 1645 1366 1676 ὡς
1380 1647 1394 1671 6
1405 1645 1521 1680 Χριστὸς
1534 1645 1598 1676 Υἱὸς
1608 1644 1655 1670 τοῦ
1669 1643 1735 1670 Θεοῦ
1747 1644 1807 1669 ἑστι
1819 1651 1828 1659 -

1043 1692 1073 1719 τὸ
1086 1692 1118 1724 δ’,
1133 1692 1172 1718 ὅτι
1197 1691 1380 1726 κατηγοροῦσι
1405 1691 1469 1722 τοὺς
1494 1691 1685 1726 Χριστιανοὺς,
1704 1690 1744 1721 εἰς
1757 1688 1776 1716 ἃ
1793 1689 1828 1715 οὒ

1043 1737 1222 1772 γινώσκουσιν
1244 1737 1269 1763 οι
1291 1736 1508 1770 Μουσουλμάνοι,
1535 1736 1603 1762 ἀλλὰ
1630 1735 1767 1772 λέγουσιν,
1783 1735 1827 1761 ὅτι

1044 1782 1106 1814 Πῶς
1125 1783 1183 1808 ἐστι
1202 1782 1316 1808 δυνατὸν
1331 1781 1403 1816 ἔχειν
1426 1781 1473 1808 τδν
1487 1780 1554 1807 Θεὸν
1570 1780 1635 1807 Tib;
1649 1780 1712 1807 ἄνευ
1731 1788 1830 1813 γυναι-

1045 1827 1110 1858 κόςς
1127 1827 1174 1853 καὶ
1190 1827 1264 1858 ποῖος
1278 1826 1369 1860 μωρὸς
1385 1826 1433 1853 καὶ
1442 1825 1607 1861 ἀναίσθητος
1620 1825 1711 1859 μέλλει
1723 1825 1826 1851 ὑπολα-

1044 1873 1101 1898 6εῖν
1115 1871 1145 1898 τδ
1165 1871 1292 1898 τοσοῦτον
1311 1872 1395 1898 κακὸν
1422 1872 1469 1898 καὶ
1497 1871 1546 1906 τὴν
1570 1871 1717 1902 ὰσέὄειανς
1733 1869 1826 1896 Καλὴν

1043 1914 1088 1951 ἦν,
1109 1916 1152 1943 ῐνα
1167 1916 1354 1953 ἀνεξετάστως
1373 1916 1504 1950 δέχωνται
1522 1915 1613 1947 τοῦτο,
1626 1915 1663 1947 ὡς
1678 1914 1761 1941 αὐτοῦ
1775 1914 1825 1940 τοῦ

1043 1963 1162 1997 Χριστοῦ
1177 1962 1283 1996 λόγους.
1297 1962 1328 1988 Ei
1340 1963 1368 1988 δὲ
1383 1961 1541 1995 ἐξετάζουσι
1562 1963 1609 1988 καὶ
1625 1961 1826 1995 πολυπραγμο-

1043 2008 1130 2040 νοῦσι,
1143 2008 1274 2041 πρόδηλον
1296 2007 1336 2034 ὅτι
1356 2007 1386 2033 ὃν
1407 2006 1569 2041 ὁμολογοῦσι
1583 2007 1677 2040 Λόγον·
1692 2006 1772 2038 Θεοῦ,
1794 2005 1826 2032 οὐ

1043 2054 1215 2081 πιστεύουσιν
1228 2054 1268 2080 ὅτι
1283 2054 1384 2088 ἀληθής
1395 2054 1479 2084 ἐστιν,
1491 2053 1549 2080 ἀλλ’
1562 2053 1622 2079 οὐδὲ
1634 2053 1678 2079 τὸν
1693 2052 1825 2086 Ἃὸραὰμ

1044 2101 1091 2127 καὶ
1110 2101 1155 2127 τδν
1169 2099 1251 2126 Δα6.δ
1264 2101 1310 2126 καὶ
1333 2101 1396 2131 τοὺς
1411 2100 1565 2135 προφήτας.
1583 2099 1623 2134 Τῇ
1641 2098 1695 2133 γὰρ
1708 2098 1825 2132 ἀπιστίᾳ

1045 2146 1222 2172 ἐπακολουθεῖ
1250 2145 1356 2178 ἄγνοια.
1369 2146 1438 2180 Φησὶ
1452 2145 1506 2178 γὰρ
1525 2145 1648 2175 Ἡσαΐας,
1667 2152 1677 2169 ‹
1697 2143 1760 2170 Ἐὰν
1786 2144 1825 2178 μὴ

1046 2192 1219 2227 πιστεύσητε,
1234 2192 1264 2218 οὐ
1292 2191 1328 2226 μὴ
1355 2192 1470 2220 συνεῖτε,
1487 2199 1496 2216 ι
1513 2190 1626 2221 Βλέπεις
1648 2189 1706 2220 πῶς
1720 2191 1752 2223 τῇ
1775 2190 1825 2224 μὲν

1046 2239 1136 2264 πίστει
1163 2238 1258 2264 ἕπεται
1283 2237 1391 2271 γνῶσις,
1407 2238 1440 2271 τῇ
1458 2237 1486 2262 δὲ
1506 2236 1621 2270 ἀπιστίᾳ
1646 2235 1827 2261 ἐπακολουθεῖ

1045 2285 1158 2316 ᾶγνηια;
1176 2283 1271 2312 πίστις·
1293 2283 1346 2316 γὰρ
1373 2281 1422 2307 οὐκ
1442 2281 1500 2307 ἔστι
1527 2280 1698 2315 πραγμάτων
1722 2279 1821 2314 βλεπο-

1047 2330 1134 2363 μένων
1157 2328 1212 2354 ·τὰ
1248 2328 1300 2362 γὰρ
1327 2327 1479 2362 βλεπόμενα
1508 2326 1538 2352 οὐ
1562 2326 1666 2352 δέονται
1693 2327 1825 2358 πίστεως,

1046 2376 1149 2410 φανερὰ
1176 2375 1229 2410 γάρ
1255 2375 1344 2400 εἰσιν·
1369 2374 1385 2408 ὴ
1414 2373 1443 2400 δὲ
1465 2373 1555 2404 πίστις
1583 2372 1620 2407 μὴ
1649 2373 1826 2407 βλεπομένων

1046 2420 1228 2455 πραγμάτων,
1250 2418 1317 2453 μηδὲ
1341 2418 1548 2452 γινωσκομένων
1565 2417 1648 2444 ἐστιν.
1668 2417 1742 2443 Ἔδει
1759 2417 1827 2450 γοῦν

1045 2466 1092 2492 καὶ
1115 2466 1188 2500 ὑμᾶς
1213 2465 1248 2500 μὴ
1276 2464 1525 2502 πολυπραγμονεῖν,
1544 2463 1611 2498 μηδὲ
1637 2463 1825 2497 ἀντιφερίζειν

1044 2511 1112 2545 προς
1137 2510 1187 2544 τὴν
1212 2509 1350 2544 ἀλήθειαν,
1365 2508 1423 2534 ἀλλ’
1452 2508 1567 2534 ἕπεσθαι
1593 2507 1640 2534 καὶ
1663 2508 1824 2534 ἀκολουθεῖν

1047 2555 1173 2590 Ἀϐραὰμ
1191 2556 1237 2582 καὶ
1261 2556 1318 2586 τοῖς
1340 2556 1504 2588 προφήταις,
1522 2553 1623 2592 μᾷὶ.λον
1642 2554 1670 2580 δὲ
1693 2553 1768 2588 αὐτῷ
1782 2554 1821 2587 τῷ

1041 2601 1162 2636 Χριστῷ,
1187 2601 1235 2627 καὶ
1261 2601 1296 2635 μὴ
1333 2600 1507 2634 στοιχοῦντας
1535 2600 1573 2634 τῷ
1605 2600 1660 2634 ἰδίῳ
1687 2600 1822 2634 θελήματι

1041 2646 1145 2678 λέγειν,
1168 2646 1209 2672 ὅτι
1237 2645 1367 2672 ἀδύνατόν
1394 2646 1468 2671 ἐστιν
1489 2645 1562 2680 ἐχειν
1587 2644 1632 2670 τὸν
1659 2645 1724 2670 Θεῆν
1746 2645 1821 2677 Υἰὺν,

1043 2693 1140 2726 μήπως
1169 2691 1216 2726 (ὡς
1248 2691 1310 2726 φὴς)
1343 2688 1393 2717 ὦσι
1425 2692 1473 2717 καὶ
1499 2690 1635 2726 σχίσματα
1660 2692 1689 2716 ἐν
1717 2691 1822 2721 αὐτοῖς.

1042 2737 1227 2771 “Lm/noenu
1251 2738 1306 2772 γὰρ
1330 2737 1378 2772 τῆς
1407 2736 1523 2772 ἀληθοῦς
1553 2738 1599 2763 καὶ
1621 2737 1727 2769 εὐθείας
1747 2738 1820 2771 ὀδοῦ,
