1946 3081
186 175 238 208 451

187 229 390 261 descenderunt
408 224 520 259 Joscphi
544 222 642 250 fratres
665 219 693 246 in
708 218 867 253 Egyptum,
883 219 912 242 ut
928 215 970 240 in-

189 260 317 306 venirent
336 274 478 301 alimenta.
495 268 594 307 .loseph
621 273 685 292 vero
711 263 832 297 cognitis
848 260 977 288 fratribus

192 324 260 354 suis,
272 328 320 348 eos
334 320 413 348 aluit,
426 316 529 343 oblitus
550 311 692 340 commissi
713 310 747 336 ab
762 309 816 336 illis
831 307 977 334 adversum

193 377 223 396 se
239 365 381 394 facinoris,
394 363 524 390 advocato
546 357 627 386 simul
643 357 675 383 ad
689 363 717 383 se
733 359 808 389 patre
822 360 871 379 suo
884 350 979 379 Jacob.

193 413 245 441 Sed
259 413 302 439 hic
317 416 396 446 typus
408 413 468 436 erat
479 405 591 435 Christi.
603 400 838 436 Quemadmodum
850 398 922 425 enim
935 397 981 424 Jo-

194 457 259 490 seph
275 464 289 481 a
309 444 447 489 germanis
461 451 519 478 suis
535 449 666 476 fratribus
681 447 810 472 damnum
825 444 980 476 malumque

195 501 310 535 accepit.
322 500 368 526 sed
382 498 464 531 hujus
473 497 615 522 immemor
628 494 727 519 bonum
743 498 790 524 pro
800 488 870 515 malo
883 495 982 520 repen-

196 548 236 575 dit
252 546 383 574 fratribus
401 543 428 570 in
442 550 471 569 se
495 541 613 576 injuriis,
632 539 670 566 sic
685 543 712 564 et
732 535 858 563 Christus
879 533 981 560 invidia

197 597 311 620 vexatus
335 599 350 617 ιι
374 587 552 623 popularibus
568 585 625 611 suis
643 582 754 613 Judatis,
772 579 899 615 ligandus
913 582 981 610 erat,

199 642 227 664 et
256 637 282 663 in
301 635 457 670 sepulcrum
488 640 537 658 ceu
565 631 710 657 cisternatn
740 624 930 660 deponendus,
958 627 985 648 et

200 669 351 710 tradendus
368 679 459 707 nmrti.
473 677 526 704 Sed
542 673 771 711 quemadmodum
787 670 888 704 Joseph
902 669 985 703 Egy-

199 729 238 763 pti
264 727 415 754 dominium
431 727 606 752 consecutus,
631 725 736 755 patrem
756 723 783 745 et
806 715 904 744 fratres
917 723 986 742 suos

200 762 215 801 a
246 779 345 802 morte,
363 779 410 806 per
439 770 536 796 famem
563 768 616 794 illis
645 766 818 795 imminente,
837 762 995 789 liberavit:-

201 820 241 847 sic
257 824 285 846 et
303 818 430 845 Christus
448 823 509 842 cum
528 818 621 849 portas
646 811 741 838 mortis
757 809 944 839 contrivissct,
960 811 988 833 et

201 865 374 892 dissolvisset
400 861 501 889 diaboli
521 859 678 893 imperium,
705 856 825 883 servavit
842 854 988 881 credenti-5

782 147 943 190 missis
964 149 1230 185 CANTACUZENl
1249 177 1273 186 η,

986 217 1006 242 Α
1030 220 1081 242 σας
1111 209 1174 240 τοὺς
1202 205 1333 238 ἀδελφοὺς
1355 200 1467 233 αὐτοῦ,
1498 198 1612 234 ἔθρεψεν
1637 196 1753 228 αὐτοὺς,
1780 195 1818 230 μὴ

1761 136 1817 168 452

1033 241 1161 292 μνησθεὶς
1175 253 1222 280 τοῦ
1235 252 1298 287 παρ’
1311 249 1400 276 αὐτῶν
1416 246 1560 282 γεγονότος
1574 245 1614 275 εῑς
1629 242 1711 269 αὑτὸν
1722 241 1820 276 ἀδική-

1033 311 1127 338 ματος,
1143 298 1402 336 προσκαλεσάμενος
1414 296 1462 323 καὶ
1479 294 1527 320 τὸν
1541 292 1651 327 πατέρα
1666 290 1749 318 αὑτοῦ
1768 290 1821 316 Ἰα-

1032 349 1101 376 κώὸ.
1113 348 1199 374 Τοῦτο
1213 347 1241 373 δὲ
1252 345 1285 381 ἦν
1292 345 1376 375 τύπος
1389 344 1435 370 τοῦ
1445 340 1577 376 Χριστοῦ,
1588 339 1710 374 δηλονότι
1725 338 1822 371 ὥσπερ

1033 397 1047 421 ό
1070 394 1169 428 Ἰωσὴφ
1190 392 1276 426 εὑρὼν
1294 389 1369 425 παρὰ
1384 389 1440 415 τῶν
1457 387 1566 414 οἰκείων
1581 385 1707 419 ἀδελφῶν
1723 384 1820 414 κακὸν,

1034 443 1079 469 καὶ
1090 440 1288 476 ἀμνημονήσας
1304 438 1411 468 τούτου,
1428 434 1489 461 ἀντὶ
1497 433 1584 460 κακοῦ
1601 431 1692 466 ἀγαθὰ
1702 430 1824 457 ἀνταπέ-

1034 489 1104 514 δωκε
1122 488 1176 517 τοῖς
1200 485 1360 519 ἀδικήσασιν
1383 481 1465 508 αὐτὸν
1485 480 1623 514 ἀδελφοῖς,
1647 478 1718 504 οὕτω
1741 477 1790 503 καὶ
1809 477 1824 503 ὸ

1035 532 1152 567 Χριστὸς
1170 530 1314 565 φθονηθεὶς
1334 528 1409 562 παρὰ
1423 527 1478 554 τῶν
1499 525 1639 560 ὁμογενῶν
1655 523 1737 551 αὑτοῦ
1759 523 1826 549 Ἰου-

1036 580 1128 610 δαίων,
1148 578 1239 613 μέλλει
1261 576 1370 610 δεθῆναι
1388 575 1434 600 καὶ
1458 574 1499 604 εις
1512 573 1558 598 τὸν
1580 572 1666 606 τάφον
1691 571 1753 597 ἀντὶ
1775 570 1824 596 τοῦ

1036 626 1138 652 λάκκου
1153 623 1295 654 εἰσελθεῖν,
1309 622 1355 648 καὶ
1368 620 1408 656 τῷ
1420 620 1528 654 θανάτῳ
1540 618 1741 653 παραδοθῆναι.
1751 616 1829 643 Ἀλλ’

1038 669 1131 701 ὥσπερ
1147 668 1281 701 όΊωσὴφ,
1297 665 1443 700 γενόμενος
1459 663 1550 699 ἄρχων
1568 663 1659 698 πάσης
1673 663 1826 696 Αἰγύπτου,

1038 715 1174 750 ἐρρύσατο
1196 713 1240 739 τὸν
1256 712 1362 745 πατέρα
1377 710 1460 737 αὐτοῦ
1481 712 1528 736 καὶ
1548 710 1610 740 τοὺς
1624 709 1757 743 ἀδελφοὺς
1772 709 1820 735 τοῦ

1038 760 1083 786 διὰ
1093 759 1172 793 λιμοῦ
1185 758 1314 784 θανάτου’
1326 756 1397 782 οὕτω
1410 756 1456 781 καὶ
1465 756 1478 781 ὁ
1489 755 1605 789 Χριστὸς
1618 755 1766 788 συντρίψας
1777 753 1829 784 τὰς

1039 806 1127 835 πύλας
1150 804 1196 830 τοῦ
1217 803 1344 834 θανάτου,
1367 803 1414 829 καὶ
1431 801 1586 832 καταλύσας
1603 800 1632 826 τὸ
1653 801 1753 836 κράτος
1778 799 1828 827 τοῦ

1040 851 1175 880 διαϐόλου,
1191 850 1276 875 ἔσωσε
1294 849 1357 879 τοὺς
1374 848 1414 879 εἰς
1431 848 1513 873 αὑτὸν
1529 846 1740 878 πιστεύσαντας,
1761 846 1831 872 Ἰουο

202 913 229 939 in
248 911 336 945 ipsum
365 916 396 935 ex
417 907 519 934 Judazis
539 911 566 931 et
590 903 729 938 gentibus,
749 902 815 935 quin
842 905 870 926 et
898 899 987 932 ipsum

1056 897 1132 927 αἷους
1147 904 1177 921 τε
1196 895 1242 920 καὶ
1258 894 1292 919 τὰ
1308 893 1383 926 ἔθνη,
1403 892 1472 918 ἀλλὰ
1486 891 1518 926 δὴ
1542 891 1589 917 καὶ
1603 891 1649 917 τὸν
1666 891 1832 932 τιροπάτορα

203 957 321 992 primum
340 959 482 989 parentem
495 951 591 978 Adam.
607 949 689 976 Et-Ja
708 948 754 978 ob,
772 951 801 972 ut
817 946 918 972 dictum
936 948 989 975 est,

204 1002 351 1036 Aigyptnm
380 999 521 1033 ingressus
546 1003 609 1023 cum
639 993 784 1021 anitnabus
815 990 988 1024 septuaginta

206 1047 336 1080 quinque,
358 1043 454 1070 mansit
471 1043 528 1069 illic
542 1049 627 1075 lisque
645 1041 678 1066 ad
692 1045 799 1072 tempus
815 1037 911 1064 mortis
921 1043 990 1062 sum.

208 1091 315 1120 [ictenti
342 1098 407 1117 vero
423 1095 487 1115 sunt
507 1089 563 1114 illic
588 1086 690 1121 posteri
710 1086 769 1120 ejus
783 1084 863 1110 antris
880 1081 992 1109 circiter

207 1136 417 1172 quadringentis
441 1139 469 1161 et
495 1134 617 1168 triginta.
635 1131 787 1159 servientes
802 1127 940 1156 Pharaoni
966 1131 994 1153 et

209 1183 345 1219 Egyptiis
361 1182 495 1209 servitute
511 1180 583 1207 tristi
600 1185 627 1206 et
642 1177 771 1205 luctifica.
792 1175 857 1202 Post
873 1175 930 1200 haec
947 1180 995 1199 au—

211 1234 265 1256 tent
285 1229 357 1255 Deus
374 1228 458 1254 misso
483 1226 557 1252 Mose
579 1223 675 1251 eduxit
690 1227 718 1249 ct
743 1220 871 1248 liberavit
898 1226 946 1246 eos
963 1225 995 1244 ex

199 1275 344 1312 servitute
358 1271 507 1299 Pharaonis
523 1276 550 1298 et
563 1269 764 1305 Egyptiorum,
777 1274 839 1294 cum
854 1265 950 1292 ederet
968 1263 991 1290 is

214 1320 345 1348 miracula
359 1324 386 1346 et
402 1319 525 1354 prodigia
547 1324 644 1350 magna
665 1315 691 1342 in
710 1314 837 1349 Aigypto,
853 1317 881 1339 et
898 1311 997 1337 educe-

215 1370 259 1394 ret
273 1367 347 1401 ipsos
366 1374 413 1400 per
431 1372 505 1391 mare
520 1360 642 1390 Rubrum
664 1360 760 1387 divisis
777 1364 805 1385 et
818 1357 913 1384 scissis
930 1355 998 1382 fluc-

218 1413 304 1444 tibus,
321 1412 490 1439 Pharaonem
509 1414 599 1436 autern
626 1415 688 1434 cum
712 1405 784 1433 omni
802 1411 851 1431 suo
876 1401 998 1429 exercitu

218 1458 400 1492 demergeret.
418 1455 520 1482 Judazis
545 1458 635 1480 autent
663 1453 744 1486 longo
762 1455 884 1483 tempore
908 1448 934 1474 in
955 1447 1001 1472 de-

217 1509 293 1530 certo
317 1501 552 1529 commorantibus
578 1499 650 1525 Deus
668 1503 765 1523 manna
787 1495 872 1521 dedit.
888 1492 921 1519 Ili
936 1498 1001 1518 vero

1048 944 1143 977 Ἀδάμ..
1160 942 1214 969 Καὶ
1230 941 1314 968 ὲλθὼν
1329 942 1368 972 εις
1386 940 1523 973 Αἴγυπτον
1542 938 1556 963 ὁ
1577 937 1684 970 Ἰακὼϐ,
1700 937 1737 968 ὡς
1753 936 1835 972 εἴρη-

1042 999 1097 1020 ται,
1115 989 1182 1023 μετὰ
1197 988 1382 1022 ἐϐδομήκοντα
1395 986 1475 1012 πέντε
1491 984 1598 1019 ψυχῶν,
1621 983 1728 1018 ἔμεινεν
1741 983 1834 1009 ἐκεῖσε

1045 1037 1127 1071 μέχρι
1148 1035 1198 1068 τῆς
1218 1034 1345 1068 τελευτῆς
1361 1031 1455 1058 αὑτοῦ.
1473 1030 1721 1065 Προσεκαρτέρησε
1742 1030 1769 1056 δὲ
1785 1029 1835 1056 καὶ

1046 1084 1119 1109 ᾶπαν
1133 1083 1162 1108 τὸ
1177 1082 1254 1114 γένος
1272 1079 1353 1106 αὐτοῦ
1371 1079 1460 1105 ἐκεῖσε
1484 1077 1566 1112 μέχρι
1589 1077 1635 1103 καὶ
1652 1077 1720 1103 ὲτῶν
1735 1084 1835 1107 τετρα-

1046 1129 1146 1155 κοσίων
1173 1127 1220 1153 καὶ
1243 1125 1401 1160 τριάκοντα,
1423 1123 1595 1154 δουλεύοντες
1619 1121 1658 1157 τῷ
1671 1122 1772 1156 Φαραῶ
1785 1122 1835 1148 καὶ

1045 1177 1100 1205 τοῖς
1113 1168 1272 1206 Αἰγυπτίοις
1288 1171 1409 1198 δουλείαν
1422 1169 1526 1204 πικρὰν
1539 1169 1584 1195 καὶ
1597 1168 1741 1202 ὀδυνηρὰν.
1756 1167 1836 1194 Μετὰ

1046 1221 1075 1247 δὲ
1098 1220 1183 1246 ταῦτα
1203 1218 1314 1252 πέμψας
1332 1217 1345 1242 ὸ
1369 1216 1435 1247 Θεὸς
1451 1217 1497 1242 τὸν
1516 1215 1628 1245 Μωσέα,
1650 1213 1768 1248 ἐξήγαγε
1788 1213 1837 1238 καὶ

1049 1265 1184 1302 ἐρρύσατο
1198 1264 1295 1294 αὐτοὺς
1308 1263 1358 1297 τῆς
1370 1263 1472 1297 πικρᾶς
1485 1259 1668 1292 δουλείαςτῶ
1675 1259 1776 1294 Φαραῶ
1789 1258 1839 1285 καὶ

1049 1311 1103 1337 τῶν
1130 1310 1296 1342 Αἰγυπτίων,
1326 1308 1479 1342 ποιήσαντα
1506 1306 1587 1332 αὑτὸν
1617 1305 1757 1339 θαυμάσια
1787 1304 1836 1331 καὶ

1051 1356 1178 1390 τεράστια
1202 1354 1308 1388 μεγάλα
1323 1354 1352 1379 ὲν
1368 1354 1400 1387 τῇ
1417 1351 1560 1386 Αἰγύπτῳ,
1580 1352 1628 1378 καὶ
1642 1351 1839 1377 διαϐιϐάσαντα

1051 1400 1148 1431 αὐτοὺς
1160 1400 1210 1434 τὴν
1227 1399 1361 1434 Ἐρυθρὰν
1376 1398 1523 1428 θάλασσαν,
1539 1397 1667 1431 σχίσαντα
1682 1397 1777 1431 αὐτὴν,
1793 1395 1840 1423 τὸν

1051 1447 1080 1473 δὲ
1089 1446 1189 1480 Φαραὼ
1202 1444 1438 1471 καταποντίσαντα
1456 1444 1503 1469 σὺν
1516 1443 1590 1477 πάσῃ
1607 1444 1636 1477 τῇ
1653 1441 1735 1468 αὑτοῦ
1752 1450 1838 1476 στρα-

1054 1495 1111 1528 τιᾷ.
1129 1493 1182 1520 Καὶ
1198 1491 1399 1528 εὑρισκομένων
1412 1490 1465 1516 τῶν
1488 1489 1623 1524 Ἐὃραιων
1639 1490 1667 1514 ἐν
1680 1490 1712 1524 τῇ
1730 1489 1840 1523 ἐρήμῳ,

219 1547 436 1579 murmurabanl,
452 1550 479 1572 et
502 1544 594 1572 verbis
615 1551 691 1585 suam
707 1541 861 1577 prodebant
883 1537 998 1574 ingrati-

1056 1541 1115 1566 ἀντὶ
1131 1540 1218 1573 πάσης
1230 1538 1332 1572 τροφῆς
1343 1536 1469 1563 διέδωκεν
1481 1535 1574 1566 αὐτοῖς
1587 1535 1601 1560 ὀ
1617 1534 1681 1564 Θεὸς
1693 1534 1723 1561 τὸ
1741 1534 1842 1569 μάννα.

219 1594 352 1620 tudinem.
381 1591 470 1619 liloscs
484 1596 575 1617 autem
600 1583 661 1615 illos
677 1588 825 1614 admonere
843 1593 897 1612 non
911 1583 1001 1611 desiit.

220 1640 288 1666 Cum
310 1646 374 1664 vero
394 1637 438 1663 hic
455 1637 482 1663 in
498 1640 618 1662 montetn
636 1633 711 1661 Sinai
724 1632 900 1662 ascendisset,
918 1629 1005 1664 legem

221 1693 234 1711 δ
258 1685 312 1711 Deo
336 1688 512 1717 accepturus,
532 1681 649 1711 Hebrtei,
676 1679 722 1714 qui
751 1678 827 1713 prius
854 1675 954 1710 ingrati
978 1675 1025 1701 et'

222 1733 438 1756 murmuratores
471 1727 590 1758 fuerant,
617 1726 700 1752 etiam
726 1724 802 1758 impii
835 1722 897 1748 lacti
930 1724 1006 1747 sunt.

223 1776 323 1802 Dicunt
342 1775 414 1800 cnim
442 1772 554 1805 Aaroni,
581 1771 659 1798 fratri
686 1770 769 1796 Mosis
791 1777 798 1795 :
823 1777 832 1794 ι
855 1767 908 1794 Fac
928 1766 1009 1792 nobis

223 1821 299 1852 deos,
317 1820 362 1853 qni
378 1818 535 1853 pracedant
550 1825 617 1849 nos;
644 1815 708 1850 quid
723 1815 796 1841 enim
817 1813 884 1839 Mosi
899 1812 948 1842 illi,
962 1810 1009 1844 qui

226 1873 277 1893 nos
305 1865 400 1892 eduxit
427 1863 546 1898 [Egypto
562 1862 718 1896 contigerit,
743 1860 881 1887 nescimus
894 1859 927 1886 ⁵⁷.
950 1867 959 1882 ›
979 1858 1011 1883 Et

226 1918 324 1937 aurum
340 1914 473 1943 quantum
501 1908 653 1935 sufficiebat
669 1911 857 1941 corrogantes,
885 1904 1011 1930 fecerunt

227 1955 373 1989 imaginem
389 1954 480 1986 vituli,
495 1958 522 1980 et
546 1953 609 1979 huic
629 1958 758 1986 tanquam
783 1952 839 1978 Deo
856 1950 889 1976 ab
906 1949 958 1975 illis
973 1957 1012 1975 re-

228 2004 307 2033 cepto
334 1999 569 2030 sacrificaverunt,
601 2003 629 2025 et
660 1998 688 2024 in
717 2003 770 2024 tam
791 1995 1012 2024 absuruo’ltctati

229 2049 294 2072 sunt
318 2045 449 2072 faeinore.
467 2045 554 2071 Moses
579 2052 644 2071 vero
661 2051 796 2074 reversus,
817 2048 892 2070 tanto
912 2043 1014 2070 scelere

232 2092 289 2117 viso
307 2090 441 2124 confregit
459 2096 585 2123 acceptas
612 2097 627 2116 a
651 2089 708 2116 Deo
737 2089 804 2123 legis
835 2088 951 2115 tabulas.
983 2089 1015 2116 Et

231 2138 299 2164 dixit
330 2137 400 2164 Deus
417 2146 423 2162 :
441 2146 448 2161 ι
466 2137 569 2162 Delebo
597 2144 683 2171 genus
703 2135 836 2170 ipsorum,
858 2139 886 2161 et
913 2135 1016 2161 consti-

233 2187 307 2209 tuam
326 2187 350 2209 te
365 2189 455 2216 regem
483 2189 566 2216 super
579 2186 687 2216 gentem
705 2189 829 2215 magnam
846 2186 873 2207 et
899 2180 1015 2214 populo-

232 2235 288 2254 sam
306 2227 339 2253 ".
360 2236 368 2252 ι
392 2227 439 2253 ille
459 2235 523 2254 vero
548 2227 647 2258 noluit,
663 2227 711 2254 sed
732 2227 815 2253 ticum
834 2226 920 2252 multa
936 2226 1016 2253 obse-

233 2280 313 2299 crans
340 2273 506 2307 hortatusque
539 2273 694 2300 intercessit
723 2280 773 2307 pro
801 2272 855 2298 illis
878 2281 884 2298 :
907 2276 934 2298 et
962 2279 1016 2298 non

235 2320 316 2346 deleti
334 2325 408 2346 sunt.
424 2319 544 2347 Observa
559 2319 642 2354 igitur
658 2327 743 2351 nunc,
760 2320 843 2346 Deum
859 2327 913 2346 non
929 2321 962 2346 de
977 2319 1019 2345 his

235 2365 357 2391 locutum
374 2372 434 2391 esse
450 2364 482 2391 ad
504 2365 640 2391 Abraham
656 2373 717 2391 cum
734 2364 802 2391 dicit
819 2373 826 2390 :
843 2374 851 2389 ι
872 2365 898 2391 1η
915 2364 1020 2391 semine

237 2415 283 2436 tuo
301 2411 498 2437 benedicentur
513 2418 609 2437 omnes
635 2415 731 2444 gentes
750 2411 784 2442 ⁵³,
807 2419 815 2436 ι
833 2409 879 2436 sed
895 2411 928 2437 de
942 2410 1022 2443 Chri—

236 2461 290 2482 sto.
305 2455 379 2482 Mose
397 2461 488 2482 autem
515 2464 564 2490 pro
582 2455 758 2483 Hebmorum
783 2456 883 2490 populo
901 2455 1021 2482 interce-

238 2506 331 2533 dente,
359 2501 403 2527 lex
426 2501 480 2528 illis
495 2501 586 2529 denuo
612 2501 676 2528 data
693 2507 753 2534 est;
771 2507 798 2528 et
819 2507 884 2528 turre
900 2501 972 2527 Dens
990 2501 1023 2527 ad

239 2547 368 2574 llebtaaos
387 2555 434 2581 per
450 2547 551 2574 Mosen]
567 2548 676 2574 locutus
692 2553 736 2574 est
752 2558 758 2575 :
779 2556 787 2573 ι
807 2549 862 2581 ligo
878 2555 936 2573 sum
953 2547 1024 2573 Deus

239 2594 355 2629 primus,
371 2597 398 2619 et
414 2594 484 2620 Deus
500 2593 527 2619 in
540 2592 675 2625 futurum,
691 2599 718 2620 et
734 2598 794 2627 post
809 2600 851 2619 me
869 2593 940 2619 Deus
955 2592 1025 2619 alius

241 2646 295 2666 non
306 2643 348 2665 est
361 2638 394 2664 ‘°.
412 2647 421 2663 ι
449 2638 512 2665 Hace
527 2637 610 2672 igitur
625 2638 662 2665 ita
679 2646 708 2665 se
725 2638 827 2664 habent
842 2637 1024 2672 quemadmo-

242 2685 306 2712 dum
321 2684 392 2711 Deus
404 2684 514 2711 locutus
537 2687 578 2710 est
597 2688 625 2711 et
645 2683 784 2718 praecepit.
801 2682 828 2709 In
846 2682 943 2709 litteris
961 2690 1026 2709 vero

243 2730 299 2759 tuis
324 2730 377 2757 hoc
397 2737 446 2757 ceu
478 2737 574 2764 magna
600 2729 778 2756 accusatione
798 2728 911 2762 dignum
930 2733 1027 2754 contra

244 2783 305 2808 nos,
325 2775 372 2810 qui
385 2774 533 2802 Christiani
548 2775 677 2807 dicimur,
693 2774 862 2805 continetur,
879 2774 950 2808 quod
972 2774 1027 2800 Deo

282 2858 303 2874 "
327 2857 413 2885 Exod.
429 2864 512 2889 xxxn,
531 2857 555 2885 1.
595 2855 616 2871 ⁵⁸
627 2855 696 2883 ibid.
720 2854 761 2882 l0.

801 2855 823 2871 ’θ
846 2855 914 2882 Gen.
945 2861 1009 2886 xxtt,
1045 2853 1087 2881 18.

1055 1586 1136 1612 Αὐτοὶ
1151 1585 1178 1611 δὲ
1194 1584 1353 1617 ἐγόγγυζον,
1376 1582 1424 1608 καὶ
1438 1581 1534 1615 λόγους
1553 1579 1716 1615 ἀχαριστίας
1735 1580 1842 1613 ελεγον.

1056 1632 1150 1665 Ὅμως
1176 1628 1308 1656 νουθετῶν
1331 1629 1345 1654 ό
1370 1628 1490 1661 Μωῦσῆς
1518 1626 1569 1653 οὐκ
1593 1626 1720 1653 ἐπαύετο.
1749 1625 1794 1658 Ὦς
1816 1626 1847 1652 δὲ

1056 1677 1148 1712 ἀνέϐη
1162 1675 1282 1710 Μωῡσῆς
1301 1675 1330 1700 ὲν
1345 1674 1384 1709 τῷ
1402 1674 1460 1708 δρει
1476 1674 1539 1708 Σινᾷ
1558 1673 1683 1706 δέξασθαι
1697 1673 1743 1698 τὸν
1760 1671 1848 1705 νόμον

1058 1721 1134 1757 παρὰ
1166 1720 1244 1752 Θεοῦ,
1266 1720 1290 1746 οι
1315 1719 1447 1754 πρότερον
1474 1718 1618 1752 ἀχάριστοι
1652 1716 1771 1751 Ἑϐραῖοι
1798 1717 1848 1742 καὶ

1059 1767 1209 1802 γογγυσταὶ
1237 1766 1383 1800 γεγόνασιν
1412 1764 1531 1795 ἀσεϐεῖς.
1556 1763 1789 1805 ΛέγουσιἹτοενυν
1807 1761 1848 1796 τῷ

1060 1814 1196 1844 Μωῦσέως
1210 1809 1439 1846 ἀδελφῷᾺαρὼν,
1459 1819 1468 1836 1
1484 1809 1599 1843 Ποίησον
1616 1809 1682 1843 ἡμῖν
1696 1807 1783 1838 θεοὺς,
1807 1807 1849 1833 οῗ-

1061 1867 1132 1887 τινες
1149 1857 1379 1893 προπορεύσονται
1395 1855 1483 1890 ἡμῶν.
1506 1854 1536 1880 '0
1554 1854 1607 1888 γὰρ
1623 1854 1742 1888 Μωῦτῆς
1759 1850 1849 1885 οὗτος,

1061 1905 1087 1936 δέ
1105 1903 1240 1939 ἐξήγαγεν
1260 1903 1334 1937 ἡμᾶς
1353 1902 1382 1933 ἐξ
1398 1900 1550 1934 Αἰγύπτου,
1567 1899 1593 1926 τί
1611 1900 1723 1932 γέγονεν
1741 1898 1792 1925 οὑκ
1808 1898 1850 1924 οῑ-

1064 1951 1158 1985 δαμεν.
1176 1958 1185 1975 ι
1199 1949 1253 1975 Καὶ
1266 1948 1464 1983 συναγαγόντες
1473 1941 1582 1981 γρυσιον
1593 1944 1693 1975 ἱκανὸν,
1703 1944 1853 1971 κατεσκεύ-

1064 2006 1133 2025 ασαν
1149 1997 1241 2024 six/Eva
1263 1996 1333 2030 βοὸς,
1356 1995 1402 2022 καὶ
1426 1993 1557 2024 λαϐόντες
1572 1991 1669 2027 αὐτὴν,
1692 1991 1792 2018 ἔθυσαν
1812 1991 1853 2023 ὼς

1065 2045 1141 2078 Θεῷ,
1159 2044 1206 2071 καὶ
1229 2042 1405 2077 εὐφραίνοντο
1423 2040 1469 2066 ὲπὶ
1490 2039 1529 2074 τῷ
1546 2038 1660 2072 τοιούτῳ
1681 2037 1853 2072 ἀτοπήματι,

1071 2091 1170 2118 Ἐλθὼν
1186 2090 1214 2116 δὲ
1231 2091 1244 2116 ὁ
1258 2088 1387 2122 Μωῦσῆς,
1403 2087 1448 2113 καὶ
1463 2085 1550 2120 εὑρὼν
1567 2084 1597 2110 τὸ
1611 2082 1737 2109 τοσοῦτον
1758 2083 1856 2116 κακὸν,

1067 2136 1205 2171 θυμωθεὶς
1221 2135 1354 2169 κατέχυσε
1367 2132 1413 2158 τοῦ
1428 2132 1510 2166 νόμου
1527 2131 1576 2161 τὰς
1591 2129 1709 2160 πλάκας.
1725 2128 1757 2159 ἃς
1774 2130 1855 2162 παρὰ

1068 2182 1136 2210 Θεοῦ
1150 2181 1266 2214 ἐδέξατο.
1281 2181 1334 2206 Καὶ
1350 2177 1425 2205 εἶπεν
1445 2179 1458 2204 ὁ
1469 2177 1545 2207 Θεὸς,
1565 2186 1574 2202 ι
1604 2175 1752 2210 Ἐξαλείψω
1763 2175 1793 2200 τὸ
1807 2176 1856 2208 γέ-

1031 2226 1053 2253 Ῑ)
1068 2238 1111 2260 νος
1124 2228 1224 2259 αὐτῶν,
1236 2227 1283 2253 καὶ
1294 2227 1401 2261 ποιήσω
1412 2233 1442 2250 σε
1457 2223 1570 2258 βασιλέα
1585 2224 1624 2254 εἰς
1637 2223 1711 2253 ἔθνος
1728 2221 1859 2256 μέγακαὶ

1069 2275 1148 2302 πολὺ.
1179 2283 1188 2299 ι
1216 2272 1243 2299 ’0
1264 2273 1292 2298 δὲ
1310 2272 1358 2297 οὐκ
1375 2270 1521 2305 ἠθέλησεν,
1539 2268 1608 2295 ἀλλὰ
1626 2267 1711 2294 πολλὰ
1732 2267 1858 2302 ζητήσας

1069 2321 1113 2347 τὸν
1127 2320 1204 2351 Θεὸν,
1226 2319 1274 2344 καὶ
1291 2317 1374 2343 πολλᾶ
1396 2315 1599 2350 παρακαλέσας,
1618 2315 1792 2349 ἐμεσίτευσεν
1809 2313 1862 2338 αὖ·

1070 2364 1143 2394 τοὺς,
1166 2362 1213 2388 καὶ
1235 2361 1284 2387 οὐκ
1307 2359 1506 2394 ἠφανίσθησαν.
1522 2357 1658 2393 Πρόσεξον
1675 2357 1774 2386 τοίνυν,
1797 2356 1860 2387 πῶς

1070 2410 1258 2442 ἀναφαίνεται,
1286 2407 1327 2432 ὅτι
1355 2406 1385 2432 οὐ
1404 2405 1468 2439 περὶ
1486 2403 1577 2431 αὐτῶν
1605 2401 1681 2429 εἶπεν
1697 2403 1711 2428 ὸ
1733 2401 1799 2433 Θεὸς
1818 2403 1862 2436 τῷ

1077 2454 1211 2487 Ἂὸρλὰμ,
1227 2453 1268 2478 ὅτι
1288 2461 1297 2476 ‹
1309 2451 1353 2477 Ἐν
1369 2450 1409 2484 τῷ
1424 2449 1559 2484 σπέρματί
1574 2457 1620 2474 σου
1629 2446 1863 2482 εὐλογηθήσονται

1072 2499 1200 2526 πάντατὰ
1210 2498 1283 2531 ἔθνη,
1297 2497 1437 2530 ἁλλὰπερὶ
1447 2495 1493 2521 τοῦ
1506 2495 1635 2529 Χριστοῦ.
1650 2503 1659 2518 ι
1671 2492 1862 2521 Μεσιτεύσαν-

1072 2553 1116 2576 τος
1123 2544 1149 2570 δὲ
1159 2543 1206 2569 τοῦ
1215 2543 1352 2573 Μωῡσέως
1359 2542 1447 2567 τὸτῶν
1455 2540 1586 2576 Ἐϐραίων
1595 2540 1682 2574 γένος,
1692 2540 1772 2565 πάλιν
1782 2539 1864 2574 ἐδόθη

1073 2592 1087 2617 ὁ
1106 2591 1186 2624 νόμος
1210 2589 1278 2623 πρὸς
1294 2587 1405 2618 αὐτούς.
1422 2587 1489 2613 Τότε
1507 2585 1582 2613 εἶπεν
1597 2586 1611 2612 ό
1626 2586 1782 2620 Θεὸςιπρὸς
1797 2585 1865 2616 τους

1080 2636 1222 2670 Ἐϐραίους
1235 2636 1278 2661 διὰ
1292 2634 1337 2661 τοῦ
1355 2633 1486 2665 Μωσέως,
1496 2634 1536 2659 in
1554 2641 1563 2658 ‹
1576 2631 1647 2666 Ἐγὼ
1661 2631 1726 2662 Θεὸς
1741 2631 1867 2665 πρῶτος,

1076 2682 1131 2715 ἐγὼ
1151 2682 1197 2707 καὶ
1222 2681 1292 2715 μετὰ
1317 2679 1414 2711 ταῦτα,
1438 2680 1483 2705 καὶ
1501 2679 1559 2713 μετ’
1577 2678 1627 2713 ἐμὲ
1654 2677 1704 2704 οὐκ
1723 2677 1782 2702 ἐςτι
1797 2676 1868 2707 Θεὸς

1077 2728 1180 2761 ἕτερος.
1199 2737 1208 2752 ι
1224 2726 1310 2752 Τοῦτο
1328 2726 1392 2758 γοῦν
1405 2726 1478 2750 ἐστιν
1493 2723 1575 2754 οὕτω,
1592 2723 1681 2754 καθὼς
1697 2723 1711 2748 ὁ
1722 2721 1789 2752 Θεὸς
1804 2720 1869 2747 εἷπε

1082 2775 1127 2800 καὶ
1149 2773 1311 2799 ἐνετείλατο.
1333 2772 1377 2798 Ἐν
1395 2771 1459 2806 γοῦν
1475 2772 1507 2806 τῇ
1524 2771 1617 2805 γραφῇ
1635 2770 1667 2804 τῇ
1686 2769 1718 2803 σῇ
1738 2768 1775 2799 ὼς
1795 2768 1871 2803 μέγα,

1127 2854 1149 2869 ⁶⁰
1179 2853 1258 2880 Deut.
1286 2860 1372 2884 xxxtt,
1390 2851 1435 2879 39.
