1946 3081
109 142 160 174 457

573 137 721 167 CONTRA
743 134 983 166 MAHOMETEM
1003 134 1187 165 APOLOGIA
1211 134 1251 164 ῐῐ.

1668 132 1720 164 458

110 197 291 224 πιστεύσωσιν
314 196 357 221 ὅτι
384 195 398 220 ὁ
419 195 452 228 τῇ
482 192 532 227 res;
557 193 666 226 ἐξουσίᾳ
690 192 805 218 ἀνιστῶν
829 191 890 221 τοὺς

947 191 1038 218 mortis
1055 191 1219 220 Dominum;
1241 194 1270 216 et
1284 193 1313 216 ut
1327 190 1349 216 si
1365 189 1503 217 Christum
1521 194 1614 224 postea
1629 192 1720 225 sepul-

111 243 235 277 νεκροὺς,
272 240 362 274 πολλῷ
388 239 489 274 μᾶλλον
519 238 580 264 κατ’
607 237 731 270 ἐξουσίαν
760 238 797 268 ὼς
825 236 892 267 Θεὸς

110 287 272 319 ἀναστήσειν
285 284 375 318 μέλλει
385 283 416 308 τὸ
439 282 503 308 ἴδιον
517 281 609 314 σῶμα.
625 281 722 314 Ἔλεγε
743 281 797 315 γὰρ
822 281 890 315 πρὸς

109 332 171 362 τοὺς
192 329 316 365 μαθητὰς
334 327 416 355 αὑτοῦ
430 327 493 358 τοὺς
517 326 691 357 ἀποστόλους,
718 326 758 352 ὅτι
776 335 785 351 ι
798 325 892 357 Οὐδεὶς

111 377 182 410 οῖρει
197 375 246 408 τὴν
257 375 346 409 ψυχήν
363 382 413 408 μου
425 373 472 399 ἀπ’
484 373 549 406 ἐμοῦ
560 380 567 387 ·
583 382 591 397 ι
606 372 652 398 καὶ
667 372 707 398 ὅτι
725 380 733 397 t
754 371 893 404 Ἐξὴυσίαν

109 422 163 455 ἔχω
179 421 266 447 θεῖναι
286 420 379 454 αὐτὴν,
397 419 443 445 καὶ
472 418 595 450 ἐξουσίαν
623 417 676 452 ἔχω
695 417 775 443 πάλιν
800 417 892 443 λαΰεῖν

110 467 205 500 αὑτήν.
226 475 234 491 ι
261 466 315 492 Καὶ
347 465 455 499 ὅτιμὲν
483 464 624 490 ἐπίστευον
653 465 692 495 εἰς
709 463 754 490 τὸν
777 463 893 498 Χριστὸν

111 512 171 538 καθ’
183 512 302 546 ἑκάστην
313 511 419 545 ἡμέραν
432 510 522 544 πλήθη
545 509 718 543 ἀναρίθμητα
731 508 891 543 ἀνθρώπων,
911 524 913 527 ι

112 558 159 582 καὶ
175 556 331 590 ὡμολόγουν
349 555 430 581 αὐτὸν
445 555 522 586 Θεὸν,
535 554 581 580 καὶ
596 554 664 580 Θεοῦ
680 553 754 586 Υίὺν,
769 553 893 588 ὑπῆρχον

110 602 139 628 δὲ
153 603 178 628 οἱ
200 602 337 635 ἀρχιερεῖς
352 602 398 627 καὶ
411 600 435 626 οἱ
457 601 629 635 γραμματεῖς
646 599 693 626 καὶ
713 601 737 626 ot
764 600 892 634 ἄρχοντες

110 647 201 673 αὐτῶν
227 646 490 681 ἀντιταττόμενοιτῇ
513 646 560 672 τοῦ
574 645 643 672 Θεοῦ
668 645 825 680 διδασκαλίᾳ
846 647 893 671 καὶ

109 692 307 726 ἀντιλέγοντες,
335 692 455 726 ἀνεφάνη
468 691 499 717 ἐκ
514 693 562 724 τῆς
591 691 702 717 Ἡσαΐου
727 690 894 726 προφητείας

111 737 253 771 λεγούσης,
268 737 308 763 ὅτι
321 746 332 761 ί
344 736 515 770 Ὁφθαλμοῦς
526 735 632 770 ἔχοντες
645 736 675 762 οὐ
691 735 827 770 βλέψουσι,
847 735 894 761 καὶ

108 779 166 808 ὦτα
197 782 305 816 ἔχοντες
335 782 385 808 οὐκ
418 781 580 808 ἀκούσουσιν
599 790 607 798 ι
625 781 764 815 ἐπαχύνθη
792 781 846 816 γὰρ
875 782 892 815 ὴ

110 828 208 862 καρδία
219 827 317 860 αὐτῶν,
328 827 444 859 καὶτοὺς
454 827 609 861 ὀφθαλμοὺς
619 827 707 853 αὐτῶν
718 827 891 861 ἐκάμμυσαν,

114 873 162 899 καὶ
175 874 231 903 τοῖς
244 873 294 898 ὠσὶ
315 873 422 907 βαρέως
452 873 583 907 ἥκουσαν.
601 881 610 897 ι
639 873 694 898 Καὶ
723 872 849 907 ἐτελέσθη
876 873 893 907 ἠ

112 919 275 952 προφητεία.
292 917 567 953 Θαυματουργοῦντος
579 917 625 944 καὶ
635 917 689 951 γὰρ
703 917 749 943 τοῦ
764 917 892 952 Χριστοῦ,

112 964 272 997 εὑρίσκοντο
296 963 392 998 ὥσπερ
416 963 628 998 τυφλώττοντες,
652 962 700 989 καὶ
726 963 894 993 διδάσκοντος

110 1009 271 1043 εὑρίσκοντο
285 1009 381 1042 κωφοὶ,
399 1007 464 1034 ὡσεὶ
477 1008 560 1039 ἀσπὶς
581 1007 660 1041 κωφὴ
676 1008 722 1033 καὶ
752 1007 851 1041 βὺουσα
860 1007 895 1034 τὰ

108 1050 168 1080 ὦτα
178 1053 275 1088 αὐτῆς.
290 1054 346 1080 Καὶ
359 1054 399 1080 ὅτι
410 1053 459 1088 μὲν
468 1052 543 1087 ἔλεγε
555 1053 622 1088 πρὸς
632 1053 730 1084 αὐτοὺς
744 1054 757 1079 ὸ
766 1052 892 1087 Χριστὸς,

111 1100 149 1131 ὡς
169 1109 178 1124 ι
189 1099 221 1126 Ei
233 1099 328 1133 τυφλοὶ
342 1097 462 1134 ἦτε,οὑκ
475 1098 508 1125 ἂν
524 1098 599 1133 ἔχετε
629 1098 766 1133 ἁμαρτίαν
776 1106 783 1113 ·
798 1098 845 1123 νῦν
866 1098 894 1124 δὲ

109 1145 204 1178 λέγετε
227 1145 268 1171 ὅτι
282 1144 419 1178 Βλέπομεν
432 1152 439 1160 ·
462 1145 478 1178 ἡ
497 1141 542 1170 οὖν
556 1143 677 1178 ἁμαρτία
689 1143 765 1178 ὑμῶν
782 1144 866 1177 μένει.
882 1152 891 1168 ι

111 1192 168 1218 Καὶ
185 1189 301 1224 ἀλλαχοῦ
314 1190 393 1216 πάλιν
403 1190 481 1223 ἔλεγε
499 1188 563 1222 περὶ
574 1188 673 1221 αὐτῶν,
689 1189 729 1214 ὅτι
740 1198 749 1214 ι
761 1189 791 1215 Εί
805 1190 835 1214 ἐκ
849 1188 894 1215 τοῦ

110 1237 180 1262 Θεοῦ
191 1234 251 1269 ἦτε,
259 1236 382 1270 ἠγαπᾶτε
395 1236 427 1262 ἂν
440 1234 500 1269 ὲμέ.
514 1234 614 1261 »Τοῦτο
622 1234 739 1260 τοιοῦτον
749 1234 881 1269 Ενι,”ομω
888 1245 895 1265 ;

110 1281 199 1308 ταῦτα
214 1281 355 1312 ποιοῦντος
367 1281 412 1307 τοῦ
429 1279 558 1315 Χριστοῦ,
575 1280 689 1311 οὐδόλως
703 1278 783 1315 ἦλθον
797 1281 896 1306 ἐκεῖνοι

111 1327 152 1358 et;
165 1326 301 1360 αἴσθησιν,
314 1326 381 1352 ἀλλὰ
396 1327 509 1360 ἐζήτουν
527 1325 672 1360 πρόφασιν,
687 1326 759 1357 ὅπως
774 1326 896 1352 θανατὼ-

113 1381 198 1399 σωσιν
225 1372 317 1399 αὐτόν.
346 1372 415 1407 Περὶ
432 1372 460 1398 δὲ
487 1372 540 1397 τῶν
566 1371 710 1406 Θαυμάτων
742 1371 835 1403 αὑτοῦ,
859 1368 896 1397 ὧν

110 1419 225 1454 ἐποίησε
238 1418 277 1452 τῷ
288 1419 361 1451 γένει
376 1419 430 1444 τῶν
465 1417 608 1453 Ἐὃραίων,
623 1417 649 1443 τί
673 1416 726 1451 χρὴ
738 1417 785 1443 καὶ
795 1415 895 1450 λέγειν,

111 1466 236 1500 ἀπείρων
247 1464 330 1491 ὄντων
343 1464 390 1490 καὶ
403 1463 612 1498 ἁναριθμήτωνς
626 1462 721 1496 Ὅμως
736 1463 782 1488 καὶ
793 1462 896 1488 τούτων

111 1511 275 1544 γεγονότωνς
286 1510 336 1536 οὐκ
347 1507 427 1545 ἦλθον
450 1510 489 1540 είς
506 1508 631 1542 αἴσθησιν
657 1507 724 1538 ὅλως
736 1508 760 1533 οί
788 1506 895 1541 μάταιοι

112 1557 161 1584 καὶ
185 1556 398 1590 πεπλανημένοι,
414 1554 481 1580 ἀλλὰ
507 1554 545 1589 τῷ
560 1553 649 1588 φθόνῳ
680 1553 728 1579 καὶ
754 1553 786 1587 τῇ
811 1551 896 1585 κακίᾳ.

113 1600 273 1634 νικώμενοι,
286 1600 399 1634 ἐζήτουν
414 1599 496 1625 παντὶ
510 1598 604 1633 τρόπῳ
620 1598 666 1624 καὶ
684 1597 759 1633 πάσῃ
789 1597 895 1631 μηχανῇ

113 1647 189 1678 ὅπως
204 1646 331 1681 ἐγείρωσι
347 1645 417 1672 κατὰ
443 1643 490 1670 τοῦ
507 1643 626 1679 Χριστοῦ
655 1643 832 1678 κατηγορίαν,
849 1643 896 1668 καὶ

113 1689 349 1717 θανατώσωσιτδν
380 1688 530 1723 εὐεργέτην
556 1688 656 1720 αὐτῶν,
673 1687 723 1713 καὶ
741 1687 790 1721 οὐχ
819 1684 896 1720 εὗρον

113 1735 218 1769 ἕτερον,
233 1734 248 1770 ἤ
266 1735 306 1760 ὅτι
331 1733 488 1769 βλασφημεῖ
500 1731 585 1765 οὗτος,
604 1733 690 1767 λέγων
715 1733 810 1759 ἑαυτὸν
833 1731 896 1758 Υὶδν

113 1781 193 1812 θεοῦ,
208 1781 255 1806 καὶ
266 1780 306 1806 ὃτι
321 1780 462 1814 ἄνθρωπος
476 1779 513 1805 ὢν
530 1779 600 1805 ποιεῖ
624 1778 720 1806 ἑαυτὸν
752 1778 827 1805 Θεόν.
843 1777 897 1804 Καὶ

113 1827 160 1852 ὅτε
173 1826 270 1860 ἢκουον
284 1825 330 1851 τοῦ
340 1824 457 1859 Χριστοῦ
471 1824 594 1857 λέγοντος
604 1823 671 1858 πρὸς
683 1823 746 1854 τοὺς
755 1823 896 1850 πιστεύον-

113 1879 164 1902 τας
179 1871 218 1901 είς
245 1870 334 1902 αὐτὸν,
352 1870 392 1896 ὅτι
416 1877 426 1894 ε
448 1868 597 1902 Ἀφέωνταί
614 1876 660 1894 σου
676 1869 703 1894 αί
719 1868 864 1902 ἁμαρτίαι,
885 1879 894 1894 ο

112 1916 221 1948 ἔλεγον,
245 1915 286 1941 ὅτι
303 1923 312 1939 ι
323 1915 389 1940 Τίνα
407 1913 518 1939 σεαυτὸν
536 1914 633 1945 ποιεῖς,
650 1913 697 1939 καὶ
722 1912 764 1942 τίς
789 1912 897 1938 δύναται

113 1961 227 1994 ἀφιέναι
242 1959 377 1995 ἁμαρτίας
390 1959 447 1986 ἀλλ’
461 1958 477 1993 ἦ
492 1958 572 1993 μόνος
594 1959 607 1984 ὁ
620 1958 703 1991 Θεόςς
723 1967 732 1984 ι
751 1958 804 1984 Καὶ
820 1957 899 1984 τοῦτο

113 2006 224 2042 ἀληθῶς
238 2005 329 2039 ἔλεγον
342 2005 366 2031 οἱ
396 2004 529 2036 Ἰουδαῖοι,
544 2004 585 2030 ὃτι
612 2002 679 2029 Θεοῦ
697 2003 777 2037 μόνου
794 2003 852 2029 ἐστὶ
868 2002 899 2029 τὸ

113 2054 227 2088 ἀφιέναι
244 2052 389 2087 ἁμαρτίας.
407 2051 461 2077 Καὶ
474 2049 527 2084 γὰρ
539 2048 697 2082 ἀγνοοῦντες
713 2048 736 2073 ot
748 2046 835 2074 ἄθλιοι
858 2047 898 2073 ὅτι

116 2101 199 2131 αὑτός
220 2101 293 2125 ἐστιν
307 2099 320 2124 ὁ
334 2097 394 2127 Υίὸς
406 2097 453 2123 τοῦ
464 2095 531 2122 Θεοῦ
547 2096 561 2122 ὁ
572 2094 699 2129 Χριστὸς,
720 2093 812 2126 ἔλεγον
827 2092 898 2126 ἅπερ

113 2146 212 2179 ελεγον
222 2151 231 2161 ⁸
249 2154 258 2170 ι
274 2144 329 2171 Καὶ
343 2141 485 2176 ἐσκοτίσθη
501 2141 518 2176 ἠ
533 2141 660 2171 ἀσύνετος
687 2139 776 2165 αὐτῶν
789 2139 898 2174 καρδία,

944 242 1001 264 tum
1014 237 1151 269 viderent,
1164 235 1311 263 crederem
1334 235 1407 263 hunc
1424 236 1470 270 qui
1486 237 1595 270 propria
1620 237 1721 264 virtute

943 285 1067 309 mortuos
1092 281 1276 313 excitavissel,
1304 281 1390 308 multo
1415 281 1501 316 magis
1518 285 1652 315 potestate
1672 289 1721 309 sua

943 335 1021 355 suum
1051 327 1139 362 ipsius
1171 334 1271 362 corpus
1295 334 1354 354 esse
1386 327 1578 354 excitaturum.
1610 327 1722 354 Dicebat

942 373 1016 400 enim
1026 373 1168 407 discipulis
1179 372 1374 407 suisapostolis
1388 381 1394 398 ι
1409 382 1418 397 ι
1428 372 1513 399 Nemo
1527 373 1592 400 tollit
1602 373 1721 399 animam

942 427 1030 446 meam
1056 427 1071 446 a
1089 427 1144 446 me.
1161 419 1324 446 Potestatem
1351 418 1436 445 habeo
1461 419 1581 453 ponendi
1606 426 1677 450 eam,
1694 423 1722 445 et

943 467 1106 498 potestatem
1126 463 1213 490 habeo
1227 462 1373 497 recipiendi
1389 470 1449 489 eam
1463 463 1495 489 “.
1513 472 1521 488 ι
1540 463 1616 496 Quod
1632 455 1720 490 tamen

943 509 1057 544 singulis
1085 509 1181 536 diebus
1208 508 1385 536 credentibus
1412 508 1440 535 in
1469 508 1608 535 Christum
1634 508 1723 535 turbis

944 555 1087 582 hominum
1100 555 1354 585 innumerabilibus,
1366 554 1509 589 ipsumque
1526 555 1612 582 Deum
1627 558 1654 581 et
1673 554 1721 581 Dei

945 601 1044 627 Filium
1059 600 1265 633 conﬁtentibus,
1278 600 1432 634 pontiﬁces,
1450 601 1557 632 scribae,
1582 605 1610 627 et
1623 600 1721 626 horum

945 646 1083 680 principes
1107 651 1201 673 contra
1229 646 1277 673 Dei
1302 646 1454 673 doctrinam
1479 645 1602 673 instructi
1618 665 1625 676 .
1658 645 1722 672 huic

944 696 1036 719 essent
1049 691 1258 725 contradictori,
1272 700 1306 719 ex
1318 692 1394 719 Isaia:
1406 691 1547 727 prophetia
1563 692 1722 726 praedictum

943 744 1013 770 erat,
1029 737 1075 772 qui
1097 737 1164 764 dicit
1185 745 1192 764 :
1211 747 1221 763 ‹
1239 737 1337 765 Oculos
1357 737 1492 764 habentes
1508 744 1563 763 non
1580 737 1721 767 videbunt.

945 789 972 810 et
987 790 1067 810 aures
1092 783 1224 810 habentes
1249 790 1303 810 non
1325 782 1455 815 audient;
1486 782 1665 809 incrassatum
1681 786 1724 809 est

944 829 1017 856 enim
1043 836 1091 856 cor
1105 836 1210 860 eorum,
1230 832 1258 855 et
1282 828 1376 855 oculos
1392 828 1512 862 ipsormn
1537 828 1723 858 occluserunt,

946 879 974 902 et
989 875 1103 902 auribus
1118 874 1262 902 diﬂieulter
1277 874 1440 901 audiverunt
1456 874 1488 900 ".
1505 883 1514 899 ι
1529 873 1594 906 Quae
1607 874 1726 908 proptre-

947 921 982 947 tia
996 921 1086 947 omnis
1104 920 1212 954 impleta
1233 924 1283 947 est.
1301 919 1427 946 Miracula
1443 919 1516 946 enim
1531 919 1629 946 edente
1643 917 1725 946 Chri-

946 971 999 998 sto,
1025 969 1152 1000 tanquam
1174 965 1236 992 czeci
1255 969 1464 999 apparuerunt:
1480 969 1508 991 et
1527 965 1578 992 hoc
1597 965 1724 996 docente,

947 1010 1038 1038 surdis
1054 1011 1166 1037 fuerunt
1182 1010 1297 1042 similes,
1315 1010 1400 1037 instar
1414 1011 1515 1042 aspidis
1529 1010 1619 1038 surda:
1639 1015 1667 1038 et
1679 1011 1725 1037 ob-

947 1056 1063 1083 turantis
1082 1063 1162 1082 aures
1179 1063 1252 1082 suas.
1277 1055 1311 1082 Et
1329 1059 1394 1083 tunc
1419 1056 1529 1090 quidem
1554 1056 1663 1083 dicebat
1691 1057 1723 1083 ad

946 1101 1007 1128 illos
1020 1100 1147 1128 Christus
1168 1110 1174 1126 :
1193 1109 1202 1125 α
1223 1100 1300 1133 Quod
1321 1101 1342 1128 si
1363 1101 1426 1128 czeci
1447 1101 1553 1133 essetis.
1572 1108 1626 1128 non
1642 1101 1724 1129 habe-

947 1147 1013 1173 retis
1025 1150 1186 1181 peecatum;
1203 1152 1276 1172 nunc
1293 1153 1358 1177 vero
1374 1145 1476 1178 dicitis,
1488 1146 1637 1178 Videmus;
1664 1153 1718 1180 pce

947 1197 1036 1220 ratum
1060 1192 1142 1225 igitur
1165 1195 1287 1218 vestrum
1313 1191 1339 1218 in
1364 1191 1442 1218 vobis
1464 1195 1556 1218 manet
1570 1191 1601 1218 ⁸⁸.
1623 1200 1632 1217 ι
1656 1191 1724 1219 Tum

946 1238 1028 1266 etiam
1043 1237 1107 1264 alibi
1121 1237 1189 1264 dicit
1203 1236 1237 1265 de
1251 1237 1304 1264 illis
1323 1237 1468 1265 Christus:
1485 1246 1495 1262 ι
1515 1236 1543 1264 Si
1558 1244 1592 1264 ex
1608 1237 1663 1266 Deo
1683 1246 1726 1266 cs-

946 1284 1023 1315 setis,
1037 1283 1133 1318 utique
1146 1282 1295 1318 diligeretis
1309 1290 1353 1310 me
1366 1283 1399 1309 ".
1414 1291 1424 1308 ι
1437 1283 1619 1311 Nihilominus
1636 1287 1726 1312 tamen

948 1330 1005 1357 haec
1021 1329 1134 1356 Christo
1156 1328 1283 1362 faciente,
1301 1328 1513 1363 haudquaquam
1533 1329 1566 1356 ad
1595 1329 1726 1364 cognitio-

948 1382 1009 1401 nem
1024 1378 1227 1409 pervenerunt;
1244 1374 1308 1408 quin
1323 1374 1415 1408 potius
1432 1374 1603 1401 occasionem
1622 1382 1727 1409 quaere-

948 1421 1023 1452 bant,
1050 1427 1101 1454 qua
1117 1427 1179 1447 eum
1205 1419 1402 1447 interﬁcerent.
1419 1419 1472 1447 Sed
1491 1419 1556 1454 quid
1579 1420 1679 1447 attinet
1693 1419 1726 1447 de

949 1466 1088 1492 miraculis
1102 1465 1198 1499 ipsius,
1221 1472 1282 1499 qua:
1306 1465 1332 1492 in
1351 1464 1526 1492 Hebraeorum
1554 1469 1634 1499 gente
1650 1465 1724 1498 fecit,

948 1509 1051 1541 dicere,
1074 1516 1136 1536 cum
1155 1509 1260 1536 inﬁnita
1285 1508 1340 1536 sint
1365 1514 1393 1536 et
1421 1509 1647 1536 innumerabilia?
1672 1509 1724 1536 Sed

948 1562 998 1582 nec
1014 1554 1068 1582 illis
1088 1554 1170 1582 editis
1196 1554 1228 1581 ad
1248 1554 1430 1589 cognitionem
1457 1559 1639 1588 pervenerunt
1663 1555 1725 1581 vani

947 1605 975 1628 et
997 1599 1141 1627 errabundi
1159 1599 1294 1631 homines,
1310 1605 1405 1626 verum
1427 1599 1529 1626 invidia
1552 1603 1580 1626 et
1596 1600 1727 1634 improbi—

948 1651 1003 1673 tate
1018 1646 1083 1673 victi
1105 1645 1264 1679 qurerebant
1279 1644 1353 1671 omni
1379 1644 1461 1671 modo
1480 1648 1508 1671 et
1530 1648 1641 1677 conatu,
1656 1651 1726 1678 quo-

947 1689 1028 1718 modo
1043 1690 1069 1717 in
1085 1689 1223 1717 Christum
1248 1688 1449 1717 accusationem
1469 1689 1586 1722 aliquam
1603 1696 1724 1720 movere.

948 1736 1091 1771 ipsumque
1107 1735 1307 1762 benefactorem
1329 1741 1407 1761 suum
1428 1733 1582 1761 interﬁcere
1597 1737 1725 1768 possent;

949 1788 1000 1808 nec
1028 1781 1108 1808 aliam
1135 1781 1312 1810 invenerunt.
1341 1786 1422 1814 quam
1447 1778 1521 1810 quod
1537 1778 1726 1813 blasphemum

948 1828 1081 1859 dicerent,
1102 1827 1150 1861 qui
1173 1834 1203 1854 se
1217 1826 1330 1853 dixisset
1349 1825 1396 1853 Dei
1421 1824 1531 1858 Filium,
1553 1829 1582 1851 et
1596 1824 1643 1859 qui
1665 1831 1726 1851 cum

949 1875 1032 1901 homo
1045 1877 1129 1904 esset,
1145 1879 1173 1899 se
1187 1871 1271 1898 Deum
1285 1878 1346 1898 esse
1362 1870 1512 1905 jaetitaret.
1530 1869 1636 1897 Etcum
1650 1869 1729 1896 audi-

949 1924 1011 1947 rent
1024 1918 1163 1946 Christum
1185 1917 1323 1944 dicentem
1344 1916 1521 1943 credentibus
1533 1915 1560 1942 in
1580 1923 1632 1942 se:
1652 1925 1662 1941 ι
1677 1916 1730 1943 [te-

948 1966 1095 1993 mittuutur
1103 1963 1151 1991 tibi
1162 1966 1270 1998 peccata
1282 1966 1327 1989 tua
1335 1962 1369 1995 ⁷ο,
1385 1970 1394 1987 ι
1405 1961 1547 1989 dicebant:
1558 1969 1568 1985 ι
1579 1960 1727 1994 Quemnam

950 2012 1066 2046 teipsum
1092 2009 1180 2037 facis?
1194 2018 1203 2034 ι
1224 2012 1252 2035 et
1267 2015 1274 2035 :
1291 2016 1300 2033 ι
1314 2007 1444 2040 Quisnam
1473 2011 1564 2042 potest
1591 2006 1730 2033 remittere

950 2060 1059 2090 peccata
1085 2059 1184 2090 praeter
1208 2054 1297 2084 solum
1322 2053 1407 2080 Deum
1418 2052 1474 2078 ’θη
1498 2061 1507 2077 ι
1529 2051 1562 2078 Ει
1584 2059 1648 2078 sane
1665 2058 1730 2078 vere

950 2099 1080 2127 dix'eruut
1093 2099 1190 2131 Judtei,
1207 2097 1279 2133 quod
1296 2097 1380 2125 solius
1397 2097 1444 2124 Dei
1459 2097 1495 2124 sit
1510 2100 1619 2131 peccata
1633 2097 1729 2123 remit-

952 2152 1028 2178 tere;
1043 2153 1104 2173 nam
1121 2145 1278 2180 ignorantes
1289 2143 1318 2171 hi
1334 2143 1438 2175 miseri,
1454 2142 1527 2178 quod
1543 2142 1668 2170 Christus
1683 2142 1729 2169 Dei

113 2193 164 2218 καὶ
181 2189 372 2224 ἐτυφλώθησαν
387 2189 411 2214 ot
428 2187 562 2221 ὀφθαλμοὶ
581 2185 681 2217 αὐτῶν,
708 2186 755 2212 καὶ
767 2185 816 2211 οὐκ
831 2182 895 2210 είδοι

952 2196 1024 2219 esset
1037 2191 1134 2222 Filius,
1147 2197 1179 2217 ea
1200 2197 1260 2224 quae
1289 2188 1371 2216 modo
1385 2188 1515 2220 diximus,
1542 2187 1681 2220 dixerunt,
1703 2192 1732 2214 et

111 2237 157 2264 an
175 2237 233 2262 κατ’
248 2235 370 2267 ἐξουσίαν
383 2235 464 2265 ποιεῖ,
476 2233 525 2259 ὅσα
548 2231 594 2258 καὶ
614 2232 695 2258 ποιεῖ.
721 2229 767 2262 Εἷς
779 2231 833 2265 γὰρ
847 2230 901 2256 τῶν

119 2280 252 2316 μαθητῶν
285 2279 332 2305 τοῦ
362 2277 481 2312 Χριστοῦ
497 2276 641 2311 ὁηΠέτρος,
657 2274 732 2305 ὲντδς
752 2273 899 2309 ’πλοιαρίου

114 2327 322 2362 εὑρισκόμενος,
349 2325 395 2350 καὶ
425 2322 487 2349 ἰδὼν
510 2322 554 2348 τὸν
587 2321 716 2356 Χριστὸν,
748 2317 808 2346 εἷπε
833 2319 901 2354 πρὸς

113 2373 210 2405 αὐτὸν,
227 2381 236 2397 ι
250 2370 385 2398 Κελευσόν
399 2377 432 2404 με
446 2368 513 2403 πρὸς
531 2367 561 2393 σὲ
573 2367 660 2393 ἐλθεῖν
676 2366 722 2392 ἐπὶ
741 2366 776 2391 τὰ
788 2365 895 2392 ὕδατα.»

114 2421 174 2448 Καὶ
190 2420 204 2446 ὁ
217 2418 334 2453 Χριστὸς
350 2417 417 2451 πρὸς
440 2415 529 2447 αὑτὸν,
552 2423 561 2440 ι
581 2412 668 2439 Ἐλθέ.
703 2413 759 2439 Καὶ
783 2411 898 2443 ἐξελθὼν

112 2469 173 2494 ἀπο
203 2465 251 2492 τοῦ
282 2464 387 2495 πλοίου,
421 2460 613 2496 περιπατήσας
627 2459 675 2485 ἐπὶ
705 2458 758 2485 τῶν
784 2458 898 2490 ὑδάτων,

112 2514 240 2550 ἀπῆλθεν
254 2512 292 2544 είς
311 2511 400 2538 αὐτόν.
418 2519 426 2536 ι
446 2508 547 2535 Τούτου
564 2506 628 2541 γοῦν
645 2506 797 2540 γεγονότος.
811 2505 837 2531 τί
847 2505 900 2530 ἔδει

111 2563 183 2589 ἄλλο
191 2561 287 2590 αὐτοὺς
298 2558 403 2593 νοῆσαι,
414 2557 431 2591 ἢ
443 2556 484 2582 ὃτι
498 2554 578 2584 αὐτός
590 2554 663 2579 ἐστιν
673 2553 686 2578 ό
699 2552 747 2587 τὴν
764 2550 899 2586 Ἐρυθρὰν

109 2606 255 2642 διατεμὼν
280 2605 428 2634 θάλασσαν,
451 2603 498 2628 καὶ
523 2599 681 2628 διαϐιόάσας
696 2598 759 2629 τοὺς
779 2598 899 2631 πατέρας

109 2651 208 2680 αὐτῶν
222 2651 266 2675 ἐπὶ
281 2648 330 2682 τῆς
343 2647 438 2682 ξηρᾶς,
451 2645 465 2671 ὸ
478 2644 549 2671 κατὰ
566 2645 596 2669 τὸ
609 2643 694 2677 παρὸν
711 2644 825 2676 ποιήσας
850 2642 899 2676 τὴν

108 2698 206 2731 ὑγρᾶν
222 2695 301 2730 φύσιν
317 2694 372 2720 τῶν
384 2693 486 2720 ὑδάτων
499 2691 592 2724 ὥσπερ
613 2688 698 2722 ξηρὰν
713 2688 763 2723 γῆν
777 2687 815 2722 τῷ
830 2688 899 2722 λόγῳ

109 2744 167 2772 καὶ
201 2743 240 2778 τῷ
269 2742 458 2778 προστάγματι
488 2737 586 2768 αὑτοῦ;
619 2735 691 2762 Ἀλλ’
707 2735 767 2762 ὅσον
801 2735 899 2770 μᾶλλον

952 2236 1159 2264 obtenebratum
1175 2240 1218 2262 est
1246 2233 1405 2269 imprudens
1427 2240 1474 2260 cor
1496 2233 1627 2268 ipsorum,
1641 2237 1669 2260 et
1683 2233 1733 2260 ob-

952 2282 1044 2310 caecati
1059 2285 1123 2308 sunt
1139 2279 1210 2308 oeuli
1231 2279 1363 2314 ipsorum,
1379 2285 1431 2306 nec
1443 2278 1570 2305 viderunt
1583 2277 1655 2312 quod
1669 2285 1731 2304 cum

952 2326 1115 2354 auctoritate
1127 2326 1185 2353 htec
1199 2325 1311 2357 iaceret,
1328 2330 1499 2359 quaecunque
1514 2323 1641 2350 faciebat.
1656 2322 1733 2350 Unus

952 2373 1024 2400 enim
1041 2371 1237 2406 discipulorum
1261 2369 1362 2397 Christi
1385 2369 1495 2402 Petrus,
1521 2376 1583 2396 eum
1614 2368 1642 2394 in
1668 2369 1730 2394 navi

952 2423 1034 2449 esset,
1051 2417 1162 2445 Christo
1183 2417 1241 2443 viso
1261 2415 1328 2443 dixit
1346 2423 1354 2442 :
1371 2423 1379 2440 ι
1400 2414 1469 2442 Jube
1483 2422 1526 2441 me
1541 2414 1574 2441 ad
1592 2418 1617 2441 te
1636 2413 1731 2440 venire

952 2470 1035 2497 super
1053 2468 1161 2496 _aquas.
1194 2469 1203 2486 ›
1230 2460 1263 2487 Et
1290 2459 1358 2486 dixit
1384 2459 1421 2486 illi
1449 2458 1575 2486 Christus
1597 2467 1604 2484 :
1625 2467 1634 2482 ‹
1652 2457 1731 2483 Veni.

954 2507 1003 2535 llic
1026 2511 1117 2534 autem
1136 2505 1226 2533 navim
1248 2512 1384 2540 egressus,
1409 2503 1489 2539 aquis
1506 2503 1680 2530 inambulans
1699 2502 1731 2528 ad

953 2555 1042 2588 ipsum
1057 2551 1144 2579 venit.
1159 2561 1168 2577 ι
1184 2551 1240 2578 lloc
1255 2558 1317 2578 cum
1332 2550 1501 2585 contigisset,
1512 2548 1640 2584 quidnam
1658 2547 1731 2574 aliud

953 2598 1014 2624 illos
1027 2596 1146 2631 cogitare
1170 2595 1324 2629 oportebat,
1337 2602 1420 2629 quam
1440 2594 1512 2629 quod
1542 2593 1613 2620 idem
1632 2592 1676 2619 ille
1690 2599 1733 2618 es-

953 2647 1006 2675 set,
1023 2644 1070 2677 qui
1092 2648 1165 2677 mare
1185 2641 1308 2668 Rubrum
1324 2641 1504 2672 dissecuerat,
1522 2643 1550 2667 et
1565 2643 1657 2674 patres
1673 2637 1733 2664 illo-

954 2697 1014 2716 rum
1031 2688 1105 2715 sicco
1121 2687 1278 2714 traduxerat
1294 2686 1373 2721 pede,
1387 2686 1432 2720 qui
1448 2686 1530 2713 etiam
1551 2692 1625 2712 nunc
1642 2683 1733 2710 humi-

953 2735 1016 2762 dam
1030 2737 1127 2761 natuta
1153 2733 1295 2760 materiam
1318 2739 1450 2766 aquarum
1467 2730 1553 2757 instar
1567 2730 1650 2756 aridae
1667 2727 1735 2756 soli-

153 2828 178 2845 ⁸⁸
195 2825 274 2855 Joan.
286 2823 416 2857 x,l7,lS.
454 2822 537 2850 "lsa.
551 2830 589 2853 v1,
606 2821 633 2854 9,
647 2821 692 2849 10.
728 2819 839 2848 “toan.
856 2818 936 2853 ιχμίί.
976 2817 997 2834 θ’
1013 2816 1091 2845 Joan.
1109 2821 1169 2848 vm,
1188 2813 1232 2842 42.
1269 2813 1291 2830 ⁷⁸
1303 2811 1373 2840 lbid.
1390 2811 1434 2838 55.
1469 2809 1492 2826 ⁷⁸
1507 2809 1602 2836 MaLth.
1615 2815 1671 2841 xiv,
1685 2806 1731 2834 28.

262 2877 387 2907 Pauor.
418 2875 476 2904 Gn.
499 2871 599 2903 CLIV.

1513 2858 1551 2888 15
