1946 3081
216 121 270 153 459

805 120 964 151 IOANNlS
984 120 1245 151 CANTACUZENI

1775 118 1828 152 4‘0

215 179 277 207 dam
292 178 351 205 solo
366 177 452 204 verba
465 181 493 204 et
509 176 636 205 mandato
656 184 705 206 suo
725 176 847 205 fecerat?
862 177 915 204 Sed
942 183 997 212 quo

1052 175 1118 212 ἦσαν
1130 177 1292 212 Θεωροῦντες
1320 177 1353 204 τὰ
1369 176 1481 204 τοιαῦτα
1498 177 1637 212 θαύματα,
1652 177 1778 204 τοσοῦτον
1791 178 1828 212 τῷ

214 225 295 259 plura
314 224 357 251 his
371 222 470 251 similia
492 222 624 250 miracula
636 229 728 250 coram
743 222 846 254 vident,
863 229 897 249 eo
912 222 997 256 magis

215 269 256 296 ita
272 272 300 295 et
314 268 406 295 furore
423 267 634 294 tumultuantur.
645 267 748 295 Deinde
763 271 925 301 tempestate
937 271 998 293 orta

215 314 373 341 vehementi
390 313 471 340 simul
485 318 513 340 et
528 320 625 348 magna
643 313 669 340 in
685 313 764 350 mari,
776 312 846 340 adeo
859 317 889 340 ut
909 313 997 344 navis,

215 359 243 386 in
257 367 310 394 qua
325 364 404 386 erant
417 358 516 386 Christi
526 358 848 393 discipuli,obtegeretur
859 357 997 392 ﬂuctibus,

216 412 315 439 magna
335 411 402 431 voce
430 404 481 438 ipsi
496 403 721 430 exclamaverunt
735 403 857 431 dicentes
872 412 879 430 :
895 412 905 429 ι
920 403 997 436 Jesu,

217 456 295 476 serva
316 456 377 480 nos,
395 449 528 483 perimus.
553 457 563 474 ι
591 448 718 476 Christus
740 454 831 476 autem
857 448 908 484 ipsi
929 449 997 475 mari

218 494 363 525 imperiose
373 494 453 521 simul
463 498 490 521 cl.
499 501 561 521 cum
571 494 732 521 auctoritate
739 495 879 529 praecipit:
893 504 903 520 ι
915 495 998 527 Tace,

217 540 388 570 obmutesce,
409 547 419 564 ι
436 543 464 566 et
484 539 576 566 statim
603 538 672 566 facta
688 544 730 566 est
747 539 928 574 tranquillitas
942 547 1000 568 ma-

217 592 280 619 gna.
308 584 393 612 Judaei
422 585 514 619 itaque
539 584 596 612 viso
619 584 672 612 hoc
697 584 837 620 inopinato
865 586 998 613 miraculo

219 630 339 662 attoniti.
355 637 451 664 magna
463 637 529 657 voce
548 630 737 658 clamarerunt
752 638 760 657 :
779 640 788 656 ι
803 630 869 663 Quis
884 635 927 658 est
942 632 997 664 hic,

219 675 292 710 quod
316 679 345 703 et
367 676 440 703 venti
463 679 492 703 et
515 683 589 702 mare
607 675 645 703 illi
667 675 855 703 obediunt'”?
871 686 880 702 ι
898 677 997 705 Verum

221 727 311 748 tamen
326 721 457 748 miracula
474 720 604 748 viderunt
626 720 742 752 inﬁnita,
764 725 793 749 et
808 726 934 749 naturam
958 730 1001 749 re-

219 774 280 793 rum
295 767 505 801 exsuperantia;
522 766 574 800 ipsi
588 773 653 793 vero
665 773 778 801 prorsus
798 767 1000 802 incorrigibiles

219 816 430 846 permanserunt
449 819 457 838 :
474 810 546 838 unde
566 815 593 838 et
615 810 740 838 Christus
760 811 793 839 ad
818 812 892 846 ipsos
907 813 972 840 dicit
991 821 998 839 :

1049 223 1128 258 θυμῴ
1147 223 1324 258 ἠνωχλοῦντο.
1337 224 1398 250 Ἔτι
1412 223 1545 255 κλύδωνος
1558 223 1697 258 γεγονότος
1715 223 1826 259 σφοδροῦ

1048 270 1095 296 καὶ
1116 269 1234 303 μεγάλου
1252 271 1280 295 ἐν
1296 271 1329 303 τῇ
1357 269 1489 304 θαλάσσῃ,
1504 268 1573 295 ὥστε
1600 269 1784 296 καλύπτεσθαι
1800 269 1828 295 τὺ

1049 314 1148 346 πλοῖον,
1168 315 1197 341 ὲν
1209 311 1231 348 ᾧ
1246 312 1314 350 ἦσαν
1327 316 1350 342 οἱ
1361 315 1406 342 τοῦ
1422 316 1540 351 Χριστοῦ
1559 317 1692 351 μαθηταὶ,
1711 317 1762 344 ὑπὸ
1777 317 1828 343 τῶν

1049 360 1190 394 κυμάτων,
1204 361 1323 396 ἔκραξαν
1336 358 1407 387 οὗτοι
1424 362 1528 397 μεγάλῃ
1548 364 1580 397 τῇ
1596 364 1682 398 φωνῇ,
1695 363 1828 396 λέγοντες,

1052 413 1062 430 ε
1082 404 1181 439 Ἰησοῦ,
1199 405 1285 431 σῶσον
1301 405 1374 440 ἡμᾶς
1384 405 1589 441 ’ἀπολλύμεθι
1603 416 1612 432 ›
1629 407 1829 441 ΚαὶόΧριστὺς

1048 449 1122 481 λέγει
1135 450 1168 484 τῇ
1185 449 1307 484 θαλάσσῃ
1322 449 1487 481 δεσποτικῶς
1513 450 1584 477 οὕτω
1599 451 1645 477 καὶ
1654 451 1829 483 ὲξουσιωδῶς.

1052 494 1184 527 «Σιώπα,
1213 495 1375 529 πεφίμωσο·
1391 504 1401 521 ι
1418 495 1463 521 καὶ
1490 495 1569 527 εὐθὺς
1594 496 1703 530 ἐγένετο
1729 496 1831 531 γαλήνη

1051 539 1176 574 μεγάλη.
1204 541 1236 567 Οἱ
1264 540 1352 567 τοίνυν
1384 540 1504 567 Ἰουδαῖοι
1530 541 1631 572 ἰδόντες
1654 541 1683 568 τὺ
1714 541 1831 568 τοιοῦτον

1050 585 1200 620 παράδοξον
1214 586 1319 621 θαῦμα,
1332 587 1378 613 καὶ
1390 586 1583 620 ἐκπλαγέντες.
1597 586 1715 620 ἔκραξαν
1729 586 1831 620 μεγάλῃ

1048 633 1082 667 τῇ
1098 633 1172 667 φωνῇ
1199 632 1246 658 καὶ
1265 630 1352 665 εἷπον,
1370 642 1379 658 ε
1400 633 1448 664 Τίς
1465 633 1537 659 ἐστιν
1563 630 1649 665 οὗτος,
1669 633 1709 659 ὅτι
1736 633 1793 664 καὶ,
1808 633 1830 658 ol

1049 678 1144 713 ἄνεμοι
1156 678 1202 705 καὶ
1219 679 1235 713 ἡ
1261 678 1382 706 θάλασσα
1414 679 1596 706 ὑπακούουσιν
1613 679 1702 714 αὑτῷ;
1720 688 1729 704 ι
1754 678 1831 705 Ἀλλὰ

1049 724 1083 750 τὰ
1101 725 1150 759 μὲν
1161 724 1289 759 θαύματα
1304 725 1336 751 τὰ
1350 725 1449 759 ἄπειρα
1463 725 1577 752 ἔϐλεπον
1590 724 1637 751 καὶ
1657 724 1726 759 ὑπὲρ
1740 724 1831 758 φύσιν,

1050 771 1148 796 ἐκεῖνοι
1164 770 1192 797 δὲ
1209 770 1304 805 ἔμενον
1317 770 1454 802 παντελῶς
1466 770 1632 806 ἀδιόρθωτοι.
1643 771 1690 797 Διά
1699 779 1740 797 τοι
1754 771 1831 797 τοῦτο

1051 815 1099 842 καὶ
1113 816 1126 842 ὁ
1142 815 1260 851 Χριστος
1291 815 1366 850 ἔλεγε
1381 815 1450 850 πρὸς
1484 816 1592 848 αὐτοὺς,
1624 825 1633 842 α
1657 817 1726 849 Ἐγώ
1743 813 1800 851 εἰμι
1815 817 1830 850 ή

222 866 232 882 ι
247 856 303 891 Ego
329 864 389 884 sum
407 857 508 884 ostium
522 856 557 884 ".
578 865 587 882 ι
605 857 639 884 Ει
655 857 719 884 alibi
741 866 748 885 :
764 857 820 892 Ego
834 866 892 885 sum
909 859 953 886 via
966 859 1000 886 ⁷³.

1054 859 1142 894 οὐρα·
1156 868 1165 886 ι
1196 859 1243 886 καὶ
1272 853 1402 894 ἀλλαχοῦ,
1435 869 1444 886 ι
1460 859 1530 894 Ἐγώ
1547 861 1605 894 ειμι
1630 861 1647 895 ἡ
1666 860 1739 892 ὁδός·
1757 869 1767 885 ›
1786 861 1833 887 καὶ

218 903 325 930 Rursus
343 903 427 930 alibi:
443 911 453 928 ι
473 901 528 937 Ego
549 910 609 930 sum
624 903 725 930 veritas
736 903 768 930 ⁷⁵.
802 903 878 936 Quod
894 904 916 931 si
934 904 1001 932 mihi

217 955 273 975 non
299 947 428 979 creditis,
465 947 508 974 vel
543 947 672 983 operibus
704 948 808 975 credite
825 948 867 976 7".
900 958 910 974 ‹
939 948 1002 977 Haec

218 999 284 1019 vero
309 991 435 1020 Christus
463 991 542 1024 dixit,
571 996 603 1019 ut
628 992 675 1028 qui
698 993 826 1021 obcaecati
851 999 930 1020 erant
953 993 1002 1021 Ju-

218 1036 294 1070 dtei,
327 1041 526 1072 cognoscerent
564 1036 637 1072 quod
674 1037 766 1064 nullus
802 1037 1000 1072 prophetarum

218 1086 248 1111 et
274 1089 433 1110 sanctorum
465 1086 538 1110 tanta
571 1090 634 1111 cum
662 1082 826 1110 auctoritate
861 1090 1002 1110 sermones

219 1135 295 1160 suos,
326 1131 357 1155 ut
389 1127 534 1161 Dominus,
562 1128 716 1163 protulerit,
741 1128 788 1155 sed
815 1128 919 1163 seipsos
945 1136 1002 1156 ser-

218 1181 269 1200 vos
286 1177 315 1201 ct
326 1173 469 1201 ministros
490 1181 551 1200 esse
570 1173 763 1201 ostenderunt.
793 1174 1001 1202 Christus-vero

218 1228 274 1247 non
287 1220 338 1253 sic,
371 1220 418 1247 sed
442 1227 492 1248 ceu
516 1220 647 1248 Dominus
663 1225 691 1248 et
719 1221 845 1255 princeps
870 1226 1002 1249 creaturae

219 1273 282 1293 curn
291 1264 455 1292 auctoritate
470 1264 540 1292 dixit
553 1269 581 1292 et
603 1265 668 1292 fecit
681 1266 773 1292 omnia
789 1265 875 1292 instar
895 1265 953 1292 Dei.
969 1265 1002 1293 Et

220 1318 286 1338 sane
302 1318 335 1337 ex
350 1310 450 1345 populo
471 1314 498 1337 et
520 1310 608 1337 turbis
632 1318 729 1345 magna
749 1310 891 1337 hominum
908 1311 1000 1338 multi-

221 1356 286 1383 tudo
302 1357 328 1383 in
349 1356 425 1383 illum
444 1355 579 1388 credidit;
595 1364 627 1384 ex
655 1356 754 1383 scribis
767 1363 840 1388 vero,
857 1356 1001 1384 Pharisazis

220 1408 248 1428 ct
265 1401 436 1436 principibus
451 1401 530 1436 pauci
540 1405 568 1428 et
583 1400 677 1428 faciles
686 1406 839 1428 numeratu.
857 1401 904 1428 His
919 1402 1001 1436 igitur

220 1447 260 1475 sic
270 1447 413 1478 absolutis,
428 1451 454 1474 et
470 1446 552 1473 tantis
568 1446 737 1481 inlinitisque
753 1447 834 1474 editis
850 1447 998 1480 miraculis,

220 1497 302 1527 atque
316 1492 440 1519 doctrina
453 1500 517 1519 vera
535 1500 584 1526 per
609 1497 664 1519 tres
678 1500 765 1519 annos
780 1493 927 1520 continuos
944 1493 1001 1520 sin-

220 1538 291 1573 gulis
309 1537 405 1565 diebus
426 1545 473 1572 per
493 1537 632 1564 Christum
657 1537 826 1570 annuntiata,
844 1537 1000 1572 proferente

220 1583 304 1611 etiam
335 1583 381 1609 illo
404 1589 601 1616 nonnunquam
621 1581 818 1616 prophetarum
845 1582 1002 1609 testimonia

221 1630 288 1656 (non
301 1629 373 1663 quod
386 1628 548 1655 testimoniis
561 1627 676 1654 aliorum
692 1628 726 1655 de
742 1635 770 1654 se
784 1627 927 1663 indigeret,
946 1627 1002 1656 sed

220 1678 333 1709 propter
342 1672 559 1700 incredulitatem
570 1672 759 1700 etludteorum
767 1673 850 1700 anitni
860 1672 1000 1705 duritiam,

221 1725 280 1747 tum
297 1718 415 1753 denique
435 1723 545 1753 propter
557 1717 700 1744 hominum
715 1718 923 1753 inﬁrmitatem},
936 1726 1005 1745 non-

222 1772 362 1800 nunquam
371 1765 453 1791 etiam
466 1763 517 1790 hoc
530 1764 632 1791 citante
645 1763 829 1790 Abrahamum
841 1768 886 1790 aut
898 1763 1001 1795 Mosen,

222 1810 350 1845 inprimis
367 1816 432 1836 vero
452 1808 537 1835 Deum
559 1808 646 1841 ipsutn
663 1807 770 1834 Patrem
794 1815 884 1839 suum,
902 1807 1003 1835 Iudaeis

221 1861 316 1883 autern
333 1854 516 1881 nihilominus
526 1852 671 1879 incurahili
692 1853 786 1879 tnorbo
801 1853 871 1879 circa
888 1852 946 1879 h.ec
959 1853 1001 1879 la-

222 1899 392 1930 borantibus,
403 1905 452 1925 nec
459 1897 596 1932 propriam
606 1896 714 1923 illorum
724 1897 839 1924 salutetn
849 1897 1004 1924 volentibus

223 1947 376 1977 admittere,
392 1945 495 1971 relictis
510 1943 553 1970 his
563 1942 690 1970 Christus
712 1949 743 1968 ea
758 1949 818 1976 qua:
834 1941 866 1968 ad
893 1942 1004 1969 univer-

222 1993 308 2022 saletn
324 1991 408 2018 tutius
421 1989 514 2016 mundi
529 1988 643 2015 salutem
665 1987 769 2014 faciunt
782 1995 861 2022 agere
874 1987 957 2022 cmpit
977 1991 1004 2014 et

222 2038 313 2065 dicere
323 2036 464 2070 discipulis
479 2035 536 2061 suis
548 2041 678 2068 quaenam
692 2033 730 2060 illi
746 2037 839 2060 essent
850 2037 981 2060 eventura
995 2042 1002 2059 :

225 2093 234 2109 ι
254 2083 323 2110 Ecce
337 2081 419 2112 enitn,
439 2079 535 2115 inquit,
554 2078 727 2106 ascendimus
740 2077 964 2113 Hierosolymam,
978 2081 1007 2104 et

225 2128 311 2156 Filius
320 2126 439 2154 hominis
460 2125 583 2153 tradetur
594 2123 765 2159 principibus
779 2123 951 2150 sacerdotum
978 2129 1007 2150 et

222 2173 329 2205 scribis,
338 2171 498 2205 tradentque
505 2177 567 2197 eunt
577 2169 710 2204 gentibus,
718 2167 924 2203 etﬂagellabnnt
931 2175 1004 2200 eum,

222 2224 250 2247 et
261 2218 376 2246 illudent
387 2217 436 2249 illi,
445 2222 472 2243 et
481 2215 616 2250 despuent
626 2215 652 2241 in
661 2214 972 2247 illum,occidentillum,
980 2218 1008 2241 et

223 2265 302 2292 tertia
319 2263 361 2290 die
374 2266 495 2296 resurget
508 2266 552 2292 ;et
563 2260 663 2287 auditis
674 2260 716 2286 his
727 2259 852 2293 discipuli
865 2259 924 2294 ejus
941 2266 1008 2286 nitn-

222 2309 380 2336 roreall‘ecti
395 2312 458 2334 sunt
476 2306 594 2334 valde".
612 2315 621 2332 ι
648 2305 740 2332 «Tunc
752 2304 1008 2339 subduxitdiscipu-

220 2355 261 2380 los
272 2361 337 2380 suos
348 2351 483 2383 Christus,
498 2355 525 2378 et
539 2350 664 2378 ascendit
678 2350 704 2377 in
717 2354 835 2376 montem
845 2349 965 2379 Thabor.
980 2355 1008 2376 et

222 2398 328 2426 refulsit
343 2398 428 2425 facies
443 2397 526 2429 illius,
538 2396 639 2423 Christi
654 2396 768 2427 scilicet,
786 2396 846 2429 plus
856 2403 936 2430 quam
951 2396 1003 2428 sol,

221 2450 248 2472 et
258 2444 419 2471 vestimenta
432 2443 504 2470 illius
514 2443 584 2470 facta
597 2442 709 2469 fuerunt
718 2441 801 2469 Veluti
815 2442 1004 2469 ni1.Videntes

220 2498 284 2517 vero
301 2490 428 2524 discipuli
450 2489 624 2524 splendorem
652 2488 728 2515 [aciei
744 2488 828 2520 illius,
844 2488 1003 2515 ceciderunt

220 2537 247 2564 in
263 2541 382 2568 terram;
394 2543 448 2563 non
461 2535 533 2562 enim
549 2535 756 2569 poteranthunc
772 2534 855 2561 ferre.
870 2533 1002 2565 Viderunt

219 2586 349 2609 autemet
366 2581 457 2608 Mosen
470 2585 497 2607 et
508 2580 592 2607 Eliam
604 2588 667 2607 cum
682 2579 790 2607 Christo
805 2579 1002 2614 colloquentes,

219 2629 305 2657 forma
317 2628 408 2655 servili
423 2627 456 2655 τε.
469 2618 546 2654 Nunc
562 2627 654 2663 itaque
664 2626 714 2653 hoc
725 2626 824 2653 factum
841 2625 1000 2653 considera:

222 2675 309 2709 primo
324 2674 434 2709 quidem
449 2677 477 2699 ttt
493 2672 609 2706 apostoli
620 2671 677 2698 viso
690 2671 835 2705 splendore
850 2671 1002 2698 divinitatis

219 2729 274 2747 sua:
289 2725 364 2747 certo
381 2712 574 2754 intelligerent,
584 2717 655 2753 quod
667 2725 716 2744 sua
732 2722 828 2751 sponte
846 2721 873 2743 et
888 2717 998 2751 propria

253 2777 276 2794 '-‘
292 2776 385 2805 Matth.
408 2784 462 2808 xtv,
478 2776 574 2807 25—55;
596 2775 677 2802 Mare.
692 2783 728 2806 vt,
748 2776 781 2802 55
798 2783 875 2810 seqq.

219 2812 243 2830 ³³
259 2811 359 2840 alatur.
384 2819 442 2846 xvi,
465 2812 510 2840 21.
549 2811 572 2826 "
592 2810 689 2838 Matth.
712 2818 779 2844 nn,
797 2811 808 2838 t
825 2817 902 2846 seiq.

925 2775 947 2790 "
962 2774 1040 2802 loan.
1060 2782 1086 2808 ι,
1102 2775 1129 2802 9.

1051 902 1128 934 αὖθις
1156 904 1283 939 ἀλλαχοῦ,
1304 914 1313 930 ι
1334 904 1404 937 Ἐγώ
1426 905 1482 939 εἰμι
1499 905 1516 939 ἡ
1543 905 1655 940 ἀλήθεια
1668 914 1674 921 ·
1689 916 1697 931 ι
1718 906 1775 937 καλ,
1791 906 1832 933 ὅτι

1053 948 1132 974 «Κᾶν
1156 948 1217 983 ἐμοὶ
1236 949 1273 984 μὴ
1297 949 1453 984 πιστεύητε,
1471 951 1527 980 τοῖς
1541 949 1633 985 ἔργοις
1648 949 1800 976 πιστεύετε.
1819 960 1830 976 ι

1051 993 1145 1021 Ταῦτα
1164 994 1191 1020 δὲ
1215 993 1307 1028 ἔλεγεν
1321 995 1334 1020 ό
1348 994 1476 1028 Χριστὸς,
1493 994 1536 1021 ἵνα
1559 995 1661 1028 γνῶσιν
1687 996 1711 1021 οί
1728 997 1833 1021 ἐσκοτι-

1052 1038 1144 1072 σμένοι
1164 1037 1285 1064 Ἰουδαῖοι
1299 1038 1339 1064 ὅτι
1370 1038 1457 1070 οὐδεὶς
1487 1038 1541 1064 τῶν
1573 1039 1719 1074 προφητῶν
1746 1039 1834 1073 ἦτῶν

1050 1084 1135 1118 ἁγίων
1149 1081 1209 1110 εἶπέ
1225 1092 1289 1110 ποτε
1306 1083 1401 1117 λόγους
1412 1084 1628 1116 ὲξουσιαστικοὺς
1639 1085 1674 1115 ὼς
1685 1084 1832 1120 Δεσπότης,

1051 1130 1108 1156 ἀλλ’
1127 1130 1261 1157 ἐδείκνυον
1277 1130 1389 1161 ἑαυτοὺς
1405 1129 1512 1161 δούλους
1524 1129 1570 1156 καὶ
1581 1129 1719 1164 ὑπηρέτας
1736 1130 1832 1157 αὐτοῦ’

1050 1176 1064 1202 ὁ
1083 1175 1231 1209 δὲΧριστὶς
1240 1175 1288 1209 οὐχ
1305 1174 1402 1206 οὕτως,
1413 1173 1469 1201 ἀλλ’
1477 1174 1513 1205 ὡς
1526 1173 1663 1209 Δεσπότης
1675 1174 1721 1199 καὶ
1732 1174 1834 1209 Κύριος

1050 1220 1098 1255 τῆς
1115 1221 1226 1251 κτίσεως
1240 1220 1327 1253 ἔλεγε.
1340 1220 1386 1246 καὶ
1403 1217 1522 1254 ἔπραττε
1551 1219 1613 1246 κατ’
1641 1218 1763 1252 ἐξουσίαν
1793 1220 1834 1250 ὡς

1050 1266 1126 1298 Θεός.
1139 1267 1192 1293 Καὶ
1205 1266 1258 1292 ἀπὸ
1274 1265 1323 1300 μὲν
1340 1265 1385 1291 τοῦ
1400 1264 1478 1300 ὄχλου
1495 1264 1541 1291 καὶ
1551 1263 1597 1291 τοῦ
1610 1263 1674 1290 λαοῦ
1693 1265 1833 1291 ἐπίστευον

1052 1311 1141 1346 πλήθη
1173 1311 1258 1337 πολλὰ
1290 1310 1334 1336 καὶ
1351 1310 1451 1344 ἄπειρα
1478 1311 1517 1341 είς
1530 1309 1620 1342 αὑτὸν,
1645 1309 1699 1336 ἀπὸ
1726 1309 1754 1336 δὲ
1779 1309 1834 1336 τῶν

1051 1356 1236 1392 γραμματέων
1251 1356 1296 1382 καὶ
1311 1355 1464 1390 Φαρισαίων
1482 1355 1527 1381 καὶ
1538 1355 1591 1381 τῶν
1600 1355 1739 1390 ἀρχόντων
1748 1354 1835 1389 ὀλίγοι

1051 1401 1098 1428 καὶ
1124 1401 1313 1436 εὐαρίθμητοι.
1330 1400 1438 1426 Τούτων
1463 1400 1529 1434 γοῦν
1557 1399 1627 1426 οὕτω
1654 1398 1833 1433 τελουμένων,

1052 1446 1099 1472 καὶ
1128 1445 1262 1472 τοσούτων
1289 1444 1411 1477 ἀπείρων
1444 1443 1591 1478 θαυμάτων
1622 1443 1834 1478 ἐνεργουμένων,

1053 1491 1100 1518 καὶ
1115 1490 1176 1517 καθ’
1192 1489 1310 1524 ἑκάστην
1327 1489 1434 1523 ἡμέραν
1462 1488 1617 1518 ἀδιακόπως
1630 1488 1743 1522 χρόνους
1758 1489 1834 1521 τρεῖς

1014 1525 1034 1552 c
1053 1536 1220 1571 λαλουμένης
1235 1534 1408 1566 διδασκαλίας
1437 1534 1511 1568 παρὰ
1520 1533 1567 1560 τοῦ
1583 1533 1712 1568 Χριστοῦ,
1729 1533 1775 1560 καὶ
1791 1534 1838 1559 ποῖ

1054 1583 1104 1618 μὲν
1123 1582 1250 1616 φέροντος
1264 1580 1345 1607 αὑτοῦ
1364 1580 1517 1615 μαρτυρίας
1535 1580 1574 1610 είς
1593 1579 1674 1614 μέσον
1700 1579 1754 1605 ἀπὸ
1781 1579 1837 1604 τῶν

1054 1627 1211 1663 προφητῶν,
1228 1627 1277 1660 οὐχ
1291 1626 1328 1658 ὡς
1343 1626 1437 1661 χρείαν
1447 1626 1554 1660 ἔχοντος
1565 1625 1665 1660 ἑτέρων
1684 1624 1838 1660 μαρτυρίας

1054 1673 1123 1709 ὑπὲρ
1136 1672 1229 1703 αὑτοῦ,
1244 1671 1311 1698 Θεοῦ
1331 1671 1416 1703 ὄντος,
1428 1670 1496 1697 ἀλλὰ
1510 1670 1553 1697 διὰ
1567 1671 1616 1704 τὴν
1639 1670 1766 1696 ἀπιστίαν
1789 1670 1839 1696 καὶ

1055 1716 1272 1752 σκληροκαρδίαν
1289 1715 1342 1742 τῶν
1366 1714 1511 1747 Ἰουδτίων,
1526 1715 1565 1741 ἔτι
1581 1715 1608 1741 δὲ
1621 1715 1667 1741 καὶ
1695 1715 1839 1740 ἀσθένεταν

1053 1763 1107 1790 τῶν
1134 1763 1295 1797 ἀνθρώπων,
1313 1763 1358 1788 ποῖ
1375 1762 1403 1788 δὲ
1423 1761 1551 1796 φέροντος
1575 1761 1618 1787 τόν
1641 1769 1671 1786 τε
1709 1758 1839 1793 Ἀϐραὰμ.

1055 1809 1163 1836 καὶτὸν
1179 1809 1292 1839 Μωσέα,
1309 1807 1408 1842 μᾶλλον
1435 1807 1463 1833 δὲ
1489 1807 1535 1833 τὸν
1563 1806 1627 1832 Θεὸν
1653 1805 1700 1832 καὶ
1726 1805 1839 1839 Πιτέρα

1054 1854 1148 1888 αὑτοῦ,
1167 1855 1215 1881 καὶ
1241 1854 1295 1881 τῶν
1326 1853 1460 1880 Ἰουδαίων
1486 1853 1527 1879 ἐτι
1543 1852 1585 1879 διὰ
1610 1851 1696 1878 ταῦτα
1718 1851 1838 1882 ἀνιάτως

1055 1901 1211 1934 νοσούντων,
1223 1901 1269 1927 καὶ
1285 1900 1321 1936 μὴ
1335 1894 1501 1935 βουλομένων
1512 1899 1560 1934 τὴν
1568 1898 1672 1925 ἑαυτῶν
1687 1898 1837 1931 σωτηρίαν,

1055 1948 1136 1981 ἀφεὶς
1151 1947 1277 1977 αὑτοὺςδ
1305 1945 1431 1981 Χριστὸς,
1453 1944 1553 1979 ἧρξατο
1580 1944 1708 1979 πράττειν
1735 1943 1767 1969 τὰ
1788 1943 1838 1977 τῆς

1056 1991 1193 2026 σωτηρίας
1208 1990 1255 2018 τοῦ
1283 1991 1386 2025 κόσμου
1406 1989 1568 2022 καθολικῶς,
1597 1989 1644 2015 καὶ
1670 1989 1758 2022 λέγειν
1779 1989 1839 2019 τιῖς

1057 2037 1189 2072 μαθηταῖς
1204 2035 1286 2062 αὑτοῦ
1303 2036 1335 2062 τὰ
1353 2035 1482 2070 μέλλοντα
1509 2035 1583 2069 αὐτῷ
1600 2034 1756 2068 συμϐαίνειι
1776 2041 1784 2049 ·
1796 2035 1840 2060 ὅτι

1059 2092 1068 2108 ι
1092 2082 1156 2108 Ἰδοὺ
1172 2081 1353 2116 ἀναϐαίνομεν
1365 2083 1405 2112 εἰς
1420 2080 1605 2114 Ἰεροσόλυμα,
1617 2079 1664 2106 καὶ
1680 2080 1693 2105 ό
1710 2079 1774 2110 Υἱὸς
1791 2079 1841 2106 τοῦ

1055 2128 1198 2163 ἀνθρώπου
1209 2127 1424 2163 παραδοθήσεται
1440 2127 1495 2157 τοῖς
1509 2126 1665 2161 ἀρχιερεῦσι
1677 2125 1724 2152 καὶ
1749 2133 1843 2159 γραμ-

1060 2173 1183 2210 ματεῦσι,
1201 2174 1247 2200 καὶ
1269 2173 1475 2207 παραδώσουσιν
1501 2172 1581 2197 αὑτὸν
1596 2172 1650 2201 τοῖς
1677 2171 1776 2202 ἔθνεσι,
1792 2173 1842 2196 καὶ

1058 2219 1275 2256 μαστιγώσουσιν
1302 2218 1393 2251 αὐτὴν,
1409 2218 1455 2244 καὶ
1482 2217 1660 2251 ὲμπαίξιυσΝ
1690 2215 1775 2250 αὐτῷ,
1792 2217 1843 2242 καὶ

1055 2267 1237 2302 ὲμπτύτουσιν
1249 2265 1333 2300 αὐτῷ,
1348 2265 1394 2291 καὶ
1411 2263 1602 2291 ἀποκτενοῦσιν
1626 2263 1717 2294 αὑτὸν,
1733 2264 1781 2289 καὶ
1803 2264 1843 2298 τῇ

1058 2311 1137 2345 τρίτῃ
1165 2311 1255 2344 ἡμέρᾳ
1278 2309 1469 2342 ἀναστήσεται,
1493 2307 1547 2333 Καὶ
1576 2306 1741 2337 ἀκούσαντες
1759 2306 1844 2333 τοῦτο

1055 2357 1080 2382 ol
1098 2356 1218 2390 μαθηταὶ
1234 2354 1327 2386 αὐτοῦ,
1346 2353 1519 2388 ἐλυπήθησαν
1550 2352 1662 2386 σφόδρα,
1683 2353 1729 2378 καὶ
1740 2352 1846 2386 εταρὰ-

1057 2401 1185 2436 χθησαν.(
1194 2401 1258 2427 Τότε
1272 2399 1378 2434 ἐπαίρει
1388 2399 1449 2430 τοὺς
1461 2397 1582 2432 μαθητὰς
1592 2397 1673 2423 αὐτοῦ
1684 2398 1697 2423 ὁ
1709 2396 1843 2430 Χρισ;δς,

1057 2448 1105 2473 καὶ
1131 2446 1215 2481 ἀνέϐη
1239 2446 1284 2472 ἐπὶ
1308 2446 1337 2472 τδ
1364 2445 1425 2480 ὅρος
1442 2445 1471 2470 τὸ
1487 2442 1596 2477 Θαΰὼρ,
1623 2442 1670 2469 καὶ
1692 2442 1798 2476 ἔλαμψε
1812 2444 1846 2468 τὸ

1056 2493 1203 2526 πρόσωπον
1219 2490 1301 2517 αὑτοῦ
1328 2490 1359 2525 δὴ
1378 2489 1424 2516 τιῦ
1453 2488 1571 2523 Χριστοῦ
1596 2488 1665 2523 ὑπὲρ
1683 2489 1727 2513 τὸν
1751 2488 1768 2522 ἦ
1788 2496 1844 2520 ιον,

1054 2538 1088 2563 τὰ
1102 2537 1129 2563 δὲ
1143 2537 1236 2571 ἱμάτια
1251 2535 1331 2562 αὑτοῦ
1343 2536 1449 2570 ἐγένετο
1459 2534 1542 2560 λευκὰ
1557 2534 1621 2560 ὡσεὶ
1636 2534 1708 2567 χιών.
1728 2533 1846 2564 Ίδό.τε;

1055 2580 1082 2607 δὲ
1094 2581 1118 2607 οἱ
1136 2581 1253 2615 μαθηταὶ
1269 2580 1318 2614 τὴν
1333 2579 1514 2614 λαμπρότητα
1523 2577 1568 2604 τοῦ
1583 2579 1728 2613 προσώπου
1742 2578 1846 2610 αὑτοῦ,

1056 2627 1154 2653 ἔπεσον
1174 2627 1213 2657 εὶς
1241 2626 1290 2660 τὴν
1315 2625 1383 2660 τῆν’
1411 2625 1440 2651 οὺ
1466 2625 1520 2658 γὰρ
1546 2623 1716 2659 ἠδυνήθησαν
1746 2621 1847 2657 φέρειν

1055 2673 1149 2707 αὑτήν.
1166 2670 1240 2698 Εἶδον
1256 2672 1284 2698 δὲ
1300 2671 1346 2698 καὶ
1362 2670 1407 2697 τὸν
1421 2670 1542 2704 Μωῡσῆν
1558 2670 1604 2695 καὶ
1620 2670 1663 2696 τὸν
1683 2668 1777 2695 Ἠλίαν
1794 2669 1845 2694 τὸν

1055 2717 1197 2752 προφήτην
1212 2717 1280 2752 μετὰ
1288 2717 1334 2743 τοῦ
1347 2715 1463 2751 Χριστοῦ
1475 2715 1668 2746 συλλαλοῦντας
1682 2716 1710 2740 ὲν
1721 2714 1846 2750 δουλικῷ

1180 2775 1203 2792 ⁷³
1219 2776 1297 2805 Joan.
1319 2782 1373 2817 xiv,
1386 2773 1412 2801 6.
1461 2775 1483 2790 ⁷⁸
1498 2773 1565 2818 ibid.
1608 2773 1641 2790 ⁷⁸”
1653 2773 1732 2802 John.
1748 2781 1775 2807 ν,
1790 2773 1845 2802 58.
