1946 3081
120 164 163 199 151

583 134 732 194 ΕΟΝΤΙΠἉ
750 159 995 191 ΜΑΗΟΜΕΤΕΜ
1017 159 1206 190 APULOGIA
1228 160 1269 190 II.

1675 159 1728 191 £62

119 227 154 262 τῷ
169 226 298 262 σχήματι.
314 225 369 252 Καὶ
387 223 525 252 σκόπειτὸ
549 222 674 257 γεγονὸς·
702 220 811 256 πρῶτον
832 221 891 255 μὲν,

949 219 1084 246 voluntate
1102 226 1150 246 sua
1174 219 1200 245 in
1217 223 1331 246 mortem
1357 219 1521 251 traderetur,
1538 227 1590 245 non
1614 219 1728 247 aliorum

120 273 157 299 ῐνα
174 272 273 303 ἰδόντες
287 272 313 298 οί
337 271 483 298 ἀπόστολοι
494 268 543 304 τὴν
556 268 735 303 λαμπρότητα
750 268 798 302 τῆς
811 265 892 292 αὑτοῦ

119 317 237 352 θεότητος
265 318 401 352 νοήσωσιν
428 314 551 351 ἀκριϐῶς
566 334 574 347 ,
609 314 650 341 ὃτι
681 313 813 343 ἑκουσίως
847 312 894 338 καὶ

116 363 201 398 οἰκείῳ
214 362 346 397 θελήματι
356 361 492 396 παρεδόθη
507 361 547 391 εις
556 360 675 394 σφαγὴν,
691 359 721 385 οὐ
736 358 891 393 δυναστείᾳ*

117 408 234 442 δεύτερον
250 407 289 439 δὲ,
305 407 349 433 ἵνα
363 407 467 434 λάϐωσι
482 405 661 441 παραμυθίαν
675 405 722 432 καὶ
748 404 893 439 ἀνακωχὴν

117 454 163 480 ἀπὸ
173 454 219 487 τῆς
231 453 329 488 λύπης,
341 453 377 488 ἢν
388 450 460 488 εἶχον
472 451 638 482 ἀκούσαντες
651 459 684 477 πε
689 450 716 486 pi
728 450 776 477 τοῦ
790 449 893 481 πάθους

117 500 158 525 τοῦ
172 499 289 534 Χριστοῦ
303 507 310 516 ’
326 500 373 525 καὶ
399 498 502 532 τριτον,
530 498 573 524 ῐνα
587 497 691 527 ’ἰδόντες
717 496 763 522 τὸν
792 495 893 522 Μωσέα

117 545 159 570 xci.
184 545 230 571 τὸν
254 544 349 571 Ἠλίαν
374 544 437 575 τοὺς
455 543 597 578 προφήτας
622 541 841 576 παρισταμένους
854 540 893 575 τῷ

117 589 220 625 Χριστῷ
242 589 410 624 μετάδέους,
439 587 683 624 πληροφορηθῶσιν
710 579 832 622 ἀκριὸὢς
853 587 893 613 ὅτι

117 635 192 666 αυτὸς
210 635 284 661 ἐστιν
305 636 319 661 ὁ
338 635 480 670 Δεσπότης
503 635 550 661 καὶ
575 633 677 669 Κύριος
701 633 811 660 πάντων
839 632 894 660 τῶν

117 680 270 715 προφητῶν,
301 681 348 707 καὶ
375 681 466 716 πάσης
491 681 540 715 τῆς
568 679 693 711 κτίσεως.
723 679 777 705 Καὶ
806 678 836 705 τὸ
862 677 894 712 δὴ

116 727 263 761 θαυμαστὸν
279 728 325 754 καὶ
340 727 422 762 μέγα,
439 727 480 754 ὅτι
496 726 591 762 ὥσπερ
608 726 654 752 ἐπὶ
681 724 728 751 τοῦ
758 724 894 760 Ἰορδάνου

117 772 310 807 βαπτιζομένου
333 773 379 799 τοῦ
397 772 528 807 Χριστοῦ,
555 771 663 805 ἐγένετο
687 770 763 805 φωνὴ
779 771 811 797 ἐκ
840 769 895 796 τῶν

114 817 233 851 οὐρανῶν
244 817 409 852 σχισθέντων
434 817 535 849 αὐτῶν,
553 816 679 850 λέγουσα,
697 824 706 840 ι
719 810 803 846 Οὗτός
822 814 894 840 ἔστιν

115 862 128 886 ὁ
138 861 198 892 Υίός
209 870 259 896 μου
268 863 280 888 ὁ
288 862 427 896 ἀγαπητὸς
435 864 463 888 ὲν
470 859 491 896 ᾧ
503 861 646 896 εὐδόκησα,
658 861 738 888 αὑτοῦ
751 859 874 887 ἀκούετε.
882 869 891 885 ι

945 265 1067 300 potentia
1083 269 1214 297 coactus;
1232 264 1362 298 secundo,
1384 269 1413 292 ut
1429 264 1493 291 hinc
1515 265 1728 292 consolationem

944 315 972 338 et
986 310 1069 337 animi
1085 310 1310 344 tranquillitatem
1325 310 1491 345 acciperent.
1507 316 1534 338 et
1556 318 1571 337 a
1599 318 1730 344 maerore,

944 364 1023 392 quem
1040 365 1072 384 ex
1089 357 1244 384 narratione
1257 357 1391 391 paSsionis
1403 357 1503 384 Christi
1517 362 1579 384 ante
1597 364 1731 391 concepe-

945 407 1015 436 rant.
1030 411 1090 431 sese
1107 407 1267 431 revocarent
1286 411 1294 435 ;
1312 403 1403 434 tertio,
1419 408 1449 430 ut
1464 404 1525 430 viso
1538 403 1611 430 diose
1631 408 1658 430 et
1673 403 1731 430 Elia

944 450 1085 485 prophetis
1097 457 1159 476 cum
1178 450 1328 476 reverentia
1343 449 1454 477 Christo
1469 448 1635 478 astantibus.
1661 447 1731 475 certi

945 493 1124 521 redderentur
1140 494 1213 521 hunc
1237 494 1359 521 omnium
1384 493 1579 528 prophetarum
1597 492 1678 519 simul
1703 496 1731 519 ct

945 539 1034 567 omnis
1044 544 1246 567 creaturmesse
1265 539 1422 571 Dominum.
1438 539 1539 566 Verum
1556 543 1583 565 et
1601 538 1654 565 hoc
1678 537 1731 564 mi-

945 585 1068 612 raculum
1085 585 1190 620 ingens,
1217 585 1290 620 quod
1313 584 1542 620 quemadmodum
1561 583 1672 611 Christo
1704 583 1732 609 in

944 630 1062 659 Jordane
1078 631 1226 665 baptizato,
1254 631 1293 658 sic
1313 631 1397 658 etiam
1413 638 1465 658 vox
1483 630 1517 657 de
1533 630 1604 657 coelo
1616 629 1732 656 discisso

944 676 1014 704 facta
1022 681 1064 704 est
1074 676 1168 704 dicens
1178 686 1184 704 :
1200 686 1212 702 ι
1225 677 1273 704 Hic
1285 681 1326 704 est
1337 677 1421 704 Filius
1430 684 1507 704 meus
1515 675 1631 703 dilectus
1639 675 1665 702 in
1677 683 1733 710 quo

944 723 1011 751 mihi
1025 723 1216 758 complacitum
1225 729 1277 754 est,
1287 724 1376 758 ipsum
1388 723 1496 756 audite;
1510 733 1518 748 ι
1535 723 1587 749 hoc
1601 722 1730 749 nimirum

945 770 1066 797 oratione
1081 770 1281 800 hacinnuente,
1297 773 1326 796 ut
1341 769 1438 804 partim
1450 769 1560 803 quidem
1575 768 1734 803 plenissime

945 815 1012 842 certi
1027 816 1150 843 etsecuri
1166 815 1357 847 redderentur,
1375 815 1449 842 hunc
1462 815 1561 842 Filium
1575 819 1602 841 et
1614 813 1732 841 Verbum

948 860 995 888 Dei
1009 869 1080 892 esse;
1105 861 1206 895 partim
1220 868 1296 894 vero,
1309 865 1338 888 ut
1357 861 1420 896 quia
1438 861 1492 895 jam
1511 866 1620 895 tempus
1646 860 1736 894 sepul-

115 905 196 932 1Τοῦτο
207 895 347 939 δηλοῦντος
363 895 411 932 τοῦ
426 895 516 941 λόγου,
534 906 578 932 ἵνα
593 895 624 933 τὸ
647 905 696 941 μὲν
711 907 783 932 κατὰ
806 905 896 932 πάντα

949 910 1017 934 tura:
1029 907 1132 934 Christi
1149 907 1278 938 instabat,
1291 911 1319 934 et
1336 895 1398 941 post
1413 907 1583 940 sepulturam
1599 910 1625 933 et
1637 914 1734 933 resur-

117 952 270 979 πιστωθῶσι
304 953 351 979 καὶ
384 952 629 989 πληροφορηθώσιν
644 952 684 979 ὅτι
703 951 783 984 αὑτός
798 952 896 978 ἐστινό

115 997 175 1029 Υἱὸς
189 998 236 1025 καὶ
249 998 333 1032 Λόγος
344 998 391 1025 τοῦ
421 998 505 1025 Θεοῦ*
523 999 553 1024 τὸ
567 998 606 1031 δὲ,
624 997 668 1025 ἵνα
694 998 755 1024 ἐπεὶ
767 998 782 1023 ὸ
803 998 896 1032 καιρὸς

114 1043 160 1077 τῆς
176 1044 264 1078 ταφῆς
278 1044 323 1070 τοῦ
336 1044 454 1080 Χριστοῦ
471 1044 579 1080 ἤγγιζε,
595 1043 643 1071 καὶ
657 1045 726 1079 μετὰ
743 1044 793 1079 τὴν
807 1044 896 1079 ταφὴν

115 1089 158 1114 καὶ
170 1088 219 1123 τὴν
237 1089 396 1122 ἀνάστασιν,
414 1090 558 1125 μέλλουσιν
580 1090 765 1124 ἀποσταλῆναι
798 1089 844 1116 ἐπὶ
865 1089 897 1115 τδ

114 1134 243 1168 κήρυγμα
253 1135 276 1160 oi
289 1135 444 1167 ἀπόστολοι,
460 1135 631 1171 εὑρίσκονται
659 1135 688 1162 δὲ
711 1135 795 1169 ὀλίγοι
824 1132 896 1162 οὗτοι

115 1176 159 1203 καὶ
175 1177 290 1208 ἰδιῶται,
315 1180 362 1206 καὶ
374 1178 508 1212 ἀσθενεῖς,
532 1179 607 1205 οὐδὲν
630 1179 805 1213 ἀποϐλέψωσι
827 1179 897 1213 προς

113 1222 160 1257 τὴν
183 1223 286 1250 οἰκείαν
317 1224 472 1256 ἀσθένειαν,
499 1224 567 1251 ἀλλὰ
594 1225 663 1258 πρὸς
680 1224 729 1259 τὴν
757 1224 803 1251 τοῦ
827 1224 895 1251 Θεοῦ

111 1267 239 1303 δύναμιν,
251 1269 298 1295 καὶ
313 1269 356 1296 ἵνα
377 1269 478 1301 ἰδόντες
493 1270 542 1304 τὴν
551 1269 596 1296 τοῦ
609 1268 677 1295 Θεοῦ
697 1269 776 1301 δόξαν
796 1278 826 1295 τε
850 1268 898 1295 καὶ

113 1313 302 1348 λαμπρότητα,
321 1314 488 1346 ἀκούσαντες
505 1314 534 1341 δὲ
562 1315 608 1341 καὶ
630 1315 679 1348 τὴν
700 1314 746 1341 τοῦ
763 1314 831 1341 Θετιῦ
851 1315 898 1341 καὶ

115 1358 218 1393 Harpe;
232 1360 323 1394 φωνήν
336 1368 365 1386 τε
382 1361 431 1387 καὶ
459 1360 625 1396 μαρτυρίαν,
641 1361 774 1395 νοήσωσιν
796 1360 837 1386 ὅτι
857 1357 898 1391 εἷς

111 1402 177 1433 Θεός
192 1402 266 1428 ἐστιν
280 1404 294 1429 ὁ
307 1403 401 1438 Πατὴρ
415 1403 488 1430 καὶ-ό
501 1403 574 1436 Υἱὸς,
588 1405 634 1430 καὶ
653 1401 701 1438 μία
717 1404 776 1430 ἐστὶ
791 1403 897 1438 θεάτης,

113 1447 159 1473 καὶ
174 1447 265 1481 φύσις,
283 1449 329 1475 καὶ
359 1448 474 1484 δύναμις
501 1449 604 1484 Πατρός
624 1458 652 1475 τε
679 1449 727 1475 καὶ
749 1449 823 1480 Υἱοῦ,
853 1449 898 1474 καὶ

113 1493 300 1528 θαρρήσαντες
328 1495 367 1526 είς
394 1496 445 1528 τὴν
459 1495 506 1522 τοῦ
530 1495 599 1521 Θεοῦ
615 1495 741 1529 δύναμιν,
761 1494 898 1521 ἀπέλθωσι

114 1537 184 1571 μετὰ
206 1537 360 1573 προθυμίας
383 1539 431 1564 ἐπὶ
459 1538 489 1566 τὸ
522 1540 664 1574 κήρυγμα,
696 1540 742 1566 καὶ
767 1539 897 1574 πληρωθῇ

113 1582 260 1609 κάντεῦθεν
292 1585 308 1618 ὴ
338 1584 385 1610 τοῦ
423 1584 505 1611 Δςιόὶδ
535 1586 698 1620 προφητεία,
728 1586 745 1621 ἡ
772 1585 896 1620 λέγουσα,

114 1629 236 1664 ιΘαὸὼρ
261 1630 308 1656 καὶ
329 1630 437 1666 Ἐρμὼν
461 1632 490 1658 ὲν
507 1631 546 1666 τῷ
562 1632 674 1667 ὀνόματί
697 1641 743 1658 σου
769 1632 899 1666 ἀγαλλιά-

113 1682 223 1701 σονται.
237 1683 247 1700 ι
269 1673 300 1700 '0
312 1675 341 1701 δὲ
358 1675 501 1711 προφήτης
529 1676 650 1711 Μωῦσῆς
674 1678 778 1709 ἐκεῖνος
809 1675 897 1709 εἶπεν,

111 1717 150 1749 ὡς
165 1717 319 1754 ἔμπροσθεν
345 1720 464 1755 εἴρηται,
493 1721 535 1747 ὅτι
555 1730 564 1746 ι
579 1722 724 1757 Προφήτην
752 1723 897 1757 ἀναστήσει

113 1763 213 1798 Κύριος
225 1765 238 1790 6
253 1765 317 1796 Θεὸς
329 1766 362 1792 ὲκ
377 1765 433 1792 τῶν
455 1766 577 1800 ἀδελφῶν
588 1766 677 1802 ἡμῶν,
694 1767 732 1798 ὡς
747 1768 808 1802 ἐμέ.
823 1769 899 1794 Πᾶσα

110 1808 196 1842 ψυχὴ,
213 1809 272 1843 ἥτις
297 1810 348 1836 οὐκ
363 1810 508 1837 ἀκούσεται
540 1810 588 1837 τοῦ
615 1812 754 1847 προφήτου
782 1811 897 1845 ἐκείνου,

111 1853 379 1889 εξολοθρευθήσεται,
393 1865 402 1882 ι
420 1856 475 1882 Καὶ
491 1856 532 1883 ὅτι
546 1857 605 1882 τότε
628 1857 678 1892 μὲν
694 1855 772 1884 εἶπεν
785 1858 898 1890 ἐκεῖνος,

110 1900 153 1925 ὅτι
171 1909 180 1925 ι
199 1900 276 1926 Πᾶσα
290 1900 373 1936 ψυχὴ,
386 1901 447 1936 ἥτις
473 1902 522 1928 οὐκ
539 1902 683 1928 ἀκούσεται
697 1903 743 1929 τοῦ
757 1904 898 1938 προφήτου

109 1943 230 1974 ἐκείνου,
257 1944 524 1979 ἐξολοθρευθήσεται,
542 1954 552 1970 ι
574 1945 621 1972 καὶ
635 1945 677 1971 ὅτι
702 1947 735 1971 τὰ
749 1945 899 1980 λαληθέντα

112 1988 194 2022 παρὰ
219 1997 248 2014 τε
264 1989 310 2015 τοῦ
326 1989 466 2022 Μωῦσὲως
489 1991 536 2017 καὶ
567 1990 621 2017 τῶν
649 1992 797 2026 προφητῶν
825 1991 900 2025 λόγοι

109 2034 168 2059 εἰσί
193 2034 240 2060 τοῦ
267 2035 345 2067 Θεοῦ,
371 2035 450 2062 τοῦτο
479 2036 611 2072 πρόδηλον
632 2039 680 2064 καὶ
700 2037 818 2071 ἀληθές·
842 2037 898 2064 ἀλλ’

109 2080 189 2114 ὅμως
209 2080 257 2107 καὶ
272 2081 319 2107 ἐπὶ
331 2081 379 2107 τοῦ
393 2081 593 2117 βαπτίσματος,
614 2084 661 2110 καὶ
675 2083 720 2109 ἐπὶ
735 2085 785 2118 τῆς
816 2093 900 2119 μετα-

111 2127 294 2160 μορφώσεως,
314 2127 367 2154 ἀπὸ
382 2128 436 2155 τῶν
461 2128 583 2164 οὐρανῶν
614 2130 748 2164 κατῆλθεν
771 2131 787 2166 ή
811 2131 898 2165 φωνὴ,

110 2172 163 2198 καὶ
174 2172 205 2198 οὐ
220 2172 254 2198 δι’
265 2173 421 2207 ἀνθρώπου,
436 2175 504 2202 ἀλλά
525 2175 637 2210 ἁμέσως
665 2176 713 2202 ἀπ’
737 2177 820 2203 αὐτοῦ
850 2177 896 2203 τοῦ

947 952 1097 978 rectionem
1125 951 1240 986 apostoli
1270 951 1302 979 ad
1336 951 1558 986 praedicationem
1591 951 1734 979 emittendi

946 1003 1041 1031 erant;
1055 998 1082 1025 hi
1099 999 1238 1025 vet-olicet
1254 998 1333 1033 pauci
1348 1004 1450 1031 essent,
1464 997 1566 1025 indocti
1582 997 1734 1030 etinﬁrmi,

947 1052 1002 1072 non
1020 1048 1109 1072 tamen
1122 1044 1153 1070 ad
1165 1051 1241 1071 suam
1254 1044 1450 1076 infirmitatem,
1464 1045 1510 1071 sed
1526 1043 1559 1070 ad
1572 1044 1620 1070 Dei
1638 1048 1733 1078 poten-

947 1090 1011 1117 tiam
1026 1089 1204 1124 respicerent,
1225 1093 1253 1116 et
1270 1094 1299 1116 ut
1321 1089 1423 1116 Christi
1444 1088 1529 1124 gloria
1541 1093 1569 1116 et
1583 1089 1733 1124 splendore

947 1136 1016 1168 viso,
1034 1136 1136 1170 Deique
1147 1135 1235 1163 Patris
1246 1142 1311 1162 voce
1324 1139 1352 1162 et
1363 1134 1523 1162 testimonio
1535 1135 1639 1169 audito,
1653 1135 1735 1163 intel-

947 1182 1064 1216 ligerent
1080 1189 1166 1208 unum
1194 1182 1280 1208 Deum
1305 1186 1404 1208 esseet
1427 1181 1536 1208 Patrem
1566 1186 1593 1208 et
1621 1181 1731 1213 Filium,

947 1227 1073 1262 quodque
1092 1235 1143 1254 una
1156 1227 1191 1255 sit
1206 1227 1335 1254 divinitas
1353 1231 1448 1254 natura
1460 1231 1488 1255 et
1509 1227 1630 1259 potentia
1644 1227 1735 1254 Patris

947 1278 975 1301 et
990 1273 1060 1306 Filii,
1080 1278 1163 1308 utque
1177 1273 1203 1299 in
1220 1273 1267 1300 Dci
1283 1273 1434 1308 potentiam
1451 1272 1549 1300 conﬁsi
1563 1280 1625 1300 cum
1639 1272 1736 1300 alaerit

951 1323 1007 1346 tate
1022 1318 1226 1353 pra-dicationis
1243 1318 1382 1353 negotium
1395 1317 1620 1354 aggrederentur,
1645 1321 1673 1345 et
1684 1318 1736 1345 im-

950 1365 1074 1399 pleretur
1091 1365 1135 1392 hic
1146 1364 1256 1391 Davidis
1273 1364 1414 1399 prophetia
1430 1364 1536 1396 dicens,
1551 1373 1560 1390 ι
1575 1364 1684 1391 Thabor
1707 1369 1736 1391 et

949 1409 1069 1438 Ilermon
1079 1410 1107 1438 in
1121 1410 1231 1437 nomine
1242 1415 1288 1438 tuo
1297 1410 1496 1438 exsultabuntn
1506 1410 1640 1437 Caeterum
1649 1410 1737 1437 Moses

953 1457 1000 1484 ille
1025 1457 1159 1491 propheta
1186 1457 1266 1489 dixit,
1295 1460 1325 1483 ut
1349 1461 1377 1483 et
1406 1460 1469 1483 ante
1494 1455 1654 1482 adnotatum
1669 1459 1736 1482 est:

951 1510 961 1526 ι
979 1500 1142 1535 Prohhetam
1157 1500 1288 1528 excitabit
1308 1500 1439 1528 Dominus
1461 1500 1534 1527 Deus
1555 1508 1588 1527 ex
1604 1500 1736 1527 fratribus

950 1548 1058 1579 vestris,
1074 1547 1146 1574 sicut
1158 1555 1212 1575 me.
1227 1546 1322 1574 Omnis
1336 1547 1436 1576 anima.
1459 1553 1520 1580 quae
1533 1553 1586 1572 non
1600 1545 1737 1572 audiverit

953 1593 1113 1628 prophetam
1128 1591 1423 1626 illum,exstirpabitur
1435 1591 1469 1618 ’⁷.
1484 1601 1493 1617 ι
1517 1590 1596 1624 Quod
1608 1598 1673 1618 vero
1690 1590 1736 1618 hic

952 1633 1053 1665 dixerit
1072 1644 1181 1665 omnem
1198 1637 1317 1663 animam
1345 1643 1405 1671 quae
1433 1643 1487 1664 non
1509 1635 1646 1663 audiverit
1673 1643 1736 1671 pro-

947 1683 1061 1718 .phetam
1076 1682 1164 1713 illum,
1185 1689 1245 1709 esse
1260 1680 1476 1716 cxstirpandam,
1501 1686 1529 1708 et
1548 1680 1623 1715 quod
1643 1681 1735 1707 omnia

938 1737 1012 1763 .quze
1029 1736 1044 1756 a
1055 1728 1128 1756 Mose
1144 1731 1172 1755 et
1187 1727 1329 1763 prophetis
1342 1727 1482 1760 dicuntur,
1502 1727 1586 1754 verba
1603 1727 1650 1754 Dei
1665 1727 1733 1760 sint,

951 1774 1126 1801 manifestum
1137 1777 1188 1806 est,
1203 1777 1231 1800 et
1241 1780 1335 1799 verum
1347 1779 1406 1799 esse
1419 1776 1536 1800 constat.
1551 1772 1735 1799 Nihilominus

954 1825 1044 1848 tamen
1061 1823 1089 1847 et
1107 1820 1133 1846 in
1151 1818 1287 1853 baptismo
1316 1823 1344 1846 et
1365 1817 1393 1844 iit
1421 1818 1663 1845 transformatione
1681 1826 1735 1845 vox

953 1867 1064 1894 coalitus
1081 1866 1199 1893 demissa
1211 1869 1263 1896 est,
1279 1868 1306 1891 et
1325 1871 1378 1891 n0n
1391 1872 1440 1899 per
1453 1864 1606 1896 hominem,
1622 1863 1669 1891 scd
1687 1864 1737 1891 iu:-

953 1912 1070 1939 mediate
1088 1919 1136 1946 per
1160 1911 1250 1946 ipsum
1268 1911 1353 1937 Deum
1373 1910 1491 1937 Patrem.
1521 1909 1616 1936 Vidcn‘
1641 1909 1735 1944 igitur.

953 1957 1091 1992 quomodo
1117 1956 1245 1991 primitus
1271 1960 1299 1983 ct
1322 1955 1356 1982 ab
1375 1955 1453 1982 initio
1469 1955 1598 1989 paulatim
1626 1962 1658 1982 ea
1677 1963 1737 1989 qua:

951 2003 1055 2031 Christi
1072 2006 1147 2034 sunt,
1162 2001 1359 2036 apparuerint?
1380 2001 1414 2028 Et
1429 2000 1662 2036 quemadmodum
1675 2005 1738 2034 post

953 2049 1043 2077 noctis
1057 2048 1185 2076 tenebras
1199 2055 1252 2074 non
1269 2051 1381 2081 repente
1392 2046 1433 2074 sol
1446 2046 1567 2079 videtur,
1587 2046 1634 2074 sud
1646 2046 1736 2080 primo

950 2095 1092 2130 splendor,
1107 2093 1206 2120 deinde
1218 2093 1321 2125 lumen,
1337 2093 1447 2119 tandem
1461 2099 1527 2119 vero
1543 2092 1600 2127 ipse
1612 2092 1652 2119 sol
1673 2101 1680 2119 :
1700 2092 1737 2119 ita

953 2142 1035 2169 etiam
1057 2140 1091 2167 de
1113 2139 1223 2168 Christo
1242 2138 1342 2166 factum
1365 2145 1426 2165 esse
1448 2137 1583 2166 videmus.
1602 2138 1736 2165 Paulatim

954 2188 1026 2216 enim
1045 2186 1145 2221 coepit;
1164 2185 1262 2212 deinde
1275 2185 1331 2218 ipse
1347 2183 1536 2216 Christus,sul
1553 2192 1634 2211 verus
1647 2189 1675 2211 et
1692 2192 1736 2211 ra-

108 2218 182 2244 Θεοῦ
200 2221 244 2244 καὶ
260 2219 376 2254 Πατράς.
393 2220 505 2253 Βλέπεις
518 2222 575 2252 πῶς
591 2222 693 2252 ἄνωθεν
707 2225 753 2248 καὶ
778 2223 895 2257 ὲξαρχῆς

955 2233 1076 2265 tionalis,
1090 2218 1191 2259 Vlucem
1220 2230 1246 2257 in
1267 2229 1399 2256 mundum
1413 2229 1514 2261 intulit,
1527 2233 1556 2256 et
1584 2229 1610 2256 in
1631 2230 1737 2256 animas

108 2265 144 2289 ἐκ
159 2264 207 2290 τοῦ
226 2265 297 2291 κατὰ
314 2267 411 2300 μικρδν
423 2266 564 2300 ἐφαίνοντο
579 2268 614 2294 τὰ
629 2268 675 2294 τοῦ
690 2269 808 2303 Χριστοῦ
822 2278 829 2302 ;
845 2270 900 2296 Καὶ

108 2308 210 2344 ὥσπερ
221 2310 274 2336 ἀπὸ
287 2313 335 2346 τῆς
352 2312 448 2343 νυκτὸς
476 2313 554 2340 οὐδὲν
581 2314 706 2347 φαίνεται
735 2316 873 2349 παρευθὺς
887 2315 902 2341 ὁ

109 2354 202 2388 ἥλιος,
222 2356 289 2382 ἀλλὰ
304 2357 411 2391 πρῶτον
429 2358 478 2392 μὲν
496 2359 609 2394 ἄρχεται
622 2361 638 2394 ή
662 2361 743 2395 αὐγὴ,
757 2359 816 2387 εἶτα
832 2361 898 2395 φῶς,

108 2399 162 2425 καὶ
181 2400 251 2434 μετὰ.
262 2401 347 2428 ταῦτα
364 2403 377 2428 ὁ
390 2402 476 2436 ἥλιος,
490 2403 561 2430 οὕτω
578 2405 623 2430 καὶ
641 2405 687 2431 ἐπὶ
706 2405 754 2431 τοῦ
769 2406 899 2440 Χριστοῦ.

108 2445 164 2473 Ἐκ
187 2446 234 2472 τοῦ
259 2448 430 2483 καταμικρδν
457 2449 570 2484 ἤρξατο,
599 2449 658 2477 εἶτα
679 2450 782 2486 ἔλαμψε
814 2453 860 2477 καὶ
886 2453 900 2478 ὁ

106 2492 234 2527 Χριστὸς
252 2495 291 2524 εἰς
305 2494 350 2520 τὸν
364 2496 477 2528 κίσμιιν,
494 2497 541 2521 καὶ
551 2497 591 2527 εἰς
608 2497 656 2527 τὰς
669 2496 757 2531 ψυχὰς
780 2498 835 2523 τῶν
859 2499 899 2529 εἰς

106 2539 198 2565 αὐτὸν
220 2540 434 2570 πιστευσάντων,
452 2538 469 2566 6
484 2541 578 2576 νοητὸς
602 2542 685 2576 ἥλιος.
701 2542 767 2569 Εἶτα
791 2543 899 2578 ἔρχεται

105 2585 122 2609 ὁ
144 2585 265 2618 Χριστὸς
278 2586 318 2616 εἰς
351 2585 539 2621 Ἰεροσόλυμα,
556 2586 597 2613 ἵνα
624 2588 737 2623 τελεσθῇ
765 2590 809 2614 ἐπ’
825 2588 899 2623 αὺτῷ

106 2630 143 2655 τὸ
157 2629 256 2662 πάθος,
274 2630 365 2661 καθὼς
392 2629 452 2657 εἷπε
473 2633 540 2666 πρὸς
558 2632 621 2663 τοὺς
644 2633 820 2664 ἀποστόλους.
838 2634 902 2660 ’Καὶ

107 2676 285 2707 εἰσελθόντος
299 2676 379 2703 αὐτοῦ
395 2678 435 2708 εἰς
450 2678 501 2712 τὴν
524 2678 612 2711 πόλιν,
629 2679 730 2714 ἤρξατο
744 2680 773 2705 τὸ
801 2679 902 2715 πλῆθος

107 2723 233 2757 κράζειν
247 2724 293 2750 καὶ
306 2723 407 2758 λέγειν,
428 2724 573 2759 ἐξαιρέτως
583 2725 611 2750 δὲ
635 2726 658 2751 οἱ
685 2723 739 2752 τῶν
770 2725 903 2760 Ἐϐραίων

104 2769 222 2801 παῖδες,
235 2778 244 2795 ι
257 2769 443 2804 Εὐλογημένος
450 2771 464 2796 ὁ
471 2771 619 2805 ἐρχόμενος
627 2771 655 2797 ὲν
664 2770 776 2805 etiam:
788 2771 901 2806 Κυρίου,

143 2860 169 2876 ’⁷
188 2860 269 2888 Deut.
286 2868 359 2894 artu,
378 2862 417 2888 l8.

951 2280 1060 2307 illorum
1079 2277 1125 2312 qui
1138 2277 1165 2303 in
1179 2283 1241 2303 cum
1257 2275 1385 2302 credunt.
1402 2274 1506 2302 Deinde
1520 2274 1735 2309 Hierosolymam

948 2324 1077 2353 Christus
1088 2323 1146 2356 ipse
1163 2320 1300 2351 ascendit,
1314 2325 1344 2346 ut
1359 2319 1447 2354 ipsius
1459 2319 1621 2354 impleretur
1633 2320 1736 2355 passio,

950 2368 1182 2406 quemadmodum
1204 2366 1339 2401 apostolis
1365 2365 1529 2400 praedixerat
1543 2373 1552 2383 ·
1573 2375 1582 2391 ι
1597 2366 1630 2393 Et
1649 2366 1739 2401 ingre-

954 2412 1120 2448 diente'ipso
1135 2414 1162 2440 in
1182 2413 1290 2445 urbem,
1307 2412 1391 2446 etrapit
1406 2412 1524 2446 populus
1539 2412 1693 2439 exclamare
1707 2417 1736 2439 et

953 2460 1045 2487 dicere
1068 2457 1214 2493 (inprimis
1236 2461 1328 2484 autem
1358 2456 1533 2483 Hebraeorum
1559 2457 1648 2490 pueri)
1664 2456 1736 2483 :Be-

954 2505 1093 2537 nedictus,
1106 2503 1152 2538 qui
1172 2502 1246 2529 venit
1261 2502 1288 2528 in
1310 2502 1421 2530 nomine
1436 2502 1554 2531 Domini.
1569 2502 1695 2529 “osanna
1710 2503 1736 2529 in

954 2549 1107 2580 altissimis,
1133 2555 1181 2575 rex
1200 2547 1325 2579 lsraelis;
1349 2554 1399 2580 pax
1424 2547 1451 2574 in
1471 2547 1540 2574 coelo
1558 2551 1585 2574 ct
1607 2547 1690 2580 gloria
1709 2546 1736 2573 in

953 2593 1105 2621 altissimis.
1114 2601 1122 2617 ι
1138 2592 1241 2619 Furore
1252 2595 1343 2618 autem
1356 2590 1450 2624 repleti
1460 2590 1555 2617 scriba:
1564 2594 1592 2616 et
1607 2589 1736 2616 Pharisaei

954 2639 1084 2666 dixerunt
1110 2637 1174 2665 Jesu
1192 2645 1198 2663 :
1218 2645 1227 2662 ι
1245 2636 1358 2670 Incrcpa
1385 2635 1448 2662 illos
1472 2639 1503 2661 ut.
1535 2638 1670 2661 taceant.»
1701 2634 1737 2661 At

953 2684 1081 2712 Christus
1110 2682 1252 2718 respondit
1279 2681 1354 2708 illis:
1377 2681 1440 2708 (An
1465 2689 1606 2715 nunquatn
1633 2681 1735 2716 legistis

958 2729 1126 2764 Prophelam
1143 2728 1279 2756 dicentem
1297 2736 1304 2754 :
1322 2727 1361 2754 Ex
1372 2734 1418 2754 ore
1433 2726 1577 2754 infantium
1591 2731 1619 2752 et
1634 2727 1737 2753 lacteu-

960 2775 1026 2802 tiuut
1041 2774 1211 2802 concinnabo
1222 2773 1349 2800 laudent?
1363 2772 1438 2805 Quod
1456 2772 1476 2798 si
1494 2771 1522 2798 hi
1537 2771 1681 2802 tacuerint,
1696 2771 1736 2796 la-
