1946 3081
214 149 268 182 463

811 151 969 182 JOANNIS
988 151 1247 184 CANTACUZENI

1774 154 1824 187 465

213 207 291 242 pides
302 205 500 234 clamabunt”.
514 215 523 230 ι
539 205 578 232 En
591 205 672 232 etiam
683 212 755 232 nunc
768 204 888 232 attende.
904 204 996 239 Angeli

1056 205 1170 233 Ὡσαννὰ
1183 207 1212 233 ὲν
1227 209 1283 239 τοῖς
1303 207 1435 243 ὑψίστοις,
1455 208 1580 244 βασιλεὺς
1598 208 1717 244 Ἰσραὴλ,
1735 210 1826 245 εἰρήνη

214 253 242 280 in
257 254 344 288 ipsms
360 253 460 280 Christi
485 252 668 287 generationis
690 251 872 279 celebratione
887 251 995 278 cecine-

212 303 287 329 runt.
306 308 314 324 ι
330 299 420 325 Gloria
433 298 460 325 in
482 298 597 325 excelsis
615 297 670 324 Deo
682 317 689 329 ,
712 301 738 323 et
752 296 778 323 in
795 300 865 323 terra
883 303 946 330 pax,
967 296 995 323 in

213 345 373 372 hominibus
398 345 467 370 bona
490 344 659 374 voluntasn
678 351 751 370 nunc
778 350 842 369 vero
864 343 995 370 dixerunt

212 391 315 425 pueri:
346 391 493 416 «Hosanna
522 389 549 416 in
577 389 736 422 altissimis,
761 388 922 416 benedictus
948 388 996 424 qui

214 436 289 463 venit
308 436 334 462 in
350 435 460 462 nomine
474 434 591 464 Domitii.
607 443 654 462 rex
669 435 797 467 lsraelis;
814 443 865 469 pax
881 435 907 462 in
927 435 996 462 cmlo

184 502 189 506 .
216 484 244 506 et
257 479 342 513 gloria
359 479 384 506 in
406 478 556 505 altissimis.
568 475 582 503 ἰ
602 479 668 510 Quis
683 485 749 505 vero
767 478 900 504 Dominus
914 485 996 511 super

215 531 314 552 terram
330 524 462 551 vocatur?
487 523 585 550 Nullus
610 523 680 550 alius
697 528 770 550 certe
786 529 883 558 praeter
898 523 994 549 Deum.

214 570 348 597 Dicuntur
362 569 489 604 equidem
522 568 604 596 etiam
619 568 697 595 multi
715 568 855 595 hominum
879 567 994 600 domini,

214 616 261 642 sed
277 623 338 642 cum
354 614 528 650 appositione
540 614 661 641 nominis
676 614 717 641 sui
730 635 737 645 ,
767 619 796 641 ιιι
821 614 936 649 legimus
961 613 995 640 de

213 661 297 688 Josue
311 660 366 687 ﬁlio
381 660 439 687 Nun
457 659 579 692 dii-eme,
597 669 606 684 ι
623 660 752 687 Dominus
770 667 848 686 meus
868 659 991 691 Mosesp

213 711 241 733 ct
264 707 298 733 de
331 705 392 733 aliis
423 705 515 732 multis
542 704 709 737 dicentibus,
728 713 737 730 ι
774 704 906 731 Dominus
919 712 995 731 meus

214 751 327 779 Davidn
346 751 430 783 Quam
445 750 553 778 dicendi
572 750 798 778 consuetudinem
812 751 894 778 etiam
913 750 995 777 hodie

214 797 287 824 inter
310 797 435 823 homines
462 800 596 822 servatam
622 796 762 822 videmus.
796 795 902 822 Domini
931 802 995 821 vero

213 848 313 868 nomen
338 840 378 867 sic
396 839 536 866 indeﬁnite
562 839 668 865 nemini
697 839 741 865 alii
760 846 842 874 quam
875 839 925 866 soli
939 839 994 865 Deo

1050 251 1080 277 ὲν
1112 251 1229 287 οὐρανῷ,
1248 254 1294 280 καὶ
1317 254 1379 286 δόξα
1410 254 1439 281 ἐν
1471 255 1604 288 ὑψίστοις.
1620 264 1629 280 ι
1646 255 1712 281 Τότε
1743 255 1826 289 θυμοῦ

1050 297 1218 331 πλησθέντες
1235 299 1259 324 ot
1274 300 1450 334 γραμματεῖς
1479 300 1526 325 καὶ
1554 301 1707 334 Φαρισαῖοι,
1721 299 1826 332 λέγουσι

1049 342 1088 375 τῷ
1108 342 1207 377 Ἰησοῦ,
1227 352 1236 369 ι
1255 344 1433 379 Ἐπιτίμησον
1445 345 1535 376 αὐτοῖς
1551 346 1595 371 ἵνα
1616 345 1799 379 σιωπήσωσιν.
1815 354 1823 370 ι

1056 388 1085 414 Ὀ
1100 388 1129 414 δὲ
1151 389 1268 423 Χριστὸς
1283 390 1351 425 πρὸς
1375 390 1483 422 αὐτοὺς,
1503 399 1511 416 ι
1535 390 1670 417 Οὐδέποτε
1696 391 1826 424 ἀνέγνωτε

1049 434 1097 460 τοῦ
1115 435 1258 470 Προφήτου
1272 435 1405 470 λέγοντος,
1424 436 1470 461 Ἐκ
1496 435 1628 470 στόματος
1654 436 1758 470 νηπίων
1783 437 1827 462 καὶ

1050 480 1218 514 θηλαζόντων
1230 482 1387 517 κατηρτίσω
1398 480 1482 512 ςῐνονς
1491 482 1552 508 Ἐὰν
1563 479 1635 509 οὗτοι
1644 484 1826 516 σιωπήσωσιν,

1049 526 1073 552 οἱ
1085 525 1153 553 λίθοι
1165 526 1354 561 κεκράξονται.
1372 536 1382 553 ι
1395 527 1528 562 Πρόσεξον
1543 527 1589 554 καὶ
1604 528 1674 554 κατᾶ
1687 528 1716 553 τὸ
1727 527 1824 562 παρόν.

1050 570 1134 600 Εῐπον
1162 573 1187 599 οἱ
1202 573 1313 606 ἄγγελοι
1331 573 1370 603 εἰς
1397 574 1446 608 τὴν
1472 573 1519 599 τοῦ
1545 572 1664 608 Χριστοῦ
1694 573 1827 608 γέννησιν,

1053 628 1062 644 ι
1081 619 1149 651 Δόξα
1166 619 1195 644 ὲν
1227 619 1347 653 ὑψίστοις
1362 619 1433 653 Θεῷ,
1453 619 1500 645 καὶ
1526 620 1570 646 ἐπὶ
1587 619 1638 653 γῆς
1666 619 1772 654 είρήνῃ,
1801 620 1828 644 ὲν

1050 663 1203 699 ἀνθρώποις
1235 664 1359 691 εὐδοκία·
1375 674 1385 690 ›
1417 663 1494 690 εἷπον
1517 665 1542 690 οἱ
1571 665 1663 696 παῖδες
1680 664 1737 696 νῦν,
1768 674 1776 689 ι
1791 664 1830 690 Ὧ-

1053 710 1135 736 σαν-ιὰ
1153 710 1181 736 ἐν
1192 710 1248 741 τοῖς
1263 710 1394 744 ὑψίστοις,
1411 710 1589 744 εὐλογημένος
1604 710 1617 736 ὁ
1630 710 1773 745 ἐρχόμενος
1801 711 1828 736 ὲν

1049 756 1159 790 ὀνόματι
1176 755 1290 791 Κυρίου,
1307 755 1434 790 βασιλεὺς
1458 756 1503 782 τοῦ
1534 755 1654 791 Ἰσραὴλ,
1689 757 1783 790 εἰρήνη
1801 756 1829 780 ἐν

1048 801 1165 836 οὐρανῷ,
1181 803 1228 827 καὶ
1238 801 1301 833 δόξα
1316 801 1344 827 ὲν
1363 801 1494 835 ὑψίστοις.
1512 810 1521 826 ι
1540 801 1587 832 Τίς
1616 801 1681 834 γοῦν
1708 801 1828 826 καλεῖται

1050 846 1150 881 Κύριος
1167 846 1213 872 ἐπὶ
1224 846 1296 879 γῆςς
1316 846 1426 877 Πάντως
1447 845 1533 876 οὐδεὶς
1548 845 1638 878 ἇλλο;,
1669 845 1686 880 ἢ
1712 847 1725 872 ὁ
1754 845 1828 876 Θεός.

215 886 353 913 tribuitur.
380 885 552 919 Quapropter
578 885 705 911 Christus
731 892 793 911 cum
818 884 891 911 Lens
912 887 996 916 esset,

1049 890 1177 923 Λέγονται
1193 890 1242 924 μὲν
1256 889 1385 922 πολλάκις
1407 891 1454 916 καὶ
1474 890 1612 925 ἅνθρωποι
1633 891 1734 926 κύριοι,
1764 893 1830 925 μετὰ

213 940 267 958 non
287 931 369 958 modo
393 938 447 957 non
476 931 626 964 increpavit
639 931 782 957 dicentes:
801 939 810 955 ι
831 929 956 957 llosanna
969 930 997 956 in

176 984 178 986 '
212 977 363 1009 altissimis,
385 986 393 1003 ι
414 982 479 1008 ctc.,
510 976 557 1003 scd
581 976 663 1003 etiam
685 976 794 1003 Davidis
809 976 902 1003 citavit
918 976 994 1002 testia

212 1024 348 1055 monium,
365 1023 458 1050 dicens
472 1031 478 1048 :
499 1031 507 1047 ι
524 1022 566 1048 An
583 1028 636 1048 non
652 1021 759 1056 legistis
771 1021 936 1055 Prophetam
953 1020 996 1047 di-

213 1075 321 1098 centem
334 1080 340 1098 :
359 1070 398 1097 Ex
410 1077 457 1097 ore
469 1068 612 1096 infantium
625 1073 654 1095 et
665 1068 822 1095 lactentium
837 1067 996 1094 concinnavi

212 1116 344 1145 laudent?
363 1125 372 1141 ι
390 1116 440 1148 Qui
459 1122 524 1141 vero
546 1113 649 1148 lapides
672 1118 755 1144 sunt,
785 1120 856 1147 quos
873 1112 997 1139 Christus

213 1163 410 1190 vociferaturos
441 1160 532 1187 dixit?
562 1159 663 1187 Gentes
689 1158 832 1190 nimirum,
857 1166 917 1193 qua:
934 1163 998 1185 tunc

215 1208 325 1243 quidem
340 1215 386 1239 cor
402 1206 540 1233 habebant.
554 1205 653 1232 durum
681 1204 714 1230 ad
747 1203 826 1245 ﬁdem
847 1203 998 1238 suscipien-

215 1256 277 1280 dam
291 1273 298 1286 ,
314 1253 394 1288 paulo
413 1256 473 1286 post
487 1245 754 1278 Vcro'clamaverunt
770 1249 836 1283 ipsis
851 1249 997 1277 tonitribus

215 1301 316 1328 clarius
330 1306 357 1327 et
377 1299 541 1331 sublimius;
558 1298 624 1334 quin
638 1302 666 1326 et
685 1297 875 1333 sepulcrorum
892 1297 998 1333 lapides

216 1347 297 1380 plane
311 1349 338 1372 et
352 1350 457 1380 aperte,
472 1343 591 1378 qualiter
611 1343 656 1370 vix
671 1351 803 1377 unquam,
827 1343 935 1370 Domini
955 1351 999 1371 re-

215 1391 415 1417 surrectionem
433 1397 494 1417 cum
520 1389 613 1416 divina
631 1389 737 1416 virtntc’
757 1393 785 1416 et
805 1394 938 1423 potestate
959 1389 998 1416 fa-

219 1442 292 1463 ctam
306 1435 534 1462 exclamaverunt.
552 1434 615 1462 Posu.
630 1434 689 1461 haec
700 1441 765 1461 vero
779 1434 844 1461 dicit
856 1434 997 1470 discipulis

216 1482 274 1508 suis
292 1481 415 1508 Christus
430 1490 437 1508 :
453 1490 461 1505 ι
478 1481 547 1508 Ecce
572 1479 746 1507 ascendimus
767 1480 997 1515 Hierosolymam,

215 1532 244 1553 et
260 1526 436 1561 perlicientur
450 1525 542 1552 omnia
559 1532 620 1559 qua:
633 1525 734 1559 scripta
748 1529 812 1552 sunt
828 1532 842 1552 a
858 1525 998 1560 prophetis

217 1573 251 1600 de
268 1572 336 1599 Filio
351 1571 480 1598 hominis.
497 1570 631 1598 Tradetur
655 1571 728 1597 enim
746 1570 882 1606 gentibus,
897 1575 924 1597 et
938 1571 999 1598 illu-

215 1618 298 1647 'detur
312 1618 362 1652 illi,
376 1617 524 1645 calumnias
539 1617 669 1651 patietur,
687 1621 715 1643 ct
729 1616 888 1651 despuetur.
906 1622 934 1643 et
951 1616 998 1643 ﬁa-

217 1665 344 1700 gellatum
374 1663 511 1696 occident,
530 1663 665 1697 tertiaque
682 1662 727 1689 die
742 1668 866 1697 resurget
881 1661 914 1689 ".
933 1671 942 1688 ι
965 1663 1000 1690 Et

217 1719 279 1740 cum
297 1718 374 1739 cmna
389 1710 444 1744 jam
458 1713 531 1737 esset
546 1709 634 1739 ﬁnita.
666 1707 735 1735 dicit
762 1707 903 1742 discipulis
917 1708 974 1735 suis
989 1716 996 1735 :

219 1767 230 1783 ι
250 1758 324 1785 Unus
341 1761 461 1784 vestrum
493 1755 589 1790 prodet
606 1761 659 1781 me.
679 1763 688 1779 ι
712 1754 746 1780 Ει
763 1753 999 1788 interrogaverunt

216 1811 280 1830 eum
297 1801 408 1836 singuli,
426 1810 434 1826 ι
455 1800 523 1827 Num
540 1807 591 1833 ego
605 1799 682 1825 sum?
702 1807 712 1824 ι
753 1803 780 1825 ct
806 1798 872 1824 nulli
900 1797 997 1824 horum

218 1846 371 1882 respondit.
401 1845 515 1872 Tuncet
528 1844 612 1871 Judas
622 1844 667 1877 qui
679 1847 738 1870 erat
753 1850 785 1869 ex
801 1842 997 1877 discipulorum

217 1900 333 1920 numero
346 1891 422 1923 dicit,
439 1900 448 1917 ι
467 1890 537 1918 Num
548 1897 597 1924 ego
617 1889 696 1916 sum?
707 1888 778 1916 Dicit
790 1889 826 1915 illi
843 1889 932 1921 Jesus,
958 1888 997 1915 Tu

216 1938 336 1966 (liliiSli-I
354 1938 385 1964 Et
410 1937 491 1972 paulo
513 1941 573 1970 post
597 1935 664 1962 dicit
680 1935 727 1964 illi.
750 1943 758 1960 ι
779 1934 855 1968 Quod
870 1934 938 1962 facis
956 1934 998 1962 fac

216 1985 272 2011 cito
288 1984 323 2010 ⁸ο.
343 1993 352 2008 ι
371 1983 430 2010 Non
460 1982 534 2009 enim
564 1986 671 2016 poterat
687 1980 836 2015 quidquam
854 1988 903 2007 nec
914 1980 998 2008 Judas

217 2039 268 2058 nec
283 2030 351 2057 alius
365 2033 459 2056 contra
475 2027 614 2055 Christum
639 2026 740 2059 facere,
770 2026 823 2053 nisi
853 2026 904 2054 hoc
935 2034 996 2054 cum

216 2077 262 2103 illo
273 2076 476 2104 consentiente.
495 2073 555 2101 Mox
578 2079 671 2100 autem
697 2077 790 2107 postea
810 2080 918 2100 rursum
932 2073 997 2100 dicit

216 2123 357 2158 discipulis
375 2121 431 2148 suis
446 2120 573 2149 Christus
587 2128 594 2147 :
614 2129 623 2145 ι
639 2119 678 2147 Ex
687 2127 760 2146 nunc
771 2119 998 2154 appropinquavit

216 2174 338 2203 tempus,
355 2167 428 2202 quod
449 2166 562 2201 praedixi
586 2165 673 2192 vobis.
688 2165 822 2192 Caeterum
836 2173 888 2191 non
907 2165 998 2193 turbe-

1048 936 1076 962 δὲ
1093 935 1251 970 προσθήκης
1268 936 1407 970 ὀνόματος,
1422 935 1515 971 ὥσπερ
1548 937 1595 962 καὶ
1623 937 1670 962 ἐπὶ
1701 936 1747 962 τοῦ
1771 936 1829 962 υἱοῦ

1047 982 1126 1015 Ναυῆ
1149 981 1196 1008 τοῦ
1233 981 1320 1015 Ἰησοῦ
1350 981 1482 1013 εἰπόντος.
1507 984 1547 1009 ὅτι
1577 992 1586 1008 ι
1607 983 1636 1009 Ὀ
1662 982 1755 1016 κύριός
1779 991 1829 1017 μου

1047 1027 1178 1061 Μωῦσῆς,
1197 1037 1206 1053 ι
1223 1028 1269 1054 καὶ
1285 1028 1330 1053 ἐπὶ
1348 1027 1394 1053 τοῦ
1413 1046 1420 1054 .
1437 1047 1445 1054 .
1463 1046 1470 1055 .
1491 1047 1498 1056 .
1517 1048 1524 1056 .
1542 1049 1548 1056 .
1567 1029 1700 1059 εἰπόντος,
1716 1029 1756 1054 ὅτι
1773 1037 1782 1053 ι
1801 1028 1829 1053 ὐ

1048 1073 1141 1107 κύριός
1155 1082 1205 1108 μου
1218 1075 1231 1099 ὁ
1245 1073 1335 1100 Δαϐἱδ.
1350 1083 1359 1100 ι
1385 1074 1465 1101 Ἀλλὰ
1481 1075 1528 1100 xal.
1554 1075 1635 1109 μέχρι
1648 1075 1697 1109 τῆς
1711 1073 1829 1109 σήμερον

1048 1119 1271 1153 ὲπικρατησάσης
1291 1118 1436 1154 συνηθείας
1448 1120 1477 1146 ἐν
1503 1119 1667 1155 ἀνθρώποις.
1694 1118 1772 1146 Οὕτω
1801 1119 1830 1145 δὲ

1048 1163 1282 1198 ἁπροσδιορίστως
1294 1165 1324 1190 τὸ
1340 1174 1350 1190 ι
1363 1164 1455 1199 κύριος
1469 1174 1478 1190 ι
1491 1164 1596 1196 οὐδενος
1613 1165 1707 1200 ἑτέρου
1724 1164 1800 1192 ἐστὶν
1812 1165 1829 1199 ἦ

1047 1209 1094 1236 τοῦ
1108 1209 1185 1236 Θεοῦ.
1203 1211 1253 1236 Διά
1267 1219 1306 1236 τοι
1326 1210 1403 1237 τοῦτο
1419 1211 1466 1237 καὶ
1480 1212 1494 1237 ὁ
1511 1211 1627 1246 Χριστὸς
1645 1211 1711 1242 Θεὸς
1728 1210 1776 1242 ὣν,
1794 1212 1830 1246 μὴ

1051 1256 1130 1290 μόνον
1143 1255 1218 1283 οὐδὲν
1243 1255 1394 1290 ἐπετίμησε
1418 1257 1474 1287 τοῖς
1499 1256 1608 1290 λέγουσι
1626 1256 1667 1288 τὸ,
1687 1265 1696 1282 ι
1718 1256 1832 1284 Ὡσαννὰ

1047 1303 1078 1328 ὲν
1094 1302 1228 1336 ὑψίστοις,
1245 1311 1254 1327 ι
1274 1302 1341 1329 ἀλλὰ
1351 1302 1398 1329 καὶ
1410 1302 1456 1328 τὸν
1467 1302 1549 1328 Δαδὶδ
1561 1303 1599 1332 εἰς
1618 1302 1701 1334 μέσον
1715 1302 1831 1336 ἢγαγεν,

1048 1345 1133 1371 εἰπὼν
1160 1345 1200 1371 ὃτι
1228 1353 1238 1370 ι
1266 1345 1401 1372 Οὐδέποτε
1434 1345 1570 1379 ἀνέγνωτε
1606 1345 1653 1372 τοῦ
1686 1346 1832 1381 Προφήτου

1048 1390 1182 1424 λέγοντος,
1202 1391 1250 1418 Ἐκ
1283 1391 1416 1425 στόματος
1445 1392 1550 1426 νηπίων
1588 1392 1634 1418 καὶ
1662 1391 1832 1426 θηλαζόντων

1049 1437 1207 1472 κατηρτίσω
1236 1434 1310 1463 αἶνον
1326 1446 1333 1470 ;
1351 1447 1360 1462 ι
1380 1437 1458 1468 Τίνες
1489 1437 1517 1464 δέ
1547 1439 1616 1464 εἰσιν
1629 1439 1652 1464 οἱ
1682 1438 1761 1470 λίθοι,
1785 1438 1832 1470 οὓς

1049 1479 1126 1508 εἶπεν
1138 1483 1152 1508 ὁ
1164 1481 1290 1517 Χριστὸς,
1304 1482 1345 1508 ὅτι
1360 1482 1554 1518 κεκράξονται;
1570 1483 1610 1510 Τὰ
1627 1483 1700 1517 ἔθνη,
1713 1485 1746 1510 τὰ
1760 1485 1833 1510 κατὰ

1051 1527 1080 1553 τὺ
1098 1528 1183 1562 παρὸν
1195 1527 1317 1562 σκληρὰν
1329 1527 1424 1562 ἔχοντα
1440 1527 1489 1563 τὴν
1504 1528 1619 1563 καρδίαν
1649 1529 1716 1564 πρὸς
1735 1529 1833 1558 ὑποδο-

1049 1572 1100 1608 χὴν
1115 1572 1165 1606 τῆς
1195 1572 1324 1604 πίστεως.
1340 1573 1418 1599 Μετὰ
1444 1573 1532 1608 βραχὺ
1555 1574 1583 1600 δὲ
1611 1575 1680 1601 αὑτὰ
1712 1577 1746 1601 τὰ
1768 1575 1834 1611 ἑθνη

1049 1617 1228 1651 κεκράξονται
1243 1616 1359 1651 βροντῆς
1375 1617 1549 1652 ὑψηλότερον.
1569 1618 1649 1645 Ἀλλὰ
1662 1619 1709 1646 καὶ
1721 1620 1745 1645 οἱ
1762 1619 1835 1645 λίθοι

1049 1662 1096 1689 τοῦ
1114 1663 1197 1696 τάφου
1213 1662 1320 1697 τρανῶς
1345 1662 1488 1696 βοήσουσιν
1520 1662 1582 1689 ὅσον
1607 1662 1683 1690 οὔπω
1711 1665 1760 1694 τὴν
1783 1665 1834 1691 τοῦ

1049 1708 1151 1743 Κυρίου
1163 1708 1320 1740 ἀνάστασιν,
1334 1707 1382 1743 τὴν
1397 1708 1466 1742 μετὰ
1488 1708 1537 1744 τῆς
1568 1709 1667 1743 θεῖκῆς
1692 1709 1836 1745 δυνάμεως

1049 1755 1096 1781 καὶ
1107 1753 1229 1786 ἐξουσίας
1240 1754 1435 1789 γενησομένην.
1447 1755 1523 1781 Μετὰ
1541 1755 1570 1781 δὲ
1584 1755 1667 1782 ταῦτα
1680 1756 1754 1790 λέγει
1775 1758 1836 1788 τοῖς

1050 1801 1180 1836 μαθηταῖς
1195 1800 1276 1826 αὐτοῦ
1291 1801 1305 1826 ὀ
1323 1800 1448 1835 Χριστὸς.
1468 1810 1477 1826 ι
1496 1800 1560 1828 Ἰδοὺ
1586 1802 1764 1837 ἀναϐαίνομεν
1792 1804 1835 1835 είς

1055 1846 1235 1881 Ἱεροσόλυμα,
1253 1847 1300 1872 καὶ
1313 1846 1518 1880 τελεσθήσονται
1548 1849 1636 1874 πάντα
1649 1849 1832 1882 γεγραμμένα

1048 1892 1091 1919 διὰ
1104 1891 1158 1918 τῶν
1175 1892 1322 1927 προφητῶν
1345 1892 1386 1926 τῷ
1401 1891 1457 1927 Υίῷ
1470 1892 1516 1918 τοῦ
1542 1893 1694 1928 ἀνθρώπου.
1714 1894 1837 1927 Παραδο-

1049 1938 1162 1973 θὴσεται
1190 1937 1243 1973 γὰρ
1264 1939 1320 1969 τοῖς
1346 1937 1444 1970 ἔθνεσι,
1462 1938 1509 1964 καὶ
1536 1938 1763 1974 ἐμπαιχθήσεται,
1786 1940 1837 1965 καὶ

1049 1983 1252 2018 ὑϐρισθήπεται,
1272 1984 1317 2010 καὶ
1336 1983 1625 2018 ὲμπτυσθήσεται,καὶ
1647 1983 1838 2018 μαστιγώσαν-

1048 2038 1092 2060 τες
1111 2028 1304 2055 ἀποκτενοῦσιν
1316 2027 1405 2061 αὑτὸν,
1421 2029 1468 2054 καὶ
1494 2030 1527 2063 τῇ
1542 2030 1621 2064 τρῖτῃ
1649 2028 1741 2064 ἡμέρᾳ
1767 2030 1838 2055 ἀνα-

1049 2075 1185 2109 στήσεται.
1202 2083 1212 2100 ι
1229 2075 1283 2102 Καὶ
1296 2074 1402 2100 δείπνου
1418 2075 1574 2109 γενομένου,
1588 2074 1660 2108 λέγει
1686 2075 1753 2110 πρὸς
1767 2077 1834 2107 τοὺς

1050 2120 1173 2156 μαθητὰς
1193 2120 1287 2153 αὐτοῦ,
1319 2117 1387 2151 (Ei;
1413 2120 1444 2151 ἐξ
1472 2120 1548 2154 ὑμῶν
1574 2120 1731 2155 παραδώσει
1761 2129 1807 2154 με.
1824 2131 1834 2146 ι

1051 2167 1104 2192 Καὶ
1116 2167 1228 2201 ἠρώτων
1239 2164 1279 2198 εἷς
1295 2166 1408 2197 ἕκαστος
1420 2164 1513 2198 αὑτὸν,
1533 2174 1542 2191 ι
1554 2166 1598 2201 Μή
1616 2174 1641 2192 τι
1659 2166 1714 2200 ἐγώ
1727 2166 1804 2201 είμι;
1823 2175 1833 2192 ι

215 2218 260 2240 ιιιι·
276 2220 323 2240 cor
337 2218 469 2243 vestrum,
484 2219 571 2245 neque
584 2210 757 2237 formidet“.
772 2219 781 2235 ι
809 2210 843 2237 Ει
858 2214 996 2245 postquam

1053 2212 1108 2238 Kal
1121 2212 1188 2246 πρός
1211 2220 1272 2238 τινα
1288 2211 1364 2245 λόγον
1388 2211 1437 2237 οὐκ
1455 2211 1604 2246 ἀπεκρίθη.
1631 2211 1712 2246 Λέγει
1727 2212 1756 2238 δὲ
1785 2214 1838 2239 καὶ

215 2259 354 2286 docuisset
364 2263 392 2285 et
408 2257 584 2284 animavisset
593 2263 643 2283 eos
659 2255 836 2288 suﬁicienter,
850 2255 920 2282 dixit
932 2256 972 2283 eis
987 2264 995 2282 :

219 2316 228 2331 ι
244 2306 322 2333 Nunc
337 2305 447 2340 quidem
464 2304 603 2335 dolebitis,
629 2311 691 2330 mox
707 2307 798 2330 autem
826 2302 996 2336 ltetabinzini,

214 2356 243 2378 et
265 2350 393 2386 gaudium
420 2353 540 2376 vestrum
571 2356 650 2375 nemo
678 2347 785 2375 auferet
800 2355 814 2374 a
839 2348 918 2375 vobis
931 2347 964 2374 θ’.
985 2356 994 2372 ι

219 2407 228 2422 ι
247 2396 365 2431 Surgite,
378 2401 475 2422 eamus
491 2393 589 2421 hinc".
611 2403 621 2419 ι
643 2393 674 2420 Et
690 2393 757 2420 abiit
772 2393 799 2419 in
813 2393 904 2419 locum
931 2400 996 2420 con-

215 2447 333 2469 suetum.
368 2440 513 2468 Pontiﬁces
528 2445 619 2467 autem
634 2438 788 2474 congregati
818 2446 879 2465 cutn
901 2438 998 2465 scribis

219 2494 243 2515 st
264 2487 409 2515 Pharis-rcis
433 2491 460 2513 ct
483 2487 556 2512 otnni
587 2485 703 2512 concilio
719 2491 826 2516 eorum,
844 2485 972 2512 dixerunt
989 2493 995 2511 :

222 2533 307 2566 «Quid
331 2532 481 2562 faciemus,
514 2531 644 2566 quoniam
660 2531 741 2557 homo
759 2531 800 2557 hic
819 2530 904 2557 tnulta
920 2531 996 2566 signa

216 2580 293 2606 edit?
312 2578 339 2605 Si
367 2577 407 2604 sic
424 2577 629 2611 permiseritnus
642 2583 716 2605 eum.
729 2576 839 2603 venient
852 2581 926 2603 certe
943 2577 996 2602 llo-

217 2625 300 2657 mani,
314 2629 341 2651 et
356 2623 450 2650 tollent
464 2630 513 2652 nos
523 2627 551 2649 ct
564 2622 653 2648 locum
666 2621 737 2648 hunc
749 2627 777 2648 et
788 2625 894 2656 gentem
910 2629 918 2649 :
933 2629 998 2648 con-

217 2671 292 2698 ducit
310 2675 339 2698 ιιι
351 2670 482 2697 moriatur
493 2669 526 2696 ⁸³,
539 2678 547 2694 ι
567 2668 650 2695 Judas
665 2673 755 2694 autem
773 2668 914 2695 lscariotes
931 2676 998 2702 pro-

217 2718 305 2744 tectus
323 2717 355 2743 ad
371 2716 514 2750 pontiﬁces
529 2719 556 2742 et
576 2714 689 2746 scribas,
706 2714 774 2741 dixit
790 2714 845 2741 illis
869 2722 875 2741 :
900 2723 909 2739 ι
928 2713 999 2746 Quid

251 2823 273 2839 ⁷³
290 2823 383 2850 Matth.
402 2830 458 2853 ut.
475 2822 510 2854 9;
524 2821 589 2848 Luc.
607 2829 660 2854 xtx,
678 2821 722 2848 58.

217 2860 240 2875 ⁸¹
254 2861 334 2886 Joan.
351 2866 405 2887 χιι.
420 2859 466 2885 ‘22.
505 2858 528 2873 ³⁸
543 2857 622 2884 .loan.
640 2865 695 2885 xw.
715 2857 759 2883 51.

782 2821 805 2838 ⁷9
821 2821 888 2848 Luc.
915 2829 952 2852 ιι,
974 2820 1007 2847 Ἥ
1034 2827 1112 2854 seqq.

797 2857 819 2872 ⁸⁵
834 2857 912 2884 Joan.
930 2864 967 2884 ιιι.
983 2856 1027 2888 47,
1041 2855 1085 2882 48.

1053 2257 1163 2289 Ἰούδας,
1179 2256 1301 2292 μαθητὴς
1315 2257 1352 2283 ὢν
1366 2258 1411 2283 καὶ
1422 2257 1512 2288 αὐτὸς,
1531 2267 1540 2282 ι
1555 2257 1601 2292 Μή
1616 2266 1641 2283 τι
1653 2257 1708 2290 ἐγώ
1723 2259 1782 2292 εἰμι
1795 2266 1803 2291 ;
1823 2267 1833 2283 ι

1046 2303 1128 2337 Λέγει
1143 2302 1216 2337 αὑτῴ
1228 2303 1242 2328 ὁ
1255 2302 1368 2338 Ἰησοὺς,
1385 2311 1394 2328 ι
1408 2303 1445 2329 Σὺ
1461 2300 1550 2334 εἶπας.
1562 2312 1571 2328 ι
1582 2303 1636 2329 Καὶ
1651 2303 1721 2338 μετὰ
1734 2304 1838 2339 μικρὸν

1045 2349 1120 2382 λέγει
1138 2348 1221 2383 αὐτῷ,
1241 2357 1250 2373 ι
1269 2349 1300 2374 Ὃ
1316 2350 1412 2380 ποιεῖς,
1428 2348 1539 2382 ποίησον
1553 2348 1656 2383 τάχιον.
1672 2358 1681 2375 ι
1698 2350 1764 2376 Οὐδὲ
1778 2351 1838 2384 γὰρ

1048 2394 1165 2428 ἠδύνατο
1187 2394 1291 2424 «arma
1321 2393 1464 2428 Ἰούδας,ῆ
1490 2393 1580 2429 ἓτερὶς
1601 2402 1642 2425 τις
1667 2394 1781 2429 ποιῆσαί
1805 2404 1837 2422 τι

1049 2440 1119 2466 κατὰ
1135 2439 1181 2465 τοῦ
1196 2438 1314 2472 Χριστοῦ
1333 2439 1395 2465 ἄνευ
1424 2439 1473 2473 τῆς
1503 2439 1585 2465 αὑτοῦ
1617 2439 1763 2474 θελήσεως.
1778 2441 1839 2467 Καὶ

1049 2485 1207 2519 μετ’ὀιίγον
1222 2485 1301 2511 πάλιν
1326 2485 1402 2518 λέγει
1430 2486 1485 2515 τοῖς
1516 2485 1648 2519 μαθηταῖς
1664 2487 1677 2512 6
1703 2486 1839 2521 Χριστὸς,

1050 2538 1058 2555 ι
1083 2530 1148 2556 Ἀπὸ
1162 2529 1208 2556 τοῦ
1222 2530 1267 2556 νῦν
1280 2530 1393 2565 ἤγγικεν
1409 2532 1422 2556 ὁ
1449 2539 1553 2565 καιρος,
1565 2535 1595 2558 ὃν
1612 2533 1739 2566 προεῖπον
1757 2533 1842 2567 ὑμῐ..

1052 2575 1131 2602 Ἀλλὰ
1142 2576 1178 2609 μὴ
1188 2576 1363 2609 ταρασσέσθω
1372 2577 1448 2610 ὑμῶν
1461 2578 1477 2611 ἡ
1485 2577 1591 2612 καρδία,
1603 2577 1670 2612 μηδὲ
1678 2577 1816 2605 δειλιάτω.
1826 2589 1837 2605 ι

1048 2621 1103 2647 Καὶ
1129 2620 1236 2653 διδάξας
1266 2621 1313 2648 καὶ
1346 2622 1559 2656 παραθαρρὑας
1589 2623 1687 2652 αὐτοὺς
1720 2623 1839 2655 ἱκανῶς,

1049 2664 1127 2692 εἶπεν
1150 2667 1251 2699 αὐτοῖς,
1270 2676 1278 2692 ι
1293 2666 1350 2693 Νῦν
1367 2667 1416 2701 μὲν
1431 2667 1631 2703 λυπηθήσεσθε,
1661 2669 1720 2702 μετ’
1741 2669 1841 2703 ὀλίγον

1051 2711 1078 2737 δὲ
1095 2712 1257 2747 χαρήσεσθε,
1272 2713 1319 2739 καὶ
1336 2713 1384 2748 τὴν
1397 2714 1483 2748 χαρὰν
1499 2714 1574 2748 ὑμῶν
1600 2714 1686 2747 οὐδεὶς
1700 2715 1772 2751 αἴρει
1786 2714 1840 2753 ag‘

1163 2820 1280 2849 "Joan.
1310 2829 1370 2855 xtu,
1404 2822 1501 2850 21-27.
1553 2822 1576 2838 ⁸¹
1594 2822 1672 2850 Joan.
1701 2830 1757 2855 xtv,
1785 2822 1840 2849 27.
