  <div class='ocr_page' id='page_1' title='image "/cluster/home/n/w/nwhite01/storage/ocr_20150623/154/njp.32101010943486/238.png"; bbox 0 0 1946 3081; ppageno 0'>
   <div class='ocr_carea' id='block_1_1' title="bbox 155 109 205 142">
    <p class='ocr_par' dir='ltr' id='par_1_1' title="bbox 155 109 205 142">
     <span class='ocr_line' id='line_1_1' title="bbox 155 109 205 142; baseline -0.04 0"><span class='ocrx_word' id='word_1_1' title='bbox 155 109 205 142; x_wconf 75' lang='grc'><strong>465</strong></span> 
     </span>
    </p>
   </div>
   <div class='ocr_carea' id='block_1_2' title="bbox 624 103 1308 138">
    <p class='ocr_par' dir='ltr' id='par_1_2' title="bbox 624 103 1308 138">
     <span class='ocr_line' id='line_1_2' title="bbox 624 103 1308 138; baseline -0.001 -1"><span class='ocrx_word' id='word_1_2' title='bbox 624 105 771 137; x_wconf 79' lang='lat' dir='ltr'><strong>CONTRA</strong></span> <span class='ocrx_word' id='word_1_3' title='bbox 790 104 1035 138; x_wconf 75' lang='lat' dir='ltr'><strong>MAHOMETEM</strong></span> <span class='ocrx_word' id='word_1_4' title='bbox 1055 103 1246 135; x_wconf 81' lang='lat' dir='ltr'><strong>APOLOGIA</strong></span> <span class='ocrx_word' id='word_1_5' title='bbox 1267 103 1308 136; x_wconf 79' lang='lat' dir='ltr'><strong>II.</strong></span> 
     </span>
    </p>
   </div>
   <div class='ocr_carea' id='block_1_3' title="bbox 1715 103 1768 135">
    <p class='ocr_par' dir='ltr' id='par_1_3' title="bbox 1715 103 1768 135">
     <span class='ocr_line' id='line_1_3' title="bbox 1715 103 1768 135; baseline 0 0"><span class='ocrx_word' id='word_1_6' title='bbox 1715 103 1768 135; x_wconf 74' lang='lat'><strong>456</strong></span> 
     </span>
    </p>
   </div>
   <div class='ocr_carea' id='block_1_4' title="bbox 154 160 939 203">
    <p class='ocr_par' dir='ltr' id='par_1_4' title="bbox 154 163 931 203">
     <span class='ocr_line' id='line_1_4' title="bbox 154 163 931 203; baseline -0.005 -9"><span class='ocrx_word' id='word_1_7' title='bbox 154 168 238 203; x_wconf 79' lang='grc' dir='ltr'>ὕμων.</span> <span class='ocrx_word' id='word_1_8' title='bbox 258 164 423 200; x_wconf 79' lang='grc' dir='ltr'>Ἐγείρεσθε,</span> <span class='ocrx_word' id='word_1_9' title='bbox 439 164 559 200; x_wconf 81' lang='grc' dir='ltr'>ἄγωμεν.</span> <span class='ocrx_word' id='word_1_10' title='bbox 577 173 586 191; x_wconf 74' lang='lat' dir='ltr'><strong>r</strong></span> <span class='ocrx_word' id='word_1_11' title='bbox 602 165 659 192; x_wconf 78' lang='grc' dir='ltr'><strong>Καὶ</strong></span> <span class='ocrx_word' id='word_1_12' title='bbox 684 164 802 198; x_wconf 85' lang='grc' dir='ltr'>ἀπῆλθον</span> <span class='ocrx_word' id='word_1_13' title='bbox 829 164 869 196; x_wconf 80' lang='grc' dir='ltr'><strong>εἰς</strong></span> <span class='ocrx_word' id='word_1_14' title='bbox 884 163 931 190; x_wconf 84' lang='grc' dir='ltr'><strong>τδν</strong></span> 
     </span>
    </p>
   </div>
   <div class='ocr_carea' id='block_1_5' title="bbox 992 160 1769 203">
    <p class='ocr_par' dir='ltr' id='par_1_5' title="bbox 992 160 1769 196">
     <span class='ocr_line' id='line_1_5' title="bbox 992 160 1769 196; baseline -0.001 -7"><span class='ocrx_word' id='word_1_15' title='bbox 992 161 1086 189; x_wconf 64' lang='lat' dir='ltr'><strong>dabitis</strong></span> <span class='ocrx_word' id='word_1_16' title='bbox 1101 162 1168 188; x_wconf 92' lang='lat' dir='ltr'><strong>mihi</strong></span> <span class='ocrx_word' id='word_1_17' title='bbox 1184 166 1213 188; x_wconf 90' lang='lat' dir='ltr'><strong>ut</strong></span> <span class='ocrx_word' id='word_1_18' title='bbox 1231 169 1281 196; x_wconf 77' lang='lat' dir='ltr'><strong>ego</strong></span> <span class='ocrx_word' id='word_1_19' title='bbox 1296 161 1407 195; x_wconf 88' lang='lat' dir='ltr'><strong>prodam</strong></span> <span class='ocrx_word' id='word_1_20' title='bbox 1432 161 1507 188; x_wconf 89' lang='lat' dir='ltr'><strong>illum</strong></span> <span class='ocrx_word' id='word_1_21' title='bbox 1524 161 1566 187; x_wconf 64' lang='grc' dir='ltr'><strong>θυι</strong></span> <span class='ocrx_word' id='word_1_22' title='bbox 1581 160 1613 188; x_wconf 88' lang='grc' dir='ltr'>Ει</span> <span class='ocrx_word' id='word_1_23' title='bbox 1634 161 1769 189; x_wconf 78' lang='lat' dir='ltr'><strong>dederunt</strong></span> 
     </span>
    </p>
   </div>
   <div class='ocr_carea' id='block_1_6' title="bbox 154 210 936 246">
    <p class='ocr_par' dir='ltr' id='par_1_6' title="bbox 154 210 936 246">
     <span class='ocr_line' id='line_1_6' title="bbox 154 210 936 246; baseline -0.006 -6"><span class='ocrx_word' id='word_1_24' title='bbox 154 213 243 244; x_wconf 84' lang='grc' dir='ltr'>τόπον,</span> <span class='ocrx_word' id='word_1_25' title='bbox 257 212 286 239; x_wconf 79' lang='grc' dir='ltr'>ὃν</span> <span class='ocrx_word' id='word_1_26' title='bbox 300 211 374 246; x_wconf 87' lang='grc' dir='ltr'>εἶχεν</span> <span class='ocrx_word' id='word_1_27' title='bbox 403 212 434 238; x_wconf 81' lang='grc' dir='ltr'>ὲκ</span> <span class='ocrx_word' id='word_1_28' title='bbox 452 211 606 245; x_wconf 79' lang='grc' dir='ltr'>συνηθείας.</span> <span class='ocrx_word' id='word_1_29' title='bbox 622 211 653 238; x_wconf 79' lang='grc' dir='ltr'><strong>Οἱ</strong></span> <span class='ocrx_word' id='word_1_30' title='bbox 683 211 775 245; x_wconf 87' lang='grc' dir='ltr'>μέντοι</span> <span class='ocrx_word' id='word_1_31' title='bbox 797 210 936 246; x_wconf 80' lang='grc' dir='ltr'><strong>ἀρχιερεῖς</strong></span> 
     </span>
    </p>
   </div>
   <div class='ocr_carea' id='block_1_7' title="bbox 154 255 936 293">
    <p class='ocr_par' dir='ltr' id='par_1_7' title="bbox 154 255 936 293">
     <span class='ocr_line' id='line_1_7' title="bbox 154 255 936 293; baseline -0.005 -8"><span class='ocrx_word' id='word_1_32' title='bbox 154 258 328 293; x_wconf 79' lang='grc' dir='ltr'><strong>συναχθέντες</strong></span> <span class='ocrx_word' id='word_1_33' title='bbox 343 256 412 292; x_wconf 82' lang='grc' dir='ltr'>μετὰ</span> <span class='ocrx_word' id='word_1_34' title='bbox 426 257 479 283; x_wconf 84' lang='grc' dir='ltr'><strong>τῶν</strong></span> <span class='ocrx_word' id='word_1_35' title='bbox 507 255 694 291; x_wconf 78' lang='grc' dir='ltr'><strong>γραμματέων</strong></span> <span class='ocrx_word' id='word_1_36' title='bbox 710 257 756 282; x_wconf 87' lang='grc' dir='ltr'>καὶ</span> <span class='ocrx_word' id='word_1_37' title='bbox 781 255 936 290; x_wconf 78' lang='grc' dir='ltr'><strong>Φαρισαίων</strong></span> 
     </span>
    </p>
   </div>
   <div class='ocr_carea' id='block_1_8' title="bbox 153 298 936 333">
    <p class='ocr_par' dir='ltr' id='par_1_8' title="bbox 153 298 936 333">
     <span class='ocr_line' id='line_1_8' title="bbox 153 298 936 333; baseline -0.005 -5"><span class='ocrx_word' id='word_1_38' title='bbox 153 302 198 328; x_wconf 77' lang='grc' dir='ltr'>καὶ</span> <span class='ocrx_word' id='word_1_39' title='bbox 214 301 314 332; x_wconf 65' lang='grc' dir='ltr'>παντὸς</span> <span class='ocrx_word' id='word_1_40' title='bbox 330 299 376 326; x_wconf 85' lang='grc' dir='ltr'>τοῦ</span> <span class='ocrx_word' id='word_1_41' title='bbox 396 299 536 333; x_wconf 83' lang='grc' dir='ltr'><strong>συνεδρίου</strong></span> <span class='ocrx_word' id='word_1_42' title='bbox 560 300 650 326; x_wconf 77' lang='grc' dir='ltr'>αὐτῶν</span> <span class='ocrx_word' id='word_1_43' title='bbox 674 299 777 332; x_wconf 71' lang='grc' dir='ltr'>ἔλεγον,</span> <span class='ocrx_word' id='word_1_44' title='bbox 799 307 809 324; x_wconf 67' lang='grc' dir='ltr'><strong>ί</strong></span> <span class='ocrx_word' id='word_1_45' title='bbox 825 298 858 325; x_wconf 91' lang='grc' dir='ltr'><strong>Τί</strong></span> <span class='ocrx_word' id='word_1_46' title='bbox 876 307 936 325; x_wconf 89' lang='grc' dir='ltr'>ποι-</span> 
     </span>
    </p>
   </div>
   <div class='ocr_carea' id='block_1_9' title="bbox 153 339 934 378">
    <p class='ocr_par' dir='ltr' id='par_1_9' title="bbox 153 339 934 378">
     <span class='ocr_line' id='line_1_9' title="bbox 153 339 934 378; baseline -0.004 -7"><span class='ocrx_word' id='word_1_47' title='bbox 153 344 245 378; x_wconf 86' lang='grc' dir='ltr'>οῦμεν,</span> <span class='ocrx_word' id='word_1_48' title='bbox 264 344 305 370; x_wconf 84' lang='grc' dir='ltr'>ὅτι</span> <span class='ocrx_word' id='word_1_49' title='bbox 321 343 489 377; x_wconf 82' lang='grc' dir='ltr'>όᾶνθρωπος</span> <span class='ocrx_word' id='word_1_50' title='bbox 504 339 580 372; x_wconf 74' lang='grc' dir='ltr'>οὗτος</span> <span class='ocrx_word' id='word_1_51' title='bbox 602 342 688 368; x_wconf 80' lang='grc' dir='ltr'>πολλὰ</span> <span class='ocrx_word' id='word_1_52' title='bbox 717 342 817 376; x_wconf 83' lang='grc' dir='ltr'>σημεῖα</span> <span class='ocrx_word' id='word_1_53' title='bbox 844 342 934 374; x_wconf 69' lang='grc' dir='ltr'>ποιεῖς</span> 
     </span>
    </p>
   </div>
   <div class='ocr_carea' id='block_1_10' title="bbox 161 386 935 422">
    <p class='ocr_par' dir='ltr' id='par_1_10' title="bbox 161 386 935 422">
     <span class='ocr_line' id='line_1_10' title="bbox 161 386 935 422; baseline -0.005 -7"><span class='ocrx_word' id='word_1_54' title='bbox 161 389 220 415; x_wconf 78' lang='grc' dir='ltr'>Ἐὰν</span> <span class='ocrx_word' id='word_1_55' title='bbox 234 388 348 422; x_wconf 83' lang='grc' dir='ltr'><strong>ἀφῶμεν</strong></span> <span class='ocrx_word' id='word_1_56' title='bbox 369 387 449 413; x_wconf 77' lang='grc' dir='ltr'>αὑτὸν</span> <span class='ocrx_word' id='word_1_57' title='bbox 478 386 575 419; x_wconf 76' lang='grc' dir='ltr'>οὓτως,</span> <span class='ocrx_word' id='word_1_58' title='bbox 592 395 700 417; x_wconf 85' lang='grc' dir='ltr'>παντως</span> <span class='ocrx_word' id='word_1_59' title='bbox 730 386 885 412; x_wconf 70' lang='grc' dir='ltr'><strong>ἐλεύσονται</strong></span> <span class='ocrx_word' id='word_1_60' title='bbox 911 387 935 411; x_wconf 76' lang='grc' dir='ltr'>οἱ</span> 
     </span>
    </p>
   </div>
   <div class='ocr_carea' id='block_1_11' title="bbox 160 431 936 468">
    <p class='ocr_par' dir='ltr' id='par_1_11' title="bbox 160 431 936 468">
     <span class='ocr_line' id='line_1_11' title="bbox 160 431 936 468; baseline -0.003 -9"><span class='ocrx_word' id='word_1_61' title='bbox 160 433 300 468; x_wconf 83' lang='grc' dir='ltr'>Ῥωμαῖοι,</span> <span class='ocrx_word' id='word_1_62' title='bbox 316 433 363 459; x_wconf 81' lang='grc' dir='ltr'>καὶ</span> <span class='ocrx_word' id='word_1_63' title='bbox 380 432 492 466; x_wconf 77' lang='grc' dir='ltr'>ἀροῦσιν</span> <span class='ocrx_word' id='word_1_64' title='bbox 510 432 587 466; x_wconf 84' lang='grc' dir='ltr'>ήμῶν</span> <span class='ocrx_word' id='word_1_65' title='bbox 603 432 650 458; x_wconf 76' lang='grc' dir='ltr'><strong>καὶ</strong></span> <span class='ocrx_word' id='word_1_66' title='bbox 673 432 719 458; x_wconf 81' lang='grc' dir='ltr'><strong>τὸν</strong></span> <span class='ocrx_word' id='word_1_67' title='bbox 733 432 815 458; x_wconf 86' lang='grc' dir='ltr'>τόπον</span> <span class='ocrx_word' id='word_1_68' title='bbox 833 431 878 458; x_wconf 79' lang='grc' dir='ltr'>καὶ</span> <span class='ocrx_word' id='word_1_69' title='bbox 905 431 936 457; x_wconf 79' lang='grc' dir='ltr'>τὸ</span> 
     </span>
    </p>
   </div>
   <div class='ocr_carea' id='block_1_12' title="bbox 155 475 936 512">
    <p class='ocr_par' dir='ltr' id='par_1_12' title="bbox 155 475 936 512">
     <span class='ocr_line' id='line_1_12' title="bbox 155 475 936 512; baseline -0.003 -8"><span class='ocrx_word' id='word_1_70' title='bbox 155 478 238 507; x_wconf 72' lang='grc' dir='ltr'>ἔθνος.</span> <span class='ocrx_word' id='word_1_71' title='bbox 266 477 403 512; x_wconf 81' lang='grc' dir='ltr'>Συμφέρει</span> <span class='ocrx_word' id='word_1_72' title='bbox 434 476 590 503; x_wconf 78' lang='grc' dir='ltr'>ἀποθανεῖν.</span> <span class='ocrx_word' id='word_1_73' title='bbox 608 485 618 502; x_wconf 77' lang='grc' dir='ltr'><strong>ι</strong></span> <span class='ocrx_word' id='word_1_74' title='bbox 644 476 672 503; x_wconf 90' lang='lat'><strong>&#39;0</strong></span> <span class='ocrx_word' id='word_1_75' title='bbox 700 476 728 503; x_wconf 81' lang='grc' dir='ltr'>δὲ</span> <span class='ocrx_word' id='word_1_76' title='bbox 760 475 936 511; x_wconf 79' lang='grc' dir='ltr'><strong>Ἰσκαριώτης</strong></span> 
     </span>
    </p>
   </div>
   <div class='ocr_carea' id='block_1_13' title="bbox 162 520 935 555">
    <p class='ocr_par' dir='ltr' id='par_1_13' title="bbox 162 520 935 555">
     <span class='ocr_line' id='line_1_13' title="bbox 162 520 935 555; baseline -0.004 -7"><span class='ocrx_word' id='word_1_77' title='bbox 162 521 257 552; x_wconf 76' lang='grc' dir='ltr'>Ἰούδας</span> <span class='ocrx_word' id='word_1_78' title='bbox 275 520 399 547; x_wconf 86' lang='grc' dir='ltr'>ἀπελθὼν</span> <span class='ocrx_word' id='word_1_79' title='bbox 409 521 449 550; x_wconf 85' lang='grc' dir='ltr'><strong>είς</strong></span> <span class='ocrx_word' id='word_1_80' title='bbox 464 520 526 551; x_wconf 81' lang='grc' dir='ltr'>τοὺς</span> <span class='ocrx_word' id='word_1_81' title='bbox 545 520 682 555; x_wconf 79' lang='grc' dir='ltr'><strong>ἀρχιερεῖς</strong></span> <span class='ocrx_word' id='word_1_82' title='bbox 691 520 738 546; x_wconf 75' lang='grc' dir='ltr'>καὶ</span> <span class='ocrx_word' id='word_1_83' title='bbox 751 521 935 554; x_wconf 77' lang='grc' dir='ltr'><strong>γραμματεῖς,</strong></span> 
     </span>
    </p>
   </div>
   <div class='ocr_carea' id='block_1_14' title="bbox 155 564 936 599">
    <p class='ocr_par' dir='ltr' id='par_1_14' title="bbox 155 564 936 599">
     <span class='ocr_line' id='line_1_14' title="bbox 155 564 936 599; baseline -0.003 -7"><span class='ocrx_word' id='word_1_84' title='bbox 155 564 229 592; x_wconf 73' lang='grc' dir='ltr'>εἶπεν</span> <span class='ocrx_word' id='word_1_85' title='bbox 247 566 350 597; x_wconf 76' lang='grc' dir='ltr'>αὐτοῖς,</span> <span class='ocrx_word' id='word_1_86' title='bbox 371 575 381 591; x_wconf 74' lang='grc'><strong><em>4</em></strong></span> <span class='ocrx_word' id='word_1_87' title='bbox 400 565 432 591; x_wconf 81' lang='grc' dir='ltr'><strong>Τί</strong></span> <span class='ocrx_word' id='word_1_88' title='bbox 446 565 538 591; x_wconf 86' lang='grc' dir='ltr'>θέλετέ</span> <span class='ocrx_word' id='word_1_89' title='bbox 554 573 599 599; x_wconf 83' lang='grc' dir='ltr'><strong>μοι</strong></span> <span class='ocrx_word' id='word_1_90' title='bbox 621 564 724 595; x_wconf 81' lang='grc' dir='ltr'>δοῦναι,</span> <span class='ocrx_word' id='word_1_91' title='bbox 740 565 787 591; x_wconf 75' lang='grc' dir='ltr'>καὶ</span> <span class='ocrx_word' id='word_1_92' title='bbox 801 565 855 598; x_wconf 75' lang='grc' dir='ltr'><strong>ἐγὼ</strong></span> <span class='ocrx_word' id='word_1_93' title='bbox 873 565 936 599; x_wconf 82' lang='grc' dir='ltr'>ὑμῖν</span> 
     </span>
    </p>
   </div>
   <div class='ocr_carea' id='block_1_15' title="bbox 155 610 936 646">
    <p class='ocr_par' dir='ltr' id='par_1_15' title="bbox 155 610 936 646">
     <span class='ocr_line' id='line_1_15' title="bbox 155 610 936 646; baseline 0 -9"><span class='ocrx_word' id='word_1_94' title='bbox 155 611 306 646; x_wconf 79' lang='grc' dir='ltr'>παραδώσω</span> <span class='ocrx_word' id='word_1_95' title='bbox 341 610 444 644; x_wconf 78' lang='grc' dir='ltr'>αὑτόν;</span> <span class='ocrx_word' id='word_1_96' title='bbox 474 612 529 636; x_wconf 82' lang='grc' dir='ltr'><strong>Καὶ</strong></span> <span class='ocrx_word' id='word_1_97' title='bbox 555 611 660 636; x_wconf 71' lang='grc' dir='ltr'>ἔδωκαν</span> <span class='ocrx_word' id='word_1_98' title='bbox 685 610 759 645; x_wconf 78' lang='grc' dir='ltr'>αὐτῷ</span> <span class='ocrx_word' id='word_1_99' title='bbox 788 611 936 645; x_wconf 84' lang='grc' dir='ltr'>τριάκοντα</span> 
     </span>
    </p>
   </div>
   <div class='ocr_carea' id='block_1_16' title="bbox 155 655 936 692">
    <p class='ocr_par' dir='ltr' id='par_1_16' title="bbox 155 655 936 692">
     <span class='ocr_line' id='line_1_16' title="bbox 155 655 936 692; baseline -0.001 -8"><span class='ocrx_word' id='word_1_100' title='bbox 155 657 282 692; x_wconf 78' lang='grc' dir='ltr'>ἀργύρια,</span> <span class='ocrx_word' id='word_1_101' title='bbox 297 666 307 682; x_wconf 78' lang='grc'><strong>»</strong></span> <span class='ocrx_word' id='word_1_102' title='bbox 326 657 381 683; x_wconf 82' lang='grc' dir='ltr'><strong>Καὶ</strong></span> <span class='ocrx_word' id='word_1_103' title='bbox 412 656 471 690; x_wconf 72' lang='grc' dir='ltr'>μετ’</span> <span class='ocrx_word' id='word_1_104' title='bbox 498 656 587 689; x_wconf 76' lang='grc' dir='ltr'>ὀλίγον</span> <span class='ocrx_word' id='word_1_105' title='bbox 601 656 690 682; x_wconf 82' lang='grc' dir='ltr'>λαϐὼν</span> <span class='ocrx_word' id='word_1_106' title='bbox 708 656 722 682; x_wconf 98' lang='lat'><strong>6</strong></span> <span class='ocrx_word' id='word_1_107' title='bbox 744 655 843 687; x_wconf 83' lang='grc' dir='ltr'>Ἰούδας</span> <span class='ocrx_word' id='word_1_108' title='bbox 872 656 936 683; x_wconf 76' lang='grc' dir='ltr'>λαὸν</span> 
     </span>
    </p>
   </div>
   <div class='ocr_carea' id='block_1_17' title="bbox 156 700 936 736">
    <p class='ocr_par' dir='ltr' id='par_1_17' title="bbox 156 700 936 736">
     <span class='ocr_line' id='line_1_17' title="bbox 156 700 936 736; baseline -0.001 -9"><span class='ocrx_word' id='word_1_109' title='bbox 156 701 257 732; x_wconf 83' lang='grc' dir='ltr'>ἰκανὸν,</span> <span class='ocrx_word' id='word_1_110' title='bbox 287 701 395 736; x_wconf 77' lang='grc' dir='ltr'>ἔρχεται</span> <span class='ocrx_word' id='word_1_111' title='bbox 424 701 489 728; x_wconf 66' lang='grc' dir='ltr'>ἔνθα</span> <span class='ocrx_word' id='word_1_112' title='bbox 516 700 657 736; x_wconf 83' lang='grc' dir='ltr'>εὑρίσκετο</span> <span class='ocrx_word' id='word_1_113' title='bbox 687 701 701 727; x_wconf 86' lang='grc' dir='ltr'><strong>ό</strong></span> <span class='ocrx_word' id='word_1_114' title='bbox 728 700 855 736; x_wconf 84' lang='grc' dir='ltr'>Χριστός.</span> <span class='ocrx_word' id='word_1_115' title='bbox 884 701 936 727; x_wconf 80' lang='grc' dir='ltr'><strong>Καὶ</strong></span> 
     </span>
    </p>
   </div>
   <div class='ocr_carea' id='block_1_18' title="bbox 156 745 936 781">
    <p class='ocr_par' dir='ltr' id='par_1_18' title="bbox 156 745 936 781">
     <span class='ocr_line' id='line_1_18' title="bbox 156 745 936 781; baseline 0 -9"><span class='ocrx_word' id='word_1_116' title='bbox 156 747 309 781; x_wconf 72' lang='grc' dir='ltr'>ἐρχομένων</span> <span class='ocrx_word' id='word_1_117' title='bbox 341 747 464 780; x_wconf 75' lang='grc' dir='ltr'>ἐκείνων,</span> <span class='ocrx_word' id='word_1_118' title='bbox 484 746 556 780; x_wconf 80' lang='grc' dir='ltr'>λέγει</span> <span class='ocrx_word' id='word_1_119' title='bbox 583 748 640 778; x_wconf 85' lang='grc' dir='ltr'>τοῖς</span> <span class='ocrx_word' id='word_1_120' title='bbox 670 745 803 780; x_wconf 79' lang='grc' dir='ltr'><strong>μαθηταῖς</strong></span> <span class='ocrx_word' id='word_1_121' title='bbox 828 745 936 773; x_wconf 82' lang='grc' dir='ltr'>αὐτοῦὸ</span> 
     </span>
    </p>
   </div>
   <div class='ocr_carea' id='block_1_19' title="bbox 155 792 934 828">
    <p class='ocr_par' dir='ltr' id='par_1_19' title="bbox 155 792 934 828">
     <span class='ocr_line' id='line_1_19' title="bbox 155 792 934 828; baseline 0 -10"><span class='ocrx_word' id='word_1_122' title='bbox 155 793 281 828; x_wconf 79' lang='grc' dir='ltr'>Χριστὸς,</span> <span class='ocrx_word' id='word_1_123' title='bbox 299 801 307 818; x_wconf 81' lang='lat' dir='ltr'><strong>t</strong></span> <span class='ocrx_word' id='word_1_124' title='bbox 326 792 490 827; x_wconf 81' lang='grc' dir='ltr'><strong>Ἐγείρεσθε,</strong></span> <span class='ocrx_word' id='word_1_125' title='bbox 517 793 639 826; x_wconf 80' lang='grc' dir='ltr'>ἄγωμεν,</span> <span class='ocrx_word' id='word_1_126' title='bbox 666 792 718 818; x_wconf 76' lang='grc' dir='ltr'>ἰδοὺ</span> <span class='ocrx_word' id='word_1_127' title='bbox 735 793 749 819; x_wconf 94' lang='lat'><strong>6</strong></span> <span class='ocrx_word' id='word_1_128' title='bbox 772 792 934 828; x_wconf 72' lang='grc' dir='ltr'>παραδιδούς</span> 
     </span>
    </p>
   </div>
   <div class='ocr_carea' id='block_1_20' title="bbox 157 835 936 871">
    <p class='ocr_par' dir='ltr' id='par_1_20' title="bbox 157 835 936 871">
     <span class='ocr_line' id='line_1_20' title="bbox 157 835 936 871; baseline -0.001 -9"><span class='ocrx_word' id='word_1_129' title='bbox 157 845 190 871; x_wconf 85' lang='grc' dir='ltr'><strong>με</strong></span> <span class='ocrx_word' id='word_1_130' title='bbox 212 837 337 871; x_wconf 75' lang='grc' dir='ltr'>ἤγγικεν.</span> <span class='ocrx_word' id='word_1_131' title='bbox 357 845 366 862; x_wconf 74' lang='grc' dir='ltr'><strong>ι</strong></span> <span class='ocrx_word' id='word_1_132' title='bbox 387 836 442 862; x_wconf 78' lang='lat' dir='ltr'><strong>Ka‘.</strong></span> <span class='ocrx_word' id='word_1_133' title='bbox 467 836 588 867; x_wconf 73' lang='grc' dir='ltr'>ἐλθόντος</span> <span class='ocrx_word' id='word_1_134' title='bbox 606 835 652 862; x_wconf 80' lang='grc' dir='ltr'>τοῦ</span> <span class='ocrx_word' id='word_1_135' title='bbox 682 835 767 862; x_wconf 68' lang='grc' dir='ltr'>Ἰούδα</span> <span class='ocrx_word' id='word_1_136' title='bbox 796 836 864 870; x_wconf 81' lang='grc' dir='ltr'>μετὰ</span> <span class='ocrx_word' id='word_1_137' title='bbox 889 835 936 862; x_wconf 80' lang='grc' dir='ltr'>τοῦ</span> 
     </span>
    </p>
   </div>
   <div class='ocr_carea' id='block_1_21' title="bbox 156 880 936 916">
    <p class='ocr_par' dir='ltr' id='par_1_21' title="bbox 156 880 936 916">
     <span class='ocr_line' id='line_1_21' title="bbox 156 880 936 916; baseline 0 -8"><span class='ocrx_word' id='word_1_138' title='bbox 156 882 217 908; x_wconf 80' lang='grc' dir='ltr'>λαοῦ</span> <span class='ocrx_word' id='word_1_139' title='bbox 231 882 284 908; x_wconf 87' lang='grc' dir='ltr'>τῶν</span> <span class='ocrx_word' id='word_1_140' title='bbox 306 881 449 913; x_wconf 73' lang='grc' dir='ltr'>Ἰουδαίων,</span> <span class='ocrx_word' id='word_1_141' title='bbox 460 881 534 915; x_wconf 81' lang='grc' dir='ltr'>λέγει</span> <span class='ocrx_word' id='word_1_142' title='bbox 551 881 617 916; x_wconf 81' lang='grc' dir='ltr'>πρὸς</span> <span class='ocrx_word' id='word_1_143' title='bbox 642 881 741 912; x_wconf 82' lang='grc' dir='ltr'>αὐτοὺς</span> <span class='ocrx_word' id='word_1_144' title='bbox 759 882 786 908; x_wconf 87' lang='grc' dir='ltr'>.ό</span> <span class='ocrx_word' id='word_1_145' title='bbox 809 880 936 916; x_wconf 70' lang='grc' dir='ltr'>Χριστὸς,</span> 
     </span>
    </p>
   </div>
   <div class='ocr_carea' id='block_1_22' title="bbox 159 926 938 962">
    <p class='ocr_par' dir='ltr' id='par_1_22' title="bbox 159 926 938 962">
     <span class='ocr_line' id='line_1_22' title="bbox 159 926 938 962; baseline 0.001 -10"><span class='ocrx_word' id='word_1_146' title='bbox 159 927 250 953; x_wconf 75' lang='grc' dir='ltr'>«Τίνα</span> <span class='ocrx_word' id='word_1_147' title='bbox 274 926 395 962; x_wconf 80' lang='grc' dir='ltr'>ζητεῖτε;</span> <span class='ocrx_word' id='word_1_148' title='bbox 431 927 563 960; x_wconf 77' lang='grc' dir='ltr'>Λέγουσιν</span> <span class='ocrx_word' id='word_1_149' title='bbox 591 927 665 961; x_wconf 72' lang='grc' dir='ltr'>αὐτῷ</span> <span class='ocrx_word' id='word_1_150' title='bbox 695 927 803 957; x_wconf 78' lang='grc' dir='ltr'>ἐκεῖνοι,</span> <span class='ocrx_word' id='word_1_151' title='bbox 834 927 938 962; x_wconf 79' lang='grc' dir='ltr'><strong>Ἰησοῦν</strong></span> 
     </span>
    </p>
   </div>
   <div class='ocr_carea' id='block_1_23' title="bbox 155 970 936 1006">
    <p class='ocr_par' dir='ltr' id='par_1_23' title="bbox 155 970 936 1006">
     <span class='ocr_line' id='line_1_23' title="bbox 155 970 936 1006; baseline 0.001 -9"><span class='ocrx_word' id='word_1_152' title='bbox 155 974 198 997; x_wconf 75' lang='grc' dir='ltr'>τὸν</span> <span class='ocrx_word' id='word_1_153' title='bbox 223 971 393 1006; x_wconf 77' lang='grc' dir='ltr'>Ναζωραῖον.</span> <span class='ocrx_word' id='word_1_154' title='bbox 423 970 504 1006; x_wconf 81' lang='grc' dir='ltr'>Λέγει</span> <span class='ocrx_word' id='word_1_155' title='bbox 538 972 552 997; x_wconf 81' lang='grc' dir='ltr'><strong><em>ὁ</em></strong></span> <span class='ocrx_word' id='word_1_156' title='bbox 597 971 724 1005; x_wconf 83' lang='grc' dir='ltr'>Χριστὸς,</span> <span class='ocrx_word' id='word_1_157' title='bbox 769 971 837 1004; x_wconf 83' lang='grc' dir='ltr'><strong>Ἐγώ</strong></span> <span class='ocrx_word' id='word_1_158' title='bbox 869 972 936 1005; x_wconf 76' lang='grc' dir='ltr'>είμι.</span> 
     </span>
    </p>
   </div>
   <div class='ocr_carea' id='block_1_24' title="bbox 155 1009 933 1051">
    <p class='ocr_par' dir='ltr' id='par_1_24' title="bbox 155 1009 933 1051">
     <span class='ocr_line' id='line_1_24' title="bbox 155 1009 933 1051; baseline -0.001 -8"><span class='ocrx_word' id='word_1_159' title='bbox 155 1017 209 1043; x_wconf 77' lang='grc' dir='ltr'><strong>Καὶ</strong></span> <span class='ocrx_word' id='word_1_160' title='bbox 223 1016 301 1042; x_wconf 84' lang='grc' dir='ltr'>τοῦτο</span> <span class='ocrx_word' id='word_1_161' title='bbox 316 1017 493 1047; x_wconf 73' lang='grc' dir='ltr'>ἀκούσαντες,</span> <span class='ocrx_word' id='word_1_162' title='bbox 508 1016 605 1042; x_wconf 70' lang='grc' dir='ltr'>ἔπεσον</span> <span class='ocrx_word' id='word_1_163' title='bbox 618 1009 717 1047; x_wconf 70' lang='grc' dir='ltr'>πάντες</span> <span class='ocrx_word' id='word_1_164' title='bbox 732 1017 771 1047; x_wconf 84' lang='grc' dir='ltr'><strong>εἰς</strong></span> <span class='ocrx_word' id='word_1_165' title='bbox 785 1017 835 1051; x_wconf 80' lang='grc' dir='ltr'>τὴν</span> <span class='ocrx_word' id='word_1_166' title='bbox 847 1016 908 1050; x_wconf 86' lang='grc' dir='ltr'>γῆν.</span> <span class='ocrx_word' id='word_1_167' title='bbox 923 1024 933 1042; x_wconf 83' lang='grc'><strong>›</strong></span> 
     </span>
    </p>
   </div>
   <div class='ocr_carea' id='block_1_25' title="bbox 156 1061 938 1097">
    <p class='ocr_par' dir='ltr' id='par_1_25' title="bbox 156 1061 938 1097">
     <span class='ocr_line' id='line_1_25' title="bbox 156 1061 938 1097; baseline 0 -9"><span class='ocrx_word' id='word_1_168' title='bbox 156 1061 187 1088; x_wconf 86' lang='grc' dir='ltr'><strong>Τί</strong></span> <span class='ocrx_word' id='word_1_169' title='bbox 201 1062 246 1095; x_wconf 77' lang='grc' dir='ltr'>δέ;</span> <span class='ocrx_word' id='word_1_170' title='bbox 259 1063 272 1087; x_wconf 88' lang='lat'><strong>6</strong></span> <span class='ocrx_word' id='word_1_171' title='bbox 285 1063 400 1097; x_wconf 78' lang='grc' dir='ltr'>ποιήσας</span> <span class='ocrx_word' id='word_1_172' title='bbox 417 1062 534 1088; x_wconf 80' lang='grc' dir='ltr'>τοσαῦτα</span> <span class='ocrx_word' id='word_1_173' title='bbox 549 1062 594 1088; x_wconf 70' lang='grc' dir='ltr'>καὶ</span> <span class='ocrx_word' id='word_1_174' title='bbox 611 1061 759 1097; x_wconf 81' lang='grc' dir='ltr'>τηλικαῦτα</span> <span class='ocrx_word' id='word_1_175' title='bbox 773 1061 909 1096; x_wconf 83' lang='grc' dir='ltr'>θαύματα,</span> <span class='ocrx_word' id='word_1_176' title='bbox 925 1062 938 1088; x_wconf 88' lang='lat'><strong>6</strong></span> 
     </span>
    </p>
   </div>
   <div class='ocr_carea' id='block_1_26' title="bbox 155 1107 938 1143">
    <p class='ocr_par' dir='ltr' id='par_1_26' title="bbox 155 1107 938 1143">
     <span class='ocr_line' id='line_1_26' title="bbox 155 1107 938 1143; baseline -0.001 -9"><span class='ocrx_word' id='word_1_177' title='bbox 155 1107 208 1134; x_wconf 68' lang='grc' dir='ltr'><strong>ἀπὸ</strong></span> <span class='ocrx_word' id='word_1_178' title='bbox 238 1107 322 1143; x_wconf 84' lang='grc' dir='ltr'>μόνης</span> <span class='ocrx_word' id='word_1_179' title='bbox 347 1107 441 1139; x_wconf 72' lang='grc' dir='ltr'>λαλιᾶς</span> <span class='ocrx_word' id='word_1_180' title='bbox 471 1107 553 1134; x_wconf 78' lang='grc' dir='ltr'>αὑτοῦ</span> <span class='ocrx_word' id='word_1_181' title='bbox 585 1108 666 1143; x_wconf 61' lang='grc' dir='ltr'>ῥίψεις</span> <span class='ocrx_word' id='word_1_182' title='bbox 695 1108 758 1139; x_wconf 71' lang='grc' dir='ltr'>τοὺς</span> <span class='ocrx_word' id='word_1_183' title='bbox 789 1107 938 1142; x_wconf 74' lang='grc' dir='ltr'>ζητοῦντας</span> 
     </span>
    </p>
   </div>
   <div class='ocr_carea' id='block_1_27' title="bbox 156 1153 938 1189">
    <p class='ocr_par' dir='ltr' id='par_1_27' title="bbox 156 1153 938 1189">
     <span class='ocr_line' id='line_1_27' title="bbox 156 1153 938 1189; baseline -0.001 -10"><span class='ocrx_word' id='word_1_184' title='bbox 156 1154 248 1186; x_wconf 64' lang='grc' dir='ltr'>αὐτὴν,</span> <span class='ocrx_word' id='word_1_185' title='bbox 280 1153 330 1180; x_wconf 81' lang='grc' dir='ltr'>οὐκ</span> <span class='ocrx_word' id='word_1_186' title='bbox 357 1154 480 1189; x_wconf 79' lang='grc' dir='ltr'><strong>ἠδυνήθη</strong></span> <span class='ocrx_word' id='word_1_187' title='bbox 514 1154 641 1189; x_wconf 40' lang='grc' dir='ltr'>ποιῆσαι,</span> <span class='ocrx_word' id='word_1_188' title='bbox 663 1153 707 1180; x_wconf 79' lang='grc' dir='ltr'>ἵνα</span> <span class='ocrx_word' id='word_1_189' title='bbox 735 1153 772 1188; x_wconf 87' lang='grc' dir='ltr'>μὴ</span> <span class='ocrx_word' id='word_1_190' title='bbox 802 1154 938 1189; x_wconf 79' lang='grc' dir='ltr'>δυνηθῶσι</span> 
     </span>
    </p>
   </div>
   <div class='ocr_carea' id='block_1_28' title="bbox 157 1198 940 1235">
    <p class='ocr_par' dir='ltr' id='par_1_28' title="bbox 157 1198 940 1235">
     <span class='ocr_line' id='line_1_28' title="bbox 157 1198 940 1235; baseline 0 -11"><span class='ocrx_word' id='word_1_191' title='bbox 157 1200 292 1233; x_wconf 85' lang='grc' dir='ltr'>κρατῆσαι</span> <span class='ocrx_word' id='word_1_192' title='bbox 304 1198 384 1225; x_wconf 78' lang='grc' dir='ltr'>αὐτόν</span> <span class='ocrx_word' id='word_1_193' title='bbox 394 1207 401 1232; x_wconf 87' lang='grc'>;</span> <span class='ocrx_word' id='word_1_194' title='bbox 412 1199 523 1230; x_wconf 83' lang='grc' dir='ltr'>Πάντως</span> <span class='ocrx_word' id='word_1_195' title='bbox 538 1199 672 1235; x_wconf 80' lang='grc' dir='ltr'>πρόδηλον</span> <span class='ocrx_word' id='word_1_196' title='bbox 688 1199 728 1224; x_wconf 81' lang='grc' dir='ltr'>ὅτι</span> <span class='ocrx_word' id='word_1_197' title='bbox 742 1199 831 1234; x_wconf 77' lang='grc' dir='ltr'>οίκείᾳ</span> <span class='ocrx_word' id='word_1_198' title='bbox 844 1198 940 1233; x_wconf 74' lang='grc' dir='ltr'>βουλή-</span> 
     </span>
    </p>
   </div>
   <div class='ocr_carea' id='block_1_29' title="bbox 156 1243 938 1279">
    <p class='ocr_par' dir='ltr' id='par_1_29' title="bbox 156 1243 938 1279">
     <span class='ocr_line' id='line_1_29' title="bbox 156 1243 938 1279; baseline -0.001 -9"><span class='ocrx_word' id='word_1_199' title='bbox 156 1252 196 1270; x_wconf 85' lang='grc' dir='ltr'><strong>σει</strong></span> <span class='ocrx_word' id='word_1_200' title='bbox 209 1243 356 1279; x_wconf 75' lang='grc' dir='ltr'>παρεδόθη.</span> <span class='ocrx_word' id='word_1_201' title='bbox 372 1244 437 1270; x_wconf 84' lang='grc' dir='ltr'>Τότε</span> <span class='ocrx_word' id='word_1_202' title='bbox 451 1244 523 1277; x_wconf 80' lang='grc' dir='ltr'>λέγει</span> <span class='ocrx_word' id='word_1_203' title='bbox 535 1244 626 1275; x_wconf 71' lang='grc' dir='ltr'>αὐτοῖς</span> <span class='ocrx_word' id='word_1_204' title='bbox 642 1245 656 1269; x_wconf 79' lang='lat'><strong>6</strong></span> <span class='ocrx_word' id='word_1_205' title='bbox 669 1243 796 1278; x_wconf 71' lang='grc' dir='ltr'>Χριστὸς,</span> <span class='ocrx_word' id='word_1_206' title='bbox 813 1253 822 1268; x_wconf 77' lang='grc' dir='ltr'><strong>σ</strong></span> <span class='ocrx_word' id='word_1_207' title='bbox 838 1243 867 1269; x_wconf 80' lang='lat' dir='ltr'><strong>Et</strong></span> <span class='ocrx_word' id='word_1_208' title='bbox 892 1243 938 1270; x_wconf 83' lang='grc' dir='ltr'>οὖν</span> 
     </span>
    </p>
   </div>
   <div class='ocr_carea' id='block_1_30' title="bbox 155 1287 938 1323">
    <p class='ocr_par' dir='ltr' id='par_1_30' title="bbox 155 1287 938 1323">
     <span class='ocr_line' id='line_1_30' title="bbox 155 1287 938 1323; baseline 0 -10"><span class='ocrx_word' id='word_1_209' title='bbox 155 1288 205 1323; x_wconf 78' lang='grc' dir='ltr'><strong>ἐμὲ</strong></span> <span class='ocrx_word' id='word_1_210' title='bbox 220 1287 330 1322; x_wconf 75' lang='grc' dir='ltr'>ζητῆτε,</span> <span class='ocrx_word' id='word_1_211' title='bbox 343 1288 436 1323; x_wconf 26' lang='grc' dir='ltr'>κᾶφετε</span> <span class='ocrx_word' id='word_1_212' title='bbox 453 1288 564 1320; x_wconf 72' lang='grc' dir='ltr'>τούτους</span> <span class='ocrx_word' id='word_1_213' title='bbox 587 1288 711 1322; x_wconf 73' lang='grc' dir='ltr'>ὑπάγειν.</span> <span class='ocrx_word' id='word_1_214' title='bbox 726 1297 735 1313; x_wconf 81' lang='grc'><strong>›</strong></span> <span class='ocrx_word' id='word_1_215' title='bbox 751 1288 805 1314; x_wconf 69' lang='grc' dir='ltr'><strong>Καὶ</strong></span> <span class='ocrx_word' id='word_1_216' title='bbox 825 1288 938 1321; x_wconf 79' lang='grc' dir='ltr'>ἀφέντες</span> 
     </span>
    </p>
   </div>
   <div class='ocr_carea' id='block_1_31' title="bbox 156 1332 939 1367">
    <p class='ocr_par' dir='ltr' id='par_1_31' title="bbox 156 1332 939 1367">
     <span class='ocr_line' id='line_1_31' title="bbox 156 1332 939 1367; baseline -0.001 -9"><span class='ocrx_word' id='word_1_217' title='bbox 156 1333 218 1363; x_wconf 76' lang='grc' dir='ltr'>τοὺς</span> <span class='ocrx_word' id='word_1_218' title='bbox 231 1332 352 1367; x_wconf 83' lang='grc' dir='ltr'>μαθητὰς</span> <span class='ocrx_word' id='word_1_219' title='bbox 364 1332 458 1363; x_wconf 76' lang='grc' dir='ltr'>αὑτοῦ,</span> <span class='ocrx_word' id='word_1_220' title='bbox 469 1332 623 1366; x_wconf 68' lang='grc' dir='ltr'>ἐκράτησαν</span> <span class='ocrx_word' id='word_1_221' title='bbox 636 1332 681 1358; x_wconf 63' lang='grc' dir='ltr'><strong>τὸν</strong></span> <span class='ocrx_word' id='word_1_222' title='bbox 693 1332 816 1366; x_wconf 74' lang='grc' dir='ltr'>Χριστόν.</span> <span class='ocrx_word' id='word_1_223' title='bbox 826 1332 939 1363; x_wconf 73' lang='grc' dir='ltr'>Βλέπεις</span> 
     </span>
    </p>
   </div>
   <div class='ocr_carea' id='block_1_32' title="bbox 157 1376 938 1412">
    <p class='ocr_par' dir='ltr' id='par_1_32' title="bbox 157 1376 938 1412">
     <span class='ocr_line' id='line_1_32' title="bbox 157 1376 938 1412; baseline -0.001 -9"><span class='ocrx_word' id='word_1_224' title='bbox 157 1378 215 1409; x_wconf 83' lang='grc' dir='ltr'>πῶς</span> <span class='ocrx_word' id='word_1_225' title='bbox 231 1377 339 1412; x_wconf 81' lang='grc' dir='ltr'>πρῶτον</span> <span class='ocrx_word' id='word_1_226' title='bbox 370 1377 418 1412; x_wconf 82' lang='grc' dir='ltr'>μὲν</span> <span class='ocrx_word' id='word_1_227' title='bbox 446 1377 499 1404; x_wconf 78' lang='grc' dir='ltr'><strong>ἀπὸ</strong></span> <span class='ocrx_word' id='word_1_228' title='bbox 524 1378 607 1412; x_wconf 86' lang='grc' dir='ltr'>μόνης</span> <span class='ocrx_word' id='word_1_229' title='bbox 631 1377 680 1412; x_wconf 83' lang='grc' dir='ltr'>τῆς</span> <span class='ocrx_word' id='word_1_230' title='bbox 711 1377 806 1408; x_wconf 82' lang='grc' dir='ltr'>λαλιᾶς</span> <span class='ocrx_word' id='word_1_231' title='bbox 829 1376 938 1410; x_wconf 71' lang='grc' dir='ltr'>ἔπεσον,</span> 
     </span>
    </p>
   </div>
   <div class='ocr_carea' id='block_1_33' title="bbox 156 1420 939 1459">
    <p class='ocr_par' dir='ltr' id='par_1_33' title="bbox 156 1420 939 1459">
     <span class='ocr_line' id='line_1_33' title="bbox 156 1420 939 1459; baseline -0.001 -9"><span class='ocrx_word' id='word_1_232' title='bbox 156 1423 252 1450; x_wconf 67' lang='grc' dir='ltr'>ἔπειτα</span> <span class='ocrx_word' id='word_1_233' title='bbox 262 1424 290 1450; x_wconf 81' lang='grc' dir='ltr'>ὲν</span> <span class='ocrx_word' id='word_1_234' title='bbox 308 1423 346 1459; x_wconf 83' lang='grc' dir='ltr'>τῷ</span> <span class='ocrx_word' id='word_1_235' title='bbox 356 1420 443 1450; x_wconf 73' lang='grc' dir='ltr'>εἰπεῖν</span> <span class='ocrx_word' id='word_1_236' title='bbox 459 1424 524 1459; x_wconf 85' lang='grc' dir='ltr'>πρὸς</span> <span class='ocrx_word' id='word_1_237' title='bbox 539 1424 650 1457; x_wconf 69' lang='grc' dir='ltr'>αὐτοὺς,</span> <span class='ocrx_word' id='word_1_238' title='bbox 673 1432 683 1449; x_wconf 67' lang='grc' dir='ltr'><strong>ε</strong></span> <span class='ocrx_word' id='word_1_239' title='bbox 699 1424 799 1457; x_wconf 75' lang='grc' dir='ltr'>Ἄφετε</span> <span class='ocrx_word' id='word_1_240' title='bbox 827 1423 939 1455; x_wconf 85' lang='grc' dir='ltr'>τούτους</span> 
     </span>
    </p>
   </div>
   <div class='ocr_carea' id='block_1_34' title="bbox 157 1469 940 1505">
    <p class='ocr_par' dir='ltr' id='par_1_34' title="bbox 157 1469 940 1505">
     <span class='ocr_line' id='line_1_34' title="bbox 157 1469 940 1505; baseline -0.001 -9"><span class='ocrx_word' id='word_1_241' title='bbox 157 1470 283 1503; x_wconf 75' lang='grc' dir='ltr'>ὑπάγειν,</span> <span class='ocrx_word' id='word_1_242' title='bbox 301 1469 348 1496; x_wconf 79' lang='grc' dir='ltr'><strong>ἐὰν</strong></span> <span class='ocrx_word' id='word_1_243' title='bbox 361 1470 410 1504; x_wconf 64' lang='grc' dir='ltr'><strong>ἐμὲ</strong></span> <span class='ocrx_word' id='word_1_244' title='bbox 425 1469 537 1504; x_wconf 72' lang='grc' dir='ltr'>ζητῆτε,</span> <span class='ocrx_word' id='word_1_245' title='bbox 558 1478 568 1496; x_wconf 72' lang='grc' dir='ltr'><strong>ο</strong></span> <span class='ocrx_word' id='word_1_246' title='bbox 590 1470 668 1504; x_wconf 87' lang='grc' dir='ltr'>μόνος</span> <span class='ocrx_word' id='word_1_247' title='bbox 695 1469 830 1505; x_wconf 78' lang='grc' dir='ltr'>παρεδόθη</span> <span class='ocrx_word' id='word_1_248' title='bbox 851 1469 940 1504; x_wconf 76' lang='grc' dir='ltr'>οίκείᾳ</span> 
     </span>
    </p>
   </div>
   <div class='ocr_carea' id='block_1_35' title="bbox 157 1515 940 1550">
    <p class='ocr_par' dir='ltr' id='par_1_35' title="bbox 157 1515 940 1550">
     <span class='ocr_line' id='line_1_35' title="bbox 157 1515 940 1550; baseline 0.003 -10"><span class='ocrx_word' id='word_1_249' title='bbox 157 1515 282 1550; x_wconf 83' lang='grc' dir='ltr'>θελήσει;</span> <span class='ocrx_word' id='word_1_250' title='bbox 300 1515 421 1546; x_wconf 79' lang='grc' dir='ltr'>Ἐδειξεν</span> <span class='ocrx_word' id='word_1_251' title='bbox 445 1515 482 1546; x_wconf 86' lang='grc' dir='ltr'>ὠς</span> <span class='ocrx_word' id='word_1_252' title='bbox 510 1516 539 1542; x_wconf 83' lang='grc' dir='ltr'>ὲν</span> <span class='ocrx_word' id='word_1_253' title='bbox 566 1515 658 1549; x_wconf 85' lang='grc' dir='ltr'>ταυτῷ</span> <span class='ocrx_word' id='word_1_254' title='bbox 686 1515 732 1542; x_wconf 79' lang='grc' dir='ltr'>καὶ</span> <span class='ocrx_word' id='word_1_255' title='bbox 754 1516 803 1549; x_wconf 86' lang='grc' dir='ltr'>τὴν</span> <span class='ocrx_word' id='word_1_256' title='bbox 827 1515 940 1550; x_wconf 76' lang='grc' dir='ltr'>δύναμιν</span> 
     </span>
    </p>
   </div>
   <div class='ocr_carea' id='block_1_36' title="bbox 158 1560 941 1596">
    <p class='ocr_par' dir='ltr' id='par_1_36' title="bbox 158 1560 941 1596">
     <span class='ocr_line' id='line_1_36' title="bbox 158 1560 941 1596; baseline 0.001 -10"><span class='ocrx_word' id='word_1_257' title='bbox 158 1560 252 1591; x_wconf 76' lang='grc' dir='ltr'>αὑτοῦ,</span> <span class='ocrx_word' id='word_1_258' title='bbox 269 1561 316 1587; x_wconf 77' lang='grc' dir='ltr'>καὶ</span> <span class='ocrx_word' id='word_1_259' title='bbox 326 1561 375 1596; x_wconf 83' lang='grc' dir='ltr'>τὴν</span> <span class='ocrx_word' id='word_1_260' title='bbox 390 1561 509 1596; x_wconf 83' lang='grc' dir='ltr'>θέλησιν.</span> <span class='ocrx_word' id='word_1_261' title='bbox 526 1561 574 1588; x_wconf 85' lang='grc' dir='ltr'><strong>Διά</strong></span> <span class='ocrx_word' id='word_1_262' title='bbox 599 1570 639 1588; x_wconf 85' lang='grc' dir='ltr'><strong>τοι</strong></span> <span class='ocrx_word' id='word_1_263' title='bbox 658 1562 735 1588; x_wconf 84' lang='grc' dir='ltr'>τοῦτο</span> <span class='ocrx_word' id='word_1_264' title='bbox 750 1561 797 1588; x_wconf 84' lang='grc' dir='ltr'>καὶ</span> <span class='ocrx_word' id='word_1_265' title='bbox 816 1561 830 1588; x_wconf 97' lang='lat'><strong>6</strong></span> <span class='ocrx_word' id='word_1_266' title='bbox 859 1561 941 1588; x_wconf 75' lang='grc' dir='ltr'><strong>Δαῦὶδ</strong></span> 
     </span>
    </p>
   </div>
   <div class='ocr_carea' id='block_1_37' title="bbox 157 1603 941 1642">
    <p class='ocr_par' dir='ltr' id='par_1_37' title="bbox 157 1603 941 1642">
     <span class='ocr_line' id='line_1_37' title="bbox 157 1603 941 1642; baseline 0.001 -11"><span class='ocrx_word' id='word_1_267' title='bbox 157 1603 229 1638; x_wconf 83' lang='grc' dir='ltr'>εἶπε,</span> <span class='ocrx_word' id='word_1_268' title='bbox 249 1615 257 1631; x_wconf 75' lang='grc' dir='ltr'><strong>ι</strong></span> <span class='ocrx_word' id='word_1_269' title='bbox 272 1605 438 1641; x_wconf 80' lang='grc' dir='ltr'>Παρεδόθην,</span> <span class='ocrx_word' id='word_1_270' title='bbox 451 1607 498 1632; x_wconf 70' lang='grc' dir='ltr'>καὶ</span> <span class='ocrx_word' id='word_1_271' title='bbox 509 1606 558 1633; x_wconf 84' lang='grc' dir='ltr'>οὐκ</span> <span class='ocrx_word' id='word_1_272' title='bbox 573 1606 787 1642; x_wconf 77' lang='grc' dir='ltr'>ἐξεπορευόμην.</span> <span class='ocrx_word' id='word_1_273' title='bbox 803 1616 813 1632; x_wconf 73' lang='grc' dir='ltr'><strong>ι</strong></span> <span class='ocrx_word' id='word_1_274' title='bbox 838 1607 941 1640; x_wconf 83' lang='grc' dir='ltr'>Ἥγουν</span> 
     </span>
    </p>
   </div>
   <div class='ocr_carea' id='block_1_38' title="bbox 157 1651 941 1688">
    <p class='ocr_par' dir='ltr' id='par_1_38' title="bbox 157 1651 941 1688">
     <span class='ocr_line' id='line_1_38' title="bbox 157 1651 941 1688; baseline 0.003 -12"><span class='ocrx_word' id='word_1_275' title='bbox 157 1651 285 1683; x_wconf 79' lang='grc' dir='ltr'>δυνάμεις</span> <span class='ocrx_word' id='word_1_276' title='bbox 306 1652 374 1687; x_wconf 85' lang='grc' dir='ltr'>ἔχων</span> <span class='ocrx_word' id='word_1_277' title='bbox 388 1654 401 1678; x_wconf 80' lang='grc' dir='ltr'>ὁ</span> <span class='ocrx_word' id='word_1_278' title='bbox 414 1652 538 1686; x_wconf 81' lang='grc' dir='ltr'>Χριστὸς,</span> <span class='ocrx_word' id='word_1_279' title='bbox 552 1653 596 1679; x_wconf 77' lang='grc' dir='ltr'>ἵνα</span> <span class='ocrx_word' id='word_1_280' title='bbox 608 1654 645 1687; x_wconf 86' lang='grc' dir='ltr'>μὴ</span> <span class='ocrx_word' id='word_1_281' title='bbox 669 1652 818 1688; x_wconf 76' lang='grc' dir='ltr'>παραδοθῇ,</span> <span class='ocrx_word' id='word_1_282' title='bbox 835 1652 941 1679; x_wconf 73' lang='grc' dir='ltr'>ἐθελον-</span> 
     </span>
    </p>
   </div>
   <div class='ocr_carea' id='block_1_39' title="bbox 157 1696 942 1732">
    <p class='ocr_par' dir='ltr' id='par_1_39' title="bbox 157 1696 942 1732">
     <span class='ocr_line' id='line_1_39' title="bbox 157 1696 942 1732; baseline 0.001 -10"><span class='ocrx_word' id='word_1_283' title='bbox 157 1697 206 1731; x_wconf 82' lang='grc' dir='ltr'>τὴς</span> <span class='ocrx_word' id='word_1_284' title='bbox 214 1697 361 1732; x_wconf 77' lang='grc' dir='ltr'>παρεδόθη.</span> <span class='ocrx_word' id='word_1_285' title='bbox 371 1697 527 1731; x_wconf 84' lang='grc' dir='ltr'>’Λπὴγαγον</span> <span class='ocrx_word' id='word_1_286' title='bbox 540 1697 629 1723; x_wconf 81' lang='grc' dir='ltr'>τοίνυν</span> <span class='ocrx_word' id='word_1_287' title='bbox 637 1697 683 1723; x_wconf 74' lang='grc' dir='ltr'><strong>τὸν</strong></span> <span class='ocrx_word' id='word_1_288' title='bbox 699 1697 815 1732; x_wconf 77' lang='grc' dir='ltr'>Χριστὸν</span> <span class='ocrx_word' id='word_1_289' title='bbox 826 1698 866 1727; x_wconf 84' lang='grc' dir='ltr'><strong>είς</strong></span> <span class='ocrx_word' id='word_1_290' title='bbox 879 1696 942 1728; x_wconf 78' lang='grc' dir='ltr'>τοὺς</span> 
     </span>
    </p>
   </div>
   <div class='ocr_carea' id='block_1_40' title="bbox 158 1740 941 1777">
    <p class='ocr_par' dir='ltr' id='par_1_40' title="bbox 158 1740 941 1777">
     <span class='ocr_line' id='line_1_40' title="bbox 158 1740 941 1777; baseline 0 -9"><span class='ocrx_word' id='word_1_291' title='bbox 158 1743 306 1777; x_wconf 83' lang='grc' dir='ltr'>ἀρχιερεῖς.</span> <span class='ocrx_word' id='word_1_292' title='bbox 323 1743 355 1768; x_wconf 78' lang='grc' dir='ltr'>υἱ</span> <span class='ocrx_word' id='word_1_293' title='bbox 382 1743 409 1768; x_wconf 74' lang='grc' dir='ltr'>δὲ</span> <span class='ocrx_word' id='word_1_294' title='bbox 441 1740 562 1776; x_wconf 76' lang='grc' dir='ltr'>μαθηταὶ</span> <span class='ocrx_word' id='word_1_295' title='bbox 593 1742 757 1777; x_wconf 68' lang='grc' dir='ltr'>φοϐηθέντες</span> <span class='ocrx_word' id='word_1_296' title='bbox 775 1742 884 1776; x_wconf 70' lang='grc' dir='ltr'>ἔφυγον.</span> <span class='ocrx_word' id='word_1_297' title='bbox 910 1743 941 1768; x_wconf 82' lang='grc' dir='ltr'>υί</span> 
     </span>
    </p>
   </div>
   <div class='ocr_carea' id='block_1_41' title="bbox 158 1787 942 1822">
    <p class='ocr_par' dir='ltr' id='par_1_41' title="bbox 158 1787 942 1822">
     <span class='ocr_line' id='line_1_41' title="bbox 158 1787 942 1822; baseline 0 -9"><span class='ocrx_word' id='word_1_298' title='bbox 158 1787 224 1821; x_wconf 81' lang='grc' dir='ltr'>γοῦν</span> <span class='ocrx_word' id='word_1_299' title='bbox 237 1788 374 1822; x_wconf 83' lang='grc' dir='ltr'>ἀρχιερεῖς</span> <span class='ocrx_word' id='word_1_300' title='bbox 389 1787 591 1821; x_wconf 76' lang='grc' dir='ltr'>παραλαϐόντες</span> <span class='ocrx_word' id='word_1_301' title='bbox 606 1787 650 1813; x_wconf 79' lang='grc' dir='ltr'>τὸν</span> <span class='ocrx_word' id='word_1_302' title='bbox 665 1787 768 1820; x_wconf 77' lang='grc' dir='ltr'>Ἰησοῦν</span> <span class='ocrx_word' id='word_1_303' title='bbox 794 1787 942 1822; x_wconf 71' lang='grc' dir='ltr'>ἐχάρησανσ</span> 
     </span>
    </p>
   </div>
   <div class='ocr_carea' id='block_1_42' title="bbox 158 1832 943 1868">
    <p class='ocr_par' dir='ltr' id='par_1_42' title="bbox 158 1832 943 1868">
     <span class='ocr_line' id='line_1_42' title="bbox 158 1832 943 1868; baseline 0.001 -9"><span class='ocrx_word' id='word_1_304' title='bbox 158 1834 205 1860; x_wconf 81' lang='grc' dir='ltr'>καὶ</span> <span class='ocrx_word' id='word_1_305' title='bbox 235 1833 485 1868; x_wconf 74' lang='grc' dir='ltr'>προσκαλεσάμενοι</span> <span class='ocrx_word' id='word_1_306' title='bbox 511 1832 558 1859; x_wconf 88' lang='grc' dir='ltr'>δύο</span> <span class='ocrx_word' id='word_1_307' title='bbox 589 1832 816 1867; x_wconf 75' lang='grc' dir='ltr'>ψευδομάρτυρας</span> <span class='ocrx_word' id='word_1_308' title='bbox 850 1833 943 1866; x_wconf 78' lang='grc' dir='ltr'>ελεγον</span> 
     </span>
    </p>
   </div>
   <div class='ocr_carea' id='block_1_43' title="bbox 159 1878 945 1914">
    <p class='ocr_par' dir='ltr' id='par_1_43' title="bbox 159 1878 945 1914">
     <span class='ocr_line' id='line_1_43' title="bbox 159 1878 945 1914; baseline -0.003 -8"><span class='ocrx_word' id='word_1_309' title='bbox 159 1879 220 1906; x_wconf 77' lang='grc' dir='ltr'>κατ’</span> <span class='ocrx_word' id='word_1_310' title='bbox 235 1879 317 1905; x_wconf 71' lang='grc' dir='ltr'>αὑτοῦ</span> <span class='ocrx_word' id='word_1_311' title='bbox 329 1879 378 1905; x_wconf 84' lang='grc' dir='ltr'>ὅσα</span> <span class='ocrx_word' id='word_1_312' title='bbox 389 1879 532 1905; x_wconf 69' lang='grc' dir='ltr'>ἐϐούλοντο</span> <span class='ocrx_word' id='word_1_313' title='bbox 545 1878 660 1912; x_wconf 72' lang='grc' dir='ltr'>ψευδῶς.</span> <span class='ocrx_word' id='word_1_314' title='bbox 685 1878 713 1904; x_wconf 92' lang='lat'><strong>&#39;0</strong></span> <span class='ocrx_word' id='word_1_315' title='bbox 731 1879 819 1905; x_wconf 73' lang='grc' dir='ltr'>τοίνυν</span> <span class='ocrx_word' id='word_1_316' title='bbox 839 1878 945 1914; x_wconf 86' lang='grc' dir='ltr'>Ἰησοῦς</span> 
     </span>
    </p>
   </div>
   <div class='ocr_carea' id='block_1_44' title="bbox 157 1923 944 1960">
    <p class='ocr_par' dir='ltr' id='par_1_44' title="bbox 157 1923 944 1960">
     <span class='ocr_line' id='line_1_44' title="bbox 157 1923 944 1960; baseline -0.003 -8"><span class='ocrx_word' id='word_1_317' title='bbox 157 1925 275 1952; x_wconf 74' lang='grc' dir='ltr'>ἑςιώπα.</span> <span class='ocrx_word' id='word_1_318' title='bbox 295 1924 375 1958; x_wconf 83' lang='grc' dir='ltr'>Λέγει</span> <span class='ocrx_word' id='word_1_319' title='bbox 399 1924 463 1958; x_wconf 80' lang='grc' dir='ltr'>γοῦν</span> <span class='ocrx_word' id='word_1_320' title='bbox 491 1924 565 1959; x_wconf 86' lang='grc' dir='ltr'>αὐτῷ</span> <span class='ocrx_word' id='word_1_321' title='bbox 579 1925 593 1951; x_wconf 93' lang='lat'><strong>6</strong></span> <span class='ocrx_word' id='word_1_322' title='bbox 608 1925 763 1959; x_wconf 78' lang='grc' dir='ltr'>ἀρχιερεὺς,</span> <span class='ocrx_word' id='word_1_323' title='bbox 778 1934 787 1950; x_wconf 86' lang='grc'><strong><em>‹</em></strong></span> <span class='ocrx_word' id='word_1_324' title='bbox 798 1923 944 1960; x_wconf 74' lang='grc' dir='ltr'>Ἐξορκίζω</span> 
     </span>
    </p>
   </div>
   <div class='ocr_carea' id='block_1_45' title="bbox 159 1968 944 2004">
    <p class='ocr_par' dir='ltr' id='par_1_45' title="bbox 159 1968 944 2004">
     <span class='ocr_line' id='line_1_45' title="bbox 159 1968 944 2004; baseline -0.001 -8"><span class='ocrx_word' id='word_1_325' title='bbox 159 1979 190 1996; x_wconf 78' lang='grc' dir='ltr'><strong>σε</strong></span> <span class='ocrx_word' id='word_1_326' title='bbox 211 1970 281 1996; x_wconf 82' lang='grc' dir='ltr'>κατὰ</span> <span class='ocrx_word' id='word_1_327' title='bbox 295 1971 342 1996; x_wconf 84' lang='grc' dir='ltr'>τοῦ</span> <span class='ocrx_word' id='word_1_328' title='bbox 356 1970 434 2001; x_wconf 67' lang='grc' dir='ltr'>Θεοῦ,</span> <span class='ocrx_word' id='word_1_329' title='bbox 462 1969 504 1996; x_wconf 73' lang='grc' dir='ltr'><strong>ἵνα</strong></span> <span class='ocrx_word' id='word_1_330' title='bbox 520 1970 584 2004; x_wconf 74' lang='grc' dir='ltr'>ἡμῖν</span> <span class='ocrx_word' id='word_1_331' title='bbox 600 1971 690 2004; x_wconf 81' lang='grc' dir='ltr'>ιῐπῃς,</span> <span class='ocrx_word' id='word_1_332' title='bbox 706 1970 729 1996; x_wconf 87' lang='grc' dir='ltr'><strong>εί</strong></span> <span class='ocrx_word' id='word_1_333' title='bbox 758 1970 788 1996; x_wconf 83' lang='grc' dir='ltr'>σὺ</span> <span class='ocrx_word' id='word_1_334' title='bbox 810 1968 835 1997; x_wconf 74' lang='grc' dir='ltr'>εἴ</span> <span class='ocrx_word' id='word_1_335' title='bbox 848 1971 862 1996; x_wconf 91' lang='lat'><strong>6</strong></span> <span class='ocrx_word' id='word_1_336' title='bbox 881 1970 944 2001; x_wconf 82' lang='grc' dir='ltr'><strong>Υἱὸς</strong></span> 
     </span>
    </p>
   </div>
   <div class='ocr_carea' id='block_1_46' title="bbox 159 2013 943 2050">
    <p class='ocr_par' dir='ltr' id='par_1_46' title="bbox 159 2013 943 2050">
     <span class='ocr_line' id='line_1_46' title="bbox 159 2013 943 2050; baseline 0.001 -9"><span class='ocrx_word' id='word_1_337' title='bbox 159 2016 205 2041; x_wconf 80' lang='grc' dir='ltr'>τοῦ</span> <span class='ocrx_word' id='word_1_338' title='bbox 220 2016 381 2050; x_wconf 56' lang='grc' dir='ltr'>Εὺὶεογητοῦ,</span> <span class='ocrx_word' id='word_1_339' title='bbox 402 2017 425 2041; x_wconf 81' lang='grc' dir='ltr'><strong>εί</strong></span> <span class='ocrx_word' id='word_1_340' title='bbox 439 2015 470 2042; x_wconf 79' lang='grc' dir='ltr'>σὺ</span> <span class='ocrx_word' id='word_1_341' title='bbox 484 2013 508 2041; x_wconf 82' lang='grc' dir='ltr'>εἷ</span> <span class='ocrx_word' id='word_1_342' title='bbox 524 2016 537 2041; x_wconf 91' lang='lat'><strong>6</strong></span> <span class='ocrx_word' id='word_1_343' title='bbox 553 2016 668 2050; x_wconf 78' lang='grc' dir='ltr'>Χριστὸς</span> <span class='ocrx_word' id='word_1_344' title='bbox 685 2017 698 2042; x_wconf 90' lang='lat'><strong>6</strong></span> <span class='ocrx_word' id='word_1_345' title='bbox 716 2015 778 2047; x_wconf 77' lang='grc' dir='ltr'><strong>Υἱὸς</strong></span> <span class='ocrx_word' id='word_1_346' title='bbox 807 2016 853 2042; x_wconf 78' lang='grc' dir='ltr'>τοῦ</span> <span class='ocrx_word' id='word_1_347' title='bbox 877 2015 943 2042; x_wconf 79' lang='grc' dir='ltr'><strong>Θιοῦ</strong></span> 
     </span>
    </p>
   </div>
   <div class='ocr_carea' id='block_1_47' title="bbox 158 2061 942 2096">
    <p class='ocr_par' dir='ltr' id='par_1_47' title="bbox 158 2061 942 2096">
     <span class='ocr_line' id='line_1_47' title="bbox 158 2061 942 2096; baseline 0.001 -9"><span class='ocrx_word' id='word_1_348' title='bbox 158 2061 206 2087; x_wconf 75' lang='grc' dir='ltr'>τοῦ</span> <span class='ocrx_word' id='word_1_349' title='bbox 239 2062 346 2093; x_wconf 80' lang='grc' dir='ltr'>ζῶντος.</span> <span class='ocrx_word' id='word_1_350' title='bbox 365 2070 374 2086; x_wconf 78' lang='grc' dir='ltr'><strong>ι</strong></span> <span class='ocrx_word' id='word_1_351' title='bbox 394 2061 475 2095; x_wconf 83' lang='grc' dir='ltr'>Λέγει</span> <span class='ocrx_word' id='word_1_352' title='bbox 492 2061 564 2096; x_wconf 83' lang='grc' dir='ltr'>αὐτῷ</span> <span class='ocrx_word' id='word_1_353' title='bbox 577 2062 591 2088; x_wconf 88' lang='lat'><strong>6</strong></span> <span class='ocrx_word' id='word_1_354' title='bbox 626 2062 740 2096; x_wconf 76' lang='grc' dir='ltr'>Ἰησοῦς,</span> <span class='ocrx_word' id='word_1_355' title='bbox 760 2070 769 2087; x_wconf 78' lang='lat' dir='ltr'><strong>t</strong></span> <span class='ocrx_word' id='word_1_356' title='bbox 789 2061 859 2095; x_wconf 79' lang='grc' dir='ltr'><strong>Ἐγώ</strong></span> <span class='ocrx_word' id='word_1_357' title='bbox 875 2062 942 2096; x_wconf 81' lang='grc' dir='ltr'>ειμι.</span> 
     </span>
    </p>
   </div>
   <div class='ocr_carea' id='block_1_48' title="bbox 161 2106 946 2142">
    <p class='ocr_par' dir='ltr' id='par_1_48' title="bbox 161 2106 946 2142">
     <span class='ocr_line' id='line_1_48' title="bbox 161 2106 946 2142; baseline 0 -9"><span class='ocrx_word' id='word_1_358' title='bbox 161 2107 235 2142; x_wconf 83' lang='grc' dir='ltr'>Πλὴν</span> <span class='ocrx_word' id='word_1_359' title='bbox 246 2107 317 2140; x_wconf 79' lang='grc' dir='ltr'>λέγω</span> <span class='ocrx_word' id='word_1_360' title='bbox 326 2107 399 2140; x_wconf 85' lang='grc' dir='ltr'>ὑμῖν,</span> <span class='ocrx_word' id='word_1_361' title='bbox 413 2107 514 2141; x_wconf 75' lang='grc' dir='ltr'>ἀπάρτι</span> <span class='ocrx_word' id='word_1_362' title='bbox 539 2106 634 2141; x_wconf 72' lang='grc' dir='ltr'>ὄψεσθε</span> <span class='ocrx_word' id='word_1_363' title='bbox 645 2107 690 2132; x_wconf 80' lang='grc' dir='ltr'>τὸν</span> <span class='ocrx_word' id='word_1_364' title='bbox 704 2107 766 2133; x_wconf 75' lang='grc' dir='ltr'>Υίὸν</span> <span class='ocrx_word' id='word_1_365' title='bbox 778 2107 825 2133; x_wconf 83' lang='grc' dir='ltr'>τοῦ</span> <span class='ocrx_word' id='word_1_366' title='bbox 841 2107 946 2142; x_wconf 85' lang='grc' dir='ltr'>ἀνθρώ-</span> 
     </span>
    </p>
   </div>
   <div class='ocr_carea' id='block_1_49' title="bbox 987 206 1771 242">
    <p class='ocr_par' dir='ltr' id='par_1_49' title="bbox 987 206 1771 242">
     <span class='ocr_line' id='line_1_49' title="bbox 987 206 1771 242; baseline 0.001 -9"><span class='ocrx_word' id='word_1_367' title='bbox 987 206 1025 233; x_wconf 90' lang='lat' dir='ltr'><strong>illi</strong></span> <span class='ocrx_word' id='word_1_368' title='bbox 1044 207 1326 242; x_wconf 70' lang='lat' dir='ltr'><strong>trigintalargenteos.</strong></span> <span class='ocrx_word' id='word_1_369' title='bbox 1346 215 1355 232; x_wconf 72' lang='grc' dir='ltr'><strong>ι</strong></span> <span class='ocrx_word' id='word_1_370' title='bbox 1375 207 1410 233; x_wconf 83' lang='lat' dir='ltr'><strong>Et</strong></span> <span class='ocrx_word' id='word_1_371' title='bbox 1426 207 1505 240; x_wconf 79' lang='lat' dir='ltr'><strong>paulo</strong></span> <span class='ocrx_word' id='word_1_372' title='bbox 1518 211 1580 241; x_wconf 83' lang='lat' dir='ltr'><strong>post</strong></span> <span class='ocrx_word' id='word_1_373' title='bbox 1593 207 1677 234; x_wconf 72' lang='lat' dir='ltr'><strong>ludas</strong></span> <span class='ocrx_word' id='word_1_374' title='bbox 1691 208 1771 234; x_wconf 86' lang='lat' dir='ltr'><strong>turba</strong></span> 
     </span>
    </p>
   </div>
   <div class='ocr_carea' id='block_1_50' title="bbox 987 251 1771 286">
    <p class='ocr_par' dir='ltr' id='par_1_50' title="bbox 987 251 1771 286">
     <span class='ocr_line' id='line_1_50' title="bbox 987 251 1771 286; baseline 0 -8"><span class='ocrx_word' id='word_1_375' title='bbox 987 252 1071 279; x_wconf 87' lang='lat' dir='ltr'><strong>multa</strong></span> <span class='ocrx_word' id='word_1_376' title='bbox 1084 256 1233 286; x_wconf 79' lang='lat' dir='ltr'><strong>assumpta,</strong></span> <span class='ocrx_word' id='word_1_377' title='bbox 1254 259 1287 279; x_wconf 90' lang='lat' dir='ltr'><strong>eo</strong></span> <span class='ocrx_word' id='word_1_378' title='bbox 1307 252 1417 279; x_wconf 87' lang='lat' dir='ltr'><strong>devenit</strong></span> <span class='ocrx_word' id='word_1_379' title='bbox 1431 251 1476 279; x_wconf 92' lang='lat' dir='ltr'><strong>ubi</strong></span> <span class='ocrx_word' id='word_1_380' title='bbox 1495 251 1622 279; x_wconf 80' lang='lat' dir='ltr'><strong>Christus</strong></span> <span class='ocrx_word' id='word_1_381' title='bbox 1647 253 1771 279; x_wconf 82' lang='lat' dir='ltr'><strong>invenie-</strong></span> 
     </span>
    </p>
   </div>
   <div class='ocr_carea' id='block_1_51' title="bbox 986 294 1770 330">
    <p class='ocr_par' dir='ltr' id='par_1_51' title="bbox 986 294 1770 330">
     <span class='ocr_line' id='line_1_51' title="bbox 986 294 1770 330; baseline 0.001 -8"><span class='ocrx_word' id='word_1_382' title='bbox 986 294 1078 322; x_wconf 86' lang='lat' dir='ltr'><strong>batur.</strong></span> <span class='ocrx_word' id='word_1_383' title='bbox 1105 295 1212 328; x_wconf 83' lang='lat' dir='ltr'><strong>Quibus</strong></span> <span class='ocrx_word' id='word_1_384' title='bbox 1239 295 1424 328; x_wconf 87' lang='lat' dir='ltr'><strong>venientibus,</strong></span> <span class='ocrx_word' id='word_1_385' title='bbox 1450 295 1517 322; x_wconf 88' lang='lat' dir='ltr'><strong>dicit</strong></span> <span class='ocrx_word' id='word_1_386' title='bbox 1545 296 1689 330; x_wconf 80' lang='lat' dir='ltr'><strong>discipulis</strong></span> <span class='ocrx_word' id='word_1_387' title='bbox 1711 297 1770 324; x_wconf 82' lang='lat' dir='ltr'><strong>suis</strong></span> 
     </span>
    </p>
   </div>
   <div class='ocr_carea' id='block_1_52' title="bbox 985 340 1769 376">
    <p class='ocr_par' dir='ltr' id='par_1_52' title="bbox 985 340 1769 376">
     <span class='ocr_line' id='line_1_52' title="bbox 985 340 1769 376; baseline 0.003 -9"><span class='ocrx_word' id='word_1_388' title='bbox 985 340 1133 368; x_wconf 86' lang='lat' dir='ltr'><strong>Christus:</strong></span> <span class='ocrx_word' id='word_1_389' title='bbox 1152 350 1161 366; x_wconf 76' lang='grc' dir='ltr'>σ</span> <span class='ocrx_word' id='word_1_390' title='bbox 1181 341 1300 376; x_wconf 77' lang='lat' dir='ltr'><strong>Surgite,</strong></span> <span class='ocrx_word' id='word_1_391' title='bbox 1315 348 1420 372; x_wconf 87' lang='lat' dir='ltr'><strong>eamus,</strong></span> <span class='ocrx_word' id='word_1_392' title='bbox 1449 349 1514 368; x_wconf 87' lang='lat' dir='ltr'><strong>ecce</strong></span> <span class='ocrx_word' id='word_1_393' title='bbox 1533 342 1580 376; x_wconf 94' lang='lat' dir='ltr'><strong>qui</strong></span> <span class='ocrx_word' id='word_1_394' title='bbox 1609 342 1701 376; x_wconf 88' lang='lat' dir='ltr'><strong>prodit</strong></span> <span class='ocrx_word' id='word_1_395' title='bbox 1716 350 1769 374; x_wconf 88' lang='lat' dir='ltr'><strong>me,</strong></span> 
     </span>
    </p>
   </div>
   <div class='ocr_carea' id='block_1_53' title="bbox 986 387 1771 421">
    <p class='ocr_par' dir='ltr' id='par_1_53' title="bbox 986 387 1771 421">
     <span class='ocr_line' id='line_1_53' title="bbox 986 387 1771 421; baseline 0.001 -8"><span class='ocrx_word' id='word_1_396' title='bbox 986 387 1200 421; x_wconf 85' lang='lat' dir='ltr'><strong>appropinquat.</strong></span> <span class='ocrx_word' id='word_1_397' title='bbox 1211 396 1220 412; x_wconf 76' lang='grc' dir='ltr'><strong>ι</strong></span> <span class='ocrx_word' id='word_1_398' title='bbox 1242 387 1275 413; x_wconf 78' lang='lat' dir='ltr'><strong>Et</strong></span> <span class='ocrx_word' id='word_1_399' title='bbox 1290 387 1437 414; x_wconf 89' lang='lat' dir='ltr'><strong>accedente</strong></span> <span class='ocrx_word' id='word_1_400' title='bbox 1457 387 1525 414; x_wconf 82' lang='lat' dir='ltr'><strong>Juda</strong></span> <span class='ocrx_word' id='word_1_401' title='bbox 1538 395 1599 413; x_wconf 91' lang='lat' dir='ltr'><strong>cum</strong></span> <span class='ocrx_word' id='word_1_402' title='bbox 1614 387 1771 414; x_wconf 71' lang='lat' dir='ltr'><strong>Iudaeorum</strong></span> 
     </span>
    </p>
   </div>
   <div class='ocr_carea' id='block_1_54' title="bbox 987 431 1768 466">
    <p class='ocr_par' dir='ltr' id='par_1_54' title="bbox 987 431 1768 466">
     <span class='ocr_line' id='line_1_54' title="bbox 987 431 1768 466; baseline -0.001 -8"><span class='ocrx_word' id='word_1_403' title='bbox 987 435 1086 463; x_wconf 85' lang='lat' dir='ltr'><strong>turma,</strong></span> <span class='ocrx_word' id='word_1_404' title='bbox 1119 432 1186 458; x_wconf 93' lang='lat' dir='ltr'><strong>dicit</strong></span> <span class='ocrx_word' id='word_1_405' title='bbox 1208 431 1262 460; x_wconf 87' lang='lat' dir='ltr'><strong>illis</strong></span> <span class='ocrx_word' id='word_1_406' title='bbox 1285 432 1431 459; x_wconf 76' lang='lat' dir='ltr'><strong>Christus:</strong></span> <span class='ocrx_word' id='word_1_407' title='bbox 1470 441 1479 457; x_wconf 85' lang='grc'><em>‹</em></span> <span class='ocrx_word' id='word_1_408' title='bbox 1507 432 1592 464; x_wconf 75' lang='lat' dir='ltr'><strong>Quem</strong></span> <span class='ocrx_word' id='word_1_409' title='bbox 1625 431 1768 466; x_wconf 71' lang='lat' dir='ltr'><strong>qumritis?</strong></span> 
     </span>
    </p>
   </div>
   <div class='ocr_carea' id='block_1_55' title="bbox 987 476 1771 509">
    <p class='ocr_par' dir='ltr' id='par_1_55' title="bbox 987 476 1771 509">
     <span class='ocr_line' id='line_1_55' title="bbox 987 476 1771 509; baseline -0.001 -5"><span class='ocrx_word' id='word_1_410' title='bbox 987 477 1086 504; x_wconf 91' lang='lat' dir='ltr'><strong>Dicunt</strong></span> <span class='ocrx_word' id='word_1_411' title='bbox 1107 477 1158 509; x_wconf 88' lang='lat' dir='ltr'><strong>illi,</strong></span> <span class='ocrx_word' id='word_1_412' title='bbox 1173 477 1267 505; x_wconf 85' lang='lat' dir='ltr'><strong>Jcsum</strong></span> <span class='ocrx_word' id='word_1_413' title='bbox 1281 477 1462 504; x_wconf 77' lang='lat' dir='ltr'><strong>Nazarenam.</strong></span> <span class='ocrx_word' id='word_1_414' title='bbox 1477 477 1547 504; x_wconf 88' lang='lat' dir='ltr'><strong>Dicit</strong></span> <span class='ocrx_word' id='word_1_415' title='bbox 1561 477 1616 503; x_wconf 80' lang='lat' dir='ltr'><strong>illis</strong></span> <span class='ocrx_word' id='word_1_416' title='bbox 1630 476 1771 508; x_wconf 79' lang='lat' dir='ltr'><strong>Christus,</strong></span> 
     </span>
    </p>
   </div>
   <div class='ocr_carea' id='block_1_56' title="bbox 990 523 1772 557">
    <p class='ocr_par' dir='ltr' id='par_1_56' title="bbox 990 523 1772 557">
     <span class='ocr_line' id='line_1_56' title="bbox 990 523 1772 557; baseline 0 -9"><span class='ocrx_word' id='word_1_417' title='bbox 990 532 999 548; x_wconf 76' lang='grc' dir='ltr'><strong>ε</strong></span> <span class='ocrx_word' id='word_1_418' title='bbox 1013 523 1070 557; x_wconf 80' lang='lat' dir='ltr'><strong>Ego</strong></span> <span class='ocrx_word' id='word_1_419' title='bbox 1083 530 1155 549; x_wconf 92' lang='lat' dir='ltr'><strong>sum.</strong></span> <span class='ocrx_word' id='word_1_420' title='bbox 1171 531 1180 547; x_wconf 85' lang='grc' dir='ltr'><strong>ι</strong></span> <span class='ocrx_word' id='word_1_421' title='bbox 1202 523 1236 550; x_wconf 86' lang='lat' dir='ltr'><strong>Et</strong></span> <span class='ocrx_word' id='word_1_422' title='bbox 1250 523 1302 550; x_wconf 89' lang='lat' dir='ltr'><strong>hoc</strong></span> <span class='ocrx_word' id='word_1_423' title='bbox 1313 523 1415 554; x_wconf 83' lang='lat' dir='ltr'><strong>audito,</strong></span> <span class='ocrx_word' id='word_1_424' title='bbox 1446 530 1541 550; x_wconf 86' lang='lat' dir='ltr'><strong>omnes</strong></span> <span class='ocrx_word' id='word_1_425' title='bbox 1557 523 1684 557; x_wconf 86' lang='lat' dir='ltr'><strong>prostrati</strong></span> <span class='ocrx_word' id='word_1_426' title='bbox 1707 526 1772 549; x_wconf 86' lang='lat' dir='ltr'><strong>sunt</strong></span> 
     </span>
    </p>
   </div>
   <div class='ocr_carea' id='block_1_57' title="bbox 986 567 1773 603">
    <p class='ocr_par' dir='ltr' id='par_1_57' title="bbox 986 567 1773 603">
     <span class='ocr_line' id='line_1_57' title="bbox 986 567 1773 603; baseline -0.001 -9"><span class='ocrx_word' id='word_1_427' title='bbox 986 567 1013 594; x_wconf 91' lang='lat' dir='ltr'><strong>in</strong></span> <span class='ocrx_word' id='word_1_428' title='bbox 1031 572 1143 595; x_wconf 87' lang='lat' dir='ltr'><strong>terram.</strong></span> <span class='ocrx_word' id='word_1_429' title='bbox 1161 568 1230 595; x_wconf 86' lang='lat' dir='ltr'><strong>Num</strong></span> <span class='ocrx_word' id='word_1_430' title='bbox 1244 568 1328 603; x_wconf 83' lang='lat' dir='ltr'><strong>igitur</strong></span> <span class='ocrx_word' id='word_1_431' title='bbox 1344 568 1389 602; x_wconf 86' lang='lat' dir='ltr'><strong>qui</strong></span> <span class='ocrx_word' id='word_1_432' title='bbox 1405 573 1444 594; x_wconf 91' lang='lat' dir='ltr'><strong>tot</strong></span> <span class='ocrx_word' id='word_1_433' title='bbox 1466 575 1497 594; x_wconf 88' lang='lat' dir='ltr'><strong>ac</strong></span> <span class='ocrx_word' id='word_1_434' title='bbox 1513 572 1588 594; x_wconf 87' lang='lat' dir='ltr'><strong>tanta</strong></span> <span class='ocrx_word' id='word_1_435' title='bbox 1604 567 1705 594; x_wconf 78' lang='lat' dir='ltr'><strong>iecerat</strong></span> <span class='ocrx_word' id='word_1_436' title='bbox 1723 567 1773 593; x_wconf 93' lang='lat' dir='ltr'><strong>mi-</strong></span> 
     </span>
    </p>
   </div>
   <div class='ocr_carea' id='block_1_58' title="bbox 987 612 1773 647">
    <p class='ocr_par' dir='ltr' id='par_1_58' title="bbox 987 612 1773 647">
     <span class='ocr_line' id='line_1_58' title="bbox 987 612 1773 647; baseline 0 -9"><span class='ocrx_word' id='word_1_437' title='bbox 987 612 1091 644; x_wconf 81' lang='lat' dir='ltr'><strong>racula,</strong></span> <span class='ocrx_word' id='word_1_438' title='bbox 1104 612 1150 647; x_wconf 89' lang='lat' dir='ltr'><strong>qui</strong></span> <span class='ocrx_word' id='word_1_439' title='bbox 1169 620 1222 639; x_wconf 83' lang='lat' dir='ltr'><strong>una</strong></span> <span class='ocrx_word' id='word_1_440' title='bbox 1238 620 1303 639; x_wconf 88' lang='lat' dir='ltr'><strong>voce</strong></span> <span class='ocrx_word' id='word_1_441' title='bbox 1321 612 1471 647; x_wconf 87' lang='lat' dir='ltr'><strong>prostravit</strong></span> <span class='ocrx_word' id='word_1_442' title='bbox 1484 617 1638 647; x_wconf 77' lang='lat' dir='ltr'><strong>quaerentes</strong></span> <span class='ocrx_word' id='word_1_443' title='bbox 1655 620 1695 645; x_wconf 82' lang='lat' dir='ltr'><strong>se,</strong></span> <span class='ocrx_word' id='word_1_444' title='bbox 1717 620 1773 639; x_wconf 90' lang='lat' dir='ltr'><strong>non</strong></span> 
     </span>
    </p>
   </div>
   <div class='ocr_carea' id='block_1_59' title="bbox 987 657 1774 692">
    <p class='ocr_par' dir='ltr' id='par_1_59' title="bbox 987 657 1774 692">
     <span class='ocr_line' id='line_1_59' title="bbox 987 657 1774 692; baseline 0 -8"><span class='ocrx_word' id='word_1_445' title='bbox 987 657 1077 691; x_wconf 88' lang='lat' dir='ltr'><strong>potuit</strong></span> <span class='ocrx_word' id='word_1_446' title='bbox 1105 665 1179 684; x_wconf 92' lang='lat' dir='ltr'><strong>nunc</strong></span> <span class='ocrx_word' id='word_1_447' title='bbox 1210 657 1319 684; x_wconf 81' lang='lat' dir='ltr'><strong>efﬁcere</strong></span> <span class='ocrx_word' id='word_1_448' title='bbox 1337 665 1370 684; x_wconf 88' lang='lat' dir='ltr'><strong>ne</strong></span> <span class='ocrx_word' id='word_1_449' title='bbox 1390 658 1467 684; x_wconf 91' lang='lat' dir='ltr'><strong>illum</strong></span> <span class='ocrx_word' id='word_1_450' title='bbox 1492 657 1774 692; x_wconf 81' lang='lat' dir='ltr'><strong>comprehenderent?</strong></span> 
     </span>
    </p>
   </div>
   <div class='ocr_carea' id='block_1_60' title="bbox 989 702 1772 738">
    <p class='ocr_par' dir='ltr' id='par_1_60' title="bbox 989 702 1772 738">
     <span class='ocr_line' id='line_1_60' title="bbox 989 702 1772 738; baseline 0.003 -10"><span class='ocrx_word' id='word_1_451' title='bbox 989 702 1066 729; x_wconf 88' lang='lat' dir='ltr'><strong>Haud</strong></span> <span class='ocrx_word' id='word_1_452' title='bbox 1094 703 1177 730; x_wconf 85' lang='lat' dir='ltr'><strong>dubie</strong></span> <span class='ocrx_word' id='word_1_453' title='bbox 1205 703 1287 738; x_wconf 80' lang='lat' dir='ltr'><strong>igitur</strong></span> <span class='ocrx_word' id='word_1_454' title='bbox 1316 711 1364 730; x_wconf 92' lang='lat' dir='ltr'><strong>sua</strong></span> <span class='ocrx_word' id='word_1_455' title='bbox 1387 709 1484 738; x_wconf 81' lang='lat' dir='ltr'><strong>sponte</strong></span> <span class='ocrx_word' id='word_1_456' title='bbox 1513 703 1567 730; x_wconf 85' lang='lat' dir='ltr'><strong>illis</strong></span> <span class='ocrx_word' id='word_1_457' title='bbox 1585 703 1702 730; x_wconf 86' lang='lat' dir='ltr'><strong>traditus</strong></span> <span class='ocrx_word' id='word_1_458' title='bbox 1718 708 1772 730; x_wconf 85' lang='lat' dir='ltr'><strong>est.</strong></span> 
     </span>
    </p>
   </div>
   <div class='ocr_carea' id='block_1_61' title="bbox 987 740 1774 783">
    <p class='ocr_par' dir='ltr' id='par_1_61' title="bbox 987 740 1774 783">
     <span class='ocr_line' id='line_1_61' title="bbox 987 740 1774 783; baseline 0.004 -10"><span class='ocrx_word' id='word_1_459' title='bbox 987 746 1066 774; x_wconf 91' lang='lat' dir='ltr'><strong>Tunc</strong></span> <span class='ocrx_word' id='word_1_460' title='bbox 1079 748 1146 775; x_wconf 88' lang='lat' dir='ltr'><strong>dicit</strong></span> <span class='ocrx_word' id='word_1_461' title='bbox 1158 749 1213 776; x_wconf 92' lang='lat' dir='ltr'><strong>illis</strong></span> <span class='ocrx_word' id='word_1_462' title='bbox 1224 740 1304 775; x_wconf 68' lang='lat' dir='ltr'><strong>jesus</strong></span> <span class='ocrx_word' id='word_1_463' title='bbox 1319 757 1326 775; x_wconf 87' lang='lat'><strong>:</strong></span> <span class='ocrx_word' id='word_1_464' title='bbox 1343 757 1352 774; x_wconf 85' lang='grc'><strong><em>‹</em></strong></span> <span class='ocrx_word' id='word_1_465' title='bbox 1369 748 1396 775; x_wconf 92' lang='lat' dir='ltr'><strong>Si</strong></span> <span class='ocrx_word' id='word_1_466' title='bbox 1418 748 1499 783; x_wconf 82' lang='lat' dir='ltr'><strong>igitur</strong></span> <span class='ocrx_word' id='word_1_467' title='bbox 1517 757 1560 776; x_wconf 89' lang='lat' dir='ltr'><strong>me</strong></span> <span class='ocrx_word' id='word_1_468' title='bbox 1576 749 1708 783; x_wconf 65' lang='lat' dir='ltr'><strong>quaeritis,</strong></span> <span class='ocrx_word' id='word_1_469' title='bbox 1734 750 1774 776; x_wconf 90' lang='lat' dir='ltr'><strong>si-</strong></span> 
     </span>
    </p>
   </div>
   <div class='ocr_carea' id='block_1_62' title="bbox 987 793 1775 828">
    <p class='ocr_par' dir='ltr' id='par_1_62' title="bbox 987 793 1775 828">
     <span class='ocr_line' id='line_1_62' title="bbox 987 793 1775 828; baseline 0 -9"><span class='ocrx_word' id='word_1_470' title='bbox 987 793 1043 820; x_wconf 89' lang='lat' dir='ltr'><strong>nite</strong></span> <span class='ocrx_word' id='word_1_471' title='bbox 1058 793 1107 820; x_wconf 85' lang='lat' dir='ltr'><strong>hos</strong></span> <span class='ocrx_word' id='word_1_472' title='bbox 1126 794 1228 821; x_wconf 62' lang='lat' dir='ltr'><strong>abire.»</strong></span> <span class='ocrx_word' id='word_1_473' title='bbox 1247 794 1280 821; x_wconf 86' lang='lat' dir='ltr'><strong>Et</strong></span> <span class='ocrx_word' id='word_1_474' title='bbox 1292 793 1415 821; x_wconf 89' lang='lat' dir='ltr'><strong>dimissis</strong></span> <span class='ocrx_word' id='word_1_475' title='bbox 1430 793 1575 828; x_wconf 81' lang='lat' dir='ltr'><strong>discipulis</strong></span> <span class='ocrx_word' id='word_1_476' title='bbox 1586 794 1684 828; x_wconf 86' lang='lat' dir='ltr'><strong>ipsius.</strong></span> <span class='ocrx_word' id='word_1_477' title='bbox 1700 801 1775 820; x_wconf 86' lang='lat' dir='ltr'><strong>com-</strong></span> 
     </span>
    </p>
   </div>
   <div class='ocr_carea' id='block_1_63' title="bbox 990 838 1774 873">
    <p class='ocr_par' dir='ltr' id='par_1_63' title="bbox 990 838 1774 873">
     <span class='ocr_line' id='line_1_63' title="bbox 990 838 1774 873; baseline 0 -8"><span class='ocrx_word' id='word_1_478' title='bbox 990 839 1194 873; x_wconf 85' lang='lat' dir='ltr'><strong>prehenderunt</strong></span> <span class='ocrx_word' id='word_1_479' title='bbox 1217 838 1368 866; x_wconf 84' lang='lat' dir='ltr'><strong>Christum.</strong></span> <span class='ocrx_word' id='word_1_480' title='bbox 1393 839 1511 866; x_wconf 81' lang='lat' dir='ltr'><strong>Videsne</strong></span> <span class='ocrx_word' id='word_1_481' title='bbox 1542 838 1682 873; x_wconf 90' lang='lat' dir='ltr'><strong>quomodo</strong></span> <span class='ocrx_word' id='word_1_482' title='bbox 1711 843 1774 865; x_wconf 80' lang='lat' dir='ltr'><strong>ante</strong></span> 
     </span>
    </p>
   </div>
   <div class='ocr_carea' id='block_1_64' title="bbox 990 883 1774 919">
    <p class='ocr_par' dir='ltr' id='par_1_64' title="bbox 990 883 1774 919">
     <span class='ocr_line' id='line_1_64' title="bbox 990 883 1774 919; baseline 0.001 -9"><span class='ocrx_word' id='word_1_483' title='bbox 990 883 1098 918; x_wconf 89' lang='lat' dir='ltr'><strong>quidem</strong></span> <span class='ocrx_word' id='word_1_484' title='bbox 1119 885 1202 911; x_wconf 86' lang='lat' dir='ltr'><strong>unico</strong></span> <span class='ocrx_word' id='word_1_485' title='bbox 1218 884 1303 911; x_wconf 89' lang='lat' dir='ltr'><strong>verbo</strong></span> <span class='ocrx_word' id='word_1_486' title='bbox 1319 884 1448 919; x_wconf 82' lang='lat' dir='ltr'><strong>prostrati</strong></span> <span class='ocrx_word' id='word_1_487' title='bbox 1477 884 1648 917; x_wconf 83' lang='lat' dir='ltr'><strong>ceciderint;</strong></span> <span class='ocrx_word' id='word_1_488' title='bbox 1674 884 1774 911; x_wconf 85' lang='lat' dir='ltr'><strong>deinde</strong></span> 
     </span>
    </p>
   </div>
   <div class='ocr_carea' id='block_1_65' title="bbox 989 928 1774 961">
    <p class='ocr_par' dir='ltr' id='par_1_65' title="bbox 989 928 1774 961">
     <span class='ocr_line' id='line_1_65' title="bbox 989 928 1774 961; baseline 0.001 -6"><span class='ocrx_word' id='word_1_489' title='bbox 989 935 1056 955; x_wconf 90' lang='lat' dir='ltr'><strong>vero</strong></span> <span class='ocrx_word' id='word_1_490' title='bbox 1072 936 1133 955; x_wconf 87' lang='lat' dir='ltr'><strong>cum</strong></span> <span class='ocrx_word' id='word_1_491' title='bbox 1150 928 1255 956; x_wconf 87' lang='lat' dir='ltr'><strong>diceret</strong></span> <span class='ocrx_word' id='word_1_492' title='bbox 1269 929 1335 960; x_wconf 86' lang='lat' dir='ltr'><strong>illis.</strong></span> <span class='ocrx_word' id='word_1_493' title='bbox 1357 938 1367 954; x_wconf 72' lang='grc' dir='ltr'><strong>ι</strong></span> <span class='ocrx_word' id='word_1_494' title='bbox 1387 929 1475 956; x_wconf 86' lang='lat' dir='ltr'><strong>Sinite</strong></span> <span class='ocrx_word' id='word_1_495' title='bbox 1491 929 1542 956; x_wconf 86' lang='lat' dir='ltr'><strong>hos</strong></span> <span class='ocrx_word' id='word_1_496' title='bbox 1567 929 1655 961; x_wconf 87' lang='lat' dir='ltr'><strong>abire,</strong></span> <span class='ocrx_word' id='word_1_497' title='bbox 1680 930 1702 957; x_wconf 90' lang='lat' dir='ltr'><strong>si</strong></span> <span class='ocrx_word' id='word_1_498' title='bbox 1731 937 1774 956; x_wconf 85' lang='lat' dir='ltr'><strong>me</strong></span> 
     </span>
    </p>
   </div>
   <div class='ocr_carea' id='block_1_66' title="bbox 991 974 1775 1009">
    <p class='ocr_par' dir='ltr' id='par_1_66' title="bbox 991 974 1775 1009">
     <span class='ocr_line' id='line_1_66' title="bbox 991 974 1775 1009; baseline 0.001 -9"><span class='ocrx_word' id='word_1_499' title='bbox 991 974 1140 1008; x_wconf 69' lang='lat' dir='ltr'><strong>quaeritis,»</strong></span> <span class='ocrx_word' id='word_1_500' title='bbox 1161 975 1238 1002; x_wconf 90' lang='lat' dir='ltr'><strong>solus</strong></span> <span class='ocrx_word' id='word_1_501' title='bbox 1249 975 1360 1009; x_wconf 89' lang='lat' dir='ltr'><strong>propria</strong></span> <span class='ocrx_word' id='word_1_502' title='bbox 1372 982 1421 1003; x_wconf 82' lang='lat' dir='ltr'><strong>sua</strong></span> <span class='ocrx_word' id='word_1_503' title='bbox 1433 975 1574 1002; x_wconf 78' lang='lat' dir='ltr'><strong>voluntate</strong></span> <span class='ocrx_word' id='word_1_504' title='bbox 1586 975 1775 1002; x_wconf 85' lang='lat' dir='ltr'><strong>consentiente</strong></span> 
     </span>
    </p>
   </div>
   <div class='ocr_carea' id='block_1_67' title="bbox 990 1017 1775 1053">
    <p class='ocr_par' dir='ltr' id='par_1_67' title="bbox 990 1017 1775 1053">
     <span class='ocr_line' id='line_1_67' title="bbox 990 1017 1775 1053; baseline 0.003 -9"><span class='ocrx_word' id='word_1_505' title='bbox 990 1017 1034 1044; x_wconf 80' lang='lat' dir='ltr'><strong>his</strong></span> <span class='ocrx_word' id='word_1_506' title='bbox 1049 1019 1165 1046; x_wconf 81' lang='lat' dir='ltr'><strong>traditus</strong></span> <span class='ocrx_word' id='word_1_507' title='bbox 1179 1019 1232 1046; x_wconf 78' lang='lat' dir='ltr'><strong>sit?</strong></span> <span class='ocrx_word' id='word_1_508' title='bbox 1256 1019 1461 1048; x_wconf 74' lang='lat' dir='ltr'><strong>Demonstravit</strong></span> <span class='ocrx_word' id='word_1_509' title='bbox 1485 1019 1577 1053; x_wconf 82' lang='lat' dir='ltr'><strong>itaque</strong></span> <span class='ocrx_word' id='word_1_510' title='bbox 1597 1018 1623 1045; x_wconf 93' lang='lat' dir='ltr'><strong>in</strong></span> <span class='ocrx_word' id='word_1_511' title='bbox 1640 1026 1669 1046; x_wconf 85' lang='lat' dir='ltr'><strong>se</strong></span> <span class='ocrx_word' id='word_1_512' title='bbox 1686 1024 1713 1046; x_wconf 87' lang='lat' dir='ltr'><strong>et</strong></span> <span class='ocrx_word' id='word_1_513' title='bbox 1727 1026 1775 1053; x_wconf 88' lang='lat' dir='ltr'><strong>po—</strong></span> 
     </span>
    </p>
   </div>
   <div class='ocr_carea' id='block_1_68' title="bbox 991 1063 1774 1098">
    <p class='ocr_par' dir='ltr' id='par_1_68' title="bbox 991 1063 1774 1098">
     <span class='ocr_line' id='line_1_68' title="bbox 991 1063 1774 1098; baseline -0.001 -8"><span class='ocrx_word' id='word_1_514' title='bbox 991 1063 1103 1090; x_wconf 88' lang='lat' dir='ltr'><strong>tentiam</strong></span> <span class='ocrx_word' id='word_1_515' title='bbox 1119 1071 1207 1096; x_wconf 86' lang='lat' dir='ltr'><strong>suam,</strong></span> <span class='ocrx_word' id='word_1_516' title='bbox 1224 1068 1251 1091; x_wconf 85' lang='lat' dir='ltr'><strong>et</strong></span> <span class='ocrx_word' id='word_1_517' title='bbox 1265 1064 1448 1091; x_wconf 79' lang='lat' dir='ltr'><strong>voluntatem.</strong></span> <span class='ocrx_word' id='word_1_518' title='bbox 1461 1064 1635 1098; x_wconf 81' lang='lat' dir='ltr'><strong>Quapropter</strong></span> <span class='ocrx_word' id='word_1_519' title='bbox 1649 1067 1677 1089; x_wconf 86' lang='lat' dir='ltr'><strong>et</strong></span> <span class='ocrx_word' id='word_1_520' title='bbox 1689 1063 1774 1090; x_wconf 81' lang='lat' dir='ltr'><strong>David</strong></span> 
     </span>
    </p>
   </div>
   <div class='ocr_carea' id='block_1_69' title="bbox 991 1107 1775 1140">
    <p class='ocr_par' dir='ltr' id='par_1_69' title="bbox 991 1107 1775 1140">
     <span class='ocr_line' id='line_1_69' title="bbox 991 1107 1775 1140; baseline 0 -7"><span class='ocrx_word' id='word_1_521' title='bbox 991 1107 1069 1140; x_wconf 82' lang='lat' dir='ltr'><strong>dixit,</strong></span> <span class='ocrx_word' id='word_1_522' title='bbox 1097 1107 1243 1135; x_wconf 68' lang='lat' dir='ltr'><strong>«Traditus</strong></span> <span class='ocrx_word' id='word_1_523' title='bbox 1257 1116 1317 1136; x_wconf 90' lang='lat' dir='ltr'><strong>sum</strong></span> <span class='ocrx_word' id='word_1_524' title='bbox 1330 1129 1336 1140; x_wconf 88' lang='lat'>,</span> <span class='ocrx_word' id='word_1_525' title='bbox 1354 1111 1380 1135; x_wconf 88' lang='lat' dir='ltr'><strong>et</strong></span> <span class='ocrx_word' id='word_1_526' title='bbox 1397 1115 1451 1134; x_wconf 87' lang='lat' dir='ltr'><strong>non</strong></span> <span class='ocrx_word' id='word_1_527' title='bbox 1465 1107 1631 1134; x_wconf 65' lang='lat' dir='ltr'><strong>declinavi.»</strong></span> <span class='ocrx_word' id='word_1_528' title='bbox 1653 1107 1681 1134; x_wconf 84' lang='lat' dir='ltr'><strong>Si</strong></span> <span class='ocrx_word' id='word_1_529' title='bbox 1701 1107 1775 1134; x_wconf 88' lang='lat' dir='ltr'><strong>enim</strong></span> 
     </span>
    </p>
   </div>
   <div class='ocr_carea' id='block_1_70' title="bbox 990 1153 1776 1188">
    <p class='ocr_par' dir='ltr' id='par_1_70' title="bbox 990 1153 1776 1188">
     <span class='ocr_line' id='line_1_70' title="bbox 990 1153 1776 1188; baseline -0.003 -7"><span class='ocrx_word' id='word_1_530' title='bbox 990 1153 1116 1181; x_wconf 86' lang='lat' dir='ltr'><strong>Christus</strong></span> <span class='ocrx_word' id='word_1_531' title='bbox 1133 1162 1196 1182; x_wconf 92' lang='lat' dir='ltr'><strong>cum</strong></span> <span class='ocrx_word' id='word_1_532' title='bbox 1219 1153 1339 1181; x_wconf 83' lang='lat' dir='ltr'><strong>evadere</strong></span> <span class='ocrx_word' id='word_1_533' title='bbox 1354 1156 1448 1188; x_wconf 87' lang='lat' dir='ltr'><strong>posset</strong></span> <span class='ocrx_word' id='word_1_534' title='bbox 1476 1153 1593 1179; x_wconf 88' lang='lat' dir='ltr'><strong>traditus</strong></span> <span class='ocrx_word' id='word_1_535' title='bbox 1610 1157 1663 1184; x_wconf 79' lang='lat' dir='ltr'><strong>est.</strong></span> <span class='ocrx_word' id='word_1_536' title='bbox 1680 1153 1776 1180; x_wconf 87' lang='lat' dir='ltr'><strong>volens</strong></span> 
     </span>
    </p>
   </div>
   <div class='ocr_carea' id='block_1_71' title="bbox 991 1199 1774 1234">
    <p class='ocr_par' dir='ltr' id='par_1_71' title="bbox 991 1199 1774 1234">
     <span class='ocr_line' id='line_1_71' title="bbox 991 1199 1774 1234; baseline -0.001 -7"><span class='ocrx_word' id='word_1_537' title='bbox 991 1200 1112 1234; x_wconf 88' lang='lat' dir='ltr'><strong>scipsum</strong></span> <span class='ocrx_word' id='word_1_538' title='bbox 1132 1199 1252 1228; x_wconf 85' lang='lat' dir='ltr'><strong>tradidit.</strong></span> <span class='ocrx_word' id='word_1_539' title='bbox 1280 1199 1461 1227; x_wconf 81' lang='lat' dir='ltr'><strong>Abduxcruut</strong></span> <span class='ocrx_word' id='word_1_540' title='bbox 1485 1200 1575 1233; x_wconf 84' lang='lat' dir='ltr'><strong>itaque</strong></span> <span class='ocrx_word' id='word_1_541' title='bbox 1588 1199 1728 1226; x_wconf 87' lang='lat' dir='ltr'><strong>Christum</strong></span> <span class='ocrx_word' id='word_1_542' title='bbox 1741 1199 1774 1226; x_wconf 82' lang='lat' dir='ltr'><strong>ad</strong></span> 
     </span>
    </p>
   </div>
   <div class='ocr_carea' id='block_1_72' title="bbox 991 1242 1773 1279">
    <p class='ocr_par' dir='ltr' id='par_1_72' title="bbox 991 1242 1773 1279">
     <span class='ocr_line' id='line_1_72' title="bbox 991 1242 1773 1279; baseline -0.003 -8"><span class='ocrx_word' id='word_1_543' title='bbox 991 1244 1145 1279; x_wconf 88' lang='lat' dir='ltr'><strong>pontiﬁces.</strong></span> <span class='ocrx_word' id='word_1_544' title='bbox 1160 1244 1291 1279; x_wconf 88' lang='lat' dir='ltr'><strong>Discipuli</strong></span> <span class='ocrx_word' id='word_1_545' title='bbox 1321 1248 1412 1271; x_wconf 88' lang='lat' dir='ltr'><strong>autem</strong></span> <span class='ocrx_word' id='word_1_546' title='bbox 1427 1243 1525 1270; x_wconf 90' lang='lat' dir='ltr'><strong>timore</strong></span> <span class='ocrx_word' id='word_1_547' title='bbox 1540 1243 1659 1277; x_wconf 85' lang='lat' dir='ltr'><strong>correpti</strong></span> <span class='ocrx_word' id='word_1_548' title='bbox 1695 1242 1773 1277; x_wconf 81' lang='lat' dir='ltr'><strong>fuge-</strong></span> 
     </span>
    </p>
   </div>
   <div class='ocr_carea' id='block_1_73' title="bbox 992 1287 1775 1324">
    <p class='ocr_par' dir='ltr' id='par_1_73' title="bbox 992 1287 1775 1324">
     <span class='ocr_line' id='line_1_73' title="bbox 992 1287 1775 1324; baseline 0 -9"><span class='ocrx_word' id='word_1_549' title='bbox 992 1294 1066 1316; x_wconf 89' lang='lat' dir='ltr'><strong>runt.</strong></span> <span class='ocrx_word' id='word_1_550' title='bbox 1084 1289 1266 1317; x_wconf 88' lang='lat' dir='ltr'><strong>Sacerdotum</strong></span> <span class='ocrx_word' id='word_1_551' title='bbox 1284 1294 1376 1316; x_wconf 89' lang='lat' dir='ltr'><strong>autem</strong></span> <span class='ocrx_word' id='word_1_552' title='bbox 1398 1289 1537 1324; x_wconf 87' lang='lat' dir='ltr'><strong>principes</strong></span> <span class='ocrx_word' id='word_1_553' title='bbox 1552 1293 1666 1323; x_wconf 85' lang='lat' dir='ltr'><strong>propter</strong></span> <span class='ocrx_word' id='word_1_554' title='bbox 1681 1287 1775 1316; x_wconf 84' lang='lat' dir='ltr'><strong>Jesum</strong></span> 
     </span>
    </p>
   </div>
   <div class='ocr_carea' id='block_1_74' title="bbox 991 1333 1777 1370">
    <p class='ocr_par' dir='ltr' id='par_1_74' title="bbox 991 1333 1777 1370">
     <span class='ocr_line' id='line_1_74' title="bbox 991 1333 1777 1370; baseline 0 -9"><span class='ocrx_word' id='word_1_555' title='bbox 991 1336 1222 1369; x_wconf 87' lang='lat' dir='ltr'><strong>comprehensum</strong></span> <span class='ocrx_word' id='word_1_556' title='bbox 1237 1335 1322 1370; x_wconf 83' lang='lat' dir='ltr'><strong>gavisi</strong></span> <span class='ocrx_word' id='word_1_557' title='bbox 1337 1339 1421 1367; x_wconf 87' lang='lat' dir='ltr'><strong>sunt;</strong></span> <span class='ocrx_word' id='word_1_558' title='bbox 1449 1339 1476 1361; x_wconf 92' lang='lat' dir='ltr'><strong>et</strong></span> <span class='ocrx_word' id='word_1_559' title='bbox 1505 1333 1644 1361; x_wconf 81' lang='lat' dir='ltr'><strong>advocatis</strong></span> <span class='ocrx_word' id='word_1_560' title='bbox 1669 1334 1777 1362; x_wconf 87' lang='lat' dir='ltr'><strong>duobus</strong></span> 
     </span>
    </p>
   </div>
   <div class='ocr_carea' id='block_1_75' title="bbox 992 1378 1778 1414">
    <p class='ocr_par' dir='ltr' id='par_1_75' title="bbox 992 1378 1778 1414">
     <span class='ocr_line' id='line_1_75' title="bbox 992 1378 1778 1414; baseline -0.001 -8"><span class='ocrx_word' id='word_1_561' title='bbox 992 1378 1066 1407; x_wconf 79' lang='lat' dir='ltr'><strong>falsis</strong></span> <span class='ocrx_word' id='word_1_562' title='bbox 1079 1380 1191 1407; x_wconf 89' lang='lat' dir='ltr'><strong>testibus</strong></span> <span class='ocrx_word' id='word_1_563' title='bbox 1205 1385 1303 1408; x_wconf 90' lang='lat' dir='ltr'><strong>contra</strong></span> <span class='ocrx_word' id='word_1_564' title='bbox 1322 1380 1400 1406; x_wconf 89' lang='lat' dir='ltr'><strong>illum</strong></span> <span class='ocrx_word' id='word_1_565' title='bbox 1413 1398 1420 1411; x_wconf 89' lang='lat'><strong><em>,</em></strong></span> <span class='ocrx_word' id='word_1_566' title='bbox 1435 1386 1608 1414; x_wconf 65' lang='lat' dir='ltr'><strong>quaecunque</strong></span> <span class='ocrx_word' id='word_1_567' title='bbox 1621 1379 1722 1406; x_wconf 86' lang='lat' dir='ltr'><strong>libebat</strong></span> <span class='ocrx_word' id='word_1_568' title='bbox 1733 1379 1778 1405; x_wconf 85' lang='lat' dir='ltr'><strong>di-</strong></span> 
     </span>
    </p>
   </div>
   <div class='ocr_carea' id='block_1_76' title="bbox 992 1424 1777 1460">
    <p class='ocr_par' dir='ltr' id='par_1_76' title="bbox 992 1424 1777 1460">
     <span class='ocr_line' id='line_1_76' title="bbox 992 1424 1777 1460; baseline -0.001 -8"><span class='ocrx_word' id='word_1_569' title='bbox 992 1426 1090 1453; x_wconf 85' lang='lat' dir='ltr'><strong>cebant</strong></span> <span class='ocrx_word' id='word_1_570' title='bbox 1104 1425 1257 1452; x_wconf 86' lang='lat' dir='ltr'><strong>mendacia.</strong></span> <span class='ocrx_word' id='word_1_571' title='bbox 1273 1426 1354 1452; x_wconf 79' lang='lat' dir='ltr'><strong>Jesus</strong></span> <span class='ocrx_word' id='word_1_572' title='bbox 1374 1432 1440 1452; x_wconf 85' lang='lat' dir='ltr'><strong>vero</strong></span> <span class='ocrx_word' id='word_1_573' title='bbox 1466 1425 1584 1451; x_wconf 85' lang='lat' dir='ltr'><strong>tacebat.</strong></span> <span class='ocrx_word' id='word_1_574' title='bbox 1609 1424 1678 1451; x_wconf 86' lang='lat' dir='ltr'><strong>Dicit</strong></span> <span class='ocrx_word' id='word_1_575' title='bbox 1694 1425 1777 1460; x_wconf 76' lang='lat' dir='ltr'><strong>igitur</strong></span> 
     </span>
    </p>
   </div>
   <div class='ocr_carea' id='block_1_77' title="bbox 994 1469 1778 1504">
    <p class='ocr_par' dir='ltr' id='par_1_77' title="bbox 994 1469 1778 1504">
     <span class='ocr_line' id='line_1_77' title="bbox 994 1469 1778 1504; baseline 0 -7"><span class='ocrx_word' id='word_1_576' title='bbox 994 1470 1032 1497; x_wconf 93' lang='lat' dir='ltr'><strong>illi</strong></span> <span class='ocrx_word' id='word_1_577' title='bbox 1049 1478 1173 1497; x_wconf 87' lang='lat' dir='ltr'><strong>summus</strong></span> <span class='ocrx_word' id='word_1_578' title='bbox 1196 1470 1325 1497; x_wconf 80' lang='lat' dir='ltr'><strong>sacerdos</strong></span> <span class='ocrx_word' id='word_1_579' title='bbox 1343 1478 1350 1496; x_wconf 94' lang='lat'>:</span> <span class='ocrx_word' id='word_1_580' title='bbox 1370 1478 1378 1495; x_wconf 79' lang='grc' dir='ltr'><strong>ι</strong></span> <span class='ocrx_word' id='word_1_581' title='bbox 1399 1469 1503 1504; x_wconf 87' lang='lat' dir='ltr'><strong>Adjuro</strong></span> <span class='ocrx_word' id='word_1_582' title='bbox 1532 1475 1558 1496; x_wconf 86' lang='lat' dir='ltr'><strong>te</strong></span> <span class='ocrx_word' id='word_1_583' title='bbox 1582 1477 1631 1503; x_wconf 89' lang='lat' dir='ltr'><strong>per</strong></span> <span class='ocrx_word' id='word_1_584' title='bbox 1647 1469 1730 1497; x_wconf 93' lang='lat' dir='ltr'><strong>Deum</strong></span> <span class='ocrx_word' id='word_1_585' title='bbox 1747 1475 1778 1497; x_wconf 84' lang='lat' dir='ltr'><strong>ut</strong></span> 
     </span>
    </p>
   </div>
   <div class='ocr_carea' id='block_1_78' title="bbox 993 1514 1776 1550">
    <p class='ocr_par' dir='ltr' id='par_1_78' title="bbox 993 1514 1776 1550">
     <span class='ocr_line' id='line_1_78' title="bbox 993 1514 1776 1550; baseline -0.003 -7"><span class='ocrx_word' id='word_1_586' title='bbox 993 1516 1068 1544; x_wconf 89' lang='lat' dir='ltr'><strong>dicas</strong></span> <span class='ocrx_word' id='word_1_587' title='bbox 1084 1516 1175 1547; x_wconf 85' lang='lat' dir='ltr'><strong>nobis,</strong></span> <span class='ocrx_word' id='word_1_588' title='bbox 1201 1523 1265 1541; x_wconf 91' lang='lat' dir='ltr'><strong>num</strong></span> <span class='ocrx_word' id='word_1_589' title='bbox 1281 1520 1309 1542; x_wconf 89' lang='lat' dir='ltr'><strong>tu</strong></span> <span class='ocrx_word' id='word_1_590' title='bbox 1324 1516 1362 1542; x_wconf 87' lang='lat' dir='ltr'><strong>sis</strong></span> <span class='ocrx_word' id='word_1_591' title='bbox 1386 1515 1459 1541; x_wconf 80' lang='lat' dir='ltr'><strong>Illius</strong></span> <span class='ocrx_word' id='word_1_592' title='bbox 1481 1514 1634 1550; x_wconf 82' lang='lat' dir='ltr'><strong>Benedicti.</strong></span> <span class='ocrx_word' id='word_1_593' title='bbox 1653 1514 1694 1541; x_wconf 85' lang='lat' dir='ltr'><strong>vel</strong></span> <span class='ocrx_word' id='word_1_594' title='bbox 1710 1522 1776 1541; x_wconf 89' lang='lat' dir='ltr'><strong>num</strong></span> 
     </span>
    </p>
   </div>
   <div class='ocr_carea' id='block_1_79' title="bbox 992 1559 1777 1591">
    <p class='ocr_par' dir='ltr' id='par_1_79' title="bbox 992 1559 1777 1591">
     <span class='ocr_line' id='line_1_79' title="bbox 992 1559 1777 1591; baseline -0.003 -2"><span class='ocrx_word' id='word_1_595' title='bbox 992 1567 1020 1589; x_wconf 90' lang='lat' dir='ltr'><strong>tu</strong></span> <span class='ocrx_word' id='word_1_596' title='bbox 1036 1562 1074 1589; x_wconf 86' lang='lat' dir='ltr'><strong>sis</strong></span> <span class='ocrx_word' id='word_1_597' title='bbox 1083 1561 1209 1588; x_wconf 83' lang='lat' dir='ltr'><strong>Christus</strong></span> <span class='ocrx_word' id='word_1_598' title='bbox 1222 1561 1307 1588; x_wconf 87' lang='lat' dir='ltr'><strong>Filius</strong></span> <span class='ocrx_word' id='word_1_599' title='bbox 1327 1560 1373 1587; x_wconf 90' lang='lat' dir='ltr'><strong>Dei</strong></span> <span class='ocrx_word' id='word_1_600' title='bbox 1393 1560 1522 1587; x_wconf 76' lang='lat' dir='ltr'><strong>viventis.</strong></span> <span class='ocrx_word' id='word_1_601' title='bbox 1544 1559 1613 1586; x_wconf 88' lang='lat' dir='ltr'><strong>Dicit</strong></span> <span class='ocrx_word' id='word_1_602' title='bbox 1630 1560 1668 1587; x_wconf 91' lang='lat' dir='ltr'><strong>illi</strong></span> <span class='ocrx_word' id='word_1_603' title='bbox 1686 1560 1777 1591; x_wconf 80' lang='lat' dir='ltr'><strong>Jesus.</strong></span> 
     </span>
    </p>
   </div>
   <div class='ocr_carea' id='block_1_80' title="bbox 991 1605 1778 1641">
    <p class='ocr_par' dir='ltr' id='par_1_80' title="bbox 991 1605 1778 1641">
     <span class='ocr_line' id='line_1_80' title="bbox 991 1605 1778 1641; baseline -0.003 -8"><span class='ocrx_word' id='word_1_604' title='bbox 991 1606 1048 1641; x_wconf 80' lang='lat' dir='ltr'><strong>Ego</strong></span> <span class='ocrx_word' id='word_1_605' title='bbox 1074 1614 1144 1633; x_wconf 90' lang='lat' dir='ltr'><strong>sum.</strong></span> <span class='ocrx_word' id='word_1_606' title='bbox 1173 1606 1369 1633; x_wconf 76' lang='lat' dir='ltr'><strong>Verumtamen</strong></span> <span class='ocrx_word' id='word_1_607' title='bbox 1396 1605 1460 1632; x_wconf 89' lang='lat' dir='ltr'><strong>dico</strong></span> <span class='ocrx_word' id='word_1_608' title='bbox 1489 1605 1576 1636; x_wconf 86' lang='lat' dir='ltr'><strong>vobis,</strong></span> <span class='ocrx_word' id='word_1_609' title='bbox 1601 1612 1616 1631; x_wconf 89' lang='lat' dir='ltr'><strong>a</strong></span> <span class='ocrx_word' id='word_1_610' title='bbox 1635 1613 1709 1632; x_wconf 84' lang='lat' dir='ltr'><strong>nunc</strong></span> <span class='ocrx_word' id='word_1_611' title='bbox 1738 1606 1778 1632; x_wconf 89' lang='lat' dir='ltr'><strong>vi-</strong></span> 
     </span>
    </p>
   </div>
   <div class='ocr_carea' id='block_1_81' title="bbox 992 1649 1777 1684">
    <p class='ocr_par' dir='ltr' id='par_1_81' title="bbox 992 1649 1777 1684">
     <span class='ocr_line' id='line_1_81' title="bbox 992 1649 1777 1684; baseline -0.003 -6"><span class='ocrx_word' id='word_1_612' title='bbox 992 1652 1093 1680; x_wconf 86' lang='lat' dir='ltr'><strong>debitis</strong></span> <span class='ocrx_word' id='word_1_613' title='bbox 1100 1651 1200 1678; x_wconf 73' lang='lat' dir='ltr'><strong>Filium</strong></span> <span class='ocrx_word' id='word_1_614' title='bbox 1216 1650 1338 1677; x_wconf 89' lang='lat' dir='ltr'><strong>hominis</strong></span> <span class='ocrx_word' id='word_1_615' title='bbox 1351 1649 1490 1677; x_wconf 88' lang='lat' dir='ltr'><strong>sedentem</strong></span> <span class='ocrx_word' id='word_1_616' title='bbox 1499 1657 1512 1676; x_wconf 89' lang='lat' dir='ltr'><strong>a</strong></span> <span class='ocrx_word' id='word_1_617' title='bbox 1525 1649 1629 1677; x_wconf 76' lang='lat' dir='ltr'><strong>dextris</strong></span> <span class='ocrx_word' id='word_1_618' title='bbox 1637 1650 1777 1684; x_wconf 63' lang='lat' dir='ltr'><strong>potentiae.</strong></span> 
     </span>
    </p>
   </div>
   <div class='ocr_carea' id='block_1_82' title="bbox 991 1695 1778 1730">
    <p class='ocr_par' dir='ltr' id='par_1_82' title="bbox 991 1695 1778 1730">
     <span class='ocr_line' id='line_1_82' title="bbox 991 1695 1778 1730; baseline -0.001 -6"><span class='ocrx_word' id='word_1_619' title='bbox 991 1701 1021 1724; x_wconf 87' lang='lat' dir='ltr'><strong>et</strong></span> <span class='ocrx_word' id='word_1_620' title='bbox 1035 1696 1194 1723; x_wconf 87' lang='lat' dir='ltr'><strong>venientem</strong></span> <span class='ocrx_word' id='word_1_621' title='bbox 1226 1695 1254 1722; x_wconf 94' lang='lat' dir='ltr'><strong>in</strong></span> <span class='ocrx_word' id='word_1_622' title='bbox 1285 1695 1407 1722; x_wconf 88' lang='lat' dir='ltr'><strong>nubibus</strong></span> <span class='ocrx_word' id='word_1_623' title='bbox 1433 1695 1522 1722; x_wconf 68' lang='lat' dir='ltr'><strong>cceii.»</strong></span> <span class='ocrx_word' id='word_1_624' title='bbox 1556 1695 1634 1722; x_wconf 89' lang='lat' dir='ltr'><strong>Tunc</strong></span> <span class='ocrx_word' id='word_1_625' title='bbox 1652 1695 1778 1730; x_wconf 83' lang='lat' dir='ltr'><strong>princeps</strong></span> 
     </span>
    </p>
   </div>
   <div class='ocr_carea' id='block_1_83' title="bbox 992 1740 1778 1773">
    <p class='ocr_par' dir='ltr' id='par_1_83' title="bbox 992 1740 1778 1773">
     <span class='ocr_line' id='line_1_83' title="bbox 992 1740 1778 1773; baseline 0 -4"><span class='ocrx_word' id='word_1_626' title='bbox 992 1741 1168 1770; x_wconf 82' lang='lat' dir='ltr'><strong>sacerdotum</strong></span> <span class='ocrx_word' id='word_1_627' title='bbox 1184 1741 1267 1768; x_wconf 87' lang='lat' dir='ltr'><strong>scidit</strong></span> <span class='ocrx_word' id='word_1_628' title='bbox 1280 1741 1444 1768; x_wconf 88' lang='lat' dir='ltr'><strong>vestimenta</strong></span> <span class='ocrx_word' id='word_1_629' title='bbox 1463 1747 1523 1773; x_wconf 76' lang='lat' dir='ltr'><strong>sua,</strong></span> <span class='ocrx_word' id='word_1_630' title='bbox 1536 1740 1632 1768; x_wconf 85' lang='lat' dir='ltr'><strong>dicens</strong></span> <span class='ocrx_word' id='word_1_631' title='bbox 1647 1749 1653 1767; x_wconf 91' lang='lat'>:</span> <span class='ocrx_word' id='word_1_632' title='bbox 1674 1751 1682 1766; x_wconf 88' lang='grc'><strong>‹</strong></span> <span class='ocrx_word' id='word_1_633' title='bbox 1704 1741 1778 1769; x_wconf 83' lang='lat' dir='ltr'><strong>Blas-</strong></span> 
     </span>
    </p>
   </div>
   <div class='ocr_carea' id='block_1_84' title="bbox 993 1786 1777 1822">
    <p class='ocr_par' dir='ltr' id='par_1_84' title="bbox 993 1786 1777 1822">
     <span class='ocr_line' id='line_1_84' title="bbox 993 1786 1777 1822; baseline 0.001 -8"><span class='ocrx_word' id='word_1_634' title='bbox 993 1788 1154 1822; x_wconf 49' lang='lat' dir='ltr'><strong>phcmavit,.</strong></span> <span class='ocrx_word' id='word_1_635' title='bbox 1171 1787 1236 1821; x_wconf 91' lang='lat' dir='ltr'><strong>quid</strong></span> <span class='ocrx_word' id='word_1_636' title='bbox 1266 1786 1338 1813; x_wconf 77' lang='lat' dir='ltr'><strong>ultra</strong></span> <span class='ocrx_word' id='word_1_637' title='bbox 1366 1786 1522 1821; x_wconf 81' lang='lat' dir='ltr'><strong>indigemus</strong></span> <span class='ocrx_word' id='word_1_638' title='bbox 1538 1786 1676 1813; x_wconf 77' lang='lat' dir='ltr'><strong>testibus?</strong></span> <span class='ocrx_word' id='word_1_639' title='bbox 1709 1788 1777 1815; x_wconf 87' lang='lat' dir='ltr'><strong>Ecce</strong></span> 
     </span>
    </p>
   </div>
   <div class='ocr_carea' id='block_1_85' title="bbox 993 1830 1780 1866">
    <p class='ocr_par' dir='ltr' id='par_1_85' title="bbox 993 1830 1780 1866">
     <span class='ocr_line' id='line_1_85' title="bbox 993 1830 1780 1866; baseline 0.001 -7"><span class='ocrx_word' id='word_1_640' title='bbox 993 1840 1042 1859; x_wconf 87' lang='lat' dir='ltr'><strong>vos</strong></span> <span class='ocrx_word' id='word_1_641' title='bbox 1059 1831 1112 1866; x_wconf 93' lang='lat' dir='ltr'><strong>ipsi</strong></span> <span class='ocrx_word' id='word_1_642' title='bbox 1129 1831 1273 1858; x_wconf 84' lang='lat' dir='ltr'><strong>audivistis</strong></span> <span class='ocrx_word' id='word_1_643' title='bbox 1293 1830 1489 1865; x_wconf 85' lang='lat' dir='ltr'><strong>blasphemiam</strong></span> <span class='ocrx_word' id='word_1_644' title='bbox 1505 1831 1602 1865; x_wconf 84' lang='lat' dir='ltr'><strong>ipsius.</strong></span> <span class='ocrx_word' id='word_1_645' title='bbox 1620 1831 1690 1865; x_wconf 82' lang='lat' dir='ltr'><strong>Quid</strong></span> <span class='ocrx_word' id='word_1_646' title='bbox 1703 1833 1780 1860; x_wconf 81' lang='lat' dir='ltr'><strong>vobis</strong></span> 
     </span>
    </p>
   </div>
   <div class='ocr_carea' id='block_1_86' title="bbox 993 1876 1776 1905">
    <p class='ocr_par' dir='ltr' id='par_1_86' title="bbox 993 1876 1776 1905">
     <span class='ocr_line' id='line_1_86' title="bbox 993 1876 1776 1905; baseline 0.001 -1"><span class='ocrx_word' id='word_1_647' title='bbox 993 1878 1120 1905; x_wconf 87' lang='lat' dir='ltr'><strong>videtur?</strong></span> <span class='ocrx_word' id='word_1_648' title='bbox 1139 1879 1190 1904; x_wconf 50' lang='lat' dir='ltr'><strong>.At</strong></span> <span class='ocrx_word' id='word_1_649' title='bbox 1214 1877 1254 1904; x_wconf 91' lang='lat' dir='ltr'><strong>illi</strong></span> <span class='ocrx_word' id='word_1_650' title='bbox 1272 1876 1401 1904; x_wconf 74' lang='lat' dir='ltr'><strong>dixerunt</strong></span> <span class='ocrx_word' id='word_1_651' title='bbox 1426 1886 1432 1903; x_wconf 92' lang='lat'><strong>:</strong></span> <span class='ocrx_word' id='word_1_652' title='bbox 1468 1877 1542 1904; x_wconf 77' lang='lat' dir='ltr'><strong>Reus</strong></span> <span class='ocrx_word' id='word_1_653' title='bbox 1570 1878 1666 1905; x_wconf 86' lang='lat' dir='ltr'><strong>mortis</strong></span> <span class='ocrx_word' id='word_1_654' title='bbox 1692 1883 1743 1905; x_wconf 91' lang='lat' dir='ltr'><strong>est.</strong></span> <span class='ocrx_word' id='word_1_655' title='bbox 1766 1888 1776 1904; x_wconf 76' lang='grc' dir='ltr'><strong>ι</strong></span> 
     </span>
    </p>
   </div>
   <div class='ocr_carea' id='block_1_87' title="bbox 994 1922 1778 1957">
    <p class='ocr_par' dir='ltr' id='par_1_87' title="bbox 994 1922 1778 1957">
     <span class='ocr_line' id='line_1_87' title="bbox 994 1922 1778 1957; baseline 0.001 -7"><span class='ocrx_word' id='word_1_656' title='bbox 994 1923 1110 1956; x_wconf 85' lang='lat' dir='ltr'><strong>Quidam</strong></span> <span class='ocrx_word' id='word_1_657' title='bbox 1125 1923 1208 1956; x_wconf 77' lang='lat' dir='ltr'><strong>igitur</strong></span> <span class='ocrx_word' id='word_1_658' title='bbox 1221 1923 1371 1950; x_wconf 84' lang='lat' dir='ltr'><strong>astantium</strong></span> <span class='ocrx_word' id='word_1_659' title='bbox 1392 1922 1467 1950; x_wconf 87' lang='lat' dir='ltr'><strong>dedit</strong></span> <span class='ocrx_word' id='word_1_660' title='bbox 1481 1923 1518 1950; x_wconf 92' lang='lat' dir='ltr'><strong>illi</strong></span> <span class='ocrx_word' id='word_1_661' title='bbox 1535 1923 1652 1957; x_wconf 87' lang='lat' dir='ltr'><strong>alapam.</strong></span> <span class='ocrx_word' id='word_1_662' title='bbox 1666 1923 1699 1950; x_wconf 88' lang='lat' dir='ltr'><strong>Et</strong></span> <span class='ocrx_word' id='word_1_663' title='bbox 1715 1931 1778 1952; x_wconf 90' lang='lat' dir='ltr'><strong>cum</strong></span> 
     </span>
    </p>
   </div>
   <div class='ocr_carea' id='block_1_88' title="bbox 995 1968 1780 2002">
    <p class='ocr_par' dir='ltr' id='par_1_88' title="bbox 995 1968 1780 2002">
     <span class='ocr_line' id='line_1_88' title="bbox 995 1968 1780 2002; baseline 0.001 -7"><span class='ocrx_word' id='word_1_664' title='bbox 995 1968 1147 1995; x_wconf 87' lang='lat' dir='ltr'><strong>illusissent</strong></span> <span class='ocrx_word' id='word_1_665' title='bbox 1163 1968 1214 2002; x_wconf 83' lang='lat' dir='ltr'><strong>illi,</strong></span> <span class='ocrx_word' id='word_1_666' title='bbox 1243 1968 1419 1995; x_wconf 85' lang='lat' dir='ltr'><strong>abduxerunt</strong></span> <span class='ocrx_word' id='word_1_667' title='bbox 1435 1968 1523 1999; x_wconf 86' lang='lat' dir='ltr'><strong>illum.</strong></span> <span class='ocrx_word' id='word_1_668' title='bbox 1549 1972 1578 1996; x_wconf 89' lang='lat' dir='ltr'><strong>et</strong></span> <span class='ocrx_word' id='word_1_669' title='bbox 1606 1968 1780 1996; x_wconf 86' lang='lat' dir='ltr'><strong>tradiderunt</strong></span> 
     </span>
    </p>
   </div>
   <div class='ocr_carea' id='block_1_89' title="bbox 995 2006 1780 2049">
    <p class='ocr_par' dir='ltr' id='par_1_89' title="bbox 995 2006 1780 2049">
     <span class='ocr_line' id='line_1_89' title="bbox 995 2006 1780 2049; baseline 0.001 -8"><span class='ocrx_word' id='word_1_670' title='bbox 995 2014 1093 2041; x_wconf 84' lang='lat' dir='ltr'><strong>Pilato.</strong></span> <span class='ocrx_word' id='word_1_671' title='bbox 1109 2013 1192 2041; x_wconf 84' lang='lat' dir='ltr'><strong>Judas</strong></span> <span class='ocrx_word' id='word_1_672' title='bbox 1209 2021 1276 2041; x_wconf 89' lang='lat' dir='ltr'><strong>vero</strong></span> <span class='ocrx_word' id='word_1_673' title='bbox 1296 2013 1392 2041; x_wconf 86' lang='lat' dir='ltr'><strong>abiens</strong></span> <span class='ocrx_word' id='word_1_674' title='bbox 1417 2013 1484 2041; x_wconf 90' lang='lat' dir='ltr'><strong>dicit</strong></span> <span class='ocrx_word' id='word_1_675' title='bbox 1500 2006 1673 2049; x_wconf 75' lang='lat' dir='ltr'><strong>principibus</strong></span> <span class='ocrx_word' id='word_1_676' title='bbox 1689 2023 1780 2042; x_wconf 81' lang='lat' dir='ltr'><strong>sacer-</strong></span> 
     </span>
    </p>
   </div>
   <div class='ocr_carea' id='block_1_90' title="bbox 995 2059 1776 2094">
    <p class='ocr_par' dir='ltr' id='par_1_90' title="bbox 995 2059 1776 2094">
     <span class='ocr_line' id='line_1_90' title="bbox 995 2059 1776 2094; baseline 0.001 -8"><span class='ocrx_word' id='word_1_677' title='bbox 995 2059 1088 2086; x_wconf 90' lang='lat' dir='ltr'><strong>dotum</strong></span> <span class='ocrx_word' id='word_1_678' title='bbox 1103 2069 1110 2087; x_wconf 87' lang='lat'><strong>;</strong></span> <span class='ocrx_word' id='word_1_679' title='bbox 1129 2069 1138 2085; x_wconf 83' lang='grc'><strong>‹</strong></span> <span class='ocrx_word' id='word_1_680' title='bbox 1157 2059 1281 2092; x_wconf 74' lang='lat' dir='ltr'><strong>Peccavi.</strong></span> <span class='ocrx_word' id='word_1_681' title='bbox 1299 2059 1416 2094; x_wconf 88' lang='lat' dir='ltr'><strong>prodens</strong></span> <span class='ocrx_word' id='word_1_682' title='bbox 1427 2060 1585 2094; x_wconf 80' lang='lat' dir='ltr'><strong>sanguinem</strong></span> <span class='ocrx_word' id='word_1_683' title='bbox 1601 2061 1740 2087; x_wconf 84' lang='lat' dir='ltr'><strong>innoxium</strong></span> <span class='ocrx_word' id='word_1_684' title='bbox 1752 2069 1776 2094; x_wconf 71' lang='grc' dir='ltr'><strong>μ</strong></span> 
     </span>
    </p>
   </div>
   <div class='ocr_carea' id='block_1_91' title="bbox 995 2104 1780 2140">
    <p class='ocr_par' dir='ltr' id='par_1_91' title="bbox 995 2104 1780 2140">
     <span class='ocr_line' id='line_1_91' title="bbox 995 2104 1780 2140; baseline 0.001 -8"><span class='ocrx_word' id='word_1_685' title='bbox 995 2110 1023 2132; x_wconf 88' lang='lat' dir='ltr'><strong>et</strong></span> <span class='ocrx_word' id='word_1_686' title='bbox 1037 2105 1174 2140; x_wconf 79' lang='lat' dir='ltr'><strong>argenteis</strong></span> <span class='ocrx_word' id='word_1_687' title='bbox 1189 2105 1217 2131; x_wconf 91' lang='lat' dir='ltr'><strong>in</strong></span> <span class='ocrx_word' id='word_1_688' title='bbox 1233 2105 1366 2137; x_wconf 89' lang='lat' dir='ltr'><strong>templum</strong></span> <span class='ocrx_word' id='word_1_689' title='bbox 1390 2104 1530 2140; x_wconf 86' lang='lat' dir='ltr'><strong>projectis,</strong></span> <span class='ocrx_word' id='word_1_690' title='bbox 1548 2105 1634 2138; x_wconf 85' lang='lat' dir='ltr'><strong>abiit,</strong></span> <span class='ocrx_word' id='word_1_691' title='bbox 1663 2110 1692 2132; x_wconf 88' lang='lat' dir='ltr'><strong>et</strong></span> <span class='ocrx_word' id='word_1_692' title='bbox 1719 2113 1780 2133; x_wconf 86' lang='lat' dir='ltr'><strong>sus—</strong></span> 
     </span>
    </p>
   </div>
   <div class='ocr_carea' id='block_1_92' title="bbox 160 2150 939 2188">
    <p class='ocr_par' dir='ltr' id='par_1_92' title="bbox 160 2151 939 2187">
     <span class='ocr_line' id='line_1_92' title="bbox 160 2151 939 2187; baseline 0.001 -10"><span class='ocrx_word' id='word_1_693' title='bbox 160 2160 212 2177; x_wconf 76' lang='grc' dir='ltr'>που</span> <span class='ocrx_word' id='word_1_694' title='bbox 223 2152 375 2186; x_wconf 82' lang='grc' dir='ltr'>καθήμενον</span> <span class='ocrx_word' id='word_1_695' title='bbox 384 2152 414 2178; x_wconf 74' lang='grc' dir='ltr'>ὲκ</span> <span class='ocrx_word' id='word_1_696' title='bbox 424 2152 518 2183; x_wconf 81' lang='grc' dir='ltr'>δεξιῶν</span> <span class='ocrx_word' id='word_1_697' title='bbox 526 2152 573 2186; x_wconf 77' lang='grc' dir='ltr'>τῆς</span> <span class='ocrx_word' id='word_1_698' title='bbox 583 2151 733 2186; x_wconf 80' lang='grc' dir='ltr'>δυνάμεως,</span> <span class='ocrx_word' id='word_1_699' title='bbox 745 2154 791 2178; x_wconf 74' lang='grc' dir='ltr'>καὶ</span> <span class='ocrx_word' id='word_1_700' title='bbox 798 2152 939 2187; x_wconf 65' lang='grc' dir='ltr'>ἐρχόμενον.</span> 
     </span>
    </p>
   </div>
   <div class='ocr_carea' id='block_1_93' title="bbox 992 2150 1778 2188">
    <p class='ocr_par' dir='ltr' id='par_1_93' title="bbox 996 2150 1778 2185">
     <span class='ocr_line' id='line_1_93' title="bbox 996 2150 1778 2185; baseline 0.001 -8"><span class='ocrx_word' id='word_1_701' title='bbox 996 2151 1090 2185; x_wconf 80' lang='lat' dir='ltr'><strong>pendit</strong></span> <span class='ocrx_word' id='word_1_702' title='bbox 1104 2156 1144 2177; x_wconf 89' lang='lat' dir='ltr'><strong>se.</strong></span> <span class='ocrx_word' id='word_1_703' title='bbox 1159 2150 1307 2177; x_wconf 88' lang='lat' dir='ltr'><strong>Pontiﬁces</strong></span> <span class='ocrx_word' id='word_1_704' title='bbox 1324 2157 1391 2177; x_wconf 90' lang='lat' dir='ltr'><strong>vero</strong></span> <span class='ocrx_word' id='word_1_705' title='bbox 1405 2150 1531 2184; x_wconf 84' lang='lat' dir='ltr'><strong>pecuniis</strong></span> <span class='ocrx_word' id='word_1_706' title='bbox 1560 2151 1682 2185; x_wconf 82' lang='lat' dir='ltr'><strong>acceptis</strong></span> <span class='ocrx_word' id='word_1_707' title='bbox 1700 2151 1778 2178; x_wconf 81' lang='lat' dir='ltr'><strong>dixe-</strong></span> 
     </span>
    </p>
   </div>
   <div class='ocr_carea' id='block_1_94' title="bbox 159 2196 944 2231">
    <p class='ocr_par' dir='ltr' id='par_1_94' title="bbox 159 2196 944 2231">
     <span class='ocr_line' id='line_1_94' title="bbox 159 2196 944 2231; baseline 0.001 -9"><span class='ocrx_word' id='word_1_708' title='bbox 159 2197 274 2222; x_wconf 76' lang='grc' dir='ltr'>ἐπὶτῶν</span> <span class='ocrx_word' id='word_1_709' title='bbox 289 2196 407 2230; x_wconf 75' lang='grc' dir='ltr'>νεφελῶν</span> <span class='ocrx_word' id='word_1_710' title='bbox 424 2196 470 2222; x_wconf 79' lang='grc' dir='ltr'>τοῦ</span> <span class='ocrx_word' id='word_1_711' title='bbox 487 2196 612 2231; x_wconf 73' lang='grc' dir='ltr'>οὐρανοῦ.</span> <span class='ocrx_word' id='word_1_712' title='bbox 636 2205 645 2222; x_wconf 78' lang='grc' dir='ltr'><strong>ι</strong></span> <span class='ocrx_word' id='word_1_713' title='bbox 674 2197 741 2223; x_wconf 83' lang='grc' dir='ltr'>Τότε</span> <span class='ocrx_word' id='word_1_714' title='bbox 765 2198 778 2223; x_wconf 79' lang='grc' dir='ltr'>ὁ</span> <span class='ocrx_word' id='word_1_715' title='bbox 799 2197 944 2231; x_wconf 80' lang='grc' dir='ltr'>ἀρχιερεὺς</span> 
     </span>
    </p>
   </div>
   <div class='ocr_carea' id='block_1_95' title="bbox 160 2241 942 2277">
    <p class='ocr_par' dir='ltr' id='par_1_95' title="bbox 160 2241 942 2277">
     <span class='ocr_line' id='line_1_95' title="bbox 160 2241 942 2277; baseline 0.003 -11"><span class='ocrx_word' id='word_1_716' title='bbox 160 2241 285 2276; x_wconf 73' lang='grc' dir='ltr'>διέρρηξε</span> <span class='ocrx_word' id='word_1_717' title='bbox 297 2241 333 2267; x_wconf 83' lang='grc' dir='ltr'><strong>τὰ</strong></span> <span class='ocrx_word' id='word_1_718' title='bbox 346 2241 439 2276; x_wconf 74' lang='grc' dir='ltr'>ἱμάτια</span> <span class='ocrx_word' id='word_1_719' title='bbox 448 2242 529 2268; x_wconf 77' lang='grc' dir='ltr'>αὐτοῦ</span> <span class='ocrx_word' id='word_1_720' title='bbox 541 2241 636 2276; x_wconf 82' lang='grc' dir='ltr'>λέγων,</span> <span class='ocrx_word' id='word_1_721' title='bbox 648 2242 687 2268; x_wconf 79' lang='grc' dir='ltr'>ὅτι</span> <span class='ocrx_word' id='word_1_722' title='bbox 699 2251 708 2267; x_wconf 84' lang='grc' dir='ltr'><strong>ι</strong></span> <span class='ocrx_word' id='word_1_723' title='bbox 720 2242 942 2277; x_wconf 77' lang='grc' dir='ltr'>Ἐϐλασφήμησε·</span> 
     </span>
    </p>
   </div>
   <div class='ocr_carea' id='block_1_96' title="bbox 160 2286 944 2323">
    <p class='ocr_par' dir='ltr' id='par_1_96' title="bbox 160 2286 944 2323">
     <span class='ocr_line' id='line_1_96' title="bbox 160 2286 944 2323; baseline 0.003 -11"><span class='ocrx_word' id='word_1_724' title='bbox 160 2287 188 2313; x_wconf 86' lang='grc' dir='ltr'><strong>τί</strong></span> <span class='ocrx_word' id='word_1_725' title='bbox 205 2286 245 2312; x_wconf 73' lang='grc' dir='ltr'>ἔτι</span> <span class='ocrx_word' id='word_1_726' title='bbox 275 2287 370 2322; x_wconf 83' lang='grc' dir='ltr'>χρείαν</span> <span class='ocrx_word' id='word_1_727' title='bbox 399 2287 497 2322; x_wconf 76' lang='grc' dir='ltr'>ἔχομεν</span> <span class='ocrx_word' id='word_1_728' title='bbox 526 2289 692 2322; x_wconf 70' lang='grc' dir='ltr'>μαρτύρωνς</span> <span class='ocrx_word' id='word_1_729' title='bbox 725 2288 762 2314; x_wconf 82' lang='grc' dir='ltr'>ῐδε</span> <span class='ocrx_word' id='word_1_730' title='bbox 789 2288 836 2314; x_wconf 81' lang='grc' dir='ltr'>νῦν</span> <span class='ocrx_word' id='word_1_731' title='bbox 865 2289 944 2323; x_wconf 76' lang='grc' dir='ltr'>ὑμεῖς</span> 
     </span>
    </p>
   </div>
   <div class='ocr_carea' id='block_1_97' title="bbox 159 2333 944 2369">
    <p class='ocr_par' dir='ltr' id='par_1_97' title="bbox 159 2333 944 2369">
     <span class='ocr_line' id='line_1_97' title="bbox 159 2333 944 2369; baseline 0.004 -11"><span class='ocrx_word' id='word_1_732' title='bbox 159 2333 296 2367; x_wconf 77' lang='grc' dir='ltr'>ἠκούσατε</span> <span class='ocrx_word' id='word_1_733' title='bbox 310 2333 359 2367; x_wconf 83' lang='grc' dir='ltr'><strong>τὴν</strong></span> <span class='ocrx_word' id='word_1_734' title='bbox 370 2333 545 2368; x_wconf 81' lang='grc' dir='ltr'>βλασφημίαν</span> <span class='ocrx_word' id='word_1_735' title='bbox 560 2333 653 2360; x_wconf 82' lang='grc' dir='ltr'>αὑτοῦ.</span> <span class='ocrx_word' id='word_1_736' title='bbox 664 2334 696 2359; x_wconf 86' lang='grc' dir='ltr'><strong>Τί</strong></span> <span class='ocrx_word' id='word_1_737' title='bbox 710 2334 772 2369; x_wconf 84' lang='grc' dir='ltr'>ὑμῖν</span> <span class='ocrx_word' id='word_1_738' title='bbox 784 2335 875 2367; x_wconf 85' lang='grc' dir='ltr'>δοκεῐ;</span> <span class='ocrx_word' id='word_1_739' title='bbox 890 2344 898 2360; x_wconf 79' lang='grc' dir='ltr'><strong>ι</strong></span> <span class='ocrx_word' id='word_1_740' title='bbox 912 2335 944 2361; x_wconf 78' lang='lat' dir='ltr'><strong>Ol</strong></span> 
     </span>
    </p>
   </div>
   <div class='ocr_carea' id='block_1_98' title="bbox 158 2375 944 2413">
    <p class='ocr_par' dir='ltr' id='par_1_98' title="bbox 158 2375 944 2413">
     <span class='ocr_line' id='line_1_98' title="bbox 158 2375 944 2413; baseline 0.003 -9"><span class='ocrx_word' id='word_1_741' title='bbox 158 2377 189 2404; x_wconf 76' lang='grc' dir='ltr'>δὲ</span> <span class='ocrx_word' id='word_1_742' title='bbox 201 2375 287 2410; x_wconf 79' lang='grc' dir='ltr'>εἷπον,</span> <span class='ocrx_word' id='word_1_743' title='bbox 304 2387 313 2403; x_wconf 75' lang='grc' dir='ltr'><strong>ι</strong></span> <span class='ocrx_word' id='word_1_744' title='bbox 331 2377 442 2412; x_wconf 77' lang='grc' dir='ltr'>Ἔνοχος</span> <span class='ocrx_word' id='word_1_745' title='bbox 465 2379 579 2404; x_wconf 82' lang='grc' dir='ltr'>θανάτου</span> <span class='ocrx_word' id='word_1_746' title='bbox 608 2378 691 2406; x_wconf 76' lang='grc' dir='ltr'>ἐστίν.</span> <span class='ocrx_word' id='word_1_747' title='bbox 708 2387 717 2404; x_wconf 75' lang='grc' dir='ltr'><strong>ι</strong></span> <span class='ocrx_word' id='word_1_748' title='bbox 755 2379 857 2405; x_wconf 81' lang='grc' dir='ltr'>Ἔδωκε</span> <span class='ocrx_word' id='word_1_749' title='bbox 879 2379 944 2413; x_wconf 85' lang='grc' dir='ltr'>γοῦν</span> 
     </span>
    </p>
   </div>
   <div class='ocr_carea' id='block_1_99' title="bbox 159 2418 945 2458">
    <p class='ocr_par' dir='ltr' id='par_1_99' title="bbox 159 2418 945 2458">
     <span class='ocr_line' id='line_1_99' title="bbox 159 2418 945 2458; baseline 0.003 -11"><span class='ocrx_word' id='word_1_750' title='bbox 159 2422 236 2456; x_wconf 81' lang='grc' dir='ltr'>αὐτῷ</span> <span class='ocrx_word' id='word_1_751' title='bbox 249 2418 288 2452; x_wconf 81' lang='grc' dir='ltr'>εἷς</span> <span class='ocrx_word' id='word_1_752' title='bbox 303 2421 358 2448; x_wconf 85' lang='grc' dir='ltr'><strong>τῶν</strong></span> <span class='ocrx_word' id='word_1_753' title='bbox 384 2422 595 2457; x_wconf 68' lang='grc' dir='ltr'>παρεστηκότων</span> <span class='ocrx_word' id='word_1_754' title='bbox 612 2423 749 2457; x_wconf 71' lang='grc' dir='ltr'>ῥάπισμα.</span> <span class='ocrx_word' id='word_1_755' title='bbox 764 2423 818 2449; x_wconf 76' lang='grc' dir='ltr'><strong>Καὶ</strong></span> <span class='ocrx_word' id='word_1_756' title='bbox 842 2424 945 2458; x_wconf 82' lang='grc' dir='ltr'>ὲμπσί-</span> 
     </span>
    </p>
   </div>
   <div class='ocr_carea' id='block_1_100' title="bbox 162 2464 944 2501">
    <p class='ocr_par' dir='ltr' id='par_1_100' title="bbox 162 2464 944 2501">
     <span class='ocr_line' id='line_1_100' title="bbox 162 2464 944 2501; baseline 0.003 -11"><span class='ocrx_word' id='word_1_757' title='bbox 162 2465 257 2497; x_wconf 78' lang='grc' dir='ltr'>ξαντες</span> <span class='ocrx_word' id='word_1_758' title='bbox 279 2464 364 2499; x_wconf 81' lang='grc' dir='ltr'>αὐτῷ,</span> <span class='ocrx_word' id='word_1_759' title='bbox 385 2466 528 2499; x_wconf 79' lang='grc' dir='ltr'>ἀπήγαγον</span> <span class='ocrx_word' id='word_1_760' title='bbox 556 2467 604 2492; x_wconf 74' lang='grc' dir='ltr'>καὶ</span> <span class='ocrx_word' id='word_1_761' title='bbox 625 2466 785 2501; x_wconf 82' lang='grc' dir='ltr'>παρέδωκαν</span> <span class='ocrx_word' id='word_1_762' title='bbox 800 2467 881 2492; x_wconf 71' lang='grc' dir='ltr'>αὐτὸν</span> <span class='ocrx_word' id='word_1_763' title='bbox 904 2467 944 2501; x_wconf 83' lang='grc' dir='ltr'>τῷ</span> 
     </span>
    </p>
   </div>
   <div class='ocr_carea' id='block_1_101' title="bbox 159 2509 943 2545">
    <p class='ocr_par' dir='ltr' id='par_1_101' title="bbox 159 2509 943 2545">
     <span class='ocr_line' id='line_1_101' title="bbox 159 2509 943 2545; baseline 0.001 -10"><span class='ocrx_word' id='word_1_764' title='bbox 159 2510 280 2545; x_wconf 72' lang='grc' dir='ltr'><strong>ΙΙιλάτῳ.</strong></span> <span class='ocrx_word' id='word_1_765' title='bbox 289 2510 318 2537; x_wconf 83' lang='grc'><strong>’0</strong></span> <span class='ocrx_word' id='word_1_766' title='bbox 325 2510 353 2536; x_wconf 76' lang='grc' dir='ltr'>δὲ</span> <span class='ocrx_word' id='word_1_767' title='bbox 361 2509 460 2541; x_wconf 83' lang='grc' dir='ltr'>Ἰούδας</span> <span class='ocrx_word' id='word_1_768' title='bbox 469 2510 603 2542; x_wconf 81' lang='grc' dir='ltr'>ἀπελθὼν,</span> <span class='ocrx_word' id='word_1_769' title='bbox 613 2510 687 2544; x_wconf 78' lang='grc' dir='ltr'>λέγει</span> <span class='ocrx_word' id='word_1_770' title='bbox 697 2511 750 2541; x_wconf 83' lang='grc' dir='ltr'>τοῖς</span> <span class='ocrx_word' id='word_1_771' title='bbox 760 2509 943 2545; x_wconf 80' lang='grc' dir='ltr'>ἀρχιερεῦσιν,</span> 
     </span>
    </p>
   </div>
   <div class='ocr_carea' id='block_1_102' title="bbox 166 2552 948 2591">
    <p class='ocr_par' dir='ltr' id='par_1_102' title="bbox 166 2552 948 2591">
     <span class='ocr_line' id='line_1_102' title="bbox 166 2552 948 2591; baseline 0.001 -10"><span class='ocrx_word' id='word_1_772' title='bbox 166 2554 335 2589; x_wconf 77' lang='grc' dir='ltr'>(Ἴῐμαρτον,</span> <span class='ocrx_word' id='word_1_773' title='bbox 354 2555 491 2591; x_wconf 78' lang='grc' dir='ltr'>παραδοὺς</span> <span class='ocrx_word' id='word_1_774' title='bbox 507 2552 577 2590; x_wconf 76' lang='grc' dir='ltr'>αἷμα</span> <span class='ocrx_word' id='word_1_775' title='bbox 590 2556 687 2583; x_wconf 78' lang='grc' dir='ltr'>ἀθῶον.</span> <span class='ocrx_word' id='word_1_776' title='bbox 706 2564 715 2580; x_wconf 80' lang='grc' dir='ltr'><strong>ι</strong></span> <span class='ocrx_word' id='word_1_777' title='bbox 739 2555 794 2581; x_wconf 79' lang='grc' dir='ltr'><strong>Καὶ</strong></span> <span class='ocrx_word' id='word_1_778' title='bbox 811 2555 892 2590; x_wconf 71' lang='grc' dir='ltr'>ῥίψας</span> <span class='ocrx_word' id='word_1_779' title='bbox 914 2556 948 2582; x_wconf 72' lang='grc' dir='ltr'>τὰ</span> 
     </span>
    </p>
   </div>
   <div class='ocr_carea' id='block_1_103' title="bbox 167 2601 947 2637">
    <p class='ocr_par' dir='ltr' id='par_1_103' title="bbox 167 2601 947 2637">
     <span class='ocr_line' id='line_1_103' title="bbox 167 2601 947 2637; baseline -0.001 -9"><span class='ocrx_word' id='word_1_780' title='bbox 167 2601 288 2637; x_wconf 79' lang='grc' dir='ltr'>ἀργύρια</span> <span class='ocrx_word' id='word_1_781' title='bbox 303 2603 332 2628; x_wconf 79' lang='grc' dir='ltr'>ἐν</span> <span class='ocrx_word' id='word_1_782' title='bbox 347 2602 386 2637; x_wconf 85' lang='grc' dir='ltr'>τῷ</span> <span class='ocrx_word' id='word_1_783' title='bbox 398 2601 607 2637; x_wconf 50' lang='grc' dir='ltr'>ναῷηάπελθὼν</span> <span class='ocrx_word' id='word_1_784' title='bbox 623 2602 774 2637; x_wconf 80' lang='grc' dir='ltr'>ἀπήγξατο.</span> <span class='ocrx_word' id='word_1_785' title='bbox 801 2601 833 2628; x_wconf 84' lang='grc' dir='ltr'><strong>οι</strong></span> <span class='ocrx_word' id='word_1_786' title='bbox 847 2601 875 2628; x_wconf 78' lang='grc' dir='ltr'>δὲ</span> <span class='ocrx_word' id='word_1_787' title='bbox 897 2601 947 2636; x_wconf 83' lang='grc' dir='ltr'><strong>ἀρ-</strong></span> 
     </span>
    </p>
   </div>
   <div class='ocr_carea' id='block_1_104' title="bbox 158 2645 946 2685">
    <p class='ocr_par' dir='ltr' id='par_1_104' title="bbox 158 2645 946 2685">
     <span class='ocr_line' id='line_1_104' title="bbox 158 2645 946 2685; baseline -0.004 -9"><span class='ocrx_word' id='word_1_788' title='bbox 158 2650 262 2684; x_wconf 79' lang='grc' dir='ltr'>χιερεῖς</span> <span class='ocrx_word' id='word_1_789' title='bbox 277 2649 403 2679; x_wconf 68' lang='grc' dir='ltr'>λαϐόντες</span> <span class='ocrx_word' id='word_1_790' title='bbox 420 2649 453 2676; x_wconf 76' lang='grc' dir='ltr'>τὰ</span> <span class='ocrx_word' id='word_1_791' title='bbox 477 2648 607 2685; x_wconf 82' lang='grc' dir='ltr'>ἀργύρια,</span> <span class='ocrx_word' id='word_1_792' title='bbox 630 2645 717 2680; x_wconf 77' lang='grc' dir='ltr'>εἷπον,</span> <span class='ocrx_word' id='word_1_793' title='bbox 743 2657 752 2674; x_wconf 85' lang='grc'><strong><em>‹</em></strong></span> <span class='ocrx_word' id='word_1_794' title='bbox 770 2648 827 2674; x_wconf 73' lang='grc' dir='ltr'><strong>Οὐκ</strong></span> <span class='ocrx_word' id='word_1_795' title='bbox 843 2647 946 2679; x_wconf 77' lang='grc' dir='ltr'>ἔξεστιν</span> 
     </span>
    </p>
   </div>
   <div class='ocr_carea' id='block_1_105' title="bbox 159 2693 945 2730">
    <p class='ocr_par' dir='ltr' id='par_1_105' title="bbox 159 2693 945 2730">
     <span class='ocr_line' id='line_1_105' title="bbox 159 2693 945 2730; baseline 0 -9"><span class='ocrx_word' id='word_1_796' title='bbox 159 2697 227 2729; x_wconf 75' lang='grc' dir='ltr'>ἡμῖν</span> <span class='ocrx_word' id='word_1_797' title='bbox 240 2694 331 2730; x_wconf 72' lang='grc' dir='ltr'>βαλεῖν</span> <span class='ocrx_word' id='word_1_798' title='bbox 343 2695 414 2722; x_wconf 69' lang='grc' dir='ltr'>αὐτὰ</span> <span class='ocrx_word' id='word_1_799' title='bbox 423 2695 463 2726; x_wconf 74' lang='grc' dir='ltr'><strong>είς</strong></span> <span class='ocrx_word' id='word_1_800' title='bbox 474 2695 519 2721; x_wconf 64' lang='grc' dir='ltr'><strong>τόν</strong></span> <span class='ocrx_word' id='word_1_801' title='bbox 531 2694 676 2729; x_wconf 79' lang='grc' dir='ltr'>κορὸανὰν,</span> <span class='ocrx_word' id='word_1_802' title='bbox 693 2693 754 2721; x_wconf 77' lang='grc' dir='ltr'>ἐπεὶ</span> <span class='ocrx_word' id='word_1_803' title='bbox 769 2693 835 2729; x_wconf 83' lang='grc' dir='ltr'>τιμὴ</span> <span class='ocrx_word' id='word_1_804' title='bbox 860 2694 945 2728; x_wconf 86' lang='grc' dir='ltr'>αῖμα-</span> 
     </span>
    </p>
   </div>
   <div class='ocr_carea' id='block_1_106' title="bbox 197 2785 484 2819">
    <p class='ocr_par' dir='ltr' id='par_1_106' title="bbox 197 2785 484 2819">
     <span class='ocr_line' id='line_1_106' title="bbox 197 2785 484 2819; baseline -0.003 -6"><span class='ocrx_word' id='word_1_805' title='bbox 197 2786 221 2802; x_wconf 83' lang='grc'><strong>’⁸⁵</strong></span> <span class='ocrx_word' id='word_1_806' title='bbox 238 2785 336 2813; x_wconf 86' lang='lat' dir='ltr'><strong>Matth.</strong></span> <span class='ocrx_word' id='word_1_807' title='bbox 352 2794 423 2819; x_wconf 72' lang='lat' dir='ltr'><strong>xxvt,</strong></span> <span class='ocrx_word' id='word_1_808' title='bbox 443 2785 484 2812; x_wconf 78' lang='lat' dir='ltr'><strong>l5.</strong></span> 
     </span>
    </p>
   </div>
   <div class='ocr_carea' id='block_1_107' title="bbox 995 2195 1777 2230">
    <p class='ocr_par' dir='ltr' id='par_1_107' title="bbox 995 2195 1777 2230">
     <span class='ocr_line' id='line_1_107' title="bbox 995 2195 1777 2230; baseline 0 -8"><span class='ocrx_word' id='word_1_809' title='bbox 995 2200 1070 2228; x_wconf 88' lang='lat' dir='ltr'><strong>runt,</strong></span> <span class='ocrx_word' id='word_1_810' title='bbox 1089 2196 1163 2223; x_wconf 71' lang='lat' dir='ltr'><strong>«Non</strong></span> <span class='ocrx_word' id='word_1_811' title='bbox 1176 2195 1238 2223; x_wconf 91' lang='lat' dir='ltr'><strong>licet</strong></span> <span class='ocrx_word' id='word_1_812' title='bbox 1252 2203 1312 2223; x_wconf 87' lang='lat' dir='ltr'><strong>eam</strong></span> <span class='ocrx_word' id='word_1_813' title='bbox 1324 2203 1425 2230; x_wconf 88' lang='lat' dir='ltr'><strong>ponere</strong></span> <span class='ocrx_word' id='word_1_814' title='bbox 1439 2196 1467 2222; x_wconf 93' lang='lat' dir='ltr'><strong>in</strong></span> <span class='ocrx_word' id='word_1_815' title='bbox 1478 2196 1637 2228; x_wconf 76' lang='lat' dir='ltr'><strong>corbonam,</strong></span> <span class='ocrx_word' id='word_1_816' title='bbox 1649 2196 1777 2230; x_wconf 87' lang='lat' dir='ltr'><strong>quoniam</strong></span> 
     </span>
    </p>
   </div>
   <div class='ocr_carea' id='block_1_108' title="bbox 993 2241 1778 2277">
    <p class='ocr_par' dir='ltr' id='par_1_108' title="bbox 993 2241 1778 2277">
     <span class='ocr_line' id='line_1_108' title="bbox 993 2241 1778 2277; baseline 0.001 -10"><span class='ocrx_word' id='word_1_817' title='bbox 993 2241 1110 2277; x_wconf 87' lang='lat' dir='ltr'><strong>pretium</strong></span> <span class='ocrx_word' id='word_1_818' title='bbox 1125 2241 1264 2275; x_wconf 80' lang='lat' dir='ltr'><strong>sanguinis</strong></span> <span class='ocrx_word' id='word_1_819' title='bbox 1279 2245 1332 2268; x_wconf 84' lang='lat' dir='ltr'><strong>est.</strong></span> <span class='ocrx_word' id='word_1_820' title='bbox 1342 2250 1350 2266; x_wconf 77' lang='grc' dir='ltr'><strong>ι</strong></span> <span class='ocrx_word' id='word_1_821' title='bbox 1373 2241 1504 2268; x_wconf 85' lang='lat' dir='ltr'><strong>Emerunt</strong></span> <span class='ocrx_word' id='word_1_822' title='bbox 1519 2241 1601 2276; x_wconf 71' lang='lat' dir='ltr'><strong>igitur</strong></span> <span class='ocrx_word' id='word_1_823' title='bbox 1616 2243 1666 2268; x_wconf 84' lang='lat' dir='ltr'><strong>hac</strong></span> <span class='ocrx_word' id='word_1_824' title='bbox 1683 2249 1778 2277; x_wconf 79' lang='lat' dir='ltr'><strong>agrum</strong></span> 
     </span>
    </p>
   </div>
   <div class='ocr_carea' id='block_1_109' title="bbox 994 2286 1780 2321">
    <p class='ocr_par' dir='ltr' id='par_1_109' title="bbox 994 2286 1780 2321">
     <span class='ocr_line' id='line_1_109' title="bbox 994 2286 1780 2321; baseline 0.004 -9"><span class='ocrx_word' id='word_1_825' title='bbox 994 2286 1079 2321; x_wconf 73' lang='lat' dir='ltr'><strong>ﬁguli,</strong></span> <span class='ocrx_word' id='word_1_826' title='bbox 1094 2287 1122 2312; x_wconf 93' lang='lat' dir='ltr'><strong>in</strong></span> <span class='ocrx_word' id='word_1_827' title='bbox 1137 2286 1306 2320; x_wconf 84' lang='lat' dir='ltr'><strong>sepulturam</strong></span> <span class='ocrx_word' id='word_1_828' title='bbox 1324 2286 1546 2320; x_wconf 82' lang='lat' dir='ltr'><strong>peregrinorum.</strong></span> <span class='ocrx_word' id='word_1_829' title='bbox 1570 2287 1672 2314; x_wconf 78' lang='lat' dir='ltr'><strong>Milites</strong></span> <span class='ocrx_word' id='word_1_830' title='bbox 1688 2292 1780 2315; x_wconf 83' lang='lat' dir='ltr'><strong>autem</strong></span> 
     </span>
    </p>
   </div>
   <div class='ocr_carea' id='block_1_110' title="bbox 994 2331 1780 2367">
    <p class='ocr_par' dir='ltr' id='par_1_110' title="bbox 994 2331 1780 2367">
     <span class='ocr_line' id='line_1_110' title="bbox 994 2331 1780 2367; baseline 0.004 -9"><span class='ocrx_word' id='word_1_831' title='bbox 994 2332 1118 2367; x_wconf 53' lang='lat' dir='ltr'><strong>praesidis</strong></span> <span class='ocrx_word' id='word_1_832' title='bbox 1144 2335 1286 2366; x_wconf 89' lang='lat' dir='ltr'><strong>acceptum</strong></span> <span class='ocrx_word' id='word_1_833' title='bbox 1301 2331 1396 2359; x_wconf 86' lang='lat' dir='ltr'><strong>Jesum</strong></span> <span class='ocrx_word' id='word_1_834' title='bbox 1411 2337 1548 2359; x_wconf 84' lang='lat' dir='ltr'><strong>exuerunt</strong></span> <span class='ocrx_word' id='word_1_835' title='bbox 1578 2333 1701 2360; x_wconf 79' lang='lat' dir='ltr'><strong>vestibus</strong></span> <span class='ocrx_word' id='word_1_836' title='bbox 1712 2334 1780 2367; x_wconf 78' lang='lat' dir='ltr'><strong>suis,</strong></span> 
     </span>
    </p>
   </div>
   <div class='ocr_carea' id='block_1_111' title="bbox 997 2376 1779 2411">
    <p class='ocr_par' dir='ltr' id='par_1_111' title="bbox 997 2376 1779 2411">
     <span class='ocr_line' id='line_1_111' title="bbox 997 2376 1779 2411; baseline 0.001 -7"><span class='ocrx_word' id='word_1_837' title='bbox 997 2382 1025 2404; x_wconf 88' lang='lat' dir='ltr'><strong>et</strong></span> <span class='ocrx_word' id='word_1_838' title='bbox 1043 2378 1193 2404; x_wconf 87' lang='lat' dir='ltr'><strong>induerunt</strong></span> <span class='ocrx_word' id='word_1_839' title='bbox 1211 2376 1287 2403; x_wconf 91' lang='lat' dir='ltr'><strong>illum</strong></span> <span class='ocrx_word' id='word_1_840' title='bbox 1299 2377 1443 2411; x_wconf 78' lang='lat' dir='ltr'><strong>chlamyde</strong></span> <span class='ocrx_word' id='word_1_841' title='bbox 1461 2377 1605 2411; x_wconf 81' lang='lat' dir='ltr'><strong>probrosa,</strong></span> <span class='ocrx_word' id='word_1_842' title='bbox 1617 2382 1644 2405; x_wconf 90' lang='lat' dir='ltr'><strong>et</strong></span> <span class='ocrx_word' id='word_1_843' title='bbox 1658 2378 1779 2405; x_wconf 81' lang='lat' dir='ltr'><strong>abduxe-</strong></span> 
     </span>
    </p>
   </div>
   <div class='ocr_carea' id='block_1_112' title="bbox 1000 2421 1781 2456">
    <p class='ocr_par' dir='ltr' id='par_1_112' title="bbox 1000 2421 1781 2456">
     <span class='ocr_line' id='line_1_112' title="bbox 1000 2421 1781 2456; baseline 0 -8"><span class='ocrx_word' id='word_1_844' title='bbox 1000 2426 1142 2448; x_wconf 89' lang='lat' dir='ltr'><strong>runteum</strong></span> <span class='ocrx_word' id='word_1_845' title='bbox 1176 2422 1208 2448; x_wconf 87' lang='lat' dir='ltr'><strong>ad</strong></span> <span class='ocrx_word' id='word_1_846' title='bbox 1228 2429 1318 2456; x_wconf 80' lang='lat' dir='ltr'><strong>regem</strong></span> <span class='ocrx_word' id='word_1_847' title='bbox 1336 2421 1480 2449; x_wconf 87' lang='lat' dir='ltr'><strong>Herodem.</strong></span> <span class='ocrx_word' id='word_1_848' title='bbox 1510 2422 1544 2449; x_wconf 87' lang='lat' dir='ltr'><strong>Et</strong></span> <span class='ocrx_word' id='word_1_849' title='bbox 1574 2430 1636 2450; x_wconf 92' lang='lat' dir='ltr'><strong>cum</strong></span> <span class='ocrx_word' id='word_1_850' title='bbox 1668 2423 1781 2450; x_wconf 79' lang='lat' dir='ltr'><strong>vidisset</strong></span> 
     </span>
    </p>
   </div>
   <div class='ocr_carea' id='block_1_113' title="bbox 999 2466 1780 2505">
    <p class='ocr_par' dir='ltr' id='par_1_113' title="bbox 999 2466 1780 2505">
     <span class='ocr_line' id='line_1_113' title="bbox 999 2466 1780 2505; baseline 0.001 -12"><span class='ocrx_word' id='word_1_851' title='bbox 999 2467 1075 2494; x_wconf 91' lang='lat' dir='ltr'><strong>illum</strong></span> <span class='ocrx_word' id='word_1_852' title='bbox 1090 2466 1222 2500; x_wconf 82' lang='lat' dir='ltr'><strong>Herodes,</strong></span> <span class='ocrx_word' id='word_1_853' title='bbox 1239 2466 1346 2493; x_wconf 86' lang='lat' dir='ltr'><strong>remisit</strong></span> <span class='ocrx_word' id='word_1_854' title='bbox 1360 2467 1434 2493; x_wconf 91' lang='lat' dir='ltr'><strong>illum</strong></span> <span class='ocrx_word' id='word_1_855' title='bbox 1446 2467 1542 2494; x_wconf 86' lang='lat' dir='ltr'><strong>Pilato.</strong></span> <span class='ocrx_word' id='word_1_856' title='bbox 1557 2467 1607 2494; x_wconf 89' lang='lat' dir='ltr'><strong>llic</strong></span> <span class='ocrx_word' id='word_1_857' title='bbox 1619 2475 1683 2505; x_wconf 84' lang='lat' dir='ltr'><strong>vero</strong></span> <span class='ocrx_word' id='word_1_858' title='bbox 1694 2467 1780 2494; x_wconf 86' lang='lat' dir='ltr'><strong>inter-</strong></span> 
     </span>
    </p>
   </div>
   <div class='ocr_carea' id='block_1_114' title="bbox 998 2511 1777 2546">
    <p class='ocr_par' dir='ltr' id='par_1_114' title="bbox 998 2511 1777 2546">
     <span class='ocr_line' id='line_1_114' title="bbox 998 2511 1777 2546; baseline 0.001 -8"><span class='ocrx_word' id='word_1_859' title='bbox 998 2512 1105 2546; x_wconf 80' lang='lat' dir='ltr'><strong>rogavit</strong></span> <span class='ocrx_word' id='word_1_860' title='bbox 1120 2518 1169 2538; x_wconf 91' lang='lat' dir='ltr'><strong>eos</strong></span> <span class='ocrx_word' id='word_1_861' title='bbox 1189 2511 1295 2544; x_wconf 82' lang='lat' dir='ltr'><strong>dicens,</strong></span> <span class='ocrx_word' id='word_1_862' title='bbox 1316 2511 1400 2544; x_wconf 66' lang='lat' dir='ltr'><strong>«Quid</strong></span> <span class='ocrx_word' id='word_1_863' title='bbox 1412 2512 1503 2539; x_wconf 85' lang='lat' dir='ltr'><strong>dicitis</strong></span> <span class='ocrx_word' id='word_1_864' title='bbox 1516 2512 1548 2539; x_wconf 78' lang='lat' dir='ltr'><strong>de</strong></span> <span class='ocrx_word' id='word_1_865' title='bbox 1566 2512 1679 2539; x_wconf 87' lang='lat' dir='ltr'><strong>homine</strong></span> <span class='ocrx_word' id='word_1_866' title='bbox 1694 2512 1777 2539; x_wconf 68' lang='lat' dir='ltr'><strong>isto?»</strong></span> 
     </span>
    </p>
   </div>
   <div class='ocr_carea' id='block_1_115' title="bbox 1001 2556 1780 2591">
    <p class='ocr_par' dir='ltr' id='par_1_115' title="bbox 1001 2556 1780 2591">
     <span class='ocr_line' id='line_1_115' title="bbox 1001 2556 1780 2591; baseline 0.003 -9"><span class='ocrx_word' id='word_1_867' title='bbox 1001 2557 1035 2583; x_wconf 84' lang='lat' dir='ltr'><strong>At</strong></span> <span class='ocrx_word' id='word_1_868' title='bbox 1048 2556 1087 2583; x_wconf 92' lang='lat' dir='ltr'><strong>illi</strong></span> <span class='ocrx_word' id='word_1_869' title='bbox 1102 2556 1230 2583; x_wconf 81' lang='lat' dir='ltr'><strong>dixerunt</strong></span> <span class='ocrx_word' id='word_1_870' title='bbox 1245 2564 1252 2584; x_wconf 89' lang='lat'><strong>:</strong></span> <span class='ocrx_word' id='word_1_871' title='bbox 1273 2565 1282 2582; x_wconf 72' lang='grc' dir='ltr'><strong>ε</strong></span> <span class='ocrx_word' id='word_1_872' title='bbox 1302 2556 1436 2591; x_wconf 78' lang='lat' dir='ltr'><strong>Cruciﬁge</strong></span> <span class='ocrx_word' id='word_1_873' title='bbox 1452 2557 1546 2584; x_wconf 93' lang='lat' dir='ltr'><strong>illum.</strong></span> <span class='ocrx_word' id='word_1_874' title='bbox 1567 2566 1577 2583; x_wconf 73' lang='grc' dir='ltr'><strong>ι</strong></span> <span class='ocrx_word' id='word_1_875' title='bbox 1597 2557 1700 2584; x_wconf 82' lang='lat' dir='ltr'><strong>Pilatus</strong></span> <span class='ocrx_word' id='word_1_876' title='bbox 1717 2564 1780 2584; x_wconf 86' lang='lat' dir='ltr'><strong>vero</strong></span> 
     </span>
    </p>
   </div>
   <div class='ocr_carea' id='block_1_116' title="bbox 1001 2601 1779 2637">
    <p class='ocr_par' dir='ltr' id='par_1_116' title="bbox 1001 2601 1779 2637">
     <span class='ocr_line' id='line_1_116' title="bbox 1001 2601 1779 2637; baseline 0.001 -9"><span class='ocrx_word' id='word_1_877' title='bbox 1001 2601 1090 2636; x_wconf 91' lang='lat' dir='ltr'><strong>inquit</strong></span> <span class='ocrx_word' id='word_1_878' title='bbox 1104 2610 1111 2628; x_wconf 87' lang='lat'><strong>:</strong></span> <span class='ocrx_word' id='word_1_879' title='bbox 1133 2611 1142 2628; x_wconf 73' lang='grc' dir='ltr'><strong>ι</strong></span> <span class='ocrx_word' id='word_1_880' title='bbox 1160 2601 1194 2629; x_wconf 89' lang='lat' dir='ltr'><strong>Et</strong></span> <span class='ocrx_word' id='word_1_881' title='bbox 1208 2602 1341 2637; x_wconf 83' lang='lat' dir='ltr'><strong>quidnam</strong></span> <span class='ocrx_word' id='word_1_882' title='bbox 1356 2603 1419 2629; x_wconf 91' lang='lat' dir='ltr'><strong>mali</strong></span> <span class='ocrx_word' id='word_1_883' title='bbox 1432 2602 1518 2630; x_wconf 79' lang='lat' dir='ltr'><strong>fecit?</strong></span> <span class='ocrx_word' id='word_1_884' title='bbox 1532 2612 1541 2628; x_wconf 74' lang='grc' dir='ltr'><strong>ι</strong></span> <span class='ocrx_word' id='word_1_885' title='bbox 1562 2603 1596 2630; x_wconf 89' lang='lat' dir='ltr'><strong>At</strong></span> <span class='ocrx_word' id='word_1_886' title='bbox 1609 2603 1647 2630; x_wconf 90' lang='lat' dir='ltr'><strong>illi</strong></span> <span class='ocrx_word' id='word_1_887' title='bbox 1660 2603 1756 2630; x_wconf 87' lang='lat' dir='ltr'><strong>dicunt</strong></span> <span class='ocrx_word' id='word_1_888' title='bbox 1771 2610 1779 2629; x_wconf 83' lang='lat'><strong>:</strong></span> 
     </span>
    </p>
   </div>
   <div class='ocr_carea' id='block_1_117' title="bbox 1003 2647 1776 2683">
    <p class='ocr_par' dir='ltr' id='par_1_117' title="bbox 1003 2647 1776 2683">
     <span class='ocr_line' id='line_1_117' title="bbox 1003 2647 1776 2683; baseline -0.003 -8"><span class='ocrx_word' id='word_1_889' title='bbox 1003 2657 1013 2674; x_wconf 86' lang='grc'><strong>‹</strong></span> <span class='ocrx_word' id='word_1_890' title='bbox 1030 2648 1193 2683; x_wconf 89' lang='lat' dir='ltr'><strong>Obloquitur</strong></span> <span class='ocrx_word' id='word_1_891' title='bbox 1204 2648 1315 2681; x_wconf 73' lang='lat' dir='ltr'><strong>Caasari,</strong></span> <span class='ocrx_word' id='word_1_892' title='bbox 1331 2653 1359 2676; x_wconf 86' lang='lat' dir='ltr'><strong>et</strong></span> <span class='ocrx_word' id='word_1_893' title='bbox 1371 2649 1492 2683; x_wconf 88' lang='lat' dir='ltr'><strong>seipsum</strong></span> <span class='ocrx_word' id='word_1_894' title='bbox 1505 2648 1572 2675; x_wconf 89' lang='lat' dir='ltr'><strong>dicit</strong></span> <span class='ocrx_word' id='word_1_895' title='bbox 1587 2648 1634 2676; x_wconf 89' lang='lat' dir='ltr'><strong>Dei</strong></span> <span class='ocrx_word' id='word_1_896' title='bbox 1651 2647 1776 2675; x_wconf 66' lang='lat' dir='ltr'><strong>FiliumJ</strong></span> 
     </span>
    </p>
   </div>
   <div class='ocr_carea' id='block_1_118' title="bbox 1001 2688 1778 2722">
    <p class='ocr_par' dir='ltr' id='par_1_118' title="bbox 1001 2688 1778 2722">
     <span class='ocr_line' id='line_1_118' title="bbox 1001 2688 1778 2722; baseline -0.003 -1"><span class='ocrx_word' id='word_1_897' title='bbox 1001 2693 1034 2721; x_wconf 86' lang='lat' dir='ltr'><strong>Et</strong></span> <span class='ocrx_word' id='word_1_898' title='bbox 1051 2694 1091 2722; x_wconf 86' lang='lat' dir='ltr'><strong>sic</strong></span> <span class='ocrx_word' id='word_1_899' title='bbox 1109 2693 1310 2722; x_wconf 87' lang='lat' dir='ltr'><strong>conturbabant</strong></span> <span class='ocrx_word' id='word_1_900' title='bbox 1322 2694 1450 2722; x_wconf 68' lang='lat' dir='ltr'><strong>Pilatum.</strong></span> <span class='ocrx_word' id='word_1_901' title='bbox 1478 2693 1528 2722; x_wconf 85' lang='lat' dir='ltr'><strong>llic</strong></span> <span class='ocrx_word' id='word_1_902' title='bbox 1551 2701 1617 2722; x_wconf 87' lang='lat' dir='ltr'><strong>vero</strong></span> <span class='ocrx_word' id='word_1_903' title='bbox 1646 2688 1778 2722; x_wconf 80' lang='lat' dir='ltr'><strong>voluntati</strong></span> 
     </span>
    </p>
   </div>
  </div>
