1946 3081
175 111 230 147 467

784 122 948 154 ΙΟΑΝΝῙΞ
968 123 1231 155 CANTA‘CUZ‘ENI

1735 126 1790 159 5'68

173 170 284 199 illorum
299 172 499 207 satisfacturus,
512 178 621 210 accepta
633 183 701 210 aqua
713 183 803 204 coram
815 177 942 204 omnibus

1005 177 1050 208 τός
1061 178 1144 206 ἐστιν.
1165 189 1173 205 ι
1201 179 1353 214 ’Πγόρασαν
1370 179 1456 206 τοίνυν
1472 179 1502 212 ἐξ
1528 179 1617 207 αὐτῶν
1631 179 1676 207 τδν
1702 180 1787 217 ἀγρὸν

173 225 268 245 manus
277 218 364 246 abluit
375 219 470 247 dicens
485 229 494 248 :
509 221 651 249 tl‘nnoxius
663 229 711 256 ego
723 230 782 249 sum
796 231 810 249 a
821 222 953 256 sanguine

170 260 239 297 justi
255 263 355 298 hujus;
387 272 436 292 vos
461 265 595 293 videritis.
614 275 622 291 ι
643 266 683 293 illi
711 274 776 293 vero
798 266 951 293 dixerunt:

176 318 185 333 ι
200 307 316 343 Sanguis
329 310 388 344 ejus
401 317 484 345 super
500 318 549 338 nos
563 331 569 342 ,
595 317 621 338 et
633 319 715 346 super
729 311 798 339 filios
813 316 948 339 nostros.»

173 351 205 378 Et
221 358 285 380 tunc
299 354 409 381 tradidit
424 355 518 382 Iesum
531 356 674 388 militibus,
691 361 721 383 ut
735 357 950 392 cruciﬁgeretur.

172 396 213 423 lili
226 405 291 424 vero
307 406 366 424 cum
383 401 563 434 accepissent,
577 401 616 428 illi
630 401 785 434 illuserunt‘,
797 405 823 428 et
834 408 951 435 exspue-

173 449 238 470 runt
257 443 284 470 in
302 443 399 471 facienti
414 445 483 480 ejus,
516 449 544 472 et
561 445 767 481 ﬂagellaverunt
782 454 855 478 eum,
884 446 950 481 quin

171 492 199 515 ct
214 490 380 517 vestimenta
396 490 469 518 illius
485 491 652 519 diviserunt.
680 491 811 519 Gcstabat
827 499 892 518 vero
910 497 951 518 tu-

171 533 260 561 nicam
281 535 487 569 inconsutilcm,
503 545 586 572 super
603 545 683 573 quam
697 538 822 572 jecerunt
836 543 950 569 sortem,

170 579 297 612 quisnam
312 581 384 608 illam
402 582 550 617 acciperet.
582 583 693 610 Etcum
719 584 778 610 lucc
809 583 949 615 fecissent,

170 624 347 653 abduxerunt
360 626 454 654 J‘esum
469 627 502 654 ad
520 628 736 663 crnciligendum
751 628 839 655 illum.
863 628 951 655 Dede-

171 675 235 697 runt
260 671 343 698 etiam
374 672 412 699 illi
428 677 534 707 potum,
560 673 623 701 felle
640 674 750 700 mistum
780 677 899 704 acetum,
922 679 949 700 et

170 715 366 744 eruciﬁxerunt
378 725 453 744 cum.
469 717 503 744 Et
513 718 710 746 obtenebratus
725 722 767 746 est
781 719 820 746 sol
831 718 865 746 ab
882 719 947 745 liora

171 761 250 787 tertia
267 769 352 796 usque
370 763 401 790 ad
418 763 512 791 horam
526 772 642 798 nonam;
672 769 700 792 et
716 765 783 792 bora
798 773 870 792 nnna
881 759 948 792 emi:

170 805 207 832 sit
222 806 348 840 spiritum
362 827 369 839 ,
386 809 539 837 astantibus
553 809 633 836 simul
660 810 735 837 cruci
751 814 843 836 sancta
861 814 947 836 matre

170 851 265 885 ipsius,
282 855 312 879 et
324 860 378 880 uno
390 853 585 888 discipulorum
599 854 714 882 Ioanne.
745 854 853 890 Reliqui
881 862 947 882 vero

170 896 296 931 discipuli
311 904 406 924 omnes
418 898 592 933 aufugerunt,
609 903 637 925 et
662 899 800 926 latuerunt
822 900 947 926 absconsi

170 948 226 973 pra:
252 941 350 968 timore
375 950 435 970 suo.
460 943 494 970 Et
520 944 654 971 accedens
679 944 789 979 quidam
819 944 946 976 militum,

169 987 263 1014 lancea
278 988 395 1022 perfodit
413 989 485 1016 latus
510 989 609 1024 ipsius.
634 990 732 1018 Postea
756 990 870 1017 veniens
886 990 948 1024 (ιιιὶ-

169 1032 230 1059 dem
242 1033 416 1068 optimatum,
432 1035 532 1070 Joseplt
547 1035 676 1070 nomine,
703 1044 718 1064 a
733 1037 821 1064 Pilato
848 1043 949 1070 corpus

167 1077 268 1105 Christi
287 1080 385 1113 petiit;
414 1084 442 1107 et
456 1081 598 1116 deponens
611 1081 691 1114 illud,
707 1081 852 1116 adjuvante
866 1080 948 1108 simul

169 1124 224 1151 alio
237 1125 368 1159 quodam,
394 1125 544 1154 Nicodemo
561 1127 678 1161 scilicet,
704 1127 819 1154 involvit
835 1126 948 1153 sindone

167 1175 195 1196 et
212 1171 328 1205 myrrha:
353 1171 411 1199 fere
426 1172 504 1200 libris
518 1177 639 1206 centum,
664 1177 745 1208 prout
762 1180 820 1199 mos
847 1176 889 1199 est
902 1172 949 1199 Ju—

168 1215 234 1243 daais
247 1217 375 1251 sepelire.
406 1217 509 1245 Nactus
523 1226 587 1246 vero
605 1219 760 1253 sepulcrum
776 1218 900 1245 excisum
919 1218 947 1244 in

170 1265 256 1295 petra,
268 1262 394 1296 sepelivit
408 1263 593 1298 corpuchsu,
604 1268 633 1291 et
642 1264 817 1298 imposuitilli
832 1265 947 1299 lapidem

168 1307 247 1334 valde
263 1315 400 1342 magnum.
414 1308 539 1336 Crastina
554 1313 644 1337 autem
661 1310 705 1338 die
722 1311 819 1338 seribze
834 1315 861 1338 ct
880 1311 949 1338 Pha-

169 1353 238 1380 rismi
250 1354 390 1382 venientes
407 1355 440 1382 ad
453 1355 569 1383 Pilatum
580 1356 708 1384 dixerunt
720 1357 760 1384 illi
775 1364 781 1382 :
805 1357 947 1388 «Domine.

171 1400 306 1427 recordati
326 1409 432 1434 sumus,
451 1402 525 1436 quod
539 1402 672 1438 impostor
690 1403 735 1430 hic
749 1403 844 1431 vivens
859 1403 950 1431 adhuc

169 1445 279 1478 dixerit,
297 1454 327 1474 se
347 1452 409 1481 post
426 1447 485 1475 dies
498 1452 554 1476 tres
567 1453 797 1476 resurrecturum.
814 1449 883 1478 Jube
899 1449 948 1484 igi-

1000 225 1051 252 τοῦ
1066 227 1208 261 κεραμέως
1221 227 1259 259 είς
1278 227 1364 263 ταφὴν
1384 228 1439 259 τοῖς
1452 228 1548 261 ξένοις.
1562 229 1593 255 Ol
1605 229 1633 255 δὲ
1655 229 1786 263 στρατιῶ-

1002 280 1045 297 ται
1061 272 1106 298 τοῦ
1122 272 1251 306 ἡγεμόνος
1266 273 1464 308 παραλαϐόντες
1475 274 1520 300 τδν
1538 274 1787 309 ’1ησοῦν,ὲξέδυσαν

1003 316 1083 343 αὗτὶν
1099 315 1132 342 τὰ
1146 316 1239 351 ἱμάτια
1254 316 1347 350 αὐτοῦ,
1363 318 1409 344 καὶ
1421 317 1548 344 ἐνέδυσαν
1562 318 1641 344 αὑτὸν
1661 318 1786 352 χλαμῠεα

1002 361 1117 396 ὕϐρεως,
1137 362 1182 388 καὶ
1198 362 1339 396 ἀπήγαγον
1354 362 1433 389 αὑτὸν
1446 364 1486 394 εις
1499 363 1543 390 τὸν
1558 363 1668 398 βασιλέα
1697 363 1785 398 Ἣρὼ-

1002 407 1062 442 δην.
1079 408 1134 433 Καὶ
1151 407 1212 434 ἰδὼν
1237 409 1319 435 αὑτὸν
1333 408 1347 434 ό
1379 408 1512 443 Ἡρώδης.
1532 409 1613 435 πάλιν
1640 409 1783 435 ἀπέστειλε

1001 452 1093 478 τοῦτον
1106 452 1144 487 τῷ
1159 453 1276 488 Πιλάτῳ,
1297 454 1325 480 '0
1341 453 1369 480 δὲ
1394 454 1507 485 Πιλᾶτος
1525 453 1666 488 ἠρώτησεν
1680 453 1783 484 αὐτοὺς

1001 497 1099 529 είπὼν,
1114 507 1123 523 ι
1140 497 1172 523 Τί
1190 498 1280 532 λέγετε
1299 501 1362 532 περὶ
1378 498 1425 524 τοῦ
1439 498 1581 533 ἀνθρώπου
1595 498 1689 524 τούτου
1700 506 1709 532 ;
1722 507 1730 523 ι
1750 498 1782 523 0i

1000 542 1028 568 δὲ
1044 540 1131 573 εἷπον,
1146 551 1154 567 ι
1171 543 1330 578 Σταύρωσον
1349 544 1438 570 αὐτόν.
1455 553 1464 570 ι
1483 545 1537 570 Καὶ
1550 544 1564 570 ὁ
1579 544 1702 574 Πιλᾶτος,
1722 552 1731 568 ι
1749 542 1784 568 Τί

1000 587 1053 623 γὰρ
1066 588 1150 615 κακὸν
1161 589 1285 623 ἐποίησεν
1298 585 1374 621 οὗτος
1386 598 1393 621 ;
1410 598 1420 614 ι
1438 590 1469 616 οι
1482 589 1510 615 δὲ
1527 589 1628 623 ἔλεγον,
1647 598 1656 614 ι
1667 588 1785 615 Ἀντιλέ-

1000 640 1043 665 γει
1059 633 1096 668 τῷ
1109 633 1238 667 Καίσαρι,
1255 633 1301 660 καὶ
1312 634 1376 660 Υῐδν
1396 634 1464 660 Θεοῦ
1491 635 1585 661 ἑαυτὸν
1605 634 1684 660 ποιεῖ.
1700 642 1709 658 ι
1727 633 1783 659 Καὶ

1000 677 1101 712 ῶχλουν
1121 678 1166 704 τὸν
1185 678 1309 706 Πιλᾶτον.
1331 678 1361 706 '0
1383 679 1412 705 δὲ
1440 679 1600 714 βουλόμενος
1625 679 1735 714 ποιῆσαι
1751 678 1783 704 τδ

1001 722 1104 756 θέλημα
1123 722 1221 755 αὐτῶν,
1235 722 1325 749 λαϐὼν
1341 722 1423 758 ὕδωρ,
1447 724 1595 758 ἀπενίψατο
1621 723 1777 758 ἔμπροσθεν

1000 768 1118 800 πάντων,
1133 767 1228 801 είπὼν,
1247 777 1256 794 ι
1277 768 1377 800 Ἀθῶός
1389 770 1446 803 εἶμι
1461 769 1515 803 ὲγῶ
1527 769 1579 796 ἀπδ
1604 769 1650 795 τοῦ
1666 769 1781 803 αῐματος

999 810 1045 840 τῦ
1055 813 1156 839 δικαίου
1172 813 1278 840 τούτου·
1294 814 1371 849 ὑμεῖς
1386 813 1493 848 ὄψεσθε.
1517 824 1526 840 ι
1540 815 1570 840 Οἱ
1583 814 1610 840 δὲ
1623 812 1708 845 εἷπον,
1725 823 1734 839 ι
1744 813 1783 840 Τδ

999 856 1069 892 αἷμα
1085 858 1167 884 αὐτοῦ
1183 858 1314 893 ἐφ’ήμᾶς
1341 859 1387 885 καλ¹
1416 859 1463 885 ἐπὶ
1488 859 1522 885 τὰ
1550 859 1631 885 τέκνα
1662 858 1750 894 ήμῶν.
1767 868 1779 884 ι

999 903 1065 929 Τότε
1081 903 1223 937 παρέδωκε
1251 903 1296 930 τήν
1316 903 1418 939 Ἰησοῦν
1443 905 1499 935 τοῖς
1523 903 1714 937 στρατιώταις,
1735 903 1781 930 ἵνα

999 948 1153 983 σταυρωθῇ.
1177 949 1207 975 Οἱ
1235 948 1262 974 δὲ
1294 948 1496 983 παραλαϐόντες
1527 949 1618 982 αὑτὸν,
1636 949 1782 981 ἐνέπαιξαν

999 993 1083 1028 αὐτῷ,
1100 995 1148 1021 καὶ
1164 993 1315 1020 ἐνέπτυσαν
1330 995 1368 1025 είς
1390 995 1419 1020 τὸ
1446 995 1590 1029 πρόσωπον
1619 994 1711 1025 αὑτοῦ,
1733 994 1782 1020 καὶ

998 1037 1189 1073 ἐμαστίγωσαν
1205 1038 1286 1065 αὐτόν
1299 1046 1306 1054 ·
1324 1039 1486 1073 ἐμερίσαντο
1507 1039 1534 1065 δὲ
1564 1039 1610 1074 καὶ
1624 1039 1657 1065 τὰ
1682 1039 1781 1073 ἱμάτια

997 1084 1103 1111 τούτου.
1126 1084 1233 1119 Ἐφόρει
1244 1084 1272 1110 δὲ
1287 1084 1333 1110 καὶ
1349 1084 1451 1119 χιτῶνα
1467 1084 1599 1119 ἄρῥαφον,
1617 1084 1734 1118 ὑφαντὺν
1745 1084 1781 1111 δι’

997 1130 1069 1161 ὅλου,
1081 1130 1127 1156 καὶ
1139 1129 1202 1164 περὶ
1216 1129 1322 1156 ἐκείνου
1351 1130 1445 1156 ἔϐαλον
1456 1129 1567 1164 κλῆρον,
1585 1130 1659 1161 ποῖος
1689 1129 1782 1164 μέλλει

998 1175 1091 1202 λαϐεῖν
1108 1175 1201 1203 αὐτόν.
1218 1176 1272 1203 Καὶ
1284 1175 1369 1202 ταῦτα
1388 1175 1560 1210 ποιήσαντες,
1573 1176 1714 1209 ἀπήγαγον
1735 1175 1783 1201 τδν

1004 1220 1118 1255 Ἰησοῦν,
1131 1220 1173 1247 ἵνα
1188 1221 1339 1256 σταυρῶσιν
1354 1220 1445 1248 αὐτόν.
1467 1220 1610 1247 Ἔπότισαν
1621 1219 1686 1254 γοῦν
1699 1219 1783 1246 αὐτόν

998 1266 1045 1292 καὶ
1059 1265 1119 1299 ὅξος
1133 1265 1202 1300 μετὰ
1218 1265 1299 1301 χολῆς
1326 1265 1505 1301 μεμιγμένον,
1532 1266 1580 1292 καὶ
1605 1264 1784 1298 ἐσταύρωσαν

998 1311 1089 1338 αὐτόν.
1104 1311 1156 1337 Καὶ
1169 1310 1311 1345 ἐσκοτίσθη
1338 1311 1352 1337 ό
1372 1310 1446 1345 ἣλιος
1459 1310 1512 1336 ἀπὸ
1528 1310 1602 1343 ὥρας
1615 1309 1711 1344 τρίτης
1727 1309 1782 1340 ἕως

998 1355 1072 1390 ὥρας
1088 1355 1211 1389 ὲννάτης,
1227 1355 1274 1382 καὶ
1287 1356 1320 1390 τῇ
1329 1355 1426 1390 ὲννάτῃ
1438 1355 1496 1390 ὥρᾳ
1506 1354 1635 1387 ἀπέθανε,
1649 1363 1783 1389 παριστα-

1000 1400 1089 1435 μένων
1104 1401 1133 1427 ὲν
1145 1400 1184 1439 τῷ
1204 1401 1314 1436 σταυρῷ
1345 1401 1394 1435 τῆς
1411 1409 1440 1426 τε
1466 1401 1545 1434 ἁγίας
1568 1400 1650 1426 αὑτοῦ
1678 1400 1780 1434 μητρὸς

998 1448 1045 1474 καὶ
1058 1447 1117 1479 ἐνὸς
1128 1449 1160 1474 ὲκ
1175 1448 1228 1474 τῶν
1248 1447 1375 1482 μαθητῶν
1391 1448 1471 1474 αὐτοῦ
1483 1447 1529 1474 τοῦ
1548 1447 1681 1474 Ἰωάννου.
1701 1447 1732 1473 Οἱ
1751 1447 1782 1473 δὲ

169 1497 214 1518 tur
229 1491 331 1519 muniri
351 1494 506 1528 sepulcrum
527 1501 614 1528 usque
635 1494 668 1521 ad
682 1494 753 1521 diem
766 1494 896 1528 tertium;
911 1502 945 1522 ne

999 1493 1073 1519 ἄλλοι
1086 1493 1206 1528 μαθηταὶ
1220 1493 1301 1519 αὑτοῦ
1320 1493 1419 1526 ἓτρυγον
1434 1494 1543 1525 πάντες,
1557 1493 1604 1519 καὶ
1624 1492 1784 1527 ὲκρὺὃησαν

168 1538 238 1566 forte
261 1538 388 1573 discipuli
415 1538 490 1566 illius
505 1540 648 1568 venientes
661 1540 787 1568 furentur
801 1541 887 1574 illum,
918 1545 947 1568 et

166 1583 259 1610 dicant
278 1584 379 1618 populo
405 1583 477 1618 quod
505 1585 655 1612 surrexerit
677 1592 691 1612 a
706 1585 832 1617 mortuis.
853 1590 880 1613 et
907 1585 946 1613 sic

166 1636 242 1655 error
256 1633 410 1664 postremus
427 1628 546 1656 deterior
561 1630 594 1656 sit
608 1629 708 1664 priori.
718 1639 727 1656 ›
739 1629 810 1656 Dixit
820 1629 924 1657 Pilatus
936 1637 944 1656 :

169 1683 179 1700 ι
197 1674 308 1701 llabetis
333 1674 495 1706 custodiam,
523 1674 596 1702 abite
613 1679 640 1702 et
663 1675 799 1703 custodite
813 1680 944 1710 quantum

167 1721 291 1755 potestis.
306 1721 340 1746 lli
350 1723 440 1747 autent
457 1720 570 1754 profecti
592 1722 944 1756 niuniveruntscpulcrum,

165 1766 339 1801 obsignantes
352 1765 468 1799 lapidem
481 1773 534 1792 una
544 1773 605 1792 cum
620 1766 742 1793 custodia
754 1776 763 1791 ι
775 1767 944 1800 (custodiam

166 1816 258 1838 autem
290 1811 340 1838 hoc
365 1810 426 1837 loco
455 1814 571 1837 turmam
590 1811 708 1838 militum
725 1811 880 1846 intelligas).
911 1811 945 1838 Et

167 1856 248 1884 tertio
267 1856 313 1883 die
322 1855 412 1883 factus
425 1860 467 1882 est
479 1859 559 1883 terra:
570 1862 661 1883 motus
675 1864 806 1891 magnus.
821 1862 849 1884 et
864 1857 945 1884 devo-

166 1904 241 1930 lutus
251 1906 292 1929 est
306 1901 377 1935 lapis
401 1901 434 1928 de
450 1901 588 1939 sepulcro,
609 1906 637 1928 et
658 1902 758 1929 milites
774 1910 828 1936 prae
846 1904 944 1931 timore

167 1947 284 1975 mortuis
294 1951 358 1974 sunt
376 1946 480 1973 similes
494 1946 569 1973 facti.
584 1945 710 1974 Christus
721 1952 811 1974 autem
827 1950 944 1976 surrexit

165 2001 180 2018 ο
195 1991 334 2025 sepulcro.
367 1990 467 2017 Milites
482 1998 546 2018 vero
567 1990 681 2025 profecti
712 1993 944 2020 annuntiaverunt

165 2035 335 2071 principibus
344 2036 515 2062 sacerdotum
529 2035 668 2063 etScribis
693 2036 783 2063 omnia
799 2045 860 2071 quae
873 2038 943 2066 facta

167 2082 290 2113 fuerant;
307 2084 335 2107 et
348 2080 485 2107 dederunt
506 2080 561 2107 illis
576 2081 718 2115 pontiﬁces
742 2082 884 2116 pecuniam
899 2089 944 2109 co-

166 2126 282 2160 piosam,
295 2125 418 2153 dicentes
432 2125 496 2158 illis,
515 2125 618 2152 «Dicite
630 2126 701 2160 quod
715 2126 793 2153 vobis
804 2126 942 2153 dormien-

997 1538 1051 1566 ἀπὸ
1065 1538 1112 1565 τοῦ
1124 1540 1208 1573 φόῆου
1223 1539 1322 1566 αὐτῶν.
1339 1540 1393 1567 Καὶ
1411 1539 1496 1566 ἐλθὼν
1511 1537 1549 1571 εἷς
1560 1539 1618 1566 τῶν
1645 1537 1781 1572 στρατιω-

997 1584 1049 1610 τῶν
1069 1585 1135 1619 μετᾶ
1151 1584 1253 1618 ξίφους,
1267 1585 1358 1617 ἔνυξεν
1371 1585 1453 1612 αὑτοῦ
1464 1585 1512 1620 τὴν
1526 1585 1654 1619 πλευράν.
1678 1583 1781 1610 Ἐλθὼν

996 1630 1023 1656 δὲ
1035 1627 1074 1661 εἷς
1086 1629 1140 1656 τῶν
1164 1630 1312 1664 ἀρχόντων,
1353 1630 1453 1665 Ἰωσὴφ
1473 1630 1686 1665 ὀνομαζόμενος,
1714 1630 1782 1664 ᾐτή-

998 1683 1063 1701 σατο
1073 1675 1103 1701 τὸ
1115 1674 1194 1709 σῶμα
1210 1674 1257 1701 τοῦ
1270 1675 1388 1710 Χριστοῦ
1406 1676 1444 1710 τῷ
1454 1675 1571 1710 Πιλάτῳ,
1585 1675 1630 1702 καὶ
1659 1675 1783 1701 καθελὼν

996 1719 1075 1745 τοῦτο
1088 1719 1199 1745 ἀπὸτοῦ
1216 1720 1335 1755 σταυροῦ
1359 1721 1429 1754 μετὰ
1455 1721 1502 1747 καὶ
1527 1720 1632 1755 ἑτέρου,
1660 1719 1782 1754 τοῦνομα

995 1763 1162 1798 Νικοδήμου,
1178 1764 1298 1799 ὲνείλησε
1320 1764 1389 1798 μετὰ
1417 1765 1546 1796 σινδόνος,
1568 1763 1615 1791 ι.οέ
1644 1763 1781 1798 σμύρνης,

995 1809 1060 1835 ὡσεὶ
1073 1809 1171 1844 λιτρῶν
1184 1810 1290 1837 ἑκατόν.
1304 1809 1382 1836 Οὕτω
1396 1810 1449 1845 γὰρ
1464 1807 1497 1845 ἦν
1514 1809 1572 1841 ἔθος
1585 1810 1640 1840 τοῖς
1669 1809 1782 1835 Ἰουδαί-

995 1862 1035 1885 οις
1047 1855 1113 1889 μετὰ
1125 1855 1247 1889 σμύρνης
1262 1855 1442 1890 ἐνταφιάζειν.
1456 1855 1550 1891 Eupth
1558 1855 1585 1882 δὲ
1594 1855 1640 1881 καὶ
1648 1863 1699 1889 μνη
1705 1856 1784 1888 μεῖον

995 1897 1212 1932 λελατομημένον
1223 1899 1254 1924 ἐκ
1268 1899 1377 1931 πέτρας,
1390 1898 1472 1933 ἔθαψε
1482 1898 1511 1924 τὺ
1527 1898 1605 1932 σῶμα
1614 1897 1660 1924 τοῦ
1678 1896 1767 1931 Ἰησοῦ

995 1941 1051 1973 θεὶς
1070 1941 1199 1978 ἐπὀιὺτῴ
1220 1943 1265 1969 καὶ
1291 1943 1364 1969 λίθον
1395 1943 1498 1979 σφόδρα
1526 1944 1622 1978 μέγαν.
1643 1943 1681 1977 Τῇ
1713 1941 1781 1976 γοῦν

994 1987 1126 2022 ἐπαύριον
1142 1988 1299 2019 ἐλθόντεςοῑ
1324 1989 1498 2022 γραμματεῖς
1526 1989 1573 2014 καὶ
1585 1988 1610 2014 οἱ
1637 1988 1780 2021 Φαρισαῖοι

994 2033 1061 2068 πρὸς
1079 2033 1201 2066 Πιλάτον,
1220 2033 1295 2060 εἷπον
1310 2034 1399 2068 αὐτῷ’
1424 2034 1727 2069 ιΚύριε,ἐμνήσ9ημεν
1737 2035 1780 2061 ὅτι

993 2078 1096 2109 ἐκεῖνος
1117 2078 1132 2104 6
1165 2078 1264 2110 πλάνος
1293 2077 1370 2105 εἶπεν
1393 2078 1432 2105 ἑτι
1457 2078 1510 2110 ζῶν
1533 2079 1573 2105 ὅτι
1603 2079 1680 2105 Μετὰ
1706 2079 1780 2113 τρεῖς

993 2123 1101 2157 ἡμέρας
1124 2122 1274 2158 ἐγείρομαι.
1296 2123 1429 2149 Κέλευσον
1445 2123 1492 2150 οὖν
1511 2123 1710 2158 ἀσφαλισθῆναι
1731 2123 1779 2150 τὸν

167 2171 239 2198 tibus
253 2171 382 2198 venerint
394 2171 519 2206 discipuli
537 2171 620 2203 illius,
638 2176 666 2198 et
681 2170 762 2198 furati
782 2173 837 2199 sint
855 2172 940 2199 illum.

996 2170 1080 2202 τάφον
1093 2169 1146 2200 ἕως
1163 2169 1212 2203 τῆς
1227 2169 1321 2203 τρίτης
1335 2168 1452 2203 ἡμέρας.
1476 2169 1584 2203 μήποτε
1607 2168 1728 2199 ἐλθόντες
1753 2169 1778 2194 οι

124 2243 129 2250 κ
165 2216 242 2249 Quod
254 2217 430 2244 siboccoram
442 2216 556 2251 praeside
569 2216 692 2243 auditum
701 2216 793 2249 fuerit,
812 2225 861 2244 nos
878 2225 943 2252 per-

165 2261 342 2289 suadebimus
353 2269 426 2293 eum,
444 2269 546 2296 vosque
557 2262 630 2289 omni
643 2269 708 2289 cura
726 2262 908 2289 exsolvemus.
932 2272 940 2288 ι

167 2307 198 2333 lli
212 2314 275 2333 vero
288 2307 401 2341 pecunia
412 2311 534 2341 accepta,
547 2307 670 2334 fecerunt
684 2311 713 2334 ut
723 2308 813 2334 edocti
825 2307 942 2335 fuerant.

164 2353 244 2380 Jesus
259 2357 350 2379 autem
365 2352 460 2379 abiens
472 2353 577 2380 invenit
589 2353 737 2387 discipulos
750 2361 823 2386 suos,
838 2359 866 2381 et
877 2354 945 2381 dixit

167 2397 221 2424 illis
240 2405 247 2424 ι
266 2406 275 2422 ι
297 2397 350 2424 Pax
368 2397 456 2424 vobis.
474 2406 483 2423 ι
514 2397 546 2424 Hi
573 2405 638 2425 vero
652 2398 775 2426 videntes
803 2399 879 2425 illum
899 2406 945 2434 ga-

166 2443 217 2470 visi
230 2448 303 2470 sunt.
321 2443 354 2469 Et
373 2450 435 2469 cum
455 2443 599 2470 mansisset
627 2443 698 2478 apud
722 2443 782 2471 illos
804 2444 864 2471 dies
878 2451 945 2478 qua-

165 2488 300 2523 draginta.
315 2488 417 2515 docens
425 2494 453 2515 ct
465 2488 633 2516 conﬁrmans
649 2489 721 2522 illos,
734 2489 777 2516 die
791 2489 945 2525 quadrage-

164 2534 234 2560 sima
247 2533 300 2560 illis
313 2532 381 2559 dixit
400 2541 406 2559 :
427 2541 436 2557 ι
455 2532 597 2559 Abeuntes
624 2533 661 2560 ite
678 2533 705 2560 in
726 2533 858 2560 mundum
879 2534 942 2561 uni-

165 2585 287 2610 versum,
298 2577 447 2612 praedirale
456 2577 482 2603 in
495 2585 590 2605 omnes
601 2582 706 2612 gentes.
722 2578 772 2611 Qui
783 2580 942 2612 crediderit,

163 2628 191 2650 et
204 2622 357 2657 baptizatus
372 2622 463 2654 fuerit,
482 2621 526 2649 bic
551 2623 710 2650 salvabitur.
738 2623 788 2656 Qui
804 2632 868 2652 vero
887 2633 941 2652 non

165 2666 324 2699 crediderit,
341 2666 579 2694 condemnabitur.
592 2667 740 2695 Credentes
760 2673 850 2696 autem
867 2670 942 2704 signa

164 2712 222 2738 haee
235 2715 439 2745 consequentur
457 2719 464 2738 :
484 2711 512 2738 ln
531 2711 641 2738 nomine
666 2719 726 2739 meo
741 2713 873 2740 daemonia
891 2713 941 2747 eji-

163 2757 246 2789 cient,
273 2756 373 2791 linguis
402 2757 480 2784 novis
498 2757 653 2791 loquentur,
673 2763 814 2792 serpentes
834 2758 940 2788 tollent,

166 2807 192 2830 vt
205 2802 226 2828 si
238 2802 303 2837 quid
317 2802 435 2830 letbiferi
445 2803 572 2838 biberint,
586 2811 639 2830 non
649 2803 757 2830 nocebit
772 2803 841 2837 illis;
859 2811 940 2839 super

997 2213 1117 2248 μαθηταὶ
1131 2213 1224 2245 αὑτοῦ,
1238 2213 1374 2248 κλέψωσιν
1390 2213 1482 2247 αὑτὸν,
1495 2214 1541 2240 καὶ
1556 2213 1654 2240 εἴπωσι
1667 2213 1705 2247 τῷ
1720 2213 1778 2247 λαῷ

994 2259 1036 2285 ὅτι
1063 2258 1166 2293 ¹ηγέρθη
1183 2258 1238 2285 ἀπὸ
1258 2259 1311 2285 τῶν
1337 2259 1452 2294 νεκρῶν,
1474 2259 1520 2285 καὶ
1542 2259 1617 2285 ἔσται
1641 2259 1657 2293 ἡ
1675 2259 1777 2293 ἐσχάτη
1825 2271 1827 2273 ι

994 2304 1082 2338 πλάνη
1108 2304 1208 2339 χείρων
1235 2305 1283 2338 τῆς
1310 2303 1544 2339 πρώτης.›»Ἔφη
1564 2304 1594 2330 δὲ
1611 2304 1625 2329 ό
1651 2303 1777 2336 Πιλάτος,

998 2356 1008 2373 ι
1039 2347 1137 2382 Ἔχετε
1167 2348 1347 2380 κουστωδίαν,
1372 2348 1502 2381 ὑπάγετε,
1527 2347 1712 2382 ἀσφαλίσασθε
1738 2347 1777 2379 ὡς

977 2395 1092 2420 ὀϊδατε.
1120 2395 1151 2420 υἱ
1171 2393 1199 2420 δὲ
1219 2393 1392 2426 ἁπελθᾶντες,
1410 2393 1594 2427 ἠσφαλίσαντο
1608 2393 1653 2419 τὸν
1677 2393 1773 2426 τάφον,

994 2440 1193 2475 σφραγίσαντες
1216 2440 1261 2466 τὸν
1281 2439 1354 2466 λίθον
1388 2439 1456 2473 μετὰ
1493 2439 1544 2473 τῆς
1577 2439 1744 2468 κουστωδίας
1760 2448 1770 2464 ι

994 2485 1154 2521 (κουστωδία
1162 2485 1190 2511 δὲ
1201 2485 1308 2518 ἐλέγετο
1319 2485 1348 2510 τ’,
1356 2484 1447 2518 ’τάγμα
1456 2484 1508 2510 τῶν
1517 2484 1712 2517 στρατιωτῶν).
1720 2484 1775 2510 Καὶ

992 2531 1026 2564 τῇ
1039 2529 1116 2564 τρίτῃ
1130 2528 1220 2563 ἡμέρᾳ
1232 2529 1339 2562 ἐγένετο
1356 2528 1466 2562 σεισμὸς
1481 2528 1575 2562 μέγας,
1588 2528 1635 2553 καὶ
1644 2528 1774 2564 ἐκυλίσθη

994 2575 1008 2600 ὁ
1025 2574 1096 2605 λίθος
1110 2575 1141 2600 ὲκ
1152 2573 1197 2600 τοῦ
1216 2573 1361 2608 μνημείου,
1376 2573 1422 2599 καὶ
1436 2574 1489 2599 ἀπὸ
1500 2573 1546 2599 τοῦ
1571 2573 1654 2607 φόϐου
1682 2573 1774 2600 αὐτῶν

993 2619 1017 2645 οἱ
1035 2619 1199 2654 στρατιῶται
1214 2619 1337 2652 ἐγένοντο
1353 2618 1418 2646 ὡσεὶ
1432 2618 1536 2653 νεκροί.
1554 2619 1583 2645 '0
1607 2619 1635 2644 δὲ
1654 2618 1773 2653 Χριστὸς

993 2666 1092 2701 ἀνέστη
1107 2667 1138 2692 ὲκ
1150 2666 1195 2691 τοῦ
1209 2665 1304 2700 τάφου.
1323 2666 1354 2692 Ol
1367 2665 1394 2691 δὲ
1417 2664 1582 2699 στρατιῶται
1609 2665 1773 2696 ἀπελθόντες

993 2711 1162 2746 ἀπήγγειλαν
1172 2713 1225 2742 τοῖς
1235 2710 1388 2745 ἀρχιερεῦσι
1396 2710 1441 2736 καὶ
1449 2719 1656 2745 γραμματεῦσιν
1666 2711 1774 2738 ἅπαντα

993 2757 1026 2784 τὰ
1039 2757 1178 2791 γενόμενα.
1190 2757 1242 2783 Καὶ
1256 2757 1360 2783 ἔδωκαν
1371 2757 1460 2788 αὐτοῖς
1470 2757 1494 2782 οἱ
1505 2757 1643 2791 ἀρχιερεῖς
1652 2757 1773 2792 ἀργύρια

995 2803 1084 2837 ἱκανὰ,
1113 2804 1233 2834 εἰπόντες
1264 2803 1329 2838 πρὸς
1354 2802 1462 2837 αὐτοὺς,
1481 2812 1489 2829 ι
1505 2802 1605 2830 Εἴπατε
1633 2803 1775 2840 annnam
