1946 3081
151 121 207 153 «(69

629 131 778 163 CONTRA
797 133 1038 166 MAHOMETEM
1057 137 1245 169 APOLOGIA
1266 140 1305 170 Π.

1710 140 1763 172 ΠΟ

152 181 333 233 κοιμωμένων
345 181 425 219 ἦλθον
439 187 463 212 οι
476 187 596 223 μαθηταὶ
622 191 715 224 αὑτοῦ,
741 193 788 220 καὶ
817 193 928 228 ἕκλεψαι

987 197 1110 224 inlirmos
1122 206 1219 225 manus
1231 203 1344 233 ponent,
1360 204 1388 227 et
1399 205 1580 228 sanabuntur.
1599 200 1652 228 Vos
1670 205 1761 228 autem

152 226 243 254 αὐτόν.
263 228 375 255 Καὶέὰν
392 231 511 267 ἀκουσθῇ
541 234 618 261 τοῦτο
642 235 688 262 ιπι
714 237 760 263 τοῦ
791 226 932 274 ἡγεμόνος,

152 273 233 307 ἡμεῖς
278 274 410 310 πείσομεν
453 278 544 311 αὐτὸν,
576 281 623 306 καὶ
655 281 728 316 ὑμᾶς
766 273 933 319 ἀμερίμνους

152 319 312 354 ποιήσομεν.
333 330 342 346 ι
370 322 442 349 01δέ
473 324 600 357 λαϐόντες
622 327 657 352 τὰ
682 328 812 364 ἀργύρια,
841 331 934 366 ἐποίη-

153 372 202 390 σαν
217 364 255 396 ὡς
272 366 465 402 ἐδιδάχθησαν.
491 369 520 396 '0
541 371 569 397 δέ
593 371 697 407 Ἰησοῦς
727 374 853 402 ἀπελθὼν
870 364 932 412 εὗρε

153 410 217 441 τοὺς
237 411 361 446 μαθητὰς
386 414 478 445 αὐτοῦ,
501 415 548 442 καὶ
566 414 643 443 εἶπεν
671 419 780 451 αὐτοῖς,
805 429 815 446 ι
831 410 932 457 Εἰρήνη

151 455 226 488 ὑμῖν.
241 465 252 482 ο
275 457 305 483 Οἱ
320 457 346 483 δὲ
364 458 465 490 ἰδόντες
481 460 573 494 αὐτὸν,
586 462 735 498 ἐχάρησαν.
750 465 803 492 Kal
817 455 933 502 ποιήσας

152 500 214 533 μετ’
231 501 320 527 αὐτῶν
338 503 444 538 ἡμέρας
458 507 673 540 τεσσαράκοντα.
691 509 738 535 καὶ
754 510 863 543 διδάξας
875 500 934 539 -καὶ

151 544 283 591 στηρίξας
305 546 415 591 αὐτοὺς,
442 550 475 584 τῇ
501 555 707 589 τεσσαρακοστῇ
734 555 825 590 ἡμέρᾳ
859 556 933 591 λέγει

151 588 218 621 πρὸς
236 589 334 621 αὐτοὺς
345 610 352 623 ,
374 600 383 616 ι
406 592 584 626 Ἀπελθόντες
595 597 634 627 εἰς
643 597 688 623 τὸν
700 588 802 634 κόσμον
813 588 931 634 ἅπαντα,

150 633 287 666 κηρύξατε
308 636 397 663 πάντα
413 638 446 663 τὰ
464 638 538 672 ἔθνη.
562 640 590 666 '0
608 642 758 674 πιστεύσας
772 645 819 670 καὶ
837 645 934 680 βαπτι-

152 678 226 709 elisi;
246 680 411 715 σωθήσεται,
436 683 451 709 ὁ
466 683 493 710 δὲ
519 685 673 720 ἀπιστήσας
691 678 931 724 κατακριθήσεται.

150 724 256 758 Σημεῖα
268 725 295 751 δέ
310 728 366 758 τοῖς
382 729 545 756 πιστεύσασι
567 731 653 758 ταῦτα
675 734 931 770 παρακολουθήσει⁸

156 768 199 795 Ἐν
219 770 256 804 τῷ
272 771 383 807 ὀνόματί
400 783 450 808 μου
467 775 592 810 δαιμόνια
619 778 772 812 ἐκϐαλοῦσι,
799 768 933 814 γλώσσαις

985 242 1078 269 sedete
1096 243 1301 279 Hierosolymis,
1316 244 1405 272 donec
1429 246 1528 273 virtute
1544 253 1578 272 ex
1593 246 1648 272 alto
1665 246 1763 273 indua-

984 286 1060 314 mini.
1079 297 1088 313 ι
1105 288 1139 314 Ει
1156 288 1373 322 benedixit/illis,
1398 289 1525 324 interque
1538 290 1762 318 benedicendum

983 333 1096 360 secessit
1111 334 1144 360 ab
1157 333 1221 365 illis,
1237 338 1265 361 et
1276 335 1400 362 sublatus
1414 339 1457 363 est
1474 335 1500 362 in
1515 336 1599 363 ccelos
1609 355 1617 368 ,
1647 341 1673 362 et
1687 336 1765 363 sedet

983 377 1016 404 ad
1030 377 1153 405 dextram
1165 379 1224 406 Dei.
1240 379 1364 413 Apostoli
1382 384 1474 407 autem
1490 380 1594 407 reversi
1621 385 1686 407 sunt
1701 380 1766 408 llie-

983 423 1147 458 rosolymam
1162 431 1223 451 cum
1239 425 1338 459 gaudio
1354 433 1462 459 magno,
1478 431 1668 459 exspectantes
1677 425 1763 452 virtu-

983 471 1038 494 tem
1050 475 1082 494 ex
1098 468 1154 494 alto
1166 469 1338 502 promissam.
1355 469 1420 502 Quis
1430 475 1519 497 autem
1530 470 1628 497 horum
1640 470 1763 497 omnium

983 512 1103 539 sensus?
1134 513 1213 545 Quod
1240 514 1262 541 si
1279 515 1386 549 singula
1411 515 1560 542 secundum
1576 523 1684 542 omnem
1700 515 1762 542 dili-

983 557 1101 592 gentiam
1115 557 1253 587 discutere
1267 561 1409 593 vellemus,
1436 561 1582 595 omniaque
1608 568 1668 595 qua:
1691 560 1762 587 facta

983 606 1046 628 sunt
1061 602 1230 636 describere,
1249 605 1335 632 multo
1347 613 1412 632 sane
1425 613 1495 640 opus
1511 605 1678 632 haberemus
1694 606 1761 631 otio.

982 646 1118 679 Quoniam
1132 653 1224 677 autem
1236 651 1310 677 varia
1326 651 1475 678 esthorum
1491 650 1571 685 ratio,
1584 655 1612 678 et
1622 650 1761 684 explicatu

982 693 1100 720 diﬂicilis
1129 699 1241 730 propter
1266 701 1386 724 vestram
1419 697 1619 732 ignorantiam,
1646 696 1763 731 agedum

983 739 1055 773 quod
1071 739 1206 775 reliquum
1235 742 1470 770 est‘brevissimis
1497 743 1599 774 verbis,
1629 746 1762 777 quantum

984 783 1042 810 ﬂeri
1059 789 1163 818 potest,
1178 786 1363 814 absolvemus.
1390 787 1570 822 Inspiciamus
1590 788 1680 822 itaque
1696 795 1761 822 pro-

149 815 297 850 ὶαλήσοιισι
323 822 440 852 καιναῖς,
477 821 552 856 δέρεις
581 823 687 859 ἁροῦσι,
712 825 764 852 κᾶν
783 826 928 861 θανάσιμόν

983 829 1101 864 phetias,
1119 838 1179 866 quae
1193 831 1227 860 de
1237 831 1338 860 Christi
1352 834 1478 868 passione
1491 834 1694 869 eopiosissimaz,
1710 841 1762 861 ceu

149 868 174 886 τι
207 862 315 892 πίωσιν.
338 865 368 892 οὐ
396 866 433 901 μὴ
458 868 555 899 αὐτοὺς
583 869 680 905 βλάψῃ.
708 871 755 897 ἐπὶ
776 859 928 906 ἀρρώστους

985 879 1093 903 torrens
1106 877 1184 910 aquis
1198 882 1295 905 auctus
1312 879 1457 912 nivalibus,
1474 879 1619 908 habentur.

149 908 242 941 χεῖρας
275 911 447 946 ἐπιθήσουσι,
461 914 507 940 καὶ
540 915 629 946 καλῶς
661 916 776 948 ἕξουσιν.
812 917 905 953 Ὑμεῖς
925 918 954 946 δέ
978 920 1107 948 καθίσατε
1121 908 1149 948 ἐν
1163 923 1195 957 τῇ
1222 923 1298 950 πόλει
1325 908 1513 959 Ἰερουσαλὴμ,
1543 925 1593 957 ἕως
1629 924 1659 951 οὗ
1688 924 1764 951 ἐνδύ-

147 955 230 988 σησθε
260 957 374 992 δύναμιν
401 959 431 992 ἐξ
468 960 562 995 ὕψους.
591 971 600 987 ι
635 962 687 989 Καὶ
716 963 862 998 εὐλόγησεν
880 966 987 998 αὐτοὺς,
1009 967 1055 993 καὶ
1071 967 1152 1003 ἐντῷ
1171 955 1291 1003 εύλογεῖν
1325 955 1434 1002 αὐτοὺς,
1460 955 1552 1005 διέστη
1584 955 1630 998 ἀπ’
1662 971 1762 1003 αὐτῶν,

147 1003 194 1028 καὶ
213 1005 359 1039 ἀνεφέρετο
389 1007 430 1039 εις
449 1004 511 1038 τοὺς
531 1009 671 1044 οὐρανοὺς,
691 1010 738 1049 καὶ
764 1011 889 1039 ἐκάθισεν
908 1013 940 1039 ἐκ
956 1013 1050 1046 δεξιῶν
1078 1013 1124 1041 τοῦ
1147 1014 1225 1042 Θεοῦ.
1246 1016 1277 1042 οι
1296 1015 1325 1042 δὲ
1348 1016 1492 1042 ἀπόστολοι
1525 1003 1697 1051 ὑιεέστρεψαν
1722 1017 1762 1048 είς

152 1047 328 1086 Ἰερουσαλὴμ
358 1053 426 1087 μετά
449 1054 535 1088 χαρᾶς
572 1047 701 1090 μεγάληῂ
722 1057 893 1092 ἐκδεχόμενοι
906 1057 954 1094 τὴν
969 1059 997 1092 ἐξ
1012 1058 1095 1094 ὕψους
1111 1059 1235 1095 δύναμιν.
1269 1061 1302 1088 τί
1317 1061 1345 1088 δὲ
1367 1062 1432 1097 περὶ
1457 1062 1512 1088 τῶν
1534 1047 1702 1096 γεγον-ότίυνς

150 1098 199 1130 μὲν
215 1099 284 1124 κατὰ
307 1100 398 1126 πᾶσαν
427 1101 568 1135 ἀκρίϐειαν
582 1102 775 1138 πειραθείημεν
802 1105 960 1137 σπουδάσαι,
984 1108 1075 1142 γραφῇ
1098 1107 1189 1134 δοῦναι
1207 1109 1296 1136 πάντα
1328 1110 1362 1136 τά
1381 1109 1520 1144 γεγονότα,
1535 1110 1633 1145 πολλῆς
1651 1110 1686 1137 ἂν
1702 1119 1763 1145 σχο-

146 1140 195 1174 λῆξ
211 1141 372 1178 δεηθείημεν
383 1145 466 1186 ·.ἐπεὶ
489 1145 518 1171 δὲ
534 1145 616 1177 πολύς
634 1147 708 1173 ἐστιν
723 1149 736 1173 ὁ
747 1148 812 1183 περὶ
833 1148 933 1175 τούτων
949 1140 1037 1184 λόγος,
1053 1140 1099 1178 καὶ
1126 1152 1342 1188 δυσερμήνευτος
1357 1140 1402 1180 διά
1420 1140 1480 1189 ’τὴν
1512 1140 1649 1189 ἀγνωσίαν
1673 1140 1761 1190 ὑμιίν,

148 1186 213 1220 φέρε
226 1187 258 1221 δὴ
272 1187 363 1214 λοιπὸν
378 1183 511 1224 εἴπωμεν,
538 1191 575 1222 ὡς
592 1192 620 1218 ἐν
640 1192 751 1228 βραχέσι
771 1194 859 1229 λόγοις
885 1195 915 1222 τὸ
934 1183 1003 1224 κατά
1019 1196 1143 1233 δύναμιν.
1171 1183 1284 1234 Εῖδομεν
1309 1183 1475 1236 προφητείας
1487 1183 1571 1228 ἐπίτδ
1595 1202 1681 1234 πάθος
1692 1183 1698 1190 ι
1714 1183 1762 1229 τού

146 1232 279 1266 Χριστοῦ,
292 1233 384 1270 ὥσπερ
398 1236 510 1270 νιφάδας
525 1238 631 1271 ὓδατος.
641 1270 647 1275 .

146 1289 151 1303 θ
183 1281 220 1313 ς’.
235 1282 409 1317 Συνήχθησαν
434 1284 459 1310 ot
483 1285 629 1321 ἀρχιερεῖς,
652 1288 676 1314 οἰ
701 1291 884 1324 γραμματεῖς,
905 1292 928 1317 οἱ

146 1327 297 1361 Φαρισαῖοι,
324 1329 392 1355 ἀλλὰ
410 1329 504 1364 δήκαὶ
534 1332 657 1368 Ἡρώδης
683 1334 697 1359 ὁ
721 1333 857 1368 βασιλεὺς,
882 1337 928 1363 καὶ

147 1373 258 1404 Πόντιος
287 1373 400 1406 nam;
427 1375 497 1403 κατά
512 1377 559 1404 τοῦ
574 1378 703 1413 Χριστοῦ.
732 1379 787 1406 Καὶ
813 1381 886 1415 λέγει
914 1383 928 1408 ό

145 1420 236 1452 Δχϐὶδ,
251 1429 260 1445 ‹
272 1421 329 1447 ’Ἱνα
339 1421 364 1448 τί
374 1422 511 1457 ἐφρύαξαν
526 1424 600 1459 ἔθνη,
615 1426 662 1452 καὶ
682 1426 740 1453 λαοὶ
758 1427 927 1462 ἐμελέτησαν

146 1465 228 1497 κενά;
258 1466 437 1501 Παρέστησαν
451 1469 475 1494 ol
492 1469 611 1503 βασιλεῖς
623 1470 673 1505 τῆς
688 1470 750 1505 γῆς,
767 1471 815 1498 καὶ
833 1473 858 1499 οἱ
875 1473 925 1507 ἀρ-

142 1518 239 1544 χοντες
252 1513 422 1547 συνήχθησαν
450 1514 495 1541 ἐπὶ
511 1515 542 1541 τὸ
565 1515 640 1548 αὐτὸ,
662 1517 731 1543 κατά
750 1516 796 1544 τοῦ
826 1517 925 1553 Κυρίου

144 1555 192 1582 καὶ
208 1557 278 1583 κατὰ
293 1558 337 1584 τοῦ
349 1559 467 1593 Χριστοῦ
481 1560 573 1588 αὑτοῦ.
596 1569 606 1588 ι

1016 1292 1044 1320 6.
1062 1292 1224 1329 Congregati
1237 1298 1300 1322 sunt
1316 1296 1468 1331 pontiﬁces,
1485 1297 1593 1330 scribae,
1621 1297 1762 1331 Pharisaei,

982 1343 1040 1365 tum
1057 1340 1140 1366 etiam
1158 1347 1206 1367 rex
1225 1339 1348 1368 Herodes
1365 1345 1392 1368 et
1406 1342 1509 1370 Pilatus
1522 1342 1655 1371 adversus
1680 1343 1762 1371 Chri-

982 1387 1065 1411 stum.
1075 1383 1159 1422 David
1170 1389 1261 1412 autem
1273 1385 1358 1423 dicit:
1379 1396 1389 1412 ι
1404 1386 1493 1420 Quare
1510 1387 1681 1416 frenmerunt
1695 1396 1761 1423 gen-

981 1430 1033 1458 tes.
1060 1420 1089 1454 et
1114 1428 1206 1462 populi
1225 1421 1349 1456 meditati
1376 1434 1441 1458 sunt
1469 1431 1582 1458 inania?
1609 1420 1762 1459 Astitcrunt

981 1478 1059 1506 reges
1082 1475 1173 1504 terrae,
1199 1478 1227 1501 et
1242 1474 1382 1510 principes
1412 1481 1601 1504 convenerunt
1619 1477 1645 1504 in
1662 1485 1756 1509 unum,

980 1522 1076 1543 contra
1088 1517 1246 1553 Dominum,
1259 1523 1287 1547 et
1298 1524 1393 1548 contra
1404 1520 1545 1549 Christum
1565 1522 1624 1557 ejus
1633 1523 1683 1550 ⁸⁸.»

180 1598 212 1628 τ’.
228 1600 374 1635 Παρέδωκε
390 1601 436 1628 τδν
453 1603 571 1637 Χριστὸν
586 1604 642 1636 τοῖς
662 1604 799 1638 Ἰουδαίοις
822 1607 862 1639 είς
877 1608 925 1636 θά-

1013 1610 1039 1637 7.
1059 1609 1181 1639 Prodidit
1199 1611 1339 1640 Christum
1364 1613 1466 1642 Judaais
1491 1614 1519 1642 in
1544 1619 1659 1643 mortem
1675 1616 1760 1645 Judas

144 1654 223 1672 νατον
246 1646 346 1678 Ἰούδας
358 1648 505 1683 ὀμαθητὴς
519 1649 611 1678 αὐτοῦ.
632 1651 686 1678 Καὶ
717 1651 798 1679 πάλιν
821 1652 896 1687 λέγει
912 1655 926 1681 ὁ

145 1691 225 1722 αὐτὸς
241 1692 322 1718 Δαϐὶδ
355 1694 419 1728 περὶ
450 1694 543 1727 αὑτοῦ,
566 1705 576 1722 ‹
611 1696 641 1723 Ol
660 1697 752 1732 ἐχθροί
774 1706 824 1732 μου
848 1697 926 1728 εἷπον

142 1736 217 1762 κακά
232 1743 288 1770 μοι’
299 1737 367 1763 Πότε
385 1738 624 1774 ἀποθανεῖται,καὶ
642 1743 781 1770 ἀπολεῖται
802 1744 831 1770 τὸ
841 1744 925 1780 ὄνομα

144 1781 227 1808 αὐτοῦ
242 1791 250 1815 ;
274 1783 330 1809 Καὶ
344 1783 535 1820 είσεπορεύετο
549 1786 596 1813 τοῦ
619 1787 695 1818 ίδεῖν.
712 1789 801 1824 μάτην
822 1790 924 1818 ἐλάλει.

147 1827 182 1853 Ἦ
193 1828 290 1862 καρδία
305 1829 388 1856 αὐτοῦ
408 1831 562 1866 συνήγαγεν
583 1833 708 1868 ἀνομίαν.
735 1833 926 1870 Ἐξεπορεύετο

143 1871 209 1905 ἔξω,
234 1874 281 1899 καὶ
296 1874 385 1900 ἐλάλει
400 1875 446 1901 ἐπὶ
471 1875 501 1902 τὺ
511 1877 588 1904 αὐτό.
604 1877 659 1904 Καὶ
674 1878 728 1913 γὰρ
756 1879 769 1905 ὁ
783 1879 925 1915 ἄνθρωπος

143 1919 194 1951 τῆς
207 1919 320 1954 εἰρήνης
336 1928 398 1954 μου,
424 1920 439 1947 ὁ
451 1920 548 1948 ἐσθίων
568 1922 669 1957 ἄρτους
681 1931 743 1958 μου,
759 1924 925 1959 ἐμεγάλυνεν

145 1963 250 1998 ἐπ’ἐμέ
265 1967 439 1999 πτερνισμόν.
461 1966 639 2003 Κατάστησον
665 1968 710 1995 ἐπ’
734 1970 815 1996 αὐτὸν
837 1971 927 2006 ἀμαρ-

144 2009 242 2041 τωλὸν,
255 2011 300 2036 καὶ
313 2010 436 2043 διάϐολος
452 2013 542 2048 στήτω
553 2014 584 2040 ἐκ
597 2014 692 2047 δεξιῶν
711 2015 806 2042 αὐτοῦ.
834 2016 879 2043 Ἐν
887 2016 926 2052 τῷ

144 2055 291 2089 κρίνεσθαι
308 2057 401 2090 αὐτὸν,
417 2058 520 2090 ἐξέλθοι
536 2060 812 2096 καταδεδικασμένος,
838 2064 886 2090 καὶ
898 2064 923 2100 ’ἡ

145 2101 283 2136 προσευχὴ
295 2101 377 2129 αὐτοῦ
393 2103 512 2136 γενέσθω
532 2105 572 2136 είς
591 2105 740 2140 ἁμαρτίαν.
765 2107 926 2144 Γενηθήτω-

144 2152 195 2171 σαν
205 2146 235 2172 αἱ
251 2147 353 2181 ἡμέραι
366 2148 448 2175 αὐτοῦ
462 2149 563 2184 ὀλίγαι,
579 2153 625 2178 καὶ
639 2152 688 2186 τὴν
709 2152 861 2189 ἐπισκοπὴν
877 2155 926 2182 αὐ-

142 2191 191 2217 τοῦ
206 2191 283 2218 λάϐοι
299 2192 404 2229 ἔτερος.
431 2195 478 2221 Ἐν
509 2197 591 2232 γενεᾷ
622 2198 674 2232 μιᾷ
699 2197 871 2235 ἐξαλειφθείη
896 2200 926 2227 τὸ

978 1653 1129 1689 discipulus
1138 1655 1208 1691 ejus.
1237 1656 1270 1685 Et
1286 1665 1396 1685 rursum
1411 1659 1445 1686 de
1469 1660 1565 1687 eodem
1586 1661 1658 1688 idem
1673 1661 1758 1690 David

976 1701 1133 1736 loquitur:
1171 1703 1304 1731 «Inimici
1335 1704 1388 1732 mei
1409 1705 1536 1733 dixerunt
1568 1707 1635 1734 mihi
1666 1708 1755 1736 mala:

977 1745 1090 1778 Quando
1100 1748 1241 1781 morietur,
1249 1753 1274 1776 el
1283 1749 1383 1784 peribit
1390 1757 1488 1778 nomen
1496 1750 1572 1786 ejus?
1582 1751 1615 1779 Et
1623 1752 1759 1788 ingredie—

976 1793 1056 1821 batur
1069 1799 1097 1834 ut
1113 1794 1229 1830 videret,
1244 1803 1312 1824 vana
1325 1797 1500 1832 loquebatur,
1531 1806 1579 1826 cor
1591 1799 1666 1827 illius
1690 1807 1759 1827 con-

976 1839 1098 1874 gregavit
1115 1839 1299 1875 iniquitatem.
1315 1842 1514 1877 Egrediebatur
1526 1843 1609 1876 foras,
1623 1844 1759 1879 etloque-

976 1884 1058 1911 batur
1075 1884 1103 1912 in
1133 1885 1264 1920 idipsum.
1289 1886 1398 1914 Etenim
1418 1889 1499 1916 homo
1524 1889 1600 1923 pacis
1614 1897 1691 1921 metu.
1710 1891 1759 1925 qui

977 1930 1095 1958 comedit
1118 1939 1202 1966 panes
1223 1939 1308 1964 meos,
1339 1933 1522 1968 magniﬁcavit
1552 1935 1685 1963 adversus
1715 1943 1759 1964 me

977 1977 1226 2011 supplantationem
1244 1978 1277 2006 ⁸⁷.
1294 1979 1437 2007 Constitue
1450 1988 1534 2015 super
1555 1989 1617 2008 eum
1631 1987 1761 2017 peccato-

977 2029 1046 2053 rem.
1075 2026 1104 2049 et
1132 2023 1312 2051 calumniator
1334 2025 1534 2053 stetadextris
1548 2026 1618 2061 ejus.
1647 2026 1679 2054 Et
1695 2034 1760 2054 cum

975 2067 1113 2102 judicatur
1127 2073 1204 2096 exeat
1221 2069 1419 2100 condemnatus
1430 2091 1437 2103 ,
1464 2076 1492 2099 et
1511 2079 1606 2106 preces
1620 2073 1679 2108 ejus
1694 2073 1761 2102 ﬁant

978 2112 1006 2139 in
1022 2117 1176 2147 peccatum.
1191 2113 1271 2141 Fiant
1284 2114 1343 2142 dies
1357 2116 1416 2151 ejus
1428 2117 1519 2151 pauci,
1534 2121 1563 2144 et
1572 2117 1759 2153 episcopatum

978 2159 1039 2192 ejus
1056 2157 1172 2192 accipiat
1199 2158 1279 2187 alter.
1305 2160 1334 2186 In
1362 2161 1538 2195 generatione
1555 2170 1609 2189 una
1634 2163 1760 2190 deleatur

978 2209 1078 2230 nomen
1089 2204 1157 2236 ejus.
1168 2203 1197 2232 In
1209 2204 1371 2230 memoriam
1386 2205 1479 2232 redeat
1491 2205 1641 2240 iniquitatis
1652 2210 1760 2240 patrum

142 2237 231 2272 ϐνομα
241 2239 337 2271 αὐτοῦ,
350 2240 540 2278 ἀναμνησθείη
557 2243 574 2277 ὴ
590 2243 690 2278 ἀνομία
717 2245 771 2272 τῶν
799 2246 926 2281 πατέρων

983 2246 1037 2282 ejus
1052 2247 1079 2273 in
1091 2252 1239 2281 conspectu
1253 2246 1361 2274 Domini
1373 2256 1380 2280 ;
1394 2251 1420 2274 et
1431 2237 1574 2282 peccatdm
1590 2237 1686 2276 matris
1697 2249 1758 2283 ejus

143 2283 228 2310 αὑτοῦ
244 2283 336 2311 ἔναντι
356 2286 472 2321 Κυρίου,
490 2289 568 2323 καὶὴ
593 2289 717 2324 ἁμαρτία
749 2291 799 2325 τῆς
824 2293 927 2327 μητρδς

983 2299 1032 2319 non
1046 2292 1181 2319 deleatur.
1195 2292 1339 2327 Dispereat
1351 2292 1386 2320 de
1398 2297 1469 2320 terra
1485 2294 1614 2321 memoria
1629 2294 1698 2329 ejus.
1711 2294 1762 2321 ’θί-

143 2328 225 2355 auro-3
237 2330 274 2364 μὴ
285 2330 467 2367 ἐξαλειφθείη.
503 2333 724 2370 Ἐξολοθρευθείη
742 2335 775 2362 ἐκ
789 2337 841 2371 γῆς
857 2345 928 2372 μνη-

144 2375 261 2409 μόσυνον
279 2376 374 2404 αὑτοῦ.
397 2378 542 2414 Ἥγάπησε
560 2380 695 2414 κατάραν,
708 2382 755 2409 καὶ
766 2381 826 2417 ἥξει
839 2383 927 2416 αὐτῷ,

145 2419 192 2445 καὶ
207 2420 258 2446 οὐκ
271 2420 404 2456 ἠθέλησεν
419 2422 557 2456 εὐλογίαν,
577 2423 626 2450 καὶ
643 2425 866 2460 μακρυνθήσεται
880 2426 929 2454 ἀπ’

144 2465 239 2493 αὐτοῦ.
256 2475 266 2492 ι

178 2510 215 2546 η’.
235 2512 395 2547 Παρέλαϐον
414 2513 438 2539 ot
462 2513 585 2541 Ἰουδαῖοι
600 2513 646 2541 τὸν
656 2514 788 2550 Χριστὸν,
802 2515 925 2550 καὶάπή-

143 2564 230 2591 γαγον
245 2558 327 2584 αὑτὸν
352 2559 392 2589 εἰς
406 2559 469 2589 τοὺς
489 2560 638 2595 ἀρχιερεῖς.
652 2560 707 2587 Kal
723 2560 797 2594 λέγει
809 2560 926 2593 Ἡσαΐας

144 2603 210 2638 περὶ
226 2603 321 2636 αὑτοῦ,
342 2613 351 2630 ι
373 2605 444 2639 Ἐγὼ
457 2605 486 2632 δὲ
506 2605 544 2637 ὡς
564 2605 657 2642 ἀρνίον
683 2606 787 2633 ἄκακον
818 2606 926 2642 ἠγόμην

142 2648 189 2675 τοῦ
203 2649 313 2677 θύεσθαι
340 2659 348 2673 ι

180 2697 213 2720 θ’.
231 2695 348 2723 Ἐλαϐεν
383 2696 484 2729 Ἰούδας
497 2698 645 2732 τριάκοντα
659 2696 791 2732 ἀργύρια,
812 2697 860 2723 καὶ
870 2698 923 2724 πά-

143 2742 186 2769 λιν
201 2740 313 2777 ἔρῤιψεν
325 2743 406 2776 αὐτὰ,
421 2745 468 2771 καὶ
482 2743 621 2779 ὴγόρασαν
631 2743 660 2777 ἐξ
676 2743 766 2770 αὐτῶν
781 2744 825 2770 τὸν
838 2744 924 2777 ἀγρὸν

976 2335 1043 2363 lctit
1056 2335 1287 2368 maledictionem,
1301 2339 1331 2363 et
1345 2337 1436 2364 veniet
1447 2337 1471 2364 ei
1484 2345 1492 2369 ;
1504 2341 1532 2364 et
1542 2345 1595 2365 non
1607 2338 1694 2367 voluit
1710 2338 1762 2369 be-

977 2381 1171 2415 nedictionem,
1185 2385 1212 2410 ct
1228 2382 1401 2418 clongabitur
1413 2383 1447 2410 ab
1461 2391 1495 2412 eo
1510 2383 1565 2412 “.t.

1015 2511 1042 2539 8.
1058 2511 1306 2546 Apprehenderunt
1319 2511 1406 2540 Judaei
1429 2512 1579 2548 Christum,
1591 2519 1619 2542 et
1634 2513 1759 2545 abduxe-

980 2562 1044 2585 runt
1058 2565 1119 2585 eum
1135 2558 1169 2585 ad
1186 2558 1322 2593 principes
1333 2559 1515 2586 sacerdotum.
1527 2559 1561 2587 Et
1575 2561 1608 2588 de
1621 2560 1672 2587 hoc
1681 2561 1761 2588 Jere-
1792 2576 1797 2584 ι

981 2604 1049 2631 mias
1065 2603 1132 2631 dicit
1149 2612 1156 2631 :
1187 2614 1195 2629 ι
1222 2604 1278 2639 Ego
1292 2612 1357 2631 vero
1377 2609 1506 2640 tanquam
1526 2613 1611 2640 agnus
1627 2606 1761 2636 innocens

979 2649 1111 2683 ducebar,
1133 2655 1163 2677 ut
1183 2651 1361 2678 mactarer".
1378 2660 1388 2677 ι

1017 2698 1043 2725 9.
1059 2698 1171 2732 Accepit
1181 2697 1266 2725 Judas
1277 2698 1388 2732 triginta
1407 2702 1561 2732 argenteos,
1575 2702 1761 2732 emeruntque

979 2753 1029 2780 pro
1046 2744 1099 2771 illis
1113 2751 1207 2778 agrum
1225 2743 1310 2778 ﬁguli.
1336 2743 1371 2771 Et
1394 2743 1528 2771 Jerumlas
1555 2741 1622 2770 dicit
1639 2749 1646 2769 :
1662 2751 1672 2768 ι
1695 2741 1760 2772 Sta—

179 2822 287 2852 "P531.
299 2831 328 2858 ll,
348 2823 407 2857 |,2.
446 2823 468 2839 ⁸⁷
484 2823 553 2852 Psal.
571 2832 611 2857 XL,
629 2824 707 2852 7-10.
744 2824 766 2839 ⁸³
787 2824 856 2852 Psal.
874 2831 948 2859 cvm,
966 2825 1038 2853 718.
1079 2825 1099 2841 ’⁸⁵
1121 2824 1222 2853 Jercm.
1244 2832 1280 2858 si,
1302 2823 1343 2851 19;

1696 2874 1738 2881 -
1778 2875 1785 2878 -
