1946 3081
188 107 239 146 471
284 106 287 110 ’

771 119 932 150 JOANNIS
951 119 1213 154 CANTACUZENI

1743 127 1798 161 472

184 176 297 200 tuerunt
330 171 440 207 triginta
467 177 629 207 argenteos,
659 174 779 209 pretium
808 176 965 210 appretiati,

1028 177 1062 204 rei
1091 179 1246 214 κεραμέως.
1273 180 1327 207 Καὶ
1351 181 1424 214 λέγει
1458 181 1604 217 Ἱερεμίας,
1628 191 1637 208 1
1660 183 1799 219 Ἔστησαν

184 225 266 252 quem
281 217 444 244 aestimatum
471 223 597 246 emerunt
622 227 636 246 a
653 219 714 248 filiis
730 221 824 253 Israel,
840 226 867 248 ct
883 221 965 249 dede-

183 267 251 290 runt
266 269 297 290 ea
315 263 341 289 in
358 270 453 297 agrum
470 263 556 298 figuli,
576 265 806 299 quemadmodum
823 267 966 294 constituit

185 306 252 333 mihi
268 306 442 333 Dominus".
461 316 470 332 ι

221 397 264 424 1-0.
280 397 419 426 Venerunt
443 398 502 426 falsi
523 403 616 432 testes,
632 405 659 428 et
679 401 820 429 mendacia
835 402 967 430 adversus

184 443 324 470 Christum
346 443 432 471 locuti
452 448 525 472 sunt.
555 445 589 472 Et
608 453 718 474 rursum
748 447 815 474 dicit
845 448 930 475 David
957 457 964 476 :

187 497 197 514 1
215 489 365 524 Surgeutcs
383 490 410 516 in
435 497 479 517 me
497 494 582 518 testes
605 491 705 526 iniqui,
728 500 788 527 quae
807 493 967 528 ignorabam

184 535 422 570 interrogaverunt
442 543 496 569 me,
510 540 538 563 et
557 536 738 566 reddiderunt
753 538 819 566 mihi
833 539 902 566 mala
917 547 967 574 pro

185 581 304 608 bonis“.
319 590 329 607 ι

220 626 263 653 ll.
281 625 442 662 Congregati
459 631 524 654 sunt
540 627 612 662 apud
627 628 766 663 principes
779 629 966 664 sacerdotum,

183 672 289 698 Annam
296 677 323 699 et
331 672 472 706 Caipham,
481 667 752 702 illudentestristo.
763 674 798 702 De
806 676 858 702 hoc
867 675 951 702 David
959 684 967 702 :

188 727 197 742 1
211 717 457 746 Circumdcderunt
483 726 526 746 me
551 726 631 746 canes
650 719 739 753 multi,
764 720 835 747 tauri
855 721 969 756 pingues

185 763 424 791 circumsteterunt
433 771 476 792 mc
482 765 514 791 θ’.
523 764 674 800 Opprobria
685 766 908 800 opprobrantium
919 767 969 794 tibi

186 808 344 836 ceciderunt
370 817 452 843 super
483 810 569 837 me".
591 810 765 845 Multiplicati
793 817 858 839 sunt
886 820 968 847 supra

186 854 301 889 capillus
316 855 413 889 capitis
427 855 545 890 mei,qui
564 863 608 883 me
625 857 688 884 odio
696 857 797 885 habent
807 858 866 885 sine
875 865 967 886 causa.

186 900 360 927 Corroborati
385 906 448 928 sunt
477 901 581 928 inimici
602 902 668 934 mei,
692 906 721 930 et
738 903 785 937 qui
814 911 857 931 me
875 911 969 938 perse-

185 951 308 980 quuntur
324 947 433 981 injuste.
449 947 513 980 Quae
533 955 587 974 non
603 948 678 982 rapui
694 947 728 976 de
755 948 809 976 illis
839 949 970 977 multatus

186 998 245 1017 sum
257 991 289 1019 ⁵³.
310 1001 318 1017 ι
342 991 398 1020 Hoc
411 996 461 1023 est.
483 992 570 1020 Adam
583 993 695 1028 quidem
711 1001 745 1021 ex
762 995 862 1022 arbore
875 995 970 1030 prohi-

186 1036 242 1064 bita
266 1038 423 1069 comedens,
442 1039 515 1073 juste
531 1043 657 1068 mortuus
673 1045 734 1073 est;
756 1040 887 1069 Christus
900 1049 968 1069 vero

187 1081 290 1115 peccati
306 1081 425 1116 ignarus,
442 1082 540 1118 injuste
557 1088 672 1111 mortem
686 1085 782 1112 subiit.

223 1127 265 1153 19..
277 1126 462 1154 Tradidcrunt
475 1128 613 1155 Christum
632 1129 730 1163 Pilato,
746 1130 847 1158 Pilatus
859 1139 969 1159 rursum

187 1172 339 1204 militibus;
358 1173 385 1199 hi
410 1181 475 1200 vero
503 1180 640 1201 exuerunt
654 1183 728 1208 eum,
757 1180 786 1203 et
816 1177 970 1204 diviserunt

188 1219 350 1246 vestimenta
368 1219 453 1250 illius,
468 1227 550 1253 super
565 1220 684 1247 tunicam
698 1228 763 1248 vero
777 1221 969 1250 inconsutilem

189 1264 324 1291 miserunt
338 1269 450 1296 sortem,
467 1272 501 1291 ne
516 1272 575 1292 eam
605 1265 804 1294 discinderem.
824 1267 855 1295 Et
871 1268 905 1295 de
919 1269 972 1296 hoc

191 1308 273 1336 David
298 1309 420 1343 loquitur
435 1317 443 1335 τ
461 1319 470 1335 1
489 1309 644 1337 Diviserunt
666 1311 828 1339 vestimenta
844 1320 902 1340 mea
918 1313 971 1340 sibi

190 1355 267 1389 ipsis,
301 1360 327 1382 ct
361 1362 444 1389 super
476 1356 606 1383 vestitum
633 1364 723 1384 meum
747 1358 880 1386 miserunt
915 1367 971 1386 sor-

191 1404 244 1427 tem
253 1400 285 1426 ".
307 1409 316 1425 ι

228 1446 271 1473 15.
297 1446 449 1473 lnducrunt
482 1454 544 1474 cum
569 1448 663 1475 tunica
692 1449 835 1482 probrosa.
853 1449 891 1476 De
917 1458 972 1484 quo

1019 224 1053 250 τὰ
1067 225 1214 258 τριάκοντα
1229 225 1349 262 ἀργύρια
1364 226 1413 260 τὴν
1427 227 1509 262 τιμὴν
1533 227 1580 254 τοῦ
1600 230 1799 264 τετιμημένου,

1016 269 1046 295 ὃν
1057 270 1220 305 ἐτιμήσαντο
1234 271 1287 298 ἀπὸ
1302 272 1368 298 υἱῶν
1383 272 1502 308 Ἰσραὴλ,
1525 274 1572 300 καὶ
1593 273 1696 300 ἔδωκαν
1727 275 1800 302 αὐτὰ

1016 314 1056 345 εἰς
1066 314 1110 340 τὸν
1121 315 1204 350 ἀγρὸν
1223 316 1270 342 τοῦ
1286 318 1442 352 κεραμέως,
1458 318 1529 345 καθὰ
1544 319 1671 352 συνέταξε
1684 320 1799 354 301K15-

1018 369 1084 395 ριος.
1105 370 1115 386 ι

1055 409 1082 432 ι’.
1098 403 1202 433 *Ηλθον
1217 406 1452 442 ψευδομάρτυρες,
1466 411 1512 436 καὶ
1528 409 1621 443 ἔλεγον
1630 409 1714 444 ψευδῆ
1729 410 1802 436 κατὰ

1017 450 1063 476 τοῦ
1077 450 1208 486 Χριστοῦ.
1224 452 1277 479 Καὶ
1291 453 1364 486 λέγει
1386 453 1464 480 πάλιν
1477 454 1491 480 6
1510 454 1603 486 Δαὸὶδ,
1621 463 1630 480 1
1653 454 1800 481 Ἀναστάν-

1017 504 1062 526 τες
1077 505 1122 530 μοι
1142 497 1280 532 μάρτυρες
1298 499 1398 532 ἄδικοι,
1419 498 1437 525 ἃ
1451 500 1501 526 οὐκ
1519 501 1668 534 ἐγίνωσκον
1685 501 1800 536 ἠρώτων

1019 550 1063 576 με.
1087 542 1310 571 Ἀνταπεδίδοσάν
1331 553 1375 580 μοι
1395 546 1502 581 πονηρᾶ
1526 546 1587 573 ἀντὶ
1605 546 1727 580 ἀγαθῶν.
1749 556 1758 572 ι

1055 635 1100 660 ια’.
1120 633 1298 668 Συνήχθησαν
1324 634 1364 666 εἰς
1378 634 1440 666 τοὺς
1456 634 1607 669 ἀρχιερεῖς,
1637 635 1683 661 τὸν
1702 635 1804 662 Ἄνναν

1018 679 1124 706 καὶτὸν
1140 679 1279 714 Καϊάφαν,
1309 680 1489 715 ἐμπαίζοντες
1500 680 1537 715 τῷ
1552 681 1672 716 Χριστῷ.
1691 681 1745 707 Καὶ
1758 681 1804 707 λέ-

1019 733 1062 759 γει
1074 724 1150 758 αὖθις
1166 726 1180 752 6
1197 726 1279 758 αὐτὸς
1294 726 1386 760 Δαόὶδ,
1403 735 1412 752 1
1433 726 1661 762 Περιεχύκλωσάν
1676 735 1709 760 με
1719 726 1803 758 κύνες

1021 771 1123 803 πολλοὶ,
1141 771 1237 806 ταῦροι
1263 771 1355 804 πίονες
1388 772 1535 807 περιέσχον
1550 780 1595 807 με,
1612 772 1637 798 οί
1654 772 1804 807 ὀνειδισμοὶ

1020 817 1075 843 τῶν
1090 816 1274 848 ὀνειδιζόντων
1290 825 1321 843 σε
1341 817 1476 844 ἐπέπεσον
1509 817 1552 843 ἐπ’
1569 817 1631 851 ὲμέ.
1654 816 1806 850 Ἐπληούν-

1021 861 1106 896 θησαν
1121 861 1190 896 ὑπὲρ
1205 862 1256 894 τὰς
1269 861 1364 896 τρίχας
1382 861 1432 896 τῆς
1447 862 1568 896 κεφαλῆς
1583 870 1635 896 μου
1653 863 1676 887 oi
1692 861 1806 896 μισοῦν-

1020 907 1066 938 τές
1083 915 1117 942 με
1134 907 1249 941 δωρεάν.
1282 907 1526 943 Ἐκραταιώθησαν
1546 908 1569 933 οἱ
1584 907 1675 942 ἐχθροί
1699 916 1762 941 μου,
1778 907 1805 933 σί

1021 951 1198 982 ὲκδιώκοντές
1214 960 1247 986 με
1261 951 1372 983 ἀδίκως.
1395 952 1428 977 ’Δ
1445 951 1494 986 οὐχ
1509 951 1644 986 ἥρπαζον,
1662 952 1721 977 τότε
1735 951 1806 977 ἀπε-

1020 997 1134 1024 τὶννυον.
1156 1006 1166 1023 ι
1183 997 1339 1030 Τουτέστιν,
1355 997 1369 1023 6
1385 997 1435 1032 μὲν
1446 996 1543 1030 Ἀδὰμ,
1575 996 1671 1030 φαγὼν
1685 996 1738 1022 ἀπὸ
1758 996 1807 1022 ἰοὖ

1022 1042 1110 1074 ξύλου,
1129 1042 1239 1072 δικαίως
1266 1042 1411 1073 ἀπέθανεν,
1427 1043 1441 1068 6
1458 1043 1486 1069 δὲ
1509 1042 1640 1077 Χριστὸς,
1669 1043 1707 1077 μὴ
1722 1042 1805 1075 γνοὺς

1023 1088 1181 1125 ἁμαρτίαν,
1192 1088 1298 1122 ὑπέστη
1324 1088 1370 1114 καὶ
1383 1084 1460 1119 οὗτος
1481 1088 1582 1119 ἀδίκως
1608 1087 1732 1114 θάνατον.

1058 1131 1103 1165 ιβ’.
1132 1131 1299 1166 Παρέδωκαν
1328 1131 1374 1158 τὸν
1402 1131 1519 1165 Χριστὸν
1539 1130 1578 1165 τῷ
1601 1131 1722 1165 Πιλάτῳ,
1742 1131 1756 1157 6
1778 1130 1808 1156 δὲ
1860 1146 1863 1152 ι

1021 1176 1136 1208 Πιλᾶτος
1152 1177 1209 1208 τοῖς
1221 1177 1414 1212 στρατιώταις.
1427 1177 1458 1203 Ol
1475 1175 1504 1202 δὲ
1529 1175 1696 1210 στρατιῶται
1715 1175 1806 1207 ἐξέδυ-

1023 1231 1073 1249 σαν
1092 1222 1185 1255 αὑτὸν,
1200 1223 1250 1249 καὶ
1265 1222 1396 1257 ὲμέρισαν
1408 1222 1441 1248 τὰ
1460 1221 1559 1256 ἱμάτια
1588 1221 1683 1253 αὑτοῦ,
1714 1222 1754 1252 εις
1777 1222 1807 1248 δὲ

1021 1269 1067 1296 τὸν
1078 1269 1202 1304 ἄρῤαφον
1229 1268 1330 1304 χιτῶνα
1351 1267 1447 1295 ἔσαλον
1467 1267 1578 1302 κλῆρον,
1591 1267 1635 1293 ἵνα
1653 1267 1691 1301 μὴ
1707 1267 1808 1301 σχίσω-

1024 1323 1065 1341 σιν
1082 1314 1174 1341 αὐτόν.
1187 1314 1243 1340 Καὶ
1263 1313 1338 1347 λέγει
1359 1312 1442 1339 πάλιν
1455 1313 1468 1339 6
1479 1312 1560 1343 αὐτὸς
1575 1311 1670 1343 Δαὸὶδ,
1684 1320 1693 1337 1
1709 1313 1807 1346 Διεμε-

1025 1360 1135 1393 ρίσαντο
1144 1359 1178 1385 τὰ
1193 1358 1289 1393 ίμάτιά
1305 1366 1355 1391 μου
1372 1357 1491 1389 ἑαυτοῖς,
1510 1356 1557 1383 καὶ
1583 1356 1630 1382 ἐπὶ
1649 1355 1696 1382 τὸν
1712 1356 1807 1390 ἱματι-

1023 1405 1090 1439 σμόν
1108 1413 1159 1438 μου
1170 1403 1265 1430 ἔὸαλον
1275 1403 1324 1438 χλῆ
1329 1413 1386 1439 ρον.
1409 1411 1418 1428 ι

1060 1449 1105 1484 ιγ’.
1124 1450 1274 1485 Ἐφόρεσαν
1298 1450 1379 1476 αὑτὸν
1409 1449 1511 1484 χιτῶνα
1541 1447 1656 1482 ὕϐρεως.
1687 1445 1740 1472 Καὶ
1765 1446 1810 1473 λέ-

191 1491 271 1518 etiam
300 1491 408 1518 David:
431 1501 440 1517 1
461 1492 518 1527 Ego
549 1500 615 1520 vero
639 1501 701 1520 cum
727 1496 927 1522 tumultuantur
944 1495 970 1523 in

1028 1503 1066 1529 γει
1078 1494 1184 1521 πάλινό
1201 1495 1281 1526 αὐτὸς
1295 1494 1387 1526 Δαὸὶδ,
1416 1503 1425 1520 1
1451 1493 1521 1526 Ἐγὼ
1537 1492 1565 1518 δὲ
1592 1492 1621 1518 ὲν
1646 1491 1684 1526 τῷ
1707 1492 1808 1524 αὐτοὺς

191 1543 244 1566 me,
261 1543 369 1563 saccum
386 1536 573 1565 induebant”.
593 1547 602 1563 ι

226 1581 271 1609 14.
289 1581 507 1617 Flagellaveruut
534 1583 685 1617 Christum,
713 1589 739 1612 et
756 1585 846 1619 alapas
868 1586 905 1613 illi
928 1587 971 1612 in-

191 1624 329 1658 flixerunt,
359 1627 521 1661 inspucrunt
534 1627 561 1655 in
579 1627 676 1655 faciem
710 1629 794 1656 illius.
817 1629 851 1657 Et
872 1630 905 1657 de
920 1630 973 1658 huc

191 1672 296 1699 isaias:
316 1682 325 1698 1
341 1673 397 1708 Ego
413 1681 477 1701 vero
493 1682 547 1701 non
560 1674 720 1702 inohediens
734 1682 806 1707 sum,
821 1683 871 1703 nec
894 1677 971 1703 oblo-

192 1725 272 1752 quor,
297 1723 401 1753 tergum
423 1727 513 1746 meum
539 1720 601 1746 dedi
628 1720 661 1747 ad
677 1721 780 1756 plagas,
799 1725 826 1748 ct
850 1722 973 1749 maxillas

192 1770 267 1790 meas
280 1764 312 1789 ιιιί
327 1764 428 1798 alapas.
446 1764 553 1792 Faciem
569 1770 659 1792 autem
679 1773 766 1792 meam
784 1774 838 1793 non
858 1769 942 1793 averti
958 1776 973 1794 a

191 1808 296 1842 pudore
325 1807 524 1841 iuspucntium.
543 1809 577 1836 Et
600 1809 733 1837 Dominus
748 1811 814 1836 mihi
829 1811 973 1837 auxiliator

191 1854 279 1880 Iactus
307 1858 357 1884 est,
387 1861 418 1881 eo
446 1855 518 1889 quod
544 1862 597 1882 non
621 1863 733 1882 aversus
753 1857 815 1889 sim,
833 1856 879 1883 sed
894 1856 973 1890 posui

193 1898 289 1925 faciem
313 1905 399 1924 meam
417 1906 465 1925 ceu
495 1902 600 1933 petram
631 1899 775 1933 stabilem,
804 1905 831 1927 et
857 1902 972 1935 cognovi

191 1943 265 1978 quod
281 1950 335 1969 non
351 1943 544 1970 confundar".
569 1953 579 1969 ι

228 1987 272 2015 15.
298 1989 436 2015 Dedi-runt
460 1989 497 2015 illi
521 1989 554 2016 fel
580 1994 659 2016 aceto
676 1990 806 2023 mistum;
837 1996 865 2019 ct
891 1992 975 2020 David

194 2033 262 2060 dixit
276 2041 282 2060 :
298 2042 306 2058 1
317 2033 457 2061 Dederunt
472 2035 498 2061 in
513 2034 602 2062 cibum
615 2043 705 2062 meum
718 2035 763 2068 fel,
776 2040 803 2062 et
814 2035 839 2063 iu
857 2036 901 2063 siti
917 2045 974 2064 mea

195 2083 359 2113 potaverunt
376 2086 419 2106 me
433 2085 509 2107 aceto
519 2081 552 2106 ⁸⁸.
573 2090 581 2106 ι

1024 1539 1202 1575 παρενοχλεῖν
1217 1548 1263 1575 μοι
1276 1539 1425 1574 ὲνεδυόμην
1439 1539 1553 1565 σάκκον.
1578 1547 1587 1564 ι

1059 1585 1100 1612 ιδ’.
1123 1585 1332 1619 Ἐμαστίγωσαν
1355 1584 1401 1610 τὸν
1429 1584 1558 1619 Χριστὸν,
1587 1583 1692 1610 ἔδωκαν
1723 1581 1810 1609 αὑτὸν

1025 1629 1161 1665 ῥάπισμα,
1183 1629 1333 1656 ἐνέπτυσαν
1358 1630 1398 1660 είς
1419 1629 1449 1655 τὸ
1481 1629 1626 1662 πρόσωπον
1644 1627 1738 1655 αὑτοῦ.
1756 1628 1811 1656 Καὶ

1024 1676 1098 1709 λέγει
1119 1676 1244 1706 Ἡσαΐας,
1264 1683 1273 1701 1
1299 1674 1370 1708 Ἐγὼ
1385 1674 1414 1700 δὲ
1428 1674 1480 1701 οὐκ
1505 1673 1622 1704 ἀπειθῶ,
1650 1673 1711 1699 οὐδὲ
1731 1673 1811 1700 ἀντι-

1024 1721 1108 1756 λέγω,
1134 1721 1180 1747 τὺν
1210 1720 1294 1746 νῶτόν
1319 1728 1369 1754 μου
1393 1719 1496 1745 δέδωκα
1523 1718 1564 1747 είς
1589 1718 1734 1752 μάστιγας,
1758 1718 1811 1748 τὰς

1026 1768 1154 1801 σιαγόνας
1176 1775 1226 1801 μου
1241 1767 1281 1797 εἰς
1296 1765 1470 1801 ῥαπίσματα,
1488 1765 1517 1791 τὺ
1532 1764 1559 1790 δὲ
1571 1764 1718 1799 πρόσωπόν
1753 1771 1808 1798 μου

1024 1813 1074 1838 οὐκ
1093 1812 1256 1846 ἀπεστράφη
1283 1810 1337 1837 ἀπὸ
1366 1809 1498 1845 αίσχύνης
1522 1808 1739 1844 ὲμπτυσμάτων,
1760 1809 1809 1835 καὶ

1025 1855 1124 1891 Κύριος
1145 1854 1242 1889 βοηθός
1258 1862 1303 1889 μοι
1318 1853 1447 1887 ἐγενήθη.
1467 1853 1516 1878 Διὰ
1532 1851 1612 1879 τοῦτο
1627 1852 1678 1878 οὐκ
1699 1851 1811 1886 ἐνετρά-

1025 1909 1088 1934 πην,
1113 1900 1170 1926 ἀλλ’
1187 1900 1273 1935 ἔθηκα
1283 1899 1314 1926 τὸ
1328 1899 1471 1934 πρόσωπόν
1490 1907 1539 1932 μου
1568 1898 1605 1929 ὡς
1623 1897 1739 1932 στερεὰν
1758 1897 1809 1924 πέ-

1025 1954 1102 1981 τραν,
1123 1946 1169 1972 καὶ
1183 1944 1269 1979 ἔγνων
1279 1944 1363 1972 ὅτιού
1385 1944 1423 1979 μὴ
1451 1943 1599 1978 αίσχυνθῶ.
1620 1953 1629 1969 ι

1063 1991 1102 2018 ιε’.
1122 1991 1245 2017 Ἐδωκαν
1258 1990 1333 2025 αὐτῷ
1350 1990 1431 2025 χολὴν
1447 1990 1516 2024 μετὰ
1526 1989 1604 2022 δξους
1623 1989 1810 2024 μεμιγμένην.

1026 2037 1082 2064 Καὶ
1093 2036 1167 2070 λέγει
1182 2037 1196 2062 6
1220 2035 1312 2068 Δαὸὶδ,
1333 2044 1342 2061 1
1364 2035 1487 2062 Ἔδωκαν
1504 2035 1544 2066 εἰς
1570 2034 1600 2060 τὸ
1624 2033 1724 2069 βρῶμά
1757 2042 1812 2068 μου

1027 2080 1118 2116 χολὴν,
1154 2080 1201 2107 καὶ
1231 2080 1271 2111 εἰς
1311 2079 1360 2114 τὴν
1391 2078 1472 2114 δίψαν
1511 2086 1563 2114 μου
1599 2078 1726 2105 ἑπότισάν
1776 2086 1812 2113 με

1028 2126 1098 2159 ὅξος.
1121 2136 1131 2152 ι

230 2170 273 2197 16.
286 2170 465 2199 Abduxcrunt
477 2171 615 2200 Christum
632 2177 660 2200 ut
674 2173 750 2200 illum
769 2174 971 2209 crucifigeran

1065 2171 1113 2205 ις’.
1134 2171 1289 2206 Ἀπήγαγον
1301 2171 1347 2197 τὸν
1367 2170 1482 2205 Χριστὸν
1491 2169 1530 2202 είς
1541 2170 1571 2196 τὸ
1581 2169 1746 2204 σταυρῶσαι.
1759 2169 1813 2197 Καὶ

195 2216 229 2243 Et
259 2216 341 2243 lsaias
361 2216 428 2244 dicit
448 2226 478 2244 :1
499 2218 638 2253 Tanquam
665 2219 725 2246 ovis
747 2219 847 2246 ductus
870 2225 912 2247 est
941 2221 974 2248 ad

195 2261 399 2292 mactatioucm,
426 2266 454 2288 et
480 2266 607 2296 tanquam
629 2270 714 2297 agnus
737 2270 829 2289 coram
847 2263 976 2290 tondente

196 2306 284 2339 ipsum
307 2310 409 2338 mutus,
425 2308 464 2334 sic
483 2315 536 2334 non
563 2308 650 2342 aperit
666 2315 697 2335 os
716 2316 795 2335 suum
814 2308 841 2335 in
863 2309 974 2335 humili-

197 2356 250 2377 tate
271 2359 329 2378 sua.
345 2352 483 2380 Judicium
500 2353 572 2380 illius
595 2353 731 2380 sublatum
747 2359 805 2386 est;
823 2355 976 2389 generatio-

196 2398 257 2424 nem
283 2405 348 2424 vero
363 2399 421 2433 ejus
436 2399 497 2432 quis
517 2398 685 2432 explicabit?
703 2399 836 2432 Quoniam
853 2399 978 2427 aufertur

196 2443 229 2470 (lc
246 2448 318 2470 terra
333 2444 386 2471 vita
405 2445 490 2479 ipsius
499 2446 533 2472 ”.
557 2455 567 2471 ι

231 2489 275 2515 17.
294 2489 473 2524 Interrogavit
488 2498 550 2517 eum
569 2491 672 2518 Pilatus
688 2499 696 2518 :
717 2501 726 2517 1
746 2491 822 2519 Tune
842 2499 871 2519 es
893 2491 978 2519 Filius

167 2559 176 2563 ,
197 2534 266 2560 Del?
283 2544 291 2560 ι
312 2535 344 2562 Ει
356 2535 424 2563 dixit
438 2537 475 2563 illi
489 2536 615 2564 Christus
628 2546 634 2564 :
648 2547 657 2562 1
676 2538 716 2565 Tu
732 2538 836 2565 dixisti.
851 2547 859 2563 ι
875 2538 979 2565 Pilatus

197 2588 262 2607 vero
274 2581 385 2609 tradidit
400 2590 462 2609 cum
476 2587 505 2609 ut
519 2583 743 2618 crucifigeretur;
766 2588 793 2611 et
812 2583 905 2615 David,
922 2584 979 2610 cla-

197 2631 246 2650 vos
263 2624 387 2656 inuucus,
404 2625 471 2652 dicit
484 2635 490 2652 :
511 2635 520 2651 1
534 2625 743 2653 l‘crforavvrunt
755 2634 852 2653 manus
864 2634 937 2654 meas
952 2631 980 2654 ct

198 2669 282 2701 pedes
300 2678 376 2698 meos
385 2672 405 2698 '.
427 2681 437 2696 ι

233 2741 256 2757 ’⁵
275 2741 387 2768 Zachar.
407 2751 442 2774 xl,
463 2743 504 2769 12.

196 2777 313 2808 111,19.

200 2811 245 2838 18.

553 2744 573 2759 “
596 2744 666 2771 Psal.
685 2752 775 2775 xxxrv.
794 2745 836 2771 ll.

368 2778 389 2793 ⁸⁸
409 2779 479 2806 l'sal.
510 2786 589 2812 xxxv,
607 2779 647 2806 t3.
705 2781 725 2795 ⁵⁷
746 2779 796 2807 Ιεα,
810 2787 836 2813 1.,
863 2780 889 2812 6,
912 2781 936 2807 7.

1028 2217 1102 2251 λέγει
1122 2217 1245 2248 Ἡσαΐας,
1266 2225 1275 2241 ι
1296 2216 1339 2247 Ὧς
1359 2216 1495 2252 πρόῆατον
1514 2215 1560 2242 ἐπὶ
1589 2215 1696 2250 σφαγὴν
1725 2214 1811 2249 ἤχθη,

1027 2264 1074 2289 καὶ
1094 2263 1130 2294 ὡς
1147 2261 1231 2296 ἀμνὸς
1246 2261 1367 2287 ἐναντίον
1379 2260 1426 2287 τοῦ
1441 2261 1581 2295 κείροντος
1597 2260 1677 2286 αὑτὸν
1689 2260 1810 2293 ἄφωνος,

1027 2307 1113 2338 οὕτως
1128 2307 1177 2332 οὐκ
1195 2305 1299 2340 ἀνοίγει
1313 2306 1343 2332 τὸ
1356 2306 1443 2340 στόμα
1456 2305 1550 2332 αὐτοῦ.
1571 2305 1614 2331 Ἐν
1627 2306 1660 2340 τῇ
1677 2303 1814 2331 ταπεινώ-

1028 2362 1069 2379 σει
1087 2351 1168 2378 αὺτοῦ
1185 2351 1299 2386 ήκρῖσις
1310 2350 1392 2377 αὐτοῦ
1405 2351 1491 2386 ήρθη⁸
1511 2351 1560 2386 τὴν
1572 2351 1600 2377 δὲ
1614 2350 1710 2384 γενεὰν
1728 2349 1812 2376 αὺτῖῦ

1027 2398 1070 2430 τίς
1083 2397 1264 2433 διηγήσεταη
1281 2397 1342 2423 Ὀτι
1355 2397 1461 2432 αἷρεται
1477 2396 1530 2424 ἀπὸ
1561 2397 1612 2432 τῆς
1635 2396 1687 2431 γῆς
1720 2397 1737 2431 ἡ
1756 2396 1814 2431 ζωὴ

1028 2446 1124 2473 αὑτοῦ.
1146 2455 1155 2471 ι
1336 2462 1338 2466 -

1063 2490 1106 2521 ιζ’.
1130 2490 1288 2525 Ἥρώτησεν
1304 2489 1385 2525 αὑτὸν
1398 2490 1412 2515 6
1444 2489 1572 2522 Πιλᾶτος,
1590 2497 1600 2514 1
1616 2488 1651 2515 Σὺ
1675 2485 1700 2514 εἷ
1721 2489 1735 2514 6
1749 2488 1815 2518 Υίὺς

1028 2535 1074 2561 τοῦ
1090 2521 1177 2567 Θεοῠξ
1198 2544 1207 2560 ι
1225 2521 1276 2561 Καὶ
1299 2521 1373 2568 λέγει
1403 2533 1478 2568 αὐτῷ
1507 2533 1521 2559 6
1537 2521 1666 2568 Χριστὸς,
1685 2542 1694 2558 1
1712 2533 1748 2560 Σὺ
1773 2531 1815 2559 εί-

1028 2590 1092 2612 πας.
1114 2590 1122 2606 ι
1142 2580 1172 2607 '0
1184 2580 1211 2606 δὲ
1240 2580 1354 2611 Πιλᾶτος
1390 2579 1533 2613 παρέδωκε
1555 2579 1602 2605 τὸν
1635 2578 1738 2613 Ἰησοῦν
1767 2577 1814 2604 ἵνα

1028 2627 1181 2662 σταυρωθῇ.
1196 2626 1248 2653 Καὶ
1263 2625 1335 2660 λέγει
1345 2626 1359 2651 6
1373 2625 1455 2651 Δαὸὶδ
1469 2624 1514 2651 διὰ
1523 2625 1584 2656 τοὺς
1593 2624 1683 2659 ἥλους,
1701 2632 1711 2650 1
1727 2623 1812 2658 Ὠρυ-

1030 2672 1079 2705 ξαν
1099 2672 1194 2711 χεῖράς
1211 2680 1261 2706 μου
1279 2672 1326 2697 καὶ
1340 2671 1422 2702 πόδας
1435 2679 1496 2705 μου.
1515 2679 1523 2696 ι

893 2745 914 2760 ⁹¹
935 2745 971 2772 Ps

1028 2753 1077 2776 ut,
1097 2745 1137 2771 l7.
1177 2744 1198 2760 ³³
1216 2744 1286 2771 Psal.
1305 2751 1398 2777 vattl,
1415 2743 1457 2771 10.
1503 2743 1525 2759 ⁹⁸
1546 2742 1614 2771 ibid.
1633 2743 1658 2770 5.
1697 2743 1719 2759 ⁸⁵
1739 2742 1812 2770 Psal.

994 2781 1016 2796 ³⁸
1037 2780 1107 2807 Psal.
1121 2787 1215 2811 vam,
1242 2779 1287 2809 2'2.

1343 2779 1366 2796 θ’
1393 2779 1442 2806 lsa.
1464 2786 1519 2811 LIII,
1542 2779 1567 2805 7.
1636 2779 1642 2794 ‘
1663 2777 1734 2806 Psal.
1755 2785 1814 2812 xu,
