1946 3081
168 1378 171 1379 ⁷
213 1373 335 1407 patimur
364 1381 370 1398 :

203 131 256 164 475

790 135 952 166 JOANNIS
972 137 1237 170 CANTACUZENI

1774 143 1827 177 £76

203 195 277 215 mam
305 186 460 221 penetrabit
479 187 597 222 gladius,
613 193 644 216 ut
671 193 831 226 retegantur
846 199 878 219 ex
901 192 994 220 multis

1054 194 1261 230 ιντιλεγόμενον,
1279 195 1323 222 καῖ
1339 197 1386 224 σοῦ
1397 197 1425 224 δὲ
1444 197 1528 232 αὐτῆς
1541 197 1590 233 τὴν
1612 198 1701 234 ψυχὴν
1726 198 1830 226 διελεύ-

203 234 334 261 cordibus
362 234 574 266 cogitationes“.
603 245 612 261 ι
641 236 719 264 Nunc
738 243 829 264 autem
846 239 910 273 quid
936 240 994 267 hme

205 279 258 306 sibi
282 279 376 311 Velim.
393 280 568 314 perpendito.
583 281 604 307 A
634 281 689 308 Deo
717 282 858 309 deﬁnitum
876 289 945 316 erat,
960 292 994 312 ne

207 330 323 352 mortem
349 325 453 352 videret
477 325 599 356 Simeon.
617 326 668 353 nisi
691 328 767 361 prius
789 329 899 356 vidisset
915 329 996 357 Chri-

205 377 297 412 stum;
323 377 350 398 et
375 371 429 406 jam
461 372 494 398 ad
522 373 629 399 senium
656 378 810 401 extremum
835 375 994 403 devenerat.

204 417 346 444 Christum
363 426 429 445 vero
442 418 548 450 videns,
567 419 639 446 dixit
656 428 663 446 ι
685 429 693 445 ι
710 419 789 447 Nunc
805 421 922 448 dimittis
937 430 994 449 ser-

205 471 270 489 vmn
298 468 387 495 tuum,
413 464 537 496 Domine,
556 465 707 492 secundum
732 467 844 493 verbum
869 471 945 494 tuum
960 476 992 494 τι

205 508 258 535 hoc
275 509 359 536 verbo
381 509 461 544 plane
478 510 706 542 denotans,bune
721 512 809 545 ipsum
824 512 908 539 Deum
922 510 994 546 esse,

206 555 252 589 qui
269 555 306 581 illi
323 563 483 590 responsum
504 556 618 584 dederat
638 557 672 585 de
690 565 743 585 non
759 558 875 585 videnda
897 564 994 592 morte,

205 601 319 634 etquasi
337 609 351 627 ιι
367 601 484 628 Domino
495 602 556 629 vitte
567 607 595 629 ct
611 603 706 629 mortis
720 604 839 637 postulat
853 609 883 630 ιιι
896 603 929 630 ab
945 604 996 631 hac

206 647 262 672 vita
282 648 406 674 terrestri
430 647 573 674 liberetur.
598 648 676 681 Quod
692 654 782 675 autem
806 649 896 676 dicit:
918 659 926 675 ι
947 650 996 677 [lic

207 692 312 726 positus
321 697 362 719 est
373 693 399 719 iu
411 693 518 720 ruinam
531 695 795 722 etresnrreetionem
809 696 956 723 multorum
969 696 995 723 in

208 737 301 770 Israel,
317 747 327 763 ι
357 738 531 765 manifestum
550 743 601 769 est,
618 739 692 773 quod
722 740 830 767 scilicet
852 740 997 768 animabus

209 781 266 807 suis
279 781 451 814 ceciderunt,
461 787 597 816 quotquot
609 783 635 810 in
647 783 722 811 illum
738 792 791 811 non
807 785 994 813 crediderunt.

211 825 258 858 Qui
277 834 342 853 vero
355 827 542 860 crediderunt,
558 835 572 854 a
588 824 690 863 peccati
708 830 783 864 lapsu
804 835 994 858 surrexerunt.

211 871 274 898 ltem
292 871 362 899 hoc:
379 880 387 896 ι
400 869 427 898 lit
440 872 546 906 signum
561 873 604 900 cui
622 875 830 903 contradicitur.
844 885 852 900 ι
868 882 995 910 propter-

207 925 239 944 ea
274 918 354 949 dixit,
367 919 440 953 quod
464 927 560 945 omnes
577 920 611 947 de
625 921 735 947 Christo
762 921 1009 956 discepttvernnt"

209 963 236 990 hi
268 964 378 997 quidem
396 964 512 991 dicendo
538 965 612 993 hunc
635 966 735 993 bunum
761 974 832 998 esse,
852 968 896 995 alii
921 976 996 1000 vero,

209 1009 321 1035 malum.
334 1010 411 1042 Quin
424 1015 451 1037 et
464 1011 490 1037 in
505 1011 562 1045 ipsa
579 1019 660 1040 cruce
674 1012 729 1039 duo
752 1013 871 1040 latrones
884 1014 956 1041 inter
971 1022 999 1042 se

209 1056 413 1082 contendebant
431 1056 495 1089 (una
512 1058 586 1084 enim
618 1066 680 1084 cum
709 1058 756 1085 illo
779 1059 847 1086 duos
878 1060 999 1088 latrones

171 1101 174 1104 ⁴
209 1102 417 1133 (trucidat-runt,
435 1111 519 1129 unum
549 1111 563 1130 a
588 1104 693 1132 dextris
717 1105 816 1139 ipsius,
841 1106 956 1133 allerttm
984 1116 998 1134 a

209 1145 351 1178 εἰιιίδῑτίδ),
369 1151 397 1173 et
417 1147 486 1173 alter
499 1148 622 1182 quidem,
637 1140 777 1177 Christum
799 1151 825 1177 in
840 1158 921 1178 cruce
940 1159 999 1178 sus-

211 1198 326 1223 pensum
356 1191 553 1226 conspicatus,
587 1194 711 1220 convicia
751 1195 777 1221 in
807 1195 884 1222 illum
921 1196 998 1231 jocit.

212 1235 287 1262 Alter
306 1243 384 1263 ivero
401 1257 408 1269 ,
446 1237 519 1264 hunc
550 1238 701 1273 increpavit
719 1239 834 1266 .diceus
861 1249 867 1267 :
900 1250 909 1266 ‹
939 1241 998 1268 Non

213 1281 294 1307 times
313 1286 340 1307 tu
367 1281 463 1313 Deum,
489 1289 551 1309 eum
579 1282 606 1310 in
637 1284 734 1310 eodem
765 1285 803 1312 sis
827 1285 947 1320 judicio?
967 1287 1000 1314 Et

213 1333 265 1352 nos
297 1326 406 1360 quidem
433 1327 517 1362 juste,
534 1328 665 1362 operibus
685 1329 758 1356 enim
792 1332 895 1358 nostris
920 1332 1000 1366 digna

406 1373 452 1400 hic
497 1381 562 1401 vero
608 1374 694 1409 iniqui
732 1376 800 1402 nihil
837 1376 998 1412 designarit.

214 1418 248 1444 Et
273 1419 338 1445 dicit
361 1418 412 1453 ipsi
427 1419 511 1447 Jesu:
534 1429 543 1445 ι
557 1420 681 1453 Domine,
695 1425 833 1448 metuente
851 1423 920 1454 mei,
938 1430 999 1449 cum

213 1465 324 1491 veneris
351 1464 378 1491 in
406 1472 519 1499 regnum
548 1470 639 1498 tuum;
658 1475 667 1491 ι
689 1472 716 1493 ct
729 1466 848 1494 salvatus
864 1473 917 1497 est.
932 1468 1001 1495 alter

213 1517 280 1536 vero
298 1509 408 1544 periit“.
426 1510 491 1537 Item
509 1519 517 1538 :
536 1521 545 1536 ι
565 1511 651 1538 Tuam
685 1519 749 1538 vero
774 1512 860 1546 ipsius
882 1513 999 1540 animam

214 1556 396 1590 pet-transibit
420 1556 540 1591 gladius,
558 1565 568 1582 )
606 1561 636 1584 ιιι
661 1562 820 1592 retegantur
847 1566 880 1585 ex
906 1558 1000 1586 multis

215 1601 550 1637 cerdibuscogitaliones.
573 1612 582 1629 ι
601 1602 711 1631 Ηωεὶιιι
731 1604 906 1639 intelligenda
925 1609 1001 1634 sunt.

215 1648 331 1680 Quidam
358 1648 552 1676 ha'reticorum
580 1653 747 1684 putaverunt
777 1650 917 1678 Christum
941 1658 1002 1678 esse

214 1695 325 1730 quidem
356 1696 402 1722 Dei
422 1696 531 1729 Filium,
548 1697 689 1731 Deumque
716 1705 832 1730 verum,
863 1697 1002 1725 hominem

214 1745 305 1768 autem
327 1748 422 1768 verum
442 1750 502 1769 esse
523 1747 704 1777 negaverunt,
730 1743 778 1770 sed
805 1743 943 1770 hominem
964 1743 1004 1771 fa-

215 1792 290 1813 ctum
307 1794 365 1814 esse
378 1787 459 1814 modo
470 1788 589 1822 quodam
610 1788 812 1822 imaginatorio.
828 1789 862 1815 Et
879 1789 931 1816 hoc
944 1789 1005 1824 qui-

217 1834 279 1859 dem
301 1832 395 1860 multis
412 1833 531 1866 videtur,
541 1834 613 1868 quod
631 1834 713 1861 homo
735 1824 846 1868 quidem
873 1834 909 1861 sit
935 1835 1004 1861 citra

217 1879 444 1912 controversiam,
460 1887 514 1905 non
533 1884 623 1905 tamen
647 1879 728 1906 homo
745 1886 838 1906 verus.
853 1879 910 1906 lloc
922 1879 1005 1914 igitur

217 1926 304 1952 instar
318 1925 456 1959 prophette
475 1924 628 1958 praevidens
640 1924 750 1951 Simeon
771 1925 851 1951 matri
862 1924 930 1951 dixit
943 1925 1006 1962 Dei-

217 1979 306 2005 larzt-z
329 1971 375 1997 cEt
391 1975 463 1997 tuam
477 1970 562 2004 ipsius
576 1970 693 1996 animam
702 1970 1006 2005 pertransibitgladius,

217 2021 248 2043 ut
267 2021 424 2050 retegantur
440 2023 471 2050 ex
483 2016 576 2042 multis
587 2015 716 2042 cordibus
728 2015 921 2049 cogitationes;
935 2024 944 2041 ι
955 2015 1007 2043 hoc

218 2063 335 2088 innitens
365 2061 408 2087 his
437 2061 528 2087 verbis
553 2069 560 2086 :
588 2060 657 2086 Cum
686 2060 812 2087 homines
840 2064 865 2087 te
891 2065 1004 2087 matrem

219 2107 293 2133 illius
320 2106 364 2132 dol
385 2113 457 2132 ntem
491 2105 619 2136 viderint,
647 2105 758 2132 ﬂentem
788 2109 816 2132 et
841 2105 1006 2140 plorantem,

220 2160 281 2178 cum
298 2152 372 2178 hunc
390 2153 415 2178 in
433 2159 514 2179 cruce
531 2151 650 2188 pendere
664 2151 851 2186 conspexeris,
863 2151 930 2178 certi
942 2151 1007 2178 red-

1047 249 1123 266 σεται
1139 241 1271 276 ῥομφαία,
1284 242 1358 274 ὅπως
1372 243 1405 270 ἂν
1424 244 1656 278 ἀποκαλυφθῶσιν
1675 245 1708 271 ὲκ
1724 245 1831 271 πολλῶν

1046 287 1164 321 καρδιῶν
1185 288 1364 322 διαλογισμοί.
1384 299 1393 315 ι
1410 290 1466 316 Kal.
1478 291 1574 317 σκόπει
1597 291 1625 316 τί
1647 290 1773 325 βούλεται
1795 291 1832 317 τὰ

1045 332 1189 367 λεγόμενα.
1217 334 1283 360 Ἀπὸ
1295 334 1362 361 Θεοῦ
1378 332 1411 370 ἧν
1425 335 1586 370 ὡρισμένον,
1617 336 1661 362 ἵνα
1687 336 1763 362 οῦδὲν
1789 337 1832 371 ἴδῃ

1046 377 1161 403 θάνατον
1180 379 1194 405 ὁ
1209 379 1331 414 Συμεὼν,
1350 380 1415 414 πρὶν
1444 381 1459 415 ἥ
1493 381 1534 416 ἴδῃ
1556 381 1601 407 τὸν
1628 381 1755 415 Χριστὸν,
1783 382 1832 408 καὶ

1046 424 1154 457 ἐγένετο
1172 424 1346 459 ὑπέργηρως.
1378 425 1450 452 Ἰδὼν
1462 426 1490 452 δὲ
1516 426 1563 452 τὸν
1587 427 1715 461 Χριστὸν,
1741 424 1830 458 εἶπεν,

1049 480 1058 495 Ι
1075 470 1130 497 Νῦν
1145 471 1271 502 ἀπολύεις
1286 472 1332 498 τὸν
1351 472 1442 499 δοῦλόν
1471 482 1529 506 σου,
1545 473 1681 505 Δέσποτα,
1704 473 1776 500 κατὰ
1800 473 1832 499 τὸ

1047 515 1125 551 ῥῆμά
1141 525 1198 543 σου.
1218 526 1226 542 ι
1252 516 1301 543 Διὰ
1322 517 1388 550 γοῦν
1416 517 1511 544 τούτου
1532 517 1577 545 τοῦ
1604 519 1724 552 ῥήματος
1748 517 1832 550 ἔδειξε

1047 562 1155 593 πάντως
1169 561 1210 588 ὃτι
1231 561 1312 592 αὑτός
1327 563 1399 588 ἐστιν
1409 563 1422 589 ὁ
1434 559 1499 594 Θεδς
1521 564 1534 589 ὁ
1546 563 1718 597 χρηματίσας
1738 562 1831 593 αὐτὸν,

1048 606 1091 632 ἳνα
1108 607 1145 641 μὴ
1162 606 1203 642 ἴδῃ
1219 606 1343 637 θάνατον,
1365 607 1411 633 καὶ
1429 607 1467 639 ὡς
1494 608 1626 642 δεσπότην
1648 607 1764 634 θανάτου
1784 607 1833 633 καὶ

1047 650 1130 685 ζωῆς,
1150 652 1222 677 αἰτεῖ
1239 652 1269 683 ἐξ
1286 652 1367 678 αὐτοῦ
1380 653 1430 687 τὴν
1448 653 1501 678 ἀπὸ
1515 653 1570 678 τῶν
1587 652 1706 679 ἐνταῦθα
1729 651 1833 678 ἀπόλυ-

1048 704 1100 723 σιν.
1116 697 1151 722 Τὸ
1164 697 1202 729 δὲ,
1220 706 1228 722 ι
1245 693 1330 728 Οὗτος
1341 699 1430 724 κεῖται
1450 699 1489 729 είς
1502 698 1606 724 πτῶσιν
1626 698 1673 724 καὶ
1686 697 1833 737 ἀνᾴστασιν

1048 742 1153 769 πολλῶν
1181 744 1209 769 ὲν
1228 743 1266 778 τῷ
1283 743 1403 778 Ἰσραὴλ,
1419 753 1428 769 ι
1453 743 1575 779 δηλονότι.
1590 744 1617 770 οἱ
1638 743 1675 778 μὴ
1692 744 1731 775 εἰς
1752 744 1834 770 αὐτὸν

1047 789 1259 820 πεπιστευκότες
1272 789 1367 815 ἔπεσον
1380 789 1514 824 ψυχικῶς,
1544 791 1569 816 οι
1583 791 1612 817 δὲ
1639 790 1835 820 πιστεύσαντες

1048 835 1197 869 ἀνέστησαν
1210 835 1263 861 ἀπὸ
1278 835 1325 861 τοῦ
1340 835 1390 867 τῆς
1409 837 1548 870 ἁμαρτίας
1577 836 1733 871 πτώματος.
1748 836 1785 863 Τὸ
1804 836 1835 862 δὲ

1053 890 1061 904 ι
1074 881 1113 911 είς
1129 881 1239 914 σημεῖον
1258 881 1476 915 ἀντιλεγόμενον,
1495 891 1503 907 ι
1521 882 1561 908 ὅτι
1590 883 1688 912 πάντες
1707 883 1771 915 περὶ
1785 882 1835 908 τοῦ

1050 925 1169 958 Χριστοῦ
1187 925 1342 958 ἀντέλεγον.
1360 926 1390 952 υἱ
1406 925 1455 959 μὲν
1478 925 1532 960 γὰρ
1559 925 1651 958 ἔλεγον
1672 925 1712 951 ὅτι
1733 925 1836 958 ἁγαθός

1050 972 1134 1002 ἐστιν,
1150 971 1173 997 oi
1185 971 1223 1002 δὲ,
1238 972 1279 998 ὅτι
1304 980 1371 1006 πονη
1378 971 1435 1006 ρός.
1456 971 1537 997 Ἀλλὰ
1550 971 1581 1005 δὴ
1595 971 1641 997 καὶ
1656 970 1699 997 ἐπ’
1712 970 1786 1005 αὺτῷ
1795 970 1837 1005 τῷ

1052 1017 1161 1051 σταυρῷ
1184 1017 1329 1049 ἀντέλεγον
1340 1017 1387 1043 δύο
1403 1016 1519 1052 λῃσταί·
1539 1016 1768 1050 συνεσταύρωσαν
1781 1016 1838 1050 γὰρ

1052 1063 1120 1097 μετὰ
1135 1061 1180 1088 τοῦ
1195 1062 1315 1097 Χριστοῦ
1330 1062 1431 1097 λῃστὰς
1446 1061 1502 1092 δύο.
1517 1061 1565 1088 ἕνα
1587 1062 1618 1087 ὲκ
1633 1060 1727 1093 δεξιῶν
1740 1060 1836 1093 αὑτοῦ,

1051 1108 1097 1134 καὶ
1109 1108 1158 1133 ἕνα
1174 1107 1203 1139 ἐξ
1219 1108 1378 1142 εὐωνύμων.
1405 1107 1461 1134 Καὶ
1477 1108 1489 1133 ὁ
1503 1108 1552 1141 μὲν
1570 1105 1609 1138 εἷς
1624 1106 1686 1132 ῑδὼν
1706 1106 1750 1132 τὸν
1765 1107 1837 1140 Χρι-

1052 1152 1113 1179 στλν
1128 1153 1155 1179 ἐν
1177 1152 1216 1187 τῷ
1243 1152 1360 1188 σταυρῷ,
1379 1152 1549 1188 ἐϐλασφήμει
1577 1153 1638 1179 κατ’
1655 1152 1735 1178 αὐτοῦ
1747 1160 1754 1167 ·
1786 1152 1800 1178 ὁ
1814 1151 1838 1177 δ’

1052 1197 1129 1228 ἄλλος
1142 1198 1311 1232 ἐπετίμησεν
1337 1197 1422 1231 αὐτῷ,
1437 1197 1535 1229 εἰπὼν,
1555 1207 1562 1223 ι
1580 1197 1647 1224 οὐδὲ
1662 1197 1730 1232 φοϐῇ
1744 1197 1776 1223 σὺ
1791 1196 1838 1222 τὸν

1052 1243 1128 1275 Θεὸν,
1157 1244 1196 1269 ὅτι
1215 1244 1243 1269 ἐν
1268 1243 1308 1277 τῷ
1339 1243 1415 1278 σὺτῴ
1453 1243 1565 1278 κρίματι
1595 1242 1638 1275 εἷ;
1673 1243 1728 1269 Kal.
1756 1243 1838 1276 ἡμεῖς

1055 1289 1103 1324 μὲν
1120 1289 1174 1324 γὰρ
1187 1289 1310 1320 δικαίως,
1329 1288 1390 1320 ἄξια
1416 1288 1470 1323 γὰρ
1490 1285 1527 1314 ῶν
1541 1288 1698 1323 ἐπράξαμεν
1715 1288 1840 1322 ἀπολαμ-

1053 1335 1181 1369 ϐάνομεν,
1201 1331 1277 1364 οὗτος
1292 1334 1319 1360 δὲ
1333 1334 1410 1360 οὐδὲν
1438 1335 1538 1361 ἄτοπον
1553 1334 1663 1369 ἔπραξε.
1687 1333 1740 1360 Kal.
1763 1333 1838 1367 λέγει

1052 1380 1091 1415 τῷ
1109 1379 1205 1414 Ἰησοῦ,
1226 1389 1235 1405 ι
1255 1379 1397 1414 Μνήσθητί
1415 1388 1476 1413 μου,
1503 1379 1601 1412 Κύριε,
1627 1378 1692 1405 ὅταν
1715 1378 1794 1412 ἔλθῃς
1809 1378 1839 1403 ἐν

1053 1427 1086 1461 τῇ
1102 1425 1226 1460 βασιλείᾳ
1240 1433 1297 1451 σου.
1313 1434 1321 1450 ι
1340 1425 1396 1451 Καὶ
1412 1424 1513 1459 ὲσώθη.
1533 1425 1547 1450 ὁ
1560 1424 1582 1450 δ’
1601 1423 1681 1454 ἄλλος
1701 1423 1838 1450 ἀπώλετο.

1052 1473 1089 1499 Τὸ
1105 1472 1143 1505 δὲ,
1161 1481 1170 1498 ι
1186 1471 1237 1498 Σοῦ
1263 1472 1291 1498 δὲ
1307 1472 1391 1506 αὐτῆς
1407 1471 1455 1507 τὴν
1470 1471 1558 1506 ψυχὴν
1582 1470 1747 1497 διελεύσεται
1772 1470 1841 1504 ῥομ-

1015 1527 1036 1556 c
1054 1518 1132 1552 cpaiz.
1153 1519 1226 1548 ὅπως
1257 1517 1290 1544 ἂν
1311 1517 1539 1551 ἀποκαλυφθῶσιν
1553 1518 1584 1543 ὲκ
1599 1516 1703 1543 πολλῶν
1720 1515 1843 1550 καρδιῶν

1052 1563 1233 1598 δ.αλογισμοὶ,
1247 1570 1258 1589 ι
1273 1563 1328 1597 ἔχει
1339 1563 1419 1590 οὕτω.
1436 1562 1514 1594 Τινὲς
1523 1563 1576 1589 τῶν
1588 1562 1738 1597 ,αἱρετικῶν
1750 1561 1843 1594 ὲδὸξιιι-

1053 1609 1098 1636 ζον
1110 1609 1150 1636 ὃτι
1161 1609 1174 1634 ὸ
1191 1609 1305 1643 Χριστὸς
1317 1609 1380 1640 TV);
1392 1611 1442 1643 μέν
1466 1609 1524 1634 ἐστι
1543 1608 1589 1634 τοῦ
1604 1607 1670 1634 Θεοῦ
1698 1607 1747 1633 καὶ
1771 1606 1842 1638 Θεὸς

1053 1655 1166 1690 ἀληθὴς,
1194 1655 1337 1690 ἄνθρωπος
1353 1655 1380 1681 δὲ
1401 1654 1503 1689 ἀληθὴς
1519 1654 1569 1681 οὑκ
1591 1654 1676 1685 ἐστιν,
1689 1652 1756 1680 ἀλλὰ
1769 1653 1843 1679 κατὰ

1054 1699 1203 1734 φαντασίαν
1225 1699 1335 1734 ἐγένετο
1351 1699 1505 1734 ἄνθρωπος.
1524 1699 1580 1725 Kal.
1608 1698 1695 1725 ἐδόκει
1723 1697 1774 1732 μὲν
1800 1697 1844 1728 είς

1053 1746 1117 1777 τοὺς
1132 1745 1246 1776 πολλοὺς
1269 1744 1358 1777 τοῦτο,
1390 1745 1431 1771 ὅτι
1450 1743 1672 1778 ὁμολογουμένως
1696 1742 1844 1775 ἄνθρωπός

1055 1791 1140 1823 ἐστιν,
1160 1790 1189 1816 οὺ
1206 1791 1258 1825 μὴν
1278 1790 1306 1816 δὲ
1331 1790 1377 1816 καὶ
1396 1787 1429 1824 ’ἦν
1455 1790 1524 1816 κατὰ
1540 1788 1668 1824 ἀλήθειαν
1685 1787 1842 1823 ἄνθρωπος.

1055 1837 1141 1863 Τοῦτο
1158 1836 1223 1870 γοῦν
1246 1835 1364 1871 προϊδὼν
1379 1835 1393 1861 ό
1418 1835 1541 1869 Συμεὼν,
1556 1834 1593 1866 ὼς
1614 1834 1767 1869 προφήτης,
1781 1831 1844 1859 sit:

1055 1883 1088 1917 τῇ
1104 1881 1237 1917 Θεοτόκῳ,
1260 1890 1269 1907 ι
1288 1881 1342 1907 Kal.
1358 1880 1405 1907 σοῦ
1421 1880 1449 1906 δὲ
1465 1880 1549 1915 αὐτῆς
1561 1880 1611 1914 τὴν
1637 1879 1724 1914 ψυχὴν
1739 1878 1844 1905 διελεύ-

1056 1936 1132 1954 σεται
1148 1927 1282 1962 ῥομφαία,
1308 1926 1381 1956 ὅπως
1395 1925 1427 1953 ἃν
1443 1925 1671 1960 ἀποκαλυφθῶσιν
1685 1926 1717 1950 ἐκ
1734 1924 1843 1950 πολλῶν

1056 1971 1174 2007 καρδιῶν
1185 1970 1352 2005 διαλογισμοί
1367 1978 1373 1984 ·
1395 1979 1404 1996 ι
1426 1973 1505 1996 τοῦτο
1525 1969 1667 2004 δηλοῦντος
1687 1968 1734 1994 τοῦ
1750 1968 1842 2002 λόγου,

1056 2018 1098 2044 ὅτι
1113 2017 1198 2053 ’ρταν
1213 2017 1302 2044 ἴδωσιν
1321 2017 1346 2043 ol
1373 2015 1510 2051 ἄνθρωποι
1525 2015 1556 2041 σὲ
1570 2015 1619 2048 τὴν
1634 2014 1741 2050 μητέρα
1758 2012 1844 2040 αὑτοῦ

1056 2061 1231 2096 λυπουμένην
1251 2062 1297 2088 καὶ
1325 2061 1480 2096 θρηνοῦσαν
1510 2061 1557 2087 καί
1582 2060 1742 2092 κλαίουσαν,
1772 2059 1844 2086 θεωα

1059 2106 1159 2143 ροῦσαν
1179 2106 1274 2133 τοῦτον
1287 2108 1316 2134 ἐν
1329 2107 1368 2142 τῷ
1386 2106 1505 2141 σταυρῷ,
1521 2106 1648 2141 μέλλουσι
1666 2105 1845 2139 πληροφορη-

1059 2153 1138 2188 θῆναι
1155 2154 1201 2180 καὶ
1212 2152 1383 2187 πιστωθῆναι
1398 2153 1423 2179 οἱ
1445 2153 1552 2187 ἔχοντες
1581 2151 1645 2186 περὶ
1666 2149 1749 2177 αὐτοῦ
1778 2151 1845 2181 τοὺς

221 2198 321 2224 dentur
336 2203 363 2224 et
378 2197 626 2228 conﬁrmabuntur,
642 2197 688 2232 qui
708 2197 888 2232 cogitationes
902 2197 936 2224 de
958 2197 1001 2225 ille

1058 2198 1258 2233 διαλογισμοὺς,
1275 2197 1547 2232 ὃτιὸμολογουμένως
1559 2197 1606 2222 καὶ
1618 2195 1667 2223 ἄνθ
1673 2195 1763 2231 ρωπος
1773 2196 1844 2228 ἐστι,

221 2244 324 2270 habent
356 2243 464 2275 dubias,
485 2243 557 2277 quod
576 2243 642 2270 citra
660 2251 768 2270 omnem
790 2243 1005 2271 controversiam

221 2295 249 2317 ct
264 2290 345 2317 homo
358 2290 403 2319 sit.
418 2295 446 2316 et
463 2295 525 2317 tuus
537 2289 618 2317 ﬁlius.
632 2289 729 2317 Sancta
742 2290 815 2317 enim
831 2295 918 2318 mater
933 2290 1007 2318 illius

222 2338 311 2364 doluit
324 2338 434 2372 quidem
446 2338 554 2371 hunc_in
566 2328 826 2372 cruce,conspicata,
839 2338 1008 2372 exspectavit

224 2389 315 2411 autent
331 2384 412 2410 simul
430 2383 662 2410 resurrectionem
684 2383 758 2411 illius
771 2383 852 2410 tertio
867 2383 1009 2417 die_secu—

223 2435 324 2461 turam,
345 2434 372 2456 et
389 2430 478 2456 lmtata
498 2435 550 2461 est.
563 2429 634 2463 quod
647 2434 675 2457 et
690 2429 814 2464 contigit.
829 2429 907 2456 Nunc
927 2429 1009 2463 igitur

224 2476 364 2511 intelligis,
394 2476 531 2510 quomodo
558 2476 649 2502 omnia
668 2483 729 2510 qua:
754 2475 788 2502 de
812 2474 922 2502 Christo
937 2474 1010 2502 facta

224 2526 301 2554 sunt,
317 2522 457 2557 propheta:
475 2527 503 2549 et
517 2521 604 2548 sancti
628 2521 813 2556 prtedixcrint,
834 2520 1011 2556 quemadmo—
1035 2554 1037 2556 ι

225 2568 290 2592 dum
305 2569 386 2592 etiam
409 2567 435 2592 in
457 2566 509 2592 hoc
532 2570 627 2593 nostro
650 2572 813 2602 argumento
842 2565 943 2592 factum
957 2569 1009 2592 est.

225 2612 259 2639 Et
279 2619 327 2638 vus
342 2611 462 2646 quidem,
479 2612 549 2638 sicut
573 2610 622 2641 illi.
640 2611 831 2646 itnaginatorio
856 2611 937 2638 modo
962 2611 1010 2638 ho—

229 2658 330 2684 minem
343 2658 443 2684 factum
455 2665 515 2685 esse
528 2665 580 2683 non
593 2657 694 2688 dicitis,
708 2656 755 2684 sed
763 2656 902 2684 Christum
916 2663 1012 2683 verum

229 2703 371 2730 hominem
402 2711 462 2730 esse
488 2703 631 2734 fatemini;
648 2702 827 2729 nihilominus
844 2707 931 2728 tamen
963 2701 1014 2728 ali-

228 2749 295 2784 quid
313 2749 448 2777 haereticis
459 2749 548 2776 simile
559 2748 658 2776 dicitis.
669 2747 728 2775 Non
740 2747 814 2775 enim
829 2747 1014 2780 arbitramini,

262 2841 274 2856 ³
293 2841 361 2868 Luc.
381 2847 412 2873 ιι,
428 2839 526 2867 25-52.
565 2839 575 2855 ⁶
593 2838 658 2866 Luc.
689 2844 765 2872 χχιιι,
788 2836 878 2865 19-43.

1060 2244 1107 2272 καὶ
1122 2244 1166 2275 σὸς
1185 2243 1243 2275 υῐδς
1265 2244 1393 2278 ὑπάρχει.
1430 2243 1462 2269 Ἦ
1477 2242 1531 2277 γὰρ
1562 2242 1628 2275 ἁγία
1652 2240 1732 2268 αὑτοῦ
1751 2242 1845 2275 μήτηρ

1060 2290 1183 2325 ἐλυπήθη
1200 2289 1261 2324 μὲν,
1274 2288 1411 2324 θεωροῦσα
1420 2289 1465 2315 τὸν
1475 2288 1532 2315 υτον
1543 2287 1628 2322 αὐτῆς
1639 2288 1667 2314 ὲν
1675 2287 1713 2322 τῷ
1723 2286 1845 2322 σταυρῷ,

1061 2335 1197 2370 ἐξεδέχετο
1210 2335 1238 2361 δὲ
1259 2335 1333 2369 ὅμως
1349 2335 1396 2361 καὶ
1408 2334 1457 2369 τὴν
1466 2334 1616 2369 τριήμερον
1631 2332 1714 2359 αὑτοῦ
1729 2332 1848 2358 ἀνάστα-

1063 2389 1116 2413 σιν,
1144 2381 1191 2406 καὶ
1210 2381 1354 2415 ἠγάλλετο,
1379 2381 1447 2415 ὅπερ
1469 2380 1500 2414 δὴ
1522 2379 1568 2406 καὶ
1587 2378 1705 2412 ἐγένετο.
1732 2378 1848 2409 Βλέπεις

1062 2427 1119 2458 πῶς
1136 2425 1225 2453 πάντα
1244 2426 1279 2452 τὰ
1293 2427 1332 2456 είς
1343 2425 1389 2451 τὸν
1401 2425 1519 2460 Χριστὸν
1534 2424 1664 2458 γεγονότα
1677 2424 1808 2458 προεῖπον
1822 2424 1847 2449 οἱ

1063 2474 1203 2508 προερῆται
1213 2471 1264 2498 ’καὶ
1277 2472 1302 2498 ot
1319 2472 1402 2505 ἅγιοι,
1421 2471 1458 2502 ὡς
1483 2471 1530 2496 καὶ
1546 2471 1610 2505 περὶ
1630 2470 1679 2504 τῆς
1703 2469 1848 2503 παρούσης

1064 2519 1235 2551 ὑποθέσεω;;
1253 2519 1306 2544 Ka‘t
1319 2518 1398 2552 ὑμεῖς
1417 2518 1478 2552 μὲν,
1504 2517 1542 2548 ὡς
1566 2517 1665 2542 ἐκεῖνοι
1683 2515 1789 2549 ἔλεγον,
1806 2516 1848 2541 ὃτι.

1064 2563 1136 2592 κατὰ
1153 2564 1305 2598 φαντασίαν
1333 2563 1442 2597 ἐγένετο
1470 2562 1623 2597 ἇνΟρωπυ;,
1641 2561 1721 2587 τοῦτο
1747 2560 1779 2586 οὐ
1805 2560 1850 2586 λέ-

1064 2618 1137 2645 γετε,
1163 2609 1231 2636 ἀλλὰ
1262 2609 1351 2643 ἀληθῆ
1370 2608 1513 2643 ἄνθρωπον
1543 2607 1635 2641 λέγετε
1658 2607 1704 2633 τὴν
1719 2605 1848 2640 Χριστὸν,

1065 2655 1139 2690 ὅμως
1153 2655 1246 2688 λέγετε
1261 2654 1410 2689 πιρόμοιον
1423 2653 1550 2684 ἐκείνοις.
1566 2652 1631 2680 Οῦδὶ
1648 2652 1703 2686 γὰρ
1721 2650 1850 2683 δοξάζετε

1066 2701 1107 2727 ὅτι
1124 2700 1203 2731 αὐτὸς
1215 2701 1229 2726 ὁ
1246 2700 1363 2734 Χριστὸς
1379 2699 1552 2734 ἐσταυρώθη,
1570 2698 1627 2724 ἀλλ’
1646 2698 1683 2728 ὼς
1697 2697 1780 2731 δῆθεν
1805 2703 1850 2720 τι·

1069 2748 1172 2782 μῶντες
1190 2747 1269 2774 αὖτδν
1282 2745 1306 2772 οἱ
1322 2745 1529 2780 Μουσουλμάνοι
1551 2745 1686 2780 λέγουσιν,
1707 2743 1748 2769 ὅτι
1770 2738 1852 2768 ἄλλον
