1946 3081
81 133 134 166 477

78 191 140 217 ἀντὶ
156 188 204 216 τοῦ
223 188 342 226 Χριστοῦ
359 187 534 224 ἐσταύρωσαν
562 190 587 215 οἱ
608 189 742 222 Ἰουδαῖοι,
758 195 860 223 φαντα-
873 190 896 219 Α

80 236 189 267 σθέντες
205 236 336 267 ὃτιαὺτός
351 236 426 262 ἐστιν
441 234 591 270 ὁΧριστὸς.
607 234 664 262 Κᾶν
677 235 732 270 γὰρ
744 233 860 262 καθόλου

80 281 129 308 ἐπὶ
141 280 189 307 τοῦ
209 281 328 315 Χριστοῦ
344 280 374 307 οὺ
389 279 518 314 δοξάζητε
549 279 710 314 φαντασίαν,
728 279 786 306 ἀλλ’
801 279 862 305 ἐπεὶ

79 326 202 352 ὁπωσοῦν
211 326 306 359 λέγετε
322 325 386 360 περὶ
404 325 486 352 αὑτοῦ
507 326 548 352 ὅτι
560 324 670 358 ἐγένετο
694 324 758 351 ἀλλ’)
788 324 862 359 παρὰ

80 372 129 406 τὴν
142 372 283 406 ἀλήθειαν,
302 371 498 406 ἀπαραιτήτως
513 370 560 397 καὶ
577 371 657 405 ὑμεῖς
681 371 720 401 εἰς
740 369 790 404 τὴν
814 369 862 395 αὺ-

80 417 128 450 τὴν
144 417 324 452 περιπίπτετε
349 415 463 450 πλάνην.
481 415 578 451 Ὅμως
610 415 689 450 εἴπερ
717 414 861 448 συνέλθητε

81 461 140 495 μετ’
155 462 269 487 ἐκείνων
293 461 332 492 εις
349 460 455 494 λόγους,
477 461 524 486 καὶ
552 461 650 486 ὲκεῖνοι
677 459 725 494 μὲν
748 459 861 486 εῐπωσιν

79 505 121 532 ὅτι
137 505 277 537 παντελῶς
305 504 412 539 ἐγένετο
434 507 448 532 ὀ
473 505 590 540 Χριστὸς
616 505 687 532 κατὰ
711 504 861 539 φαντασίαν

81 551 237 586 ἄνθρωπος,
263 551 342 585 ὑμεῖς
359 551 387 576 δὲ
409 550 596 584 ἀντιλέγοντες
624 549 719 584 εἴπητε
745 550 788 576 ὅτι
812 549 862 576 οὐκ

74 588 156 622 Ἔστιν
170 595 269 628 οὕτως,
286 595 353 622 ἀλλὰ
368 596 437 621 κατᾶ
453 595 583 630 ἀλήθειαν
609 595 658 629 μὲν
687 594 795 628 ἐγένετο
814 594 862 621 ἄν·

81 639 200 674 θρωπος.
216 640 276 666 ἐπεὶ
291 640 319 666 δὲ
331 639 405 674 μόνῳ
419 640 457 674 τῷ
467 640 547 667 πάθει
562 640 670 674 ἐγένετο
686 641 701 675 ἡ
716 640 861 674 φαντασία.

82 683 130 709 καὶ
148 683 227 714 ἄλλος
243 684 318 710 ἐστὶν
334 683 392 710 ἀντ’
407 683 510 710 ἐκείνου
525 686 538 710 δ
561 683 738 718 σταυρωθεις,
765 684 862 710 ἐκεῖνοι

80 728 104 755 δ’
121 725 201 759 αὖθις
216 728 380 754 ἀντείπωσιν
395 728 436 755 ὅτι
455 729 518 755 Ἐὰν
537 730 615 763 ὑμεῖς
631 728 680 763 μὲν
698 728 797 763 λέγητε
822 729 862 755 ὅτι

81 775 134 800 ἁπδ
149 774 249 808 μέρους
263 774 371 808 ἐγένετο
396 775 413 810 ἡ
438 775 584 809 φαντασία,
601 774 682 808 ἡμεῖς
701 774 729 800 δὲ
749 774 863 808 λέγομεν

81 822 111 847 τὸ
127 821 254 853 καθόλου,
273 821 299 847 τί
329 821 556 856 κατηγορούμεθα
580 821 644 856 παρ’
669 821 756 855 ὑμῶν,
784 820 863 855 εἰπερ

82 867 196 900 λέγομεν
210 866 240 892 τὺ
258 865 370 893 καθόλου
385 866 534 900 φαντασίαν
547 874 554 898 ;
571 865 630 892 οὐδὲ
647 866 700 900 γὰρ
714 865 863 892 ἀντίκειταί

83 919 146 937 ποτε
161 911 285 946 τὸμέρος
304 911 343 946 τῷ
355 911 481 938 καθόλου·
498 911 593 946 ἐρωτῶ
610 919 650 942 σε,
665 911 693 937 τι
708 910 862 944 ἀναγκαίαν

52 964 54 966 ·
83 958 130 983 ναὶ
141 956 360 991 ὁμολογουμένην
369 957 516 991 ἀπὸκρισιν
531 957 642 990 μέλλετε
657 956 748 982 δοῦναι
762 957 863 990 αὐτοῖς

84 1002 286 1036 Πάντωςρἑχετε
302 1003 390 1029 εἰπεῖν
404 1002 542 1037 οὐδεμίαν.
561 1002 677 1033 Βλέπεις
693 1001 751 1033 πῶς
766 1003 779 1028 ὁ
789 1002 865 1028 διδᾶ-

84 1048 132 1080 ξας
147 1047 177 1073 τὸ
192 1047 311 1074 τοιοῦτον
328 1047 418 1083 δόγμα
432 1048 494 1079 τοὺς
508 1047 741 1081 Μουσουλμάνους
758 1047 863 1079 ἐδίδαξε

83 1093 177 1124 κακῶς
193 1101 200 1125 ς
216 1093 251 1119 Ἦ
266 1093 321 1128 γὰρ
337 1093 441 1126 ἀγνοῶν
459 1093 576 1126 ἐδίδαξεν
588 1092 602 1119 ὃ
620 1093 679 1119 ὀὐκ
706 1092 864 1126 ἐγίνωσκεν,

84 1139 100 1172 ἧ
117 1138 259 1170 γινώσκων
278 1138 379 1173 ἔκρυψε
403 1138 452 1173 τὴν
478 1138 620 1172 ἀλήθειαν.
643 1137 711 1164 Ἀλλ’
738 1138 816 1172 ἡμεῖς
840 1137 865 1163 oi

83 1185 242 1219 Χριστιανοὶ
269 1184 318 1219 οὐχ
331 1184 429 1215 οὕτως,
443 1184 511 1210 ἀλλὰ
528 1183 698 1218 διδαχθέντες
719 1182 749 1209 τὸ
764 1182 865 1216 ἀληθὲς

58 1259 60 1261 _
84 1231 159 1265 παρά
177 1239 206 1256 τε
220 1230 274 1256 τῶν
297 1230 454 1264 προφητῶν,
488 1230 564 1263 παρά
583 1237 613 1255 τε
637 1228 683 1255 τοῦ
698 1228 863 1262 Εὖαγγελίου

84 1277 131 1302 καὶ
150 1275 206 1301 τῶν
229 1275 358 1309 μαθητῶν
376 1274 424 1300 τοῦ
453 1274 581 1309 Χριστοῦ,
601 1273 655 1299 τῶν
684 1272 875 1307 διδαχθέντων,

83 1323 149 1358 παρ’
162 1321 257 1353 αὐτοῦ,
272 1321 344 1347 οὕτω
360 1319 523 1355 φρονοῦμεν,
543 1321 589 1346 καὶ
604 1319 674 1346 οὕτω
692 1317 864 1352 πιστεύομεν,

81 1369 122 1393 ὃτι
139 1367 154 1393 ὁ
172 1367 233 1398 Υἱὸς
251 1366 297 1392 τοῦ
322 1365 401 1399 Θεοῦ,
421 1366 511 1400 σάρκα
539 1364 629 1391 λαϐὼν
658 1364 691 1390 ἐκ
718 1363 767 1398 τῆς
785 1363 865 1396 ἁγίας

83 1411 224 1446 Παρθένου
249 1411 295 1437 καὶ
311 1410 454 1441 Θεοτόκου.
469 1409 578 1443 ἐγένετο
596 1409 736 1443 ἄνθρωπος
752 1407 864 1441 ἀληθὴς,

83 1461 126 1482 ναι
145 1456 226 1487 αὐτὸς
245 1455 380 1482 ἀπέθανεν
395 1454 515 1489 ἀληθῶς,
529 1453 577 1480 καὶ
589 1453 638 1479 οὑκ
663 1452 752 1484 ἄλλος.
768 1452 820 1479 Καὶ
836 1453 864 1478 ὲν

83 1501 121 1534 τῷ
138 1499 257 1535 σταυρῷ,
272 1498 372 1533 καὶτῷ
396 1499 489 1530 πάθει,
514 1498 561 1525 καὶ
585 1498 625 1532 τῷ
655 1497 762 1532 θανάτῳ
782 1496 864 1523 αὑτοῦ

85 1545 264 1581 καυχώμεθα.
284 1546 338 1571 Καὶ
349 1545 373 1571 εἰ
388 1545 487 1579 βούλει,
508 1545 624 1572 ἄκουσον
645 1544 757 1570 Ἡσαΐου
770 1543 864 1577 λέγον-

84 1600 142 1623 τος,
159 1599 168 1615 ι
185 1590 242 1617 Οὐκ
253 1589 326 1616 ἐστιν
343 1586 411 1619 εἶδος
428 1588 515 1622 αὐτῷ,
543 1588 603 1614 οὐδὲ
625 1587 698 1621 δόξα.
727 1588 781 1614 Καὶ
797 1587 868 1613 sido-

87 1645 137 1670 μεν
153 1635 245 1668 αὐτὸν,
261 1635 309 1662 καὶ
324 1634 374 1661 οὐκ
389 1631 462 1669 εἶχεν
488 1632 567 1665 εἶδος,
589 1633 650 1660 οὐδὲ
669 1632 777 1664 κάλλος,
801 1632 868 1658 ἀλλά

85 1682 116 1707 ἐδ
130 1681 200 1712 εἶδος
213 1679 297 1707 αὑτοῦ
308 1681 416 1714 ἄτιμον,
431 1680 555 1706 ἐκλεῖπον
568 1679 599 1705 τὸ
615 1677 684 1710 εἶδος
699 1678 780 1705 αὑτοῦ
793 1678 870 1711 παρά

84 1728 148 1758 τοὺς
174 1726 247 1756 υἱοὺς
262 1725 316 1751 τῶν
333 1724 497 1760 ἀνθρώπων.
522 1724 684 1758 Ἀνθρωπος
713 1725 741 1750 ἑν
775 1725 868 1758 πληγῇ

85 1771 136 1803 ῶν,
150 1771 195 1796 καὶ
215 1768 293 1800 εἰδὼς
309 1767 405 1803 φέρειν
437 1768 584 1802 μαλακίαν,
608 1768 649 1794 ὅτι
676 1767 869 1802 ἀπέστραπται

85 1817 116 1841 τὸ
133 1815 280 1850 πρόσωπον
292 1813 386 1845 αὑτοῦ,
399 1813 549 1848 ἡτιμάσθη,
580 1814 627 1840 καὶ
653 1813 703 1839 οὐκ
731 1813 868 1847 ἐλογίσθη.

86 1859 172 1892 οὗτος
191 1859 239 1890 τὰς
253 1859 389 1894 ἁμαρτίας
407 1858 486 1893 ἡμῶν
501 1858 590 1893 φέρει,
619 1861 664 1885 καὶ
696 1860 760 1892 περὶ
791 1858 870 1894 ἡμῶν

83 1905 294 1933 (id-avita.an
317 1905 397 1939 ἡμεῖς
418 1903 603 1938 ἐλογισάμεθα
631 1903 713 1930 αὺτδν
741 1901 810 1930 εἶναι
842 1905 871 1929 ἐν

86 1953 161 1986 πόνῳ
186 1951 232 1977 καὶ
259 1951 288 1976 ἐν
307 1950 399 1984 πληγῇ
433 1950 485 1976 ὑπὸ
509 1949 588 1982 Θεοῦ,
618 1949 665 1976 καὶ
688 1950 716 1975 ὲν
739 1949 870 1975 κακώσει.

85 1999 177 2029 Αὐτὸς
192 1997 220 2023 δὲ
235 1996 440 2031 ὲτραυματίσθη
458 1995 501 2021 διὰ
524 1996 572 2025 τὰς
594 1994 709 2030 ἀνομίας
723 1995 812 2029 ἡμῶν»
825 1995 872 2020 καὶ

88 2044 293 2079 μεμαλάκισται
313 2042 355 2068 διὰ
371 2041 420 2072 τὰς
441 2041 576 2076 ἁμαρτίας
598 2041 687 2076 ἡμῶν,
704 2040 813 2066 Παιδεία
836 2041 873 2066 εί-

87 2094 174 2126 ρὴνης
190 2089 268 2123 ἡμῶν
290 2087 334 2114 ἐπ’
352 2087 444 2119 αὑτὸν,
473 2087 510 2122 τῷ
542 2086 656 2121 μώλωπι
690 2085 771 2112 αὑτοῦ
792 2086 871 2120 ἡμεῖς

86 2137 215 2169 ἰάθημεν.
233 2134 336 2163 Πάντες
361 2133 399 2164 ὡς
425 2132 549 2167 πρόϐατα
579 2131 782 2166 ὲπλανήθημεν.
810 2131 873 2155 Ἀν-

879 1529 901 1559 C

557 131 709 162 CONTRA
731 129 974 160 ΜΑΠΟΜΕΤΕΜ
993 130 1182 162 APOLOGIA
1203 131 1245 162 II.

1645 130 1700 162 478

911 189 984 224 quod
1002 188 1060 224 ipse
1079 189 1227 216 cruciﬁxus
1243 189 1289 221 sit.
1305 189 1352 216 sed
1368 189 1530 217 M'usulmani
1543 196 1591 218 ceu
1607 189 1698 217 hono-

914 234 1001 262 raturi
1014 234 1090 262 illum
1099 235 1205 268 dicunt,
1214 234 1324 262 Judtcos
1337 234 1421 261 alium
1434 234 1578 268 quemdam
1593 234 1699 261 Christi

912 280 972 307 loco
1001 279 1172 307 eruciﬁxisse
1185 301 1191 311 ,
1209 287 1271 306 cum
1297 279 1490 314 imaginatione
1509 279 1574 306 falsa
1590 279 1697 314 decepti

912 325 985 353 hunc
992 325 1130 353 Christum
1139 333 1199 352 esse
1207 325 1374 359 putaverint.
1385 324 1460 351 Licet
1467 325 1540 351 enim
1549 324 1576 350 in
1585 323 1697 351 Christo

911 371 1093 398 universalem
1113 370 1187 397 illam
1212 370 1434 404 imaginationem
1450 369 1507 396 sive
1523 368 1697 403 phantasiam

910 425 964 444 non
976 416 1106 451 probetis.
1118 423 1179 443 cum
1195 421 1285 442 tamen
1298 415 1373 442 illum
1383 415 1474 448 aliquo
1487 414 1567 448 modo
1577 413 1618 440 vel
1630 419 1697 440 tem-

910 469 975 497 pore
982 469 997 488 a
1005 460 1067 488 vera
1073 461 1222 488 substantia
1230 460 1436 495 degeneravisse
1443 459 1550 491 dicatis,
1556 459 1614 485 sine
1622 458 1699 484 omni-

911 506 1095 534 controversia
1113 506 1139 532 in
1154 506 1280 532 eumdem
1296 513 1417 532 errorem
1434 504 1564 531 inciditis.
1578 503 1606 530 Si
1622 503 1695 530 enim

911 552 1058 587 aliquando
1076 552 1154 579 vobis
1170 559 1232 578 eum
1258 551 1324 586 ipsis
1342 551 1491 585 disputatio
1512 549 1654 582 incideret,
1670 553 1698 576 et

912 598 950 625 illi
963 598 1074 633 quidem
1090 597 1210 625 dixerint
1225 596 1367 624 Christum
1384 603 1432 630 per
1447 595 1539 622 omnia
1559 594 1698 621 hominem

911 643 995 671 fuisse
1006 643 1238 677 imaginatorium,
1253 650 1299 669 vos
1312 649 1377 669 vero
1394 641 1436 668 his
1450 649 1464 668 e
1477 644 1572 668 contra
1587 647 1699 674 respon-

912 689 1020 720 deritis,
1039 688 1113 715 hunc
1141 695 1238 715 revera
1266 687 1406 714 hominem
1428 693 1523 712 verum
1547 685 1642 716 fuisse.
1670 686 1698 711 in

913 733 970 761 sola
994 738 1085 760 autem
1102 733 1228 768 passione
1249 732 1332 759 fuisse
1350 731 1583 766 imaginatorinm,
1602 730 1702 757 alium-

913 779 1050 814 que‘loco
1068 779 1139 806 illius
1155 778 1313 806 cruciﬁxum
1342 785 1413 809 esse,
1438 777 1465 803 hi
1491 781 1582 803 autem
1608 776 1699 802 denuo

915 824 1074 858 objecerint,
1096 823 1172 857 Quod
1189 823 1210 850 si
1230 830 1278 849 vos
1309 820 1503 856 particularem
1529 819 1699 853 phantasiam

914 869 958 896 vel
969 869 1190 903 imaginationem
1207 869 1234 894 in
1248 867 1359 894 Christo
1380 866 1478 892 factam
1493 865 1578 892 luisse
1597 865 1699 895 dicitis.

914 923 963 942 cur
979 922 1029 941 nos
1045 915 1092 948 qui
1108 913 1294 940 universalem
1313 913 1472 943 asserimus,
1490 916 1602 945 propter
1618 910 1669 937 hoc
1685 917 1700 936 a

913 960 993 987 vobis
1008 959 1187 987 damnamur?
1203 958 1374 986 Particulare
1387 958 1459 984 enim
1476 964 1538 983 eum
1554 955 1700 982 universali

914 1013 967 1032 non
996 1009 1106 1040 pugnat.
1119 1004 1156 1031 Te
1170 1004 1260 1037 itaque
1277 1004 1426 1038 interrogo.
1451 1009 1532 1036 quam
1546 1000 1702 1035 responsio-

915 1058 976 1078 nem
1003 1050 1058 1077 illis
1082 1044 1206 1077 aﬁ'eretis
1221 1049 1331 1083 dignam
1355 1053 1382 1075 et
1408 1047 1598 1082 probabilem?
1614 1046 1699 1078 Quam

915 1098 990 1121 certe
1005 1093 1060 1120 huc
1075 1093 1209 1125 aﬂ‘cratis,
1227 1092 1330 1118 nullam
1355 1091 1460 1118 habetis
1483 1091 1604 1117 omnino.
1620 1089 1702 1116 Vides

915 1139 999 1173 igitur
1021 1145 1102 1173 quam
1125 1145 1253 1172 perverse
1277 1136 1461 1163 Musnlmanos
1479 1134 1640 1164 instituerit,
1655 1133 1702 1167 qui

915 1183 1072 1218 hujusmodi
1097 1181 1194 1216 dogma
1223 1180 1310 1213 dedit,
1331 1180 1388 1207 sive
1403 1180 1508 1206 inscius
1524 1186 1626 1208 rerum,
1643 1185 1704 1210 qua:
1754 1175 1763 1187 '

915 1237 969 1256 non
1000 1227 1153 1259 intellexit,
1179 1227 1318 1258 docuerit;
1339 1225 1396 1252 sive
1422 1232 1450 1251 re
1473 1224 1547 1250 omni
1576 1223 1702 1257 cognita,

916 1274 1059 1301 veritatem
1076 1278 1166 1300 tamen
1191 1270 1354 1299 occulncrit.
1372 1270 1458 1297 Aliter
1475 1276 1542 1296 vero
1563 1260 1612 1296 nos
1627 1268 1705 1295 Chri-

916 1319 998 1348 stiani
1028 1319 1171 1346 veritatem
1199 1318 1289 1345 edocti
1319 1317 1354 1344 ab
1388 1316 1456 1351 ipsis
1491 1315 1644 1350 prophetis,
1670 1322 1705 1341 ex

915 1363 1064 1398 Evangelia
1080 1370 1189 1398 quoque
1206 1367 1234 1390 et
1251 1361 1394 1397 discipulis
1409 1369 1424 1388 a
1444 1361 1554 1388 Christo
1572 1360 1706 1386 institutis

916 1411 956 1438 sic
967 1409 1194 1441 sentimus,etsic
1212 1408 1350 1436 credimus
1360 1417 1367 1434 :
1379 1406 1452 1442 quod
1467 1406 1551 1434 Filius
1564 1405 1610 1433 Dei
1622 1412 1706 1432 carne

916 1461 1052 1492 assumpta
1071 1465 1103 1484 ex
1119 1461 1212 1484 sancta
1224 1460 1252 1483 et
1264 1456 1379 1490 Deipara
1395 1455 1506 1489 Virgine
1527 1454 1610 1481 homo
1625 1461 1708 1480 verus

916 1507 996 1530 natus
1006 1504 1051 1533 sit.
1061 1507 1088 1530 et
1098 1501 1170 1529 idem
1181 1502 1238 1536 ipse
1251 1509 1314 1528 vere
1323 1501 1359 1527 sit
1370 1504 1504 1531 mortuus,
1513 1505 1605 1526 etnon
1616 1499 1706 1525 alius:

919 1551 947 1575 et
962 1548 988 1575 in
1002 1555 1096 1580 cruce,
1113 1551 1140 1574 et
1153 1547 1179 1573 in
1195 1547 1323 1581 passione
1337 1550 1365 1573 et
1382 1545 1410 1572 in
1429 1550 1518 1572 morte
1532 1545 1592 1579 ejus
1607 1543 1708 1578 gloria-

912 1591 992 1620 'mur.
1017 1592 1096 1625 Quod
1126 1591 1148 1619 si
1175 1591 1420 1623 volueris,lsaiam
1445 1590 1582 1618 dicentem
1613 1588 1677 1615 audi
1699 1596 1707 1615 :

923 1646 932 1663 ι
950 1637 1010 1664 Non
1035 1635 1208 1671 cst.species
1234 1635 1270 1668 ei,
1298 1643 1388 1670 neque
1417 1635 1514 1670 gleria.
1534 1634 1567 1661 Et
1591 1633 1709 1661 vidimus

919 1691 994 1715 eum,
1018 1690 1068 1710 nec
1085 1681 1204 1709 habebat
1230 1681 1360 1716 speciem,
1380 1688 1469 1714 neque
1491 1681 1631 1707 decorem.
1655 1678 1708 1706 Sed

921 1729 1025 1764 species
1039 1728 1098 1763 ejus
1119 1727 1292 1758 inhonorata.
1316 1734 1349 1754 ac
1379 1726 1509 1754 deﬁciens
1528 1726 1610 1753 decor
1624 1725 1710 1759 ipsius

921 1782 977 1809 prae
1004 1773 1067 1800 liliis
1090 1773 1243 1799 hominum.
1262 1771 1349 1799 llomo
1377 1772 1404 1799 in
1429 1772 1506 1807 plaga
1525 1771 1669 1801 cxsisteus,
1682 1774 1711 1797 et

921 1818 1011 1846 sciens
1040 1817 1112 1844 ferre
1141 1817 1342 1849 inﬁrmitatem,
1369 1816 1431 1851 quia
1453 1823 1548 1842 aversa
1564 1819 1605 1842 est
1628 1815 1711 1842 facies

921 1865 990 1900 ejus,
1002 1865 1129 1899 despecta
1143 1868 1193 1896 est,
1211 1868 1239 1891 et
1255 1872 1309 1891 non
1324 1869 1366 1891 est
1379 1868 1517 1898 reputata.
1534 1862 1583 1889 llic
1600 1867 1710 1896 peccata

922 1915 1014 1938 nostra
1032 1915 1133 1945 portat,
1150 1915 1177 1937 et
1190 1917 1240 1945 pro
1254 1909 1335 1937 nobis
1346 1909 1431 1940 dolet,
1444 1913 1471 1936 et
1486 1915 1536 1935 nos
1554 1908 1715 1942 putavimus

922 1963 985 1983 eum
999 1963 1057 1983 esse
1070 1956 1096 1982 in
1113 1955 1207 1982 dolore
1223 1961 1249 1982 et
1261 1955 1338 1990 plaga
1353 1962 1368 1981 a
1382 1955 1447 1986 Deo.
1464 1958 1492 1981 et
1507 1953 1534 1980 in
1551 1952 1710 1979 afﬂictione.

923 2001 985 2035 Ipse
999 2001 1160 2028 vulneratus
1174 2005 1216 2028 est
1236 2005 1349 2035 propter
1371 2000 1532 2036 iniquitates
1549 2003 1667 2030 nostras,
1684 2002 1713 2024 et

923 2048 1075 2074 inﬁrmatus
1102 2051 1144 2074 est
1172 2050 1285 2081 propter
1307 2051 1417 2081 peccata
1440 2049 1542 2072 nostra.
1562 2044 1712 2078 Disciplina

922 2092 1000 2127 pacis
1024 2091 1105 2118 nobis
1133 2099 1217 2126 super
1247 2098 1311 2118 cum
1330 2099 1337 2117 :
1355 2090 1442 2117 livore
1471 2089 1532 2123 ejus
1556 2096 1608 2115 nos
1623 2087 1712 2115 sanati

923 2145 1029 2165 stnnus.
1047 2136 1149 2164 Omnes
1171 2141 1301 2170 tanquam
1320 2143 1384 2162 oves
1399 2135 1565 2162 erravimus.
1581 2133 1668 2160 ilomo
1685 2133 1713 2160 in

85 2182 197 2216 θρωπος
212 2181 246 2214 τῇ
263 2179 315 2213 ὀδῷ
331 2177 414 2204 αὐτοῦ
428 2177 579 2212 ἐπλανήθη,
598 2177 645 2203 καὶ
669 2176 767 2210 Κύριος
786 2175 867 2210 παρέ-

923 2182 965 2209 via
980 2190 1029 2210 sua
1044 2181 1158 2213 erravit,
1176 2186 1204 2208 et
1227 2180 1361 2208 Dominus
1374 2179 1489 2207 tradidit
1503 2186 1565 2206 eum
1582 2178 1714 2212 iniquita-

86 2228 176 2254 δωκεν
189 2225 270 2252 αὐτὸν
285 2226 344 2255 ταῖς
361 2224 511 2259 ἁμαρτίαις
536 2223 624 2258 ἡμῶν.
652 2222 704 2249 Καὶ
722 2223 802 2253 αὐτὸς
826 2222 871 2248 διὰ

85 2273 116 2299 τὸ
129 2271 317 2303 κεκακῶσθαι,
333 2271 382 2296 οὐκ
392 2270 493 2303 ἀνοίγει
507 2269 538 2295 τὸ
553 2269 640 2303 στόμα
656 2268 748 2295 αὐτοῦ.
768 2277 776 2294 ι
796 2266 871 2298 Εἶδες

87 2319 146 2349 πῶς
172 2318 222 2344 οὐκ
240 2317 413 2352 αἰσχύνονται
429 2317 453 2342 oi.
466 2315 624 2350 Χριστιανοὶ
638 2314 682 2340 διὰ
698 2314 728 2340 τὸ
741 2314 787 2340 τοῦ
805 2314 872 2348 Χρι-

88 2363 155 2390 στοῦ
186 2362 283 2394 πάθος,
312 2361 379 2387 ἀλλά
401 2362 447 2388 καὶ
477 2362 506 2388 ὲν
534 2361 610 2395 αὐτῷ
632 2360 802 2395 καυχῶνται,
827 2361 873 2386 καὶ

85 2408 196 2444 τρανῶς
221 2409 274 2433 εἱσι
291 2407 370 2433 τοῦτο
403 2406 604 2441 κηρύττοντες;
631 2406 714 2438 Ποίας
741 2407 794 2442 γὰρ
812 2406 874 2441 ἑξη-

87 2456 197 2488 γήσεως
207 2452 294 2479 δεῖται
309 2453 324 2487 ἡ
341 2452 467 2486 παροῦσα
483 2451 637 2487 προφητεία
651 2452 727 2486 ἡλίου
747 2452 875 2487 καθαρὼ·

86 2506 168 2532 τερον
183 2497 330 2531 λάμπουσα
345 2505 353 2529 ;
370 2496 419 2527 Τίς
447 2497 500 2530 γὰρ
521 2496 575 2523 τῶν
603 2496 755 2530 ἀνθρώπων
776 2497 876 2532 πάσχει

86 2543 121 2569 δι’
148 2543 229 2569 ἄλλον
257 2542 395 2576 ἁμαρτίας
428 2542 504 2576 παρὰ
527 2541 613 2574 Osci;
641 2543 751 2574 Πάντως
778 2543 875 2574 οεδείς.

86 2588 142 2615 Καὶ
165 2589 236 2618 τινος
267 2588 322 2614 τῶν
342 2587 494 2622 ἀνθρώπων
522 2587 632 2618 θάνατος
663 2588 771 2621 ἐγένετο
793 2588 874 2615 ἄλλοι)

85 2635 242 2664 ἀνάστασις
258 2641 265 2666 ;
282 2633 333 2660 Καὶ
348 2634 419 2665 τίνος
435 2635 576 2669 ἀρῤωστία
591 2634 699 2667 ἐγένετό
715 2643 779 2661 ποτε
792 2634 873 2661 ἄλλου

85 2679 186 2711 ὑγείας
200 2679 311 2710 Πάντως
326 2679 400 2714 ἔχεις
421 2681 520 2712 εἰπεῖν,
553 2681 666 2712 Οὐδενὸς
688 2681 768 2708 ἄλλου
792 2682 807 2716 ἤ
827 2682 874 2709 τοῦ

85 2724 224 2759 Χριστοῦ.
255 2725 339 2756 Αὐτὸς
369 2726 422 2774 γὰρ
451 2725 530 2760 μόνος
561 2726 660 2753 ἐιαθεν
690 2727 759 2762 ὑπὲρ
786 2728 876 2764 ἡμῶν,

125 2813 139 2828 ’
157 2815 210 2842 lsa.
225 2823 280 2847 Lm,
299 2815 308 2842 Ι
328 2823 402 2850 seqq.

927 2228 1002 2254 tibus
1015 2226 1128 2259 nostris,
1141 2231 1167 2253 et
1180 2226 1240 2261 ipse
1257 2230 1370 2261 propter
1384 2225 1561 2252 afﬂictionem
1580 2231 1634 2250 non
1649 2229 1715 2257 ape-

926 2273 982 2300 ruit
1015 2279 1045 2299 os
1067 2280 1146 2299 suum
1165 2272 1187 2299 ⁷.
1209 2281 1218 2297 ι
1250 2270 1490 2298 Animadvertisne
1523 2277 1577 2304 qua
1606 2269 1714 2295 ratione

929 2316 977 2343 ﬁat
993 2320 1023 2343 ut
1037 2316 1210 2343 Christianos
1238 2315 1374 2350 passionis
1400 2314 1503 2341 Christi
1525 2321 1580 2340 non
1602 2313 1713 2348 pudeat.

927 2363 993 2397 quin
1005 2362 1096 2397 potius
1110 2362 1136 2388 in
1151 2361 1205 2388 hac
1225 2361 1389 2396 glorientur,
1406 2364 1434 2387 et
1455 2360 1528 2386 illam
1548 2358 1716 2394 pr.udicent?

924 2408 983 2441 Qua
1006 2408 1080 2435 enim
1102 2407 1330 2442 interpretatione
1351 2406 1511 2433 vaticinium
1528 2405 1580 2432 hoc
1596 2411 1716 2438 prarsens

925 2454 984 2489 ipso
997 2453 1054 2480 sole
1070 2451 1240 2487 splendidius
1256 2451 1379 2486 indiget?
1397 2450 1464 2484 Quis
1478 2451 1550 2477 enim
1572 2449 1716 2476 hominum

925 2507 975 2534 pro
992 2498 1105 2526 alterius
1133 2497 1254 2532 peccatis
1276 2497 1391 2532 patitur.
1410 2501 1596 2530 prmterquam
1624 2493 1719 2520 Deus?

924 2544 1022 2571 Nullus
1046 2551 1122 2571 sane.
1150 2543 1234 2577 Cujus
1257 2543 1340 2570 etiam
1367 2542 1487 2570 hominis
1503 2549 1578 2568 mors
1601 2539 1717 2567 alterius

930 2590 963 2618 ﬁt
978 2589 1166 2618 resurrectio?
1181 2589 1266 2624 Cujus
1291 2589 1424 2624 mgritudo
1442 2587 1557 2615 alterius
1581 2590 1624 2613 est
1643 2584 1717 2612 sani-

930 2637 989 2664 tas?
1003 2637 1093 2664 Fateri
1107 2636 1220 2675 omnino
1234 2640 1353 2670 oportet,
1371 2635 1444 2670 quod
1460 2635 1511 2661 hoc
1528 2640 1582 2660 non
1597 2632 1633 2659 sit
1647 2631 1717 2657 alte-

930 2683 987 2710 rius
999 2690 1079 2716 qnam
1099 2682 1184 2709 solius
1197 2681 1310 2709 Christi.
1324 2681 1385 2716 lpse
1397 2681 1471 2708 enim
1488 2679 1563 2707 solus
1573 2686 1622 2713 pro
1638 2676 1721 2703 nobis

930 2737 1025 2764 passus
1051 2734 1104 2763 est,
1135 2734 1163 2757 et
1188 2729 1246 2764 ipse
1281 2731 1456 2763 contemptus
1485 2732 1547 2760 est,
1574 2724 1621 2752 sed
1648 2729 1719 2750 con.-
