1946 3081
229 121 283 155 479

825 127 985 159 ΙΓΑΝΝΙΞ
1000 128 1243 160 CAN'l‘ACUZEN
1249 130 1260 160 ί

1793 132 1849 166 480

228 185 363 216 templum
396 181 469 209 hunc
499 182 577 210 nihili
612 182 703 210 duxit.
732 184 793 218 Ipse
829 191 972 219 peccatum
1004 194 1018 214 e

1072 187 1123 213 καὶ
1144 188 1226 220 αὐτὸς
1234 188 1386 224 ἡτιμάσοη,
1407 189 1452 216 καὶ
1465 190 1515 218 οὐκ
1528 190 1669 225 ὲλογίσατό
1689 201 1714 219 τι
1729 191 1779 228 τὴν
1793 193 1853 220 ἀτι-

228 226 320 254 medio
350 227 472 260 sustulit,
505 232 533 255 et
552 229 609 263 ipse
635 236 684 264 pro
710 230 791 257 nobis
817 230 937 258 afﬂictus
962 237 1014 264 est,

227 277 255 298 ct
270 271 328 305 ipse
351 272 514 300 vulneratus
528 277 570 300 est
585 277 698 308 propter
722 274 881 310 iniquitates
907 281 1016 304 nostras

229 321 260 343 ut
282 317 344 344 illas
367 317 488 350 deleret,
511 323 539 346 et
563 319 651 347 livore
676 319 750 347 illius
778 329 828 348 nos
849 329 944 349 omnes
964 330 1016 350 sa-

228 363 285 390 nati
302 371 409 391 smnus.
430 364 518 392 Moses
530 373 593 392 vero
611 366 650 393 sic
661 366 728 393 dixit
741 374 748 392 :
763 375 772 392 ‹
783 367 917 395 Videbitis
932 368 1015 395 vitam

228 413 348 436 vestram
371 417 531 445 suspensam
549 416 612 439 ante
627 413 724 440 oculos
746 418 852 441 vestros
862 414 883 441 ⁸.
905 423 914 439 ι
932 415 1016 449 Cujus

229 454 302 480 enim
313 455 367 481 vita
382 456 513 489 suspendi
524 461 614 490 potest
623 461 686 485 ante
699 458 793 485 oculos
806 459 921 493 alicujus
931 459 1017 486 ?Nul-

229 498 282 525 lius
292 499 415 527 omnino.
429 500 482 528 Sed
496 501 571 529 solus
581 501 708 530 Christus
722 503 748 530 in
770 509 851 531 cruce
866 512 1017 539 suspensus

230 548 282 574 est,
296 545 342 578 qui
354 550 395 572 est
407 545 461 572 vita
476 546 581 573 mundi.
596 547 656 581 lpsc
667 547 783 582 enimjde
799 556 828 575 se
837 549 905 576 dixit
918 559 924 576 ε
940 559 948 574 ι
961 550 1017 584 Ego

229 596 288 615 sum
310 590 375 621 vit:,
397 598 448 624 ego
466 599 526 618 sum
540 592 594 624 via,
619 600 668 627 ego
683 601 743 620 sum
767 594 867 622 veritas
876 595 897 622 '.
914 604 923 620 ι
938 594 1017 622 Nunc

230 633 362 662 nimirum
391 636 545 672 intelligis,
578 638 727 673 prophetas
752 639 834 666 etiam
864 640 897 667 de
930 646 1018 669 morte

228 679 342 713 Christi,
359 682 590 716 quemadmodum
612 683 646 711 de
668 685 782 719 reliquis
800 686 937 718 omnibus,
957 694 1018 713 esse

229 725 404 754 vaticinatos.
422 727 546 762 Agnosce
563 729 658 764 igitur,
671 730 744 764 quod
765 730 879 758 indubie
892 731 1018 759 Christus

231 771 289 805 ipse
305 777 431 800 mortuus
455 773 500 800 sit.
515 774 560 801 llle
585 775 643 809 ipse
663 776 736 803 enitn
753 767 902 804 cruciﬁxus
928 782 969 804 est
991 782 1019 805 et

230 821 366 847 mortuus.
382 823 410 844 et
439 826 494 846 non
519 819 600 851 alius,
628 825 658 847 ttt
683 829 732 848 vos
758 821 850 850 dicere
865 822 969 850 soletis.
986 823 1019 850 Et

228 862 316 889 livore
345 864 418 892 illius
439 873 535 892 omnes
559 871 647 893 sanati
675 875 780 899 sumus,
798 872 826 895 et
853 873 941 896 morte
960 863 1019 903 ejus

230 916 326 936 ornucs
356 918 453 938 smnus
489 911 635 945 vivificati,
661 917 689 940 et
718 914 922 942 resurrectione
947 914 1020 942 illius

229 961 326 982 omnes
353 955 479 989 vicimus,
498 962 526 984 ct
551 965 631 985 cruce
647 958 720 986 illius
742 959 843 986 abolita
861 964 903 987 est
917 960 1020 987 diaboli

230 1002 354 1034 tyrannis
383 1003 534 1037 mortisque
565 1005 699 1038 potentia.
716 1004 744 1032 Si
768 1012 833 1032 vero
854 1005 916 1040 quis
944 1014 1020 1034 nunc

228 1044 342 1080 objiciat
361 1055 368 1072 :
386 1046 437 1079 Qui
467 1047 550 1082 igitur
574 1049 720 1084 contingit,
742 1055 771 1077 ut
795 1050 921 1077 homines
935 1051 1018 1078 etiam

229 1098 304 1118 nunc
322 1092 487 1126 moriantur,
502 1099 529 1121 et
546 1094 673 1122 diabolus
688 1095 779 1122 adhuc
802 1096 872 1123 liber
887 1097 943 1123 sit?
961 1102 1021 1124 ten-

229 1141 288 1164 tare
302 1138 375 1164 enim
395 1139 520 1166 homines
534 1147 706 1174 nequaquam
728 1141 839 1172 desiuit,
852 1141 898 1168 sed
911 1149 1019 1169 summo

227 1183 320 1210 studio
335 1191 431 1211 omnes
454 1185 487 1212 ad
509 1185 677 1219 peccandum
694 1186 810 1219 Incitat;
827 1186 892 1214 huic
914 1195 965 1214 nos
980 1187 1020 1215 sic

229 1229 460 1263 respondebimus
481 1239 488 1257 :
507 1231 584 1263 llaec,
610 1239 692 1266 quam
725 1239 776 1259 nos
812 1237 928 1259 mortem
958 1241 1019 1261 esse

227 1277 367 1306 putamus,
390 1283 463 1301 mors
485 1283 539 1302 non
557 1281 619 1308 est,
635 1275 683 1303 sed
700 1283 824 1304 somnus.
848 1276 918 1304 Olim
945 1278 1019 1304 enim

228 1328 303 1349 mors
331 1322 392 1349 talis
407 1327 477 1354 erat,
504 1330 565 1357 quae
589 1323 798 1351 resurrectione
825 1323 946 1357 carebat,
971 1324 1019 1351 sed

228 1367 424 1395 detinebantur
442 1369 469 1396 in
493 1369 602 1396 inferno
619 1370 729 1402 animae,
746 1377 820 1396 nunc
848 1377 912 1397 vero
931 1378 1021 1397 resur-

228 1412 352 1439 rectione
383 1413 463 1440 nobis
479 1421 495 1440 a
517 1413 571 1441 Deo
596 1413 708 1446 donata,
724 1419 855 1448 tanquam
873 1421 905 1441 ex
922 1422 1020 1442 somno

228 1459 413 1486 resurrecturi
430 1467 526 1487 sumus
546 1467 642 1487 omnes
659 1459 796 1492 homines,
812 1465 867 1488 tam
885 1461 922 1496 pii
936 1469 1018 1496 quatn

229 1502 316 1537 impii.
331 1504 364 1530 Et
377 1505 530 1537 considera,
541 1513 643 1540 quzeso,
654 1513 712 1532 rem
733 1505 903 1533 tremendam
917 1506 1020 1534 ethor-

229 1549 346 1576 rihilem.
364 1550 393 1576 ln
409 1549 549 1578 hominem
574 1551 647 1578 enim
678 1552 784 1579 ratione
800 1556 828 1579 et
845 1559 929 1580 sensu
951 1560 1021 1588 prm-

228 1594 316 1621 ditum
340 1594 374 1621 ab
387 1595 491 1622 Adamo
506 1603 580 1623 mors
597 1597 731 1631 regnavit,
753 1597 780 1623 in
795 1604 904 1624 omnem
932 1597 1022 1624 homi-

228 1648 379 1674 ncm;nec
413 1647 475 1670 erat
513 1643 679 1670 resurrectio
710 1643 738 1670 itt
772 1643 930 1671 hominibus
961 1644 1020 1671 sine

227 1686 349 1720 Christo,
368 1689 600 1722 quemadmodum
612 1689 753 1724 prophetm
771 1690 861 1717 testati
880 1695 953 1717 sunt.
967 1690 1020 1718 Per

227 1732 330 1760 Christi
350 1741 415 1760 rcro
433 1739 548 1761 mortem
578 1742 651 1761 mors
672 1733 716 1761 illa
738 1734 843 1770 dcjecta
865 1740 908 1762 cst
930 1739 958 1762 et
975 1743 1021 1762 su-

229 1785 336 1812 perata,
351 1780 482 1814 venitque
507 1779 674 1807 resurrectio
701 1787 709 1806 :
734 1784 762 1806 et
777 1785 865 1808 morte
881 1781 1019 1808 confracta

228 1822 362 1850 liberatus
379 1829 419 1850 est
437 1828 509 1851 totus
523 1823 643 1851 mundus
667 1832 682 1850 a
700 1828 833 1858 potestate
849 1824 965 1855 Satanae.
992 1829 1019 1852 ct

229 1870 376 1897 trudentes
389 1871 415 1897 in
433 1871 570 1898 Christum
583 1877 672 1899 etnon
682 1873 838 1900 credentes.
851 1872 963 1904 Omnes,
978 1873 1019 1900 iu-

230 1924 322 1951 quam,
341 1925 355 1943 a
381 1917 524 1951 tyrannide
545 1918 645 1945 diaboli
663 1923 728 1946 sunt
749 1918 870 1946 liberati.
893 1919 926 1946 Et
941 1926 1017 1951 sane,

231 1962 284 1989 nisi
301 1962 465 1989 ltlusnlmani
484 1962 630 1990 crederent
643 1964 873 1991 resurrectionem
889 1971 960 1997 esse,
976 1971 1021 1991 ra-

232 2007 322 2035 tiones
345 2013 435 2036 certas
459 2009 631 2040 all'errcmus,
660 2009 761 2043 quibus
789 2017 850 2036 eam
877 2017 1020 2044 possemus

231 2053 432 2088 comprobare;
449 2061 511 2081 cum
526 2061 590 2081 vero
604 2058 632 2082 et
647 2054 697 2088 ipsi
712 2054 834 2081 eamdem
852 2055 1021 2089 amplectan-

233 2101 277 2123 tur
296 2102 324 2125 et
337 2103 505 2132 exspectent,
525 2105 760 2133 supervacaneum
777 2099 842 2125 tnihi
863 2099 972 2126 videtur
987 2099 1020 2127 de

230 2143 274 2170 illa
290 2143 382 2171 multis
399 2145 544 2171 disserere.
570 2144 705 2171 Caeterum
722 2144 774 2171 hoc
788 2144 876 2171 solttm
891 2145 1019 2178 dicimus,

230 2189 463 2223 quemadmodum
483 2189 640 2224 accepimus
655 2193 682 2216 et
698 2196 794 2216 sumus
811 2189 901 2216 edocti
923 2198 955 2216 ex
974 2197 1019 2217 sa-

229 2243 275 2261 cra
292 2235 445 2270 Scriptura,
466 2243 547 2269 quam
564 2239 592 2262 et
607 2235 770 2262 Musulmani
786 2242 889 2262 sacram
905 2242 964 2262 esse
976 2235 1018 2269 fa-

230 2285 334 2311 tentur,
347 2279 448 2307 O‘aristi
461 2281 630 2307 resurrectio
644 2280 694 2307 toti
707 2280 810 2307 mundo
827 2280 939 2308 utilitati
955 2280 1018 2308 fuit.

228 2326 267 2353 De
291 2325 401 2352 diabolo
426 2331 518 2352 autem
541 2326 583 2353 sic
607 2326 725 2354 dicimus
743 2325 895 2358 :Quamvis
927 2325 1019 2353 adhuc

228 2370 351 2397 nondum
366 2371 566 2398 condctnnatus
589 2371 624 2398 sit
641 2371 666 2397 in
683 2371 773 2398 locutu
790 2370 933 2406 proprium
959 2378 1019 2405 pue-

229 2424 282 2448 nm,
308 2421 452 2450 propterea
466 2416 538 2450 quod
551 2416 695 2451 judicium,
713 2417 786 2451 quod
807 2415 934 2444 Christus
944 2416 1018 2452 judi-

228 2466 342 2489 εειιυτυε
369 2466 421 2492 est,
446 2462 568 2489 nondum
589 2467 757 2489 transactum
782 2461 828 2494 sit,
852 2463 903 2490 hoc
927 2469 1018 2490 tamen

229 2507 358 2534 veniente
373 2507 500 2535 diabolus
512 2508 602 2542 ignem
620 2508 794 2535 luereditabit
808 2508 1019 2544 inexstinguibi-

228 2554 294 2586 lem,
309 2554 355 2588 qui
370 2554 446 2580 illum
462 2558 564 2581 manet.
589 2554 622 2581 Et
634 2555 761 2589 quamvis
779 2555 905 2582 videatur
920 2555 966 2582 ille
977 2555 1017 2582 vi-

229 2607 305 2632 vere,
321 2607 371 2634 pro
387 2605 495 2627 mortuo
510 2605 600 2628 tamen
616 2606 658 2628 est
674 2601 826 2633 habendus,
848 2602 962 2636 perinde
985 2609 1017 2629 ac

231 2644 254 2672 si
270 2645 407 2672 homicida
421 2646 531 2681 aliquis,
550 2652 597 2674 aut
614 2647 669 2680 fur,
684 2647 788 2675 aliusve
808 2649 956 2683 quispiam,
970 2648 1018 2683 qui

231 2692 348 2726 (apitale
371 2693 483 2728 aliquod
507 2693 646 2720 commisit
663 2693 780 2726 facinus,
797 2701 812 2720 a
836 2702 899 2729 rege
922 2694 1019 2729 capitis

232 2737 369 2772 supplicio
383 2737 554 2774 adjudicatus
569 2738 664 2771 fuerit,
679 2738 745 2766 licet
759 2744 819 2773 post
836 2739 907 2767 hanc
924 2746 935 2753 ο
955 2747 964 2751 ’·
974 2747 1018 2766 "re

271 2830 283 2847 '
303 2831 382 2858 Deut.
395 2838 492 2864 xxvm,
507 2830 551 2859 66.
590 2833 600 2849 ⁸
620 2830 698 2859 Joan.
724 2838 779 2863 xtv,
798 2830 823 2858 6.

1071 233 1145 268 μίαν.
1166 234 1252 265 Αὐτὸς
1276 232 1326 269 ἦρε
1342 235 1391 270 τὴν
1415 236 1554 271 ἁμαρτίαν
1581 237 1613 263 ἐκ
1635 238 1682 264 τοῦ
1698 238 1792 273 μέσον,
1807 239 1855 265 καὶ

1070 280 1152 310 αὖτις
1168 279 1293 315 ὠδυνήοη
1309 281 1379 315 ὑπὲρ
1391 283 1481 316 ἡμῶν,
1492 283 1539 309 καὶ
1550 283 1632 315 αὐτὸς
1646 283 1856 319 ἐτραυματίσθη

1069 325 1113 351 διὰ
1130 325 1180 356 τάς
1199 327 1318 361 ἀνομίας
1343 327 1432 362 ἡμῶν,
1450 328 1492 355 ἵνα
1525 329 1612 361 αὑτὰς
1637 329 1789 365 άπαλείψῃ·
1806 329 1856 356 καὶ

1069 371 1108 406 τῷ
1147 371 1260 406 μώλωπι
1290 372 1373 399 αὑτοῦ
1395 374 1478 407 ἡμεῖς
1504 373 1605 404 πάντες
1632 374 1759 408 ίάοημεν.
1778 374 1809 400 '0
1828 375 1857 400 δὲ.

1069 417 1202 452 Μωοῦσῆς
1219 417 1305 449 οὕτως
1316 418 1440 453 ειρηκεν,
1459 428 1468 444 t
1489 412 1606 453 ὀψεσθε
1623 419 1673 453 τὴν
1686 419 1758 455 ζωὴν
1774 419 1857 454 ἡμῶν

1071 463 1250 498 κρεμαμένην
1263 464 1395 490 ἀπέναντι
1408 464 1462 490 τῶν
1478 465 1626 499 ὀφθαλμῶν
1640 465 1726 499 ὑμῶν.
1747 475 1757 491 ι
1776 465 1858 497 Τίνος

1072 508 1129 544 ζωὴ
1143 509 1256 536 δύναται
1276 510 1466 545 κρεμασθῆναι
1491 510 1620 537 ἀπέναντι
1639 512 1692 537 τῶν
1706 511 1858 546 ὀφθαλμῶν

1071 555 1149 588 ὑμῶν
1163 563 1170 588 ;
1186 555 1298 586 Πάντως
1313 555 1430 587 οὐδενός.
1450 555 1531 582 Ἀλλὰ
1546 557 1593 583 καὶ
1611 556 1691 591 μόνος
1707 558 1721 583 ὁ
1738 557 1857 592 Χριστὸς

1071 598 1228 633 ἐκρεμάσθη
1253 599 1301 625 ἐπὶ
1317 598 1364 625 τοῦ
1390 599 1518 633 σταυροῦ,
1548 600 1576 631 ὃς
1595 601 1697 634 ἐστινὴ
1724 599 1780 633 ζωὴ
1808 600 1857 627 τοῦ

1071 642 1185 677 κόσμου.
1204 642 1288 672 Αὐτὸς
1300 643 1353 677 γὰρ
1367 642 1462 677 εἴρηκε
1481 643 1546 676 περὶ
1561 642 1654 674 αὐτοῦ,
1679 652 1688 668 ι
1715 642 1784 676 Ἐγώ
1798 643 1857 677 ειμι

1071 687 1088 721 ἡ
1104 686 1171 721 ζωὴ,
1184 687 1240 721 ἐγὼ
1257 688 1272 722 ἡ
1290 687 1357 721 ὁδὸς,
1374 688 1430 721 ἐγὼ
1446 689 1462 723 ἡ
1479 688 1607 723 ἀλήθεια.
1627 698 1636 714 ι
1658 689 1771 718 Βλέπεις
1797 689 1858 720 πῶς

1073 731 1151 759 εἷπον
1167 733 1193 759 οί
1208 735 1347 769 προφῆται
1363 736 1428 769 περὶ
1442 734 1489 760 τοῦ
1521 735 1638 761 θανάτου
1657 735 1704 761 τοῦ
1724 734 1858 769 Χριστοῦ,

1072 777 1110 809 ὡς
1127 779 1250 814 καὶπερὶ
1266 780 1321 806 τῶν
1343 780 1431 807 ἄλλων
1455 781 1583 812 πάντων;
1603 779 1652 806 Διὰ
1671 780 1749 807 τοῦτο
1773 781 1861 813 γίνω-

1073 833 1122 851 σκε
1138 825 1180 851 ὅτι
1201 825 1426 860 ὁμολογουμένως
1454 826 1588 852 ἀπέθανεν
1615 826 1628 852 ὁ
1657 826 1786 860 Χριστὸς,
1810 826 1859 852 καὶ

1071 869 1152 901 αὑτός
1166 871 1264 897 ἐστινό
1290 871 1460 906 σταυρωοεὶς
1484 870 1529 898 καὶ
1553 871 1707 904 ἀποθανὼν,
1734 871 1782 897 καὶ
1807 871 1860 898 οὒκ

1071 915 1162 949 ἄλλος,
1175 917 1212 948 ὡς
1228 917 1308 952 ὑμεῖς
1323 917 1417 951 λέγετε
1427 926 1434 932 ·
1450 917 1546 952 καὶτῷ
1568 917 1682 950 μώλωπι
1698 915 1782 942 αὑτοῦ
1792 916 1862 942 πάν-

1070 971 1116 994 τες
1138 962 1265 998 ίάθημεν,
1282 963 1330 990 καὶ
1344 962 1383 997 τῷ
1398 962 1507 997 θανάτῳ
1529 962 1611 990 αὑτοῦ
1640 963 1741 994 πάντες
1772 962 1861 993 ἐζωο-

1070 1009 1235 1044 ποιὴθημεν,
1253 1009 1299 1036 καὶ
1324 1011 1356 1043 τῇ
1382 1009 1532 1036 ἀναστάσει
1550 1009 1632 1036 αὐτοῦ
1650 1010 1752 1040 πάντες
1765 1009 1864 1044 ἑνική-

1070 1065 1168 1090 σαμεν,
1183 1056 1231 1082 καὶ
1245 1055 1283 1090 τῷ
1300 1050 1409 1090 σταυρῷ
1424 1054 1508 1081 αὑτοῦ
1524 1054 1687 1089 κατηργήθη
1701 1055 1717 1089 ἡ
1731 1053 1779 1080 τοῦ
1803 1054 1861 1080 δια-

1070 1099 1148 1125 σόλου
1163 1098 1300 1132 τυραννὶς,
1314 1099 1361 1125 καὶ
1376 1099 1423 1124 τοῦ
1449 1098 1565 1125 θανάτου
1581 1099 1610 1125 τὸ
1637 1099 1745 1133 κράτος.
1777 1099 1813 1125 Είη
1836 1098 1862 1124 δ’

1070 1145 1135 1175 ῐσως
1152 1144 1266 1178 epam;
1280 1144 1319 1170 ὅτι
1338 1144 1393 1170 Καὶ
1407 1143 1465 1175 πῶς
1480 1145 1539 1170 ἐστι
1556 1144 1647 1176 τοῦτο,
1664 1145 1724 1170 ἐπεὶ
1745 1145 1817 1172 κατὰ
1829 1145 1861 1171 τὸ

1074 1189 1162 1224 παρὸν
1174 1190 1198 1215 οἱ
1229 1189 1369 1224 ἄνθρωποι
1389 1190 1621 1225 ἀποθνήσκουσιν,
1638 1192 1684 1217 καὶ
1701 1191 1715 1217 ὁ
1735 1190 1862 1222 διάὸολος

1070 1235 1110 1261 ἔτι
1128 1235 1271 1270 ἐλεύθερός
1285 1237 1354 1266 ἐστι,
1380 1235 1470 1262 διόλου
1500 1237 1555 1270 γὰρ
1574 1236 1716 1270 πειράζειν
1731 1237 1793 1267 τοὺς
1810 1237 1860 1263 ἀν-

1070 1278 1196 1314 θρώπους
1207 1280 1237 1306 οὐ
1254 1279 1381 1312 παύεται,
1411 1280 1479 1306 ἀλλά
1491 1280 1596 1315 μεγάλῃ
1613 1281 1645 1315 τῇ
1676 1280 1780 1315 σπουδῇ
1807 1281 1862 1307 διε-

1070 1325 1158 1360 γείρει
1174 1325 1264 1352 πάντα
1281 1326 1427 1361 ἄνθρωπον
1441 1326 1722 1360 ἁμαρτάνεινςὴμεῒς
1740 1325 1861 1360 ἐροῦμεν

1070 1371 1136 1406 πρὸς
1148 1371 1229 1397 αὑτὸν
1247 1370 1349 1404 οὕτως,
1373 1371 1413 1398 ὅτι
1428 1371 1442 1397 ὁ
1468 1370 1644 1405 νομιζόμενος
1673 1370 1788 1402 θάνατος
1808 1371 1860 1396 οὐκ

1070 1415 1128 1442 ἔστι
1139 1416 1266 1448 θάνατος,
1284 1415 1350 1442 ἀλλὰ
1362 1415 1456 1446 ὕπνος.
1478 1415 1546 1441 Τότε
1562 1415 1616 1449 γὰρ
1643 1412 1678 1449 ἢν
1699 1415 1713 1441 ὁ
1743 1414 1862 1446 θάνατος

1070 1461 1195 1493 θάνατος,
1209 1462 1254 1488 ὅτε
1268 1461 1318 1488 οὐκ
1331 1458 1365 1496 ἦν
1381 1461 1540 1492 ἀνάστασις.
1564 1460 1631 1487 ἀλλὰ
1656 1460 1816 1495 κατείχοντο
1832 1461 1863 1487 αἱ

1033 1525 1054 1554 c
1069 1507 1154 1542 ψυχαὶ
1168 1507 1219 1533 ὑπὸ
1235 1506 1282 1533 τοῦ
1311 1506 1387 1542 ᾅδου,
1406 1505 1464 1532 Νῦν
1489 1506 1517 1532 δὲ
1545 1507 1623 1554 ἐπεὶ-
1636 1506 1761 1541 ἐδωρήθη
1789 1507 1859 1542 ἡμῖν

1072 1551 1147 1586 παρά
1160 1551 1228 1577 Θεοῦ
1241 1551 1265 1586 ζὴ
1297 1551 1456 1582 ἀνάστασις,
1488 1550 1525 1582 ὡς
1554 1550 1583 1583 ἐξ
1610 1549 1697 1576 ὕπνου
1725 1550 1829 1584 μέλλομ
1847 1559 1864 1577 ν

1071 1596 1222 1631 ἀναστῆναι
1238 1597 1339 1628 πάντες
1354 1596 1504 1632 ἀνθρωττοι,
1528 1596 1599 1623 οἵτε
1619 1596 1753 1628 εὐσεόεῖς,
1776 1596 1804 1622 οἴ
1830 1605 1864 1622 τε

1071 1643 1191 1674 ἀσεϐεῖς.
1209 1642 1264 1668 Καὶ
1279 1642 1374 1669 σκόπει
1405 1643 1522 1677 πρᾶγμα
1539 1642 1654 1676 φοϐερὶν
1681 1642 1727 1668 καὶ
1756 1641 1865 1676 φρίκης

1071 1690 1156 1726 γέμον
1175 1688 1215 1720 εἷς
1225 1688 1368 1723 ἄνθρωπον
1385 1689 1478 1725 ἔχοντα
1489 1688 1551 1715 νοῦν
1572 1688 1619 1714 καὶ
1634 1687 1771 1722 αἴσθησιν.
1793 1688 1864 1714 ’Λπὺ

1070 1734 1118 1760 τοῦ
1146 1734 1232 1769 Ἀδὰμ
1249 1734 1424 1761 ὲῦασίλευσεν
1440 1735 1453 1761 ὁ
1468 1734 1584 1765 Θάνατος
1596 1734 1635 1764 εἷς
1649 1733 1739 1760 πάντα
1753 1733 1863 1768 ἄνθρω-

1072 1788 1133 1812 πον,
1152 1780 1199 1806 καὶ
1212 1780 1262 1807 οὐκ
1276 1777 1310 1816 ἦν
1328 1781 1476 1812 ἀνάστασις
1494 1780 1523 1806 ὲν
1538 1780 1596 1811 τοῖς
1621 1779 1777 1815 ἀνθρώποις
1795 1779 1864 1806 Leu

1071 1824 1119 1851 τοῦ
1139 1825 1270 1860 Χριστοῦ,
1288 1825 1380 1857 καθὼς
1394 1825 1470 1861 παρὰ
1481 1826 1535 1852 τῶν
1549 1826 1698 1861 προφητῶν
1721 1825 1865 1860 μεμαρτύ-

1072 1877 1164 1902 ρηται.
1182 1869 1231 1895 Διά
1245 1869 1273 1895 δὲ
1287 1869 1333 1896 τοῦ
1349 1869 1467 1896 θανάτου
1489 1869 1536 1896 τοῦ
1553 1869 1673 1905 Χριστοῦ
1704 1869 1863 1904 κατεϐλὴθη

1071 1914 1086 1940 ὁ
1102 1913 1230 1946 θάνατος,
1247 1915 1293 1941 καὶ
1308 1913 1391 1950 ἦλθεν
1403 1916 1420 1950 ἡ
1442 1915 1602 1947 ἀνάστασις,
1619 1916 1667 1941 καὶ
1695 1915 1864 1941 καταλυθέν-

1071 1968 1116 1990 τος
1132 1959 1178 1986 τοῦ
1192 1959 1319 1993 θανάτου,
1345 1960 1521 1995 ἠλευθερώθη
1549 1960 1620 1991 ἅπας
1636 1961 1650 1986 ὁ
1682 1960 1784 1994 κόσμος
1807 1959 1864 1987 ἀπὸ

1071 2005 1120 2040 τῆς
1138 2005 1263 2038 ἐξουσίας
1273 2006 1319 2033 τοῦ
1335 2007 1454 2039 Σατανᾶ,
1475 2007 1521 2033 καὶ
1547 2006 1571 2033 οί
1595 2005 1796 2037 πιστεύσαντες
1813 2007 1865 2033 καὶ

1071 2052 1097 2078 οί
1113 2052 1150 2087 μὴ
1164 2053 1360 2084 πιστεύσαντες
1377 2053 1417 2084 είς
1433 2052 1478 2079 τὸν
1492 2052 1612 2087 Χριστὸν
1629 2052 1678 2087 τῆς
1703 2051 1865 2087 τυραννίδος

1070 2098 1118 2124 τοῦ
1141 2098 1266 2125 διαϐόλου
1309 2098 1410 2129 πάντες
1442 2097 1679 2133 ἠλευθερώθησαν.
1713 2097 1767 2123 Καὶ
1796 2097 1866 2128 ἴσως

1072 2144 1152 2177 εἴπερ
1169 2144 1247 2170 οὐδὲν
1259 2144 1403 2170 ἐπίστευον
1429 2144 1454 2170 oi
1472 2144 1682 2178 Μουσουλμάνοι
1707 2141 1776 2169 εἶναι
1796 2142 1866 2169 ἀνά-

1035 2193 1058 2222 D
1073 2197 1178 2220 στασιν,
1199 2189 1331 2224 ἐλέγομεν
1346 2189 1380 2216 ἂν
1395 2189 1494 2223 λόγους
1521 2188 1684 2219 δεικνύντας
1711 2186 1781 2214 εἶναι
1794 2188 1865 2214 ταύ-

1068 2242 1123 2270 την
1142 2233 1245 2269 ἀληθῆ.
1266 2234 1344 2261 Ἐπεὶ
1359 2234 1387 2261 δὲ
1406 2234 1454 2261 καὶ
1471 2234 1549 2261 αἰτοὶ
1578 2234 1732 2269 στέργουσι,
1749 2233 1798 2260 καὶ
1814 2234 1865 2260 ὲκ-

1069 2279 1194 2314 δέχονται
1207 2279 1309 2314 ταύτην
1319 2279 1352 2315 δὴ
1374 2280 1425 2314 τὴν
1451 2280 1612 2312 ἀνάστασιν,
1633 2279 1765 2314 περισσὸν
1791 2279 1865 2314 ἡγη-

1071 2334 1122 2361 μαι
1151 2325 1242 2359 λέγειν
1263 2327 1312 2352 καὶ
1343 2326 1460 2360 γράφειν
1481 2326 1545 2360 περὶ
1560 2319 1672 2359 ταῦτης.
1690 2325 1815 2359 Λέγομεν
1834 2324 1865 2351 δὲ

1071 2371 1150 2406 μόνον
1165 2371 1255 2403 τοῦτο,
1269 2371 1310 2398 ὃτι
1325 2370 1417 2403 καθὼς
1437 2370 1631 2406 παρελάϐομεν
1651 2370 1699 2397 καὶ
1712 2369 1860 2404 ἐδιδάχθη-

1072 2424 1122 2451 μεν
1134 2416 1190 2444 ἀπὸ
1208 2416 1257 2451 τῆς
1272 2416 1352 2450 ἁγίας
1366 2416 1489 2451 Γραφῆς,
1513 2417 1546 2452 ῆν
1561 2416 1608 2442 καὶ
1632 2416 1656 2442 οἱ
1675 2415 1866 2450 Μουσουλμάς

1071 2471 1111 2489 νοι
1127 2463 1208 2496 ἁγίαν
1221 2462 1361 2494 καλοῦσιν,
1383 2463 1399 2498 ἡ
1415 2463 1463 2489 τοῦ
1478 2462 1598 2498 Χριστοῦ
1620 2463 1772 2494 ἀνάστασις
1789 2462 1865 2496 ὠφέ-

1071 2509 1130 2535 λεια
1144 2508 1253 2543 ἐγένετο
1264 2509 1295 2535 ὲν
1309 2509 1364 2544 δλῳ
1376 2509 1415 2544 τῷ
1430 2509 1535 2544 κόσμῳ.
1549 2509 1616 2543 Περὶ
1632 2509 1661 2535 δὲ
1677 2508 1725 2535 τοῦ
1736 2508 1864 2534 διαϐόλου

1072 2555 1188 2590 λέγομεν
1204 2555 1293 2588 τοῦτο,
1309 2555 1350 2582 ὃτι
1365 2556 1390 2582 εί
1403 2555 1450 2582 καὶ
1462 2556 1554 2590 ἀκμὴν
1569 2555 1600 2581 οὐ
1620 2554 1804 2586 κατεδικάσθη
1817 2554 1866 2580 εὕ-

1073 2601 1214 2636 ρίσκεσθαι
1227 2601 1267 2632 είς
1284 2601 1330 2628 τὸν
1347 2601 1413 2628 ῐδιον
1425 2601 1507 2627 τόπον
1522 2601 1568 2628 τὸν
1583 2601 1632 2635 τῆς
1653 2600 1804 2633 κολάσεως,
1816 2599 1865 2627 διὰ

1071 2646 1101 2672 τὸ
1123 2647 1160 2681 μὴ
1176 2647 1317 2680 γεγονέναι
1332 2646 1382 2681 τὴν
1395 2645 1487 2680 κρίσιν
1515 2645 1620 2680 ἀκμὴν,
1638 2644 1672 2680 ἣν
1687 2644 1782 2679 μέλλει
1798 2644 1865 2678 κρί-

1072 2700 1128 2718 νειν
1143 2693 1157 2719 ὁ
1170 2692 1288 2727 Χριστός
1303 2699 1310 2707 ·
1338 2692 1398 2719 ἀλλ’
1414 2689 1461 2719 οὖν
1489 2691 1613 2723 ἐλθόντος
1638 2691 1745 2721 τούτου,
1766 2689 1864 2725 μέλλει

1073 2739 1290 2773 uiror-vapida?
1312 2739 1326 2766 ὁ
1338 2739 1460 2769 διάὃυλος
1472 2739 1502 2764 ch
1519 2738 1698 2765 ἀτελείτνντον
1708 2736 1774 2769 πῦρ,
1790 2737 1862 2762 ὅπεο
