1946 3081
114 141 165 175 481

113 201 254 236 ἐκδέχεται
275 201 367 228 αὑτόν.
383 201 414 228 Εἰ
439 202 492 236 γὰρ
517 202 566 228 καὶ
592 203 665 229 δοκεῖ
688 204 730 229 ὅτι
752 203 784 239 ζῇ
812 200 902 236 οὗτος,

113 247 220 279 ἀλλ’ὡς
241 247 389 282 τεθνηκότα
413 247 519 282 λογίζου
549 248 641 275 αὐτόν.
659 249 714 276 Καὶ
739 250 834 284 ὥσπερ
859 259 899 282 τις

113 293 210 327 φονεὺς
225 293 240 328 ἣ
257 290 389 329 κλέπτης,
404 294 420 328 ἦ
444 294 521 325 ἄλλος
542 302 584 326 τις
604 295 719 330 ποιήσας
736 295 802 330 ἔργα
819 296 900 323 θανά-

114 347 162 365 του
186 339 261 371 ἄξια,
285 339 332 365 καὶ
359 339 571 371 καταδικασθεὶς
599 341 675 374 παρὰ
694 341 740 367 τοῦ
767 341 899 375 βασιλέως

113 385 306 420 ἀποτμηθῆναι
330 385 380 419 τὴν
409 385 531 420 κεςραλὴν
547 386 643 417 αὐτοῦ,
665 384 725 412 εἶτα
752 387 822 421 μετὰ
849 387 899 421 τὴν

113 430 240 465 τοιαύτην
253 431 300 457 τοῦ
319 431 451 465 βασιλέως
481 431 620 465 ἀπόφασιν
642 431 768 464 ἐπιζήτει
791 434 899 467 ἡμέρας

114 476 192 507 τινὰς
207 477 236 502 ὲν
254 477 288 511 τῇ
317 476 436 511 φυλακῇ,
461 476 499 507 ὡς
532 477 670 510 τεθνηκὼς
689 479 899 511 καταλογίζεται

113 519 201 554 οὗτος,
212 523 236 547 εί
259 522 305 548 καὶ
321 523 360 547 ἔτι
375 522 443 556 μετὰ
457 521 510 549 τῶν
519 521 629 552 ζώντων
641 522 799 556 εὑρίσκεται
811 532 818 539 ·
828 523 899 550 οὕτω

115 568 162 593 καὶ
179 567 225 592 ἐπὶ
243 566 291 592 τοῦ
307 567 431 593 διασόλου
461 567 560 602 νόησον
590 567 680 594 τοῦτο.
721 568 780 602 ’Λφ’
800 566 831 595 οὗ
845 569 898 605 γὰρ

115 612 214 646 ἀνέστη
246 613 397 646 ὁΧριστὸς,
427 613 531 644 ἐκεῖνος
547 613 682 641 ἀπώλετο.
699 614 760 640 Ὅτι
773 615 801 640 δὲ
812 614 898 643 πλατν

113 666 152 683 τει
169 658 238 684 κατὰ
250 658 302 683 τῶν
317 657 470 690 ἀνθρώπων
488 658 537 685 ὅσα
552 658 619 693 δῆτα
637 660 684 686 καὶ
705 660 834 695 πράττει,
850 660 898 696 οὐχ

112 704 150 734 ὡς
177 704 303 735 ἰξουσίαν
318 703 334 739 ἦ
356 704 471 738 δύναμιν
483 713 544 731 τινα
562 705 633 740 ἔχων
645 706 771 740 πράττει,
787 706 845 732 ἀλλ’
861 707 898 737 ὡς

114 750 233 784 πονηρὸς
257 751 305 776 καὶ
331 750 459 778 ἀπατεὼν
488 751 665 786 ὑποκρίνεται
707 752 810 786 φιλίαν,
852 751 898 779 καὶ

114 795 297 829 συμεουλεύει
313 795 347 821 τὰ
372 796 587 832 ἀπηγορευμένα
603 798 650 824 καὶ
665 798 819 832 βλάπτοντα
836 798 898 828 τοὺς

114 841 285 875 ἀνθρώπους.
309 841 365 867 Καὶ
384 843 407 868 εί
420 843 468 876 μὲν
485 843 553 879 εὕρῃ
569 843 614 869 τὸν
628 843 810 875 ὑπακούοντα,
825 843 899 870 δοκεῖ

113 887 154 913 ὅτι
169 886 289 921 ἠδυνήθη
308 887 355 913 καὶ
370 887 482 921 ἐποίησε
498 888 601 923 βλάϐην
615 897 622 904 ·
638 890 661 915 εὶ
676 888 699 915 δ’
712 889 761 924 οὐχ
786 890 897 924 εὑρήσει

115 932 283 967 παραδοχὴν,
297 932 356 958 ἀλλ’
372 933 540 968 ἀποπεμφθῇ
553 933 625 960 οὕτω
637 934 726 966 κενὸς,
748 934 896 969 ἀπέρχεται

112 979 354 1013 κατῃσχυμμένος,
371 980 419 1005 καὶ
446 980 580 1014 μηδεμίαν
594 979 663 1014 ἔχων
679 980 762 1015 ἰσχύν.
778 980 899 1015 Ἀνθρω-

113 1033 163 1054 πος
173 1024 227 1059 γὰρ
243 1024 373 1056 πολλάκις
390 1025 577 1059 ἀναγκάζεται
594 1026 647 1052 ὑπὸ
663 1025 820 1061 ἀνθρώπου,
849 1027 897 1053 καὶ

111 1068 227 1102 πράττει
241 1069 316 1095 ἄκων
328 1069 398 1103 ὅπερ
415 1068 477 1095 οὔτε
498 1069 636 1103 βούλεται,
650 1069 712 1096 οὔτε
729 1070 782 1105 μὴν
799 1079 896 1105 προαι-

114 1115 210 1147 ρεῖται.
232 1113 300 1140 ’Υπὺ
324 1114 352 1140 δὲ
372 1113 419 1140 τοῦ
447 1113 572 1140 διαϐόλου
598 1114 647 1149 οὐχ
674 1115 771 1146 οὕτως·
796 1115 856 1141 ἀλλ’
882 1115 896 1141 δ

113 1159 279 1193 βουλόμενος
295 1158 419 1186 πείθεται
442 1160 474 1194 τῇ
497 1160 599 1194 ματαίᾳ
624 1159 708 1186 αὑτοῦ
735 1161 894 1196 συμῦουλῇσ

110 1205 125 1230 ὁ
140 1204 168 1230 δὲ
185 1204 222 1239 μὴ
233 1203 392 1238 βουλόμενος
407 1205 545 1238 λογίζεται
574 1205 655 1231 αὐτὸν
678 1205 716 1237 ὡς
747 1206 833 1233 οὐδέν.
859 1207 896 1233 Τὸ

111 1251 178 1276 αὐτὸ
193 1251 221 1277 δὲ
238 1251 318 1277 τοῦτο
347 1252 448 1286 πάσχει
471 1252 523 1282 πᾶς
546 1259 587 1282 τις
609 1251 752 1287 ἄνθρωπος
776 1253 822 1278 καὶ
850 1253 896 1279 ἐπὶ

109 1296 157 1322 τοῦ
184 1296 248 1322 ἰδίου
275 1296 418 1332 λογισμοῦ,
444 1297 513 1332 ὅπερ
539 1297 586 1323 καὶ
618 1297 665 1324 ἐπὶ
688 1297 736 1324 τοῦ
758 1297 894 1326 διαϐόλου.

105 1343 243 1377 ιἘρχεται
260 1342 312 1376 γὰρ
327 1343 367 1373 είς
382 1342 531 1376 ὲνθύμησίν
547 1351 621 1374 τινος
640 1343 815 1378 πράγματος,
843 1353 894 1371 κα·

109 1387 155 1413 λοῦ
167 1387 238 1421 λέγω
251 1388 297 1414 καὶ
313 1388 439 1422 αἰσχροῦ’
458 1389 505 1414 καὶ
521 1388 544 1414 εί
564 1388 613 1423 μὲν
630 1388 686 1422 ἔχει
708 1388 755 1414 τὸν
770 1389 892 1424 ἄρχοντα

110 1433 195 1459 αὐτοῦ
209 1433 270 1459 νοῦν
283 1433 347 1466 ὑγιᾶ
363 1434 409 1459 καὶ
428 1435 570 1469 φρόνιμον,
587 1434 678 1469 κρίνει
708 1435 757 1466 τὰς
774 1435 896 1470 ὲνθυμήὲ

110 1485 168 1508 σεις
181 1477 228 1503 καὶ
255 1478 317 1508 τοὺς
337 1477 484 1512 λογισμοὺς
509 1478 604 1510 αὑτοῦ,
637 1479 685 1505 καὶ
708 1479 841 1514 διακρίνει
864 1481 894 1506 τὸ

109 1523 234 1557 κρεῖττον
251 1523 304 1549 ἀπὸ
317 1523 363 1549 τοῦ
380 1524 500 1557 χείρονος
515 1531 523 1539 ·

111 1569 195 1595 αὐτοῦ
210 1570 281 1602 νοῦς,
299 1570 412 1604 πράττει
429 1571 461 1596 τὰ
482 1569 602 1604 βλαϐερὰ
616 1570 653 1601 ὡς
669 1571 805 1606 ὠφέλιμα.
825 1571 891 1596 Βλέ-

112 1623 175 1646 πεις
190 1615 276 1646 ὅπως,
292 1615 343 1641 κᾶν
363 1615 428 1650 δοκῇ
447 1615 488 1642 ὅτι
502 1617 542 1642 ἔτι
558 1616 645 1651 ἰσχύει
657 1617 671 1642 ὀ
684 1616 815 1648 διάϐολος,
841 1617 892 1644 οὐκ

111 1661 187 1686 ἔστιν
201 1660 297 1692 οὕτως.
314 1661 372 1688 ἀλλ’
388 1662 496 1696 ἐφθάρη
522 1662 569 1688 καὶ
592 1662 728 1696 ἠφανίσθη
744 1662 846 1689 τέλειον
876 1663 892 1697 ἡ

110 1706 240 1740 τυραννὶς
269 1705 363 1738 αὑτοῦ,
391 1707 558 1739 ἀναστάντος
578 1707 625 1734 τοῦ
649 1708 768 1742 Χριστοῦ
790 1709 822 1735 ἐκ
844 1708 892 1734 τοῦ

110 1751 198 1785 τάφου
209 1760 217 1785 ;
230 1752 308 1779 Μετὰ
323 1753 377 1788 γὰρ
397 1753 446 1788 τὴν
461 1754 588 1788 δευτέραν
599 1754 644 1780 τοῦ
654 1754 774 1788 Χριστοῦ
792 1763 893 1789 παρου-

111 1797 175 1824 σίαν
204 1797 295 1831 μέλλει
318 1799 556 1834 παραπεμφθῆναι
582 1800 620 1834 τῷ
648 1799 773 1835 ὲξωτέρῳ
791 1801 891 1835 σκότει,

110 1843 159 1868 καὶ
173 1842 211 1877 τῷ
220 1843 395 1878 ἀτελευτήτῳ
410 1844 489 1878 πυρὶ,
501 1844 538 1875 ὠς
550 1844 625 1870 ἐστιν
642 1845 682 1876 εἰς
705 1844 785 1871 τοῦτο
807 1845 890 1877 ἄξιος.

116 1889 184 1914 Ἰδοὺ
202 1889 266 1922 γοῦν
281 1889 318 1920 ὡς
335 1890 511 1924 προείρηται,
536 1889 622 1921 οὕτως
652 1890 829 1924 ἀναφαίνεται
851 1891 892 1917 ὅτι

112 1935 150 1961 τὰ
164 1937 227 1970 περὶ
243 1935 289 1961 τοῦ
302 1935 419 1969 Χριστοῦ
433 1936 550 1971 ὲξαρχῆς
575 1938 623 1964 καὶ
642 1937 674 1962 ἐκ
700 1936 747 1962 τοῦ
772 1945 892 1971 καταμι-

110 1979 178 2014 κρὺν
195 1978 344 2012 ἐφαίνοντο.
359 1979 443 2006 Ὅσον
453 1979 480 2004 δὲ
489 1980 603 2014 ἤγγιζεν
617 1981 631 2006 ὁ
643 1980 736 2014 καιρὸς
750 1980 798 2014 τῆς
808 1980 891 2006 αὐτοῦ

109 2025 278 2058 γεννήσεως,
307 2024 500 2059 καθαρώτερον
534 2025 582 2051 καὶΙ
605 2025 767 2060 τρανότερον
798 2025 892 2058 ελεγον

109 2071 175 2104 περὶ
191 2069 276 2095 αὑτοῦ
288 2069 312 2095 ol
327 2069 477 2104 προφῆται.
495 2068 553 2103 'Azp‘
566 2066 597 2096 οὗ
608 2070 636 2096 δὲ
647 2067 727 2105 ἦλθεν
738 2072 751 2096 ὁ
762 2070 890 2104 Χριστὸς,

109 2113 211 2139 δέδωκε
224 2113 279 2144 τοῖς
293 2113 447 2148 ἀνθρώποις
466 2113 513 2148 τὴν
526 2113 617 2140 κλεῖδα
633 2114 681 2148 τῆς
695 2114 834 2147 γνώσεως,
847 2113 890 2140 ἵνα

109 2159 238 2192 καθαρῶς
263 2167 293 2184 τε
321 2160 366 2184 καὶ
391 2159 515 2192 ἀψευδῶς
539 2159 653 2194 νοήσωσι
676 2159 724 2193 τὴν
751 2159 889 2193 ἀλήθειαν.

593 143 741 174 CONTRA
763 143 1007 174 ΜΛΠΟΜΕΤΕΜ
1027 144 1215 175 APOLOGIA
1236 147 1277 177 ll.

1681 152 1735 185 4δὲ

918 207 941 236 Α
956 203 1036 230 latam
1052 205 1214 231 sententiam
1238 205 1311 232 vivat
1338 205 1427 233 adhuc
1455 207 1550 235 diebus
1579 209 1683 244 aliquot
1707 211 1734 238 in

950 257 1070 281 carcere,
1096 251 1212 277 mortuis
1239 255 1328 279 tamen
1345 252 1550 286 adnumeratur,
1574 255 1637 282 licet
1664 257 1735 284 inter

950 297 1027 323 vivos
1039 297 1128 323 adhuc
1149 297 1194 324 sit.
1208 297 1281 324 Idem
1306 298 1390 333 igitur
1414 299 1466 326 hoc
1491 300 1524 326 de
1544 300 1652 327 diabolo
1677 302 1734 328 ﬁeri

951 343 1099 378 intelligas.
1115 343 1263 377 Postquam
1278 343 1350 370 enim
1367 344 1491 372 Christus
1504 346 1663 377 resurrexit,
1690 347 1734 374 ille

949 389 1074 424 pcrdilus
1089 394 1130 416 est
1159 389 1225 416 Cum
1242 394 1332 416 autem
1347 390 1372 416 in
1389 389 1514 417 homines
1525 398 1555 417 ea
1569 399 1629 425 qua:
1646 391 1735 420 facere

948 435 1030 466 solet,
1058 435 1243 467 machinatur,
1270 443 1323 462 non
1351 443 1400 462 cett
1426 441 1588 470 potestatem
1616 438 1734 472 aliquam

948 479 1055 506 habens
1086 484 1132 506 aut
1155 479 1295 512 virtutem,
1315 481 1389 512 facit.
1419 482 1466 509 sed
1492 487 1618 517 tauquam
1648 484 1735 511 malus

949 530 997 552 aut
1016 525 1218 558 fraudulentus,
1241 527 1387 553 amicitiam
1413 527 1535 560 simulat,
1559 536 1646 562 caque
1668 536 1735 556 con-

949 572 1015 598 sulit
1031 580 1091 606 quae
1106 572 1263 600 hominibus
1286 574 1430 601 interdicta
1447 578 1512 600 sunt.
1531 579 1558 601 ct
1582 575 1673 602 noxia.
1700 575 1735 602 Et

948 617 1058 652 quidem
1076 617 1099 644 si
1117 618 1235 652 aliquem
1263 619 1316 645 si‘hi
1336 620 1501 654 morigerum
1527 625 1624 647 nactus
1639 621 1732 650 fuerit.
1749 641 1753 647 κ

947 662 1060 690 videtur
1084 663 1199 689 multum
1222 664 1356 697 potuisse,
1371 668 1400 690 et
1423 664 1530 691 dedisse
1550 665 1689 691 damnum.
1704 663 1731 691 Si

947 715 1014 735 vero
1027 708 1061 735 ab
1075 708 1167 743 aliquo
1190 716 1244 735 non
1261 708 1344 736 fuerit
1367 714 1504 744 receptus,
1533 709 1579 736 scd
1603 710 1733 738 dimissus

948 753 1038 780 inanis
1053 759 1081 780 et
1096 761 1209 785 vacuus,
1225 754 1300 780 onmi
1315 754 1465 782 destitutus
1487 755 1586 782 robore
1603 755 1730 788 discedit,

947 805 998 825 nec
1014 798 1085 825 vires
1099 798 1183 825 habet
1203 798 1316 832 aliquas.
1342 798 1428 825 lloqu
1448 799 1522 826 enim
1540 798 1680 826 multoties
1695 800 1728 826 ab

948 843 1059 870 homine
1077 843 1183 878 cogitur
1209 849 1239 870 ιιι
1263 844 1364 871 invitus
1381 844 1471 877 faciat,
1494 844 1567 879 quod
1592 852 1643 872 nec
1660 845 1730 876 vult,

914 883 934 910 Β
951 897 1001 917 nec
1021 895 1084 917 ante
1100 890 1260 922 constituit;
1275 898 1288 916 a
1309 890 1416 916 diabolo
1441 883 1530 917 aulcm
1548 898 1602 917 non
1616 891 1666 918 sic.
1678 891 1731 918 Vo-

948 934 1008 961 lcns
1033 934 1105 961 enim
1128 938 1205 968 paret
1223 941 1293 960 vano
1305 939 1328 961 el
1345 934 1427 960 noxio
1442 934 1514 961 illius
1531 935 1655 962 consilio.
1678 935 1729 968 Qui

948 986 1013 1006 vero
1030 986 1125 1013 parere
1142 979 1270 1010 noluerit,
1286 978 1423 1005 diabolum
1435 986 1485 1006 ceu
1500 986 1555 1005 rem
1569 979 1646 1006 nihili
1664 987 1731 1006 con-

948 1023 1056 1051 temnit.
1074 1023 1144 1050 ldem
1165 1031 1229 1050 vero
1254 1023 1353 1058 singuli
1369 1023 1493 1050 homines
1511 1031 1525 1050 a
1545 1024 1654 1058 propria
1680 1032 1730 1051 sua

947 1070 1054 1096 ratione
1069 1069 1222 1104 patiuntur,
1244 1069 1316 1103 quod
1341 1076 1355 1095 a
1382 1068 1500 1095 diabolo.
1527 1069 1625 1095 Incidit
1655 1069 1729 1096 enim

947 1114 1028 1141 homo
1044 1115 1070 1142 in
1095 1115 1211 1149 alicujus
1231 1115 1436 1142 meditationem
1457 1114 1600 1146 facinoris,
1623 1115 1664 1142 vel
1681 1115 1731 1142 ho-

946 1159 1028 1188 nesti.
1054 1158 1095 1185 vel
1119 1159 1221 1192 turpis;
1246 1163 1273 1185 et
1298 1159 1432 1193 siquidem
1454 1159 1604 1193 principem
1622 1160 1662 1186 vel
1679 1159 1730 1186 du—

946 1212 1017 1236 cem,
1032 1209 1152 1231 mentem
1168 1204 1297 1231 vidclicet
1319 1211 1411 1231 sanam
1428 1203 1555 1230 habuerit
1569 1209 1598 1230 et
1609 1203 1729 1238 pruden-

947 1255 1012 1283 tem,
1024 1251 1068 1277 illa
1082 1250 1273 1277 meditationes
1286 1250 1368 1277 simul
1386 1255 1414 1277 et
1430 1250 1527 1277 harum
1546 1257 1645 1277 causas
1660 1250 1731 1286 diju-

945 1296 1029 1328 dicat,
1054 1296 1210 1331 bonumque
1227 1305 1240 1323 a
1267 1297 1337 1324 malo
1356 1296 1501 1324 discernit.
1528 1295 1557 1323 Si
1583 1304 1647 1324 vero
1674 1297 1729 1323 dux

945 1342 1065 1370 hominis
1090 1349 1167 1370 mens
1191 1341 1296 1369 inﬁrma
1328 1342 1411 1370 fuerit
1437 1345 1464 1369 et
1481 1342 1628 1376 impotens,
1647 1342 1729 1369 noxia

944 1396 994 1422 pro
1007 1387 1119 1415 utilibus
1139 1387 1323 1421 amplectitur.
1346 1387 1426 1414 Vides
1441 1387 1523 1422 igitur
1538 1387 1676 1414 diabolum
1690 1388 1730 1413 vi-

945 1434 1021 1461 ribus
1034 1441 1140 1466 carere,
1158 1433 1282 1467 quamvis
1297 1433 1405 1460 easdem
1419 1433 1520 1460 habere
1535 1433 1644 1460 videtur
1661 1442 1667 1459 :
1680 1432 1728 1460 sed

946 1479 1112 1507 comminuta
1128 1484 1169 1505 est
1192 1483 1220 1505 et
1239 1478 1352 1505 evanuit
1366 1478 1491 1505 universa
1508 1478 1629 1512 tyrannis
1645 1477 1728 1510 illius,

543 1524 568 1550 εί
583 1524 612 1550 δὲ
630 1524 740 1551 ἀσθενεῖ
755 1524 891 1559 ὸὴγεμὼν

945 1524 1054 1552 Christo
1081 1532 1114 1551 ex
1137 1524 1264 1558 sepulcro
1289 1523 1460 1550 resuscitalo.
1490 1523 1554 1550 Post
1577 1523 1727 1550 secundum

943 1571 1017 1598 enim
1045 1570 1146 1597 Christi
1175 1570 1322 1596 adventum
1352 1568 1518 1603 relegabitur
1546 1569 1572 1595 in
1601 1569 1728 1596 tenebras

943 1617 1105 1648 exteriores,
1128 1620 1156 1642 et
1181 1615 1208 1641 in
1239 1615 1328 1649 ignem
1354 1614 1617 1648 inexstinguibilem,
1647 1618 1728 1648 prout

943 1660 1123 1689 commeritus
1138 1663 1190 1687 est.
1211 1659 1251 1686 En
1273 1659 1375 1693 itaque,
1399 1662 1430 1685 ut
1451 1662 1515 1684 ante
1539 1657 1641 1684 dictum
1674 1662 1726 1690 est.

943 1707 983 1734 sic
1009 1706 1109 1732 factum
1134 1712 1193 1732 esse
1215 1708 1328 1739 apparet
1353 1713 1360 1730 :
1381 1703 1453 1738 quod
1482 1703 1587 1730 scilicet
1611 1711 1643 1730 ea
1667 1711 1728 1738 qua:

942 1751 1086 1778 Christum
1098 1749 1225 1782 attinent,
1239 1748 1274 1776 ab
1287 1748 1366 1776 initio
1381 1747 1511 1783 paulatim
1524 1751 1725 1782 apparuerunt;

942 1799 1045 1831 quanto
1080 1799 1170 1821 autem
1212 1797 1324 1829 proplus
1355 1793 1582 1827 appropinquavit
1620 1796 1727 1826 tempus

943 1840 1128 1876 generationis
1151 1839 1243 1873 hujus,
1266 1843 1343 1874 tanto
1357 1838 1456 1865 clarius
1481 1838 1644 1872 planiusque
1661 1845 1726 1872 pro-

942 1886 1031 1920 pheue
1051 1885 1084 1912 de
1111 1885 1158 1912 illo
1187 1884 1327 1911 vaticinati
1357 1888 1431 1910 sunt.
1457 1883 1604 1917 Postquam
1635 1888 1726 1910 autem

941 1930 1067 1957 Christus
1094 1930 1179 1962 venit,
1205 1929 1282 1956 dedit
1295 1930 1317 1956 is
1337 1929 1439 1956 clavem
1469 1929 1590 1956 scicntia:
1608 1928 1726 1956 homini~

942 1975 1004 2007 hus,
1022 1979 1052 2001 ul.
1073 1982 1140 2009 pure
1167 1978 1195 2001 et
1212 1973 1271 2000 sine
1296 1974 1370 2000 omni
1389 1973 1451 2000 fuco
1468 1974 1611 2000 veritatem
1627 1974 1726 2001 intelli-

941 2025 1052 2056 gerent;
1068 2020 1133 2055 quin
1150 2019 1183 2054 (si
1197 2020 1298 2047 veritas
1322 2019 1435 2046 dicenda
1451 2023 1503 2054 est)
1521 2020 1579 2054 ipse
1599 2019 1726 2047 Christus

941 2066 1050 2100 aperuit
1064 2065 1208 2092 thesauros
1225 2064 1410 2096 absconditos,
1433 2069 1460 2091 et
1482 2065 1508 2091 in
1535 2064 1654 2091 medium
1680 2064 1727 2091 de-

941 2111 1035 2146 posuit
1057 2118 1107 2137 ceu
1128 2110 1265 2137 inﬁnitum
1284 2111 1404 2144 pelagus,
1427 2116 1456 2136 ut
1480 2110 1595 2145 quilibet
1620 2118 1653 2137 ex
1671 2111 1724 2139 hoc

942 2157 1052 2184 nemine
1076 2156 1238 2191 prohibente
1258 2155 1374 2188 hauriat,
1411 2164 1471 2190 qu;e
1495 2156 1570 2184 illum
1588 2157 1727 2185 oblectant

109 2204 220 2231 Μᾶλλον
242 2205 270 2231 δὲ
287 2206 310 2231 εἰ
327 2205 379 2239 χρὴ
394 2204 508 2238 τάληθὲς
524 2205 623 2238 εἰπεῖν,
638 2205 718 2236 αύτὺς
732 2206 745 2231 ὁ
771 2204 888 2239 Χριστὸς

945 2207 968 2229 et
984 2203 1090 2237 juvant.
1114 2201 1146 2227 Et
1169 2201 1225 2227 haec
1242 2201 1352 2234 quidem
1376 2201 1438 2228 talia
1466 2205 1540 2229 sunt.
1573 2201 1725 2229 Redeamus

109 2251 201 2284 ἤνοιξε
219 2251 282 2282 τοὺς
298 2250 507 2285 κεκρυμμένους
533 2251 698 2285 θησαυροὺς,
722 2251 770 2277 καὶ
794 2249 892 2282 ἔθηκεν

112 2299 152 2327 εἰς
171 2297 201 2323 τὺ
214 2297 306 2331 μέσον,
324 2295 418 2331 ὥσπερ
442 2305 468 2322 τι
493 2295 611 2330 πέλαγος
635 2297 760 2331 ἄπειρον,
783 2296 857 2326 ὅπως
880 2295 894 2321 ὁ

945 2255 1012 2274 vero
1025 2247 1057 2274 ad
1074 2247 1100 2274 id
1115 2247 1188 2274 unde
1201 2255 1297 2274 sumus
1312 2247 1436 2282 digressi.

920 2294 1079 2329 βουλόμενος
1098 2293 1370 2326 ἀρύηταιὰκωλὺτως
1403 2294 1435 2319 τὰ
1453 2294 1535 2320 αὐτοῦ
1568 2293 1725 2329 καταθύμια

113 2343 161 2369 καὶ
175 2341 310 2376 ὼιξέλιμα.
335 2341 415 2367 Ἀλλὰ
431 2341 517 2367 ταῦτα
531 2343 579 2377 μὲν
592 2341 687 2373 οὕτως.
711 2341 919 2376 Ἐπανέλθωμει
939 2339 967 2365 δὲ
983 2339 1043 2365 ὅθεν
1058 2338 1216 2373 ἐξήλθομεν.

146 2389 203 2423 κβᾏ
218 2387 400 2422 Κρεμαμένου
420 2388 466 2414 τοῦ
483 2387 601 2422 Χριστοῦ
619 2387 666 2414 ἐπὶ
688 2387 735 2414 τοῦ
760 2386 888 2422 σταυροῦ,

109 2435 152 2465 ἐἰς
167 2434 220 2459 τῶν
238 2434 410 2468 στρατιωτῶν
424 2433 515 2464 ἔνυξεν
527 2432 609 2459 αὑτοῦ
622 2433 672 2467 τὴν
683 2433 804 2468 πλευρὰν
821 2432 890 2467 μετὰ

110 2480 216 2514 ξῐφους.
232 2481 313 2511 Λέγει
335 2479 400 2512 γοῦν
421 2479 556 2513 Ζαχαρίας
579 2478 642 2512 negl
668 2479 774 2510 τούτου,
799 2477 889 2510 καθὼς

111 2525 159 2550 καὶ
181 2524 357 2558 προείπομεν,
369 2523 410 2549 ὃτι
426 2533 434 2548 ι
450 2522 503 2549 Καὶ
518 2522 692 2556 ὲπιὸλέψουσι
711 2522 777 2557 πρός
803 2530 835 2557 με
849 2523 889 2553 εἰς

109 2570 124 2596 ὃ
131 2581 139 2595 I
152 2569 338 2603 ἐξεκέντησαν.

146 2614 198 2648 κγ’.
221 2614 363 2646 Ἀπέθανε,
379 2613 426 2640 καὶ
438 2613 512 2646 λέγει
528 2612 542 2638 ὁ
560 2612 674 2643 Ἠσατας
687 2613 736 2638 ὅσα
754 2612 801 2638 καὶ
819 2612 885 2646 φθά-

109 2668 206 2692 σαντες
236 2659 409 2694 ἐδηλώσαμεν
428 2658 567 2692 ἀνωτέρω.
580 2657 660 2691 Λέγει
675 2657 704 2683 δὲ
724 2657 797 2683 καὶὸ
819 2656 886 2683 θαυ-

110 2703 213 2738 μαστὸς
226 2703 351 2736 Σολομὼν
365 2703 430 2737 περὶ
444 2701 490 2728 τοῦ
507 2701 610 2728 δικαίου
623 2701 669 2727 καὶ
681 2700 797 2735 μεγάλου
815 2700 889 2733 Ἰὼσ,

107 2750 146 2781 ὡς
162 2750 194 2776 ἐκ
209 2748 354 2783 προσώπου
369 2748 416 2774 τοῦ
427 2747 504 2778 Θεοῦ,
524 2756 534 2772 ι
549 2746 639 2773 Ζῶσαι
653 2746 747 2781 ὥσπερ
764 2746 832 2782 ἀνὴρ
842 2747 890 2781 τὴν

107 2794 193 2828 ὀσφύν
205 2802 262 2821 σου.
272 2794 416 2828 Ἐρωτήσω
428 2793 455 2819 δέ
469 2801 508 2825 σε,
521 2792 552 2818 σὺ
563 2792 590 2818 δέ
602 2800 645 2826 μοι
658 2792 829 2826 ἀποκρίθητι,
839 2791 889 2817 ποῦ

106 2837 180 2874 ἦσθα
194 2840 238 2866 ὅτε
260 2839 426 2873 ἐθεμελίωσα
441 2838 490 2873 τὴν
503 2838 553 2872 γῆν
566 2846 573 2871 ;
598 2837 771 2871 ’Δνάγγειλόν
791 2845 847 2872 μοι,
863 2839 888 2864 εἰ

976 2384 1022 2411 22.
1035 2383 1145 2411 Christo
1161 2384 1188 2410 in
1204 2390 1285 2410 cruce
1300 2383 1448 2417 pendente,
1473 2383 1584 2418 quidam
1605 2383 1722 2410 militum

941 2431 1050 2466 aperuit
1066 2431 1137 2457 latus
1151 2430 1225 2457 illius
1239 2429 1346 2456 lancea.
1362 2428 1398 2455 De
1419 2429 1471 2455 hoc
1486 2429 1580 2463 igitur,
1598 2434 1627 2456 ut
1640 2436 1722 2463 supra

943 2476 1110 2509 monuimus,
1147 2475 1294 2502 Zacharias
1317 2475 1426 2502 dicitn
1448 2473 1593 2508 Videbunt,
1622 2475 1650 2502 in
1681 2482 1724 2502 me

941 2530 1021 2558 quem
1041 2526 1240 2557 pnpugerunt.»

977 2615 1023 2642 23.
1041 2615 1165 2642 Mortuus
1178 2618 1230 2646 est.
1255 2614 1289 2641 de
1314 2621 1369 2648 quo
1392 2618 1419 2640 et
1433 2613 1516 2641 Isaias
1538 2613 1601 2640 dicit
1616 2620 1647 2639 ea
1663 2620 1723 2647 qua:

943 2667 1024 2694 supra
1038 2659 1237 2687 recensuimus.
1254 2659 1325 2686 Dicit
1351 2666 1417 2685 vero
1438 2664 1465 2685 et
1480 2658 1655 2685 admirandus
1675 2659 1722 2686 ille

945 2705 1075 2732 Solomon
1099 2704 1133 2731 de
1156 2704 1231 2738 justo
1253 2709 1281 2730 et
1305 2703 1484 2730 celeberrimo
1502 2702 1562 2734 Joh,
1592 2707 1719 2736 tanquam

943 2750 995 2777 sub
1010 2756 1126 2784 persona
1146 2749 1195 2776 Dei
1213 2756 1220 2775 :
1239 2758 1248 2774 ι
1263 2749 1381 2783 Accinge
1393 2752 1520 2782 tanquam
1536 2747 1580 2774 vir
1598 2747 1721 2774 lumbum

945 2800 1032 2821 tuum.
1064 2793 1240 2828 lutcrrogabo
1268 2797 1304 2826 te,
1326 2797 1353 2819 tu
1367 2797 1457 2819 autem
1486 2791 1552 2818 mihi
1577 2790 1720 2824 responde.

941 2840 992 2867 Ubi
1003 2847 1064 2867 eras
1075 2847 1136 2866 cum
1149 2839 1291 2865 tundarem
1303 2846 1353 2873 ego
1362 2842 1460 2865 terram
1470 2838 1480 2865 ?
1490 2837 1628 2865 Annuntia
1639 2835 1717 2868 mihi,
