1946 3081
236 127 289 184 tea

831 150 990 181 JOANNIS
1011 150 1272 182 CANTACUZENI

1799 156 1853 202 ιει

232 209 258 235 si
276 207 329 234 scis
340 227 347 238 ,
362 205 543 238 intellectum,
559 205 669 240 quando
684 203 753 232 facta
763 209 828 232 sunt
840 205 934 232 astra?
949 205 1014 232 Lau-

1073 205 1219 232 ἐπίστασαι
1251 207 1370 240 σύνεσιν,
1385 207 1427 233 ὅτε
1444 207 1575 243 ἐγεννήθη
1591 208 1690 244 ἄστρα,
1706 208 1804 244 ᾔνεσαν
1819 218 1853 245 με

233 253 372 280 daverunt
388 259 431 279 me
448 259 515 279 voce
539 259 636 287 magna
658 259 753 279 omnes
781 250 869 286 angeli
894 251 964 282 mei,
991 254 1019 277 ct

232 299 443 326 celebraverunt
458 297 578 331 hymnis.
601 297 731 325 Conclusi
750 301 840 323 autem
865 303 940 323 mare
957 304 1018 330 por-

233 344 278 374 tis.
301 348 327 371 et
351 343 428 378 posui
453 343 492 370 illi
519 344 662 375 terminos,
689 343 801 378 dixique
825 342 890 369 illi:
910 341 1018 370 Hucus-

233 397 286 424 que
300 389 406 421 venies.
422 393 451 416 et
474 397 529 416 non
562 389 782 424 transgredieris,
808 389 855 416 sed
881 389 907 415 in
932 389 1018 423 teipso

232 433 399 461 collidentur
418 434 469 461 tibi
488 434 587 461 ﬂuctus
611 435 660 460 tui.
688 434 826 461 Annuntia
841 434 906 461 mihi
927 443 933 461 :
951 441 1017 461 num

233 484 262 506 tu
276 484 389 514 accepto
403 480 463 506 luto
476 479 600 507 formasti
619 480 719 507 animal
732 499 739 512 ,
759 484 786 507 et
805 486 931 506 sermone
947 487 1015 514 prae-

231 526 319 553 ditum
351 525 465 560 posuisti
493 525 559 552 illud
582 533 664 560 super
691 525 812 553 terram?
832 525 902 552 Num
926 525 952 552 in
975 532 1018 552 ve-

231 571 320 605 stigiis
337 570 427 606 abyssi
439 571 647 598 doamhulavisti
657 571 669 598 ?
679 571 885 606 Aperiunlurne
899 571 947 598 tibi
961 579 1016 606 pra:

230 616 329 644 timore
355 617 446 652 januae
463 617 570 649 mortis,
591 622 619 644 et
632 617 767 651 janitores
785 617 885 644 inferni
907 622 933 645 te
957 618 1016 645 viso

231 662 422 696 stupuerunt'o
431 661 456 688 τ»
473 662 651 696 Rcspondens
660 670 724 690 vero
734 662 796 696 Job,
806 663 873 690 dixit
882 663 1013 690 Domino:

232 706 318 734 «Novi
341 708 412 741 quod
434 708 524 735 omnia
545 709 643 742 possis,
662 713 690 735 et
712 708 883 742 impossibile
908 709 956 735 tibi
972 713 1015 736 est

231 753 312 780 nihil.
328 753 431 780 Auditu
443 754 516 780 enim
531 754 607 781 auris
618 753 710 781 audivi
726 758 752 780 te
768 755 854 788 prius,
866 761 939 781 nunc
951 761 1015 781 vero

228 800 328 827 oculus
350 807 430 827 meus
445 800 515 828 vidit
530 800 591 827 te”.
606 809 614 825 ι
633 799 804 828 Andivistine
817 800 850 827 de
864 804 950 828 morte
964 801 1016 826 Do-

229 845 297 872 mini
310 845 483 880 prophetiam
509 845 580 873 hanc
594 845 775 873 clarissimam
797 849 826 873 ct
849 846 1015 881 splendidis-

230 891 348 918 simam?
365 892 425 925 lpse
440 891 513 918 enim
530 891 602 918 Deus
614 891 648 918 de
662 899 690 919 se
706 891 812 924 dicens,
830 892 902 926 quod
914 891 1014 918 funda-

229 936 301 962 verit
317 940 429 968 terram,
454 935 526 970 quod
544 936 669 970 posuerit
687 935 757 963 mari
776 936 919 967 terminos,
939 935 1013 970 quod

229 980 429 1007 celebraverint
444 987 507 1007 eum
523 980 612 1015 angeli
629 980 691 1013 sui,
719 980 790 1007 idem
811 980 856 1008 ille
877 980 946 1007 dicit
963 981 1013 1015 ipsi

226 1024 280 1053 Job
298 1035 304 1053 :
320 1035 328 1051 ι
341 1026 411 1053 Num
424 1030 534 1061 accepto
545 1026 604 1053 luto
623 1026 776 1053 forinavisti
789 1027 902 1058 animal,
917 1030 944 1054 et
957 1034 1015 1054 ser-

229 1080 311 1100 mone
325 1072 469 1107 pm‘ilitum
483 1073 598 1107 posuisti
615 1073 681 1100 illud
697 1080 780 1108 super
803 1073 924 1101 terram?
942 1073 1012 1101 Num

228 1118 258 1145 in
284 1119 408 1153 vestigiis
435 1118 525 1154 abyssi
553 1119 783 1146 dcainbulavisti?
814 1119 1015 1154 Aperienturne

232 1164 281 1191 tibi
295 1173 350 1198 pra:
365 1164 463 1191 timore
476 1165 566 1198 januae
583 1164 688 1196 mortis,
704 1169 733 1192 et
749 1172 814 1191 num
825 1165 960 1199 janitores
975 1164 1015 1191 in-

230 1210 301 1238 ferni
321 1203 346 1236 te
361 1210 418 1237 viso
438 1209 634 1244 stupuerunt?)
656 1209 738 1243 Quid,
754 1217 857 1244 quwso,
871 1209 913 1236 his
925 1210 1015 1237 innuit

227 1255 316 1287 aliud,
331 1263 412 1290 quam
432 1264 438 1281 :
456 1255 513 1289 Ego
541 1255 613 1282 Deus
643 1262 703 1282 sum
731 1255 779 1290 qui
797 1255 849 1282 feci
871 1255 938 1288 haec,
964 1263 1014 1290 ego

228 1300 324 1334 aperui
347 1304 437 1334 portas
449 1299 558 1332 mortis;
575 1300 673 1327 timore
687 1299 759 1327 enim
771 1301 823 1328 mei
832 1305 932 1335 apertae
939 1304 1013 1332 sunt,

227 1350 258 1372 et
274 1354 316 1372 me
333 1346 391 1373 viso
409 1346 437 1372 in
454 1346 562 1372 inferno
579 1350 746 1380 stupuerunt
761 1346 898 1382 janitores
928 1346 1013 1372 illius.

229 1392 425 1419 Verumtamen
442 1392 572 1426 quidnam
593 1399 663 1426 opus
686 1396 728 1419 est
757 1392 827 1419 hanc
843 1392 1014 1427 prophetiam

230 1437 429 1471 interpretari?
453 1436 549 1463 Talem
573 1438 647 1464 enim
665 1444 729 1464 esse
752 1437 887 1469 videmus,
916 1441 946 1464 ut
972 1438 1014 1464 vel

231 1483 312 1517 plane
326 1483 452 1517 stupidus
464 1486 492 1508 et
504 1482 579 1509 rudis
593 1489 652 1509 eam
676 1483 821 1518 intelligat.
838 1483 906 1510 illud
927 1483 1013 1514 enim,

233 1528 317 1556 uViso
336 1536 379 1555 me
396 1528 531 1563 janitores
562 1528 662 1555 inferni
692 1533 882 1563 stupuerunt,»
910 1529 1011 1556 Christi

230 1575 462 1601 resurrectionem
483 1581 544 1601 cum
557 1574 722 1601 auctoritate
745 1575 836 1601 divina
852 1575 1013 1609 potentique

229 1619 333 1647 virtute
346 1619 444 1647 factam
461 1619 612 1656 signiﬁcat,
627 1626 759 1655 praeterea
771 1621 927 1648 universam
939 1621 1012 1647 illam

231 1664 332 1691 inferni
350 1665 502 1700 mortisque
528 1666 755 1694 destructionem.
774 1665 846 1698 Quin
873 1671 901 1693 et
928 1666 1013 1692 David

230 1710 385 1737 luculenter
406 1711 446 1737 sic
466 1711 533 1738 dicit
551 1719 558 1738 :
578 1720 587 1736 ι
606 1711 665 1738 Non
696 1711 870 1745 derelinques
895 1711 1013 1738 animam

232 1763 320 1782 lineam
337 1756 365 1782 in
379 1755 497 1788 inferno,
514 1763 605 1791 neque
623 1755 702 1782 dabis
723 1760 753 1782 ut
765 1761 876 1783 sanctus
897 1762 958 1782 tuus
973 1755 1014 1781 vi-

231 1801 295 1828 deat
309 1802 551 1836 corruptionem“.
570 1811 579 1827 ι
597 1801 689 1828 Tertia
704 1801 776 1827 enim
803 1800 849 1827 die
865 1800 1014 1828 resurrexit

231 1847 375 1880 Dominus,
406 1854 457 1874 nec
487 1847 693 1881 corruptionem
717 1846 803 1873 sensit
819 1854 919 1881 corpus
939 1847 1013 1876 illius

231 1897 448 1919 sacrosanctum.
469 1892 577 1919 Mortuo
599 1891 672 1918 enim
687 1891 743 1921 illo,
757 1892 961 1918 sanctissimum
979 1893 1012 1919 il-

231 1937 286 1964 lius
310 1945 411 1972 corpus
429 1937 532 1971 Joseph
546 1937 629 1964 simul
645 1941 673 1963 et
686 1936 862 1969 Nicodemus,
887 1942 916 1963 ut
931 1945 1013 1971 supra

232 1982 362 2015 diximus,
383 1982 559 2009 involverunt
574 1981 701 2013 sindone.
730 1982 839 2017 myrrha
865 1986 893 2009 cl
908 1991 1014 2010 aroma-

232 2027 318 2054 tibus.
338 2027 370 2054 Et
385 2028 419 2054 de
434 2027 573 2061 sepultura
589 2027 663 2053 illius
676 2027 742 2062 Magi
759 2035 868 2061 quoque
890 2027 917 2054 in
933 2028 1014 2055 Beth—

230 2072 300 2099 leem
309 2073 450 2099 venientes
462 2072 695 2107 prophetaverunt
706 2072 766 2107 ipso
775 2077 851 2106 nato,
865 2072 1013 2102 oil‘erentcs

233 2117 273 2144 illi
289 2124 399 2150 aurum,
417 2117 482 2144 thus
503 2122 530 2144 et
545 2118 694 2152 myrrham.

266 2160 311 2187 24.
331 2160 466 2187 Dixerunt
480 2159 566 2187 Judaei
581 2160 685 2187 Pilato:
706 2160 789 2188 «Jube
806 2160 906 2188 muniri
920 2162 1012 2196 sepul-

1069 252 1144 286 φωνῇ
1174 252 1280 288 μεγάλῃ
1296 253 1395 284 πάντες
1422 254 1532 286 ἄγγελοι
1561 262 1612 288 μου
1640 255 1687 281 καὶ
1715 255 1850 290 ὕμνησαν,

1070 298 1194 332 Ἐφραξα
1209 298 1236 324 δὲ
1251 298 1387 325 θάλασσαν
1403 300 1512 330 πύλαις,
1527 299 1628 335 ἐθέμην
1641 299 1668 326 δὲ
1690 301 1757 335 αὐτῇ
1774 302 1849 336 ὅρια,

1068 343 1116 370 καὶ
1145 342 1222 370 εἷπον
1251 345 1332 379 αὐτῇ,
1360 345 1449 380 Μέχρι
1473 345 1569 372 τούτου
1589 346 1698 381 ἐλεύσῃ,
1728 347 1775 374 καὶ
1799 347 1848 382 οὐχ

1068 389 1223 426 ὑπερϐήσῃ,
1249 390 1307 416 ἀλλ’
1329 390 1358 416 ἐν
1382 391 1480 425 σεαυτῇ
1504 391 1731 426 συντριΰὴσονταῐ
1754 400 1800 418 σου
1815 392 1851 418 τά

1069 435 1189 469 κύματα.
1210 435 1380 469 Ἀνάγγει).όν
1393 444 1448 471 μοι,
1462 437 1485 463 εἰ
1504 437 1535 463 σὺ
1552 436 1641 463 λαϐὼν
1654 438 1749 472 πηλὸν,
1765 437 1850 464 ἔπλα-

1068 490 1117 513 σας
1131 481 1210 514 ζιῖον,
1223 482 1270 508 καὶ
1284 481 1398 516 λαλητὺν
1414 482 1478 508 αὐτὸ
1499 482 1560 509 ἔθου
1587 484 1632 509 ἐπὶ
1657 484 1706 518 τῆς
1732 484 1792 517 γῆς,
1819 485 1849 510 ἐν

1066 527 1096 553 δὲ
1122 526 1224 562 ῐχνεσιν
1256 527 1376 554 ἀϐύσσου
1398 529 1615 562 περιεπάτησας,
1644 528 1794 562 ἀνοίγονται
1821 529 1850 555 δέ

1067 581 1107 599 σοι
1124 572 1198 607 φόϐῳ
1212 572 1296 599 πύλαι
1313 572 1430 599 Θανάτου
1444 593 1451 605 ,
1470 574 1588 607 πυλωροὶ
1606 574 1633 600 δὲ
1661 574 1724 608 ᾅδου
1750 574 1850 605 ἰδόντες

1067 627 1095 644 σε
1109 618 1228 653 ἔπτηξαν
1242 627 1249 652 ;
1265 628 1274 644 ι
1302 618 1459 645 ’Υπολαειὶν
1477 619 1504 645 δὲ
1524 619 1582 645 ’1ὼὸ
1596 619 1634 653 τῷ
1648 619 1742 654 Κυρίῳ
1753 620 1827 654 λέγ.ι
1841 640 1848 652 ,

1070 673 1078 689 ι
1100 662 1164 691 Οἶδα
1181 665 1222 692 ὅτι
1247 664 1335 691 πάντα
1363 665 1487 697 δύνασαι,
1503 665 1628 691 ἀδυνατεῖ
1647 665 1674 691 δέ
1703 674 1744 691 σοι
1759 665 1846 691 οὐδέν.

1073 709 1153 743 Ἀκοῇ
1173 709 1222 744 μὲν
1237 709 1291 744 γὰρ
1304 709 1373 741 ὠτὸς
1398 710 1496 744 ἢκουον
1516 718 1563 735 σου
1587 710 1616 735 τὸ
1634 710 1775 744 πρότερον,
1799 709 1847 736 νῦν

1065 753 1093 779 δὲ
1107 753 1120 779 ὁ
1143 753 1282 788 ὀφθαλμός
1300 763 1351 788 μου
1368 754 1475 789 ἑώρακέ
1491 763 1531 781 σε.
1551 764 1561 780 ι
1581 755 1716 790 Ἀκήχοας
1745 756 1792 781 καὶ
1808 755 1849 785 εἰς

1065 798 1110 824 τὸν
1126 798 1171 825 τοῦ
1188 798 1291 833 Κυρίου
1307 799 1422 826 θάνατον
1452 800 1622 834 προφητείαν
1647 801 1848 835 καθαρωτάτην

1065 853 1094 870 τε
1109 846 1155 872 καὶ
1169 845 1403 880 ὑπερλάμπουσαν
1418 853 1425 878 ς
1443 846 1527 877 Αὐτὸς
1543 846 1597 880 γὰρ
1613 846 1627 872 ό
1645 845 1711 877 Θεὸς
1725 847 1738 872 ὁ
1760 846 1847 879 λέγων

1065 890 1129 924 περὶ
1155 890 1263 923 ἑαυτοῦ,
1280 890 1320 916 ὅτι
1349 891 1513 925 ἑθεμελῐωσε
1526 892 1575 925 τὴν
1594 891 1656 926 γῆν,
1681 892 1720 918 ὅτι
1748 891 1849 926 ἔθηκεν
1886 903 1889 906 ν

1065 935 1125 969 ὅρια
1139 937 1171 969 τῇ
1199 935 1331 972 θαλάσσῃ,
1348 936 1387 962 ὅτι
1403 935 1528 970 ὕμνησαν
1543 937 1624 963 αὑτὸν
1640 937 1664 962 οἱ
1677 938 1785 971 ἀγγελοι
1799 937 1851 963 αὑ·

1064 979 1112 1006 τοῦ
1126 987 1132 994 ·
1149 979 1230 1011 αὐτὸς
1244 979 1319 1014 λέγει
1341 980 1380 1015 τῷ
1405 981 1476 1012 Ἰὼϐ,
1499 990 1507 1006 ι
1527 982 1572 1017 Μή
1590 990 1630 1007 τοι
1647 982 1737 1008 λαϐὼν
1763 982 1849 1016 πηλέν

1064 1025 1185 1056 ἔπλασας
1200 1024 1280 1058 ζῶον,
1297 1026 1344 1051 καὶ
1359 1025 1473 1061 λαλητὸν
1491 1026 1557 1052 αὐτὸ
1572 1026 1633 1053 ἔθου
1652 1027 1697 1052 ἐπὶ
1717 1026 1767 1061 τῆς
1784 1027 1847 1062 γῆς,

1065 1072 1080 1106 ἦ
1108 1071 1137 1097 ἐν
1161 1072 1263 1106 ἴχνεσιν
1284 1071 1404 1098 ἀϐύσσου
1429 1073 1656 1107 nepte-irimque;
1682 1073 1848 1106 ’Δνοίγονται

1063 1116 1092 1142 δέ
1108 1124 1148 1142 σοι
1164 1116 1239 1151 φόϐῳ
1264 1116 1346 1142 πύλαι
1373 1116 1500 1148 θανάτου.
1514 1117 1635 1152 πυλωροὶ
1662 1117 1690 1143 δὲ
1700 1117 1763 1153 ᾷδου
1780 1118 1848 1144 ἰδόν-

1064 1169 1108 1191 τες
1123 1169 1152 1186 σε
1167 1160 1303 1195 ἔπτηξανς
1322 1169 1331 1186 ι
1350 1161 1381 1187 Τί
1405 1162 1485 1187 τοῦτο
1501 1161 1598 1195 λέγων,
1627 1161 1642 1197 ἢ
1660 1163 1708 1196 εὸτι
1738 1163 1808 1196 Ἐγὼ
1833 1164 1848 1188 ὁ

1064 1206 1128 1237 Θεὸς
1142 1205 1157 1231 ὁ
1173 1207 1286 1241 ποιήσας
1302 1206 1387 1232 ταῦτα
1400 1214 1408 1222 ⁸
1433 1207 1488 1239 ἐγὼ
1510 1207 1604 1241 ἡνοιξα
1621 1208 1670 1239 τὰς
1695 1207 1782 1239 πύλας
1799 1209 1847 1235 τοῦ

1064 1251 1189 1278 θανάτου·
1200 1251 1237 1286 τῷ
1249 1252 1302 1286 γὰρ
1318 1252 1390 1287 φόϐῳ
1407 1261 1457 1286 μου
1469 1253 1642 1287 ἠνοίχθησαν,
1653 1254 1700 1280 καὶ
1714 1255 1763 1289 ἐμὲ
1779 1254 1847 1280 ἰδόν-

1063 1304 1109 1327 τες
1124 1296 1152 1322 ἐν
1179 1295 1218 1330 τῷ
1235 1295 1297 1331 ᾄδῃ,
1313 1296 1434 1331 ἔπτηξαν
1452 1297 1476 1323 οἱ
1494 1298 1613 1332 πυλωροὶ
1635 1297 1728 1325 αὐτοῦ.
1754 1299 1846 1332 Ὀμως

1063 1339 1135 1371 τινος
1156 1339 1313 1375 ἐξηγήσεως
1335 1341 1421 1367 δεῖται
1437 1341 1453 1376 ἠ
1470 1342 1594 1376 παροῦσα
1621 1343 1783 1377 προφητεία,
1801 1343 1847 1369 οῦ-

1064 1394 1118 1417 τως
1143 1386 1326 1420 εὖρισκομένη
1341 1386 1420 1421 δήλη,
1446 1387 1483 1419 ὡς
1499 1388 1544 1414 καὶ
1558 1387 1603 1414 τὸν
1628 1389 1715 1424 πάντη
1732 1389 1848 1423 ἀνόητον

1066 1432 1113 1457 καὶ
1126 1432 1220 1466 ἀμαθῆ
1237 1432 1332 1465 νοῆσαι
1347 1431 1469 1467 ταύτην;
1490 1433 1526 1459 Th
1540 1434 1605 1468 γὰρ.
1623 1443 1632 1459 ι
1654 1433 1753 1465 Ιδόντες
1769 1443 1804 1468 με
1821 1434 1848 1460 οι

1066 1475 1187 1509 πυλωροὶ
1201 1476 1247 1502 τοῦ
1261 1475 1336 1511 ιᾷδου
1354 1475 1486 1510 ἔπτηξαν,
1507 1485 1516 1502 ι
1534 1477 1584 1513 τὴν
1599 1479 1668 1514 μετᾶ
1685 1479 1847 1514 αὑθεντιιῆς

1066 1520 1158 1555 θιῖκῆς
1170 1529 1199 1547 τε
1216 1522 1274 1554 ἅμα
1305 1522 1353 1548 καὶ
1377 1522 1583 1557 ἐξουσιαστικῆς
1606 1524 1745 1558 δυνάμεως
1767 1532 1849 1559 γεγο-

1065 1567 1141 1593 νυῖαν
1157 1567 1204 1593 τοῦ
1222 1567 1341 1603 Χριστοῦ
1358 1568 1506 1594 ἀνάστασιν
1521 1569 1606 1604 δηλοῖ,
1624 1570 1663 1595 ἐτι
1685 1578 1711 1604 γε
1733 1570 1786 1605 μὴν
1800 1572 1849 1597 καὶ

1064 1612 1113 1647 τὴν
1126 1612 1245 1650 παντελῇ
1261 1614 1308 1639 καὶ
1324 1613 1438 1639 καθόλου
1453 1613 1501 1639 τοῦ
1515 1613 1579 1648 ᾅδου
1603 1614 1650 1641 καὶ
1664 1614 1710 1641 τοῦ
1730 1615 1848 1642 θανάτου

1064 1659 1222 1686 κατάλυσιν.
1243 1659 1324 1686 Ἀλλὰ
1347 1659 1395 1686 καὶ
1408 1660 1422 1685 ὸ
1446 1660 1528 1687 Δαειδ
1550 1660 1700 1696 διαρρήδην
1715 1661 1786 1687 οὕτω
1804 1662 1849 1688 λέ-

1064 1713 1117 1738 γει,
1141 1705 1182 1731 ὅτι
1209 1713 1218 1730 ι
1235 1705 1292 1731 Οὐκ
1313 1705 1523 1740 ἐγκαταλείψεις
1546 1707 1594 1741 τὴν
1618 1706 1708 1742 ψυχήν
1731 1717 1781 1742 μου
1807 1709 1850 1740 εἰς

1064 1749 1142 1784 ᾅδην,
1158 1750 1218 1790 οὐδὲ
1232 1750 1327 1782 δώσεις
1342 1751 1388 1776 τὸν
1402 1751 1474 1777 ὅσιόν
1494 1760 1541 1777 σου
1560 1752 1624 1777 ἰδεῖν
1648 1752 1798 1787 διαφθοράν
1810 1773 1818 1781 .
1836 1763 1846 1780 ι

1065 1798 1103 1832 Τῇ
1125 1797 1204 1832 τρίτῃ
1220 1797 1274 1832 γὰρ
1289 1797 1381 1832 ἡμέρᾳ
1398 1798 1495 1832 ἀνέστη
1508 1798 1522 1824 ὁ
1544 1798 1655 1833 Κύριος,
1676 1800 1723 1826 καὶ
1738 1799 1849 1833 διαφθο-

1066 1843 1115 1877 ρὰν
1131 1844 1180 1869 οὐκ
1193 1843 1301 1876 ἐδέξατο
1315 1844 1344 1869 τὸ
1360 1843 1437 1876 ἅγιον
1449 1843 1531 1870 αὑτοῦ
1546 1844 1635 1879 σῶμα.
1654 1845 1850 1877 Ἀποθανόντος

1064 1889 1118 1923 γὰρ
1139 1889 1231 1921 αὑτοῦ,
1249 1889 1383 1922 ἐνετύλιξε
1401 1889 1435 1915 τὸ
1451 1890 1582 1923 πανάγιον
1595 1890 1677 1916 αὑτοῦ
1695 1891 1772 1925 σῶμα
1788 1891 1802 1916 ὃ
1818 1900 1849 1917 τε

1071 1934 1168 1969 Ἰωσὴφ
1181 1935 1227 1960 καὶ
1240 1934 1406 1968 Νικόδημος,
1415 1935 1452 1966 ὡς
1465 1935 1620 1970 ἔμπροσθεν
1633 1936 1757 1971 εἴπομεν,
1780 1939 1849 1972 μετὰ

1065 1981 1192 2012 σινδόνος,
1210 1981 1256 2006 καὶ¹
1275 1980 1397 2015 σμύρνης
1419 1981 1465 2007 καὶ
1482 1982 1645 2016 ἀρωμάτων.
1660 1983 1714 2008 Καὶ
1727 1984 1850 2017 προεφή-

1063 2034 1162 2052 τευσαν
1173 2027 1235 2060 περὶ
1244 2026 1291 2052 τοῦ
1306 2027 1490 2061 ἐνταφιασμοῦ
1504 2029 1585 2054 αὑτοῦ
1601 2030 1624 2054 οἱ
1639 2031 1664 2055 ἐν
1679 2031 1711 2064 τῇ
1724 2031 1850 2066 Βηθλεέμ

1064 2071 1186 2102 ἐλθόντες
1206 2072 1305 2105 Μάγοι,
1329 2072 1506 2106 γεννηθέντος
1519 2073 1613 2105 αὑτοῦ,
1627 2075 1673 2100 καὶ
1686 2076 1851 2109 κομίσαντες

1063 2115 1138 2149 αὑτῷ
1154 2115 1200 2141 τόν
1222 2123 1252 2141 τε
1276 2116 1386 2150 χρυσὸν,
1399 2116 1444 2142 τὸν
1454 2116 1573 2150 λίὸανον,
1590 2122 1636 2145 καὶ
1648 2120 1697 2153 τὴν
1714 2121 1852 2154 σμύρναν,

1100 2161 1149 2188 κδ’.
1167 2159 1251 2188 Εἶπον
1273 2162 1297 2188 οι
1332 2162 1453 2189 Ἰουδαῖοι
1473 2164 1512 2198 τῷ
1539 2164 1658 2200 Πιλάτῳ,
1687 2174 1696 2190 ι
1713 2167 1852 2194 Κέλευσον

229 2212 319 2232 crum.
337 2214 346 2230 ι
366 2204 398 2230 Et
415 2204 467 2231 nisi
482 2204 615 2231 munitum
634 2205 730 2232 luisset
743 2205 820 2237 illud,
844 2206 1014 2234 occasionem

1067 2207 1265 2241 ἀσφαλισθῆναι
1282 2207 1326 2233 τδν
1350 2207 1447 2242 τάφον.
1461 2217 1471 2234 ι
1503 2209 1556 2235 Καὶ
1572 2209 1596 2234 εἰ
1612 2210 1661 2243 μὲν
1680 2210 1717 2245 μὴ
1734 2211 1853 2245 ἠσφαλί-

232 2250 393 2276 habuissent
427 2249 658 2276 resurrectionem
686 2250 849 2282 cavillaudi,
878 2251 1012 2285 dicentes,

230 2295 304 2329 quod
324 2301 377 2321 nou
393 2294 527 2322 adfuisset
549 2294 630 2329 digna
657 2299 685 2322 et
713 2295 852 2322 sulliciens
877 2296 1012 2324 custodia.

231 2339 334 2366 Verum
363 2345 426 2365 cum
443 2337 591 2365 omnifaria
616 2339 740 2366 custodia
763 2345 791 2366 et
814 2340 955 2375 diligentia
970 2341 1013 2368 his

230 2385 379 2412 commissa
399 2383 494 2416 fuerit,
507 2383 609 2410 nullam
631 2385 744 2412 omnino
766 2386 938 2412 occasionem
953 2386 1016 2414 reli-

232 2438 313 2464 quam
341 2430 442 2456 habent
466 2430 662 2457 resurrectioni
691 2431 767 2457 illius
791 2431 1012 2466 contradicendi.

232 2475 271 2502 lta
287 2475 360 2502 cnim
393 2479 423 2501 ut
449 2475 595 2509 cupiebant
625 2475 829 2510 volebanlque,
858 2478 1015 2511 sepulcrum

231 2520 364 2548 custodiri
382 2527 562 2548 curaverunt.
594 2521 676 2555 Lapis
697 2522 771 2548 enim
788 2522 852 2549 huic
868 2523 1015 2557 impositus

231 2571 273 2593 est
290 2568 396 2600 ingens,
412 2573 490 2600 quem
505 2566 587 2593 etiam
601 2567 690 2600 sigillo
701 2567 916 2601 obsignaverunt
928 2576 935 2594 :
947 2568 1012 2602 quin

231 2617 260 2639 et
279 2612 398 2638 militum
415 2615 533 2638 turmam
553 2612 587 2639 ad
603 2613 754 2639 custodiam
771 2613 854 2648 hujus
866 2614 1013 2642 constitue-

233 2661 308 2683 runt.
335 2657 468 2684 Caeterum
497 2662 527 2684 ut
547 2658 714 2692 ingratorum
735 2658 889 2685 Judworum
911 2659 1012 2687 cil‘rena

232 2701 397 2728 obturentur
415 2702 498 2734 labia,
519 2704 583 2737 quid
605 2704 652 2735 lit,
678 2708 705 2730 et
729 2704 874 2738 qualenam
892 2709 1013 2739 tempore

233 2747 446 2775 resurrectionis
478 2747 581 2777 Christi
606 2749 700 2776 editur
717 2749 900 2777 miraculum?
923 2750 1013 2778 'l'cme

283 2836 304 2852 '°
324 2836 374 2865 Joh
398 2845 509 2870 xxxvm,
528 2837 602 2865 5-11.
656 2837 677 2853 ¹¹
697 2837 748 2866 Job
768 2845 832 2872 λιιι,
856 2838 908 2866 1-5.

1067 2252 1128 2284 ζετο
1142 2253 1155 2278 ὁ
1172 2253 1267 2286 τάφος,
1284 2250 1357 2288 εῐχον
1381 2254 1414 2279 ἂν
1440 2253 1506 2285 tam;
1523 2256 1659 2289 πρόφασιν
1675 2253 1747 2284 οὗτοι
1771 2266 1854 2284 συχο-

1067 2298 1203 2332 φαντῆσαι
1215 2298 1264 2333 τὴν
1284 2299 1435 2325 ἀνάστασιν
1450 2319 1458 2331 ,
1481 2300 1607 2334 λέγοντες
1619 2302 1661 2328 ὅτι
1685 2302 1735 2329 οὐκ
1760 2303 1855 2336 ἐγένε-

1067 2351 1097 2369 το
1117 2343 1134 2377 ἡ
1163 2344 1339 2378 προσήκουσα
1363 2345 1513 2378 ἀσφάλεια.
1559 2346 1630 2372 Ἀλλ’
1655 2348 1716 2374 ἐπεὶ
1741 2349 1758 2384 ὴ
1776 2351 1854 2376 πᾶσα.

1067 2390 1115 2414 καὶ
1129 2389 1243 2414 παντοία
1267 2389 1388 2425 προσοχὴ
1403 2390 1450 2417 καὶ
1465 2391 1599 2426 ἀσφάλεια
1620 2393 1734 2424 ἐκείνοις
1754 2395 1853 2421 ἐπετέ-

1065 2441 1189 2468 τραπτο,
1218 2434 1346 2468 οὐδεμίαν
1373 2436 1508 2469 πρόφασιν
1534 2437 1642 2472 ἔχουσιν
1666 2440 1754 2465 εἰπεῖν
1782 2441 1855 2472 ὅλως

1066 2479 1130 2512 περὶ
1144 2479 1192 2514 τῆς
1215 2479 1386 2512 ἀναστάσεως
1399 2481 1446 2507 τοῦ
1469 2482 1598 2517 Χριστοῦ.
1620 2483 1662 2515 Ὡς
1685 2487 1738 2519 γὰρ
1754 2486 1854 2521 ἧθελον

1066 2524 1114 2549 καὶ
1126 2525 1276 2558 ἐδούλοντο,
1289 2526 1374 2557 οὕτως
1389 2528 1551 2562 ἐποιήσαντο
1575 2531 1621 2555 καὶ
1636 2531 1684 2564 τὴν
1703 2531 1750 2557 τοῦ
1765 2533 1854 2566 τάφου

1066 2570 1225 2604 ἀσφάλειαν.
1241 2571 1319 2601 Λίθος
1336 2572 1390 2607 γὰρ
1401 2573 1480 2608 ἐτέθη
1494 2574 1586 2600 ἐπάνω
1596 2575 1643 2601 τοῦ
1658 2577 1750 2610 τάφου·
1763 2579 1855 2612 μέγας

1069 2617 1181 2650 σφόδρα,
1194 2617 1239 2643 καὶ
1252 2618 1378 2651 σφραγῖδι
1388 2619 1587 2653 ἐσφραγίσαντο
1599 2621 1702 2647 τοῦτον.
1719 2623 1772 2648 Καὶ
1785 2624 1855 2658 τάγ-

1068 2671 1106 2696 μα
1121 2663 1293 2697 στρατιωτῶν
1314 2664 1465 2700 ἐτάχθησαν
1488 2666 1528 2697 εις
1549 2667 1671 2702 φυλακὴν
1693 2670 1741 2696 καὶ
1759 2670 1853 2703 ἀσφά-

1067 2707 1140 2733 λειαν
1166 2708 1268 2735 αὐτοῦ.
1305 2709 1373 2736 Ἀλλ’
1403 2710 1446 2737 ἵνα
1469 2712 1632 2746 ἐμφραγὼσι
1655 2714 1690 2740 τά
1717 2714 1851 2741 ἀπύλωτα

1068 2753 1189 2787 στόματα
1208 2754 1261 2781 τῶν
1278 2752 1436 2791 ἀχαρίστων
1451 2756 1594 2792 Ἰουδαίων,
1609 2759 1779 2794 τί-γίνεται;
1799 2763 1852 2788 καὶ

965 2840 986 2856 η
1007 2839 1076 2867 Psal.
1096 2847 1138 2873 xv,
1162 2841 1204 2868 10.
