1946 3081
219 143 276 177 £87

805 140 966 173 JOANNIS
985 138 1249 170 CANTACUZENI

1783 138 1836 169 488

218 211 298 235 num,
309 206 338 230 et
350 201 418 229 dicit
431 200 502 228 illis:
523 210 531 226 ι
548 199 666 228 Profecti
682 199 778 228 docete
791 207 887 227 omnes
902 205 1006 234 gemes.

1065 197 1189 227 Ἐλαιῶν,
1212 195 1325 230 πλησίον
1359 195 1548 231 Ἰερουσαλὴμ.
1569 196 1615 221 καῖ
1637 195 1711 229 λέγει
1737 197 1839 227 αὐτοῖς,

218 248 270 282 Qui
287 247 435 275 crediderit
446 250 472 273 et
487 247 640 281 baptizatus
656 246 749 276 fuerit.
765 246 857 272 salvus
871 245 941 272 erit:
957 245 1005 279 qui

217 302 284 322 vero
312 300 367 319 non
389 291 548 324 crediderit,
572 291 813 319 condemnabitur.
837 291 917 325 Signa
941 297 1006 317 vero

220 339 365 366 credentes
401 337 459 364 lucc
490 337 767 371 conscqucntur:ln
801 336 911 363 nomine
945 343 1007 363 meo

219 384 354 412 daemonia
381 383 502 419 ejicient'
529 383 631 417 linguis
656 383 804 417 loquentur
834 382 922 414 novis,
948 389 1006 408 ser-

226 433 320 463 pentes
333 428 427 454 tollent
441 436 448 454 :
464 427 522 455 etsi
538 427 638 454 lethale
653 427 793 461 quidpiam
804 426 935 458 biberint,
951 434 1006 453 non

224 473 335 500 nocebit
359 473 413 505 eis;
436 473 553 500 inﬁrmis
577 481 676 500 manus
701 473 851 507 imponent,
878 477 906 500 et
929 481 1007 499 sana-

223 519 334 548 buntur.
367 519 420 546 Vos
447 522 540 547 autem
565 519 660 547 sedete
681 518 887 554 Hierosolymis,
919 521 1007 545 donec

221 564 374 591 induamini
396 565 498 592 virtute
523 573 556 592 ex
580 565 645 592 alto.
663 565 697 592 Et
721 564 863 592 benedixit
883 563 958 591 illis:
979 568 1008 591 et

221 609 322 636 factum
336 614 378 636 est
393 609 464 636 inter
481 609 709 639 benedicendum,
726 609 840 636 secessit
854 608 888 634 ab
904 608 968 640 illis,
979 612 1008 635 ct

221 653 344 680 sublatus
358 657 399 679 est
421 654 447 679 in
471 653 580 680 caelum.
600 652 723 686 Cumque
744 651 922 682 ascendisset,
941 658 1007 677 con-

221 698 292 725 sedit
305 698 338 726 ad
356 698 478 725 dextram
491 697 539 724 Dei
550 697 581 724 “.
597 706 606 723 ι
626 697 755 729 Quamvis
770 703 835 723 vero
848 701 875 723 et
903 696 1006 723 Musul-

220 743 294 770 mani
321 743 423 775 dicant,
437 742 579 770 Christum
604 742 632 768 in
654 741 730 768 etnlis
750 749 821 774 esse,
836 749 892 768 non
917 745 1006 768 tamen

220 789 362 816 veritatem
381 788 466 823 ipsam
485 788 632 823 attingunt.
649 787 790 814 Christum
807 787 880 813 enim
897 786 923 813 in
937 787 1006 814 caelo

221 834 317 860 dicunt
331 841 390 860 esse
415 833 552 859 hominem
569 835 750 866 sanctumque
772 839 965 866 magnumque,
979 836 1007 858 et

222 879 386 906 sanctiorem
412 878 487 905 omni
514 878 641 908 homine;
674 878 767 909 talem,
796 877 919 912 inquam,
955 876 1005 911 ipsi

221 925 359 952 Christum
375 924 403 951 in
417 925 487 951 cmlo
499 931 560 951 esse
576 923 706 956 fatentur,
720 923 838 958 amplius
850 930 914 950 vero
927 923 1010 951 nihil:

225 969 278 998 Sed
292 971 521 1005 quemadmodum
536 970 562 997 in
587 970 716 998 omnibus
738 970 771 997 ad
790 970 930 997 Christum
947 977 1008 1004 per-

223 1017 385 1048 tinentibus,
405 1017 441 1044 ila
463 1017 546 1043 etiam
563 1017 590 1043 in
612 1015 666 1043 hoc
679 1020 784 1043 errant.
803 1016 830 1043 Si
855 1023 920 1043 vero
936 1015 1009 1043 veri-

223 1067 307 1090 tatem
336 1063 441 1090 discere
471 1063 557 1095 voles,
586 1063 717 1090 Davidem
748 1062 812 1089 audi
838 1062 974 1089 dicentem
1000 1071 1007 1089 :

226 1118 234 1134 ι
254 1109 377 1136 Cantabo
391 1109 440 1136 tibi
460 1109 487 1136 in
508 1109 646 1143 gentibus,
663 1109 787 1139 Domine.
803 1108 931 1143 quoniam
954 1108 1008 1136 alte

222 1160 305 1188 Supra
322 1154 407 1181 cmlos
433 1153 622 1180 misericordia
640 1161 695 1185 tua,
723 1158 750 1180 et
768 1161 853 1187 usque
867 1154 900 1180 ad
921 1153 1009 1180 nubes

223 1198 325 1225 veritas
342 1202 388 1224 tua
399 1199 430 1223 ιτ.
447 1198 571 1224 Exaltare
590 1198 661 1225 Deus
677 1206 758 1232 supra
776 1198 870 1230 emlos,
885 1203 912 1225 et
926 1206 1009 1232 super

223 1249 332 1268 omnem
350 1247 450 1269 terram
471 1243 556 1277 gloria
575 1247 620 1269 tua
630 1243 662 1269 η.
681 1252 690 1268 ι
714 1243 832 1269 Attende
852 1243 1006 1276 diligenter.

224 1287 262 1314 De
275 1295 394 1321 quonam
416 1287 499 1314 David
515 1288 591 1319 dicit.
611 1288 684 1322 quod
704 1289 758 1315 alte
773 1295 856 1322 supra
874 1288 959 1316 cmlos
974 1288 1009 1315 sit

225 1332 415 1359 misericordia
429 1333 499 1366 ejus,
509 1336 538 1359 et
555 1340 641 1366 usque
657 1333 689 1359 ad
704 1333 791 1360 nubes
804 1333 905 1360 veritas
919 1333 990 1360 illius
1000 1353 1008 1364 .

225 1382 253 1404 et
264 1377 337 1412 quod
358 1378 495 1405 exaltatus
514 1378 550 1404 sit
573 1377 644 1405 Dens
666 1385 747 1412 supra
766 1379 859 1410 caelos,
877 1383 905 1406 et
927 1386 1010 1412 super

225 1431 335 1450 omnem
351 1428 449 1451 terram
465 1423 549 1457 gloria
563 1423 639 1457 ejus?
653 1423 723 1450 Deus
738 1423 838 1457 ubique
850 1427 901 1454 est,
913 1428 940 1450 ct
954 1431 1008 1450 non

227 1473 270 1495 est
284 1469 362 1495 locus
376 1468 421 1494 ubi
443 1468 514 1494 Dens
532 1475 586 1494 non
603 1468 648 1494 sit.
665 1467 721 1494 lloc
739 1467 822 1502 igitur
837 1467 908 1494 haud
926 1468 1009 1495 dubie

225 1513 294 1540 citra
307 1521 416 1540 omnem
429 1513 643 1540 controversiam
661 1513 727 1539 dicit
742 1513 775 1540 de
791 1513 913 1554 homine,
926 1522 1007 1549 quem

1059 250 1068 267 ι
1088 240 1271 276 Πορευθέντες
1288 240 1411 273 διδάξατε
1428 240 1516 268 πάντα
1534 240 1568 267 τᾶ
1586 240 1660 276 ἔθνη.
1683 241 1713 267 '0
1728 242 1841 268 πιστεύ-

1058 295 1106 318 σας
1121 287 1167 313 καὶ
1183 285 1342 320 βαπτισθεὶς
1360 285 1524 321 σωθήσεται.
1541 286 1555 312 ὁ
1567 285 1595 312 δὲ
1617 286 1773 318 ἀπιστήσας
1790 294 1842 312 κα-

1057 331 1271 366 τακριθήσεται.
1299 331 1404 366 Σημεῖα
1429 331 1457 356 δὲ
1481 331 1537 360 τοῖς
1561 330 1724 358 πιστεύσασι
1756 331 1843 358 ταῦτα

1058 376 1305 411 παρακολουθήσει⁵
1325 376 1370 402 Ἐν
1381 376 1419 410 τῷ
1430 376 1541 410 ὀνόματι
1554 385 1604 408 μου
1616 376 1741 411 δαιμόνια
1760 377 1844 403 ἑκϐα-

1058 422 1145 453 λοῦσι,
1156 421 1290 456 γλώσσαις
1298 422 1443 457 λαλήσουσι
1452 422 1567 453 καιναῖς,
1579 421 1654 455 opst;
1667 422 1777 456 ἀροῦσι,
1789 422 1842 448 κᾶν

1058 467 1205 503 θανάσιμόν
1217 476 1242 494 τι
1253 468 1360 499 πίωσιν,
1376 468 1406 493 οὐ
1419 467 1456 502 μὴ
1466 467 1563 498 αὐτοὺς
1574 467 1662 502 βλάψῃ
1673 476 1679 482 ·
1693 469 1738 494 ἐπὶ
1749 466 1842 502 ἀρρώ.

1059 521 1137 543 στους
1172 513 1266 547 χεῖρας
1301 512 1489 547 ἐπιθήσουσι,
1526 513 1572 538 καὶ
1601 512 1691 543 καλῶς
1715 512 1841 545 ἕξουσιν.

1063 557 1158 591 Ὑμεῖς
1174 557 1201 583 δὲ
1212 556 1341 583 καθίσατε
1355 557 1384 582 ἐν
1395 558 1427 591 τῇ
1441 557 1516 583 πόλει
1538 557 1727 592 Ἰερουσαλὴμ,
1745 556 1797 587 ἕως
1809 552 1841 581 οὖ

1058 603 1205 638 ἐνδύσησθε
1237 603 1352 638 δύναμιν
1377 603 1406 635 ἐξ
1430 603 1523 637 ὕψους.
1552 604 1606 630 Καὶ
1628 603 1773 638 εὐλόγησεν
1791 602 1844 629 αὐ-

1059 649 1130 680 τούς.
1148 650 1203 675 Καὶ
1214 649 1322 682 ἐγένετο
1337 650 1365 675 ἐν
1377 649 1415 684 τῷ
1429 649 1552 683 εὐλογεῖν
1567 649 1648 676 αὑτὸν
1664 649 1775 679 αὐτοὺς,
1785 649 1842 674 6:5-

1060 703 1109 729 στη
1126 694 1172 720 ἀπ’
1188 694 1286 725 αὐτῶν,
1302 695 1349 720 καὶ
1362 695 1510 729 ἀνεφέρετο
1527 695 1566 725 εἰς
1580 695 1625 720 τὸν
1649 694 1773 727 οὐρανὸν,
1794 696 1843 719 καὶ

1058 740 1161 772 ἀναϐὰς
1177 740 1302 766 ἐκάθισεν
1318 741 1349 766 ἐκ
1362 740 1456 773 δεξιῶν
1468 740 1516 766 τοῦ
1531 740 1627 767 Θεοῦ.»
1645 739 1706 765 ’Ὁτι
1720 739 1768 773 μὲν
1786 739 1843 772 γὰρ

1057 787 1081 812 οἱ
1094 785 1304 820 Μουσουλμάνοι
1316 786 1427 820 λέγουσι
1441 787 1505 820 περὶ
1527 785 1575 811 τοῦ
1595 785 1726 820 Χριστοῦ,
1745 784 1786 810 ὅτι
1802 783 1844 814 εἰς

1058 831 1120 862 τοὺς
1135 831 1267 865 οὐρανοὺς
1281 831 1449 866 εὑρίσκεται,
1463 832 1520 857 ἀλλ’
1533 832 1583 866 οὐχ
1600 832 1637 862 ὡς
1660 831 1718 866 ἔχει
1740 831 1757 865 ὴ
1771 830 1840 864 ἀλή-

1059 877 1128 909 θεια,
1141 877 1198 903 ἀλλ’
1211 877 1250 909 ὡς
1267 878 1414 912 ἄνθρωπον
1431 877 1508 911 ἅγιον
1524 878 1570 904 καὶ
1593 878 1688 912 μέγαν,
1702 878 1747 904 καὶ
1760 877 1846 911 ἁγιώ-

1059 931 1138 957 τερον
1154 923 1254 953 παντὸς
1267 922 1424 957 ἀνθρώπου,
1439 922 1510 948 οὕτω
1525 923 1633 956 λέγουσι
1654 922 1700 948 τὸν
1723 922 1844 956 Χριστὶν

1059 966 1129 994 εἶναι
1145 969 1173 994 ὲν
1194 968 1234 1004 τῷ
1250 968 1369 1003 οὐρανῷ,
1392 968 1546 1002 περαιτέρω
1569 968 1597 994 δὲ
1622 967 1758 1001 οὐδαμῶς*
1784 967 1845 994 ἀλλ’

1058 1015 1152 1048 ῶσπερ
1164 1015 1207 1040 ἐπὶ
1222 1014 1330 1039 πάντων
1341 1013 1495 1039 πλανῶνται
1506 1013 1560 1039 τῶν
1575 1013 1638 1047 περὶ
1652 1012 1698 1038 τοῦ
1710 1012 1841 1047 Χριστοῦ,

1059 1060 1143 1092 οὓτως
1159 1054 1312 1086 πλανῶνται
1325 1060 1372 1086 καὶ
1386 1060 1430 1086 ἐπ’
1447 1059 1532 1094 αὐτῷ.
1551 1059 1580 1084 Ei
1593 1059 1620 1084 δὲ
1643 1058 1730 1092 βούλει
1745 1057 1843 1092 μαθεῖν

1058 1104 1107 1138 τὴν
1122 1104 1260 1138 ἀλήθειαν,
1292 1103 1409 1129 ἄκουσον
1423 1102 1470 1129 τοῦ
1497 1102 1579 1129 Δαϐὶδ
1603 1102 1738 1136 λέγοντος,
1763 1109 1773 1126 ι
1788 1101 1846 1127 Κύ-

1061 1156 1112 1182 ριε,
1129 1149 1205 1183 ψαλῶ
1221 1156 1262 1174 σοι
1275 1149 1303 1174 ὲν
1322 1147 1437 1179 ἔθνεσιν,
1451 1148 1491 1174 ὅτι
1511 1148 1582 1182 μέγα
1605 1147 1697 1174 ἐπάνω
1731 1146 1786 1172 τῶν
1800 1146 1846 1172 οὐ-

1061 1194 1150 1228 ρανῶν
1165 1194 1195 1220 τὸ
1210 1194 1282 1224 ἔλεός
1296 1202 1354 1225 σου,
1371 1194 1420 1219 καὶ
1432 1193 1485 1224 ἕως
1502 1193 1554 1219 τῶν
1568 1193 1688 1226 νεφελῶν
1702 1192 1716 1226 ἡ
1729 1191 1846 1226 ἀλήθειά

1061 1247 1120 1266 σου.
1138 1239 1278 1274 ’Υψώθητι
1291 1240 1339 1266 ἐπὶ
1356 1239 1418 1271 τοὺς
1441 1239 1569 1274 οὐρανοὺς
1592 1240 1607 1265 ὁ
1630 1237 1707 1269 Θεὸς,
1730 1238 1778 1264 καὶ
1797 1238 1845 1264 ἐπὶ

1061 1287 1151 1312 πᾶσαν
1165 1286 1214 1320 τὴν
1237 1287 1319 1321 γῆνή
1344 1286 1406 1318 δόξα
1434 1295 1491 1312 σου.
1508 1295 1517 1311 ι
1545 1284 1680 1320 Πρόσεξον
1709 1283 1844 1319 ἀκριϐῶς,

1060 1332 1121 1358 τίκα
1137 1332 1210 1365 λέγει
1223 1333 1238 1358 ὁ
1252 1332 1343 1364 Δαϐὶδ,
1361 1333 1402 1358 ὅτι
1417 1333 1489 1366 μέγα
1506 1332 1598 1358 ἐπάνω
1613 1331 1667 1357 τῶν
1680 1330 1800 1366 οὐρανῶν
1813 1329 1845 1356 τὸ

1062 1377 1134 1408 ἔλεος
1148 1377 1241 1409 αὐτοῦ,
1255 1379 1301 1404 καὶ
1313 1378 1366 1408 ἓως
1378 1378 1432 1404 τῶν
1452 1377 1570 1411 νεφελῶν
1584 1378 1599 1412 ή
1613 1377 1724 1412 ἀλήθεια
1748 1376 1844 1406 αὐτοῦ,

1061 1421 1108 1447 καὶ
1123 1421 1163 1451 τὺ,
1172 1420 1310 1454 Ύῲὼοητι
1322 1421 1369 1446 ἐπὶ
1379 1422 1442 1452 τοὺς
1452 1422 1595 1456 οὐρανοὺς,
1610 1423 1623 1448 ό
1635 1421 1701 1453 Θεὸς
1726 1422 1774 1447 καὶ
1796 1419 1845 1446 ἐπὶ

1060 1467 1151 1492 πᾶσαν
1173 1466 1221 1500 τὴν
1251 1467 1303 1499 γῆν
1321 1467 1337 1500 ή
1366 1466 1431 1499 δόξα
1457 1475 1515 1494 σου,
1551 1467 1580 1493 '0
1607 1467 1672 1498 Θεὸς
1705 1466 1845 1500 τανταχοῦ

1062 1511 1130 1542 ἔστι,
1147 1511 1191 1538 καὶ
1211 1513 1261 1538 οὐκ
1288 1512 1345 1539 ἔστι
1372 1513 1454 1544 τόπος
1466 1513 1494 1539 ὲν
1509 1509 1531 1546 ᾦ
1559 1513 1608 1539 οὐκ
1627 1513 1700 1539 ἐστιν
1723 1514 1737 1539 ὁ
1764 1512 1845 1543 Θεός.

225 1559 312 1586 Filius
326 1564 354 1586 ct
369 1559 487 1586 Verbum
503 1559 549 1586 Dei
563 1559 726 1594 assumpsit;
742 1559 789 1594 qui
806 1565 884 1586 antea
897 1544 1008 1594 quidem

1062 1557 1162 1583 Τούτου
1181 1557 1245 1590 γοῦν
1269 1558 1345 1589 δντος
1369 1544 1595 1593 ὁμολογουμένου,
1621 1558 1774 1593 ὲεανάγχης
1796 1557 1844 1584 τοι

226 1611 281 1630 non
305 1609 364 1630 erat
393 1604 419 1630 in
443 1604 523 1635 cmlo,
541 1604 589 1631 sed
610 1603 637 1630 in
663 1609 748 1634 terra,
767 1612 839 1631 nunc
856 1613 922 1632 vero
945 1606 1009 1632 sub-

171 1651 174 1653 ‘
224 1653 320 1675 vectus
333 1653 374 1676 est
390 1653 417 1676 ct
437 1649 582 1681 exaltatus,
603 1653 631 1676 et
652 1649 776 1676 consedit
799 1657 814 1676 a
841 1649 942 1677 dextris
962 1650 1009 1677 Dei

225 1693 326 1727 Patris,
342 1694 387 1728 qui
404 1694 515 1728 quidem
532 1695 559 1721 in
573 1694 643 1722 coelo
662 1698 713 1726 est,
728 1700 810 1729 supra
829 1699 929 1722 terram
947 1703 1011 1722 vero

225 1739 311 1773 gloria
329 1740 398 1774 ejus.
415 1739 467 1767 Sed
486 1740 595 1774 planius
622 1740 711 1767 adhuc
733 1745 759 1768 et
776 1741 923 1768 dilucidius
939 1741 1010 1768 idem

228 1785 310 1812 David
328 1785 410 1813 dicit:
430 1794 438 1810 ι
456 1785 552 1813 Tollite
568 1790 671 1820 portas,
691 1786 838 1820 principes,
855 1792 969 1819 vestras,
985 1793 1013 1814 et

228 1831 372 1858 clevamini
390 1837 476 1865 portae
489 1831 672 1865 sempiternae,
685 1836 712 1858 et
723 1832 892 1866 ingredietur
901 1841 945 1860 rex
956 1834 1013 1868 glo-

230 1875 317 1908 rite“.
339 1876 405 1908 Quis
423 1882 465 1903 est
480 1876 524 1903 ille
552 1884 599 1902 rex
614 1877 726 1909 gloriae?
743 1877 873 1905 Dominus
889 1878 967 1905 fortis
985 1883 1012 1906 et

230 1926 339 1955 potens,
352 1921 482 1948 Dominus
495 1925 591 1955 potens
605 1921 631 1947 in
645 1921 749 1955 praelia.
762 1922 861 1949 Tollite
875 1923 1013 1958 principes

229 1970 321 1999 portas
340 1969 455 1997 vestras,
470 1970 498 1992 et
510 1965 667 1999 elevamini,
687 1970 772 2000 portae
788 1967 971 2001 scmpiternw,
986 1973 1013 1995 et

229 2010 355 2037 introibit
367 2018 412 2037 rex
428 2010 532 2044 gloriae.
547 2010 614 2043 Quis
626 2016 669 2038 est
681 2011 726 2038 ille
740 2019 787 2038 rex
801 2012 906 2046 gloriaz?
923 2013 1014 2040 Domi-

228 2062 282 2082 nus
295 2055 438 2087 virtutum,
455 2055 498 2082 hic
514 2060 556 2082 est
571 2055 616 2082 ille
636 2063 681 2082 rex
694 2056 784 2090 gloria
799 2057 832 2083 ”.
856 2066 865 2082 ι
879 2057 949 2090 Quid
965 2059 1013 2085 tibi

231 2101 264 2128 de
283 2100 334 2128 hac
351 2100 493 2135 prophetia
508 2100 636 2128 videtur?
652 2100 716 2128 Ilico
731 2108 796 2127 sane
816 2101 889 2136 quod
908 2102 929 2128 si
945 2103 1015 2130 alius

229 2147 362 2182 propheta
384 2147 476 2173 nullus
492 2147 526 2174 de
543 2146 653 2174 Christo
670 2147 778 2174 locutus
790 2152 870 2177 esset.
889 2147 945 2175 hate
957 2148 1013 2175 sola

230 2192 374 2226 prophetia
395 2192 542 2218 multarum
562 2197 590 2219 et
605 2200 762 2227 magnarum
781 2193 842 2220 loco
860 2197 943 2220 esset.
960 2193 1013 2220 De-

231 2237 393 2264 monstravit
415 2238 487 2264 enim
503 2238 634 2272 propheta
647 2239 759 2266 dicens:
780 2248 790 2264 ‹
808 2238 918 2272 Tollite,
936 2239 1012 2273 prin-

229 2283 314 2317 cipes,
329 2287 421 2317 portas
434 2287 547 2312 vestras.
566 2287 594 2309 et
609 2283 767 2316 clevamini,
777 2289 860 2318 portre
869 2283 1013 2318 sempiter-

230 2336 283 2360 me,
295 2333 322 2355 et
338 2328 462 2354 introibit
476 2336 524 2354 rex
536 2329 638 2362 gloriae,
654 2338 662 2353 ι
680 2329 753 2363 quod
765 2329 799 2356 de
811 2329 858 2356 illo
872 2329 1011 2363 loquatur,

231 2374 279 2408 qui
297 2379 361 2400 ante
376 2381 516 2408 nunquam
535 2375 561 2400 in
578 2374 656 2400 ccelis
671 2374 770 2406 fuerat,
786 2375 833 2402 sed
850 2382 884 2402 eo
902 2375 1012 2401 demum

231 2419 365 2454 temporis
388 2420 504 2447 articulo
527 2427 582 2454 quo
601 2425 687 2454 porta:
706 2420 842 2452 cmlestes,
863 2418 890 2447 id
911 2425 952 2447 est
967 2428 1016 2447 an-

231 2465 325 2498 gelica:
336 2465 463 2497 virtutes,
480 2465 580 2499 aperiri
595 2465 735 2500 iubentur.
748 2465 786 2492 Eo
804 2465 877 2492 enim
894 2470 1016 2500 tempore

231 2509 356 2536 ascendit
377 2517 424 2536 rex
446 2510 549 2544 gloriae,
566 2517 646 2545 quem
669 2510 793 2537 videntes
815 2510 1018 2544 obstupuerunt

232 2559 259 2582 et
284 2554 540 2589 interrogaverunt,
562 2565 571 2580 ‹
586 2555 653 2587 Quis
671 2560 713 2582 est
736 2556 781 2583 ille
800 2563 846 2582 rex
870 2556 982 2590 glorim?
1005 2565 1015 2582 ι

232 2599 337 2633 Quibus
356 2599 403 2638 hi,.
417 2600 464 2632 qui
486 2600 673 2627 subvexerunt
693 2610 701 2626 ε
719 2601 861 2628 Dominum
882 2601 984 2635 gloriae,
1004 2611 1013 2627 ι

234 2644 437 2678 responderunt
459 2650 539 2679 (quos
564 2645 696 2679 propheta
734 2645 859 2673 Ezechiel
885 2646 962 2676 vidit.
988 2652 1018 2674 ut

233 2690 497 2726 postdeclarabitur)
514 2700 521 2717 :
541 2700 550 2716 ‹
563 2690 694 2718 Dominus
705 2690 783 2718 fortis
798 2695 825 2718 et
841 2696 946 2726 potens,
964 2692 1016 2718 Do-

232 2737 325 2764 minus
338 2741 434 2772 potens
448 2737 475 2763 in
488 2736 571 2764 bello.
586 2746 595 2763 ›
613 2736 679 2770 Quis
692 2741 782 2764 autem
796 2737 822 2764 in
837 2737 908 2765 bello
921 2743 1017 2773 potens

271 2823 294 2840 "
312 2822 396 2852 Marc.
413 2831 467 2857 xvr,
488 2822 577 2851 15-19.
616 2823 714 2850 "’Psal.
732 2831 787 2856 LVI,
800 2823 843 2851 Η.

901 2824 921 2840 ¹⁸
942 2824 1014 2852 Psal.
1029 2833 1081 2858 ut,
1101 2825 1126 2851 6.

1061 1603 1203 1637 ἄνθρωπον
1227 1602 1320 1637 λέγει,
1345 1604 1376 1630 ὃν
1397 1604 1543 1631 ἁνελάὸετο
1569 1605 1582 1630 ό
1605 1603 1668 1635 Υἱὸς
1688 1605 1735 1632 καὶ
1756 1603 1846 1637 Λόγος

1061 1648 1107 1673 τοῦ
1118 1648 1196 1679 Θεοῦ,
1208 1647 1236 1678 ὂς
1249 1648 1381 1683 πρότερον
1395 1649 1443 1683 μὲν
1456 1649 1505 1675 οὐχ
1517 1646 1550 1683 ἧν
1559 1649 1587 1674 ὲν
1599 1648 1637 1683 τῷ
1652 1648 1768 1682 οὐρανῷ,
1787 1649 1847 1674 ἀλλ’

1062 1694 1090 1719 ὲν
1107 1695 1139 1728 τῇ
1165 1695 1198 1728 γῇ
1212 1701 1218 1708 ·
1237 1694 1285 1720 νῦν
1298 1694 1325 1720 δὲ
1352 1695 1474 1728 ἀνήγαγε
1490 1696 1537 1720 καὶ
1563 1694 1666 1728 ὖψωσε,
1684 1695 1730 1721 καὶ
1753 1695 1850 1721 ἐκάθι-

1063 1746 1108 1764 σεν
1125 1740 1157 1764 ὲκ
1171 1739 1265 1772 δεξιῶν
1279 1739 1325 1765 τοῦ
1339 1739 1407 1765 Θεοῦ
1421 1739 1469 1765 καὶ
1486 1739 1604 1773 Πατρὸς,
1628 1739 1657 1770 ὃς
1669 1739 1727 1766 ἐστι
1751 1739 1802 1773 μὲν
1818 1740 1848 1765 ὲν

1062 1785 1100 1818 τῷ
1113 1784 1232 1820 οὐρανῷ,
1247 1785 1293 1812 ἐπὶ
1306 1785 1333 1810 δὲ
1346 1785 1437 1811 πᾶσαν
1451 1785 1499 1818 τὴν
1512 1785 1564 1819 γῆν
1577 1786 1594 1819 ἡ
1609 1785 1673 1818 δόξα
1684 1785 1778 1811 αὑτοῦ.
1790 1786 1848 1811 Καὶ

1062 1829 1103 1855 ἑτι
1115 1829 1274 1864 τρανότερον
1286 1830 1332 1855 καὶ
1343 1829 1532 1865 φανερώτερον
1546 1830 1619 1862 λέγει
1631 1830 1645 1855 ὁ
1658 1829 1739 1859 αὐτὸς
1751 1829 1846 1860 Δασὶδ,

1067 1875 1184 1909 (”Αρατε
1204 1875 1300 1907 πύλας,
1323 1876 1347 1901 οξ
1364 1875 1502 1910 ἄρχοντες,
1525 1875 1612 1909 ὑμῶν,
1636 1876 1681 1902 καὶ
1695 1875 1846 1910 ἐπάροητε,

1063 1919 1145 1946 πύλαι
1163 1919 1279 1951 αἰώνιοι,
1295 1922 1341 1946 καὶ
1360 1921 1541 1947 εἰσελεύσεται
1556 1921 1570 1946 6
1584 1920 1710 1955 βασιλεὺς
1727 1921 1776 1956 τῆς
1799 1921 1846 1948 δὸ-

1065 1964 1139 1998 ξης.»
1158 1966 1205 1996 Τίς
1218 1967 1292 1992 ἐστιν
1309 1963 1385 1996 οὗτος
1399 1966 1413 1991 ὁ
1427 1965 1553 1999 βασιλεὺς
1564 1966 1613 1999 τῆς
1628 1965 1724 2001 δόξης
1742 1966 1846 2002 Κύριος

1065 2013 1192 2045 κραταιὸς
1211 2012 1259 2038 καὶ
1271 2011 1395 2044 δυνατὸς,
1416 2010 1517 2045 Κύριος
1541 2011 1652 2042 δυνατὸς
1668 2011 1696 2037 ὲν
1722 2012 1847 2050 πολέμῳ.

1067 2057 1167 2091 ’Ᾱρατε
1183 2057 1281 2089 πύλας,
1297 2057 1321 2083 οἱ
1348 2058 1487 2092 ἄρχοντες,
1515 2057 1601 2091 ὑμῶν,
1621 2057 1667 2083 καὶ
1692 2057 1847 2092 ιπάρθητε,

1065 2102 1147 2129 πύλαι
1163 2102 1279 2134 αῐώνιοι,
1301 2103 1349 2128 καὶ
1366 2102 1550 2128 εἰσελεύσεται
1566 2103 1580 2128 ὁ
1598 2101 1724 2136 βασιλεὺς
1739 2102 1788 2136 τῆς
1804 2102 1849 2128 δό-

1066 2146 1126 2181 ξης.
1149 2147 1195 2178 Τίς
1210 2148 1283 2172 ἐστιν
1307 2145 1383 2177 οὗτος
1398 2148 1412 2173 ὸ
1431 2146 1559 2181 βασιλεὺς
1572 2147 1622 2181 τῆς
1637 2147 1731 2181 δόξης;
1744 2148 1847 2181 Κύριος

1065 2192 1118 2218 τῶν
1133 2192 1285 2226 δυνάμεων,
1302 2192 1381 2222 αὐτός
1394 2193 1467 2218 ἐστιν
1481 2192 1495 2218 ὁ
1511 2191 1637 2226 βασιλεὺς
1652 2193 1701 2227 τῆς
1724 2192 1814 2227 δόξης.
1833 2202 1843 2218 ι

1067 2237 1099 2263 Τί
1117 2237 1181 2270 γοῦν
1198 2244 1239 2262 σοι
1255 2236 1328 2262 δοκεῖ
1343 2237 1407 2270 περὶ
1430 2236 1480 2271 τῆς
1505 2236 1632 2270 τοιαύτης
1658 2238 1825 2272 προφητείας
1840 2247 1846 2268 ;

1072 2282 1144 2315 Ἐγὼ
1168 2282 1242 2316 λέγω
1267 2283 1307 2308 ὅτι
1332 2282 1380 2309 ἐὰν
1399 2282 1477 2313 ἄλλος
1493 2283 1635 2317 προφήτης
1656 2283 1707 2309 οὐχ
1732 2283 1849 2318 Aldina;

1067 2328 1194 2363 περὶτοῦ
1211 2328 1341 2362 Χριστοῦ,
1367 2329 1435 2363 αὐτὴ
1461 2329 1529 2363 μόνη
1555 2331 1571 2363 ἡ
1598 2329 1750 2364 προφητεία
1767 2329 1850 2363 ἤρκει

1067 2375 1127 2400 ἀντὶ
1143 2374 1248 2400 πολλῶν
1270 2374 1396 2408 μεγάλων
1415 2374 1515 2408 ἑτέρων
1539 2374 1723 2408 προφητειῶν.
1741 2374 1848 2406 Ἐδειξε

1064 2418 1118 2452 γὰρ
1133 2419 1161 2444 ὲν
1177 2418 1215 2452 τῷ
1232 2418 1342 2445 εἰπεῖνὸ
1356 2419 1499 2453 Προφήτης
1513 2419 1554 2445 ὅτι
1565 2429 1574 2445 ‹
1589 2420 1690 2454 Ἄρατε
1706 2419 1804 2451 πύλας,
1824 2420 1850 2445 εἱ

1065 2463 1204 2498 ἄρχοντες,
1221 2465 1308 2498 ὑμῶν,
1327 2467 1374 2492 καὶ
1390 2465 1541 2500 ὲπάρθητε,
1565 2465 1648 2492 πύλαι
1674 2465 1788 2497 αἰώνιοι,
1804 2475 1851 2492 και

1066 2510 1249 2536 εἰσελεύσεται
1261 2511 1274 2536 ὁ
1285 2510 1411 2545 βασιλεὺς
1431 2511 1480 2545 τὴς
1495 2510 1584 2545 δόξης,
1595 2520 1603 2536 ι
1615 2511 1652 2542 ὡς
1664 2512 1728 2546 περὶ
1745 2512 1851 2538 ἐκείνου

1066 2555 1151 2588 λέγει,
1167 2555 1196 2586 ὃς
1211 2555 1339 2582 οὐδέποτε
1368 2555 1401 2590 ἦν
1426 2556 1455 2582 ὲν
1471 2557 1528 2585 τοῖς
1543 2557 1678 2590 οὐρανοῖς,
1696 2557 1764 2582 ἀλλὰ
1791 2559 1854 2582 κατ’

1071 2600 1151 2626 αὐτὴν
1177 2601 1222 2626 τὸν
1246 2602 1339 2634 καιρδν
1366 2601 1396 2627 ὃν
1420 2601 1543 2635 ἐλέγοντο
1565 2601 1593 2627 αἱ
1610 2601 1730 2636 οὐράνιοι
1757 2601 1852 2631 πύλαι,

1070 2647 1208 2671 τουτέστιν
1220 2647 1248 2672 αἱ
1266 2647 1410 2679 ἁγγελικαὶ
1422 2647 1562 2681 δυνάμεις,
1576 2647 1619 2672 ἵνα
1634 2646 1772 2680 ἀνοιγῶσι,
1789 2646 1852 2671 κ-;“

1071 2691 1150 2716 αὐτὸν
1165 2691 1210 2717 τὸν
1225 2693 1320 2725 καιρὸν
1335 2692 1458 2720 ἀνέϐαινε
1473 2693 1520 2719 καὶ
1533 2694 1547 2719 ὁ
1563 2692 1688 2728 βασιλεὺς
1701 2692 1749 2726 τῆς
1759 2691 1852 2724 δόξῃς.

1071 2738 1099 2763 ὃν
1117 2737 1215 2769 ἰδόντες
1241 2738 1477 2773 ἐξεθαμϐήθησαν,
1495 2738 1542 2766 καὶ
1567 2739 1675 2774 ήροντο,
1693 2747 1702 2764 ι
1719 2737 1766 2769 Τίς
1777 2737 1854 2764 ἐστι]

1179 2825 1201 2840 ¹⁹
1222 2824 1292 2853 l‘sal.
1309 2833 1387 2859 unt,
1402 2825 1475 2853 740.
