1946 3081
190 148 242 185 5‘27

771 151 932 182 JOANNIS
950 153 1211 185 CANTACUZENI

1749 155 1798 186 5‘28

190 218 313 247 magnam
334 209 504 237 dulcedinem
529 214 558 237 et
579 207 711 236 laetitiam.
736 207 823 235 Porro
860 214 965 243 progre-

1023 209 1105 245 μένῳ,
1122 211 1168 237 καὶ
1183 212 1221 248 μὴ
1233 213 1411 248 εὑρισκόντων
1424 211 1493 246 ὕδωρ
1502 210 1571 237 ὥστε
1587 211 1668 242 πιεῖν,
1684 210 1730 237 καὶ
1746 212 1800 247 rip

189 258 282 285 diente
294 256 367 284 Mose
382 263 430 290 per
445 255 584 282 desertum
598 262 660 282 cum
677 253 796 289 populo,
810 258 969 288 serpentum

188 302 335 330 multitudo
348 302 375 329 in
391 301 479 328 locum
497 300 643 335 quemdam
664 299 769 331 incidit,
785 299 886 334 quibus
897 299 969 333 peri-

189 348 336 375 clitabatur
350 346 475 381 populus.
491 345 578 374 Moses
591 353 657 372 vero
674 345 720 372 Dei
739 346 817 381 jussu
833 345 897 372 fecit
910 353 969 372 ser-

189 397 298 428 pentem
316 399 433 423 aeneum,
461 390 620 425 lignumque
641 393 744 416 rectum
767 393 846 416 terra:
870 388 967 420 infixit,

189 439 234 465 cui
251 441 406 472 serpentem
432 441 615 462 transversum
629 434 724 467 afﬁxit,
753 441 902 469 omnesque
922 433 970 469 qui

189 494 202 511 ιι
217 482 390 517 serpentibus
404 481 449 508 icti
466 480 584 512 fuerant,
602 479 662 506 viso
676 486 752 506 αδηθο
763 479 821 511 illo,
835 478 970 506 sanaban-

191 535 252 562 tur;
277 536 326 555 nec
346 528 416 554 ullus
429 531 487 553 erat
504 526 550 560 qui
565 533 579 552 a
593 525 768 560 serpentibus
788 525 875 556 ictus,
892 531 969 551 aeneo

187 576 246 602 viso
260 582 313 601 non
333 578 486 601 sanarctur.
503 571 638 599 Nimirum
655 576 683 598 et
695 570 742 598 illo
769 569 902 597 miraculo
917 568 969 596 hoc

190 621 339 652 innucntc,
370 618 442 654 quod
468 622 589 645 erectum
617 617 720 652 lignum
757 615 905 650 allixusque
930 614 967 641 illi

188 672 360 693 transversus
371 672 482 699 serpens
494 664 583 691 crucis
596 667 688 698 typum
698 662 854 694 deuotabat,
865 668 971 688 aeneus-

187 711 241 747 que
258 718 371 746 serpens
387 710 459 737 haud
476 709 560 737 dubie
575 708 677 736 Christi
694 713 774 744 typus
788 712 855 735 erat.
869 707 970 740 Quem-

187 758 334 785 admodum
357 757 431 787 enim
457 762 571 791 serpens
586 756 631 782 hic
650 755 763 782 fortnam
779 754 889 789 quidem
911 761 970 781 ser-

187 804 277 839 pentis
287 803 393 835 habuit,
405 810 541 830 venenum
553 809 617 828 vero
633 807 823 835 nequaquam;
840 799 878 826 sic
886 799 967 826 ctiam

186 849 312 876 Christus
338 848 419 875 homo
447 847 557 882 quidem
583 851 642 873 erat
665 846 786 876 futurus,
802 844 848 872 sed
863 843 967 879 peccati

186 902 294 929 expers,
320 898 349 921 et
369 893 486 928 quilibet
511 891 611 919 diaboli
640 897 732 918 morsu
764 891 926 926 impctitus.
944 889 966 917 si

185 940 295 967 Christo
314 943 439 974 respecto
463 938 489 965 in
510 937 587 964 illmn
613 936 772 969 crediderit,
797 935 966 968 salvabitur;

185 985 232 1020 qui
249 992 314 1012 vero
337 985 363 1011 in
381 985 456 1011 illum
475 991 528 1010 non
553 981 714 1018 respexerit,
736 988 787 1008 nec
809 980 965 1012 crediderit,

185 1035 297 1064 propter
314 1034 455 1065 peccatum
481 1028 625 1055 morietur.
648 1028 765 1062 Insuper
798 1026 873 1054 bello
896 1028 967 1053 inter

183 1076 292 1104 .ludmos
317 1083 379 1102 cutn
398 1073 558 1101 Amnickitis
568 1079 673 1105 exorto,
700 1071 866 1100 extendente
890 1070 964 1098 l'dose

185 1122 217 1149 ad
237 1122 320 1148 Deum
337 1128 435 1148 manus
449 1127 513 1147 suas
524 1139 531 1150 ,
547 1119 723 1146 Hebraeorum
742 1118 843 1145 milites
857 1117 966 1145 Amale-

185 1167 248 1194 ltitis
260 1166 416 1200 superiores
425 1169 519 1197 erant;
532 1165 583 1191 hoc
590 1169 680 1191 autem
690 1171 787 1191 manus
795 1163 966 1196 demittente,

185 1211 343 1238 Antalekitm
359 1210 488 1237 lsraelem
516 1209 696 1244 repellebant.
727 1208 863 1243 Praecepit
885 1209 967 1243 igitur

186 1257 283 1288 Moses,
301 1261 332 1284 ut
347 1263 376 1284 se
391 1263 488 1282 manus
505 1255 696 1282 extendentem
707 1254 835 1289 iuvarent
849 1273 857 1286 ,
879 1254 967 1281 donec

187 1304 215 1330 in
232 1303 389 1330 universum
408 1301 531 1329 devictus
548 1304 619 1328 esset
639 1299 762 1327 Amalek.
788 1299 858 1327 Ecce
884 1300 966 1327 etiam

186 1349 236 1375 hac
247 1355 276 1374 rc
294 1346 437 1374 manifeste
455 1345 546 1373 crucis
569 1351 661 1380 typum
676 1344 838 1380 praeferebat
852 1349 881 1372 et
893 1345 967 1380 ejus-

185 1393 247 1420 dem
262 1393 424 1427 potentiam.
439 1391 492 1418 Sed
509 1395 537 1418 et
551 1390 648 1418 beatus
664 1391 709 1418 ille
719 1390 804 1419 Jacob
818 1390 968 1425 nepotibus

187 1438 245 1464 suis
262 1436 469 1468 benedicturus,
491 1443 590 1463 manus
616 1443 680 1463 suas
698 1437 724 1463 in
750 1435 860 1464 modum
875 1436 967 1463 crucis

185 1489 355 1509 transversas
380 1482 477 1510 iisdem
502 1481 652 1517 imposuit,
685 1481 775 1508 crucis
790 1485 882 1516 typum
916 1481 967 1508 hae

185 1529 271 1556 forma
286 1529 444 1556 ostendens.
465 1529 553 1555 Porro
567 1527 737 1555 manifestius
752 1527 907 1562 clariusque
923 1526 966 1554 bis

186 1576 256 1601 Deus
269 1582 316 1609 per
329 1575 486 1609 prophetam
500 1573 596 1601 Isaiam
609 1573 694 1600 dicit:
711 1572 828 1600 «Gentes
838 1578 865 1600 et
876 1580 965 1607 reges,

184 1621 230 1654 qui
246 1620 295 1647 tibi
312 1627 366 1646 non
379 1619 534 1651 servierint.
556 1619 696 1653 peribunt,
718 1623 746 1646 et
763 1623 856 1653 gentes
870 1618 967 1645 solitu-

184 1667 245 1692 dine
258 1665 463 1696 desolabuntur,
478 1665 503 1692 in
515 1663 654 1700 cupresso,
664 1665 728 1699 pinu
742 1663 861 1692 ctcedro
873 1663 966 1697 simul,

184 1717 213 1738 ut
227 1711 380 1747 glorificent
395 1712 483 1739 locum
501 1716 624 1738 sanctum
641 1719 742 1742 meum,
762 1715 790 1738 et
811 1711 900 1737 locum
916 1717 965 1744 pc-

183 1758 246 1784 dutn
256 1757 617 1792 meorumlgloriﬁcabo.“'"
629 1757 758 1784 «Attende
766 1756 858 1791 igitur,
869 1755 965 1783 ctvide

185 1812 241 1830 rem
260 1811 356 1830 novam
381 1809 408 1830 et
425 1802 623 1830 admirabilem.
640 1801 874 1835 Quemadmodum
891 1802 963 1828 enim

183 1849 285 1877 Christi
304 1849 458 1883 passionem
484 1848 670 1883 praxdixerunt
689 1847 840 1882 prophetm.
864 1852 891 1874 et
911 1855 964 1874 non

185 1895 272 1922 solum
301 1895 382 1927 hanc,
408 1901 502 1921 verum
534 1893 615 1921 etiam
633 1893 755 1927 ejusdem
781 1893 904 1927 species,
925 1898 965 1926 at,

188 1950 197 1966 ι
213 1940 351 1967 Dederunt
372 1939 439 1966 utilti
454 1940 481 1966 in
496 1939 586 1965 cibum
600 1938 645 1971 fel,
665 1943 692 1965 et
707 1938 734 1965 in
745 1938 791 1965 siti
807 1946 866 1966 mea
886 1943 966 1973 pota-

985 881 1005 909 Β

980 1541 1002 1570 ο

185 1990 282 2013 verunt
310 1993 352 2012 me
377 1990 465 2016 aceto.
483 1989 510 2012 et
534 1984 712 2019 perfoderunt
734 1991 831 2011 manus
850 1991 923 2011 meas
938 1989 966 2011 et
987 1978 992 1981 “

185 2031 267 2064 pedes
283 2038 368 2062 meos,
385 2035 412 2057 et
426 2030 578 2057 diviserunt
594 2029 754 2057 vestimenta
767 2037 836 2061 mea,
847 2033 874 2056 et
884 2037 965 2064 super

183 2081 287 2104 vestem
302 2084 388 2103 meam
405 2076 540 2103 miserunt
550 2080 679 2107 sortem.)
696 2078 723 2102 et
733 2074 785 2101 alia
796 2074 839 2101 his
848 2074 963 2102 similia:

184 2122 223 2149 sic
239 2121 324 2148 etiam
338 2120 427 2148 crucis
441 2120 514 2147 illius
537 2125 630 2154 typum
649 2116 918 2153 demonstraverunt,
936 2125 965 2147 et

183 2166 254 2201 quod
278 2174 328 2200 per
356 2165 427 2193 hanc
445 2165 579 2192 abolenda
604 2169 678 2192 esset
703 2163 802 2191 diaboli
830 2165 961 2200 tyrannis.

1021 255 1106 292 πικρὰ
1123 256 1282 292 εὑρίσκοντο
1299 257 1332 284 τὰ
1353 257 1402 292 τῆς
1427 257 1541 291 Μεῤῥᾶς
1565 255 1659 290 ὕδατα,
1674 257 1773 290 εδδ-ξεν
1786 258 1799 284 6

1019 299 1085 331 Θεὸς
1101 301 1140 336 τῷ
1152 303 1266 329 Μωῡσεῖ
1287 303 1377 336 ξύλον,
1390 302 1437 329 καὶ
1451 302 1539 337 βαλὼν
1551 303 1616 329 αὐτὸ
1629 304 1657 329 ἐν
1667 304 1723 334 τοῖς
1739 303 1801 329 ὕδα-

1021 354 1072 378 σιν,
1089 346 1306 382 ἐγλυκάνθησαν,
1324 349 1371 375 καὶ
1385 348 1461 374 ἔπιεν
1476 347 1550 379 ἅπας
1563 348 1576 374 6
1587 348 1650 379 λαὸς
1665 348 1718 374 τῶν
1735 349 1802 375 ’1ου-

1020 391 1113 424 δαίων,
1132 393 1178 420 καὶ
1202 394 1334 429 ἐκορέσθη
1347 402 1353 409 ·
1373 393 1452 420 τοῦτο
1473 393 1617 429 δηλοῦντος
1630 394 1677 420 τοῦ
1695 395 1799 430 015p:-

1018 444 1076 470 τος,
1089 438 1129 465 ὅτι
1143 439 1159 473 ή
1171 439 1245 473 παρὰ
1258 439 1303 466 τοῦ
1318 438 1443 466 διαϐόλου
1468 440 1598 473 γεγονυῖα
1614 440 1642 465 ὲν
1658 439 1696 474 τῷ
1707 440 1800 475 κόσμῳ

1020 483 1120 518 πικρία
1138 484 1319 519 ἀφανισθῆναι
1340 485 1433 520 μέλλει
1458 485 1504 512 καὶ
1530 485 1734 521 μεταϐληθῆναι
1757 487 1801 512 διὰ

1019 527 1066 554 τοῦ
1078 529 1196 564 σταυροῦ
1213 529 1254 561 είς
1265 530 1386 564 μεγάλην
1397 529 1554 564 γλυκύτητα
1564 531 1610 557 καὶ
1621 531 1800 566 εὐφροσύνην.

1022 572 1088 600 Ἐπι
1105 575 1288 609 πορευομένου
1308 575 1355 602 τοῦ
1373 575 1513 606 Μωῡσέως
1528 576 1557 601 ἐν
1573 577 1605 610 τῇ
1622 575 1719 612 ἐρήμῳ
1733 577 1801 611 μετὰ

1019 616 1066 643 τοῦ
1087 616 1163 650 λαοῦ,
1183 618 1284 654 εὑρέθη
1304 619 1332 645 ὲν
1349 619 1423 654 τόπῳ
1450 619 1503 646 τινὶ
1519 619 1620 654 πλῆθος
1636 620 1734 654 ὄφεων,
1754 621 1802 646 καὶ

1020 664 1189 690 ἐκινδύνευεν
1201 665 1214 691 6
1231 665 1294 696 λαὸς
1310 665 1355 691 ὑπ’
1370 664 1471 692 αὐτῶν.
1480 664 1510 691 '0
1518 664 1546 691 δὲ
1561 665 1692 700 Μωῡσῆς,
1708 666 1802 692 κελευ-

1019 709 1093 740 σθεὶς
1103 709 1177 741 παρὰ
1187 708 1234 736 τοῦ
1251 709 1328 742 Θεοῦ,
1342 709 1469 744 ἐποίησεν
1493 710 1554 744 ὅφιν
1568 710 1697 745 χαλκοῦν.
1715 711 1802 746 Ἐπη-

1021 753 1049 785 Es
1067 754 1095 781 δὲ
1110 754 1186 786 ξύλον
1211 754 1311 790 ὄρθιον,
1325 756 1372 782 καὶ
1386 755 1484 789 ἔθηκεν
1503 755 1585 782 αὐτον
1605 756 1753 791 ἐγκάρδιον
1768 757 1798 782 ἓν

1019 798 1103 834 αὐτῷ.
1122 800 1176 827 Καὶ
1198 800 1299 831 πάντες
1321 801 1345 826 οἱ
1373 800 1531 836 δακνόμενοι
1550 801 1602 827 ὑπὸ
1626 801 1679 827 τῶν
1702 801 1800 835 ὄφεων,

1020 844 1134 871 ἔϐλεπον
1148 845 1194 872 τὸν
1208 846 1328 872 τοιοῦτον
1338 846 1458 881 χαλκοῦν
1475 846 1549 881 ὅφιν,
1567 846 1613 873 καὶ
1623 846 1803 882 ἐθεραπεύον-

1019 899 1060 921 το,
1076 890 1122 917 καὶ
1131 891 1218 922 οὐδεὶς
1232 889 1266 926 ἦν
1284 892 1338 918 ἀπὺ
1353 892 1407 918 τῶν
1424 892 1597 927 δακνομένων
1612 892 1664 918 ὑπὸ
1684 892 1737 919 τῶν
1752 893 1802 918 αὖ·

1018 935 1072 962 τῶν
1087 935 1174 970 δφεων
1200 937 1214 962 ό
1240 936 1378 971 ἐμϐλέψας
1395 937 1434 968 είς
1458 938 1549 969 αὐτόν,
1573 937 1602 968 ὃς
1628 937 1677 964 οὐκ
1706 938 1803 972 ἐθερα-

1018 981 1125 1009 πεύετο.
1136 982 1221 1008 Τοῦτο
1233 982 1375 1017 δηλοῦντος
1392 983 1439 1009 καὶ
1449 983 1496 1010 τοῦ
1507 983 1630 1010 τοιούτου
1650 982 1800 1017 θαύματος,

1017 1029 1058 1054 ὅτι
1081 1028 1111 1054 τὸ
1131 1028 1233 1063 πηχθὲν
1248 1028 1340 1063 ὖρθιον
1358 1029 1447 1062 ξύλον,
1466 1029 1514 1056 καὶ
1536 1030 1550 1056 6
1567 1031 1596 1057 ἐν
1625 1030 1701 1065 αύτῷ
1713 1031 1803 1062 τεθεὶς

1018 1072 1161 1106 ἑγκάρσιος
1176 1073 1248 1107 ὄφις,
1259 1073 1304 1099 τον
1322 1073 1369 1100 τοῦ
1386 1074 1503 1109 σταυροῦ
1514 1075 1600 1101 τύπον
1610 1075 1753 1107 εἰκόνιξεν.
1772 1076 1802 1102 ⁸0
1839 1107 1843 1115 ι

1019 1119 1110 1152 μέντοι
1125 1118 1242 1153 χαλκοῦς
1255 1118 1317 1152 ὄφις
1336 1118 1479 1154 προδήλως
1497 1119 1592 1155 ἐδήλου
1610 1120 1656 1146 τὸν
1672 1119 1801 1156 Χριστόν.

1018 1163 1118 1195 Καθὼς
1139 1164 1192 1199 γὰρ
1220 1164 1234 1190 6
1259 1164 1322 1198 διρις
1352 1165 1457 1196 ἐκεῖνος
1473 1165 1504 1191 τὸ
1522 1165 1571 1200 μὲν
1590 1163 1660 1197 εἶδος
1682 1163 1737 1201 εἶχε
1754 1166 1802 1193 τοῦ

1017 1208 1117 1242 ὅψεως,
1135 1209 1173 1235 ιδν
1190 1209 1218 1235 δὲ
1231 1209 1366 1244 οὐδαμῶς,
1382 1210 1454 1236 οὕτω
1472 1211 1519 1237 καὶ⁹
1534 1212 1547 1237 ό
1561 1211 1681 1246 Χριστὸς
1696 1211 1801 1247 ἄνθρω-

1019 1263 1068 1285 πος
1085 1255 1133 1289 μὲν
1154 1255 1245 1290 μέὶλει
1268 1255 1405 1289 γενέσθαι,
1434 1256 1572 1291 ἁμαρτίας
1592 1257 1621 1283 δὲ
1647 1258 1724 1284 ἄνευ.
1745 1249 1802 1284 Καὶ

1019 1301 1072 1332 πᾶς
1084 1301 1098 1326 6
1114 1301 1278 1335 δακνόμενος
1298 1301 1350 1327 ὑπὸ
1362 1301 1409 1328 τοῦ
1424 1302 1563 1334 διαϐόλου,
1577 1303 1624 1329 καὶ
1641 1302 1748 1336 βλέπων
1762 1303 1803 1335 εἰς

1018 1347 1062 1372 τὸν
1077 1346 1204 1381 Χριστὸν,
1223 1347 1270 1373 καὶ
1286 1347 1422 1373 πιστεύων
1447 1348 1486 1377 εἰς
1516 1347 1607 1380 αὑτὸν,
1626 1347 1779 1382 σωθήσεται
1792 1356 1800 1364 ·

1017 1390 1031 1416 6
1050 1392 1078 1417 δὲ
1099 1391 1138 1427 μὴ
1152 1390 1259 1426 βλέπων
1282 1392 1323 1423 είς
1340 1392 1434 1424 αὑτὸν,
1453 1392 1519 1427 μηδὲ
1533 1393 1680 1426 πιστεύων,
1698 1394 1802 1420 ἀποθα-

1018 1439 1102 1464 νεῖται
1123 1438 1176 1464 ὑπὸ
1198 1438 1248 1472 τῆς
1276 1438 1425 1473 ἁμαρτίας.
1444 1438 1505 1465 Ἔτι
1529 1438 1648 1474 πολέμου
1659 1439 1802 1473 γεγονότες

1019 1483 1087 1518 μετὰ
1100 1483 1155 1510 τῶν
1176 1483 1308 1518 Ἐϐραίων
1324 1484 1369 1510 καὶ
1381 1485 1434 1511 τῶν
1451 1484 1650 1519 Ἀμαληκιτῶν,
1663 1484 1801 1511 ἐκτείναι-

1019 1538 1064 1561 τος
1083 1529 1130 1556 τοῦ
1153 1530 1274 1561 Μωσέως
1291 1530 1340 1561 τὰς
1353 1531 1449 1565 χεῖρας
1472 1529 1555 1557 αὖτοῦ
1569 1531 1635 1565 πρὸς
1657 1531 1702 1557 τὶν
1721 1530 1800 1563 Θεὸν,

1018 1574 1220 1611 κατετροποῦτο
1247 1575 1294 1601 τὸν
1316 1575 1442 1610 Ἀμαλὴκ
1459 1577 1473 1602 6
1489 1576 1544 1602 τῶν
1565 1576 1699 1611 Ἑϐραίων
1724 1576 1800 1607 λαός·

1017 1621 1109 1651 Θέντος
1123 1621 1144 1647 6'
1160 1621 1245 1652 αὐτὰς
1261 1621 1349 1653 κάτω,
1368 1621 1569 1657 κατετροποῦτο
1584 1623 1598 1648 6
1618 1621 1740 1657 Ἀμαλὴκ
1754 1621 1802 1648 τὸν

1023 1666 1143 1702 Ἰσραήλ.
1167 1667 1320 1701 Προσέταξε
1334 1667 1424 1694 τοίνυν
1439 1667 1483 1694 διὰ
1497 1667 1575 1694 τοῦτο
1589 1668 1604 1693 ὁ
1622 1668 1742 1703 Matini);
1753 1668 1801 1694 δύο

1016 1714 1102 1745 τινὰς,
1117 1712 1186 1739 ὥστε
1203 1713 1312 1748 βοηθεῖν
1331 1713 1404 1748 αὐτῷ
1427 1713 1474 1739 ἐπὶ
1490 1714 1522 1749 τῇ
1540 1713 1650 1740 ἐκτάσει
1670 1713 1725 1739 τῶν
1738 1713 1802 1739 706-

1016 1762 1063 1784 του
1079 1757 1188 1792 χειρῶν.
1206 1758 1303 1791 μέχρις
1319 1757 1352 1784 ἂν
1363 1758 1402 1789 εἰς
1417 1757 1494 1788 τέλος
1515 1758 1619 1794 ἡττήθη
1631 1759 1645 1784 6
1663 1758 1800 1793 Ἀμαλήκ.

1022 1803 1087 1829 Ἰδοὺ
1103 1803 1150 1830 καὶ
1162 1803 1239 1830 τοῦτο
1249 1804 1396 1838 προφανῶς
1404 1803 1449 1830 τὸν
1460 1802 1507 1830 τοῦ
1517 1804 1632 1839 σταυροῦ
1642 1804 1726 1831 τύπον
1736 1806 1800 1840 ὲδὴ-

1016 1848 1062 1874 λου
1074 1857 1103 1875 τε
1117 1849 1163 1875 καὶ
1174 1849 1224 1884 τὴν
1239 1849 1363 1884 δύναμιν.
1373 1849 1453 1875 Ἀλλὰ
1469 1849 1516 1876 καὶ
1526 1849 1539 1875 6
1559 1850 1692 1885 μακάριος
1700 1851 1800 1877 Ἰακὼϐ

1015 1895 1211 1928 τουςὲγγόνους
1227 1895 1308 1921 αὐτοῦ
1325 1895 1455 1929 εὐλογῶν,
1473 1895 1586 1928 ἐναλλὰξ
1603 1897 1650 1924 καὶ
1660 1905 1801 1932 σταυροει-

1015 1937 1066 1967 δὼς
1077 1939 1126 1968 τὰς
1141 1939 1236 1973 χεῖρας
1251 1939 1332 1965 αὑτοῦ
1348 1939 1393 1966 ἐπὶ
1406 1941 1459 1965 τῶν
1477 1939 1603 1974 κεφαλῶν
1613 1940 1726 1967 ἐκείνων
1737 1942 1801 1969 ἐπέ-

1016 1985 1094 2017 οηκε,
1106 1983 1151 2010 τδν
1161 1984 1245 2010 τύπον
1259 1984 1306 2010 τοῦ
1319 1984 1436 2019 σταυροῦ
1449 1984 1541 2011 ἔκτοτε
1551 1985 1754 2013 δεικνύων.¹Ετι
1771 1987 1801 2013 δὲ

1015 2029 1111 2056 τούτου
1140 2030 1306 2064 σαφέστερόν
1323 2038 1353 2056 τε
1370 2031 1417 2056 καὶ
1432 2029 1626 2065 καθαρώτερον
1640 2032 1654 2057 ὁ
1672 2031 1739 2062 Θεὸς
1754 2032 1800 2059 διὰ

1014 2075 1061 2101 τοῦ
1079 2075 1219 2110 προφήτου
1244 2075 1357 2101 Ἧσαῖου
1377 2075 1476 2102 οὕτωσί
1493 2084 1597 2112 φησιιι
1611 2076 1652 2102 Τὰ
1668 2076 1732 2111 ἔθνη
1752 2078 1800 2104 καὶ

1014 2121 1038 2147 οἱ
1049 2119 1179 2154 βασιλεῖς,
1195 2120 1294 2151 οἵτινές
1307 2129 1347 2147 σοι
1363 2121 1392 2146 οὺ
1409 2120 1608 2153 δουλεύσουσιν,
1624 2122 1798 2155 ἀπολοῦνται,

1015 2166 1062 2191 καὶ
1075 2165 1110 2191 τὰ
1125 2164 1188 2199 ἔθνη
1200 2166 1304 2200 ἐρημίᾳ
1321 2166 1557 2201 ὲρημωθήσονται.
1574 2166 1619 2193 Ἐν
1638 2167 1800 2202 κυπαρίσσῳ

183 2210 236 2240 Sed
260 2216 288 2239 et
301 2219 386 2245 genus
400 2211 466 2246 ligni
484 2210 564 2238 Isaias
581 2211 697 2243 notavit,
722 2211 835 2238 dicens:
853 2210 898 2238 tln
915 2219 963 2238 cu-

1017 2210 1061 2237 καὶ
1075 2210 1163 2245 πεύκῃ
1177 2211 1225 2237 καὶ
1233 2211 1319 2246 κέδρῳ
1327 2211 1384 2246 ἅμα
1397 2211 1507 2243 δοξάσαι
1515 2211 1561 2238 τὸν
1577 2212 1659 2249 τόπον
1669 2213 1713 2238 τὸν
1722 2213 1800 2246 ἅγιόν

184 2265 288 2292 presso,
305 2257 370 2292 pinu
386 2262 414 2284 et
428 2257 511 2284 cedro
543 2257 623 2284 simul
643 2256 780 2292 gloriﬁces
792 2257 880 2284 locum
900 2264 963 2284 san-

1017 2265 1075 2291 μου,
1085 2256 1132 2282 καὶ
1144 2256 1190 2282 τὸν
1201 2257 1282 2282 τόπον
1293 2257 1346 2283 τῶν
1355 2257 1443 2283 ποδῶν
1458 2265 1509 2291 μου
1520 2257 1631 2289 δοξάσω.
1640 2267 1648 2283 ι
1663 2258 1799 2292 Πρόσεξον

183 2307 256 2329 ctum
269 2309 369 2334 meum,
385 2306 413 2329 et
427 2303 517 2329 locum
533 2302 632 2336 pedum
644 2308 766 2328 meorttm
777 2301 961 2337 glorificabo.»

185 2348 225 2375 Ex
241 2348 284 2375 his
297 2348 371 2375 enim
390 2348 479 2375 tribus
496 2347 560 2382 ligni
573 2347 720 2382 generibus
734 2354 801 2373 crux
823 2352 964 2382 compacta

183 2398 236 2427 est,
249 2401 332 2420 unum
345 2392 454 2428 quidem
463 2399 596 2424 erectum,
606 2391 756 2419 secundum
767 2396 962 2424 transversum,

185 2439 296 2465 tertium
312 2446 376 2465 vero
391 2437 515 2470 inferius,
526 2438 571 2465 cui
587 2437 657 2464 alllxi
670 2442 733 2464 sunt
747 2437 831 2472 pedes
850 2436 963 2464 Christi.

186 2484 268 2511 David
279 2492 344 2512 vero
357 2484 397 2511 sic
407 2483 557 2511 enlatnat:
574 2492 583 2508 ι
591 2483 711 2510 Emttate
725 2482 868 2509 Dominum
879 2483 962 2509 Deum

183 2534 314 2562 vestrum,
340 2534 368 2556 et
392 2529 503 2557 adoratc
534 2528 681 2556 scabellum
709 2527 808 2563 pedum
837 2535 962 2561 suorum,

183 2577 313 2611 quoniam
333 2581 445 2603 sanctus
459 2580 501 2602 est
512 2576 545 2602 “.
563 2585 573 2602 ι
591 2575 668 2601 Nunc
677 2582 742 2602 vero
756 2574 791 2602 de
815 2582 909 2607 cruce,
931 2582 963 2601 ea

182 2629 242 2655 quae
256 2621 328 2648 dicta
349 2626 414 2649 sunt
428 2621 576 2648 sufficiant.
603 2620 702 2647 Verum
727 2625 755 2647 et
774 2619 857 2647 Jacob
876 2620 962 2647 bette-

182 2667 287 2698 dicens,
310 2658 455 2693 tit-dictum
471 2670 522 2698 est,
543 2665 606 2692 ﬁliis
630 2664 741 2699 Joseph,
762 2672 859 2692 manus
875 2670 960 2691 trans-

181 2717 275 2738 versas
297 2711 353 2738 illis
372 2710 512 2745 imposuit,
529 2715 557 2736 et
581 2710 608 2736 in
626 2709 735 2736 tnoduut
751 2710 840 2736 crutis
862 2709 958 2736 iisdem

180 2756 329 2784 benedixit.
355 2756 540 2784 Praevidentes
553 2755 626 2782 enim
648 2753 799 2789 prephetw,
815 2753 888 2789 quod
909 2762 958 2789 per

215 2847 273 2865 ⁶¹·⁶¹
294 2848 344 2875 lsn.
364 2854 405 2878 ιιι,
424 2845 465 2878 ίὲ,
487 2846 527 2873 l3.
565 2846 587 2862 ”
608 2845 678 2872 Psal.
697 2853 787 2875 xcvut.
805 2845 821 2871 ὅ

1012 2302 1114 2334 τοίνυν,
1130 2302 1177 2327 καὶ
1188 2301 1225 2328 ἴδε
1239 2302 1356 2336 πρᾶγμά
1367 2310 1394 2327 τι
1413 2302 1488 2334 ξένον
1501 2303 1548 2328 καὶ
1561 2302 1799 2338 ὲξαίσιον.¹Ὠσπερ

1011 2348 1066 2383 γὰρ
1082 2348 1146 2383 περὶ
1161 2348 1209 2374 τοῦ
1224 2347 1329 2379 πάθους
1345 2347 1392 2374 τοῦ
1403 2348 1525 2383 Χριστοῦ
1552 2348 1759 2383 προηγόρευσαν
1773 2350 1798 2376 οἱ

1014 2395 1162 2428 προφῆται,
1180 2395 1226 2420 καὶ
1240 2393 1278 2428 μὴ
1294 2394 1375 2428 μόνον
1390 2395 1497 2433 τούτου,
1509 2394 1576 2422 ἀλλὰ
1588 2394 1635 2421 καὶ
1651 2395 1705 2421 τῶν
1719 2395 1800 2422 εἰδῶν

1012 2437 1059 2464 τοῦ
1087 2438 1200 2470 πάθους,
1215 2439 1275 2473 ἢτοι
1290 2437 1347 2470 τοῦ,
1366 2447 1375 2464 ι
1395 2438 1520 2466 Ἐδωκαν
1536 2440 1575 2470 είς
1586 2438 1616 2465 τὸ
1632 2439 1732 2475 βρῶμά
1747 2449 1798 2473 μου

1012 2483 1102 2518 χολὴν,
1117 2485 1163 2510 καὶ
1179 2485 1219 2515 είς
1233 2483 1386 2520 τὴνβίψαν
1416 2493 1467 2519 μου
1497 2484 1626 2511 ἐπότισάν
1660 2493 1694 2518 με
1727 2484 1798 2516 ὕξνς,

1012 2529 1061 2555 καὶ
1075 2528 1183 2564 ὤρυξαν
1202 2529 1296 2563 χεῖράς
1320 2537 1370 2563 μου
1390 2531 1437 2556 καὶ
1462 2529 1545 2561 πόδας
1562 2539 1624 2564 μου,
1643 2531 1691 2556 καὶ
1706 2530 1799 2565 διεμε-

1015 2575 1128 2609 ρίσαντο
1146 2575 1180 2600 τὰ
1192 2574 1290 2609 ἱμάτιὰ
1312 2583 1375 2610 μου,
1391 2576 1437 2602 καὶ
1453 2576 1496 2602 ἐπὶ
1520 2577 1565 2602 τὸν
1584 2576 1733 2611 ἱματισμόν
1745 2585 1798 2611 μου

1017 2621 1114 2647 ἔϐαλον
1130 2620 1243 2656 κλῆρον,
1258 2629 1267 2646 ι
1286 2621 1333 2647 καὶ
1355 2621 1409 2647 τῶν
1425 2621 1524 2655 ὁμοίων
1539 2621 1655 2653 τούτοις,
1667 2621 1739 2648 οὕτω
1750 2623 1799 2649 καὶ

1013 2666 1059 2692 ἐπὶ
1076 2666 1123 2691 τοῦ
1140 2665 1258 2701 σταυροῦ
1275 2665 1378 2697 ἔδειξαν
1395 2665 1444 2700 μὲν
1454 2666 1500 2692 τὸν
1512 2666 1596 2692 τύπον
1608 2666 1655 2692 τοῦ
1667 2666 1796 2700 σταυροῦ,

1013 2712 1058 2737 καὶ
1069 2711 1110 2738 ὅτι
1122 2711 1156 2737 δι’
1167 2711 1248 2737 αὑτοῦ
1261 2710 1564 2746 μέλλεικαταϐληοῆναι
1580 2712 1596 2746 ὴ
1616 2710 1663 2738 τοῦ
1674 2711 1797 2738 διαϐόλου

1011 2754 1146 2792 τνραννίς.
1161 2753 1241 2780 Ἀλλὰ
1253 2756 1300 2781 καὶ
1323 2755 1372 2790 τὴν
1392 2754 1473 2789 φύσιν
1496 2754 1541 2782 τοῦ
1573 2755 1635 2782 ύλου
1648 2757 1662 2783 6
1682 2755 1796 2789 Ἦσαῑας
