1946 3081
151 119 204 152 533

626 120 779 151 CONTRA
795 120 1036 150 ΜΑΗΟΜΕΤΕΜ
1057 120 1242 151 APOLOGIA
1262 121 1312 152 IV.

1725 118 1778 151 534

151 175 205 201 τῶν
221 175 333 209 ἑτέρων.
355 175 434 202 Ἐστι
448 175 476 201 δὲ
491 175 554 202 τάδε
568 195 575 208 ,
601 175 642 202 ὅτι
668 172 745 202 εἶπεν
773 177 786 202 6
812 176 879 208 Θεὸς
900 176 938 209 τῷ

1001 181 1029 203 >st
1046 176 1079 202 de
1096 176 1208 210 reliquis
1232 183 1306 203 nunc
1331 175 1482 202 videmnus.
1508 176 1578 203 Sunt
1600 183 1665 203 vero
1694 176 1772 203 lucc:

152 220 287 255 Μωάμεθ,
306 220 346 246 Τὰ
367 220 456 247 πάντα
473 221 589 256 ἐποίησα
606 222 650 248 διὰ
665 221 707 251 σὲ,
723 223 769 249 καὶ
787 222 816 248 σὲ
832 222 864 248 δι’
879 222 940 255 ἐμέ.

155 265 212 292 Καὶ
233 265 314 292 τοῦτο
340 266 365 292 ot
383 265 546 302 Χριστιανοὶ
574 267 604 293 οὒ
632 268 843 303 παραδέχονται.
860 267 942 294 Ἀλλὰ

154 311 204 338 καὶ
218 311 248 337 τὸ
269 311 316 337 τοῦ
340 311 462 347 Μωάμεθ
479 312 566 348 ὄνομα
585 313 781 349 γεγραμμένον
798 313 943 348 εὑρίσκετο

154 357 185 382 ἐν
199 356 237 391 τῷ
251 356 425 392 Εὖαγγελίῳ,
440 358 566 390 είτιόντος
584 359 664 386 τοῦτο
681 359 728 386 τοῦ
745 359 865 395 Χριστοῦ
884 361 943 391 τοῖς

162 403 301 434 Ἰουδαίοις
325 404 367 430 ὅτι
382 404 602 440 Εὐαγγελίζομαι
620 406 696 440 ὑμῖν,
711 406 754 432 ῖνα
769 406 923 441 γινώσκητε
934 426 942 439 ,

155 450 197 476 ὅτι
209 449 268 484 μετ’
282 449 333 485 ἐμὲ
356 449 448 484 μέλλει
462 450 550 477 ἐλθεῖν
572 452 586 478 6
607 451 760 484 ἀπόστολος
774 453 821 479 καὶ
833 454 943 488 προφή-

157 503 217 530 της.
244 494 281 522 Τδ
305 495 372 522 αὑτό
399 496 457 523 ἐστι
489 498 684 532 γεγραμμένον
711 499 759 525 καὶ
787 500 816 525 ὲν
843 499 882 534 τῷ
896 499 943 525 τοῦ

157 541 278 572 Μωσέως
307 539 426 577 παλαιῷ.
455 542 487 568 ΟΞ
513 543 541 569 δὲ
565 544 725 578 Χριστιανοὶ
760 545 945 580 φθονήσαντες

158 586 288 618 ἐξέϐαλον
308 587 374 613 αὐτὸ
394 588 448 614 ἀπδ
468 587 516 614 τοῦ
542 588 709 623 Εὑαγγελίου
728 598 736 606 ·
762 592 810 617 aut
832 592 873 618 ὃτι
907 592 944 626 μὴ

159 632 240 667 μόνον
256 633 296 664 είς
312 633 342 659 τὸ
371 633 537 668 Εὑαγγέλιον
551 636 598 661 καὶ
624 635 654 661 τδ
673 636 790 663 παλαιὸν
803 636 947 672 εὑρίσκετο

158 680 352 713 γεγραμμένον
376 680 406 706 τὸ
427 679 474 706 τοῦ
494 680 617 714 Μωάμεθ
645 681 742 716 ὄνομα,
759 682 828 709 ἀλλά
850 684 902 716 καὶ
917 683 946 709 ὲν

158 725 215 755 τοῖς
234 723 331 757 δεξιοῖς
348 726 444 760 μέρεσι
454 725 504 753 τοῦ
520 725 615 761 Θράνου
632 726 679 753 τοῦ
699 727 767 754 Θεοῦ
783 728 944 763 εὑρίσκεται

159 770 364 804 γεγραμμένον.
388 771 444 798 Καὶ
462 771 504 799 ὅτι
515 773 530 804 ἡ
541 772 597 798 τῶν
615 773 839 808 Μουσουλμᾶνων
853 774 947 806 πίστις

160 814 215 840 ἀπὸ
234 813 281 840 τοῦ
309 814 439 851 Ἀϐραὰμ
462 817 633 852 εὑρίσκεται,
646 819 693 845 καὶ
713 819 753 845 ὅτι
774 819 947 854 παραϐάντες

161 861 186 887 ot
213 860 379 895 Χριστιανοὶ
405 862 625 891 τὺνρΜωσαῗκὺν
652 865 756 899 νόμον,
781 866 851 892 εἰσὶν
876 865 947 898 ἄξιοι

162 907 331 940 κατηγορίας
360 908 407 935 καὶ
436 909 795 945 μέμψεωςηΚαιι-ηγοροῦσι
826 910 854 937 δὲ
885 912 949 944 τοὺς

161 949 406 984 Μουσουλμάνους,
435 952 498 984 τοὺς
523 953 616 985 ἀξίους
640 953 753 980 ἐπαίνου
773 955 820 981 καὶ
845 953 948 990 τιμῆς’

163 994 250 1022 ταῦτά
265 996 334 1022 εἰσιν
348 996 366 1023 ἃ
384 997 458 1032 παρὰ
473 997 529 1024 τῶν
542 997 763 1033 Μουσουλμάνων
781 1000 950 1035 κατηγορού-

166 1040 236 1074 μεοα
254 1042 280 1068 oi
303 1043 473 1078 Χριστιανοί.
509 1044 734 1080 Ἀπολογοὺμεθα
753 1045 781 1072 δὲ
796 1045 894 1080 οὕτως,
909 1047 950 1073 ὄτι

165 1087 230 1119 Θεὸς
246 1089 340 1124 ἐνδεὴς
359 1091 406 1117 καὶ
421 1091 518 1126 χρείαν
535 1093 609 1124 τινος
634 1095 703 1128 ἔχων
722 1093 774 1120 οὐκ
798 1093 856 1120 ἔστι
871 1094 948 1126 Θεός.

172 1131 244 1158 Ἀλλ’
267 1133 281 1159 6
309 1133 414 1168 ἀληθὴς
433 1134 509 1166 Θεὸς,
539 1137 553 1162 6
574 1138 687 1172 ποιητὴς
716 1138 835 1172 οὐρανοῦ
853 1148 883 1166 τε
903 1141 950 1167 καὶ

164 1175 227 1210 γῆς,
247 1177 294 1204 καὶ
320 1178 431 1206 πάντων
450 1179 505 1206 τῶν
527 1179 785 1214 δημιουργηθέντων
802 1183 832 1210 ἐν
847 1183 949 1218 αὐτοῖς,

165 1222 180 1248 6
199 1224 316 1258 ποιήσας
343 1223 408 1256 τοὺς
431 1225 563 1260 ἀγγέλους
599 1227 646 1253 καὶ
676 1227 739 1258 τοὺς
767 1228 949 1264 ἀνθρώπους,

165 1267 260 1302 χρείαν
279 1269 350 1300 τινὸς
365 1271 414 1296 οὐκ
429 1268 514 1306 εἶχεν,
535 1271 602 1297 ἀλλὰ
626 1272 670 1299 διὰ
689 1274 775 1309 μόνην
794 1275 951 1309 ἀγαοόεητα

168 1314 216 1339 καὶ
241 1314 351 1348 θέλησιν
376 1316 489 1351 ἐποίησε
513 1317 547 1344 τὰ
566 1318 665 1346 πάντα.
691 1319 769 1346 Ἐπεὶ
783 1320 848 1354 γοῦν
871 1321 950 1348 τοῦτο

165 1359 252 1391 οὕτως
279 1361 354 1395 ἔχει,
375 1363 421 1388 καὶ
447 1363 536 1395 οὐδείς
562 1364 638 1391 ἐστιν
663 1366 677 1391 6
708 1365 867 1400 ἀντιλέγων,
896 1368 950 1402 ἄρα

164 1405 258 1437 κακῶς
276 1406 428 1441 ἐφθέγξατο
456 1409 469 1435 6
489 1410 612 1445 ΜωάμεΘ
624 1431 631 1443 ,
647 1411 685 1443 ὡς
699 1412 781 1446 δῆθεν
805 1411 866 1440 εἷπε
883 1414 950 1449 πρὸς

165 1451 247 1477 αὐτὸν
263 1453 277 1478 6
293 1453 368 1485 Θεὸς,
386 1455 427 1482 ὅτι
443 1456 482 1482 Τὰ
496 1456 586 1483 πάντα
604 1458 721 1493 ἐποίησα
735 1459 779 1486 διὰ
800 1459 841 1493 σὲ,
858 1461 905 1487 καὶ
921 1461 950 1487 σὲ

165 1495 199 1545 δι’
217 1497 276 1545 ἐμέ.
292 1496 322 1545 '9
339 1499 393 1531 γὰρ
408 1498 476 1545 θεὸς
489 1500 586 1534 χρείαν
601 1502 673 1533 τινὸς
688 1503 738 1530 οὐκ
757 1503 824 1538 ἔχει.
846 1505 907 1531 Ὀτι
922 1505 950 1532 δὲ
964 1517 985 1545 c

166 1542 184 1576 ἡ
211 1541 265 1568 τῶν
295 1543 518 1579 Μουσουλμάνων
553 1547 645 1579 πίστις
670 1549 721 1575 οὐκ
752 1547 786 1584 ἦν
820 1550 874 1576 ἀπὸ
903 1552 950 1578 τοῦ

173 1587 310 1623 ’Δϐραάμ,
327 1589 365 1621 ὡς
379 1590 393 1616 ὁ
408 1591 530 1626 Μωάμεθ
546 1592 631 1627 λέγει,
654 1594 684 1626 ἐξ
708 1595 791 1621 αὐτοῦ
807 1596 854 1622 τοῦ
869 1597 952 1623 Μιυά-

171 1633 221 1668 μεθ
237 1633 293 1668 ἔχει
308 1635 354 1661 τον
370 1635 490 1671 ἔλεγχον·
513 1638 595 1677 αὐτος
621 1639 676 1673 γάρ
705 1640 781 1667 ἐστιν
795 1642 809 1667 6
827 1641 951 1677 ἀρχηγὸς

167 1678 215 1706 καὶ
231 1679 380 1716 νομοθέτης
393 1682 446 1709 τῶν
466 1682 594 1709 τοιούτων
620 1683 773 1719 δογμάτων.
788 1686 818 1712 Εἰ
833 1686 862 1712 δέ
878 1687 952 1713 ἐστιν

165 1724 272 1759 ἔτερος,
287 1726 430 1762 δειχθήτω.
460 1729 513 1755 Καὶ
536 1729 591 1764 γὰρ
606 1730 660 1756 ἀπὸ
679 1731 726 1757 τοῦ
748 1730 876 1767 Ἀϐραὰμ
899 1733 952 1764 ἓως

166 1771 214 1797 τοῦ
244 1772 367 1807 Μωάμεθ
386 1771 523 1809 παρῆλθον
554 1776 645 1809 χρόνοι
673 1776 776 1811 γβφπβκ
808 1778 856 1804 καὶ
883 1778 951 1813 μετὰ

167 1818 255 1844 ταῦτα
273 1820 359 1854 ἐφάνη
378 1820 392 1845 ὁ
408 1821 568 1856 Μαχούμετ·
585 1822 684 1848 οὐκοῦν
705 1824 754 1850 οὐκ
774 1823 849 1850 ἐστιν
868 1825 884 1859 ἡ
899 1825 952 1851 τῶν

167 1865 391 1900 Μουσουλμάνων
407 1866 501 1898 πίστις
517 1867 572 1893 ἀπὸ
584 1867 631 1894 τοῦ
651 1867 788 1903 Ἀϐραάμ.
805 1869 835 1895 El
848 1870 869 1896 6‘
888 1870 953 1902 ίσως

167 1909 261 1943 λέγετε
278 1910 358 1938 τοῦτο
378 1911 425 1938 διὰ
445 1911 495 1947 τὴν
517 1913 680 1948 περιτομὴν,
701 1913 756 1948 ἐγώ
773 1923 815 1941 σοι
837 1915 893 1950 ἐρῶ
908 1915 953 1942 τὸν

168 1956 248 1990 λόγον
265 1957 317 1991 τῆς
332 1959 497 1993 περιτομῆς.

204 2002 237 2036 β’,
253 2003 282 2029 '0
296 2003 423 2038 ’Δϐραὰμ
437 2003 604 2038 θεασάμενος
614 2005 659 2031 τὸν
672 2004 796 2039 οὐρανὸν,
807 2005 853 2032 τὸν
866 2005 952 2041 ἥλιον,

993 222 1067 249 Dixit
1081 223 1154 250 Deus
1168 224 1219 258 ipsi
1240 223 1376 250 lllahotnet
1393 231 1399 250 :
1418 223 1514 250 Omnia
1545 222 1595 249 feci
1615 227 1725 256 propter
1740 226 1776 255 te,

993 273 1020 295 et
1038 272 1064 295 te
1081 273 1194 304 propter
1212 277 1265 297 me.
1288 269 1344 296 Hoc
1368 276 1434 296 vero
1452 268 1601 295 Christiani
1618 273 1776 302 pernegant.

991 313 1064 347 Quin
1080 318 1107 341 ct
1122 314 1209 350 ipsius
1222 314 1361 342 Mahomet
1381 321 1482 341 nomen
1503 312 1633 346 scriptum
1648 312 1675 339 in
1691 313 1780 339 Evan-

993 359 1065 394 gelio
1082 363 1172 387 exstat
1185 379 1193 393 ,
1212 359 1323 388 Christo
1340 359 1470 386 nimirum
1496 358 1529 385 ad
1552 356 1660 384 Judmos
1682 357 1722 384 sic
1735 357 1778 383 di-

993 410 1075 432 cente
1091 413 1099 432 :
1118 405 1223 432 Bonum
1249 405 1329 433 vobis
1345 405 1473 432 nuntium
1490 403 1610 439 prtedico
1624 423 1632 435 ,
1660 407 1690 430 ut
1712 402 1779 429 illud

994 453 1174 486 cognoscatis,
1187 452 1317 487 quoniam
1334 456 1395 486 post
1418 459 1460 478 tne
1474 454 1605 478 venturus
1617 454 1658 476 est
1672 452 1781 482 aposto-

994 496 1038 523 lus
1058 501 1086 524 et
1104 497 1248 532 propheta.
1266 497 1340 524 ldem
1352 497 1433 523 etiam
1450 496 1476 522 in
1492 495 1574 522 lilosis
1586 493 1674 522 Veteri
1687 493 1781 519 Testa-

996 547 1090 570 mento
1104 543 1236 577 scriptum
1260 548 1312 571 est.
1328 541 1476 570 Christiani
1493 548 1558 568 vero
1577 539 1677 566 invidia
1690 538 1756 564 tttoti
1771 558 1779 569 ,

996 588 1062 615 illud
1083 597 1115 615 ex
1134 588 1282 623 Evangelio
1302 589 1453 624 ejecerunt.
1476 595 1538 614 cum
1566 591 1656 613 tamen
1679 593 1733 611 ttott
1752 586 1780 611 in

997 634 1143 669 Evangelio
1159 639 1264 662 tantum
1283 641 1310 661 et
1325 634 1414 661 Veteri
1441 633 1617 661 Testamento
1634 631 1780 659 Maltometi

995 672 1095 708 nomen
1113 680 1246 715 scriptum
1267 679 1434 713 inveniatur,
1458 679 1505 707 sed
1531 678 1612 706 etiam
1639 686 1654 704 a
1677 677 1781 704 dextris

995 725 1089 753 throni
1119 725 1205 754 divini
1230 725 1365 760 partibus.
1387 726 1421 752 Et
1445 724 1681 752 Musulmanorutn
1715 721 1782 749 ﬁdes

997 771 1032 799 ab
1060 772 1120 806 ipso
1150 771 1288 799 Abraham
1316 775 1430 799 auctore
1455 770 1602 805 dependet.
1630 768 1780 796 Christiani

998 823 1109 851 quoque
1127 817 1192 851 quia
1207 816 1289 844 Mosis
1301 817 1388 852 legem
1405 816 1655 849 transgrediuntur,
1671 821 1783 841 accusa—

1000 862 1074 889 tione
1090 866 1118 890 et
1141 862 1357 897 reprehensione
1371 862 1446 898 digni
1471 865 1551 894 sunt;
1574 860 1624 896 ipsi
1642 867 1707 887 vero
1727 859 1784 885 Mu—

999 908 1141 936 sulmanos
1157 912 1299 941 accusant,
1312 908 1392 936 laude
1404 908 1502 943 dignos
1521 911 1549 934 et
1570 907 1686 934 honore.
1700 905 1783 939 Atqui

1000 953 1057 981 haec
1082 958 1147 981 sunt
1160 973 1167 985 ,
1180 953 1213 981 de
1231 954 1331 988 quibus
1346 960 1395 980 nos
1411 952 1560 980 Christiani
1576 959 1590 978 a
1605 950 1785 978 Musultnauis

999 1006 1178 1027 accusamur:
1194 999 1252 1027 haec
1277 1007 1340 1026 vero
1353 999 1394 1026 sic
1411 997 1597 1026 coniutamus.
1618 997 1690 1024 Deus
1713 996 1787 1036 indi-.

999 1053 1050 1080 gus
1069 1050 1096 1072 et
1111 1046 1231 1080 alicujus
1249 1045 1288 1072 rei
1304 1045 1396 1080 inopia
1415 1044 1556 1075 laborans,
1576 1044 1647 1070 Deus
1662 1050 1716 1069 nott
1729 1046 1783 1069 est.

1001 1091 1054 1119 Sed
1073 1099 1157 1119 verus
1175 1092 1255 1124 Deus,
1270 1095 1377 1118 creator
1389 1090 1450 1118 caali
1465 1095 1493 1117 et
1511 1094 1593 1116 terra:
1611 1093 1639 1116 et
1660 1087 1784 1114 euntium

1001 1145 1061 1172 qua:
1076 1138 1102 1165 in
1116 1138 1158 1165 his
1174 1142 1264 1165 creata
1278 1142 1361 1170 sunt,
1377 1137 1479 1171 quique
1501 1136 1607 1163 crearit
1631 1135 1743 1170 angelos
1758 1139 1786 1162 ct

1002 1183 1138 1216 homines,
1155 1184 1228 1210 nulla
1251 1191 1281 1210 re
1298 1190 1410 1217 prorsus
1425 1182 1540 1217 indiget,
1556 1181 1614 1209 sola
1627 1185 1718 1208 autern
1737 1181 1787 1208 bo-

1001 1229 1087 1256 nitate
1102 1237 1150 1256 sua
1173 1233 1202 1256 et
1230 1229 1370 1257 voluntate
1395 1228 1500 1256 creavit
1515 1227 1618 1254 omnia.
1635 1226 1703 1254 Cum
1719 1234 1786 1253 vero

1001 1275 1053 1302 hoc
1066 1280 1119 1302 tam
1131 1276 1240 1302 lirmntn
1256 1275 1302 1306 sit.
1317 1279 1349 1301 ut
1371 1281 1452 1302 nemo
1467 1273 1515 1309 qtti
1530 1281 1628 1307 negare
1645 1273 1731 1307 possit
1743 1272 1790 1299 in-‘

1001 1321 1138 1352 veniatur,
1154 1321 1236 1355 impie
1254 1328 1350 1346 revera
1372 1320 1480 1347 locutus
1493 1323 1535 1346 est
1549 1319 1696 1350 Mahomet,
1713 1317 1786 1353 quod

1002 1365 1074 1392 Deus
1083 1365 1116 1392 ad
1134 1365 1208 1391 illtttn
1223 1365 1326 1391 dixerit
1341 1373 1348 1391 :
1364 1365 1461 1392 Omnia
1472 1366 1563 1392 creari
1579 1369 1690 1400 propter
1709 1370 1745 1397 lc,
1760 1369 1788 1392 et

1001 1417 1028 1438 te
1044 1416 1156 1446 propter
1174 1419 1226 1438 mc.
1239 1411 1311 1438 Deus
1325 1411 1398 1437 enim
1411 1411 1484 1437 nttlla
1497 1419 1526 1438 re
1543 1418 1657 1445 prorsus
1672 1411 1786 1445 indiget.

1001 1457 1078 1491 Quod
1094 1465 1159 1484 vero
1173 1457 1405 1484 Musultnanortttn
1420 1457 1486 1484 lides
1501 1458 1532 1483 ad
1542 1457 1678 1483 Abraham
1694 1462 1788 1484 auclo—

1003 1511 1060 1530 rem
1082 1511 1137 1530 non
1154 1503 1242 1538 possit
1266 1503 1377 1534 referri,
1394 1503 1476 1529 veluti
1495 1502 1633 1530 lilaltontct
1648 1503 1740 1534 tradit,
1754 1511 1787 1530 ex

1003 1555 1052 1575 sua
1068 1547 1155 1582 ipsius
1170 1555 1285 1582 persona
1312 1548 1497 1581 redarguitttr.
1525 1547 1585 1582 Ipse
1601 1548 1674 1575 enim
1692 1553 1788 1575 auctor

1002 1598 1030 1620 et
1044 1593 1183 1627 legislator
1211 1597 1255 1619 est
1278 1593 1367 1627 legum
1390 1593 1562 1627 httjusmndi.
1578 1593 1694 1625 Quodsi
1717 1594 1788 1620 alius

1001 1638 1318 1668 est.demonstretur.Ab
1328 1638 1474 1665 Abrahatui
1486 1639 1558 1665 enim
1571 1644 1692 1673 tempore
1703 1647 1788 1673 usque

1002 1685 1035 1711 ad
1049 1684 1184 1711 Mahotnet
1197 1684 1261 1710 anni
1281 1684 1365 1718 elapsi
1377 1688 1441 1710 sunt
1458 1683 1500 1711 his
1517 1684 1590 1711 mille
1605 1684 1746 1718 quingenti
1760 1691 1789 1711 et

1003 1730 1140 1765 octoginta
1173 1729 1240 1761 duo,
1265 1730 1367 1764 quibus
1383 1730 1501 1757 evolutis
1520 1730 1630 1757 denttttn
1653 1730 1787 1756 Maltomct

1002 1781 1081 1803 ortus
1096 1780 1148 1802 est.
1164 1775 1396 1802 Musulmanorum
1417 1776 1501 1809 igitur
1521 1776 1587 1802 tidcs
1602 1776 1635 1802 ab
1652 1776 1787 1802 Abraham

1003 1825 1115 1849 auctore
1135 1829 1189 1848 non
1209 1820 1358 1847 descendit.
1376 1820 1454 1853 Quod
1482 1821 1504 1848 si
1527 1828 1592 1847 vero
1609 1821 1659 1847 hoc
1675 1820 1789 1848 fortasse

1005 1871 1118 1902 propter
1133 1866 1374 1893 circutncisimtetn
1399 1866 1500 1897 dicitis,
1521 1874 1571 1902 age
1589 1866 1647 1894 inse
1664 1866 1713 1894 tibi
1736 1866 1789 1894 cir-

1003 1912 1182 1940 cutneisionis
1198 1912 1333 1940 rationem
1351 1912 1505 1947 explicabo.

1042 2004 1071 2032 2.
1088 2004 1156 2031 Cum
1170 2003 1283 2031 vidisset
1299 2003 1435 2030 Abraham
1451 2004 1561 2036 caelum,
1577 2004 1674 2037 solent,
1688 2004 1790 2035 sidera,

167 2049 232 2081 τοὺς
254 2049 372 2084 ἀστέρας
388 2068 396 2081 ,
415 2050 465 2085 τὴν
491 2050 565 2084 γῆν,
593 2051 643 2084 τὴν
673 2050 822 2082 θάλασσαν,
846 2052 894 2078 καὶ
918 2052 949 2078 τᾶ

1006 2054 1120 2082 terram,
1137 2057 1212 2075 mare
1240 2053 1268 2076 et
1285 2056 1346 2082 qua:
1363 2049 1390 2075 in
1406 2049 1473 2083 ipsis
1489 2054 1572 2082 sunt,
1588 2050 1727 2084 reputavit
1748 2057 1791 2077 se-

168 2097 197 2122 ὲν
212 2096 315 2127 αὐτοῖς,
331 2095 507 2130 ἀνελογίσατο
523 2096 584 2122 καθ’
596 2095 704 2128 ἑαυτὸν,
722 2096 769 2122 καὶ
781 2094 870 2122 εἶπεν·
880 2094 949 2131 *Αρα

1004 2103 1065 2123 cum
1082 2095 1176 2122 dicens
1193 2104 1199 2122 ε
1216 2094 1314 2122 Utrutn
1340 2095 1399 2122 lucc
1428 2100 1501 2122 tanta
1518 2100 1545 2122 et
1559 2096 1693 2130 stupenda
1706 2103 1789 2131 opera

167 2143 203 2169 τὰ
223 2141 336 2168 τοιαῦτα
357 2142 426 2176 ἔργα
449 2141 554 2176 μεγάλα
573 2141 660 2173 οὕτως
689 2142 737 2169 καὶ
752 2141 859 2174 ἐξαίσια
877 2143 949 2174 ὅντα,

1005 2141 1048 2167 vel
1066 2140 1183 2175 simplici
1210 2140 1291 2167 modo
1312 2143 1340 2167 ct
1356 2135 1403 2167 sua
1423 2145 1521 2175 sponte
1534 2145 1630 2168 exorta
1647 2145 1721 2173 sunt,
1744 2145 1792 2167 aut

169 2188 263 2219 ἁπλῶς
274 2187 346 2214 οὕτω
363 2189 410 2214 καὶ
425 2187 589 2222 αὐτομάτως
610 2188 750 2221 ἐγένοντο,
766 2187 782 2222 ἢ
802 2187 893 2222 ἔχουσι
909 2189 949 2214 καί

1006 2185 1108 2213 habent
1142 2186 1261 2220 aliquem
1282 2185 1328 2220 qui
1357 2185 1414 2219 ipsa
1441 2185 1567 2212 creavit?
1585 2185 1792 2220 Contemplatus

168 2242 229 2260 τινα
247 2233 292 2260 τὸν
311 2233 465 2267 ποιήταντα
492 2234 580 2265 uini;
595 2233 770 2267 Θεασάμενος
787 2233 890 2265 τοίνυν,
914 2233 953 2264 ὡς

169 2280 289 2314 εἴρηται,
318 2277 367 2313 τὴν
392 2278 524 2312 καλλονὴν
544 2279 598 2304 τῶν
620 2279 797 2312 κτισμάτων,
814 2278 952 2313 ἐθαύμαζε

169 2325 218 2350 καὶ
234 2324 422 2358 ἐξεπλήττετο,
439 2324 487 2350 καὶ
498 2323 647 2350 ἐσκέπτετο
659 2324 730 2350 κατά
746 2324 820 2354 νοῦν,
839 2324 876 2359 μή
895 2333 953 2354 πως

170 2371 220 2397 οὐκ
237 2370 329 2405 ἔχουσί
354 2378 416 2396 τινα
438 2369 484 2396 τὶιν
505 2370 657 2405 ποιήσαντα
671 2370 753 2402 αὐτὰ,
766 2370 834 2396 ἀλλὰ
853 2370 954 2404 μᾶλλον

169 2417 255 2442 ταῦτά
275 2417 329 2442 εἱσι
362 2415 430 2447 θεοὶ,
463 2413 556 2445 καθὼς
583 2414 709 2447 ἐνόμιζον
736 2414 784 2440 καὶ
814 2414 839 2441 oi
865 2408 967 2449 γονάς’

170 2459 253 2486 αὑτοῦ
278 2461 326 2485 καὶ
349 2460 449 2489 πάντες
477 2459 502 2484 οι
521 2458 724 2492 εἰδωλολάτραι.
745 2457 800 2484 Καὶ
815 2459 856 2485 ὃτι
875 2459 923 2492 μὲν
941 2459 955 2484 6

169 2506 236 2536 Θεδς
257 2504 369 2540 ἐποίησε
389 2504 426 2530 τὰ
449 2504 538 2530 πάντα
560 2503 628 2529 καλὰ
649 2503 726 2535 λίαν,
755 2504 802 2530 καὶ
823 2503 887 2535 ἄξια
905 2503 954 2536 τῆς

171 2551 255 2577 αὑτοῦ
273 2550 416 2585 ἐνεργείας
429 2568 437 2582 ,
458 2548 495 2580 ὡς
518 2548 551 2575 ἂν
564 2548 619 2582 ιδιὰ
637 2549 688 2582 τῆς
715 2549 834 2583 θεωρίας
851 2549 954 2575 τούτων

172 2598 328 2630 ἀνάγωνται
355 2595 456 2626 πάντες
482 2594 622 2627 ἄνθρωποι
643 2595 683 2626 είς
708 2595 886 2629 θεογνωσίαν.
909 2595 955 2621 καὶ

173 2630 357 2679 μεγαλύνωσι,
373 2641 423 2668 καὶ
439 2641 572 2673 δοξάξωσι
593 2641 639 2667 τὸν
654 2640 757 2667 τούτων
775 2642 892 2676 ποιητὴν
908 2642 956 2668 καὶ

170 2689 358 2724 δημιουργόν·
376 2688 455 2714 τοῦτο
475 2687 562 2719 οὕτως
583 2687 650 2721 ἔχει,
673 2688 719 2713 καὶ
747 2688 796 2714 οὐκ
810 2687 908 2714 ἄλλωκ
923 2687 955 2713 0i

170 2735 192 2762 δ’
204 2735 343 2770 ἄνθρωποι
363 2733 590 2769 παρατραπέντες
608 2733 658 2767 τῆς
674 2733 791 2767 ἀληθοῦς
807 2734 853 2759 καὶ
867 2733 955 2767 ¹ὀρθῆς

171 2782 310 2816 γνώσεως,
324 2781 372 2808 καὶ
387 2781 503 2814 ἀφέντες
518 2780 682 2814 προσκυνεῖν
699 2779 746 2805 καὶ
761 2778 890 2805 σέϐεσθαι
911 2780 956 2805 τὸν

174 2827 289 2862 ποιητὴν
305 2827 360 2853 τῶν
380 2826 489 2853 πάντων
510 2825 590 2858 Θεὸν,
621 2825 721 2860 μᾶλλον
748 2825 955 2860 προσεκύνησαν

1008 2232 1104 2266 igitur.
1128 2236 1159 2258 ut
1174 2231 1255 2258 modo
1270 2231 1373 2258 dictum
1400 2235 1452 2260 est.
1472 2235 1661 2258 creaturarum
1684 2232 1793 2266 elegan-

1005 2276 1082 2306 tiam,
1104 2275 1285 2302 atlmirationc
1307 2275 1405 2302 ductus
1417 2275 1577 2309 obstupuit,
1591 2280 1619 2302 et
1639 2276 1730 2302 animo
1741 2283 1791 2302 suo

1005 2321 1064 2349 ha-c
1088 2322 1199 2348 volvere
1223 2321 1307 2355 empit
1332 2330 1337 2348 :
1363 2321 1539 2355 Nequaquam
1559 2321 1615 2348 lucc
1638 2326 1789 2348 crcatoretn

1005 2368 1088 2394 alium
1101 2367 1216 2400 habent,
1229 2367 1275 2394 sed
1291 2367 1347 2394 hzec
1363 2367 1420 2400 ipsa
1435 2367 1564 2393 nimirum
1577 2367 1615 2393 dii
1630 2371 1703 2393 sunt.
1719 2365 1747 2393 In
1760 2375 1790 2393 ea

1005 2414 1078 2442 enitn
1098 2413 1229 2448 opinione
1243 2417 1270 2439 ιιι
1284 2418 1412 2448 parentes
1429 2413 1512 2444 illius,
1524 2418 1551 2440 et
1565 2421 1660 2439 omnes
1677 2413 1790 2440 simula-

1005 2467 1114 2486 crorum
1130 2458 1251 2485 cttltores
1277 2458 1450 2485 tenebantur.
1479 2458 1513 2484 Et
1538 2458 1602 2485 licet
1627 2459 1684 2485 ltu‘c
1699 2458 1789 2485 omnia

1006 2504 1078 2531 Deus
1093 2504 1172 2531 valde
1186 2503 1257 2530 bona
1271 2504 1430 2536 crcavisset,
1443 2508 1471 2531 ct
1491 2512 1542 2530 suo
1561 2504 1641 2538 digna
1660 2504 1770 2538 opitleio
1782 2523 1789 2536 ,

1007 2555 1037 2576 ttt
1052 2550 1150 2576 horum
1166 2548 1396 2583 contemplatione
1413 2549 1536 2575 homines
1557 2549 1583 2575 in
1598 2548 1643 2575 Dei
1656 2548 1791 2582 cognitio-

1006 2603 1069 2622 nem
1092 2594 1321 2628 pcrduccrcntur,
1345 2594 1499 2628 horumque
1518 2599 1670 2621 crcatorent
1683 2598 1710 2620 ct
1731 2594 1791 2628 opi-

1007 2640 1086 2667 ﬁcem
1098 2639 1281 2672 celebrarent,
1294 2639 1476 2674 laudibusque
1492 2640 1626 2667 veherent
1642 2640 1713 2674 (qua
1725 2647 1790 2667 sane

1005 2688 1061 2714 sola
1076 2691 1104 2713 ct
1126 2694 1179 2712 non
1195 2686 1247 2713 alia
1258 2687 1356 2712 itoruttt
1373 2694 1454 2713 causa
1466 2685 1519 2720 est)
1533 2694 1540 2718 ;
1561 2686 1685 2713 homines
1700 2691 1789 2712 tamen

1008 2741 1021 2760 a
1042 2740 1106 2759 vera
1121 2737 1149 2759 et
1168 2736 1240 2759 recta
1265 2732 1421 2766 cognitione
1447 2731 1626 2763 aberrantes,
1642 2737 1670 2758 et
1692 2731 1791 2758 omissa

1007 2778 1139 2806 creatoris
1150 2779 1284 2810 omnium,
1299 2778 1345 2804 Dei
1361 2777 1477 2809 scilicet,
1493 2777 1599 2804 cultura
1610 2782 1638 2804 et
1650 2777 1790 2811 religione,

1008 2829 1160 2852 creaturam
1179 2825 1270 2859 potius
1284 2823 1478 2857 adoraverunt,
1494 2827 1522 2850 et
1542 2823 1611 2850 hanc
1630 2823 1692 2859 plus
1709 2828 1789 2857 quam
