1946 3081
180 122 234 155 539

760 125 923 155 JOANNIS
943 124 1207 156 CANTACUZENI

1734 125 1780 157 540

179 186 231 206 vos
254 178 379 214 vosipsos
406 179 573 207 confutare?
595 179 647 208 Sed
675 180 736 208 haec
761 181 825 208 talia
850 181 961 216 quidem

1017 183 1095 210 νεττε.
1114 182 1170 208 Οὐκ
1195 181 1253 208 ἐστι
1283 181 1416 217 πρόδηλον
1437 182 1479 208 ὅτι
1505 180 1584 208 αὐτοὶ
1612 181 1716 211 εαυτοῐς
1736 181 1783 216 μά-

181 227 258 251 sunt.
275 223 409 257 Quoniam
425 232 490 252 vero
517 225 626 258 lsmael,
648 234 703 261 quo
720 226 883 254 Musulmani
899 234 963 260 pro-

181 269 308 304 genitore
327 270 457 305 gaudent,
476 278 538 298 cum
556 270 678 298 Hebraais
697 279 751 298 non
776 273 803 298 in
818 271 962 307 Aigyptum

182 314 346 347 descendit,
370 316 397 342 in
415 315 461 343 illo
475 317 557 343 etiam
582 317 801 345 eircumeisionis
815 318 888 344 nulla
905 321 965 345 erat

182 359 297 391 utilitas,
310 360 540 394 quemadmodum
558 361 585 389 in
600 361 720 390 Hebraeis
733 371 741 395 ς
756 370 810 390 non
825 363 901 390 enim
916 363 965 389 ad-

182 408 345 432 numeratur
356 405 471 433 Abrahae
488 406 650 435 hzeredibus.
662 408 731 435 Deus
746 407 820 435 enim
837 408 965 442 prmcepit

182 449 315 481 Abrahae,
340 450 434 478 dicens
453 460 461 480 :
487 461 496 477 ι
515 452 588 489 Ejiee
599 453 726 480 ancillam
742 460 804 480 cum
822 453 878 480 lilio
894 453 964 488 ejus,

183 502 354 530 nequaquam
369 496 441 541 eu‘im
456 496 543 525 harcs
559 498 612 525 erit
630 498 734 526 ancilla:
749 498 820 526 ﬁlius
831 506 892 526 cum
910 499 966 526 lilio

182 540 285 567 liberte.
307 549 317 566 ι
337 540 371 567 Ει
392 540 495 576 ejectus
520 547 563 569 est
587 550 620 570 ex
638 543 720 570 domo
737 542 851 571 Abrahz
871 544 966 571 lsmael

181 592 244 612 cum
262 590 349 613 tnatre
368 594 416 613 sua
428 587 509 622 Agar.
525 587 601 621 Quod
613 589 636 616 si
653 593 742 616 tamen
757 589 826 617 forte
841 598 967 618 nonnun-

182 639 265 666 quam
281 631 314 658 ad
332 632 469 660 Abraham
493 633 585 666 rediit.
606 634 770 663 visitationis
783 643 866 663 causa
880 636 966 668 venit,

181 683 237 703 non
256 681 285 703 ut
301 676 373 704 ﬁlius
394 682 422 705 et
441 686 534 705 semen
550 678 691 715 bteresque
706 681 789 708 illius.
807 681 869 709 llzec
886 682 967 718 igitur

181 729 244 749 cum
255 722 295 750 sic
302 730 331 750 se
343 722 474 755 habeant.
485 724 620 752 undenam
628 725 709 753 ﬁdem
717 734 793 753 suam
804 727 966 755 Musulmani

181 768 397 802 desumpserint,
420 776 474 795 non
498 768 589 796 video.
605 769 753 804 Propterea
775 771 851 798 nullo
864 771 967 799 indicio

180 813 281 848 conjici
305 818 405 848 potest,
431 814 664 844 Musulmanorum
686 815 767 844 (idem
789 822 852 845 ante
876 817 968 845 Mallo-

180 862 282 885 metem
301 859 334 885 ab
355 859 493 887 Abraham
510 866 621 888 auctore
640 861 769 889 derivari.
791 862 891 890 Verum
908 863 966 897 ipse

180 901 338 937 huiusmodi
358 903 514 938 dogmatum
530 909 627 932 auctor
642 910 695 938 est.
715 910 744 934 et
756 914 789 934 ex
805 907 848 934 sui
864 907 965 941 ingenii

179 948 276 976 nidulo
290 949 384 977 docuit
394 958 563 986 quaecunque
577 951 682 984 docuit,
697 956 726 979 et
741 960 795 980 non
811 961 844 980 ex
863 952 928 980 Deo.

1014 228 1106 263 χεσθε,
1121 228 1168 254 καὶ
1181 228 1258 255 αὐτοὶ
1279 228 1378 259 αὐτοὺς
1403 226 1592 262 ἀνατρέπετες
1615 225 1692 253 Ἀλλὰ
1706 226 1785 253 ταῦτα

1016 273 1065 308 μὲν
1095 265 1193 304 οὕτως.
1208 272 1285 299 Ἐπεὶ
1310 273 1339 300 δὲ
1365 273 1380 299 6
1405 272 1538 307 Ἰσμαὴλ,
1561 272 1590 298 ὃν
1618 271 1741 304 λέγουσιν
1763 271 1787 297 oi

1015 318 1222 353 Μουσουλμάνοι
1250 317 1323 352 ἔχειν
1352 317 1523 352 προπάτορα,
1555 316 1618 344 οὔτε
1643 316 1710 350 μετὰ
1734 316 1786 342 τῶν

1021 363 1156 398 Ἐϐραίων
1169 363 1302 397 κατῆλθεν
1317 363 1358 394 είς
1377 363 1526 396 Αἴγυπτον,
1540 363 1582 388 ὅτι
1605 362 1700 395 ἐκείνῳ
1715 361 1789 396 χρεία

1015 408 1065 434 οὐκ
1087 406 1131 444 ἦν,
1149 409 1242 444 ὥσπερ
1259 409 1316 439 τοῖς
1337 407 1488 443 Ἑϐραίοις,
1503 407 1564 434 οὐδὲ
1591 407 1646 442 γὰρ
1664 414 1791 440 συγκατε-

1016 453 1110 487 λέγετο
1124 454 1194 488 μετὰ
1211 453 1264 480 τῶν
1283 453 1460 488 κληρονόμων
1482 452 1530 479 τοῦ
1552 452 1681 487 Ἀδραάμ
1696 460 1703 468 ·
1727 452 1791 478 διότι

1015 500 1030 525 6
1044 499 1109 530 Θεὸς
1125 498 1210 531 οὕτως
1223 499 1373 525 ἐνετείλατο
1387 498 1426 533 τῷ
1450 497 1578 533 Ἀϐραὰμ
1593 497 1688 528 εἰπὼν,
1707 506 1716 522 ι
1731 497 1793 523 Ἐκ-

1017 544 1082 570 6αλε
1093 544 1143 579 τὴν
1155 545 1302 580 παιδίσκην
1318 544 1388 579 μετὰ
1408 544 1456 570 τοῦ
1472 543 1567 574 παιδὸς
1581 543 1676 578 αὐτῆς.
1693 543 1723 568 ού
1740 543 1791 577 γὰρ

1017 590 1055 625 μὴ
1079 591 1280 625 κληρονομήσει
1307 591 1321 616 6
1342 590 1399 621 υίὸς
1422 589 1472 624 τῆς
1500 590 1649 624 παιδίσκης
1664 588 1733 623 μετὰ
1748 587 1792 614 τοῦ

1017 635 1076 662 υιοΰ
1087 636 1134 670 τῆς
1152 635 1306 670 ἐλευθέρας·
1325 645 1335 662 ι
1355 635 1404 662 καὶ
1417 635 1551 670 ἐξεϐλήθη
1567 635 1582 662 6
1602 633 1713 669 Ὶσμαὴλ
1728 635 1793 668 μετὰ

1016 681 1067 716 τῆς
1101 681 1204 716 μητρὸς
1231 681 1318 715 αὐτῆς
1347 681 1436 715 Ἅγαρ
1469 680 1524 707 ἀπὸ
1551 679 1602 706 τοῦ
1640 679 1715 706 οτκου
1748 678 1793 705 τοῦ

1023 726 1150 762 ’Δδραάμ
1161 734 1169 742 ·
1190 727 1213 753 εί
1229 726 1252 752 δ’
1269 725 1336 758 ἴσως
1363 726 1428 753 ποτὲ
1445 726 1494 752 καὶ
1516 725 1585 760 πρὸς
1599 724 1646 751 τὸν
1671 724 1795 759 Ἀϐραὰμ

1017 771 1109 808 ἦλθεν,
1125 772 1243 808 θεωρίας
1257 772 1339 808 χάριν
1353 769 1445 807 ἦλθεν,
1461 771 1519 798 ἀλλ’
1533 771 1583 806 οὐχ
1609 770 1647 802 ὡς
1670 770 1727 801 υίὸς
1750 770 1795 796 καὶ

1019 817 1131 852 σπέρμα
1146 817 1194 843 καὶ
1209 816 1377 851 κληρονόμος
1399 815 1493 842 αὑτοῦ.
1506 815 1611 842 Τούτου
1628 814 1695 849 γοῦν
1711 813 1795 844 οὕτως

1018 862 1136 898 ἔχοντος,
1153 861 1236 888 πόθεν
1251 861 1360 896 ἔχουσιν
1370 860 1396 887 οἱ
1410 859 1619 894 Μουσουλμάνοι
1633 859 1682 893 τὴν
1696 857 1795 889 πίστιν,

1018 909 1070 935 οὑκ
1092 905 1164 934 οῖδα.
1188 907 1240 934 Διὰ
1266 906 1346 933 τοῦτο
1369 905 1419 933 οὐκ
1448 905 1626 940 ἀναφαίνεται
1653 903 1707 930 ἀπό
1724 910 1796 933 τινος

1019 954 1182 989 πράγματος
1197 952 1251 988 πρὸ
1264 953 1311 979 τοῦ
1325 952 1447 987 Μωάμεθ
1465 952 1498 978 ἐκ
1513 951 1561 978 τοῦ
1586 950 1713 986 Ἀϐραὰμ
1729 948 1794 976 εἶναι

180 993 230 1028 τὴν
249 994 302 1020 τῶν
334 995 559 1030 Μουσουλμάνων
584 997 687 1029 πίστιν,
708 997 776 1024 ἀλλὰ
795 999 878 1030 αὑτός
901 999 976 1026 ἐστιν
993 999 1008 1025 6
1032 998 1153 1034 ἀρχηγὸς
1190 997 1244 1024 τῶν
1270 996 1400 1024 τοιούτων
1425 996 1586 1032 δογμάτων,
1612 998 1660 1024 καὶ
1683 997 1724 1023 δτι
1743 995 1796 1023 ἀπὸ

181 1042 285 1074 κοιλίας
301 1042 383 1070 αὑτοῦ
398 1043 518 1076 ἐδίδαξεν
542 1045 592 1072 ὅσα
608 1045 742 1079 ὲδίδιξε·,
761 1046 807 1074 καὶ
831 1046 884 1073 οὐκ
906 1046 962 1074 ἀπὸ
981 1046 1061 1075 Θεοῦ.

215 1089 243 1116 5.
263 1089 341 1122 Quod
356 1097 421 1117 vero
445 1090 607 1118 Musulmani
621 1091 752 1125 tradunt,
767 1092 853 1127 ipsius
869 1092 962 1120 Μειὴο-

179 1134 247 1161 meti
267 1142 368 1162 nomen
385 1135 412 1162 in
433 1135 583 1170 Evangelio
598 1136 677 1164 citari
691 1136 812 1172 (dicente
832 1137 964 1165 nimirum

179 1179 215 1207 de
234 1179 289 1207 hoc
299 1179 410 1208 Christo
424 1188 431 1207 :
447 1181 588 1209 Annuntio
611 1181 691 1209 vobis
705 1181 819 1215 bonum,
835 1183 966 1217 quoniam

181 1229 245 1259 post
258 1233 302 1252 me
316 1231 450 1253 venturus
463 1227 654 1261 estapostolus
667 1231 695 1255 et
705 1227 849 1262 propheta,
864 1235 966 1256 nomen

181 1272 220 1299 illi
239 1272 401 1307 Mahomet),
416 1272 587 1300 Christianos
600 1281 665 1301 vero
679 1274 779 1301 invidia
793 1278 882 1301 motos
897 1274 964 1301 illud

181 1318 347 1352 cxpunxisse
370 1325 403 1344 ex
428 1317 603 1353 Evangeli’ou
619 1318 734 1353 agedum
755 1319 838 1346 etiam
862 1319 896 1346 de
913 1319 965 1347 hoc

181 1363 364 1397 iuquiramus,
378 1367 406 1390 et
419 1362 527 1390 videtur
540 1364 609 1390 mihi
621 1364 764 1391 veritatem
785 1372 840 1391 non
851 1364 966 1392 abscon-

181 1414 238 1433 sam
255 1406 392 1437 futuram;
408 1411 512 1434 attente
528 1406 612 1442 igitur
628 1406 686 1434 haec
709 1407 816 1435 audias.
832 1407 900 1435 Tres
924 1408 965 1435 Ie-

181 1452 328 1485 gislalorcs
354 1445 419 1479 sunt
432 1471 440 1483 ,
457 1452 504 1486 qui
524 1452 598 1487 leges
625 1452 748 1480 tulerunt
772 1452 962 1480 universales:

1046 1097 1082 1128 γ’.
1101 1093 1162 1120 ὀτι
1186 1092 1225 1125 δὲ,
1240 1092 1278 1123 ὼς
1298 1091 1422 1126 λέγουσιν
1441 1090 1466 1123 ei
1478 1089 1742 1125 Μουσουλμάνοι,ὡς
1753 1097 1798 1124 γε-

1013 1139 1172 1174 γραμμένον
1189 1137 1332 1173 εὑρίσκετο
1355 1137 1386 1164 τὸ
1398 1135 1445 1164 τοῦ
1460 1136 1610 1171 Μαχούμετ
1620 1136 1707 1170 ὖνομα
1718 1136 1747 1162 ἓν
1759 1134 1797 1170 τῷ

1015 1184 1186 1219 Εὑαγγελίῳ,
1213 1183 1338 1214 εἰπόντος
1359 1182 1407 1209 τοῦ
1437 1181 1556 1217 Χριστοῦ
1588 1183 1652 1216 περὶ
1682 1181 1798 1211 ἐκείνου,

1014 1230 1055 1257 δτι
1084 1229 1303 1264 Εὐαγγελίζομαι
1318 1229 1381 1263 ὑμῖν
1407 1228 1448 1255 δτι
1462 1227 1522 1262 μετ’
1537 1227 1586 1262 ἐμὲ
1603 1226 1698 1262 μέλλει
1712 1226 1799 1253 ἐλθεῖν

1018 1277 1033 1303 6
1057 1275 1206 1307 ἀπόστολος
1223 1274 1272 1301 καὶ
1289 1274 1443 1309 προφήτης,
1460 1273 1545 1308 ὄνομα
1571 1273 1645 1308 αὐτῷ
1665 1272 1798 1307 Μωάμεθ,

1019 1323 1043 1349 οἱ
1070 1322 1100 1348 δὲ
1122 1322 1282 1356 Χριστιανοὶ
1307 1321 1492 1355 φθονήσαντες
1517 1318 1643 1351 ἐξέΰα).ον
1673 1319 1740 1345 αὐτὸ
1767 1318 1799 1344 ἐκ

1015 1368 1063 1395 τοῦ
1081 1367 1257 1401 Εὑαγγελίου,
1268 1366 1349 1402 δεῦρο
1367 1365 1532 1400 σκεψώμεθα
1551 1365 1676 1400 καὶπερὶ
1703 1364 1796 1396 αὑτοῦ,

1013 1411 1062 1439 καί
1093 1420 1139 1446 μοι
1159 1411 1231 1437 δοκεῖ
1255 1410 1293 1441 ὡς
1317 1410 1348 1436 οὐ
1369 1409 1407 1444 μὴ
1424 1408 1594 1444 κρυϐήσεται
1621 1409 1638 1442 ὴ
1665 1408 1797 1443 ἁλήθεια²

1016 1459 1133 1485 ἄκουσον
1146 1457 1237 1484 τοίνυν
1269 1455 1415 1490 νουνεχῶς.
1431 1455 1512 1490 Τρεῖς
1525 1455 1577 1481 εἱσι
1592 1454 1749 1489 νομοθέται,
1773 1454 1798 1480 οί

182 1496 272 1524 Moses
283 1517 289 1527 .
306 1504 387 1530 quam
409 1502 501 1524 secuta
517 1503 559 1524 est
581 1489 758 1525 llebneorum
774 1505 861 1533 gens;
886 1498 964 1526 Chri-

1017 1503 1173 1535 διδὰξαντες
1188 1503 1288 1537 νόμους
1316 1489 1478 1532 καγοολικούς
1488 1509 1495 1516 ·
1513 1502 1526 1527 6
1541 1501 1672 1534 Μωῡςῆς,
1702 1497 1725 1534 ᾢ
1736 1501 1800 1534 ἡκο-

181 1547 252 1574 ειυε,
270 1549 351 1577 quem
373 1548 474 1570 secuta:
490 1548 554 1570 sunt
569 1550 666 1570 omnes
685 1548 792 1578 gentes,
806 1549 833 1572 et
848 1545 964 1573 maxima

181 1587 362 1614 Hebrwornm
386 1588 414 1614 in
445 1588 522 1615 illum
548 1588 718 1615 credentium
743 1589 891 1617 multitudo
906 1591 965 1626 (qui

179 1633 255 1660 enim
280 1642 311 1660 ex
330 1633 373 1661 itis
394 1642 448 1661 non
464 1634 660 1668 crediderunt,
681 1643 795 1663 numero
820 1637 982 1670 pauciOrcs'

183 1684 249 1706 sunt
263 1679 318 1707 illis
334 1680 380 1714 qui
403 1680 590 1713 crediderunt.
604 1684 632 1707 et
644 1686 788 1708 numeratu
801 1681 924 1717 faciles);
938 1687 966 1710 et

182 1723 339 1756 Malmmot,
358 1732 439 1760 quem
469 1725 632 1753 Musulmani
661 1726 748 1754 secuti
767 1732 840 1754 sunt.
864 1727 965 1755 Practer

180 1776 274 1798 autem
299 1771 359 1798 illos
376 1777 440 1802 tres,
453 1772 500 1806 qui
518 1771 605 1807 legem
621 1772 714 1800 tulerit
736 1773 828 1800 nullus
840 1777 891 1800 est.
908 1773 966 1800 Mo-

179 1823 238 1843 setn
254 1823 319 1842 vero
330 1824 343 1842 a
357 1815 413 1842 Deo
432 1816 544 1843 missum
559 1823 633 1848 esse,
644 1816 735 1844 statim
747 1816 781 1844 ab
797 1817 875 1844 initio
888 1818 965 1844 testi-

181 1861 282 1889 tnoniis
307 1861 511 1895 comprobatur.
527 1861 595 1889 Cum
616 1862 689 1889 enim
702 1863 793 1890 adhuc
810 1863 836 1890 in
849 1862 965 1898 (Egypto

179 1911 266 1939 esset,
281 1907 345 1933 fecit
357 1907 433 1941 signa
449 1911 477 1934 et
494 1907 625 1934 miracula
640 1915 747 1942 magna,
765 1912 793 1935 et
817 1909 964 1945 Egyptum

179 1953 338 1987 tlagellavit,
354 1953 446 1987 plagas
465 1952 503 1980 illi
520 1953 653 1980 inducens
670 1953 817 1986 terribiles.
830 1956 966 1989 percussit

179 2003 208 2025 et
224 1998 347 2031 sanavit,
371 2003 428 2026 tum
444 1998 526 2026 etiam
554 1998 644 2026 futura
667 2006 718 2026 ceu
735 1999 880 2034 prophetes
894 2008 965 2034 pra:-

180 2043 250 2071 tlixit
267 2052 273 2070 :
295 2053 305 2069 ι
337 2043 414 2077 Quod
431 2043 453 2071 si
472 2043 602 2078 populum
617 2043 663 2071 Dei
678 2043 816 2071 dimittere
832 2045 964 2078 volueris,

179 2089 303 2120 dimitte;
318 2088 390 2123 quod
407 2088 430 2115 si
446 2088 529 2120 nolis.
553 2087 611 2114 hazc
631 2092 658 2114 et
670 2087 716 2115 illa
731 2087 780 2115 tibi
796 2092 824 2116 et
846 2088 899 2116 toti
917 2095 965 2123 po-

180 2135 245 2169 pulo
260 2133 368 2170 Egypli
382 2134 520 2162 evenient.
539 2143 549 2160 ι
562 2133 594 2160 Et
611 2134 715 2161 Pharao
729 2142 790 2162 cum
807 2142 837 2162 se
849 2134 962 2162 verbum

181 2180 291 2208 Domini
308 2180 443 2207 facturum
456 2187 517 2207 esse
540 2180 721 2214 promisisset,
736 2188 752 2208 a
767 2180 840 2208 Mose
851 2185 965 2208 sanatus

179 2231 242 2259 est,
259 2231 353 2260 utpote
370 2226 417 2261 qui
440 2229 601 2260 potestatem
617 2233 630 2252 a
652 2226 707 2253 Deo
726 2226 886 2260 accepisset.
900 2226 966 2254 Post

181 2274 241 2302 haec
253 2280 318 2300 vero
331 2272 418 2299 Moses
433 2271 529 2299 eduxit
543 2271 656 2299 brachio
670 2272 773 2306 potenti
789 2276 898 2307 gentem
910 2271 965 2300 He-

182 2319 319 2346 braeorum
338 2326 370 2346 ex
386 2313 463 2346 terra
474 2317 596 2353 Egypti,
614 2322 642 2346 ct
659 2317 809 2345 Pharaonis
821 2318 964 2345 servitute.

181 2365 236 2394 Eos
253 2370 344 2391 autem
363 2363 504 2391 insecutus
520 2364 645 2394 Pharao,
672 2370 687 2390 a
709 2363 783 2390 Mose
806 2363 966 2390 submersus

181 2413 224 2437 est
242 2409 268 2435 in
285 2408 354 2435 mari
372 2409 464 2436 Rubro
479 2416 540 2435 cum
554 2407 628 2435 omni
647 2415 697 2436 suo
715 2408 848 2436 exercitu.
861 2408 965 2436 Deinde

182 2455 210 2484 in
228 2454 347 2482 desertis
364 2454 551 2482 obambulavit
568 2454 647 2481 annis
667 2453 858 2488 quadraginta,
885 2454 966 2481 mira-

180 2500 242 2527 t-ula
255 2500 341 2527 edens
354 2499 472 2528 inﬁnita.
486 2499 556 2533 Quin
575 2504 601 2527 et
617 2507 707 2528 coram
728 2504 783 2527 tota
806 2499 964 2527 Iudaeorum

180 2551 261 2579 gente
288 2546 315 2572 in
335 2550 453 2572 montem
470 2545 544 2572 Sinai
562 2545 686 2573 ascendit
698 2565 706 2578 ,
728 2546 768 2573 sic
782 2545 815 2572 ad
830 2545 904 2572 illum
921 2545 964 2572 di-

181 2592 308 2619 ccnlibus
320 2590 422 2619 Jttdmis
436 2599 443 2617 :
462 2600 470 2616 ι
487 2590 611 2618 Ascendc
626 2590 653 2618 in
669 2595 799 2623 montem,
816 2595 843 2617 et
855 2589 901 2616 Dei
920 2597 965 2616 vo-

182 2638 314 2666 luntatem
330 2637 462 2670 ediscite;
474 2644 525 2663 nos
543 2637 614 2663 enim
631 2636 679 2663 Dei
691 2643 784 2663 vocem
799 2635 894 2662 audire
909 2642 963 2662 non

183 2690 340 2718 possumus.
359 2690 394 2709 ne
415 2682 485 2709 forte
497 2682 656 2708 moriamur.
672 2689 681 2706 ›
697 2680 816 2715 Populus
834 2687 898 2706 vero
910 2683 965 2706 sta-

183 2729 230 2755 bat
254 2727 348 2764 procul
370 2735 385 2754 a
414 2732 517 2758 monte,
533 2734 596 2753 cum
614 2730 731 2753 tremore
746 2725 863 2751 adorans
879 2724 963 2751 Deum

182 2783 245 2802 cunt
259 2774 332 2802 Mosc
346 2774 563 2808 colloquentem.
581 2772 667 2799 Moses
684 2776 774 2798 autem
791 2770 839 2798 Dei
861 2778 965 2798 sermo-

182 2821 266 2849 nibus
294 2820 404 2850 nuditis.
421 2820 534 2847 cosdcm
563 2818 684 2846 llehrtcis
708 2821 852 2850 csposutt;
871 2821 898 2843 et
921 2823 965 2844 rc-

1017 1549 1135 1584 λούθησε
1152 1548 1183 1574 τὸ
1199 1549 1277 1582 γένος
1290 1547 1345 1574 τῶν
1359 1547 1493 1580 Ἑϐραίων
1505 1555 1513 1562 ·
1530 1548 1544 1574 6
1561 1546 1689 1582 Χριστὸς.
1705 1544 1727 1580 ᾧ
1737 1546 1800 1581 ἡκο-

1020 1594 1157 1629 λούθησαν
1176 1594 1266 1621 πάντα
1278 1593 1313 1620 τὰ
1338 1592 1414 1628 ιθνη,
1429 1593 1477 1619 καὶ¹
1499 1593 1524 1618 οἱ
1541 1593 1581 1623 εἰς
1596 1591 1680 1618 αὑτὸν
1691 1591 1800 1618 πιστεύω

1021 1648 1116 1671 σαντες
1135 1640 1166 1666 τὸ
1194 1639 1287 1666 πλεῖον
1301 1639 1384 1674 μέρος
1403 1638 1459 1665 τῶν
1487 1637 1626 1672 Ἐϐραίων
1648 1645 1654 1652 ·
1673 1638 1736 1664 ἐπεὶ
1747 1637 1801 1664 ἀπὸ

1017 1685 1120 1712 τούτων
1137 1684 1162 1711 οῑ
1190 1683 1228 1719 μὴ
1247 1682 1447 1714 πιστεύσαντες
1471 1682 1562 1716 πολλῷ
1576 1682 1711 1714 ἐλάττους
1731 1682 1800 1708 εἰσὶν

1018 1730 1109 1758 αὐτῶν
1122 1730 1154 1764 δὴ
1169 1729 1223 1756 τῶν
1239 1729 1456 1760 πιστευσάντων,
1479 1728 1527 1754 καὶ
1544 1728 1637 1763 σχεδὸν
1651 1728 1800 1764 ἐναρίθμη-

1018 1782 1070 1801 τοι·
1083 1775 1130 1801 καὶ
1142 1775 1156 1801 ὁ
1173 1773 1306 1808 Μωάμεθ,
1332 1769 1354 1807 ᾧ
1370 1772 1557 1807 ἠκολούθησαν
1571 1773 1594 1798 oi
1616 1772 1801 1806 Μουσουλμὰο

1017 1827 1069 1846 νοι.
1094 1819 1177 1844 ΙἈνευ
1188 1817 1291 1844 τούτων
1316 1817 1348 1852 δὴ
1364 1817 1418 1844 τῶν
1433 1810 1517 1852 τριῶν
1536 1816 1630 1851 ἕτερός
1646 1820 1688 1846 τις
1702 1817 1716 1842 6
1728 1816 1801 1842 διδά-

1020 1863 1069 1896 ξας
1083 1864 1131 1890 καὶ
1147 1863 1209 1894 δοὺς
1221 1864 1303 1898 νόμον
1316 1862 1366 1889 οὐκ
1385 1863 1469 1889 ἔστιν.
1495 1861 1566 1888 Ἀλλ’
1585 1863 1600 1888 6
1613 1863 1663 1896 μὲν
1679 1862 1801 1896 Μωῦσῆς

1021 1909 1231 1945 μεμαρτύρηται
1256 1908 1461 1942 ἀπεσταλμένος
1489 1906 1557 1934 εἶναι
1582 1908 1658 1942 παρὰ.
1674 1908 1744 1934 Θεοῦ
1771 1907 1802 1939 ἐξ

1017 1955 1115 1990 ἀρχῆς.
1132 1954 1191 1981 Ἔτι
1210 1954 1247 1980 ὢν
1263 1955 1291 1980 ὲν
1306 1955 1339 1989 τῇ
1350 1953 1490 1988 Αἰγύπτῳ.
1503 1953 1615 1988 εποίησε
1630 1955 1733 1988 σημεῖα
1752 1953 1800 1980 καὶ

1016 1999 1118 2033 τέρατα
1133 1998 1303 2032 μεγάλα,κῄ
1318 1997 1447 2032 ὲμάστιξε
1459 1998 1509 2034 τὴν
1523 1998 1675 2031 Αιγυπτον,
1697 1998 1802 2030 ἐπάξας

1017 2045 1046 2071 ὲν
1056 2045 1123 2080 αὐτῇ
1139 2044 1246 2079 πληγὰς
1258 2045 1488 2082 μεγάλαςσφόδρα
1499 2053 1506 2060 ·
1515 2045 1561 2071 καὶ
1567 2044 1667 2080 ἔπληξε
1676 2045 1725 2073 καὶ
1745 2045 1803 2071 ἐθε-

1019 2090 1148 2124 ράπευσε,
1159 2091 1208 2117 καὶ
1223 2090 1352 2126 προέλεγε
1360 2090 1394 2118 τὰ
1408 2091 1578 2126 γενησόμενα
1592 2091 1630 2122 ὡς
1643 2091 1800 2126 προφήτης,

1018 2134 1059 2161 ὃτι
1080 2143 1089 2161 ‹
1112 2135 1143 2160 Εἰ
1163 2134 1213 2169 μὲν
1231 2135 1377 2167 ἀπολύσεις
1400 2136 1445 2162 Ιτὸν
1462 2136 1525 2163 λαὸν
1538 2135 1585 2162 τοῦ
1602 2135 1682 2170 Θεοῦ,
1699 2137 1801 2163 ἀπόλυ-

1017 2188 1063 2206 σον
1072 2188 1079 2194 ·
1089 2180 1114 2207 εὶ
1128 2181 1150 2206 δ’
1163 2180 1220 2214 οὖν,
1233 2181 1268 2207 τὰ
1277 2182 1323 2207 καὶ
1332 2182 1365 2208 τὰ
1376 2181 1562 2216 συμῆήσονται
1577 2182 1617 2208 σοί
1627 2189 1657 2208 τι
1665 2182 1713 2209 καὶ
1720 2182 1802 2210 παντὶ

1015 2223 1054 2258 τῷ
1065 2223 1122 2258 λαῷ
1135 2224 1185 2255 τῆς
1201 2224 1353 2258 Αἰγύπτου.
1371 2234 1381 2251 ι
1400 2225 1455 2251 Καὶ
1469 2224 1685 2259 ὑπισχνούμενος
1699 2225 1801 2260 Φαραὼ

1015 2270 1128 2305 ποιῆσαι
1147 2270 1178 2296 τὸ
1194 2271 1270 2306 ῥῆμα
1287 2271 1403 2305 Κυρίου,
1425 2271 1610 2305 ἐθεραπεύετο
1643 2272 1721 2305 παρὰ
1752 2273 1800 2298 τοῦ

1017 2318 1169 2348 Μωῡσέως,
1183 2318 1220 2348 ὼς
1234 2317 1357 2350 ἐξουσίαν
1370 2317 1498 2349 λαϐόντος
1511 2318 1564 2344 ἀπὸ
1583 2317 1661 2345 Θεοῦ.
1680 2318 1758 2344 Μετὰ
1773 2317 1800 2343 δὲ

1015 2361 1102 2389 ταῦτα
1131 2362 1259 2395 ὲξὲὃαλεν
1282 2363 1295 2389 6
1320 2363 1423 2397 Μωσῆς
1441 2363 1510 2396 μετὰ
1527 2362 1667 2397 βραχίονος
1695 2362 1800 2396 ὑψηλοῦ

1015 2408 1045 2434 τὸ
1065 2408 1143 2442 γένος
1157 2409 1211 2434 τῶν
1227 2408 1363 2443 Ἐϐραίων
1391 2409 1423 2434 ὲκ
1447 2409 1498 2443 γῆς
1524 2408 1662 2441 Αἰγύπτου
1689 2409 1738 2434 καὶ
1751 2407 1800 2441 τῆς

1015 2453 1135 2485 δουλείας
1150 2453 1262 2489 Φαραώ.
1289 2453 1467 2486 Καταδιώξας
1490 2454 1517 2479 δὲ
1533 2454 1547 2480 6
1563 2453 1674 2487 Φαραὼ,
1688 2452 1801 2478 ὲττοντί-

1017 2498 1067 2534 σθη
1081 2500 1110 2525 ὲν
1123 2500 1155 2534 τῇ
1180 2499 1298 2535 Ἐρυθρᾷ
1308 2499 1429 2534 θαλάσσῃ
1450 2500 1519 2533 μετὰ
1535 2499 1627 2534 πάσης
1645 2499 1697 2531 τῆς
1714 2493 1817 2531 στρῶμ’

1016 2545 1076 2576 τιᾶς
1101 2544 1181 2571 αὑτοῦ
1214 2545 1290 2580 παρα
1312 2546 1357 2572 τοῦ
1384 2544 1532 2576 Μωύπέως.
1559 2545 1637 2571 Μετὰ
1653 2544 1681 2570 δὲ
1710 2543 1799 2570 ταῦτα

1017 2590 1177 2625 περιεπάτει
1188 2591 1215 2617 ἐν
1226 2592 1258 2625 τῇ
1266 2591 1360 2626 ἐρήμῳ
1368 2590 1479 2625 χρόνους
1487 2589 1700 2624 τεσσαράκοντα,
1713 2587 1801 2614 ποιῶν

1016 2635 1142 2671 θαύματα
1157 2636 1269 2670 ἄπειρα.
1290 2636 1371 2663 Ἀλλὰ
1399 2637 1447 2662 καὶ
1466 2635 1582 2662 ἐνώπιον
1611 2634 1719 2660 πάντων
1743 2633 1799 2659 τῶν

1021 2681 1156 2716 Ἐϐραίων
1183 2681 1266 2714 ἀνέϐη
1301 2681 1315 2706 6
1341 2680 1463 2714 Μωῦσῆς
1494 2679 1542 2706 ἐπὶ
1559 2679 1605 2705 τοῦ
1619 2679 1698 2713 ὅρους
1720 2678 1797 2709 Σινᾶ,

1015 2727 1146 2753 εἰπόντων
1170 2727 1248 2753 τοῦτο
1276 2726 1330 2753 τῶν
1365 2726 1500 2753 Ἰουδαίων
1536 2725 1604 2759 πρὸς
1635 2723 1726 2754 αὐτὸν,
1758 2724 1799 2749 ὅτι

1019 2771 1181 2799 ι’Λνὰϐαινε
1211 2773 1249 2802 είς
1279 2772 1310 2798 τὸ
1338 2771 1412 2806 ὄρος,
1445 2771 1492 2797 καὶ
1512 2770 1596 2804 γνῶθι
1619 2769 1649 2795 τὸ
1665 2768 1712 2794 τοῦ
1729 2767 1798 2793 Θεοῦ

1021 2816 1136 2850 θέλημα.
1160 2817 1254 2849 Ἡμεῖς
1268 2818 1321 2852 ’γὰρ
1337 2818 1403 2843 θεοῦ
1421 2816 1511 2852 φωνὴν
1542 2816 1656 2842 ἀκοῦσαι
1673 2814 1701 2840 ο)
1718 2813 1798 2839 δυνά.
