1946 3081
823 92 841 99 ν

159 143 207 175 5431

613 145 759 175 CONTRA
780 145 1021 175 MAllOMETEM
1044 135 1233 179 APOLOGIA
1254 147 1306 178 IV.

1713 147 1772 180 542

159 198 243 233 μεθα,
253 197 290 232 μή
304 206 367 225 ποτε
381 197 617 234 τελευτήσωμεν.)
629 200 682 226 Καὶ
691 201 705 226 6
717 200 764 234 μὲν
773 199 835 231 λαὸς
843 200 926 226 forari

990 207 1079 235 pente,
1099 201 1172 236 quod
1185 201 1299 235 dixerat,
1312 201 1453 236 impletum
1470 205 1522 229 est.
1543 201 1676 230 Prmterea
1696 210 1767 231 nun-

129 247 134 251 '
159 243 296 279 μακρόθεν
306 243 353 271 τοῦ
369 244 463 277 ὅρους,
483 244 697 278 προσκυνοῦντες
713 246 751 279 τῷ
779 245 838 279 θεῷ
868 245 936 279 μετὰ

157 290 260 325 τρόμου
280 289 318 324 τῷ
331 289 458 317 λαλοῦντι
484 289 594 317 Munius?
607 298 612 305 ·
625 291 638 317 ὁ
654 290 681 317 δὲ
700 291 802 325 Muta-ii;
828 291 936 317 ἀκούων

156 343 219 366 τους
250 335 348 368 λόγους
363 334 410 362 τοῦ
423 334 504 367 Θεοῦ,
532 335 609 369 ἔλεγε
624 336 736 367 τούτους
751 338 805 366 τοῖς
825 335 936 370 Ἐϐραί-

156 390 207 413 οις,
222 381 269 407 καὶ
284 380 424 415 παρευοὺς
435 380 465 407 τὸ
485 380 603 415 λαληθὲν
628 381 788 416 ἐπληροῦτο.
809 382 879 408 Ἀλλ’
892 381 938 408 οὐ·

157 426 252 452 δέποτε
270 424 401 459 ἐκίνησαν
423 426 487 457 τοὺς
514 426 720 460 τεσσαράκοντα
745 427 856 460 χρόνους
883 425 937 453 ἀπὸ

156 470 205 496 τοῦ
222 469 305 496 τόπου
321 470 413 497 αὐτῶν
427 470 491 499 ἄνευ
514 471 593 503 λόγου
608 471 654 497 τοῦ
671 471 749 498 Θεοῦ.
768 473 868 507 Μωσῆς
883 473 936 507 γὰρ

157 515 257 546 ὶλάλει.
273 515 320 542 καὶ
336 516 351 542 6
365 515 430 545 Θεδς
445 514 609 548 ἀπεκρίνετο
619 517 704 550 φωνῇ,
715 515 789 550 λέγει
802 517 817 551 ὴ
830 517 934 551 Γραφή.

157 559 235 588 Μετὰ
251 559 317 594 γοῦν
339 559 394 587 τῶν
423 559 530 586 πολλῶν
545 561 706 595 μαρτυριῶν
725 569 754 588 τε
770 563 816 588 καὶ
832 561 936 595 θαυμά-

155 614 211 633 των
226 605 341 638 ἐξέδωκε
355 605 402 632 τὸν
418 606 499 639 νόμον
514 606 570 637 τοῖς
589 606 736 637 Ἰουδαῖος,
753 607 799 633 καὶ
815 607 937 639 ἐδέξαντο

155 652 244 683 τοῦτο,
261 652 308 678 καὶ
325 651 544 688 προσεκύνησαν,
562 651 609 678 καὶ
628 652 782 686 παρέλαϐον
795 652 842 679 τὲιν
859 653 935 687 παρὰ

158 698 206 724 τοῦ
221 697 342 728 Μωσέως
369 697 480 725 δοθέντα
508 698 600 732 νόμον,
615 699 653 729 ὼς
679 697 726 724 τοῦ
742 697 809 724 Θεοῦ
838 698 932 731 νόμον.

156 740 258 770 ’ὶϋιοεν
285 743 299 769 ὁ
314 742 440 777 Χριστὸς,
467 743 514 768 καὶ
535 740 590 778 εἶχε
618 742 667 773 τὰς
683 742 835 777 μαρτυρίας
860 743 936 776 παρὰ

155 789 265 815 πάντων
288 789 342 814 τῶν
354 788 512 823 προφητῶν.
539 787 596 815 Καὶ
612 788 626 814 6
645 787 694 822 μὲν
710 788 830 821 Μωΰτῆς
856 787 934 814 Ελαὸε

153 833 203 870 τὴν
214 834 365 869 μαρτυρίαν
373 832 612 868 ὀγδοηκοντούτης,
621 832 754 859 τοσούτων
770 833 816 859 καὶ
828 833 881 867 γὰρ
889 833 934 859 εὖ·

155 880 267 914 ρίσκετο
279 879 359 912 ἑτῶν,
375 878 456 905 ὁπότε
485 878 641 914 προσετάτη
658 878 733 912 παρὰ
746 878 814 904 Θεοῦ
834 877 931 913 ἐξᾶραι

151 926 216 956 τοὺς
231 924 306 956 υιοὺς
325 924 433 959 Ἰσραὴλ
454 923 484 956 ἐξ
496 923 635 958 Λίγύπτου
653 931 660 940 ⁸
681 925 694 950 6
707 923 735 950 δὲ
749 923 866 958 Χριστὸς
876 921 933 957 εἶχε

152 971 203 1002 τὰς
220 970 375 1006 μαρτυρίας
403 969 457 997 ἀπὸ
485 969 639 1004 καταδολῆς
669 969 786 1003 κόσμου,
806 968 875 999 τέως
902 968 931 995 δὲ

152 1015 220 1050 πρὶν
245 1015 262 1050 ἢ
288 1014 452 1049 γεννηθῆναι
472 1013 552 1042 αὐτόν
566 1020 574 1029 ⁸
594 1013 647 1040 ὰπδ
661 1013 714 1048 γὰρ
733 1012 781 1038 τοῦ
805 1011 931 1046 ’Δὸραὰμ

151 1062 271 1096 ἤρξαντο
283 1060 481 1095 ἀναφαίνεσθαι
498 1060 526 1086 at
554 1058 602 1086 τοῦ
619 1058 739 1093 Χριστοῦ
768 1058 929 1094 μαρτυρίαι,

152 1105 245 1137 καθὼς
259 1106 288 1132 ὲν
302 1106 359 1136 τοῖς
382 1105 536 1142 ἔμπροσθεν
559 1104 758 1131 ἀποδέδεικται.
787 1104 932 1138 Γεννηθεὶς

150 1152 179 1178 δὲ
196 1151 276 1178 πάλιν
290 1150 468 1186 ἐμαρτυρήθη
501 1149 550 1184 τὴν
571 1150 645 1185 παρὰ
661 1150 706 1176 τοῦ
721 1149 789 1176 Θεοῦ
814 1151 861 1177 καὶ
877 1151 933 1177 Πα-

150 1198 213 1233 apo;
227 1196 381 1232 μαρτυρίαν
407 1196 483 1232 μίαν,
498 1197 544 1223 καὶ
554 1196 606 1228 δίς.
623 1196 751 1230 Ἐποίησε
763 1196 790 1222 δὲ
807 1197 854 1223 καὶ
866 1196 930 1223 θαύ-

151 1248 224 1276 ματα
250 1242 281 1269 οὐ
308 1241 379 1269 κατὰ
402 1241 448 1268 τὸν
480 1241 599 1269 Μωῦσέα
621 1241 649 1268 ἐν
673 1241 801 1276 Αίγύπτῳ
827 1241 873 1267 καὶ
896 1243 928 1276 τῇ

149 1289 257 1323 ἇρήμῳ,
271 1287 337 1314 ἀλλὰ
355 1286 470 1321 μεγάλα,
486 1287 533 1314 καὶ
552 1286 623 1322 ὑπὲρ
649 1285 741 1319 φύσιν,
758 1287 805 1312 καὶ
833 1285 927 1312 τοσοῦ-

147 1341 194 1359 τον
210 1332 322 1359 ἐκείνων
335 1331 458 1367 μείζονα,
481 1330 543 1357 ὅσον
569 1330 693 1365 διαφέρει
709 1330 842 1364 δεσπότης
868 1329 928 1357 δού-

953 861 973 889 Β

988 254 1069 280 quatn
1086 254 1135 281 per
1159 247 1338 281 quadraginta
1357 246 1409 274 hos
1425 254 1512 274 annos
1530 247 1619 274 locum
1644 252 1766 275 mutave-

988 295 1052 317 runt
1074 291 1142 318 citra
1158 291 1205 318 Dei
1221 292 1374 319 oraculum.
1397 291 1484 319 Moses
1501 292 1574 318 enim
1592 292 1765 326 loquebatur,

987 340 1012 362 et
1026 335 1097 364 Deus
1120 343 1187 362 voce
1203 343 1252 364 sua
1265 336 1417 371 respondit,
1432 340 1469 363 ut.
1479 335 1620 370 Scriptura
1638 340 1765 364 testatur.

988 379 1077 408 Multis
1107 379 1191 414 igitur
1216 380 1380 407 testimoniis
1400 384 1429 408 et
1452 380 1591 408 miraculis
1607 381 1765 412 instructus,

987 423 1073 458 legem
1102 423 1223 452 Hebraeis
1246 425 1318 458 tulit,
1335 431 1362 453 et
1378 425 1464 459 legem
1481 425 1515 453 ab
1534 425 1586 452 hoc
1610 425 1703 457 latam,
1717 433 1766 453 ceu

987 459 1106 495 divinam
1149 473 1313 503 receperunt
1344 474 1372 497 et
1399 469 1521 497 venerati
1552 474 1626 497 sunt.
1652 470 1768 498 Secutus

988 513 1061 541 hunc
1077 517 1119 542 est
1133 513 1269 546 Christus.
1288 515 1410 543 omnium
1430 515 1623 550 prophetarum
1637 515 1768 550 probatus

987 560 1160 587 testimoniis.
1180 560 1213 588 Et
1237 560 1326 588 Moses
1337 560 1447 595 quidem
1465 560 1659 599 testimonium
1667 563 1768 596 recepit

984 604 1042 640 jam
1055 605 1247 639 octogenarius
1263 609 1314 638 (tot
1328 606 1400 633 enim
1412 606 1468 641 jam
1486 613 1573 633 annos
1592 611 1671 634 natus
1687 611 1745 634 erat
1757 625 1766 636 .

986 657 1048 677 cum
1062 657 1076 676 ιι
1092 650 1148 678 Deo
1160 655 1190 677 ut
1202 651 1328 683 lsraelem
1344 651 1459 687 [Egypto
1472 652 1613 684 educeret,
1628 652 1768 679 ordinare-

987 695 1058 730 tur),
1075 695 1201 724 Christus
1216 701 1306 722 autent
1335 696 1499 723 testimoniis
1516 696 1646 730 probatus
1658 696 1709 723 fuit
1731 697 1767 723 ab

986 740 1044 775 ipsa
1067 741 1160 769 mundi
1175 741 1347 773 fundatione,
1363 746 1391 768 et
1412 742 1567 776 priusquam
1582 742 1628 769 ille
1643 749 1768 769 nascere-

986 789 1042 814 tur.
1071 785 1168 813 Statim
1196 786 1269 815 enim
1292 786 1410 815 Abrahae
1439 787 1607 822 temporibus
1634 787 1764 815 declarari

987 835 1131 866 cmperunt
1145 832 1219 860 illius
1236 832 1391 860 testimonia
1404 853 1411 865 ,
1430 832 1657 868 quemadmodum
1678 834 1704 860 in
1721 840 1766 860 su-

987 877 1143 912 perioribus
1158 876 1374 905 demonstratum
1383 881 1436 906 est.
1452 877 1511 906 Jam
1531 884 1595 905 vero
1616 882 1706 910 natus,
1720 884 1764 904 sc-

986 921 1040 950 mel
1062 925 1144 957 atque
1166 922 1265 949 iterum
1282 921 1329 949 Dei
1345 922 1434 950 Patris
1447 921 1632 949 testiinonium
1650 921 1763 955 accepit.

983 966 1119 995 Praeterea
1131 967 1261 994 miracula
1275 974 1384 1002 quoque
1397 966 1493 999 edidit,
1509 974 1563 994 non
1579 967 1662 993 veluti
1677 966 1765 993 Moses

981 1013 1010 1041 in
1023 1012 1138 1048 Egyptp
1151 1018 1179 1040 et
1191 1013 1311 1046 deserto,
1321 1012 1367 1041 sed
1381 1013 1510 1047 ingentia,
1524 1017 1551 1039 et
1565 1020 1672 1039 omnem
1684 1019 1765 1045 supe-

982 1059 1071 1086 rantia
1085 1045 1219 1090 naiuram.
1231 1063 1360 1093 tantoque
1370 1058 1424 1086 illis
1435 1058 1547 1093 majora,
1559 1061 1660 1092 quanto
1676 1056 1764 1083 domi-

981 1112 1034 1133 nus
1050 1112 1130 1133 servo
1145 1108 1186 1133 est
1203 1104 1388 1139 praestantior.
1403 1104 1437 1132 Et
1451 1107 1512 1138 post
1526 1103 1611 1130 multa
1624 1103 1673 1130 ista
1689 1102 1764 1130 testi-

983 1150 1073 1177 monia
1088 1170 1095 1181 ,
1110 1154 1171 1185 post
1186 1149 1291 1177 inﬁnita
1318 1154 1346 1176 et
1362 1149 1421 1184 plus
1435 1157 1516 1184 quam
1532 1148 1664 1176 naturalia
1682 1148 1764 1175 mita-

981 1195 1201 1230 cula,Evangelii
1216 1195 1258 1223 lex
1272 1195 1439 1230 promulgata
1454 1200 1507 1223 est.
1518 1195 1667 1222 Coluerunt
1679 1193 1761 1221 etiam

982 1246 1008 1268 et
1026 1241 1157 1276 amplexa:
1173 1245 1237 1268 sunt
1251 1241 1322 1269 hanc
1350 1248 1445 1269 omnes
1459 1245 1554 1276 gentes
1574 1245 1602 1268 et
1617 1240 1762 1268 universus

982 1286 1068 1317 orbis,
1082 1291 1164 1321 atque
1177 1287 1205 1316 in
1225 1286 1363 1315 Christum
1376 1286 1564 1320 crediderunt,
1578 1286 1624 1320 qui
1640 1285 1761 1320 Evange-

981 1331 1048 1358 lium
1062 1331 1186 1360 dederat.

149 1380 208 1405 λου.
222 1378 276 1405 Καὶ
293 1378 363 1413 μετὰ
382 1378 432 1410 τὰς
467 1377 568 1409 πολλὰς
591 1376 700 1408 ὲκείνας
721 1376 885 1411 μαρτυρίας,
919 1375 967 1403 καὶ
986 1377 1018 1403 τὰ
1032 1376 1133 1412 ἄπειρα
1148 1378 1194 1404 καὶ
1205 1377 1279 1413 ὑπὲρ,
1293 1377 1373 1412 φύσιν
1398 1377 1525 1413 θαύματα
1539 1377 1633 1404 ἔκτοτε
1653 1375 1761 1411 ὲξεόὄοη

147 1425 224 1453 ὀτοῦ
254 1425 418 1460 Εὑαγγελίου
447 1425 538 1460 νόμος,
566 1425 614 1452 καὶ
641 1424 849 1460 προσεκύνησαν
882 1424 928 1451 καὶ
946 1424 1105 1460 ἠσπάσαντο
1133 1424 1214 1454 αὑτὸν
1228 1426 1363 1453 πάντατὰ
1377 1425 1453 1460 ἔθνη,
1466 1427 1541 1452 πᾶσα
1569 1426 1586 1461 ή
1603 1425 1760 1459 οἰκουμένη,

147 1472 195 1500 καὶ
208 1471 370 1499 ιπίστευσαν
381 1472 421 1504 είς
433 1472 479 1500 τὸν
494 1471 620 1506 Χριστὸν,
636 1471 682 1498 τὴν
698 1471 777 1498 δόντα
792 1471 822 1497 τὸ
842 1470 1017 1504 Εὐαγγέλιον.
1460 1495 1465 1501 .
1755 1495 1759 1499 .

182 1520 215 1547 δ’.
235 1518 264 1546 ὐ
283 1518 312 1546 δὲ
331 1518 451 1554 Μωάμεί)
468 1519 560 1546 οὐτοσὶ
576 1519 658 1546 πόθεν
678 1518 769 1545 λαϐὼν
788 1517 837 1548 τὰς
859 1526 926 1553 μαρ-

1011 1518 1038 1546 4.
1058 1518 1195 1547 Mahomet
1209 1523 1298 1546 autem
1314 1518 1414 1552 quibus
1431 1517 1593 1545 testimoniis
1607 1518 1762 1546 instructus

146 1565 253 1599 τυρίας,
268 1565 369 1598 ἐδίδαξε
381 1565 414 1592 τὰ
423 1565 545 1600 δόγματα
554 1564 624 1600 ᾶπερ
633 1564 748 1598 ὲδίδαξε,
757 1564 804 1591 καὶ
812 1563 928 1596 ὲξέδωκε

146 1611 192 1638 τδν
204 1612 285 1646 νόμον
299 1612 355 1643 τοῖς
368 1611 605 1645 Μουσουλμάνοις;
623 1611 735 1642 Πάντως
756 1611 805 1637 οὐκ
818 1610 929 1637 ἄλλοθεν

145 1657 162 1693 ἤ
176 1658 257 1690 αὒτὶς
271 1658 317 1691 ἀφ’
329 1657 426 1684 ἑαυτοῦ
441 1657 515 1684 ἐστιν
527 1658 539 1682 ὁ
550 1657 696 1692 μαρτυρῶν
704 1656 771 1691 περὶ
778 1656 870 1682 αὐτοῦ.
880 1656 928 1687 Εἰς

145 1704 200 1738 γὰρ
208 1703 297 1729 πᾶσαν
305 1702 352 1738 τὴν
360 1702 435 1729 θείαν
447 1701 557 1737 Γραφὴν
571 1702 619 1728 οὐκ
635 1703 815 1736 ἀναφαίνεται
825 1702 842 1736 ἡ
863 1702 928 1736 περὶ

147 1749 231 1777 αὑτοῦ
248 1749 396 1783 μαρτυρία,
419 1748 486 1774 ἀλλὰ
501 1747 666 1774 τούναντίον.
691 1747 721 1774 '0
740 1748 794 1782 γὰρ
805 1747 926 1781 Μωΰσῆς

144 1795 230 1826 οὓτως
237 1803 247 1821 ε
253 1794 332 1830 ῐρηκε
343 1803 375 1821 πε
379 1794 405 1830 pl
413 1794 460 1820 τοῦ
470 1794 490 1820 Χ
496 1793 586 1828 ριστοῦ
599 1794 666 1829 πρὸς
675 1793 720 1820 τὸν
727 1793 780 1820 τῶν
795 1793 925 1828 Ἐὃραίων

144 1839 220 1871 λαδν,
228 1839 269 1866 ὃτι
283 1848 292 1864 ι
304 1839 463 1873 ’Δναστήσει
472 1838 665 1873 ΚύριοςόΘεὸς
677 1838 821 1874 προφήτην
832 1839 862 1865 ὲκ
870 1839 925 1865 τῶν

144 1883 267 1918 ἀδελφῶν
278 1883 357 1917 ἡμῶν
367 1882 403 1914 ὡς
412 1883 473 1917 ἐμέ.
484 1883 562 1909 Πᾶσα
572 1882 645 1918 ψυχὴ
651 1882 711 1918 ἥτις
721 1883 771 1909 οὐκ
779 1882 924 1909 ἀκούσεται

144 1927 192 1955 τοῦ
222 1929 364 1964 προφήτου
398 1928 515 1961 ἐκείνου,
545 1927 816 1963 ὲξολοθρευθήσεται.
836 1937 845 1954 ι
865 1927 924 1955 Κᾶν

144 1972 210 2007 γοῦν
235 1973 284 2000 καὶ
313 1973 342 2000 ὲν
356 1973 411 2004 τοῖς
440 1972 600 2008 ἔμπροσθεν’
610 1972 675 2008 περὶ
687 1973 784 2001 τούτου
798 1973 922 2008 εἴπομεν,

142 2018 262 2045 ἀλλὀὐκ
273 2019 428 2054 ὀκνήσομεν
453 2017 535 2045 πάλιν
559 2019 648 2045 εἰπεῖν
664 2017 728 2052 περὶ
753 2018 854 2045 αὐτῶν.
878 2019 922 2046 Ἐν

142 2065 197 2098 γὰρ
209 2064 246 2098 τῷ
261 2065 347 2091 εἰπεῖν
373 2064 418 2092 τὸν
447 2064 591 2100 προφήτην
609 2063 741 2097 Μωῡσέα,
756 2064 798 2090 ὅτι
816 2073 825 2090 ι
848 2064 920 2099 Προο

143 2111 231 2145 φήτην
245 2110 394 2145 ἀναστήσει
412 2109 516 2144 Κύριος
544 2110 558 2136 6
582 2109 649 2141 Θεὸς
664 2109 696 2135 ἐκ
721 2109 776 2136 τῶν
800 2109 921 2144 ἀδελφῶν

141 2154 230 2192 ήςιιῶν,
249 2163 258 2180 ι
277 2155 376 2188 ἔδειξεν
387 2155 427 2181 ὅτι
443 2155 538 2181 ἐκτῶν
557 2153 694 2182 Ἰουδαίων
709 2154 807 2181 ὲστὶνὸ
816 2155 920 2189 μέλλων

979 1562 1106 1598 dogmata
1137 1571 1185 1592 sua
1208 1563 1293 1594 dedit.
1314 1567 1342 1590 et
1361 1562 1540 1590 Musulmanis
1568 1562 1654 1597 legem
1683 1569 1761 1589 suam

978 1608 1180 1643 promulgavit?
1197 1608 1305 1635 Nullius
1330 1611 1405 1635 certe
1437 1607 1552 1634 alterius
1586 1606 1759 1638 auctoritate,

978 1653 1024 1681 sed
1042 1661 1089 1681 sua
1105 1654 1216 1689 propria
1234 1654 1304 1680 hanc
1320 1653 1428 1680 statuit.
1448 1653 1482 1680 Et
1501 1652 1546 1679 hic
1564 1652 1621 1687 ipse
1636 1657 1688 1684 est,
1711 1652 1760 1686 qui

977 1698 1012 1727 de
1030 1707 1060 1726 se
1088 1699 1275 1726 testimonium
1301 1697 1364 1725 fert.
1391 1698 1420 1725 ln
1435 1698 1561 1725 universa
1586 1697 1660 1724 enim
1681 1704 1762 1726 sacra

977 1744 1120 1779 Scriptura
1143 1744 1247 1775 nullum
1271 1743 1304 1771 de
1322 1743 1369 1771 illo
1392 1747 1481 1770 exstat
1496 1742 1694 1775 testimonium,
1711 1742 1759 1769 sed

975 1796 1037 1823 quae
1051 1789 1089 1816 illi
1104 1788 1242 1816 contraria
1259 1788 1324 1815 sint.
1342 1787 1430 1815 Moses
1448 1787 1521 1815 enim
1545 1787 1580 1815 de
1600 1786 1709 1814 Christo
1725 1787 1760 1814 ad

976 1833 1153 1860 Hebraeorum
1169 1833 1300 1868 populum
1316 1832 1356 1870 sic
1368 1833 1457 1860 dixit:
1475 1842 1485 1858 ι
1501 1831 1650 1860 Suscitabit
1665 1831 1757 1859 Domi-

974 1887 1027 1907 nus
1045 1879 1116 1907 Deus
1140 1879 1300 1914 prophetam
1316 1887 1349 1907 ex
1371 1878 1501 1906 fratribus
1514 1878 1616 1905 nostris
1629 1882 1758 1912 tanquam

974 1931 1030 1952 me.
1051 1923 1147 1952 Omnis
1171 1924 1262 1951 anima
1278 1932 1339 1961 qua:
1357 1932 1410 1951 non
1434 1923 1571 1951 audiverit
1595 1923 1759 1958 prophetam

974 1969 1060 2004 illum,
1077 1970 1286 2004 exstirpabitur.
1306 1978 1316 1996 ι
1337 1969 1370 1996 Et
1386 1969 1450 1996 licet
1469 1969 1497 1996 in
1517 1969 1707 2004 superioribus
1723 1968 1760 1996 do

973 2015 1016 2042 his
1030 2014 1192 2048 dixerimus,
1207 2022 1262 2042 non
1277 2019 1367 2042 tamen
1383 2014 1487 2050 pigebit
1500 2014 1533 2041 de
1551 2014 1648 2042 iisdem
1664 2013 1758 2041 denuo

971 2060 1074 2090 dicere.
1085 2061 1153 2088 Cum
1168 2061 1240 2088 enim
1257 2060 1346 2087 Moses
1361 2060 1492 2095 propheta
1507 2059 1590 2087 dicit:
1608 2069 1618 2085 ι
1634 2060 1758 2094 Prophe-

971 2111 1025 2134 tatn
1037 2105 1181 2134 suscitabit
1193 2106 1326 2133 Dominus
1338 2105 1409 2132 Deus
1421 2112 1454 2133 ex
1466 2104 1599 2132 fratribus
1613 2105 1726 2138 nostris,
1743 2115 1757 2131 ι

970 2151 1135 2186 signiﬁcavit
1150 2159 1182 2178 ex
1205 2150 1307 2178 Judwis
1331 2150 1404 2177 hunc
1423 2150 1583 2185 prophetam
1609 2151 1760 2178 oriundum

91 2229 97 2234 _
140 2188 227 2225 ὲλδεϊν
242 2198 395 2233 προφήτης.
411 2197 468 2225 Καὶ
482 2198 588 2226 ἐκείνου
612 2199 784 2231 ἀκούσονται,
799 2188 879 2226 ἄλλον
894 2199 922 2227 δὲ

978 2204 1043 2224 esse.
1070 2197 1105 2223 Et
1132 2197 1204 2223 hunc
1228 2196 1350 2227 audient,
1366 2195 1505 2229 aliumque
1520 2195 1675 2222 venientem
1700 2204 1759 2226 non

139 2244 262 2275 ἐλθόντος
276 2244 306 2270 οὐ
323 2243 520 2280 παραδέξονται
537 2244 629 2278 αὑτὸν,
656 2245 724 2273 ἀλλὰ
741 2245 788 2271 καὶ
813 2245 922 2280 μακράν

138 2298 190 2316 που
215 2289 354 2323 διώξουσιν
379 2288 461 2316 αὐτὸν
478 2289 507 2322 ἐξ
537 2290 637 2317 αὐτῶν.
667 2290 748 2324 Λέγει
772 2291 785 2317 ὁ
803 2290 921 2326 Χριστὸς

138 2337 203 2372 περὶ
223 2337 349 2364 Ἰωάννου
362 2335 408 2364 τοῦ
425 2336 486 2364 υίοῦ
500 2337 647 2372 Ζαχαρίου,
677 2337 826 2373 μαρτυρῶν
838 2337 920 2364 αὑτὸν

137 2383 289 2418 προφήτην,
305 2382 353 2409 καὶ
371 2382 501 2418 μέγιστον
522 2383 677 2418 προφήτην,
692 2382 741 2411 καὶ
766 2383 854 2417 λέγων
876 2383 919 2411 ὅτι

139 2437 148 2453 ι
166 2428 266 2459 Πάντες
277 2429 301 2454 οἱ
315 2427 458 2463 προφῆται
473 2427 525 2458 ἕως
545 2428 667 2455 Ἰωάννου
696 2428 915 2464 προεφήτευσαν,

135 2472 191 2498 ἀπὸ
211 2472 238 2498 δὲ
254 2472 300 2499 τοῦ
321 2472 444 2499 Ἰωάννου
459 2473 475 2506 ἡ
496 2472 618 2507 βασιλεία
633 2473 679 2499 τυῦ
692 2473 759 2500 Θεοῦ
774 2473 917 2509 εὖαγγελί-

135 2515 222 2546 ζεται.
236 2523 246 2541 ι
272 2515 353 2550 Ὁρᾷς
367 2515 440 2546 ὅπως
458 2516 471 2540 ὁ
489 2515 538 2550 μὲν
558 2516 678 2551 Μωῢσῆς
691 2517 860 2551 παρήγγειλε
877 2517 916 2552 τῷ

134 2561 207 2594 γένει
230 2560 284 2587 τῶν
311 2560 445 2595 Ἐὃραίων
460 2560 504 2587 ἵνα
531 2561 612 2596 μόνον
632 2562 677 2588 τδν
693 2563 725 2589 ἐκ
741 2562 789 2589 τοῦ
816 2563 911 2596 γένους

134 2606 189 2631 τῶν
210 2605 344 2641 Ἐϐραίων
354 2605 465 2634 ὲλοόντα
485 2607 629 2642 προφήτην
643 2606 782 2640 δέξωνται,
796 2608 874 2634 ἄλλον
885 2608 912 2635 δὲ

133 2650 275 2685 οὐδαμῶς
292 2650 373 2677 Ἀλλὰ
390 2651 438 2678 καὶ
451 2652 551 2684 πάντες
561 2652 586 2678 οί
599 2652 738 2687 προφῆται
764 2653 796 2679 ἑκ
807 2652 852 2680 τοῦ
867 2652 912 2686 γέ-

131 2703 196 2727 νους
218 2695 274 2722 τῶν
307 2696 441 2723 Ἰουδαίων
465 2696 544 2724 εἰσίν.
568 2697 597 2724 '0
625 2697 654 2725 δὶ
681 2697 799 2731 Χριστος
829 2698 911 2724 πάλιν

130 2739 323 2775 καθαρώτερον
337 2740 459 2775 εἴρηκεν,
472 2741 514 2768 ὅτι
527 2750 536 2767 ι
555 2741 658 2773 Πάντες
671 2741 697 2768 οί
711 2742 848 2776 προφῆται
859 2742 911 2774 ἕως

138 2784 271 2818 Ἰωάννου,
296 2784 344 2811 καὶ
371 2785 454 2812 πλέον
480 2786 549 2821 οὐχί,
570 2795 578 2813 ι
598 2786 646 2813 Διά
674 2795 714 2813 τοι
729 2786 806 2814 τοῦτο
827 2789 841 2814 ὁ
873 2789 910 2822 μή

167 2850 190 2866 σε
208 2850 302 2880 Matth.
319 2852 415 2886 x512,
433 2852 474 2880 ts.

972 2242 1116 2277 recipient,
1132 2242 1197 2276 quin
1213 2241 1309 2276 proeul
1327 2240 1361 2268 ab
1380 2241 1446 2274 ipsis
1463 2241 1657 2268 exsibilabunt.
1674 2241 1756 2270 Citri-

971 2293 1030 2316 stus
1041 2287 1172 2316 Joannem
1188 2287 1327 2315 Zacharim
1343 2286 1427 2313 tilium
1445 2286 1653 2322 pr0pltetam,et
1668 2287 1756 2314 maxi—

971 2342 1045 2362 mum
1070 2333 1232 2369 prophetam
1269 2331 1492 2363 testiﬁcaturus,‘
1509 2331 1598 2359 dicit:
1625 2340 1634 2357 ι
1655 2331 1757 2359 Omnes

970 2379 1109 2414 prophetae
1131 2385 1217 2413 usque
1241 2377 1274 2404 ad
1295 2378 1427 2406 Joannem
1454 2377 1709 2411 prophetaverunt,
1737 2385 1755 2405 ει

968 2425 1073 2452 Joanne
1103 2431 1169 2451 vero
1186 2431 1299 2458 regnum
1323 2422 1371 2450 Dei
1395 2422 1617 2451 annuntiatur".
1630 2432 1640 2448 ›
1658 2422 1757 2451 Jamne

971 2469 1112 2505 intelligis,
1129 2468 1268 2504 quomodo
1289 2468 1377 2496 Moses
1399 2468 1554 2496 Judtrorum
1570 2469 1671 2505 populo
1685 2477 1754 2504 prac-

969 2515 1048 2550 eipit,
1073 2519 1103 2541 ut
1117 2514 1227 2542 unicum
1243 2514 1431 2541 tantutntnodo
1446 2513 1622 2540 Hebrworum
1646 2513 1757 2540 semine

968 2564 1061 2588 natum
1089 2559 1252 2595 prophetam
1275 2559 1424 2594 recipiant,
1444 2559 1527 2586 alium
1557 2566 1622 2586 vero
1648 2567 1752 2595 nequa.-

966 2613 1046 2641 quam
1061 2605 1073 2632 ?
1086 2605 1281 2633 Verumtamen
1299 2611 1395 2631 omnes
1411 2604 1550 2640 propheta:
1563 2612 1578 2632 e
1593 2604 1755 2633 Judaeum-um

966 2649 1068 2686 popqu
1084 2651 1141 2678 nati
1158 2655 1232 2678 sunt.
1247 2650 1376 2678 Christus
1398 2655 1489 2678 autem
1512 2658 1609 2678 rursus
1626 2651 1678 2678 hoc
1692 2651 1751 2686 pla—

965 2697 1026 2725 nius
1041 2696 1177 2731 exposuit,
1189 2695 1304 2723 «Omnes
1312 2695 1452 2730 propheta:
1462 2703 1547 2730 usque
1558 2695 1592 2722 ad
1605 2694 1752 2727 Joannem.

968 2747 998 2771 et
1013 2742 1130 2770 ulterius
1143 2750 1198 2770 non
1212 2746 1317 2769 erunt.»
1334 2741 1505 2776 Quapropter
1517 2741 1563 2777 qui
1576 2741 1623 2768 Dei
1641 2745 1669 2768 et
1682 2749 1749 2775 pro-

965 2789 1110 2824 phetarum
1139 2788 1295 2816 testimonio
1322 2787 1443 2814 caruerit
1491 2791 1518 2813 et
1550 2785 1637 2813 iusius
1663 2793 1749 2815 sacris
