1946 3081
195 127 248 159 5ῗ3

786 131 949 162 ΙΟᾹΝΝΙΞ
966 132 1231 165 CANTACUZENI

1749 138 1795 170 544

192 187 353 220 scripturae,
380 193 395 213 a
417 186 473 214 Deo
493 193 547 214 non
571 191 623 214 est.
650 187 788 216 Mahomet
810 189 893 224 igitur
913 198 973 218 cum

1028 190 1096 226 ἔχων
1113 192 1266 228 μαρτυρίαν
1281 194 1355 228 παρὰ
1373 193 1439 221 Θεοῦ
1453 194 1500 221 καὶ
1516 193 1571 222 τῶν
1591 195 1741 230 προφητῶν,
1755 198 1798 224 καὶ

193 243 251 262 non
271 234 372 262 habeat
394 241 478 261 sacrae
504 233 651 268 Scriptura:
666 235 865 267 testimonium,
884 243 898 262 a
925 236 981 263 Deo

194 287 250 307 non
271 283 314 306 est
339 279 449 306 missus.
470 278 597 306 Christus
621 286 686 306 vero
712 287 766 307 non
800 285 905 308 tantum
930 281 982 309 hoc

193 325 284 352 dixit:
305 334 314 350 (
334 324 436 352 Omnes
462 324 605 359 propheta:
627 332 714 358 usque
738 324 772 351 ad
797 325 940 357 Joannem,
954 332 982 354 et

193 370 312 397 ulterius
328 377 382 397 non
400 374 493 402 erunt,
509 379 519 395 ι
537 369 586 397 sed
606 374 632 397 et
649 369 756 404 signum
776 369 851 397 dedit
868 370 920 397 hoc
935 378 982 398 co-

193 415 340 450 gnoscendi
355 415 493 447 omnibus,
508 414 620 442 dicens:
639 424 648 440 ‹
663 414 764 441 Cavete
781 422 796 441 a
814 415 982 450 pseudopro-

193 461 295 495 phetis,
318 461 364 496 qui
380 461 494 488 veniunt
517 460 551 488 ad
577 468 626 489 vos
649 461 748 487 vestitu
775 461 878 494 ovium,
907 461 981 489 intus

192 515 259 534 vero
280 511 345 534 sunt
367 506 425 541 lupi
450 514 573 541 rapaces.
598 509 622 534 Α
643 507 776 534 fructibus
794 507 915 541 ipsorum
931 515 979 535 co-

191 553 330 587 gnoscetis
350 553 412 580 illos
424 553 457 579 “.
485 561 494 578 ι
517 551 702 588 Inspiciamus
725 552 808 587 igitur
830 553 892 588 quis
911 552 980 588 legis

190 598 380 626 Mahmneticae
395 598 501 625 l'ructus
514 599 562 629 sit,
575 602 601 625 et
614 598 666 625 hoc
680 598 826 632 diligenter
836 598 979 626 enucleate

191 644 311 672 elucebit
326 644 438 672 veritas.
454 644 589 671 Mahomet
606 643 673 671 dicit
706 652 713 670 :
740 644 799 671 Non
814 644 875 671 veni
891 644 978 679 legem

190 689 300 717 laturus
321 697 370 724 per
385 689 533 721 miracula,
550 689 599 716 sed
619 697 681 716 eum
705 697 770 717 ense
786 695 814 718 et
830 689 929 725 gladio.
945 689 979 717 Et

190 735 237 769 qui
262 739 363 762 nostra:
388 735 452 770 legi,
470 743 531 770 quae
554 735 647 762 divina
669 739 722 768 est,
748 743 804 762 non
823 735 975 770 paruerint,

191 785 280 808 morte
296 780 461 813 moriantur,
485 784 532 807 aut
547 780 649 807 tributa
671 780 797 811 solvant;
817 785 844 807 et
857 780 903 815 qui
931 780 979 807 tria

189 826 287 854 bulum
320 827 442 858 solvunt,
463 826 491 854 in
510 826 563 853 ﬁde
591 834 640 854 sua
660 826 770 861 propria
787 830 974 861 permaneant.

188 871 267 905 Quod
283 873 305 899 si
322 870 499 907 Evangelium
517 880 574 899 non
592 873 696 908 justum
721 876 790 904 erat,
810 877 933 899 sanctum
949 877 976 900 et

190 921 307 950 rectum,
323 918 422 945 merito
440 925 506 945 sane
521 922 547 945 et
565 917 696 945 decenter
716 923 850 946 venturus
865 923 924 945 erat
940 918 978 945 le-

190 962 316 996 gislalor,
331 963 378 997 qui
400 963 526 990 homines
543 963 686 990 veritatem
704 967 730 989 et
745 963 880 998 justitiam
897 963 978 991 doce-

189 1012 239 1035 ri-t.
256 1007 284 1035 Si
303 1016 368 1036 vero
378 1009 484 1043 justum
514 1013 574 1036 erat
589 1013 616 1036 et
632 1013 768 1041 sanctum,
787 1009 977 1043 imperfectum

189 1060 291 1087 tamen,
319 1054 401 1081 etiam
422 1054 575 1090 sicjustum
589 1055 745 1088 decensque
761 1059 832 1086 erat.
851 1059 880 1081 ut
894 1054 978 1088 legis-

186 1100 258 1127 lalor
273 1100 371 1135 aliquis
382 1101 497 1128 veniens
513 1099 653 1135 Evangelii
667 1099 805 1127 delectum
816 1099 976 1133 compleret.

186 1146 255 1173 Cum
280 1151 372 1173 autem
400 1151 428 1173 et
449 1149 575 1173 sanctum
593 1150 621 1173 et
642 1146 746 1181 justum
772 1149 799 1172 et
824 1145 976 1179 perfectum

188 1196 349 1226 rectumque
364 1191 472 1218 dicatur
485 1197 513 1218 et
526 1191 572 1223 sit,
589 1191 718 1225 idemque
733 1191 768 1218 de
781 1191 832 1218 hoc
845 1190 977 1218 conﬁtea-

186 1240 232 1263 tur
257 1237 403 1269 Mahomet,
425 1244 486 1264 cum
503 1237 571 1264 dicit
592 1245 598 1262 ε
631 1237 808 1272 Evangelium
825 1244 839 1263 a
861 1237 916 1264 Deo
929 1236 978 1263 da-

186 1286 244 1308 tmn
265 1287 308 1309 est
332 1287 359 1309 et
378 1287 504 1309 sanctum
529 1287 556 1310 et
575 1283 685 1318 plenum
702 1289 731 1310 et
755 1286 871 1315 rectum,
896 1281 977 1316 quid-

187 1335 250 1354 nam
275 1327 329 1354 alio
351 1327 510 1362 legislature
542 1328 719 1361 indigemus?
743 1328 818 1355 Nihil
838 1335 974 1363 ,prorsus.

186 1373 272 1400 Porro
295 1373 452 1408 importuna
475 1378 516 1401 est
531 1378 558 1401 et
581 1374 685 1400 inutilis
704 1373 893 1401 Mahometicae
907 1373 976 1408 legis

185 1419 379 1454 promulgatio.
401 1419 480 1453 Quod
506 1420 579 1446 enim
600 1427 649 1454 per
671 1420 762 1447 omnia
790 1424 897 1447 rectum
919 1423 973 1452 est,

185 1464 254 1491 nihil
280 1464 362 1492 habet
380 1472 410 1492 se
433 1465 553 1498 rectius,
572 1469 599 1492 et
617 1465 738 1500 perfecto
759 1465 829 1493 nihil
850 1469 891 1493 est
911 1472 972 1501 per-

183 1511 293 1544 fectius,
308 1519 358 1538 nec
377 1511 436 1546 ipso
453 1518 518 1537 vero
532 1511 681 1545 quidquam
695 1511 799 1539 verius.

1032 237 1117 270 αὐτῆς
1131 238 1180 272 τῆς
1194 238 1270 269 θείας
1287 239 1410 274 Γραφῆς,
1434 240 1485 266 οὐκ
1514 240 1572 267 ἐστι
1589 241 1664 276 παρὰ
1677 241 1751 270 Θεοῦ.
1771 242 1798 268 '0

1031 283 1154 317 Μωάμεο
1166 283 1221 319 ἄρα
1237 285 1272 319 μὴ
1289 284 1357 319 ἔχων
1374 285 1424 319 τὴν
1441 285 1495 312 ἀπὸ
1521 286 1571 321 τῆς
1597 286 1671 317 θείας
1697 287 1800 322 Γραφῆς

1033 330 1198 364 μαρτυρίαν,
1216 330 1265 356 οὐκ
1279 329 1351 357 ἐστιν
1368 330 1574 366 ἀπεσταλμένος
1586 332 1661 366 παρὰ
1677 332 1751 360 Θεοῦ.
1766 335 1800 360 03

1033 374 1115 408 μόνον
1142 374 1170 401 δέ
1186 374 1266 402 τοῦτο
1279 376 1391 411 εἴρηκεν
1404 377 1417 403 ὀ
1435 377 1564 411 Χριστὸς,
1584 377 1624 409 ea.
1639 386 1649 403 ι
1667 378 1764 410 Πάντες
1778 379 1801 406 οἱ

1032 420 1170 454 προφῆται
1193 420 1246 451 ἕως
1264 421 1398 452 Ἰωάννου.
1416 423 1464 448 καὶ
1486 423 1643 458 περαιτέρω
1658 423 1706 450 οὐκ
1733 423 1802 450 ἔσον-

1030 472 1085 496 ται,
1104 473 1113 489 ι
1131 464 1199 490 ἀλλά
1217 464 1265 491 καὶ
1295 465 1336 492 ἔτι
1358 467 1471 501 σημεῖον
1500 467 1690 501 γνωρίσματος
1710 467 1802 494 δέδωκε
1840 496 1843 499 ,

1030 510 1088 540 τοῖς
1115 510 1208 543 πᾶσιν,
1235 510 1322 542 οὕτως
1355 512 1451 544 εἰπὼν,
1469 521 1478 538 ι
1499 512 1652 547 Προσέχετε
1679 513 1730 539 ἀπὸ
1753 514 1803 540 τῶν

1029 553 1271 590 ψευδοπροφητῶν,
1288 555 1387 587 οἵτινες
1403 556 1529 591 ἔρχονται
1545 557 1613 592 πρὸς
1629 557 1699 593 ὑμᾶς
1714 558 1742 583 ἐν
1762 558 1803 584 ἐν·

1030 598 1129 634 δύμασι
1142 599 1303 633 προϐάτων,
1321 600 1422 627 ἔσωθεν
1447 602 1475 628 δέ
1507 602 1560 628 εισι
1575 601 1651 629 λύκοι
1676 603 1803 637 ἅρπαγες.

1036 644 1102 670 Ἀπὸ
1121 645 1174 671 τῶν
1203 646 1318 680 καρπῶν
1336 646 1426 673 αὐτῶν
1453 647 1639 681 ἐπιγνώσεσθε
1670 648 1774 684 αὐτούς.
1792 657 1801 673 ι

1029 689 1197 725 Σκεψώμεθα
1209 691 1300 718 τοίνυν
1313 692 1354 723 τίς
1373 693 1448 719 ἐστιν
1463 692 1477 719 ὁ
1497 693 1603 728 καρπδς
1618 693 1664 720 τοῦ
1680 693 1752 725 παρὰ
1762 693 1804 719 τοῦ

1029 734 1150 770 Μωᾶμεθ
1169 735 1291 767 δοθέντος
1304 736 1387 771 νόμου
1400 745 1406 753 ι
1425 738 1472 764 καὶ
1487 738 1583 764 τούτου
1610 738 1730 773 ἀκριϐῶς
1750 737 1806 770 ἐξε-

1029 779 1185 813 τασθὲντος,
1203 782 1453 818 φανερωθήσεταιή
1470 783 1594 817 ἀλήθεια.
1609 783 1690 817 Λέγει
1718 783 1732 810 ὁ
1746 784 1807 810 Μω-

1029 825 1110 859 άμεθ,
1135 825 1205 859 Ἐγὼ
1224 826 1273 852 οὐκ
1301 824 1385 862 ἦλθον
1414 827 1459 855 διὰ
1476 828 1625 863 θαυμάτων
1647 829 1737 855 δοῦναι
1763 829 1806 855 τὸν

1030 871 1122 905 νόμον,
1140 871 1208 898 ἀλλὰ
1224 872 1269 899 διὰ
1281 873 1387 908 σπάθης
1403 875 1448 900 καὶ
1464 874 1568 909 ξίφους.
1584 876 1638 902 Καὶ
1652 876 1677 901 οἱ
1695 875 1731 910 μὴ
1745 875 1807 901 ὕπο-

1029 916 1166 950 κύψαντες
1194 917 1232 952 τῷ
1245 918 1376 953 ἡμετέρῳ
1399 921 1485 954 νόμῳ,
1509 920 1538 951 ὃς
1563 922 1621 946 ἐστι
1640 921 1715 956 παρὰ
1731 921 1806 953 Θεοῦ,

1029 962 1135 997 θανάτῳ
1149 962 1369 997 άποθανέτωσαν,
1385 965 1400 999 ἢ
1414 965 1514 1000 φῦρους
1526 965 1670 992 διδότωσαν
1684 973 1692 981 ·
1710 967 1755 992 καὶ
1770 967 1808 992 δι-

1028 1008 1148 1043 δομένων
1158 1010 1212 1035 τῶν
1229 1010 1329 1045 φόρων,
1341 1012 1495 1044 μενέτωσαν
1513 1012 1542 1038 ἐν
1555 1013 1587 1047 τῇ
1605 1013 1694 1039 πίστει
1711 1011 1807 1040 αὐτῶν.

1028 1055 1083 1081 Καὶ
1096 1055 1120 1080 εί
1141 1056 1190 1089 μὲν
1201 1055 1250 1082 οὐκ
1266 1053 1300 1090 ἦν
1312 1057 1342 1082 τὸ
1356 1057 1521 1090 Εὑαγγέλιον
1532 1057 1646 1090 δίκαιον,
1658 1057 1705 1084 καὶ
1723 1057 1807 1091 ἅγιον,

1028 1101 1075 1127 καὶ
1101 1101 1199 1135 ὀρθὸν,
1220 1101 1332 1134 δικαίως
1353 1103 1400 1128 καὶ
1422 1103 1578 1138 πρεπόντως
1607 1103 1810 1138 ἔμελλενὲλοεῖν

1028 1147 1186 1180 νομοθέτης,
1196 1147 1224 1179 ὃς
1233 1148 1333 1180 διδάξει
1343 1149 1391 1184 τὴν
1400 1149 1530 1184 ἀλήθειαν
1539 1150 1594 1180 τοῖς
1605 1149 1757 1184 ἀνθρώποις
1765 1150 1810 1175 xxi.

1027 1192 1217 1226 δικαιοσύνην·
1238 1193 1262 1218 εί
1280 1193 1308 1219 δὲ
1326 1193 1430 1220 δίκαιον
1450 1195 1496 1220 καὶ
1517 1194 1594 1228 ἅγιον
1615 1192 1762 1229 ἦν,ἀτελέ;
1784 1194 1810 1220 δὲ

1027 1238 1112 1272 ὅμως,
1122 1239 1170 1265 καὶ
1179 1237 1251 1265 οὕτω
1263 1238 1343 1265 πάλιν
1354 1239 1384 1265 τὸ
1404 1239 1471 1266 αὐτὸ
1481 1238 1514 1275 ἦν
1524 1240 1627 1267 δίκαιον
1637 1242 1687 1267 καὶ
1698 1241 1808 1275 πρέπεν,

1028 1283 1071 1310 ἴνα
1082 1284 1166 1311 ἐλθὼν
1177 1284 1338 1319 νομοθέτης.
1357 1285 1543 1322 ἀναπληρώσῃ
1558 1286 1588 1313 τὸ
1603 1287 1746 1322 ὑστέρημα
1765 1285 1810 1312 τοῦ

1026 1329 1204 1364 Εὐαγγελίου.
1220 1330 1299 1357 Ἐπεὶ
1308 1331 1337 1357 δὲ
1347 1331 1424 1365 ἅγιον
1433 1332 1480 1358 καὶ
1488 1332 1590 1359 δίκαιον
1598 1332 1645 1358 καὶ
1654 1332 1756 1359 τέλειον
1766 1333 1810 1358 καὶ

1027 1376 1106 1410 ὀρθὸν
1122 1375 1171 1403 καὶ
1185 1375 1295 1410 λέγεται
1310 1377 1356 1403 καὶ
1369 1377 1437 1410 ἐστι,
1455 1379 1591 1414 μαρτυρεῖ
1605 1379 1633 1405 δὲ
1650 1381 1697 1406 καὶ
1709 1378 1811 1406 tama-

1028 1420 1080 1454 μεθ
1101 1421 1166 1455 περὶ
1185 1420 1280 1453 αὑτοῦ,
1299 1421 1347 1448 καὶ
1373 1422 1509 1456 ὁμολογεῖ,
1540 1423 1586 1450 καὶ
1611 1422 1689 1457 λέγει
1718 1423 1758 1449 ὅτι
1774 1422 1810 1449 Τὸ

1026 1466 1194 1500 Εὑαγγέλιον
1207 1467 1261 1494 ἀπὸ
1272 1467 1340 1494 Θεοῦ
1356 1468 1414 1494 ἐστι
1426 1468 1580 1503 δεδομένον,
1594 1469 1644 1496 καὶ
1660 1469 1749 1503 ἅγιον,
1764 1469 1810 1496 καὶ
1823 1490 1830 1499 κ

1024 1511 1139 1547 πλῆρες,
1167 1513 1214 1538 καὶ
1242 1512 1332 1546 εὒθὲς,
1350 1513 1392 1544 τίς
1420 1514 1500 1548 χρεία
1521 1514 1615 1548 ἐτέρου
1643 1515 1809 1550 νομοθέτου;

184 1559 294 1591 Πάντως
305 1558 349 1585 οἱᾶ
368 1559 426 1593 μία.
452 1558 506 1585 Καὶ
521 1558 612 1585 λοιπὸν
626 1558 738 1592 ἄκαιρος
752 1558 799 1586 καὶ
813 1557 951 1593 ἄχρηστος
969 1558 997 1593 ή’
1012 1558 1059 1585 τοῦ
1071 1558 1193 1594 Μωάμεθ
1214 1559 1369 1593 νομοθεσία.
1383 1559 1436 1586 To?)
1447 1561 1502 1596 γὰρ
1515 1559 1596 1596 ὀρθοῦ
1624 1561 1697 1588 κατά
1723 1561 1811 1589 πάντα

182 1607 258 1633 οὐδὲν
271 1607 424 1642 ὀρθότερον,
439 1605 486 1632 καὶ
501 1605 548 1632 τοῦ
567 1605 672 1632 τελείου
687 1606 763 1633 οὐδὲν
781 1606 954 1640 τελεώτερον,
972 1605 1020 1633 καὶ
1034 1605 1085 1641 τῆς
1100 1606 1230 1640 ἀληθείας
1244 1607 1320 1634 οὐδὲν
1336 1608 1528 1644 ἀληθέστερον.

218 1654 244 1681 5.
266 1654 461 1681 Verumtamen
485 1653 618 1681 discussis
641 1653 766 1688 singulis,
787 1654 971 1689 inspiciamus

184 1699 315 1734 quidnam
343 1699 509 1735 legislatoris
534 1699 671 1727 Mahomet
688 1699 771 1727 verba
794 1700 846 1727 sibi
873 1701 970 1728 velint.

182 1746 241 1774 Non
260 1745 333 1773 aliud
355 1746 466 1781 quidem
485 1752 570 1781 certe,
593 1754 676 1782 quam
702 1754 765 1774 cum
793 1754 823 1773 se
847 1747 880 1774 ab
897 1747 971 1774 omni

184 1792 381 1819 miraculorum
397 1793 500 1819 virtute
527 1796 555 1819 et
580 1791 743 1827 paenitentia
770 1791 971 1819 alienissimum

185 1846 246 1865 esse
269 1838 452 1873 intelligeret,
481 1846 562 1866 suam
596 1838 683 1873 ipsius
713 1838 852 1865 occultare
877 1838 972 1865 volens

186 1884 411 1917 imbecillitatem,
435 1891 469 1911 ne
491 1884 561 1911 forte
583 1882 731 1918 aliquando
753 1882 788 1910 ab
811 1882 971 1911 hominibus

184 1929 430 1960 condemnaretur,
447 1928 517 1955 dixit
543 1935 551 1954 :
581 1927 638 1954 Non
657 1927 718 1955 veni
744 1928 858 1954 daturus
880 1927 967 1962 legem

182 1981 232 2007 per
249 1972 389 2004 mirantia,
420 1973 465 1999 εειΙ
496 1979 544 2006 per
557 1980 650 1999 ensem
666 1978 693 2000 et
708 1972 826 2007 gladium
841 1981 848 2004 ;
871 1980 966 2007 q-ucm-

181 2017 328 2043 aulmolum
351 2016 433 2043 etiam
461 2016 488 2043 in
514 2016 580 2051 ipsis
594 2017 662 2051 legis
677 2025 733 2044 suae
749 2016 968 2052 expositionibus

182 2063 288 2093 s'aluit,
306 2069 338 2088 ne
355 2062 523 2096 legislatoros
543 2067 570 2089 et
587 2062 708 2089 haeredes
740 2062 781 2089 sui
804 2070 866 2091 cum
889 2062 968 2090 Chri-

181 2108 278 2134 st‘anis
291 2107 439 2142 disputent.
450 2107 527 2140 Quod
543 2115 607 2135 sane
623 2115 677 2135 non
689 2108 740 2135 alia
752 2108 785 2135 de
796 2115 877 2135 causa
893 2107 966 2141 fecit,

1058 1657 1092 1681 ε’.
1117 1654 1186 1680 Ἀλλ’
1202 1655 1276 1690 ὅμως
1303 1655 1481 1688 ἐξετάσαντες
1507 1657 1608 1692 ἴδωμεν
1621 1659 1648 1685 τί
1665 1658 1809 1694 βούλονται

1024 1699 1058 1727 τὰ
1070 1699 1118 1726 τοῦ
1135 1701 1282 1734 νομοθέτου
1298 1702 1420 1737 ῥήματα.
1440 1703 1552 1735 Πάντως
1567 1703 1644 1731 οὐδὲν
1668 1705 1733 1732 ἄλλο
1754 1704 1812 1731 ἀλλ’

1024 1745 1040 1779 ἢ
1060 1747 1236 1780 κατανοήσας
1260 1747 1357 1774 ἑαυτὸν
1372 1749 1413 1775 ὅτι
1433 1749 1542 1783 μακράν
1571 1757 1623 1776 που
1651 1750 1811 1784 εὑρίσκεται

1022 1791 1073 1824 τῆς
1090 1792 1232 1827 ἐνεργείας
1256 1792 1311 1819 τῶν
1338 1793 1494 1828 θαυμάτων,
1514 1793 1680 1830 βουλόμενος
1707 1795 1811 1831 κρύψαι

1023 1837 1072 1871 τὴν
1085 1837 1185 1864 ἑαυτοῦ
1216 1837 1370 1872 ἀσθένειαν,
1399 1840 1435 1875 μή
1452 1847 1517 1866 ποτε
1537 1840 1612 1876 παρὰ
1628 1841 1684 1869 τῶν
1706 1841 1812 1876 ἀνθρώ-

1025 1891 1084 1909 πων
1098 1883 1167 1919 εὕρῃ
1182 1884 1364 1918 κατάγνωσιν,
1387 1882 1464 1911 εἶπεν
1477 1885 1517 1911 ὅτι
1541 1886 1598 1912 Οὐκ
1623 1883 1707 1921 ἦλθον
1720 1887 1812 1913 δοῦναι

1022 1928 1068 1954 τὸν
1080 1929 1161 1964 νόμον
1178 1929 1221 1956 διὰ
1237 1930 1396 1964 θαυμάτων,
1407 1931 1474 1958 ἀλλὰ
1484 1932 1527 1958 διὰ
1544 1932 1637 1966 ξίφους
1663 1933 1710 1959 καὶ
1739 1933 1810 1959 σπάο

1023 1974 1084 2009 οης,
1113 1975 1150 2006 ὡς
1166 1976 1214 2002 καὶ
1242 1976 1272 2003 ἐν
1288 1977 1345 2008 ταῖς
1356 1977 1507 2010 διαλέξεσιν
1525 1978 1752 2014 νενομοθέτηκεν,
1769 1980 1811 2005 ἵνα

1024 2020 1062 2056 μὴ
1078 2021 1256 2056 διαλέγωνται
1284 2022 1353 2056 μετὰ
1381 2024 1435 2050 τῶν
1462 2025 1635 2059 Χριστιανῶν
1660 2026 1686 2052 οἱ
1715 2025 1811 2052 τούτου

1023 2067 1141 2102 μαθηταὶ
1157 2068 1203 2094 καὶ
1216 2067 1342 2103 διάδοχοι,
1358 2069 1467 2101 πάντως
1482 2070 1512 2096 οὐ
1526 2070 1560 2096 δι’
1575 2070 1638 2097 ἄλλο
1649 2080 1676 2098 τι
1689 2071 1705 2106 ἦ
1718 2070 1761 2097 ἵνα
1775 2071 1810 2104 μὴ

1022 2112 1138 2147 ἐλεγχθῇ
1155 2114 1172 2146 ἡ
1188 2113 1300 2140 ἐκείνων
1316 2115 1473 2150 ματαιότης.
1482 2115 1517 2142 Τὸ
1529 2115 1556 2142 δὲ
1569 2115 1658 2142 δοῦναι
1671 2118 1718 2143 τὸν
1730 2116 1812 2149 νόμον

182 2161 264 2186 quam
282 2161 316 2180 ne
334 2154 442 2181 illorum
457 2154 666 2181 convinceretur
678 2155 793 2181 vanitas.
809 2154 874 2181 Illud
892 2161 966 2186 vero,

1026 2159 1093 2193 μετὰ
1114 2159 1209 2193 ξίφους
1224 2161 1271 2189 καὶ
1288 2160 1394 2194 σπάθης
1422 2161 1519 2195 φόνους
1535 2161 1643 2192 πάντως
1656 2162 1705 2187 καὶ
1719 2161 1810 2193 άρπα-

183 2199 256 2232 quod
279 2200 366 2234 legem
384 2207 449 2227 ense
473 2205 502 2227 et
520 2200 610 2234 gladio
623 2207 652 2228 se
672 2200 800 2227 daturum
822 2200 967 2234 promittit,

182 2245 271 2272 cedes
288 2245 368 2273 docet
390 2250 418 2273 et
440 2246 561 2280 rapinas.
579 2246 612 2273 Et
631 2246 692 2281 quis
718 2254 837 2281 unquam
864 2246 969 2273 audivit

181 2290 300 2325 aliquem
322 2290 465 2318 hominum
487 2291 512 2317 vi
539 2296 665 2318 coactum
688 2291 865 2318 credidisse?
887 2290 968 2318 Fides

181 2335 280 2361 anima:
305 2340 333 2362 et
348 2334 450 2362 mentis
464 2342 526 2369 pars
548 2339 600 2362 est.
619 2335 650 2362 Et
665 2335 794 2370 quoniam
820 2337 911 2362 anima
926 2335 968 2363 vel

182 2389 261 2408 meus
279 2388 324 2408 res
341 2385 405 2408 sunt
427 2381 529 2408 nullius
553 2381 666 2408 servitio
689 2381 830 2415 subjectae,
848 2388 968 2416 quonam

182 2426 264 2453 modo
293 2426 377 2458 Deus,
400 2426 446 2460 qui
471 2426 520 2454 has
544 2427 646 2454 liberas
667 2430 821 2460 creaverat,
840 2431 968 2462 tanquam

179 2480 197 2500 ο
216 2473 271 2500 eris
294 2473 336 2500 sui
357 2473 458 2500 oblitus
481 2472 663 2508 legislatorem
682 2478 741 2499 erat
758 2473 903 2505 missurus,
921 2473 967 2508 qui

180 2519 230 2545 has
247 2518 380 2554 cogeret?
401 2518 484 2546 Fides
505 2519 580 2546 enim
606 2519 747 2546 voluntate
770 2524 796 2546 et
821 2514 968 2552 electione,

178 2569 236 2592 ttm
249 2564 378 2592 libertate
391 2564 490 2592 anima:
505 2569 532 2592 et
547 2564 634 2600 ipsius
646 2565 804 2600 cognitione
820 2564 967 2597 consistit;

178 2610 259 2638 aliter
283 2617 351 2638 vero
382 2617 569 2645 nequaquam.
597 2610 705 2645 Corpus
728 2610 802 2637 enim
832 2610 916 2637 servit
941 2614 969 2637 et

179 2655 309 2689 vincitur,
336 2663 535 2691 nonnunquam
560 2656 641 2683 etiam
663 2663 694 2683 ea
717 2656 786 2690 ‘qua:
818 2648 872 2682 non
898 2655 967 2688 vult,

180 2702 257 2738 facit.
283 2701 322 2729 De
340 2703 431 2729 anima
447 2710 513 2730 vero
537 2709 592 2730 non
616 2702 657 2730 sic
675 2701 860 2733 sentiendum,
876 2701 922 2728 sed
940 2702 967 2728 in

178 2747 328 2780 \oluntate,
353 2747 468 2782 judicio,
490 2747 646 2783 cognitione
668 2752 695 2775 et.
721 2747 869 2778 electione.
886 2752 916 2775 et
940 2746 966 2774 in

175 2793 281 2829 judicio
302 2799 330 2822 et
350 2795 467 2822 veritate
492 2795 602 2825 horum,
626 2794 673 2829 qni
696 2793 813 2822 credunt
830 2793 880 2828 illi,
897 2794 966 2821 Deus

208 2849 239 2874 ."
252 2848 346 2878 Matth.
362 2857 410 2879 vn.
429 2851 472 2881 I5.
490 2851 532 2879 l6.

1021 2203 1073 2237 γᾶις
1089 2203 1220 2232 διδάσκει.
1239 2205 1293 2230 Καὶ
1308 2205 1349 2236 τίς
1375 2205 1476 2240 ἢκουσε
1501 2205 1556 2232 τῶν
1575 2205 1731 2240 ἀνθρώπων
1765 2213 1812 2230 πι-

1021 2247 1205 2274 στεῦσαίτινα
1225 2248 1291 2284 βίας
1314 2248 1347 2275 Ἡ
1365 2249 1456 2280 πίστις
1471 2249 1522 2283 τῆς
1533 2249 1622 2284 ψυχῆς
1634 2249 1682 2275 καὶ
1700 2248 1747 2275 τοῦ
1765 2247 1809 2274 νοῦ

1021 2294 1099 2320 ἐστι·
1115 2293 1162 2321 καὶ
1182 2294 1274 2329 ἐπειὴ
1293 2294 1367 2329 ψυχὴ
1392 2295 1439 2321 καὶ
1468 2295 1482 2321 ὁ
1501 2294 1563 2326 νοῦς
1584 2295 1704 2329 πρᾶγμά
1733 2295 1810 2320 ἐστιν

1021 2340 1184 2373 ἀδούλωτον,
1210 2340 1268 2371 πῶς
1292 2341 1306 2366 ὁ
1332 2340 1451 2375 ποιήσας
1489 2340 1559 2367 αὐτὰ
1585 2340 1651 2372 Θεὸς
1677 2339 1810 2374 ἐλεύθερα

1023 2388 1143 2423 πέμψειν
1161 2387 1258 2423 ἔμελλε
1266 2386 1414 2421 νομοθέτην
1430 2386 1522 2421 βιάσαι
1537 2386 1618 2420 αὐτὰ,
1632 2385 1731 2420 ὥσπερ
1748 2386 1811 2411 ἐπι-

1020 2433 1168 2467 λαθόμενος
1181 2432 1227 2458 τοῦ
1250 2432 1332 2467 ἔργου
1350 2431 1452 2465 αὐτοῦς
1470 2429 1503 2458 'H
1519 2432 1573 2466 γὰρ
1590 2432 1683 2463 πίστις
1699 2432 1811 2466 θελήσει

1020 2477 1068 2502 καὶ
1081 2478 1253 2510 προαιρέσει,
1271 2475 1318 2501 καὶ
1329 2476 1361 2510 τῇ
1378 2475 1522 2511 ἐλευθερίᾳ
1537 2475 1587 2510 τῆς
1598 2475 1699 2510 ψυχῆς,
1714 2478 1763 2502 καὶ
1776 2477 1809 2510 τῇ

1021 2520 1120 2555 γνώσει
1135 2520 1222 2556 αὐτῆς
1237 2521 1354 2554 γίνεται,
1368 2520 1542 2553 ἀλλοτρόπως
1563 2521 1592 2548 δὲ
1609 2521 1750 2556 οὐδαμῶς.
1773 2520 1811 2548 Τὸ

1020 2567 1075 2602 γὰρ
1089 2566 1169 2602 σῶμα
1185 2565 1326 2593 δουλοῦται
1350 2567 1397 2593 καὶ
1413 2566 1565 2601 δεσμείται,
1598 2566 1644 2593 καὶ
1672 2566 1750 2594 ἔστιν
1764 2567 1810 2593 ὅτε

1020 2611 1068 2638 καὶ
1085 2611 1119 2637 τά
1146 2610 1184 2646 μὴ
1209 2610 1320 2638 θέλοντα
1351 2611 1478 2646 πράττει.
1503 2611 1565 2638 Ἐπὶ
1588 2611 1617 2638 δὲ
1634 2611 1686 2646 τῆς
1716 2612 1809 2646 ψυχῆς

1021 2657 1069 2691 οὐχ
1092 2656 1272 2688 οὓτως,άλλὰ
1286 2657 1407 2692 θελήσει,
1435 2657 1482 2684 καὶ
1508 2656 1610 2691 κρίσει,
1630 2657 1678 2683 καὶ
1691 2656 1809 2691 γνώσει,

1019 2703 1066 2729 καὶ
1075 2702 1245 2737 προαιρέσει,
1263 2702 1311 2729 καὶ
1321 2702 1376 2730 τῶν
1388 2702 1569 2729 πιστευόντων
1586 2701 1660 2737 αὑτῷ
1675 2702 1705 2728 ἐν
1719 2701 1811 2737 κρίσει

1019 2748 1065 2775 καὶ
1080 2748 1194 2784 ἀληθείᾳ
1204 2748 1278 2774 ἐστὶν
1288 2748 1302 2774 ὁ
1323 2748 1399 2780 Θεὸς,
1414 2748 1634 2784 καρδιογνώστης
1651 2747 1708 2782 γάρ
1724 2747 1811 2775 ἐστιν,

1020 2793 1087 2820 Οὐδὲ
1098 2793 1151 2828 γὰρ
1164 2794 1256 2828 βλέπει
1270 2794 1310 2826 εἰς
1322 2794 1478 2828 πρόσωπον,
1491 2792 1549 2820 ἀλλ’
1560 2793 1599 2825 εἰς
1608 2791 1737 2828 καρδίαν,
1754 2792 1810 2819 Καὶ
