1946 3081
143 120 196 152 545

619 118 769 149 CONTRA
791 119 1032 149 MAHOMETEM
1053 117 1237 148 APOLOGIA
1261 119 1308 150 IV.

1714 117 1767 152 546

144 177 216 211 ἅπερ
227 175 260 202 τὰ
272 175 357 209 ἄλογα
368 175 424 207 ζῶα
437 175 510 209 νόμῳ
521 175 627 209 φύσεως
637 175 668 201 οὗ
681 174 798 207 ποιοῦσι,
810 176 895 201 ταύτα
910 174 924 200 ὁ

984 178 1018 201 :st
1038 174 1090 207 (cst
1113 173 1184 200 enim
1213 173 1336 201 eordinm
1352 174 1513 207 serutator),
1535 182 1585 202 nec
1601 183 1763 210 personam,

143 223 265 257 Μωάμεθ
285 222 437 256 νομοθετεῖ.
454 222 502 252 Τίς
519 224 573 256 γάρ
591 219 642 247 εἶδε
656 221 752 247 λέοντα
761 221 856 247 λέοντα
876 229 927 254 φα-

142 268 212 301 γεῖν,
223 268 240 302 ἢ
251 267 352 302 άρκτον
364 266 501 301 ἄρκτον,ἣ
522 267 657 300 πάρδαλιν
673 266 805 301 πάρδαλιν
817 273 826 297 ;
842 263 928 297 οὗτος

144 312 170 338 δὲ
182 311 334 345 ἀναφανδὸν
348 311 467 337 διδάσκει
479 311 601 344 φονεύειν
609 311 654 338 τὶν
666 311 807 345 ἄνθρωπον
821 311 927 344 ἀνορω-

145 366 205 384 πον.
217 357 273 383 Καὶ
291 356 334 388 τίς
347 356 472 391 μάταιος,
486 357 562 388 ὅστις
587 356 680 392 μέλλει
700 357 822 389 δέξεσθαι
834 356 927 382 τοῦτον

144 402 214 429 εἶναι
224 402 278 429 ἀπὸ
287 402 355 429 Θεοῦ
364 411 372 435 ;
380 403 440 429 οὐδὲ
451 403 506 438 γὰρ
514 403 640 437 ἁρπαγὰς
648 403 695 429 καὶ
705 404 800 438 φόνους
809 403 929 430 διδάσκει

144 448 219 479 Θεός.
239 448 309 483 Πρὸς
321 448 350 474 δὲ
366 448 482 481 τούτοις,
496 449 537 475 ὅτι
552 449 599 475 καὶ
613 447 698 475 κακία
715 449 814 480 κακίας
829 449 928 476 ἀλλάσ-

147 501 235 520 σεται.
252 494 335 528 Λέγει
351 494 416 528 γὰρ,
432 494 473 520 ὃτι
491 494 528 520 Ἦ
548 494 769 527 ἀποθανέτωσαν,
784 495 800 530 ἢ
825 487 927 529 φόρους

144 539 303 570 διδότωσαν,
331 539 377 566 καὶ
406 539 570 566 ἀλλάσσεται
606 539 685 574 φόνος
712 533 927 576 φιλοχρηματίᾳ.

145 585 182 611 Οὐ
200 585 280 619 μόνον
296 584 324 611 δὲ
342 585 423 619 μέχρι
439 585 534 611 τούτου
549 585 566 620 ἡ
591 585 675 612 κακία
691 585 768 620 ἔστη,
794 585 863 612 ἀλλὰ
881 586 929 612 καὶ

145 631 301 666 περαιτέρω
312 631 427 666 προέϐη.
454 630 486 657 Τί
502 631 555 666 γὰρ
581 631 630 665 τῆς
648 632 776 667 τοιαύτης
786 631 929 667 ὠμότητος

145 677 193 703 καὶ
216 677 424 711 μισανθρωπίας
437 678 528 712 χεῖρον
546 677 644 710 γένοιτ’
656 677 700 710 ἃν,
717 677 787 704 ὥστε
803 677 928 712 φονεύειν

149 723 233 758 μηδὲν
248 723 415 758 ἠδικηκότας
428 731 435 756 ;
455 722 504 749 καὶ
519 724 573 758 γὰρ
586 725 685 750 ὁπόταν
699 723 838 750 ἀπέλθωσι
854 725 930 751 Mou-

148 769 294 803 σουλμάνοι
312 769 381 804 πρὸς
410 769 541 803 πόλεμον,
557 769 604 796 καὶ
630 769 659 795 ἐν
671 769 709 804 τῷ
726 769 837 804 πολέμῳ
860 770 930 805 πέσῃ

146 820 188 843 τις
204 812 235 844 ἐξ
254 813 353 844 αὐτῶν,
380 813 410 838 οὐ
430 812 579 846 λογίζονται
607 814 720 844 ἑαυτοὺς
746 813 838 846 ἀξίους
858 814 929 848 μέμ-

146 858 280 892 clamato:
299 859 404 890 αἰτίους
433 859 482 886 τοῦ
499 859 630 894 πολέμου,
646 859 703 886 ἀλλ’
715 860 760 886 ἐπὶ
783 861 813 887 τὸ
832 859 930 895 νεκρὸν

149 904 229 939 σῶμα
245 904 292 930 τοῦ
320 905 495 937 πεπτωκότος
511 906 659 940 σφάττουσι
674 906 778 938 ζῶντας
802 907 881 938 ὅσους
898 906 931 932 ἂν

146 949 247 984 δυνηθῇ
263 949 388 982 ἕκαστος,
404 950 450 976 καὶ
470 950 532 977 ὅσον
551 950 659 982 πλείους
679 951 790 983 κτείνει,
804 950 931 976 τοσοῦτον

148 994 283 1028 ὠφέλειαν
298 994 435 1028 λογίζεται
449 995 498 1029 τῆς
512 995 560 1022 τοῦ
576 995 724 1027 τεθνεῶτος
738 995 836 1031 ψυχῆς.
858 996 890 1023 Εἰ
906 995 930 1022 δ’

148 1041 214 1072 ἴσως
229 1041 283 1067 αὐκ
296 1040 353 1076 ἔχει
367 1041 466 1073 αὐτοὺς
481 1042 521 1073 είς
538 1042 664 1074 ἐξουσίαν
679 1042 764 1069 αὑτοῦ
775 1043 789 1069 ὸ
799 1042 932 1077 βουλόμε-

147 1094 192 1117 νος
211 1086 341 1122 βοηθῆσαι
357 1088 390 1122 τῇ
399 1087 446 1113 τοῦ
457 1087 602 1119 τεθνεῶτος
617 1088 702 1123 ψυχῇ,
714 1087 853 1120 ὲξωνεῖται
866 1088 932 1124 Χρι-

148 1131 285 1165 στιανοὺς,
299 1132 376 1166 εἰπερ
388 1131 474 1166 εὕροι,
489 1134 536 1159 καὶ
556 1133 572 1167 ἢ
599 1133 691 1160 ὲπάιιω
705 1133 751 1160 τοῦ
767 1133 864 1169 νεκροῦ
880 1133 932 1160 σώ-

149 1185 234 1211 ματος
255 1177 367 1210 σφάττει
379 1178 490 1210 αὐτοὺς,
505 1178 521 1213 ἢ
540 1178 585 1204 tul
603 1178 643 1213 τῷ
653 1178 731 1213 toi:qu
743 1179 837 1206 αὐτοῦ,
852 1179 908 1206 Kal
919 1179 932 1205 6

147 1221 236 1248 ταῦτα
262 1222 416 1256 νομοθετῶν
441 1222 500 1254 πῶς
518 1223 572 1249 ἀπὸ
598 1222 687 1255 Θεοῦς
705 1224 765 1250 Ἔτι
791 1224 932 1258 νομοθετεῖ

147 1267 188 1293 ὅτι
208 1267 238 1293 ’0
250 1267 310 1298 δοὺς
327 1268 359 1303 τῇ
374 1267 462 1303 πόρνῃ
478 1268 618 1303 μίσθωμα,
646 1270 693 1296 καὶ
710 1269 853 1305 κοιμηθεὶς
872 1271 930 1304 μετ’

147 1313 233 1348 αὐτῆς
247 1313 296 1348 οὐχ
321 1313 486 1348 ἁμαρτάνει.
509 1315 564 1341 Καὶ
577 1316 590 1341 ὸ
606 1315 769 1350 βιασάμενος
793 1316 928 1350 παρθένον

149 1359 316 1394 ἁμαρτάνει,
329 1360 343 1386 ὸ
357 1359 385 1386 δὲ
406 1359 476 1394 μετὰ
497 1360 546 1395 τῆς
564 1361 700 1395 θελήσεως
722 1361 806 1395 αὐτῆς
829 1369 931 1397 κοιμη-

149 1404 207 1435 θεὶς
225 1404 284 1439 μετ’
295 1404 380 1438 αὐτῆς
395 1405 445 1438 οὐχ
463 1404 628 1439 ἁμαρτάνει.
649 1406 704 1431 Καὶ
719 1405 766 1432 ὲὰν
792 1405 931 1440 αἰχμαλω-

149 1449 227 1480 τίδας
256 1458 298 1481 τις
328 1449 396 1485 λάϐῃ
421 1451 450 1476 ὲν
481 1451 602 1485 πολέμῳ,
623 1451 728 1482 ἔξεστιν
756 1450 830 1485 αὐτῷ
845 1451 932 1477 ποιεῖν

149 1495 193 1521 ἐπ’
210 1495 304 1526 αὐταῖς
317 1495 331 1521 ὃ
343 1495 468 1530 βούλεται
493 1495 652 1526 ἀκωλύτως.
678 1496 707 1521 ’0
722 1496 788 1529 γοῦν
803 1496 929 1530 πορνείας

148 1541 197 1568 καὶ
212 1541 448 1576 παρθενοφθορίας
461 1540 616 1575 νομοθετῶν
632 1540 689 1572 πῶς
704 1540 758 1567 άπὸ
775 1540 861 1574 Θεοῦ;
878 1541 930 1567 Καὶ

147 1587 179 1612 τδ
197 1586 229 1620 δὴ
242 1586 390 1621 χείριστον,
418 1586 460 1612 ὃτι
479 1586 544 1617 τοὺς
569 1586 640 1612 κατὰ
667 1586 715 1621 τὴν
729 1586 865 1622 ἀποδοχὴν
885 1586 931 1613 τοῦ

148 1633 216 1659 Θεοῦ
234 1633 477 1668 περιπατήσαντας
507 1633 535 1658 ἐν
563 1632 601 1667 τῷ
629 1633 743 1667 παρόντι
763 1633 840 1659 αἰῶνι
864 1633 933 1668 μετὰ

147 1680 198 1714 τὴν
223 1679 327 1706 ἐνθένδε
356 1678 507 1705 άποόίωσιν
536 1679 626 1705 αὐτῶν
645 1679 746 1714 λουτρὰ
772 1680 818 1705 καὶ
841 1679 933 1710 οἴκους

149 1725 323 1759 περικαλλεῖς
351 1724 399 1751 καὶ
427 1725 560 1758 γυναῖκας
590 1725 744 1760 παρθένους
767 1725 809 1751 ὅτι
833 1725 934 1756 πολλζςς

149 1768 320 1804 ὑπισχνεῖται
352 1768 514 1803 δοθήσεσθαι
540 1769 581 1795 ἐνὶ
610 1769 718 1802 ἑκάστῳ
748 1770 824 1805 παρὰ
853 1769 932 1796 Θεοῦ.

148 1816 203 1842 Καὶ
216 1816 284 1850 ὅπερ
302 1815 327 1840 of.
356 1815 410 1841 τῶν
439 1813 641 1850 είδωλολατρῶν
671 1814 805 1850 Ἑλλήνων
835 1815 934 1849 ὀνομα-

148 1861 260 1894 ζόμενοι
276 1859 396 1894 θεολόγοι
420 1857 583 1891 οὺκέἷπον,
607 1859 667 1886 οὐδὲ
697 1859 824 1894 ἐνόμισαν
848 1857 932 1892 εἶναι,

146 1906 236 1932 ταῦτα
252 1905 266 1931 ὁ
277 1904 398 1939 Μωάμεθ
411 1904 666 1939 ἀνακεκαλυμμένῳ
681 1904 719 1939 τῷ
735 1903 877 1940 προσώπῳ
889 1912 932 1931 νο-

149 1951 272 1986 μοθετεῖ.
295 1950 410 1977 Ἐκεῖνοι
430 1950 485 1985 γὰρ
513 1949 584 1976 οὕτω
601 1950 738 1984 λέγουσιν,
755 1950 797 1976 ὅτι
827 1950 852 1976 cl
884 1951 933 1984 μὲν

149 1997 240 2028 καλῶς
267 1997 360 2024 ἐνθάδε
377 1996 537 2032 βιώσοντες,
561 1996 632 2023 ὲπὰν
648 1995 805 2023 ἀποθάνωσι
821 1996 869 2023 καὶ
882 2004 934 2029 κα-

149 2043 241 2078 θαρῶς
255 2043 470 2078 άποδημήσωσιν
485 2043 513 2068 al
540 2041 626 2077 ψυχαὶ
650 2042 704 2068 ἀπὸ
717 2042 770 2069 τῶν
786 2043 932 2077 σωμάτων,

148 2091 190 2121 εἰς
215 2090 277 2121 τοὺς
304 2089 382 2120 θεοὺς
410 2089 591 2123 ἀπέρχονται,
622 2090 670 2115 καὶ
696 2089 764 2122 μετὰ
783 2089 837 2115 τῶν
862 2088 932 2115 θεῶν

148 2134 322 2170 εὑρίσκονται
344 2135 385 2165 είς
401 2134 451 2165 τὰς
463 2135 518 2160 τῶν
533 2132 666 2169 μακάρων
681 2136 791 2169 νήσους,
813 2134 861 2160 καὶ
873 2134 933 2169 μετ’

148 2181 238 2208 αὐτῶν
266 2180 496 2213 συναγάλλονται·
515 2180 570 2207 τῶν
583 2181 611 2206 δὲ
639 2180 731 2212 κακῶς
747 2180 841 2207 ἐνθάδε
867 2180 930 2215 βιωη

149 2227 266 2259 σάντων,
284 2227 331 2253 καὶ
345 2227 520 2261 ἀκαθάρτων,
536 2228 583 2253 καὶ
611 2226 824 2262 μεμολυσμένων
848 2226 933 2253 ἀπελ-

148 2275 261 2306 Θόντων,
276 2274 303 2300 αι
319 2273 421 2300 τούτων
437 2273 522 2308 ψυχαὶ
547 2274 587 2304 εις
604 2272 735 2307 ζοφώδεις
753 2272 800 2298 καὶ
828 2280 933 2298 σκοτει-

147 2318 211 2357 qui);
227 2319 393 2354 ἀπέρχονται
410 2319 522 2351 τόπους,
537 2318 585 2346 καὶ
610 2319 650 2349 είς
665 2318 711 2344 τὸν
740 2317 863 2352 ποταμὸν
883 2316 930 2343 τὸν

149 2364 401 2398 Ηυριςλεγέθοντα.

186 2411 224 2443 ς’.
253 2412 306 2437 Καὶ
331 2411 356 2437 ol
375 2411 424 2445 μὶν
450 2409 789 2446 είδωλολάτραιἚλληνες
820 2411 931 2447 λέγουσι

146 2458 252 2484 ταῦτα’
274 2459 287 2484 ὁ
303 2458 330 2483 δὲ
342 2456 464 2491 Μωὰμεθ
481 2457 537 2487 πῶς
554 2456 685 2491 ὀνομάζει
701 2457 797 2484 ἑαυτὸν
822 2459 933 2494 ὀρθόδο-

148 2505 204 2538 ξαν,
222 2505 269 2531 καὶ
280 2503 394 2538 πλησίον
411 2502 458 2529 τοῦ
475 2503 542 2529 Θεοῦ
560 2503 776 2538 εὐρισκόμενονς
793 2505 874 2538 Λέγει
888 2506 936 2531 καὶ

147 2551 289 2585 νομοθετεῖ
311 2549 423 2576 τοιαῦτα
451 2549 619 2584 ἀτοπήματα
647 2550 758 2584 αἰσχρά.
792 2551 849 2577 Οὐκ
877 2551 935 2585 ἔχει

146 2594 299 2629 ἐνθύμησιν
313 2593 382 2624 ὅλως
409 2593 450 2618 ὅτι
467 2592 555 2619 ταῦτα
571 2593 659 2619 πάντα
679 2593 764 2627 ὀργῆς
788 2595 834 2620 καὶ
866 2595 934 2621 ἀπο-

147 2640 271 2675 στροφῆς
290 2640 372 2673 ἐρτα,
401 2639 448 2665 καὶ
468 2638 527 2672 τῆς
558 2638 697 2674 ἁμαρτίας
725 2640 936 2675 ἀποτελέσματά

147 2688 213 2713 εἰσι.
229 2686 285 2721 Πρὸ
305 2686 360 2720 γὰρ
374 2685 425 2720 τῆς
457 2683 640 2719 παραϐάσεως
664 2685 711 2710 καὶ
734 2686 872 2720 άμαρτάς
888 2686 935 2713 τοῦ

153 2731 240 2766 Ἀδὰμ
256 2731 306 2757 ποῦ
335 2731 455 2765 λουτρά;
472 2729 524 2757 ποῦ
548 2730 616 2761 ὅλως
642 2730 798 2765 οίκήματα;
829 2732 879 2758 ποῦ
907 2733 935 2759 αι

147 2777 248 2804 πολλαὶ
263 2778 414 2811 γυναῖκες;
450 2776 532 2803 Ἀλλὰ
563 2775 631 2811 μετὰ
648 2776 698 2808 τὴν
729 2777 867 2811 ἁμαρτίαν
885 2779 932 2804 καὶ

147 2824 198 2859 τὴν
212 2825 335 2859 κατάραν
352 2824 490 2860 ἑπανὲστη
505 2824 534 2851 τὸ
547 2823 626 2858 σῶμα
639 2822 733 2859 ὥσπερ
748 2823 842 2860 θηρίον
861 2825 932 2852 κατὰ

979 219 1026 246 sed
1045 226 1094 246 cor
1110 219 1232 254 respicit.
1249 219 1282 247 Et
1297 227 1357 254 qu:e
1373 219 1454 247 bruta
1469 220 1597 248 animalia
1613 229 1661 255 per
1679 222 1765 256 legem

981 269 1086 293 natura:
1107 273 1161 292 non
1185 265 1300 297 iaciunt,
1323 273 1356 293 ea
1380 265 1487 301 legibus
1510 266 1593 301 exigit
1616 267 1764 295 Maliomet.

979 310 1046 343 Quis
1070 311 1144 338 enim
1168 311 1274 338 leonem
1292 318 1307 337 a
1323 311 1402 338 leone
1425 311 1552 339 devorari
1568 313 1647 344 vidit,
1664 317 1711 340 aut
1725 314 1762 340 ab

980 363 1044 382 urso
1059 363 1164 388 ursum,
1183 360 1231 382 aut
1243 363 1258 382 a
1272 355 1376 390 parilali
1395 356 1528 390 pardalim
1540 357 1552 384 '!
1564 357 1614 385 Hic
1631 365 1695 385 vero
1710 366 1767 384 ma-

979 400 1077 427 nifeste
1101 400 1216 430 homini.
1239 404 1268 427 ut
1286 401 1425 427 hominem
1445 401 1564 434 occidat,
1583 402 1715 437 pracipit.
1733 403 1765 430 Et

980 445 1042 479 quis
1056 449 1110 471 tam
1124 452 1221 477 vanus,
1236 449 1263 471 ul
1278 445 1351 472 hunc
1362 453 1377 472 a
1392 445 1447 472 Deo
1463 452 1523 473 esse
1538 447 1695 474 crediturus
1710 447 1767 474 sit?

980 490 1052 517 Deus
1064 490 1136 517 enim
1151 490 1263 524 rapinas
1279 495 1307 518 ct
1327 490 1415 517 caedes
1430 498 1484 517 non
1500 492 1633 526 praecipit.
1652 492 1692 519 Ad
1709 492 1766 519 hac

979 536 1070 564 scelus
1092 535 1189 564 sceleri
1206 540 1389 570 permutatur.
1407 537 1479 564 Dicit
1494 537 1567 564 enim
1598 547 1605 565 :
1635 538 1689 565 Aut
1707 545 1751 565 mo

980 582 1097 614 riantur,
1136 585 1183 608 aut
1211 582 1343 608 tributum
1366 582 1483 611 solvant.
1521 581 1566 610 Sic
1587 583 1660 610 enim
1679 583 1767 610 caedis

980 632 1153 662 permutatur
1166 627 1294 654 avaritia.
1304 628 1364 655 Non
1378 632 1468 655 tamen
1486 628 1557 655 inter
1570 628 1620 656 hos
1633 629 1765 656 terminos

980 673 1070 699 scelus
1081 672 1218 704 consistit,
1233 672 1280 700 sed
1300 673 1458 700 extenditur
1472 673 1590 707 longius.
1607 674 1677 706 Quid
1691 675 1766 701 enim

982 722 1058 746 tanta
1084 718 1247 746 crudelitate
1273 723 1301 746 el
1325 719 1390 746 odio
1416 719 1530 746 humani
1554 720 1663 755 generis
1688 722 1767 755 point

981 768 1034 794 cst,
1048 768 1077 790 ut
1091 764 1175 790 etiam
1192 763 1254 791 illos
1273 764 1404 797 trucidet,
1421 765 1466 799 qui
1484 765 1552 791 nihil
1569 765 1633 792 mali
1648 766 1768 793 adniSt-

982 810 1068 836 runt?
1085 809 1112 837 Si
1133 810 1206 836 enim
1234 809 1417 838 Musulmanis
1438 811 1466 837 in
1491 811 1594 838 bellum
1624 811 1766 846 profectis,

982 855 1080 889 aliquis
1101 854 1211 882 illorum
1233 855 1569 890 cecideritﬁtequaquam
1594 857 1710 890 seipsos,
1737 862 1768 882 ut

983 899 1045 927 belli
1061 904 1197 933 auctores,
1213 900 1451 935 reprehendendos
1467 901 1634 934 existimant,
1653 900 1701 928 sed
1722 908 1769 927 su-

983 953 1031 980 per
1055 946 1139 973 occisi
1157 946 1274 973 cadaver
1293 946 1394 981 singuli
1420 950 1459 973 tot
1474 946 1599 974 viventes
1618 947 1768 978 trucidant,

982 997 1049 1026 quot
1061 992 1205 1026 acquirere
1217 991 1329 1019 licuerit
1343 1001 1350 1018 :
1365 997 1391 1019 et
1410 1000 1464 1026 quo
1483 992 1545 1027 plus
1559 992 1719 1023 occiderint,
1735 999 1769 1019 eo

983 1037 1069 1072 magis
1087 1037 1172 1065 occisi
1202 1037 1321 1065 animam
1349 1042 1446 1073 putant
1458 1046 1519 1065 esse
1537 1038 1669 1073 adjutam.
1690 1038 1768 1071 Quod

983 1083 1005 1110 si
1023 1091 1087 1110 vero
1105 1083 1233 1110 homines
1248 1083 1375 1119 proprios
1388 1091 1443 1111 non
1462 1084 1602 1116 habuerit,
1615 1083 1662 1118 qui
1684 1084 1769 1111 occisi

983 1128 1102 1155 animam
1123 1128 1220 1163 juvare
1238 1129 1327 1163 cupit,
1350 1128 1522 1156 Christianos
1545 1128 1704 1163 ubicunque
1727 1128 1771 1155 in-

984 1177 1079 1200 ventos
1099 1173 1178 1206 emit,
1203 1181 1306 1208 eosque
1322 1178 1368 1201 aut
1385 1181 1469 1208 super
1484 1180 1586 1207 corpus
1606 1173 1706 1205 occisi,
1723 1177 1770 1199 aut

983 1226 1067 1253 super
1081 1219 1239 1253 sepulcrum
1256 1219 1330 1246 illius
1341 1219 1458 1254 jugulat.
1475 1218 1508 1245 Et
1521 1227 1535 1246 a
1552 1219 1607 1246 Deo
1619 1226 1679 1247 esse
1695 1219 1771 1246 dice-

984 1269 1038 1298 tur,
1064 1266 1110 1300 qui
1138 1265 1202 1292 talia
1223 1265 1331 1300 legibus
1357 1265 1415 1293 suis
1439 1265 1556 1293 statuit?
1579 1265 1653 1293 Idem
1680 1265 1769 1293 dicit:

986 1320 996 1336 ι
1014 1310 1066 1343 Qui
1082 1318 1144 1338 cum
1157 1315 1249 1338 scorto
1263 1311 1392 1339 mercede
1408 1311 1497 1338 soluta
1511 1310 1703 1342 concubuerit.
1714 1318 1770 1338 non

983 1361 1099 1391 peccat;
1117 1360 1145 1384 at
1160 1356 1206 1391 qui
1222 1356 1358 1391 virginem
1374 1357 1402 1383 vi
1419 1356 1573 1390 violaverit,
1593 1361 1707 1392 peccat;
1722 1356 1770 1392 qui

983 1406 1075 1429 autem
1093 1408 1156 1429 cum
1174 1401 1219 1429 illa
1235 1401 1290 1429 sibi
1305 1402 1497 1430 consentiente
1510 1403 1701 1436 concubuerit,
1715 1410 1770 1430 non

983 1452 1087 1482 peccat.
1109 1448 1143 1474 Et
1157 1447 1205 1482 qui
1231 1448 1355 1482 captivas
1381 1448 1408 1475 in
1429 1448 1502 1476 bello
1518 1449 1632 1483 ceperit,
1659 1448 1702 1475 his
1720 1455 1770 1483 pro

985 1500 1034 1520 sua
1058 1492 1174 1520 libidine
1196 1493 1274 1520 nullo
1310 1493 1473 1528 prohibente
1492 1497 1596 1523 matur.
1627 1493 1770 1527 Quomodo

985 1538 1070 1573 igitur
1086 1538 1143 1565 Deo
1158 1542 1272 1565 auctore
1297 1537 1324 1565 id
1352 1538 1447 1572 faciet,
1471 1538 1519 1572 qui
1545 1538 1727 1565 scortationes
1743 1542 1772 1565 et

984 1586 1123 1620 virginum
1142 1585 1306 1612 violationes
1333 1585 1441 1619 legibus
1462 1584 1627 1611 conﬁrmat?
1642 1584 1676 1611 Et
1696 1584 1770 1618 quod

984 1634 1063 1668 longe
1077 1632 1300 1660 scelestissimum
1310 1637 1363 1666 est,
1379 1632 1422 1659 his
1433 1632 1479 1666 qui
1488 1632 1564 1668 juxta
1577 1632 1624 1659 Dei
1636 1637 1771 1668 praecepta

985 1681 1012 1708 in
1036 1680 1087 1707 hoc
1102 1679 1202 1707 saeculo
1217 1679 1346 1713 vixerint,
1371 1679 1424 1707 illis
1447 1678 1562 1713 singulis
1579 1685 1641 1713 post
1663 1678 1769 1706 obitum

985 1723 1107 1761 ipsoru'm
1123 1725 1219 1752 balnea
1232 1729 1260 1753 et
1273 1725 1381 1758 domus,
1399 1729 1536 1758 augustas,
1550 1722 1679 1752 mulieres
1693 1725 1773 1752 deni-

985 1777 1038 1806 que
1053 1774 1080 1797 et
1095 1769 1216 1804 virgines
1237 1775 1319 1804 quam
1334 1769 1466 1804 plurimas
1482 1776 1495 1795 9
1512 1767 1569 1796 Deo
1588 1769 1692 1796 dandas
1712 1768 1772 1797 fore

985 1817 1142 1852 promittit:
1167 1820 1195 1843 et
1217 1814 1290 1850 quod
1313 1813 1516 1843 idololatrarum
1546 1812 1701 1843 Graecorum
1722 1823 1773 1842 no-

985 1863 1081 1890 minati
1102 1862 1221 1897 theologi
1246 1862 1338 1890 dicere
1364 1869 1413 1889 nec
1441 1862 1498 1889 ausi
1523 1866 1604 1893 sunt,
1629 1869 1680 1889 nec
1709 1862 1772 1888 talia

984 1916 1045 1936 esse
1060 1908 1248 1941 crediderunt,
1265 1908 1324 1935 haec
1339 1906 1476 1935 Mahomet
1494 1910 1589 1942 aperto
1605 1914 1651 1934 ore
1665 1907 1773 1942 legibus

986 1955 1045 1981 suis
1072 1954 1180 1981 sancire
1206 1961 1260 1981 non
1286 1953 1433 1980 erubescit.
1463 1952 1496 1993 lli
1524 1953 1593 1980 enim
1635 1952 1773 1983 sentiunt,

985 1999 1059 2035 quod
1076 1999 1123 2034 qui
1135 1999 1219 2027 vitam
1236 2006 1313 2026 suam
1329 1998 1444 2026 honeste
1460 1998 1487 2025 in
1503 1997 1555 2025 hoc
1568 1997 1671 2025 mundo
1684 2002 1775 2025 transv

986 2045 1103 2080 egerint,
1121 2049 1194 2077 cu‘m,
1210 2047 1271 2078 post
1282 2043 1385 2071 obitum
1404 2044 1537 2078 ipsorum,
1550 2043 1647 2070 anima:
1663 2042 1771 2070 illorum

985 2098 1054 2125 pure
1071 2098 1086 2118 a
1102 2090 1264 2125 corporibus
1286 2090 1408 2117 liberata:
1430 2089 1498 2121 sint,
1517 2093 1582 2116 tunc
1596 2096 1642 2116 eos
1659 2088 1687 2115 in
1706 2088 1772 2116 deo-

986 2142 1052 2162 rum
1074 2142 1219 2162 numerum
1250 2133 1366 2167 referri,
1390 2135 1517 2169 interque
1539 2134 1601 2162 illos
1621 2134 1774 2161 fortunatas

986 2179 1091 2206 insulas
1114 2179 1246 2212 incolere,
1271 2183 1299 2206 et
1325 2186 1387 2206 cum
1415 2179 1469 2206 illis
1491 2179 1641 2206 exsultare.
1670 2177 1773 2204 Eurum

987 2233 1053 2252 vero
1076 2224 1124 2260 qui
1157 2225 1241 2260 impie
1265 2225 1312 2252 hic
1335 2225 1478 2256 viventes,
1505 2225 1613 2259 impure
1639 2224 1720 2251 simul
1746 2229 1775 2251 et

988 2269 1092 2304 pollute
1110 2269 1243 2302 obierint,
1260 2270 1367 2297 animas
1382 2269 1409 2296 in
1427 2269 1560 2296 obscuros
1572 2273 1600 2296 et
1618 2267 1774 2295 tenebrico-
1788 2297 1791 2301 I

988 2323 1034 2343 sos
1048 2316 1124 2342 locos
1137 2315 1293 2349 discedere,
1307 2320 1335 2343 et
1352 2315 1381 2342 in
1394 2314 1507 2343 ﬂuvium
1523 2314 1667 2350 perpetuis
1676 2313 1776 2341 ardeti-

988 2367 1042 2389 tem
1059 2361 1179 2396 ignibus.

1025 2418 1051 2445 6.
1075 2419 1108 2446 Et
1124 2418 1181 2446 luce
1196 2418 1306 2453 quidem
1319 2418 1467 2447 iulololalrte
1477 2419 1564 2447 Graeci
1580 2419 1705 2447 tradunt.
1718 2419 1776 2448 Ma’

989 2463 1083 2490 homet
1110 2471 1199 2495 vero,
1226 2464 1273 2498 qui
1306 2471 1335 2491 se
1369 2464 1544 2492 orthodomn
1573 2472 1633 2492 esse
1662 2469 1691 2493 et
1719 2466 1777 2492 Deo

989 2509 1146 2543 proximum
1180 2509 1263 2541 dicit,
1295 2509 1453 2545 liujusmodi
1481 2509 1599 2537 absurda
1625 2514 1653 2541 et
1685 2510 1776 2545 turpia

988 2553 1097 2588 legibus
1112 2554 1282 2581 constituit?
1295 2553 1407 2581 Minime
1423 2560 1497 2582 certe
1521 2554 1683 2590 perpendit,
1701 2556 1776 2590 quod

989 2599 1082 2626 omnia
1105 2599 1164 2626 haec
1183 2599 1251 2631 odii,
1272 2599 1319 2627 ira:
1333 2604 1362 2627 et
1378 2600 1483 2634 peceati
1506 2599 1620 2627 allectus
1649 2600 1714 2627 sint.
1732 2599 1777 2628 Si-

990 2644 1101 2676 quidem
1131 2649 1195 2672 ante
1221 2644 1317 2673 Adami
1345 2646 1608 2680 transgressionem,
1632 2645 1680 2672 ubi
1709 2650 1775 2674 tunc

991 2691 1106 2718 balnea?
1129 2691 1175 2718 ubi
1190 2691 1307 2719 domus?
1322 2691 1367 2719 ubi
1380 2691 1529 2719 mulieres?
1553 2691 1620 2719 Post
1632 2695 1778 2726 peccatum

991 2743 1058 2762 vero
1075 2741 1102 2763 et
1115 2736 1335 2764 maledictionem
1350 2756 1357 2768 ,
1373 2743 1474 2771 corpus
1488 2739 1584 2763 contra
1599 2736 1716 2763 animum
1732 2736 1777 2762 i‘nv

988 2785 1045 2807 star
1062 2779 1126 2817 lerat
1149 2780 1290 2815 cujusdam
1309 2780 1458 2808 insurrexit
1474 2788 1482 2807 :
1499 2784 1527 2807 et
1542 2787 1605 2807 cum
1621 2778 1679 2806 haec
1695 2778 1776 2806 almus

987 2825 1044 2854 luta
1057 2826 1103 2855 Dei
1129 2826 1348 2856 consideratione
1369 2830 1487 2861 careret,
1506 2831 1607 2860 corpus
1621 2823 1699 2860 vicit,
1715 2830 1774 2850 am-
