1946 3081
156 101 207 133 551

739 101 901 132 JOANNIS
920 77 1185 132 CA.‘lT.\CUZEN[

1721 101 1773 133 ἐῢ]

159 165 233 184 mum
251 161 302 188 est,
317 163 379 183 cum
401 156 504 183 malitia
519 155 644 183 laudatur
658 178 672 192 ,1
690 164 740 184 nec
759 158 862 186 malitia
880 166 939 185 esse

997 159 1030 185 in
1049 168 1058 184 ι
1088 159 1255 185 Ἐπαινεῖται
1276 159 1290 184 ὁ
1304 158 1463 193 ἁμαρτωλὸς
1486 159 1515 185 ἐν
1537 160 1596 190 ταῖς
1616 159 1776 195 ἐπιθυμίαις

159 203 292 231 creditur.
310 203 446 230 Mahomet
465 203 550 235 enim,
563 203 596 230 dc
608 211 663 237 quo
676 210 767 230 sermo
781 208 835 236 est,
853 204 939 231 homi-

161 256 224 276 num
237 249 372 276 voluntati
388 253 415 275 et
433 249 565 284 voluptati
595 249 621 276 in
647 249 745 284 primis
764 249 885 283 studuit,
912 255 940 277 et

159 295 310 323 secundum
325 294 375 322 has
394 295 498 327 docuit,
514 299 543 322 ut
557 295 704 329 voluptatis
718 295 744 322 vi
757 303 837 330 quam
854 296 940 330 pluri-

161 349 219 367 mus
231 340 375 368 stultorum
401 340 564 367 attraherct.
593 340 708 375 Insuper
730 348 796 368 num
814 341 865 368 soli
889 341 938 368 viri

161 385 216 412 Deo
231 393 303 412 cura:
317 390 391 416 Slilll,
410 389 538 419 tanquam
551 390 685 412 creatura:
705 385 800 420 ipsius,
812 385 941 412 mulieres

163 437 226 458 vero
253 437 422 464 nequaquam
434 449 442 463 ,
464 437 525 456 cum
540 437 594 456 non
621 430 676 457 sint
692 430 739 457 Dei
761 429 941 465 figmentum?

160 476 284 510 Numquc
299 476 381 510 igitur
412 475 463 502 viri
479 480 582 502 tantum
604 476 702 503 talibus
715 484 728 503 a
745 476 799 502 Deo
817 477 938 510 acceptis

160 522 237 547 liﬂllla
251 521 385 552 fruentur,
398 521 527 548 mulieres
537 528 602 547 vero
613 521 694 547 nullis
709 521 838 548 omnino?
852 520 942 553 Quan—

164 565 311 600 doquidcm
327 569 417 592 autem
434 573 485 592 una
497 570 621 592 creatura
637 569 678 592 est.
703 565 755 592 viri
768 569 795 592 et
809 565 942 597 mulieris,

162 611 291 646 idemque
317 611 398 637 bomo
413 615 455 638 est
469 611 556 638 oumis
577 611 668 643 homo,
695 611 773 645 sique
796 618 891 638 omnes
907 611 945 638 si—

161 656 218 682 mili
235 656 338 682 ratione
350 654 489 690 judicandi
508 659 582 686 sunt,
605 658 632 682 et
654 654 738 682 simili
753 656 859 682 ratione
871 663 945 682 recc-

161 700 246 734 pturi,
262 700 308 734 qui
322 699 433 731 quidem
450 699 562 726 honeste
573 699 710 732 vixerunt,
723 699 804 732 bona,
819 700 865 734 qui
877 708 943 728 vero

162 746 243 778 male,
256 745 323 772 iram
338 745 394 774 Dei.
417 746 552 780 repulsam
567 753 740 780 pmuamquc,
758 746 870 772 omnino
886 755 943 773 ma-

166 793 264 820 nifeste
280 797 386 819 constat
397 800 492 819 omnes
510 793 632 819 homines
649 793 863 828 idemjudicium
879 794 944 821 sub-

990 205 1039 238 τῆς
1055 204 1144 238 ψυχῆς
1158 204 1253 237 αὑτοῦ,
1263 204 1310 231 καὶ
1324 205 1337 230 ὁ
1352 204 1451 231 ἀδικῶν
1463 204 1652 238 ειιευλογεῖται,
1668 214 1678 231 ›
1695 214 1774 233 τουτ-

991 249 1075 283 έστιν,
1092 250 1244 276 ἐπαινεῖται
1267 249 1315 275 καὶ
1347 249 1549 283 ἑγκωμιάζεται
1573 251 1646 285 παρὰ
1660 251 1714 277 τῶν
1729 259 1775 276 κο-

991 295 1159 331 λακευόντων
1175 295 1267 329 αὐτὸν,
1282 295 1330 322 καὶ
1355 295 1534 330 ὲρεθιζόντων
1564 296 1648 322 αὐτοῦ
1663 296 1712 331 τὴν
1727 305 1775 322 κα-

995 329 1068 372 κίαν,
1096 341 1143 367 καὶ
1161 340 1228 374 μηδὲ
1249 329 1377 371 ατσθησιν
1400 340 1448 374 τῆς
1467 340 1544 367 νόσου
1570 339 1636 374 γοῦν
1653 329 1696 366 διά
1712 349 1775 366 σιω-

993 385 1047 418 πῆς
1064 385 1212 420 ἐμποιῆσαι
1228 385 1411 419 ἀνεχομένων.
1438 384 1483 411 Διὸ
1505 385 1552 411 καὶ
1567 385 1675 414 ἀνίατος
1690 386 1704 411 ὁ
1719 394 1777 411 τοι-

993 430 1071 460 οῦτος
1089 429 1259 464 εὑρίσκεται.
1276 428 1313 455 Τὸ
1323 430 1378 464 γὰρ
1395 429 1462 464 μηδὲ
1474 429 1599 464 αἴσθησιν
1613 429 1659 456 τοῦ
1674 430 1777 462 πάθους

993 476 1053 510 ελον
1081 475 1229 509 θεραπείαν
1255 474 1316 501 οὕτε
1342 475 1428 509 ζητεῖ,
1456 474 1518 502 οὔτε
1545 475 1697 509 προσίεται.
1723 477 1778 502 Καὶ

993 521 1072 547 τοῦτο
1083 521 1141 547 ἔστι
1155 521 1185 547 τὸ
1196 521 1305 547 πάντων
1316 520 1479 552 δεινότατον,
1494 521 1558 547 ὅταν
1567 521 1584 555 ὴ
1601 521 1683 547 κακία
1700 522 1778 547 ἐπαι-

994 567 1082 600 νῆται,
1099 566 1145 592 καὶ
1164 566 1229 600 μηδὲ
1250 566 1333 592 κακία
1350 563 1420 593 εἶναι
1433 566 1587 601 νομίζηται.
1609 567 1639 592 '0
1659 567 1714 601 γὰρ
1728 568 1775 602 δη-

995 611 1090 643 λωθεὶς
1114 612 1238 646 Μωάμεο
1258 611 1292 638 τὰ
1309 611 1374 647 πρὸς
1390 612 1469 647 χάριν
1481 613 1529 638 καὶ
1545 612 1645 646 τέρψιν
1661 613 1714 638 τῶν
1729 614 1778 639 ἁν-

995 657 1111 692 θρώπων
1130 657 1280 684 ἐσπούδασε
1303 657 1349 684 καὶ
1374 657 1504 691 ἐδίδαξεν,
1526 658 1570 684 (va
1586 658 1629 684 διὰ
1644 650 1701 693 τῆς
1718 659 1779 693 ἡδο-

995 703 1043 737 νῆς
1060 703 1248 737 ἐπισπάσηται
1265 703 1295 730 τὸ
1306 703 1407 738 πλῆθος
1418 704 1472 730 τῶν
1483 703 1619 739 ἀφρόνων.
1637 704 1697 730 Ἔτι
1713 704 1779 737 περὶ

994 748 1047 774 τῶν
1069 748 1172 783 ἀνδρῶν
1199 748 1279 782 μόνον
1298 748 1373 783 μέλει
1397 748 1435 782 τῷ
1456 748 1525 782 Θεῷ,
1548 749 1586 780 ὡς
1610 749 1779 783 πλασμάτων

996 792 1089 825 αὐτοῦ,
1106 795 1169 827 περὶ
1187 793 1217 819 δὲ
1241 793 1294 819 τῶν
1311 793 1446 826 γυναικῶν
1473 793 1608 828 οὐδαμῶς,
1637 794 1680 820 διὰ
1694 794 1723 820 τὸ
1739 794 1778 829 μὴ

162 839 259 869 ituros,
285 843 339 865 tam
366 839 437 866 viros
447 846 527 873 quam
540 839 679 872 mulieres,
695 847 756 866 cum
771 847 824 866 una
837 839 946 867 eadem-

997 836 1065 865 εἶναι
1094 826 1178 868 αὑτάς
1202 838 1314 872 πλάσμα
1338 838 1418 864 Θεοῦ.
1452 839 1506 865 Καὶ
1529 826 1572 865 διὰ
1588 838 1667 865 τοῦτο
1684 840 1707 865 cl

162 892 215 918 que
233 885 329 911 horum
346 889 441 911 natura
458 885 495 911 sit
510 893 517 911 ς
531 885 627 912 eodem
648 886 729 912 etiam
754 886 835 912 modo
851 893 946 913 omnes

161 932 238 963 juxta
253 938 335 965 opera
364 938 423 962 sua,
453 938 513 965 qnze
536 936 726 966 patraverunt,
748 932 790 959 vel
815 933 886 959 bona
904 932 946 959 vel

139 970 145 974 ’
164 977 234 1003 mala
250 981 314 1003 sunt
327 977 474 1011 recepturi.
492 976 587 1004 Restat
605 977 697 1012 igitur,
715 979 786 1012 quod
800 982 828 1005 et
841 979 945 1013 justum

162 1025 189 1047 et
204 1022 332 1048 decorum
347 1027 398 1054 est,
415 1026 445 1048 ut
456 1022 587 1049 mulieres
610 1022 704 1050 eadem
719 1043 726 1055 ,
744 1030 804 1057 quae
817 1023 883 1056 viri,
902 1031 946 1050 ac-

164 1067 277 1101 cipiant.
293 1067 326 1094 Et
343 1067 573 1102 quemadmodum
586 1068 748 1104 unicuique,
762 1069 808 1104 qui
830 1069 946 1097 honeste

164 1113 246 1139 vitam
263 1121 340 1140 suam
354 1114 496 1148 transegit,
519 1114 596 1149 juxta
610 1114 758 1142 Mahometi
783 1113 857 1150 leges
875 1122 947 1142 mer-

162 1159 238 1185 cedis
252 1158 312 1185 loco
328 1159 420 1186 multa:
436 1159 568 1186 mulieres
584 1159 785 1192 retribuuntur,
797 1160 837 1187 sic
849 1159 948 1188 dentur

162 1204 244 1230 «tiam
261 1203 388 1238 singulis.
412 1211 473 1238 quae
488 1204 603 1232 honeste
618 1205 755 1238 vixerunt,
769 1205 945 1238 mulieribus,

163 1248 257 1281 plures
287 1248 349 1275 \iri.
375 1248 451 1281 Quod
466 1249 487 1276 si
503 1250 555 1276 hoc
574 1254 701 1285 tanquam
718 1251 868 1278 absurdum
882 1252 947 1279 reti-

162 1294 231 1327 cuit,
242 1293 337 1321 eadem
350 1299 440 1322 mente
457 1295 599 1330 ctjudicio
617 1296 651 1324 de
665 1296 732 1324 viris
744 1304 854 1332 quoque
870 1297 946 1324 illum

163 1340 266 1366 sentire
291 1344 319 1367 ct
339 1339 464 1374 judicare
488 1341 678 1369 conveniebat.
698 1341 834 1369 Prteterea
853 1342 948 1377 plures

165 1385 204 1411 illi
220 1384 271 1412 viri
295 1385 383 1412 unica:
409 1384 465 1412 dati
481 1386 609 1418 mulieri,
632 1387 675 1413 vel
702 1386 791 1414 laudis
805 1388 891 1422 gratia
908 1387 946 1414 illi

163 1432 305 1459 dabuntur
334 1432 427 1467 (quod
459 1433 564 1461 scilicet
595 1433 711 1461 honeste
741 1435 884 1469 vixerint)
905 1435 946 1461 vel

165 1477 362 1506 damnationis.
398 1477 501 1510 Quodsi
526 1486 574 1506 ceu
593 1479 706 1506 honeste
725 1479 780 1506 vita
794 1487 843 1507 sua
860 1479 947 1507 functi

165 1524 204 1551 sic
222 1529 442 1558 remunerantur,
471 1532 521 1552 cur
535 1524 577 1552 bis
590 1532 644 1552 non
672 1525 765 1560 plures
791 1525 859 1552 datae
884 1530 948 1552 sunt

167 1569 295 1596 mulieres
305 1589 312 1600 ,
341 1569 465 1596 beneficii
477 1574 505 1596 et
517 1569 650 1597 mercedis
661 1570 745 1604 gratia
755 1589 763 1602 ,
789 1573 820 1596 ut
839 1569 943 1597 dictum

165 1618 228 1646 est,
252 1614 300 1642 sed
313 1615 402 1649 potius
419 1614 484 1641 viris
506 1614 599 1642 multis
619 1614 717 1642 mulier
733 1614 809 1641 una?
832 1614 860 1641 Si
884 1622 949 1641 vero

167 1659 233 1686 illud
248 1665 298 1686 ceu
315 1659 502 1686 condemnatis
526 1659 660 1694 contingit
670 1678 678 1691 ,
704 1658 761 1686 hare
776 1658 870 1686 eadem
883 1665 949 1686 sane

167 1703 297 1731 beneficia
322 1704 429 1736 laudis,
457 1708 484 1731 et
496 1704 575 1731 bona:
600 1703 789 1731 retributionis
811 1703 948 1730 domicilia

165 1754 241 1780 sunt,
257 1748 343 1776 veluti
356 1748 493 1776 Maliomet
511 1753 631 1776 enarrat.
647 1747 725 1781 Quod
739 1748 810 1775 idem
827 1747 861 1775 de
879 1748 949 1774 mul-

166 1793 201 1820 tis
216 1793 375 1821 muleribus
401 1793 447 1820 uni
466 1793 525 1820 viro
547 1793 620 1820 datis
641 1792 813 1820 sentiendum
839 1797 891 1820 est.
921 1792 948 1820 Si

164 1839 239 1865 enim
256 1838 323 1865 viris
342 1838 442 1866 dantur
456 1845 506 1865 ceu
528 1837 733 1866 damnationem
749 1838 853 1865 merita:
866 1857 873 1869 ,
899 1845 950 1864 cur

165 1886 193 1911 in
211 1885 320 1911 easdem
339 1883 397 1911 haec
420 1883 600 1910 conferuntur
622 1882 775 1910 beneficia?
800 1883 828 1910 Si
855 1887 947 1910 autem

165 1929 273 1956 laudem
290 1932 458 1961 meruerunt,
472 1935 521 1954 cur
532 1928 578 1955 uni
594 1928 653 1954 viro
667 1927 759 1955 multa:
772 1927 950 1955 tribuuntur?

167 1975 201 2001 Et.
215 1974 343 2009 quidnam
361 1973 411 2001 hac
429 1973 589 2001 confusione
603 1978 645 2000 est
655 1973 804 2001 absurdius
825 1978 853 2001 et
864 1974 950 2009 magis

165 2019 308 2046 deforme?
330 2017 444 2045 Videsne
461 2018 488 2044 in
507 2022 573 2052 quot
587 2017 714 2045 absurda
727 2017 770 2045 uel
791 2018 894 2046 invitus
909 2019 951 2046 in-

165 2064 244 2096 cidit,
257 2064 303 2098 qui
316 2071 331 2091 a
341 2063 383 2090 via
395 2071 460 2090 vera
473 2062 630 2090 aberravit?
646 2062 698 2090 Sed
717 2061 829 2090 minime
843 2063 900 2091 haec
913 2063 949 2091 ita

166 2114 247 2142 sunt;
261 2117 313 2136 non
332 2113 408 2141 sunt,
425 2109 552 2144 inquam,
567 2108 634 2135 hac.
662 2108 728 2141 Quae
753 2109 826 2136 enim
848 2109 950 2136 sanctis

165 2155 315 2182 exsolvitur
327 2155 482 2187 retributio,
495 2162 548 2181 non
562 2154 589 2181 in
603 2151 709 2182 deliciis
722 2158 857 2187 versatur,
872 2159 948 2189 pota-
962 2164 988 2194 υ

167 2200 298 2232 tionibus.
319 2201 423 2228 balneis
446 2205 471 2228 et
488 2199 666 2233 mulieribus,
697 2207 758 2234 qua:
777 2201 868 2227 omnia
887 2208 950 2234 pec-

166 2245 219 2272 cati
236 2250 263 2272 ct
280 2246 326 2272 irae
342 2245 448 2273 fructus
467 2249 541 2275 sunt,
560 2249 589 2271 ut
604 2244 707 2272 dictum
722 2249 783 2277 est;
799 2252 893 2271 verum
908 2253 950 2272 re-

169 2290 281 2317 uihutio
299 2290 356 2317 iure
367 2289 499 2317 sanetitas
512 2294 564 2322 est,
580 2290 684 2324 puritas
695 2293 721 2316 et
735 2289 790 2316 vita
815 2289 947 2324 angelica,

166 2335 293 2370 gaudium
303 2340 329 2362 et
338 2335 472 2368 hilaritas,
481 2334 686 2367 etessultatio,t
699 2342 780 2369 quam
789 2335 884 2362 oculus
892 2342 948 2362 non

167 2379 244 2412 vidit,
255 2383 282 2406 ct
289 2380 364 2407 auris
372 2387 426 2406 non
433 2380 548 2412 audivit,
559 2387 610 2407 nec
618 2379 644 2407 in
651 2387 697 2407 cor
705 2379 824 2407 hominis
830 2387 949 2413 unquam

164 2424 330 2452 ascendit".
346 2433 356 2451 ›
374 2425 456 2452 Vides
475 2425 568 2460 itaque
582 2425 701 2452 fructum
717 2424 866 2460 legislatori
884 2425 949 2452 huic

164 2477 197 2495 ex
207 2477 255 2496 sua
267 2469 325 2504 lege
335 2470 730 2506 provenientem.Cognoscitur
737 2475 827 2497 autem
835 2470 948 2498 afructu

163 2522 276 2548 operum
291 2515 361 2542 ratio
374 2515 459 2549 illius,
470 2521 516 2543 aut
535 2516 608 2543 non?
627 2516 660 2542 Et
671 2515 732 2550 «luis
747 2520 801 2543 tam
819 2515 946 2551 stupidus

161 2563 190 2584 et
204 2564 367 2592 excaecatus,
385 2566 413 2587 ut
423 2561 480 2588 haec
489 2568 548 2595 qua:
558 2560 631 2588 dicta
642 2566 707 2589 sunt
722 2569 775 2589 non
790 2561 947 2596 intelligat?

163 2603 308 2634 Quomodo
323 2604 404 2639 Igitur
418 2604 503 2632 Deum
520 2611 658 2632 auctorem
669 2605 776 2638 referet,
792 2606 839 2640 qui
852 2606 947 2641 hujus-

163 2646 236 2673 .uodi
251 2648 364 2675 statuit?
378 2648 411 2676 Et
421 2649 454 2676 de
468 2649 510 2677 his
523 2649 653 2684 quidnam
669 2650 792 2684 pluribus
804 2659 873 2685 opus
887 2652 947 2679 est?

997 883 1094 917 ἄνδρες
1125 882 1269 917 μέλλουσιν
1299 882 1446 909 ἀπολαύειν
1474 882 1529 909 τῶν
1553 883 1627 918 παρὰ
1648 883 1694 909 τοῦ
1709 882 1777 909 Θεοῦ

996 927 1125 954 τοιούτων
1145 927 1265 962 ἀγαθῶν.
1282 929 1309 954 αί
1324 927 1352 954 δὲ
1370 929 1500 962 γυναῐκες
1517 927 1648 960 unum;
1665 926 1704 954 ἰι
1717 928 1778 954 ἐπεὶ

999 973 1051 1007 μία
1065 973 1144 1007 φύσις
1171 973 1245 999 ἐστὶν
1268 973 1363 1007 ἀνδρὸς
1378 973 1426 1000 καὶ
1452 973 1591 1007 γυναικὸς,
1615 975 1661 1000 καὶ
1673 971 1712 1004 εἷς
1730 974 1779 1000 ἄνη

998 1018 1107 1053 θρωπός
1125 1019 1183 1044 ἐστι
1200 1019 1254 1049 πᾶς
1279 1018 1432 1054 ἄνθρωπος,
1457 1020 1505 1046 καὶ
1533 1019 1633 1054 ὁμοίως
1651 1019 1779 1054 μέλλουσι

997 1063 1124 1098 κριθῆναι
1150 1065 1173 1090 ot
1200 1065 1310 1096 πάντες,
1327 1065 1376 1092 καὶ
1393 1065 1494 1099 ὁμοίως
1510 1065 1651 1100 μέλλουσιν
1675 1065 1794 1091 ἀπολα-’

997 1109 1066 1141 ὃεῑν,
1081 1110 1106 1136 οί
1121 1109 1170 1144 μὲν
1185 1110 1275 1141 καλῶς
1291 1109 1516 1145 πολιτευσάμενοι
1532 1110 1633 1145 ἀγαθὰ,
1646 1111 1671 1137 οί
1688 1110 1716 1137 δὲ
1731 1119 1781 1137 κα·

997 1154 1052 1186 κῶς
1064 1153 1149 1189 ὀργὴν
1164 1154 1231 1181 Θεοῦ
1246 1155 1294 1181 καὶ
1308 1155 1484 1191 ἀποστροφὴν
1501 1156 1549 1182 καὶ
1563 1156 1686 1187 κόλασιν,
1712 1156 1781 1182 πάν-

996 1208 1050 1231 τως
1074 1209 1125 1227 που
1146 1200 1227 1227 παντί
1255 1209 1307 1227 που
1331 1201 1409 1236 δῆλον
1435 1202 1475 1228 ὅτι
1504 1201 1615 1233 πάντες
1641 1202 1779 1237 ἂνθρωποι

996 1246 1096 1280 ὁμοίως
1134 1247 1261 1281 μέλλουσι
1296 1248 1433 1283 κριθῆναι,
1459 1249 1554 1283 ἄνδρες
1577 1257 1607 1275 τε
1622 1250 1669 1275 καὶ
1687 1250 1780 1282 γυναῖο

997 1300 1064 1324 χες,
1094 1292 1155 1319 ἐπεὶ
1183 1294 1229 1319 καὶ
1253 1294 1303 1328 μία
1332 1294 1378 1320 καὶ
1399 1295 1415 1328 ἡ
1440 1294 1510 1329 αὐτὴ
1538 1294 1616 1328 φύσις
1647 1294 1706 1320 ἐστὶ
1736 1294 1782 1320 καὶ

997 1336 1097 1372 ὁμοίως
1131 1337 1272 1372 μέλλουσιν
1300 1338 1457 1370 ἀπολαϐεῖν,
1485 1339 1522 1370 ὠς
1547 1339 1660 1370 ἕκαστος
1692 1340 1782 1366 αὐτῶν

984 1383 1099 1419 ,ἔπραξε
1112 1384 1185 1410 κακά
1197 1392 1225 1409 τε
1241 1384 1287 1410 καὶ
1307 1383 1409 1418 ἀγαθά.
1431 1385 1486 1411 Καὶ
1502 1385 1597 1412 λοιπον
1611 1385 1641 1412 τὸ
1658 1385 1724 1412 αὐτὸ
1739 1385 1781 1411 δί-

998 1429 1076 1455 καιόν
1092 1429 1149 1455 ἐστι
1167 1430 1213 1456 καὶ
1231 1430 1347 1465 πρέπον,
1364 1430 1407 1456 ίνα
1422 1430 1525 1457 λάϐωσι
1544 1432 1591 1458 καὶ
1607 1432 1634 1458 αἱ
1650 1432 1782 1465 γυναῖκες

998 1475 1066 1510 ὅπερ
1079 1475 1104 1501 οἱ
1118 1475 1212 1510 ἄνδρες
1227 1483 1235 1490 ·
1261 1476 1309 1502 καὶ
1325 1475 1419 1511 ὥσπερ
1434 1476 1550 1503 δίδονται
1573 1477 1640 1512 πρὸς
1651 1478 1714 1509 τοὶς
1733 1486 1783 1504 κα-

974 1520 983 1531 ¹
999 1519 1053 1551 λιῖις
1078 1519 1323 1555 πολιτευσαμένους
1345 1521 1385 1547 ἑνὶ
1410 1520 1518 1557 ἑκάστῳ
1543 1521 1638 1548 πολλαὶ
1653 1523 1783 1556 γυναῖκες

999 1565 1167 1599 ἀντιμισθία,
1192 1565 1283 1597 καθὼς
1297 1566 1311 1592 ό
1343 1566 1465 1600 Μωάμεθ
1489 1567 1638 1601 νομοθετεῖ,
1657 1567 1783 1594 διδόσθω-

1001 1619 1051 1637 σαν
1065 1611 1112 1637 uel
1130 1611 1198 1646 πρὸς
1217 1611 1266 1641 τὰς
1282 1611 1373 1643 καλῶς
1395 1612 1630 1647 πολιτευσαμένας
1647 1614 1782 1646 γυναῖκας

1002 1655 1052 1690 μιᾷ
1066 1654 1170 1690 ἑκάστῃ
1185 1655 1275 1681 πολλοὶ
1286 1654 1392 1689 ἄνδρες.
1405 1656 1435 1682 Εἰ
1447 1655 1471 1682 δ’
1483 1656 1520 1687 ὼς
1532 1656 1631 1683 ἄτοπον
1643 1656 1782 1691 παρεσιώ-

1000 1709 1086 1735 πησεν
1105 1701 1180 1734 αὐτὸ,
1199 1700 1248 1736 τὴν
1271 1701 1355 1736 αὐτὴν
1367 1701 1470 1728 ἔννοιαν
1493 1703 1540 1728 καὶ
1552 1703 1642 1737 κρίσιν
1661 1702 1783 1737 επρεπεν

1001 1746 1044 1773 ἵνα
1058 1747 1254 1782 ἀναλογίσηται
1279 1749 1327 1774 καὶ
1352 1748 1432 1783 κρίνῃ
1445 1748 1493 1774 καὶ
1509 1749 1574 1784 περὶ
1594 1749 1648 1775 τῶν
1665 1748 1782 1784 ἀνδρῶν.

1002 1792 1061 1818 Ἔτι
1078 1793 1102 1818 al
1129 1793 1222 1819 πολλοὶ
1245 1793 1341 1828 ἄνδρες
1364 1793 1388 1820 oi
1411 1793 1585 1828 δοθησόμενοι
1604 1794 1653 1829 μιᾷ
1672 1795 1783 1828 γυναικὶ

1000 1836 1038 1868 ὠς
1053 1837 1188 1872 ἀποδοχῆς
1207 1837 1277 1869 ἄξιοι
1303 1837 1429 1872 μέλλουσι
1449 1838 1558 1872 δοθῆναι
1588 1838 1632 1865 διὰ
1646 1839 1677 1865 τὸ
1692 1839 1784 1870 καλῶς

1000 1880 1097 1912 αὐτοὺς
1117 1881 1316 1917 πολιτευθῆναι,
1336 1883 1352 1916 ἢ
1373 1882 1411 1913 ὡς
1429 1882 1579 1917 καταδίκη;
1596 1891 1603 1898 ·
1623 1882 1673 1910 καὶ
1687 1884 1712 1910 εί
1733 1884 1783 1918 μὲν

998 1925 1036 1956 ὡς
1050 1925 1140 1957 καλῶς
1164 1926 1262 1957 αὐτοὺς
1286 1927 1542 1962 πολιτευσαμένους,
1569 1927 1640 1955 διατι
1662 1929 1712 1955 οὐκ
1724 1929 1783 1955 ὲ.δᾶ-

1001 1969 1085 2004 Θησαν
1102 1970 1194 2001 αὐτοῖς
1221 1971 1262 1997 ἑνὶ
1285 1971 1392 2006 ἑκάστῳ
1407 1973 1537 2006 γυναῖκες
1550 1973 1647 2000 πολλαὶ
1673 1973 1783 2008 εύεργε·

1001 2016 1060 2047 σίας
1075 2016 1155 2055 χᾴριν
1168 2017 1216 2043 καὶ
1226 2017 1408 2051 ἀντιμισθίας,
1429 2018 1468 2049 ὡς
1491 2019 1583 2053 Λέγετε
1595 2037 1603 2051 ,
1620 2019 1688 2046 ἀλλὰ
1716 2020 1784 2055 μᾶλ-

999 2061 1044 2087 λον
1064 2054 1119 2093 τοίς
1134 2061 1240 2093 πολλοῖς
1252 2062 1365 2098 ἀνδράσι
1383 2063 1452 2099 γυνὴ
1477 2064 1543 2098 μία,
1563 2064 1594 2090 El
1610 2064 1634 2091 δ’
1645 2064 1684 2096 ὡς
1699 2054 1785 2092 κατα-

1001 2107 1116 2140 κρίτοις,
1136 2108 1182 2134 καὶ
1210 2107 1264 2142 μὴν
1280 2109 1305 2134 al
1330 2108 1453 2135 τοιαῦται
1478 2109 1633 2144 εὐεργεσίαι
1649 2110 1784 2146 ἀποδοχῆς

1001 2151 1047 2177 καὶ
1063 2152 1169 2187 ἀγαθῆς
1186 2153 1361 2187 ἁντιμισθίας
1378 2153 1484 2188 δόματὰ
1502 2155 1581 2187 εἰσιν,
1597 2155 1635 2187 ὡς
1662 2156 1676 2182 ὁ
1699 2156 1784 2182 Maxi-

1002 2198 1051 2232 μεθ
1067 2198 1232 2232 διαγορεύει.
1249 2198 1285 2226 Τὸ
1303 2199 1372 2225 αὐτὸ
1389 2199 1436 2226 κα)⁸
1450 2200 1495 2226 ἐπὶ
1508 2199 1563 2226 τῶν
1575 2200 1680 2228 πολλῶν
1691 2209 1785 2235 γυναι-

1001 2244 1056 2270 κῶν
1068 2244 1122 2270 τῶν
1133 2244 1320 2278 δοθησομένων
1333 2245 1373 2271 ἑνὶ
1383 2245 1460 2280 ἀνδρί
1470 2252 1477 2260 ·
1491 2247 1515 2272 εί
1529 2245 1578 2281 μὲν
1590 2245 1627 2278 ὥς
1636 2248 1786 2281 καταδίκης

1003 2290 1088 2322 ἄξιαι,
1118 2290 1178 2321 πῶς
1200 2284 1318 2317 δίδονται
1343 2292 1412 2326 πρὸς
1436 2292 1524 2324 αὑτὰς
1552 2293 1727 2329 εὐεργεσίαις
1757 2295 1782 2321 εἰ

1001 2335 1023 2362 δ’
1038 2335 1172 2371 ἀποδοχῆς
1202 2336 1294 2370 ἄξιαι,
1318 2337 1389 2364 διατί
1421 2338 1536 2365 δ.δονται
1563 2340 1592 2366 αί
1620 2339 1718 2367 πολλαὶ
1745 2341 1785 2367 ἑνὶ

1001 2380 1096 2415 ἀνδρί;
1113 2382 1168 2408 Καὶ
1181 2382 1207 2408 τί
1231 2383 1280 2417 τῆς
1296 2383 1425 2419 τοιαύτης
1440 2385 1597 2419 συγχύσεως
1613 2385 1785 2421 ἀτοπώτερον

1002 2432 1030 2450 τε
1048 2425 1096 2452 καὶ
1109 2427 1272 2462 ἀηδέστερον
1283 2436 1291 2461 ;
1307 2428 1418 2460 Βλέπεις
1434 2430 1492 2462 πῶς
1503 2432 1517 2457 ό
1530 2432 1720 2467 παρατραπεὶς
1733 2431 1783 2466 τῆς

1001 2469 1109 2501 εὐθείας
1122 2471 1184 2498 ὁδοῦ
1195 2474 1234 2504 εἰς
1245 2474 1314 2500 πόσα
1326 2474 1414 2501 ἄτοπα
1430 2476 1619 2510 παρεμπίπτει
1631 2477 1678 2503 καὶ
1692 2477 1783 2510 ἄκωνς

1004 2515 1075 2542 Ἀλλ’
1089 2517 1139 2543 οὐκ
1151 2517 1208 2544 ἐστι
1222 2519 1312 2552 τοῦτο,
1325 2521 1374 2547 οὐκ
1390 2520 1472 2549 ἔστιν.
1491 2522 1529 2548 Οὐ
1545 2522 1599 2557 γάρ
1617 2523 1690 2549 ἐστιν
1705 2524 1722 2559 ἡ
1736 2523 1783 2550 τοῦ

999 2560 1068 2587 Θεοῦ
1086 2563 1154 2597 πρὸς
1182 2565 1244 2596 τοὺς
1270 2565 1363 2599 ἁγίους
1390 2566 1587 2601 μισθαποδοσία
1614 2570 1712 2604 τροφαὶ
1733 2570 1784 2596 καὶ

1003 2606 1103 2640 πόσεις,
1119 2609 1165 2634 καὶ
1180 2609 1281 2645 λουτρὰ
1300 2611 1348 2637 καὶ
1359 2614 1499 2646 γυναῖκες,
1521 2615 1600 2642 ἄτινά
1611 2617 1679 2643 εἰσιν
1693 2616 1784 2652 ἁμαρ-

1001 2653 1060 2684 τίας
1073 2655 1122 2680 καὶ
1146 2655 1230 2691 ὀργῆς
1257 2658 1484 2693 ἀποτελέσματα,
1514 2661 1553 2694 ὡς
1580 2662 1698 2698 εἴρηται,
1717 2663 1785 2698 ἀλλὰ

168 2692 297 2730 ἁγιοσύνη
314 2695 360 2721 καὶ
375 2696 538 2732 καθαρότης,
556 2698 602 2725 καὶ
617 2699 751 2736 ἁγγελικὴ
769 2699 900 2734 πολιτεία,
921 2701 994 2737 χαρά
1014 2710 1042 2729 τε
1056 2704 1104 2731 καὶ
1121 2704 1273 2741 εὐξροσύνη
1285 2708 1332 2733 καὶ
1347 2692 1517 2742 ἀγαλλίασις,
1574 2692 1785 2748 ﬁth-bellule);

197 2781 222 2797 τι
243 2781 295 2809 lsa.
316 2789 385 2814 Lx-iv,
403 2783 429 2817 5;
445 2783 453 2810 1
469 2783 530 2811 Cor.
547 2793 577 2818 ιι,
591 2786 617 2815 9.
