1949 3093
697 73 710 80 δ

197 135 252 168 591

791 138 951 170 JOANNIS
972 139 1237 171 CANTACUZENI

1760 139 1806 173 {-92

198 192 273 219 omni
297 184 412 220 scientia
433 193 575 225 destituta,
597 201 770 229 nequaquam
785 203 800 222 a
815 194 880 222 vero
901 195 975 221 aber~

1033 195 1093 221 ἐπεὶ
1107 196 1154 221 καὶ
1167 198 1180 222 ό
1194 196 1330 231 χείριστος
1349 197 1493 232 οῦκαὲστιν
1509 195 1642 232 ἀμίτοχος
1663 195 1752 231 πάντη
1768 197 1808 223 τοὶ

197 238 307 265 raverit.
321 237 392 271 Quid
403 239 476 266 enim
491 239 613 267 deterius
629 244 670 267 est
686 241 806 273 homine,
818 241 863 275 qui
875 241 979 267 ratione

195 288 225 311 et
250 283 406 311 eruditione
431 284 579 312 destitutus
607 285 665 312 est?
692 286 885 312 Verumtamen
917 293 980 312 cum

196 335 247 355 nec
274 329 410 362 pessimus
435 329 552 363 quisque
576 329 651 357 omni
673 330 744 357 bono
773 330 800 356 in
821 329 979 356 universum

196 377 300 405 careat,
318 373 386 400 nihil
407 378 496 401 tamen
513 374 564 401 hoc
580 373 723 408 profuerit.
741 373 782 400 En
797 374 868 401 enim
887 373 979 401 miseri

196 418 300 444 Arabes
326 418 390 444 dum
407 419 477 445 bona
501 424 636 453 quaerunt.
665 420 693 446 in
719 419 790 446 mala
810 419 978 450 inciderunt,

193 467 221 489 et
235 463 306 489 viam
323 463 418 490 salutis
440 467 600 498 appetentes
613 464 640 490 in
658 462 822 498 profundum
844 463 978 498 perditio-

141 514 143 517 ·
193 507 236 533 nis
251 507 353 541 delapsi
376 512 448 535 sunt.
466 507 602 534 Mahomet
627 507 700 534 enim
718 507 767 534 hos
787 515 820 534 ex
839 507 882 534 via
904 506 978 533 veri-

194 552 258 579 t..tis
286 552 415 580 seductos
443 553 470 580 in
491 557 597 579 montes
614 552 726 579 abduxit
748 557 776 579 et
803 551 976 583 solitudines,

194 596 324 631 locosque
346 604 415 631 quos
435 605 490 624 non
508 597 620 632 inspicit
645 597 787 628 Dominus.
807 601 837 624 ut
852 604 907 624 non
924 597 976 623 im—

195 642 295 669 merito
314 649 394 669 orare
410 642 581 674 debuissent,
600 642 715 669 dicendo
733 651 740 669 :
762 651 771 667 ε
794 642 907 679 Custodi
925 649 977 669 nos

194 696 209 715 a
235 688 332 723 laqueo
354 695 434 722 quem
449 692 600 722 posuerunt
614 688 702 717 nobis.
715 691 741 714 et
756 688 790 715 ab
805 687 977 715 ol‘l'endiculis

194 734 366 768 operantium
382 734 564 768 iniquitatem.
583 733 725 761 Constitue
737 733 851 760 Domine
871 733 977 768 leg'sla-

196 785 281 806 torem
298 787 380 814 super
395 787 456 807 nos.
474 789 483 804 ι
499 779 558 806 Non
574 783 663 806 tamen
684 783 826 814 propterea
848 786 897 812 pro
931 779 976 814 ju-

198 825 250 851 slis
265 824 448 856 habebuntur,
474 829 504 851 ut
525 825 571 859 qui
597 824 711 851 fortasse
728 825 775 851 Dei
796 824 975 856 voluntatem,

189 871 304 904 justum,
330 874 466 902 sanetum,
488 870 598 904 Deoque
623 870 755 904 placitum
777 870 974 903 ignoraverint.

191 915 220 942 In
254 917 409 943 universam
437 916 511 943 enim
543 920 643 943 terram
672 915 759 942 exivit
787 915 975 950 apostolorum

191 959 286 993 sonus,
301 966 329 988 et
344 961 520 995 Evangelium
536 961 562 987 in
578 965 663 988 totum
679 961 772 988 orbem
783 961 975 988 annuntiatum

189 1011 232 1032 est
255 1010 284 1033 et
297 1005 400 1033 Iudaeis
425 1010 454 1034 et
469 1006 606 1041 gentibus,
631 1006 660 1033 in
688 1006 874 1033 testimonium
899 1005 974 1040 ipsis.

189 1050 274 1083 Quale
293 1059 357 1079 vero
382 1051 504 1086 gentium
520 1051 727 1079 testimonium?
743 1051 835 1085 ipsum
855 1051 985 1085 Evanger

189 1094 269 1127 lium,
297 1096 355 1131 ipsa
383 1096 553 1132 praedicatio,
580 1097 638 1131 ipsa
666 1095 793 1123 doctrina
822 1096 973 1130 sapientum

187 1141 390 1176 apostolorum,
403 1141 450 1176 qui
465 1141 642 1176 Evangelium
658 1140 974 1167 annuntiaveruntomni

190 1191 333 1220 creaturae,
351 1194 366 1214 ο
390 1187 490 1221 quibus
518 1186 564 1213 alii
588 1185 698 1221 quidem
722 1186 838 1213 veritate
855 1178 974 1220 Acognita

190 1232 373 1258 adoraverunt
392 1230 599 1264 ’colueruntque
626 1229 714 1257 solum
744 1231 829 1257 Deum
858 1238 973 1262 verum;

190 1275 236 1302 alii
248 1283 315 1303 vero
327 1275 359 1302 ad
373 1282 405 1302 ea
424 1283 484 1309 quae
502 1274 678 1307 dicebantur,
694 1282 748 1302 non
767 1274 863 1302 intenti
878 1281 972 1306 erant;

190 1321 236 1348 alii
255 1328 363 1348 rursum
385 1320 418 1347 ad
442 1323 549 1354 tempus
563 1319 668 1351 ﬁdeles,
686 1324 780 1354 postea
801 1319 827 1346 in
843 1319 974 1354 perditio-

190 1367 233 1394 nis
246 1366 406 1394 barathrum
417 1365 520 1392 reversi
538 1368 614 1396 sunt,
634 1369 661 1391 et
680 1364 805 1399 quamvis
824 1364 974 1391 idololatrae

189 1419 244 1440 non
261 1411 373 1443 fuerint,
395 1415 424 1438 ut
439 1410 526 1445 prius,
539 1410 567 1437 in
584 1409 659 1437 aliud
684 1415 772 1437 tamen
793 1410 973 1444 praecipitium

190 1457 307 1492 apriori
335 1456 405 1483 nihil
436 1456 567 1483 diﬂ'erens
598 1456 765 1483 inciderunt.
798 1455 847 1482 Hie
882 1455 973 1490 itaque

191 1505 309 1539 primum
333 1507 473 1538 parentem
494 1510 573 1530 suum
590 1502 727 1529 diabolum
752 1503 856 1529 scilicet
882 1502 972 1528 imita-

1033 241 1150 275 ἀγαθοῦ·
1178 243 1201 268 εί
1225 242 1247 268 δ’
1263 241 1318 275 οὖν,
1337 243 1376 274 είς
1391 243 1420 269 τὸ
1434 242 1518 278 μηδὲν
1531 243 1671 279 ἐχώρησεν
1684 242 1727 269 ἄν.
1747 242 1807 268 Ἰδοῦ

1032 287 1078 313 καὶ
1094 287 1118 313 oi
1141 287 1254 319 τάλανες
1273 289 1392 323 ’Δραὸες
1418 289 1509 322 ἀγαθὰ
1537 287 1695 322 ζητοῦντες,
1721 289 1807 319 κακοῖς

1031 332 1168 366 ἐνέτυχον,
1183 333 1230 358 καὶ
1241 332 1301 359 ὁδὸν
1314 333 1450 367 σωτηρίας
1461 333 1612 365 αἰτοῦντες,
1625 332 1665 363 είς
1677 332 1808 367 βάραθρον

1030 377 1168 409 ἀπωλείας
1183 378 1322 405 ἐνέπεσον.
1342 379 1371 405 ’0
1387 378 1440 412 γὰρ
1456 377 1575 412 Μωάμεθ
1591 378 1683 404 οὐτοσὶ
1709 379 1740 404 ὲκ
1764 379 1808 412 τῆς

1029 421 1089 449 6δοῦ
1113 422 1162 457 τῆς
1184 422 1314 458 ἀληθείας
1330 422 1443 453 τούτους
1464 421 1617 456 πλανήσας,
1641 422 1680 452 είς
1700 421 1752 457 δρη
1769 422 1808 448 καὶ

1029 467 1146 500 ἐρημίας
1161 467 1304 502 εἰσήγαγε,
1328 467 1376 493 καὶ
1400 465 1563 502 τόπουςγοῦς
1593 467 1642 492 οὐκ
1669 467 1809 492 ἐπισκοπεῖ

1029 512 1130 547 Κύριος
1143 521 1150 528 ·
1166 513 1213 540 καὶ
1229 513 1341 544 δικαίως
1351 512 1468 547 ηὔξαντο
1480 513 1512 539 ἂν
1526 512 1659 543 εἰπόντες,
1674 521 1684 537 ι
1695 511 1808 543 Φύλαξον

1028 558 1112 592 ἡμᾶς,
1128 558 1213 593 Κύριε
1229 578 1236 591 ,
1251 559 1304 585 ἀπὺ
1322 559 1446 593 παγίδος,
1460 556 1493 594 ἧς
1519 559 1720 593 συνεστήσαντο
1737 558 1807 592 ἡμῖν,

1028 604 1077 630 καὶ
1095 604 1148 630 ἀπὸ
1162 604 1320 631 σκανδάλων
1332 604 1386 630 τῶν
1406 604 1600 638 ἐργαζομένων
1621 603 1672 637 τὴν
1686 599 1807 634 ἀνομίαν.

1028 649 1215 682 Κατάστησον,
1230 649 1316 683 Κύριε
1329 669 1336 681 ,
1350 649 1499 684 νομνιθέτην
1517 649 1559 683 ἐφ’
1575 649 1658 684 ἡμᾶς.
1677 657 1685 673 ι
1702 647 1808 674 Ἀλλόὑ

1028 694 1102 728 παρὰ
1120 693 1199 720 τοῦτο
1213 694 1390 726 δικαιοῦνται,
1407 694 1446 726 ὡς
1467 694 1505 729 μὴ
1519 694 1619 724 ειδότες
1637 693 1706 728 τάχα
1725 693 1755 719 τὸ
1766 691 1808 718 τοῦ

1026 739 1093 765 Θεοῦ
1110 739 1226 774 θέλημα,
1236 740 1265 766 τὸ
1279 739 1382 767 δίκαιον
1393 759 1401 773 ,
1417 740 1464 766 καὶ
1480 740 1568 772 ἂγιον,
1587 740 1632 765 καὶ
1654 739 1808 773 εὐάρεστον,

1027 786 1073 816 Εἰς
1084 786 1174 812 πᾶσαν
1186 787 1233 812 καὶ
1247 785 1300 822 γὰρ
1312 786 1361 821 τὴν
1375 786 1426 820 γῆν
1443 784 1554 819 ἐξῆλθεν
1565 786 1578 810 ὀ
1592 785 1645 811 τῶν
1656 784 1809 810 ἀποστόλων

1027 829 1156 863 φθόγγος,
1181 829 1228 855 καὶ
1243 830 1283 858 εἰς
1304 830 1396 856 πᾶσαν
1412 829 1461 864 τὴν
1479 829 1645 862 οἰκουμένην
1671 827 1808 862 ἐκηρύχθη

1027 872 1057 898 τὸ
1088 872 1266 906 Εὐαγγέλιον,
1288 872 1428 903 Ἰουδαίοις
1456 880 1486 898 τε
1502 873 1550 898 καὶ
1567 873 1622 902 τοῖς
1647 871 1750 897 ἔθνεσιν
1770 871 1810 900 εἰς

1030 917 1180 953 μαρτύριον
1198 918 1300 949 αὐτοῖς.
1317 918 1397 944 Ποῖόν
1413 918 1472 944 ἐστι
1489 918 1518 944 τὸ
1535 917 1590 943 τῶν
1606 917 1691 943 ἐθνῶν
1708 916 1809 950 μαρτὺ-

1028 972 1102 998 ριον;
1120 964 1189 990 Αὐτὸ
1207 963 1235 989 τὸ
1252 964 1428 997 Εὐαγγέλιον,
1444 963 1509 989 αὐτὸ
1531 963 1561 989 τὸ
1580 963 1724 996 κήρυγμα.
1743 960 1808 995 αὑτὴ

1027 1010 1043 1044 ὴ
1059 1009 1217 1034 διδασκαλία
1233 1009 1288 1034 τῶν
1304 1008 1395 1043 σοφῶν
1415 1005 1585 1038 ἀποστόλων,
1600 1007 1654 1033 τῶν
1675 1006 1809 1041 κηρυξάν-

1026 1061 1079 1080 των
1099 1053 1128 1079 τὸ
1148 1053 1314 1087 Εὖαγγέλιον
1330 1054 1358 1079 ὲν
1376 1053 1452 1089 πάσῃ
1477 1053 1509 1087 τῇ
1528 1052 1626 1078 κτίσει.
1647 1051 1705 1084 Ἀφ’
1730 1048 1762 1086 ἧς
1785 1049 1809 1076 οι

1028 1097 1077 1131 μὲν
1096 1098 1206 1131 γνόντες
1221 1097 1268 1131 τὴν
1283 1097 1414 1132 ἀλήθειαν
1431 1097 1640 1132 προσεκύνησαν
1655 1097 1702 1122 καὶ
1715 1095 1810 1122 ὲσεὸἀ-

1027 1140 1130 1175 σθησαν
1146 1141 1191 1167 τὸν
1210 1141 1290 1175 μόνον
1315 1138 1402 1175 ἀληθῆ
1419 1141 1497 1172 Θεὺν,
1510 1142 1534 1167 οι
1549 1141 1577 1167 δὲ
1603 1140 1682 1166 οὐδὲν
1708 1141 1810 1176 προσή-

1026 1194 1108 1216 καντο
1121 1186 1175 1212 τῶν
1193 1186 1357 1221 λεγομένων,
1377 1187 1402 1212 ol
1415 1186 1443 1212 δὲ
1461 1186 1529 1222 πρὸς
1545 1187 1635 1220 ὀλίγον
1650 1187 1810 1213 πιστεύσαν-

1025 1240 1080 1264 τες,
1091 1233 1170 1259 πάλιν
1185 1232 1430 1267 ὲπανεστράφησαν
1445 1233 1484 1264 εἰς
1497 1233 1527 1258 τὸ
1542 1233 1592 1266 τῆς
1607 1233 1743 1262 ἀπωλείας
1761 1232 1810 1267 βά.

1026 1277 1136 1312 ραθρον.
1159 1278 1212 1305 Καὶ
1224 1278 1265 1304 ὅτι
1289 1277 1338 1312 μὲν
1353 1278 1547 1312 εἰδωλολάτραι
1562 1278 1612 1304 οὐκ
1626 1278 1751 1312 ἐγένοντο
1773 1278 1811 1309 ὡς

1025 1321 1056 1348 τὸ
1072 1322 1146 1356 πρὶν,
1162 1322 1326 1356 περιέπεσον
1341 1322 1369 1348 δὲ
1386 1322 1472 1357 ἑτέρῳ
1493 1322 1620 1357 κρημνῷ,
1637 1322 1683 1348 τοῦ
1699 1321 1808 1357 πρώτου

1027 1365 1111 1402 μηδὲν
1125 1365 1292 1400 διαφέροντι,
1307 1362 1383 1396 οὗτος
1397 1365 1442 1391 τὸν
1456 1365 1522 1391 ῐδιον
1540 1365 1646 1400 πατέρα
1663 1365 1709 1391 τὸν
1720 1365 1810 1391 δ.ἀ6ο-

1024 1409 1070 1436 λον
1091 1408 1292 1444 μιμησάμενος,
1321 1409 1351 1440 ὃς
1382 1408 1472 1434 πεσὼν
1490 1408 1528 1439 ὡς
1554 1409 1682 1443 ἀστραπὴ
1708 1409 1740 1434 ἐκ
1763 1408 1811 1434 τοῦ

1024 1455 1138 1489 οὐρανοῦ
1155 1455 1223 1488 μετὰ
1236 1455 1267 1480 τὸ
1281 1454 1466 1490 ἁπορῤιιρῆναι
1481 1454 1528 1480 τοῦ
1559 1454 1624 1480 ίδίου
1646 1462 1811 1488 κατοικητη-

1028 1500 1099 1536 ρίου,
1113 1500 1162 1526 οὐκ
1178 1500 1210 1535 ἑᾷ
1224 1508 1277 1526 τινι
1298 1499 1352 1526 τῶν
1380 1499 1532 1534 ἀνθρώπων
1553 1499 1721 1534 ἁπειράστῳ,
1741 1500 1811 1526 ἀλλὰ

192 1554 244 1580 tus,
259 1548 305 1583 qui
321 1556 370 1575 ceu
386 1549 476 1582 fulgur
490 1548 560 1575 coelo
573 1547 711 1582 delapsus,
727 1552 869 1582 pbstquam
886 1554 899 1573 a
913 1554 975 1581 pro—

1029 1547 1131 1577 πάντας
1145 1544 1383 1579 συγκληρονόμους
1408 1542 1490 1570 αὑτοῦ
1503 1544 1552 1577 τῆς
1565 1544 1611 1570 τοῦ
1628 1543 1713 1578 πυρὸς
1734 1544 1812 1576 γεέν-

191 1596 249 1630 pria
279 1596 360 1622 domo
387 1594 510 1630 deiectus
541 1598 592 1626 est,
617 1594 723 1621 nullum
749 1593 888 1621 hominem
919 1601 973 1620 non

192 1644 288 1672 tentat,
307 1646 401 1666 verum
417 1639 563 1666 universos
578 1638 647 1674 ignis
663 1637 794 1673 gehennae
808 1643 836 1665 et
849 1638 975 1665 tenebra-

152 1712 155 1714 _
191 1693 251 1712 rum
266 1685 424 1712 coltazredes
439 1683 529 1712 facere
545 1688 672 1716 conatur,
685 1688 713 1711 et
734 1684 893 1719 peregrinos
908 1684 974 1711 alie-

191 1730 396 1765 nosqucaDeo
421 1729 558 1761 reddere;
587 1729 626 1757 sic
648 1729 705 1761 ille,
731 1729 852 1763 inquam,
880 1729 972 1756 infelix

192 1777 328 1803 Mahomet
348 1783 402 1802 non
418 1775 523 1802 destitit
536 1782 634 1801 curare
659 1774 796 1808 quomodo
813 1782 909 1801 omnes
923 1774 974 1801 ho-

192 1821 308 1848 minesa
335 1820 382 1847 Dei
398 1819 501 1846 l'amilia
528 1818 712 1846 abstraheret.
742 1818 857 1845 Etcum
885 1819 974 1845 omnis

191 1864 273 1890 homo
288 1862 449 1890 delictorum
468 1869 580 1888 suorum
600 1862 732 1888 rationem
755 1862 915 1889 redditurus
939 1863 974 1889 sit

193 1909 220 1935 in
236 1909 279 1935 die
296 1907 402 1942 iudicii,
419 1914 501 1941 quam
530 1907 645 1934 obsecro
669 1906 820 1941 apologiam
850 1907 974 1934 instituet

192 1954 292 1981 stultus
305 1952 450 1984 Mahomet,
466 1951 513 1986 qui
538 1955 639 1978 tantam
662 1952 804 1979 hominum
822 1952 975 1979 multitudi—

192 2006 253 2026 nem
269 2005 283 2025 a
302 1998 357 2025 Deo
374 1997 559 2024 abalienavit?
576 1995 652 2024 Licet
668 1998 742 2024 enim
761 2005 842 2025 nemo
859 2006 873 2025 e
891 2006 973 2025 manu

193 2043 240 2072 Dei
255 2043 362 2077 eripere
380 2042 466 2077 possit
478 2050 552 2075 cum,
567 2043 613 2077 qui
639 2043 726 2070 salute
748 2043 847 2079 dignus
860 2048 913 2077 est,
930 2045 974 2072 hic

193 2094 283 2115 tamen
294 2087 345 2114 Dei
360 2087 488 2114 inimicus
501 2091 623 2122 apparet,
639 2089 815 2122 quantumvis
829 2088 918 2123 reipsa
933 2089 974 2116 in-

194 2133 289 2160 ﬁrmus
313 2133 358 2159 sit.

228 2222 254 2248 1.
273 2220 323 2247 Hie
339 2219 434 2247 morbo
455 2219 558 2247 caduco
579 2220 718 2253 laborans,
736 2221 826 2249 morbi
853 2227 974 2258 tempore

1028 1599 1077 1625 νης
1091 1590 1138 1617 καὶ
1156 1589 1203 1616 τοῦ
1220 1589 1334 1618 σκότους
1355 1588 1466 1614 σπεύδ;ι
1490 1589 1625 1623 ποιήσειν,
1645 1589 1692 1614 καὶ
1719 1587 1812 1619 ξένους

1028 1637 1075 1664 καὶ
1089 1635 1246 1670 ἀλλοτρίους
1260 1635 1306 1660 τοῦ
1326 1633 1394 1660 Θεοῦ
1419 1633 1641 1669 ἀπεργάσασθαι.
1658 1634 1713 1659 Καὶ
1728 1635 1742 1660 ὁ
1754 1633 1811 1659 δεί-

1027 1683 1100 1714 λαιος
1123 1683 1212 1708 τοίνυν
1231 1678 1308 1712 οὗτος
1323 1681 1336 1707 ό
1350 1680 1472 1714 Μωάμεθ
1496 1681 1558 1707 ὅσον
1589 1680 1618 1706 τὸ
1651 1680 1712 1706 κατ’
1728 1679 1812 1705 αὐτὸν

1027 1729 1077 1755 οὐκ
1103 1728 1224 1762 ἠμέλησε
1239 1725 1286 1752 τοῦ
1312 1726 1401 1752 πάντα
1426 1725 1570 1761 ἄνθρωπον
1590 1725 1745 1759 ἀποστῆσαι
1760 1725 1812 1757 τῆς

1027 1774 1074 1800 τοῦ
1090 1772 1157 1798 Θεοῦ
1172 1771 1346 1801 οἰκειώσεως.
1364 1770 1417 1797 Καὶ
1445 1771 1485 1796 ὅτι
1509 1770 1560 1804 μὲν
1587 1771 1640 1801 πᾶς
1668 1769 1813 1804 ἄνθρωπος

1027 1818 1105 1852 λόγον
1126 1816 1218 1850 ὑφέξει
1233 1816 1304 1850 ὑπὲρ
1317 1816 1370 1841 τῶν
1386 1815 1457 1842 ἰδίων
1471 1815 1717 1850 πλημμελημάτων
1729 1816 1758 1840 ὲν
1772 1815 1813 1849 τῷ

1027 1863 1124 1898 καιρῷι
1142 1864 1191 1896 τῆς
1206 1863 1334 1893 ὲτάσεως,
1352 1862 1434 1888 παντί
1455 1870 1506 1887 που
1525 1861 1616 1896 δῆλον.
1642 1861 1673 1887 '0
1688 1862 1716 1887 δὲ
1730 1862 1814 1888 Muti-

1029 1908 1079 1944 μεθ
1098 1910 1111 1934 ὁ
1127 1908 1269 1938 τοσούτους
1285 1908 1331 1933 καὶ
1345 1907 1481 1938 τοιούτους
1492 1907 1642 1942 πλανήσας.
1659 1907 1705 1933 καὶ
1718 1907 1814 1939 ξένους

1028 1954 1076 1980 καὶ
1096 1953 1250 1987 dilectior);
1269 1952 1337 1978 Θεοῦ
1353 1952 1522 1986 πεποιηκὼς,
1539 1952 1616 1983 ποίας
1636 1952 1669 1978 ἂν
1690 1952 1813 1984 τεύξοιῑο

1028 1996 1175 2030 ἀπολογίας
1193 1996 1207 2020 ὁ
1225 1996 1358 2029 μάταιος;
1377 1996 1438 2021 Ὀτι
1451 1995 1479 2021 δὲ
1499 1995 1584 2026 οὐδεὶς
1596 1995 1708 2021 δύναται
1722 1996 1814 2030 ἀρπά-

1029 2051 1074 2069 σαι
1103 2043 1135 2068 ἐκ
1154 2042 1203 2075 τῆς
1231 2041 1321 2075 χειρὸς
1339 2041 1385 2067 τοῦ
1410 2041 1478 2067 Θεοῦ
1498 2042 1544 2067 τὸν
1560 2041 1634 2073 ἄξιον
1662 2042 1812 2076 σωτηρίας,

1028 2087 1167 2114 καὶτοῦτο
1182 2088 1236 2117 τοῖς
1272 2088 1339 2112 πᾶσι
1373 2087 1507 2122 φανερόν·
1533 2087 1602 2120 ὰ).λῖ
1622 2087 1694 2120 ὄμω;
1716 2088 1815 2121 ἐχθρὸς

1028 2134 1074 2160 τοῦ
1087 2133 1154 2160 Θεοῦ
1174 2133 1363 2166 ἀναφαίνεται,
1388 2134 1411 2159 εί
1428 2133 1474 2159 καὶ
1487 2132 1601 2167 ἀσθενὴς
1622 2133 1705 2164 ὅντως
1721 2133 1814 2167 ὑπάρ-

1028 2188 1080 2214 χει.

1066 2225 1100 2253 α’.
1126 2222 1210 2255 Οὗτος
1233 2225 1376 2251 ἀσθένειαν
1405 2223 1551 2258 ἐπιληψίας
1573 2216 1674 2256 νοσῶν,
1691 2225 1722 2258 τῇ
1751 2224 1814 2259 ὥρᾳ

193 2266 258 2293 hinc
277 2265 340 2292 inde
354 2264 514 2292 volvebatur
530 2272 670 2299 spumans.
683 2265 754 2298 Quid
769 2273 834 2301 ergo
849 2267 974 2302 impieta—

1029 2271 1071 2297 τοῦ
1088 2270 1191 2301 πάθους
1215 2268 1337 2295 ἐκυλίετο
1361 2268 1497 2303 ἀφρίζων.
1517 2268 1550 2294 Τί
1574 2269 1638 2302 γοῦν
1655 2271 1815 2303 μηχανᾶται

195 2313 229 2338 tis
260 2312 385 2338 inventor
408 2310 644 2337 comminiscitur?
676 2311 792 2339 Simulat
821 2320 851 2340 se
878 2321 932 2340 non
961 2321 977 2340 a

194 2357 300 2388 morbo,
315 2356 362 2383 sed
377 2364 391 2383 a
408 2357 463 2383 Deo
483 2356 610 2385 detineri.
626 2357 739 2384 Dicebat
755 2358 828 2385 enim
845 2366 884 2390 se,
902 2360 976 2394 quod

194 2401 349 2436 archangeli
372 2401 509 2437 Gabrielis
533 2406 711 2436 conspectum
737 2403 809 2430 ferre
837 2405 976 2439 nequiret,

194 2455 243 2475 ceu
255 2452 399 2474 'tnortuum
414 2447 512 2474 collabi
523 2455 531 2480 ;
542 2452 603 2481 post
618 2447 750 2474 visionem
766 2456 831 2476 vero
844 2449 977 2484 divinam,

194 2493 407 2526 divinorumque
423 2494 579 2527 dogmatum
605 2493 790 2527 cognitionem
806 2495 839 2528 ad
858 2503 919 2522 sese
935 2504 977 2523 re-

194 2539 270 2571 dire;
296 2538 462 2566 destinatum
484 2537 589 2565 scilicet
613 2545 642 2565 se
657 2545 672 2564 a
689 2538 744 2566 Deo
756 2545 826 2572 esse,
851 2545 880 2566 ut
904 2548 976 2574 qua.»

194 2585 302 2620 eunque
327 2585 433 2611 videret
455 2589 483 2611 et
501 2584 608 2611 audiret
629 2588 658 2611 et
679 2592 694 2610 ιι
722 2585 777 2612 Deo
800 2585 929 2619 disceret,
947 2587 974 2614 in

194 2631 314 2659 universi
329 2629 423 2657 mundi
438 2629 582 2656 utilitatem
604 2630 800 2658 manil‘estaret.
828 2633 860 2658 Et
888 2633 975 2666 primo

194 2677 305 2712 quidem
319 2675 495 2711 semetipsum
516 2676 676 2710 prophetam
696 2677 851 2711 appellavit,
876 2684 903 2705 ct
927 2680 974 2706 Dei

196 2721 360 2756 apostolum.
497 2751 503 2756 ι
577 2716 579 2719 ’

231 2812 259 2841 2.
278 2811 380 2840 Deinde
409 2811 510 2839 librutn
529 2810 683 2839 divinorum
712 2811 868 2846 dogmatum
895 2812 979 2840 colle-

1028 2316 1042 2342 ὁ
1064 2316 1114 2350 τῆς
1138 2315 1237 2346 κακίας
1263 2314 1432 2349 ἐφευρετής;
1458 2314 1651 2349 ’Υποκρίνεται
1678 2315 1714 2349 μὴ
1740 2313 1816 2341 εἶναι

1027 2361 1186 2395 ἐπίληπτος,
1217 2360 1285 2386 ἀλλὰ
1316 2359 1417 2393 μᾶλλον
1449 2360 1610 2393 θεόληπτος.
1641 2360 1686 2394 Μὴ
1719 2360 1817 2394 φέρων

1028 2405 1082 2439 γὰρ
1108 2404 1185 2438 ἔλεγε
1211 2405 1260 2439 τὴν
1289 2404 1335 2430 τοῦ
1361 2403 1481 2439 Γαϐριὴλ
1505 2404 1678 2438 ἀρχαγγέλου
1694 2404 1818 2438 θεωρίαν

1029 2447 1106 2479 οὗτος
1128 2450 1238 2476 πίπτειν
1266 2450 1331 2476 ὡσεὶ
1362 2450 1460 2484 νεκρός
1476 2457 1483 2464 ·
1509 2451 1577 2481 μετὰ
1603 2449 1631 2474 δὲ
1661 2449 1710 2484 τὴν
1737 2450 1819 2475 θείαν

1028 2495 1161 2522 ὀπτασίαν
1190 2496 1237 2521 καὶ
1261 2494 1413 2529 κατάληψιν
1440 2494 1493 2520 τῶν
1515 2494 1561 2520 τοῦ
1586 2494 1653 2520 Θεοῦ
1677 2495 1820 2528 διδαγμά-

1030 2549 1102 2573 των,
1131 2541 1212 2567 πάλιν
1239 2540 1279 2571 εἰς
1305 2540 1400 2566 ἑαυτὸν
1431 2539 1640 2573 ἐπανέρχεσθαι.
1678 2540 1821 2575 Ὀριςθεὶς

1029 2588 1129 2618 τοίνυν,
1152 2586 1188 2617 ὥς
1220 2594 1297 2620 φησι,
1327 2585 1403 2621 παρὰ
1426 2585 1505 2618 Θεοῦ,
1536 2586 1580 2612 ἵνα
1609 2585 1659 2611 ὅσα.
1687 2593 1716 2610 τε
1747 2582 1820 2616 εἶδε,

1029 2633 1077 2658 καὶ
1104 2632 1153 2658 ὃσα
1181 2632 1296 2666 ἀκήκοε,
1321 2632 1369 2657 καὶ
1395 2632 1444 2657 ὅσα
1471 2632 1547 2665 παρὰ
1576 2630 1644 2657 Θεοῦ
1675 2631 1820 2665 ἐδιδάχθη,

1028 2678 1096 2712 δῆλα
1115 2678 1216 2713 ποιήσῃ
1244 2679 1281 2709 είς
1312 2677 1445 2712 ὠφέλειαν
1477 2677 1523 2704 τοῦ
1563 2677 1667 2713 κόσμου
1702 2677 1822 2708 παντὸς,

1035 2724 1139 2758 πρῶτον
1159 2725 1210 2758 μὲν
1233 2724 1360 2759 ἐκάλεσεν
1386 2724 1481 2750 ἑαυτὸν
1506 2724 1659 2758 προφήτην,
1678 2722 1724 2750 καὶ
1746 2722 1823 2749 Θεοῦ

1031 2767 1189 2795 ἀπόστολον.

1069 2811 1102 2848 β’.
1130 2814 1245 2840 Ἔπειτα
1273 2813 1460 2849 συνεγράψατο
1489 2813 1612 2849 βιϐλίον,
1631 2813 1710 2840 Θεὶων
1730 2820 1826 2849 προσ-
