1949 3093
199 182 254 215 ῑοό

785 180 945 212 JOANNIS
963 179 1227 210 CANTACUZENI

1768 177 1818 212 596

199 236 334 268 Dominus
344 235 494 264 :Cornibus
505 235 564 262 istis
576 234 721 263 ventilabis
732 234 848 270 Syriam,
859 243 876 262 o
890 242 936 262 rex
947 235 984 262 ³.»

1044 235 1085 262 τοῦ
1106 235 1238 271 βασιλέως
1259 235 1312 262 τῶν
1334 234 1469 261 Ἰουδαίων
1496 233 1610 269 Ἀχαὰϐ,
1633 232 1759 260 ἀπελθών
1776 241 1818 266 τις

202 283 253 311 llic
279 286 372 310 autem
395 282 468 309 illius
494 281 586 309 verbis
614 288 771 316 persuasus,
796 289 859 308 cum
885 282 987 316 populo

201 335 340 363 egressus,
364 326 505 362 propriam
521 332 632 360 quoque
653 326 736 354 vitam
752 326 881 361 perdidit.
904 325 937 353 Et
958 326 985 353 hi

202 371 315 407 quidem
333 370 515 405 pcrmissione
529 369 636 404 singula
647 369 705 398 hac
720 370 869 403 faciebant,
883 375 911 398 et
927 370 988 397 intl-

201 416 305 445 delium
318 415 438 443 vindicta
448 415 563 442 aliorum
574 419 634 442 erat
642 415 803 443 admonitio.
812 415 987 451 Quaecunque

201 467 294 489 autem
307 469 401 503 vanus
410 461 455 488 hic
469 461 544 494 fecit,
564 461 656 490 omnia
671 462 705 489 ad
720 461 862 490 interitum
878 465 906 488 et
927 469 988 496 per-

201 507 335 536 ditionem
358 507 401 534 sui
428 507 562 542 temporis
584 507 738 541 hominum,
766 511 795 536 et
814 507 987 542 sequentium

205 559 237 580 se
251 552 383 580 instituit.
400 551 516 588 Scripsit
533 560 599 581 sane
619 553 756 581 Mahomet
777 553 890 586 librum,
905 560 987 588 quem

204 597 292 634 legem
305 598 353 626 Dei
366 598 548 632 salutiferam,
569 603 598 627 et
616 598 775 627 divinorum
787 603 987 635 praceptorum

203 643 394 672 collectionem
422 644 584 678 nominavit,
611 644 696 673 veluti
716 645 744 673 in
768 644 989 680 praeedentibus

205 688 311 719 dictum
336 694 388 717 est.
416 689 477 722 Hic.
503 690 625 726 inquam,
658 691 818 718 universum
849 690 918 725 legis
939 698 989 725 per

207 735 300 771 ipsum
317 735 379 764 lata
394 735 532 770 negotium
547 736 636 764 tribus
648 736 736 765 modis
749 736 892 769 stabilivit,
907 743 988 771 paena

206 789 307 816 nempe
330 785 359 809 et
383 781 535 817 tyrannide,
562 782 706 810 mendacio
732 787 760 810 et
786 782 936 818 impostura
961 786 989 809 et

206 827 357 862 hypocrisi,
382 827 522 862 voluptate
548 828 693 863 permista,
717 828 752 856 de
778 828 878 864 quibus
905 828 988 855 etiam

207 872 336 908 superius
365 873 390 900 in
421 877 518 908 quarta
543 874 674 910 Apologia
699 873 830 908 diximus,
854 878 988 910 quantum

206 924 274 947 tunc
284 919 381 954 licuit;
398 927 494 947 verum
509 923 538 948 et
549 927 623 948 nunc
637 928 690 948 non
706 920 810 955 pigebit
833 919 929 948 eadem
945 919 988 949 di-

206 972 281 996 cere,
297 972 358 1000 quae
372 965 444 993 Deus
459 965 503 993 ori
512 969 609 993 nostro
621 965 762 993 indiderit.
774 965 887 1001 lagnus
901 964 947 992 ille
961 968 989 992 et

206 1007 305 1039 beatus
326 1008 424 1042 Moses,
444 1014 474 1037 nt
491 1009 627 1037 neminem
652 1009 729 1042 latet,
753 1017 768 1037 ιι
794 1009 850 1037 Deo
873 1013 904 1037 ut
918 1009 989 1037 filios

207 1053 291 1085 Israel
318 1053 433 1090 Egypto
451 1055 591 1087 educeret.
618 1055 718 1082 missus
741 1060 811 1088 erat,
836 1056 990 1082 instructus

209 1104 272 1127 ante
301 1100 451 1133 miraculis,
475 1100 562 1135 signis
584 1105 611 1128 et
636 1100 775 1136 prodigiis.
803 1100 869 1128 Post
885 1101 989 1129 exitum

207 1153 273 1173 vero
289 1144 412 1181 Egypti,
427 1151 456 1174 et
470 1146 544 1175 illam
562 1147 589 1174 in
604 1147 715 1175 deserto
733 1149 989 1179 commorationem,

208 1191 265 1218 imo
276 1198 398 1223 errores,
415 1191 484 1218 nihil
500 1191 604 1218 minora
620 1192 760 1227 prioribus
777 1191 836 1219 istis
850 1191 990 1219 miraculis

208 1242 258 1269 per
273 1236 355 1262 istum
381 1236 453 1263 Deus
467 1236 604 1268 exhibuit,
626 1236 674 1264 sed
692 1237 794 1271 majora
810 1237 896 1264 multo
917 1237 988 1263 haud

207 1277 301 1305 dubie.
319 1278 384 1309 Post
412 1283 515 1307 tantam
531 1279 613 1314 igitur
638 1281 833 1308 miraculorum
860 1281 989 1309 virtutem

207 1322 318 1350 locutus
337 1330 398 1350 eum
414 1323 462 1352 illo
477 1329 519 1352 est
534 1324 675 1358 Dominus,
689 1327 757 1359 non:
768 1326 795 1353 in
811 1326 921 1362 angulo,
943 1330 991 1353 aut

207 1367 383 1400 abscondito,
407 1368 454 1397 sed
475 1376 567 1397 coram
593 1371 657 1398 totis
671 1371 780 1403 castris,
802 1377 829 1399 et
852 1372 926 1399 omni
941 1370 991 1399 Ju-

209 1413 331 1440 dazorum
349 1410 526 1442 multitudine
543 1416 639 1450 (opera
651 1416 727 1443 enim
741 1416 810 1444 lucis
824 1417 851 1445 in
863 1417 925 1444 luce
941 1425 991 1444 ex-

209 1457 363 1492 hibentur),
390 1463 418 1486 et
442 1464 506 1488 tunc
527 1468 577 1494 per
602 1461 705 1488 Mosem
726 1468 835 1489 servum
859 1462 934 1490 illius
948 1463 991 1490 lex

210 1503 268 1532 lata
282 1508 333 1536 est,
347 1508 375 1531 et
390 1511 454 1532 sane
469 1505 640 1538 conﬁrmata,
656 1506 788 1534 ratificata
808 1511 836 1534 et
854 1508 992 1535 constabi-

212 1547 261 1574 lita
288 1552 330 1575 est
353 1547 482 1578 omnibus
496 1556 546 1576 ceu
566 1549 610 1578 lex
632 1556 647 1576 a
669 1549 725 1579 Deo
738 1549 847 1578 caelitus
862 1549 991 1578 demissa.

211 1593 278 1625 Post
301 1593 384 1629 huius
403 1598 494 1622 autem
521 1594 781 1630 promulgationem,
803 1601 838 1623 ne
853 1600 918 1623 tunc
933 1595 994 1631 qui-

212 1639 275 1666 dem
292 1638 426 1667 miracula
449 1645 638 1673 cessaverunt,
654 1639 701 1668 sed
724 1646 751 1668 et
766 1640 819 1669 hoc
840 1640 949 1670 vivente
967 1647 995 1670 et

211 1683 352 1717 defuncto,
372 1691 421 1719 per
436 1684 519 1714 Iosue
540 1685 626 1713 lilium
641 1685 715 1718 Nun,
730 1686 854 1721 aliosque
869 1687 995 1715 similiter

210 1730 282 1762 iacta
296 1733 371 1758 sunt.
388 1729 459 1764 Quin
477 1735 505 1758 et
518 1731 660 1766 propheta
680 1731 787 1767 magnis
800 1737 827 1760 et
851 1732 995 1767 stupendis

214 1777 351 1805 miraculis
369 1777 452 1805 editis
470 1778 629 1807 claruerunt
639 1778 674 1806 ad
688 1785 760 1807 vera
775 1779 838 1806 ildei
852 1779 996 1806 certitudi-

212 1829 287 1850 nem.
305 1822 395 1850 llelias
411 1823 522 1857 quidem
535 1823 623 1851 tribus
633 1823 723 1856 annis,
733 1828 761 1851 et
772 1824 854 1859 paulo
868 1825 995 1859 amplius,

211 1867 297 1894 celos
311 1867 455 1894 conclusos
467 1867 590 1902 aperuit.
605 1872 727 1895 mortuos
749 1868 901 1900 suscitavit,
915 1869 997 1896 sacri-

213 1913 304 1940 ficium
322 1912 400 1947 aquis
421 1912 554 1940 incendit.
574 1911 707 1940 Similiter
722 1916 750 1939 et
762 1912 881 1945 Eliseus,
895 1918 922 1940 et
938 1914 995 1941 alii.

212 1958 241 1985 in
261 1957 498 1986 consummatione
521 1962 614 1985 autem
640 1957 801 1985 saculorum
828 1957 997 1985 dcseendens

211 2001 350 2034 Christus,
365 2009 420 2029 non
436 2005 466 2029 ut
482 2008 578 2028 servus
593 2002 679 2029 instar
701 2002 822 2035 illorum,
839 2002 886 2029 sed
901 2008 930 2030 ut
948 2003 997 2030 ho-

213 2054 276 2075 rum
289 2047 439 2080 Dominus;
456 2052 484 2074 et
501 2047 658 2077 testimonia
674 2054 726 2074 non
743 2052 774 2074 ut
795 2048 935 2082 propheta:
956 2056 998 2075 rc-

214 2094 330 2128 cipiens,
346 2092 393 2120 sed
412 2097 441 2119 ut
455 2093 531 2119 illum
556 2093 668 2120 decebat
687 2098 819 2122 creaturae
841 2094 930 2121 omnis
945 2094 996 2121 Do-

214 2139 320 2166 minum
347 2143 375 2165 et
396 2135 590 2171 conditorem;
613 2145 665 2168 nec
691 2143 819 2174 tanquam
846 2140 995 2168 testimonii

216 2185 336 2220 indigns,
357 2184 402 2212 scd
419 2190 531 2220 propter
547 2184 689 2215 hominum
711 2185 890 2220 ignorantiam
905 2191 932 2214 et
946 2186 997 2213 im-

1036 281 1091 307 τῶν
1113 280 1362 316 ψευδοπροφητῶν,
1388 279 1475 314 θνομα
1501 279 1576 314 αὐτῷ
1605 278 1745 311 Σεδεκίας,
1771 278 1818 305 καὶ

1037 327 1153 362 ποιήσας
1167 328 1272 362 κέρατα
1288 327 1399 361 σιδηρᾶ,
1413 325 1478 361 ἔστη
1495 324 1650 360 ἔμπροσθεν
1673 324 1721 351 τοῦ
1743 324 1819 359 βασι·

1036 373 1115 405 λέως,
1128 373 1225 407 λέγων,
1245 372 1334 406 «ιΤάδε
1350 373 1423 406 λέγει
1438 372 1540 407 Κύριος
1553 380 1560 388 ·
1581 371 1627 398 Ἐν
1641 371 1744 400 τούτοις
1763 371 1819 401 τοῖς

1037 418 1134 453 κέρασι
1161 418 1283 452 κερατιεί
1311 417 1360 452 τὴν
1385 416 1486 452 Συρίαν
1507 417 1522 443 6
1554 415 1692 450 βασιλεύς.
1716 424 1726 440 ι
1749 415 1778 442 '0
1788 413 1817 441 δὲ

1037 463 1159 495 πεισθεὶς
1185 464 1242 495 τοῖς
1267 463 1373 490 ἐκείνου
1400 463 1532 498 ῥήμασιν,
1555 461 1691 493 ἀπελθὼν,
1711 460 1759 487 σὺν
1784 461 1818 495 τῇ

1037 509 1084 536 τοῦ
1100 508 1166 536 λαοῦ
1189 507 1315 536 ἀπώλεσε
1331 509 1380 535 καὶ
1394 508 1443 542 τὴν
1456 506 1555 534 ἑαυτοῦ
1571 506 1655 541 ζωήν.
1671 506 1726 533 Καὶ
1749 506 1819 532 latel-

1038 563 1079 582 νοι
1095 554 1146 590 μὲν
1161 554 1361 590 παραχωρήσει
1382 553 1451 580 Θεοῦ
1477 552 1588 580 ἐποίουν
1603 552 1675 587 άπερ
1697 551 1818 583 ιποίουν,

1038 601 1086 628 καὶ
1112 600 1130 635 ἡ
1160 600 1215 627 τῶν
1243 598 1428 627 ἀπειθούντων
1457 598 1597 633 ἐκδίκησις
1625 597 1735 631 ἐγένετο
1763 595 1817 623 τῶν

1038 645 1139 681 ἑτέρων
1169 644 1377 680 σωφρονισμός·
1395 644 1468 680 ἅπερ
1495 643 1524 670 δὲ
1549 642 1635 671 ἐποίει
1661 643 1708 669 καὶ
1734 642 1748 669 6
1765 641 1818 676 μά-

1037 700 1113 724 ταιος
1127 687 1216 724 οὗτος,
1229 691 1264 718 τὰ
1284 690 1374 718 πάντα
1393 690 1481 717 tuoin
1499 689 1543 716 ὲπ¹
1558 689 1661 724 ὀλέθρῳ
1679 688 1725 716 καὶ
1739 688 1818 715 ἀπω-

1037 738 1099 773 λείᾳ
1116 736 1172 764 τῶν
1190 736 1252 764 τότε
1273 736 1547 772 εὖρισκομίνων,καὶ
1570 735 1624 762 τῶν
1647 734 1718 770 μετὰ
1733 733 1820 761 ταῦτα

1037 782 1278 818 ἀκολουθησάντων
1297 782 1381 817 αὐτῷ.
1401 782 1476 809 Ποιεῖ
1495 781 1585 808 τοίνυν
1608 781 1623 807 6
1641 780 1760 815 Μωάμεθ
1780 779 1819 814 βι-

1038 828 1204 863 ϐλίον,δπερ
1226 828 1308 862 νόμον
1334 827 1403 854 Θεοῦ
1428 827 1572 862 σωτήριον,
1586 826 1634 854 καὶ
1657 825 1819 860 συναγωγὴν

1039 874 1118 901 θείων
1132 873 1350 909 προσταγμάτων
1364 872 1501 908 ὠνόμασε,
1514 872 1606 904 καθὼς
1629 871 1769 907 είρήσεται
1789 871 1819 896 ιν

1041 920 1096 952 τοῖς
1121 919 1286 955 ἔμπροσθεν.
1309 915 1392 950 Οὗτος
1424 918 1606 954 συνεστήσατο
1634 917 1683 952 τὴν
1710 916 1820 944 ἃπασαν

1041 965 1234 1001 πραγματείαν
1250 963 1297 992 τοῦ
1320 964 1385 998 παρ’
1400 963 1481 990 αὑτοῦ
1506 962 1661 994 ἐκτεθέντος
1675 961 1758 996 νόμου
1775 960 1819 986 διὰ

1041 1011 1125 1045 τριῶν
1137 1010 1255 1046 τρόπων,
1278 1009 1385 1045 ποινῆς,
1402 1009 1485 1045 φημὶ,
1500 1009 1547 1035 καὶ
1571 1008 1735 1044 τυραννίδος,
1753 1007 1820 1042 ψεύ-

1042 1057 1103 1089 δους
1125 1065 1154 1083 τε
1177 1057 1225 1083 καὶ
1247 1056 1367 1090 ἀπάτης,
1389 1056 1436 1082 καὶ
1459 1054 1629 1090 ὑποκρίσεως
1649 1054 1820 1089 μεμιγμένης

1042 1102 1167 1138 ἡδοναῖς,
1192 1103 1256 1136 περὶ
1285 1097 1323 1128 ὦν
1347 1101 1395 1127 καὶ
1422 1101 1574 1135 φθάσαντες
1599 1101 1712 1135 εἴπομεν
1736 1101 1766 1126 ἑν
1788 1101 1821 1134 τῇ

1041 1148 1159 1183 τετάρτῃ
1173 1147 1318 1182 ἀπολογίᾳ,
1333 1147 1395 1174 ὅσον
1410 1147 1457 1173 καὶ
1472 1146 1595 1181 εἴπομεν,
1618 1145 1700 1172 Ἀλλὰ
1710 1145 1761 1173 καὶ
1773 1144 1821 1172 νῦν

1042 1193 1092 1220 οὐκ
1108 1193 1260 1228 ὀκνήσομεν
1275 1192 1350 1225 λέξαι
1363 1192 1428 1227 περὶ
1440 1192 1547 1224 τούτου,
1557 1192 1618 1219 ὅσον
1633 1191 1667 1219 ἂν
1680 1191 1822 1228 χορηγήσει

1042 1235 1057 1265 6
1073 1239 1138 1270 Θεὸς
1154 1239 1183 1266 ὲν
1201 1239 1240 1273 τῷ
1265 1240 1379 1274 στόματι
1396 1239 1483 1274 ἡμῶν.
1507 1239 1536 1265 '0
1561 1238 1698 1273 μακάριος
1721 1238 1823 1269 ἑκείνος

1043 1285 1090 1312 καὶ
1113 1285 1199 1318 μέγας
1225 1285 1339 1320 Μωσῆς,
1364 1285 1402 1316 ὼς
1425 1285 1515 1311 ῑσασιν
1538 1284 1668 1315 ἅπαντες.
1684 1283 1822 1316 ἀπεστάλη

1044 1330 1118 1365 παρὰ
1142 1330 1209 1357 Θεοῦ
1231 1330 1326 1365 ἐξᾶραι
1349 1330 1411 1362 τοὺς
1437 1330 1511 1361 υἱοὺς
1530 1328 1638 1364 Ἰσραὴλ
1660 1329 1694 1355 ὲκ
1709 1328 1760 1363 γῆς
1775 1329 1822 1354 Δί-

1043 1375 1160 1409 γύπτου,
1181 1375 1418 1410 περιφραξαμένου
1441 1374 1522 1402 αὑτὸν
1547 1374 1669 1409 θαύμασι
1692 1374 1825 1408 πρότερον

1044 1421 1092 1447 καὶ
1109 1420 1231 1455 σημείοις
1247 1421 1294 1447 καὶ
1311 1421 1416 1455 τέρασι.
1431 1420 1509 1447 Μετὰ
1528 1419 1557 1446 δδ
1570 1419 1619 1455 τὴν
1632 1419 1663 1451 ἐξ
1683 1419 1823 1453 Αἰγύπτου

1043 1466 1143 1499 εξοδον,
1168 1466 1216 1494 καὶ
1243 1467 1292 1501 τὴν
1316 1461 1357 1497 είς
1387 1466 1436 1502 τὴν
1459 1465 1563 1501 ιρημον
1594 1464 1783 1500 προσεδρείαν,
1805 1465 1824 1499 ἢ

1045 1511 1146 1546 μᾶλλον
1167 1511 1253 1538 εἰπεῖν
1272 1511 1385 1546 πλάνην,
1408 1511 1484 1538 ούδδν
1506 1507 1587 1546 ἦττον
1608 1509 1661 1537 τῶν
1683 1509 1826 1545 προτίρων

1007 1569 1029 1599 G
1046 1556 1191 1590 θαυμάτων
1210 1556 1359 1589 ἐνεδείξατο
1372 1558 1386 1583 6
1400 1556 1465 1585 Θεὸς
1489 1556 1523 1582 δι’
1545 1555 1640 1588 αὐτοῦ,
1653 1555 1721 1582 ἀλλὰ
1737 1555 1828 1590 πολλῷ

1046 1602 1147 1637 μείζον’
1166 1603 1346 1636 ἀσυγκρίτως.
1365 1602 1442 1629 Μετὰ
1460 1601 1551 1635 μέντοι
1567 1601 1616 1636 τὴν
1629 1600 1763 1627 τοσούτων
1779 1601 1828 1627 καὶ

1046 1647 1211 1682 τηλικούτων
1235 1647 1381 1682 θαυμάτων
1403 1647 1543 1682 ἐνέργειαν
1559 1646 1672 1681 ἐλάλησε
1687 1646 1755 1681 πρὸς
1775 1646 1827 1672 αὖ*

1045 1694 1092 1721 τὸν
1117 1694 1131 1720 6
1154 1693 1230 1726 Θεὸς,
1246 1694 1296 1719 οὐκ
1324 1694 1353 1720 ὲν
1380 1693 1466 1728 γωνίᾳ
1494 1692 1542 1719 καὶ
1570 1691 1747 1727 παραϐύστῳ,
1767 1692 1828 1719 ἀλλ’

1046 1740 1159 1766 ἐνώπιον
1185 1739 1274 1774 πάσης
1298 1739 1345 1773 τῆς
1370 1738 1560 1773 παρεμϐολῆς,
1580 1737 1627 1765 καὶ
1653 1737 1754 1769 παντὸς
1778 1737 1828 1764 τοῦ

1046 1783 1165 1818 πλήθους
1188 1783 1241 1810 τῶν
1262 1783 1407 1809 Ἰουδαίων.
1426 1782 1467 1809 Τὰ
1488 1783 1542 1817 γὰρ
1565 1782 1634 1818 ἔργα
1660 1782 1707 1809 τοῦ
1737 1782 1830 1817 φωτὸς

1047 1829 1075 1853 ὲν
1101 1827 1141 1862 τῷ
1167 1828 1236 1860 φωτὶ
1258 1827 1420 1858 δείκνυνται,
1453 1827 1499 1853 καὶ
1526 1828 1619 1854 ἔκτοτε
1645 1826 1723 1862 ιδόθη
1751 1827 1830 1861 παρὰ

1046 1872 1114 1898 Θεοῦ
1128 1874 1141 1898 ὁ
1153 1872 1233 1906 νόμος
1247 1872 1290 1898 διὰ
1311 1871 1431 1902 Μωσέως
1444 1871 1491 1898 τοῦ
1510 1871 1603 1898 δούλου
1620 1872 1715 1900 αὑτοῦ.
1730 1872 1828 1898 Τοίνυν

1047 1918 1094 1944 καὶ
1118 1917 1255 1952 ἑπιστώθη
1286 1918 1332 1944 καὶ
1360 1917 1486 1952 ἐκυρώθη
1518 1918 1564 1943 καὶ
1589 1916 1740 1951 ἐϐεϐαιώθη
1771 1919 1829 1949 τοῖς

1047 1964 1130 1990 πᾶσιν
1157 1963 1194 1995 ὡς
1225 1963 1280 1990 ἀπὸ
1303 1963 1371 1990 Θεοῦ
1397 1964 1444 1990 καὶ
1470 1962 1499 1995 ἐξ
1521 1963 1637 1997 ούρανοῦ
1659 1963 1792 1997 κατῆλθεν
1816 1964 1831 1989 6

1047 2008 1168 2040 τοιοῦτος
1189 2009 1281 2043 νόμος.
1297 2009 1375 2036 Μετὰ
1397 2008 1426 2035 δὲ
1448 2009 1478 2035 τὸ
1501 2008 1645 2043 ἐκτεθῆναι
1662 2008 1766 2040 τοῦτον.
1780 2009 1832 2035 οὐκ

1048 2054 1170 2087 ἐξέλιπον
1193 2053 1227 2080 τά
1244 2053 1382 2088 θαύματα,
1401 2054 1468 2080 ἀλλὰ
1484 2054 1531 2081 καὶ
1546 2056 1574 2080 ἐν
1596 2055 1630 2088 τῇ
1648 2055 1704 2089 ζωῇ
1723 2054 1831 2084 τούτου.

1048 2099 1095 2126 καὶ
1117 2098 1195 2130 αὖθις
1223 2099 1291 2133 μετὰ
1317 2099 1368 2134 τὴν
1397 2099 1525 2134 τελευτὴν
1553 2100 1649 2132 αὐτοῦ,
1665 2099 1709 2126 διά
1730 2108 1760 2126 τε
1785 2099 1833 2125 τοῦ

1048 2143 1127 2178 Ναυῆ
1149 2143 1236 2178 Ἰησοῦ
1262 2144 1308 2170 καὶ
1336 2145 1436 2179 ἐτέρων
1457 2144 1587 2176 ὡσαύτως
1603 2145 1733 2178 ἐγίνοντο.
1751 2145 1834 2171 Ἀλλὰ

1048 2190 1095 2215 καὶ
1122 2189 1147 2216 οἱ
1179 2190 1315 2225 προφῆται
1351 2190 1458 2225 μεγάλα
1490 2191 1536 2216 καὶ
1567 2190 1673 2223 ἐξαίσια
1703 2190 1833 2224 θαύματα

221 2231 396 2260 hecillitatem
422 2232 560 2267 (magnum
596 2231 669 2259 enim
699 2239 793 2260 revera
814 2237 856 2272 est
884 2233 944 2260 Filii
971 2238 992 2261 el

1051 2235 1213 2271 εἰργάσαντο
1229 2236 1269 2268 είς
1292 2236 1480 2272 πληροφορίαν
1503 2236 1551 2271 τῆς
1568 2235 1684 2270 ἀληθοῦς
1704 2236 1834 2267 πίστεως.

218 2276 302 2304 Verbi
311 2277 359 2305 Dei
371 2277 398 2308 in
408 2277 497 2305 carnis
508 2277 744 2306 administratione
757 2267 918 2313 negotium).
945 2277 999 2305 Te-

216 2323 352 2355 stimoniis
366 2323 459 2358 igitur,
473 2327 503 2350 nt
518 2322 621 2352 dictum
637 2328 688 2355 est,
698 2324 818 2359 acceptis
827 2325 867 2357 (ut
878 2324 905 2351 in
919 2330 1000 2358 supe-

216 2369 335 2396 rioribus
349 2368 489 2403 Apologiis
515 2367 673 2402 singulatim
699 2373 727 2395 et
743 2368 865 2396 dilucide
882 2368 995 2396 demon-

215 2414 385 2448 stravimus),
410 2413 518 2441 exorsis
544 2411 579 2442 αὗ
605 2413 701 2445 Adami
726 2414 876 2446 creatione,
900 2414 965 2441 item
982 2421 998 2441 a

215 2459 283 2492 Noe,
312 2459 461 2491 Abraham,
492 2459 578 2490 Isaac,
605 2458 700 2492 Iacob,
725 2458 809 2491 Mose,
833 2459 944 2491 Dnvide,
970 2463 998 2486 et

216 2504 363 2541 prophetis.
384 2504 521 2537 omnibus,
542 2504 609 2539 quin
631 2504 714 2532 etiam
740 2505 767 2532 in
784 2504 927 2532 nativitate
949 2512 998 2532 sua

216 2550 251 2578 ab
273 2551 339 2584 ipsis
355 2550 467 2585 angelis,
494 2549 579 2585 magis
602 2554 630 2577 et
646 2550 743 2583 stella;
769 2554 797 2577 et
822 2549 895 2584 quod
921 2549 1000 2584 longe

220 2597 367 2625 niaximum
389 2601 441 2628 est,
460 2597 488 2623 in
515 2595 650 2631 baptismo
666 2596 712 2623 Dei
728 2596 816 2623 Patris
833 2603 909 2627 voce,
930 2604 939 2621 ι
959 2594 999 2621 Tu

217 2650 248 2671 es
266 2642 351 2670 Filius
373 2649 451 2669 meus
472 2641 598 2674 dilectus,
613 2641 640 2668 in
658 2649 712 2675 quo
728 2641 793 2668 mihi
809 2641 1000 2676 complacitum

217 2693 259 2718 est
269 2688 306 2721 ⁸,»
324 2688 431 2721 (omitto
441 2687 513 2717 enim
528 2695 601 2715 nunc
618 2687 709 2714 dicere
723 2687 798 2714 edita
810 2687 844 2714 ab
860 2687 918 2722 ipso
934 2691 1001 2713 ten--

221 2742 287 2769 pore
312 2734 528 2762 conversationis
551 2741 607 2761 suae
631 2733 702 2760 inter
721 2733 845 2760 homines
871 2733 999 2760 miracula

217 2785 245 2809 et
262 2780 383 2821 prodigia
405 2788 512 2816 magna,
528 2788 588 2815 qua:
606 2780 688 2806 multa
713 2784 775 2806 sunt
791 2783 817 2806 et
839 2780 998 2812 innumera-

277 2875 308 2906 ltl
323 2872 388 2912 (tog.
407 2882 470 2905 nn,
493 2874 533 2900 ll.
572 2873 581 2888 ⁸
599 2873 692 2901 Matth.
713 2881 752 2906 ιιι,
776 2874 820 2905 ιι,

1054 2282 1084 2309 '0
1098 2280 1191 2316 μέντοι
1205 2282 1297 2314 Ἠλίας
1311 2283 1341 2309 ὲν
1355 2283 1444 2317 τρισὶν
1460 2282 1532 2308 ἔτεσι
1547 2283 1594 2309 καὶ
1605 2283 1702 2317 μικρόν
1713 2290 1739 2308 τι
1752 2282 1834 2316 πρὸς,

1049 2328 1160 2359 κλείσας
1175 2328 1238 2359 τοὺς
1254 2327 1397 2362 οὐρανοὺς,
1414 2328 1546 2362 ἀνίκμους
1561 2327 1706 2363 πεποίηκε,
1718 2327 1835 2362 νεκρούς

1048 2382 1078 2400 τε
1092 2374 1235 2407 ἀνέστησε,
1250 2373 1297 2400 καὶ
1321 2373 1416 2400 θυσίαν
1429 2372 1506 2400 ὕδατι
1529 2373 1650 2407 ἔφλεξεν.
1676 2372 1792 2407 ὀμοίως
1805 2373 1836 2399 δὲ

1049 2421 1096 2447 καὶ
1113 2420 1260 2452 Ἑλισσαιὲ,
1280 2419 1326 2446 καὶ
1341 2419 1366 2445 oi
1379 2418 1478 2454 ἕτεροι.
1500 2419 1562 2445 Ἐπὶ
1576 2418 1604 2444 δὲ
1621 2417 1761 2452 συντελείᾳ
1779 2418 1836 2444 τῶν

1051 2465 1158 2491 αἰώνων
1181 2463 1318 2491 κατελθὼν
1343 2464 1358 2490 6
1385 2463 1512 2498 Χριστὸς,
1535 2465 1584 2498 οὶχ
1607 2463 1644 2494 ὡς
1667 2462 1770 2494 δοῦλος,
1795 2463 1836 2493 ὡς

1053 2511 1101 2536 καὶ
1123 2507 1204 2542 οὗτοι,
1220 2510 1278 2536 ἀλλ’
1299 2509 1337 2540 ὡς
1363 2508 1497 2544 δεσπότης
1523 2509 1570 2535 καὶ.
1601 2509 1693 2544 κύριος
1719 2508 1836 2539 τούτων,

1054 2556 1100 2579 καὶ
1130 2552 1220 2579 λαϐὼν
1238 2553 1289 2584 τὰς
1308 2553 1472 2588 μαρτυρίας,
1490 2552 1538 2586 οὐχ
1564 2552 1602 2582 ὡς
1625 2553 1649 2578 oi
1681 2552 1837 2587 προφῆται,

1052 2596 1110 2623 ἀλλ’
1140 2596 1178 2628 ὡς
1203 2594 1238 2632 ἦν
1265 2597 1371 2632 πρέπον
1397 2596 1485 2631 τούτῳ
1515 2597 1552 2627 ὡς
1576 2596 1694 2630 δεσπότῃ
1721 2596 1769 2622 καὶ
1787 2597 1839 2631 δη-

1053 2642 1175 2678 μιουργῷ
1198 2643 1248 2677 τῆς
1272 2643 1398 2673 κτίσεως.
1417 2642 1448 2669 ού
1466 2643 1521 2677 μὴν
1543 2643 1566 2669 δ’
1583 2643 1620 2673 ὠς
1635 2642 1730 2677 χρείαν
1745 2642 1839 2676 ἔχοντι

1053 2688 1205 2723 μαρτυρίας
1233 2688 1325 2721 τινῶν,
1342 2688 1399 2714 ἀλλ’
1423 2688 1502 2723 ἤδιὰ
1527 2690 1576 2723 τὴν
1600 2688 1654 2714 τῶν
1679 2687 1840 2722 ἀνθρώπων

1051 2734 1186 2766 ἀγνωσίαν
1219 2742 1248 2759 τε
1277 2734 1324 2760 καὶ
1352 2735 1492 2760 ἀσθένειαν
1509 2734 1592 2768 (μέγα
1613 2734 1660 2760 καὶ
1681 2734 1734 2768 γάρ
1759 2734 1839 2759 ἐστιν

1051 2779 1133 2810 ὅντως
1158 2779 1186 2805 τί)
1206 2779 1255 2814 τῆς
1282 2780 1415 2814 ἐνπάρκου
1439 2779 1594 2814 οἰκονομίας
1621 2778 1667 2805 τοῦ
1695 2778 1758 2805 Υίοῦ
1786 2779 1839 2804 καὶ
