1949 3093
164 144 218 178 591

672 147 820 179 CONTRA
836 147 1078 185 MAHOMETEM
1097 147 1240 179 ORATIO
1259 147 1284 181 Ι.

1724 150 1777 184 1598

160 203 248 236 Λόγου
277 201 326 229 τοῦ
354 201 422 230 Θεοῦ
456 203 625 239 μυστήριον).
654 204 751 232 Λασὼν
780 205 870 232 τοίνυν
895 206 939 236 τὰς

996 204 1071 237 bilia,
1085 206 1167 233 etiam
1190 205 1219 232 in
1239 209 1362 241 tempore
1375 206 1510 242 passionis
1531 214 1588 236 sua
1603 210 1778 237 et-resurra-

163 247 325 283 μαρτυρίας,
341 247 379 279 ὥς
402 248 522 283 εἴρηται,
541 249 631 281 καθὼς
650 250 679 276 ἐν
700 251 761 282 ταῖς
787 251 943 286 ἔμπροσθεν

159 292 319 327 ἀπολογίαις
333 293 405 320 κατὰ
428 293 511 328 μέρος
527 295 622 328 σαφῶς
644 295 846 328 ἀποδέδεικται,
859 297 944 331 ἀρξα-

161 336 247 374 μὲνας
267 339 322 365 άπό
342 347 370 365 τε
395 339 446 374 τῆς
466 339 515 366 τοῦ
536 340 621 374 ’Δδὰμ
637 341 772 373 πλάσεως.
789 342 829 369 ἔτι
846 351 875 369 τε
896 342 944 369 τοῦ

161 384 234 417 Νῶε,
259 385 308 411 τοῦ
329 384 467 420 Ἀϐραὰμ,
495 385 600 418 Ἰσαὰκ,
621 387 668 414 καὶ
699 387 807 419 Ἰακὼϐ.
822 388 945 420 Μωσέως

159 437 190 456 τε
207 431 255 457 καὶ
271 431 365 462 Δασὶδ,
379 431 428 458 καὶ
445 431 554 460 πάντων
571 432 627 459 τῶν
640 433 799 468 προφητῶν,
814 433 882 461 ἀλλὰ
897 435 945 461 καὶ

161 476 191 502 ιν
212 477 246 511 τῇ
266 475 363 503 τούτου
381 478 506 512 γεννήσει
525 478 602 513 παρά
622 485 651 504 τε
669 478 723 505 τῶν
739 479 875 513 ἀγγέλων,
890 474 946 507 τῶν

162 522 270 556 μάγων,
285 522 333 548 καὶ
355 522 403 549 τοῦ
419 523 544 558 ἀστέρος.
563 525 610 552 κα)⁸
633 525 664 552 τὸ
678 524 710 561 δὴ
734 525 825 560 πολλῷ
839 526 944 560 μεῖζον,

161 568 191 594 ἐν
203 569 237 603 τῇ
259 565 354 595 τούτου
371 567 497 602 βαπτίσει
512 569 561 605 τὴν
584 570 657 605 παρά
672 570 718 598 τοῦ
741 571 808 598 Θεοῦ
824 572 870 598 καὶ
886 572 944 598 Πα-

160 613 224 648 τρὸς
236 606 340 648 ῲωνὴν,
352 613 400 648 τὴν
414 622 425 640 ι
441 615 477 642 Σὺ
495 613 521 642 εἴ
534 616 548 642 ὁ
563 615 628 647 Υίός
647 624 698 651 μου
714 617 728 643 ὸ
743 617 895 652 ἀγαπητὸς,
914 618 944 644 ἂν

162 654 185 691 ᾧ
205 657 341 694 εὐδόκησα
367 667 377 685 ι
400 659 448 694 (ἑῶ
475 660 530 695 γὰρ
557 660 646 695 λέγειν
668 661 703 688 τά
724 662 855 696 γεγονότα
881 662 947 697 παρ’

162 703 246 730 αὐτοῦ
261 703 290 730 εν
306 703 346 739 τῷ
367 704 458 740 καιρῷ
472 705 522 739 τῆς
538 705 609 740 μετὰ
624 706 679 733 τῶν
697 707 848 742 ἀνθρώπων
860 707 944 734 αὐτοῦ

162 748 335 784 ἀναστροφῆς
357 749 485 784 θαύματα
505 751 553 778 καὶ
569 751 675 785 μεγάλα
701 751 843 786 τεράστια,
860 752 945 780 πολλά

161 802 190 820 τε
205 794 268 820 ὄντα
281 794 328 821 καὶ
344 795 517 831 ἁναρίθμητα
529 795 559 822 ἐν
575 805 604 822 τε
620 797 658 830 τῷ
677 798 766 833 καιρῷ
779 797 826 824 τοῦ
840 798 944 831 πάθους

162 836 244 863 αὐτοῦ
268 838 315 864 καὶ
341 838 390 872 τῆς
419 840 606 871 ἀναστάσεως.
632 841 701 868 ἀλλὰ
727 843 775 869 καὶ
801 843 872 877 μετὰ
894 844 943 877 τὴν

163 882 322 919 ἀνάστασιν)
332 892 340 900 ο
353 884 413 911 τότε
427 885 541 917 ἐξέδωκε
549 886 595 914 τὸν
608 887 654 914 τοῦ
667 887 834 922 Εὐαγγελιου
847 889 939 924 νόμον.

169 927 248 955 Ἀλλὰ
264 929 428 964 παραϐραχὺ
445 930 625 965 διαπέφευγεν
648 933 722 967 ἡμᾶς
744 933 761 969 ἡ
785 934 814 960 ὲν
831 934 870 970 τῷ
885 934 941 962 Θα-

161 972 255 1007 σωρίω
268 973 315 1000 τοῦ
336 974 462 1009 Σωτῆρος
482 976 561 1011 ἡμῶν
577 979 802 1013 μεταμόρφωσις.
817 987 826 1004 ‹
841 979 940 1014 Θαὸὼρ

160 1018 225 1053 γάρ,
241 1019 323 1054 φησὶν
342 1020 356 1046 ὁ
369 1021 460 1053 Δασιό,
481 1022 528 1048 καὶ
545 1023 653 1058 Ἐρμὼν
674 1024 702 1050 tv
716 1024 755 1058 τῷ
771 1025 883 1057 ὀνόματί
893 1033 940 1052 σου

160 1064 351 1097 ἀγαλλιάσεται
368 1075 377 1091 ι
391 1067 446 1093 Καὶ
460 1067 528 1100 πῶς,
540 1064 562 1094 ὦ
578 1069 697 1104 μακάριε
706 1070 823 1105 Δαὸὶδ,ἡ
838 1071 941 1106 ἄψυχος

161 1107 212 1144 ῦλη
237 1110 450 1143 ἀγαλλιάσεταις
476 1113 543 1147 Ναὶ,
572 1115 649 1149 φησι,
677 1115 714 1150 μὴ
732 1115 824 1148 ἁπλῶς
845 1117 892 1143 καὶ
903 1117 940 1149 ὡς

160 1155 248 1190 ἔτυχε,
277 1156 345 1191 μηδὲ
370 1158 537 1191 ιπιπολαίως
561 1161 689 1196 θεωρεῖτε
707 1161 743 1188 τὰ
765 1162 811 1189 τοῦ
837 1163 940 1197 Κυρίου

159 1202 298 1236 τεράστια,
317 1203 375 1230 ἀλλ’
389 1204 527 1239 ἑγκύψατε
547 1206 587 1237 είς
604 1206 634 1233 τὺ
647 1207 702 1234 τῶν
724 1208 867 1243 νοημάτων
889 1208 939 1242 βά-

160 1246 216 1279 θος,
233 1249 280 1274 καὶ
305 1248 426 1284 μεγάλην
449 1251 580 1286 εὑρήσετε
604 1251 655 1288 τὴν
684 1253 827 1287 ὠφέλειαν.
852 1254 940 1290 Δεῦρο

159 1290 248 1318 τοίνυν
277 1289 462 1327 σκεψώμεθα,
485 1294 527 1326 τίς
552 1295 627 1322 ἔστιν
653 1296 670 1330 ἡ
694 1296 741 1323 τοῦ
769 1289 938 1334 πατριάρχου

160 1336 312 1371 εῑσήγησις.
345 1346 355 1363 ε
373 1339 472 1373 Θαδὼρ
497 1340 542 1366 καὶ
564 1340 689 1376 Ἕρμων,
720 1343 822 1378 φησὶν,
849 1344 878 1370 ὲν
899 1345 939 1380 τῷ

159 1380 274 1416 ὀνόματί
292 1390 339 1408 σου
364 1383 585 1416 ἀγαλλιάσονται.
599 1395 608 1412 ι
629 1387 735 1422 Ὥσπερ
751 1388 805 1423 γὰρ
831 1389 878 1416 ἐπὶ
898 1390 939 1424 τῷ

157 1425 206 1451 τοῦ
223 1426 327 1461 Κυρίου
343 1428 424 1455 πάθει
446 1429 521 1455 πᾶσα
535 1430 552 1464 ή
568 1430 657 1462 κτίσις
679 1432 904 1467 ἐσκυθρώπασεν,
919 1435 937 1469 ἥ

158 1477 188 1495 τε
209 1470 275 1504 ἁγία
294 1471 378 1497 αὑτοῦ
402 1473 503 1507 μήτηρ,
526 1473 554 1499 οῐ
577 1482 607 1499 τε
624 1475 778 1507 ἀπόστολοι,
800 1476 868 1503 άλλά
891 1479 938 1504 καὶ

159 1515 260 1548 πάντες
273 1517 297 1543 0!
313 1517 416 1550 πιστοὶ,
431 1518 480 1545 καὶ
503 1519 517 1545 ὸ
536 1519 586 1554 μὲν
601 1520 675 1555 ἥλιος
695 1522 850 1558 ἐσκοτίσθη,
867 1523 882 1558 ή
901 1524 935 1557 γῆ
950 1538 973 1568 c

157 1560 185 1587 δὲ
204 1561 326 1597 ἐσείσθη,
351 1563 398 1590 καὶ
413 1564 440 1590 αί
456 1564 554 1599 πέτραι
579 1566 756 1602 ἐσχίσθησαν,
772 1568 802 1594 τὸ
816 1570 936 1595 καταπέ-

158 1614 251 1640 τασμα
263 1607 407 1642 διερῤάγη,
423 1609 448 1635 ιι
466 1609 495 1636 δὲ
512 1610 623 1644 ἄγγελοι
641 1611 800 1647 ἐξέστησαν,
820 1614 937 1648 δρῶντες

158 1650 188 1677 τὸ
204 1651 277 1683 ξένον
296 1652 342 1679 τοῦ
358 1653 426 1680 Θεοῦ
442 1654 529 1688 Λόγου
550 1656 715 1692 μυστήριον
730 1657 802 1684 οὓτω
826 1659 872 1686 καὶ
890 1661 937 1686 ἐπὶ

158 1695 206 1722 τοῦ
221 1696 300 1731 ὅρους
320 1697 418 1733 Θασὼρ
431 1701 506 1728 πᾶσα
527 1702 544 1735 ἠ
563 1702 651 1734 κτίσις
673 1703 867 1739 ἠγαλλιάσατο,
882 1706 937 1733 άπὸ

161 1742 210 1775 μιν
226 1741 280 1769 τῶν
291 1743 414 1779 ἀψύχων,
430 1745 468 1777 ὡς
479 1747 512 1773 ἐκ
524 1748 614 1783 πάσης
625 1749 674 1783 τῆς
694 1750 746 1785 γῆς
757 1751 804 1777 καὶ
819 1751 873 1779 τῶν
883 1761 937 1786 φυ-

159 1787 224 1817 τῶν,
247 1788 346 1823 Θαὸὼρ
363 1790 410 1817 καὶ
431 1790 550 1826 Ἐρμὼν,
574 1794 629 1820 άπὸ
648 1794 676 1821 δὲ
690 1795 744 1822 τῶν
761 1797 790 1823 ὲν
812 1797 937 1832 αἰσθήσει

158 1832 268 1864 ζώντων
283 1834 317 1861 τά
341 1835 371 1861 ἐν
387 1835 426 1870 τῷ
440 1836 573 1873 Θαὸωρίῳ
599 1837 666 1871 ζῶα,
685 1839 740 1866 ἀπὸ
762 1840 815 1867 τῶν
830 1843 937 1878 νεκρῶν

158 1877 287 1912 Μωῡσῆς,
302 1878 356 1905 άπδ
367 1879 421 1906 τῶν
435 1881 545 1913 ζώντων
561 1882 663 1917 Πέτρος
686 1884 734 1911 καὶ
751 1884 875 1918 Ἰάκωϐος
890 1888 938 1914 καὶ

163 1922 301 1959 Ἰωάννης.
319 1924 386 1951 Ἀπὸ
400 1925 429 1952 δὲ
444 1926 495 1961 τῆς
510 1928 604 1963 ἑτέρας
617 1928 695 1964 ξένης
709 1931 754 1957 καὶ
770 1931 938 1967 ἐνηλλαγμέ-

157 1976 206 2003 νης
221 1969 294 2004 ζωῆς
321 1971 371 2006 τῆς
394 1972 462 2006 μήτε
485 1973 661 2010 ἀνθρωπίνης
685 1977 753 2011 μήτε
777 1978 936 2013 άγγελικῆς,

157 2013 225 2040 ἀλλὰ
251 2014 302 2049 τῆς
324 2016 372 2043 τοῦ
394 2017 479 2054 Ἑνὼχ
497 2019 545 2045 καὶ
565 2020 667 2052 Ἠλίου,
694 2021 777 2054 αὐτὸς
801 2024 816 2049 ὁ
834 2023 937 2056 Ἠλίας,

157 2059 203 2085 καὶ
222 2059 251 2093 ἐξ
264 2060 379 2094 οὐρανοῦ
400 2063 498 2098 νεφέλη
512 2064 631 2100 φωτεινὴ
644 2065 691 2092 καὶ
706 2066 731 2092 οι
745 2067 866 2100 ἄγγελοι.
884 2069 938 2095 Καὶ

159 2103 213 2131 ίδοῦ
228 2104 328 2141 Θασὼρ
344 2107 390 2133 καὶ
413 2107 522 2142 Ἐρμὼν
539 2102 683 2146 abandon
700 2111 733 2145 τῇ
751 2111 840 2138 κτίσει
854 2113 939 2146 ἠγαλ-

155 2149 294 2182 λιάσαντο,
316 2151 426 2186 Ἐρμὼν
438 2152 466 2179 ἑν
481 2154 514 2188 τῇ
533 2153 671 2188 βαπτίσει,
684 2156 731 2182 καὶ
744 2156 843 2192 Θαὸὼρ
853 2159 885 2184 γὲν
904 2159 937 2193 τῇ

157 2194 379 2230 μεταμορφώσει.
393 2196 454 2224 Ἐπὶ
478 2199 532 2225 τίνι
547 2199 690 2234 πράγματι
703 2209 711 2234 ;
730 2201 790 2227 Ἐπὶ
804 2202 851 2228 τοῦ
870 2202 937 2229 Θεοῦ
953 2207 975 2234 D

155 2240 203 2266 καὶ
220 2240 325 2275 Πατρδς
340 2243 415 2277 φωνῇ
434 2243 504 2278 ὑπὲρ
524 2244 570 2271 τοῦ
587 2245 747 2279 μονογενοῦς
758 2247 842 2274 αὐτοῦ
860 2248 936 2280 Υἱοῦ,

154 2285 201 2318 τῇ,
220 2293 229 2309 ι
248 2282 330 2317 Οὗτός
346 2287 421 2313 ἐστιν
436 2287 450 2313 ὁ
462 2288 526 2318 Υἱός
545 2298 596 2323 μου
610 2291 623 2316 ὁ
638 2290 789 2326 ἀγαπητὸς,
812 2292 840 2318 ἐν
858 2289 880 2325 ᾧ
894 2294 938 2319 εὑ-

153 2329 256 2364 δόκησα
271 2339 278 2346 ”
292 2331 375 2358 αὐτοῦ
389 2333 514 2360 ἀκούετε.
533 2343 543 2360 ι
562 2335 618 2363 Καὶ
639 2337 686 2362 ἐπὶ
705 2337 754 2371 μὶν
767 2337 814 2364 τοῦ
836 2339 938 2371 πάθους

154 2374 171 2409 ἡ
185 2376 260 2402 πᾶσα
279 2376 367 2408 κτίσις
384 2378 533 2413 ἠλλοιοῦτο,
550 2381 598 2407 καὶ
614 2381 647 2407 τά
660 2382 748 2409 πάντα
763 2383 864 2419 ἀναμὶξ
877 2385 937 2418 ἐγέ-

153 2428 214 2448 νετο
225 2429 233 2437 ·
250 2422 279 2448 ἑν
294 2422 323 2448 δὲ
333 2423 368 2458 τῇ
390 2423 436 2450 τοῦ
453 2424 578 2460 Σωτῆρος
595 2428 808 2462 μεταμορφώσει
828 2430 902 2456 πᾶσα
919 2431 935 2465 ἠ

154 2465 241 2499 κτίσις
254 2467 388 2502 ἠγάλλετο
401 2469 447 2496 ἐπὶ
458 2469 496 2505 τῷ
511 2470 655 2505 λιληθέντι
666 2471 779 2507 ὀνόματι
792 2473 840 2501 τοῦ
857 2474 934 2502 Υίοῦ.

159 2510 230 2538 ’Δλλ⁹
248 2513 391 2540 ιπανιτέον
417 2515 477 2542 ὅθεν
500 2515 660 2552 ἐξήλθομεν.
681 2517 712 2545 '0
736 2519 786 2553 μὲν
814 2520 936 2554 Μωῡσῆς

152 2557 262 2591 πρῶτον
277 2557 378 2592 λαϐὼν,
402 2560 493 2592 καθὼς
515 2562 635 2597 εἴρηται,
652 2562 702 2598 τὴν
722 2564 777 2591 ἀπὸ
803 2565 850 2592 τοῦ
866 2565 935 2593 Θεοῦ

153 2603 200 2630 καὶ
215 2603 268 2630 τῶν
282 2604 429 2640 θαυμάτων
443 2608 608 2643 μαρτυρίαν,
620 2609 724 2641 ἐξέδοτο
739 2611 787 2638 τὸν
802 2612 896 2647 νόμον,
908 2613 935 2639 οι

152 2649 180 2676 δὲ
196 2650 335 2686 προφῆται
345 2650 395 2686 τὴν
410 2651 522 2680 ἔκϐασιν
536 2653 591 2681 τῶν
603 2656 790 2690 προφητειῶν,
805 2657 880 2684 εστιν
889 2658 933 2685 ὅτε

152 2694 201 2721 καὶ
214 2694 267 2721 τῶν
284 2695 442 2731 θαυμάτων.
464 2699 494 2726 '0
508 2699 537 2727 δὲ
549 2700 667 2736 Χριστὸς
683 2701 753 2737 ἔχων
764 2703 814 2734 τὰς
830 2712 934 2740 μαρτυο

152 2739 225 2773 ρίας,
240 2739 273 2772 ἃς
282 2740 436 2775 φθάσαντες
446 2743 570 2779 εῐπομεν,
586 2745 632 2772 καὶ
642 2746 674 2773 τά
683 2746 782 2782 ἄπειρα
793 2747 932 2782 θαύματα,

996 250 1104 283 ctionis,
1129 254 1157 278 et
1175 254 1236 285 post
1259 251 1339 283 hanc)
1355 251 1560 286 comprobatus,
1584 257 1650 280 tunc
1664 252 1776 281 demum

995 295 1135 331 Evangelii
1159 296 1244 331 legem
1262 297 1388 331 protulit.
1410 297 1546 325 Ceterum
1568 297 1625 326 fere
1648 298 1778 326 transfor-

995 341 1142 368 mationem
1152 334 1302 369 Salvatoris
1314 341 1399 370 nostri
1410 343 1438 369 in
1452 342 1562 371 Thahor
1576 347 1670 373 mute
1678 343 1775 371 iactam

995 385 1224 420 praeterieramus.
1251 396 1262 414 ί
1288 387 1400 414 Thabor
1424 387 1509 418 enim.
1529 386 1620 422 inquit
1639 388 1732 420 David,
1749 393 1778 416 et

995 429 1115 457 llermon
1147 431 1175 458 in
1198 431 1308 458 nomine
1337 435 1384 458 tuo
1406 432 1614 459 exsultabunt'.
1636 441 1645 458 ι
1662 432 1694 459 Ει
1708 440 1778 467 quo-

996 474 1088 505 modo,
1102 481 1119 502 0
1133 474 1204 502 bone
1230 475 1327 508 David,
1350 475 1499 504 inanimata
1515 477 1662 505 exsultabit
1688 481 1775 505 mate-

996 519 1055 546 ria?
1077 520 1134 554 Na,
1160 520 1259 556 inquit,
1277 529 1331 549 non
1347 521 1460 550 fortuito
1484 529 1559 555 casu,
1577 530 1665 558 neque
1685 523 1788 562 obiter,

995 566 1103 594 Domini
1120 567 1243 602 prodigia
1257 568 1395 604 inspicite,
1409 569 1457 597 sed
1484 569 1625 597 recondita
1650 569 1678 597 in
1700 569 1775 605 cogi-

997 612 1130 639 talionum
1144 612 1369 647 profunditatem,
1389 618 1417 641 et
1440 622 1567 650 magnum
1583 615 1774 650 deprehende-

997 656 1032 684 tis
1055 657 1241 684 commodum.
1268 658 1324 693 Age
1352 658 1445 694 itaque
1475 659 1625 691 videamus,
1649 667 1774 694 quaenam

995 701 1156 736 patriarchze
1182 702 1307 730 doctrina
1332 703 1368 731 sit
1391 712 1399 730 :
1430 714 1438 729 ι
1462 704 1570 731 Thabor
1595 709 1623 732 et
1644 704 1772 738 Hermon,

996 747 1093 782 inquit,
1109 747 1136 775 in
1153 749 1262 776 nomine
1284 753 1331 776 tuo
1354 749 1543 778 exsultabant.
1565 759 1575 776 ›
1593 749 1775 784 Quemadmo-

995 792 1060 819 dum
1085 793 1159 820 enim
1188 794 1213 820 in
1240 794 1348 821 Domini
1375 795 1502 829 passione
1529 795 1619 822 omnis
1649 800 1776 823 creatura

997 837 1114 865 tristitize
1133 839 1208 873 signa
1225 839 1322 871 edidit,
1339 845 1432 867 sancta
1451 840 1661 868 videlicetillius
1678 846 1774 874 mater,

995 882 1121 915 apostoli,
1136 887 1164 909 et
1177 890 1273 910 omnes
1289 883 1393 917 ﬁdeles,
1408 885 1474 920 quin
1486 890 1514 912 et
1530 885 1568 912 sol
1582 886 1776 914 obteuebratus

994 929 1046 957 est,
1068 930 1139 953 terra
1156 934 1300 960 concussa,
1317 933 1345 955 et
1369 934 1454 963 petrae
1478 930 1579 962 scissae,
1606 931 1696 958 velum
1719 931 1776 958 dis-

995 976 1105 1006 ruptum
1132 977 1183 1005 est,
1208 978 1235 1000 et
1258 974 1309 1008 ipsi
1323 974 1411 1009 angeli
1437 975 1470 1002 ad
1494 983 1595 1003 novum
1623 975 1702 1004 Verbi
1726 977 1774 1004 Dei

995 1018 1156 1052 mysterium
1171 1019 1374 1053 obstupuerunt
1389 1029 1396 1047 :
1413 1021 1452 1047 sic
1466 1020 1548 1048 etiam
1563 1021 1590 1048 in
1603 1025 1694 1049 monte
1702 1021 1774 1049 Tha-

994 1061 1044 1087 bor
1061 1062 1149 1089 omnis
1165 1067 1290 1090 creatura
1313 1063 1470 1096 exsultavit,
1487 1071 1520 1091 ex
1534 1064 1690 1092 inauimatis
1712 1066 1775 1100 qui-

994 1104 1056 1132 dem
1071 1106 1149 1140 quasi
1163 1110 1219 1134 tota
1233 1111 1305 1134 terra
1319 1111 1345 1134 et
1359 1107 1469 1141 plantis,
1482 1107 1593 1136 'l‘habor
1605 1113 1632 1136 et
1643 1108 1772 1141 Hermon;

993 1157 1026 1176 ex
1037 1150 1091 1177 illis
1101 1158 1166 1179 vero
1181 1159 1241 1186 quae
1255 1159 1336 1179 sensu
1352 1153 1458 1185 vivunt,
1473 1161 1533 1188 qua
1546 1154 1574 1181 in
1589 1154 1699 1183 Thabor
1710 1159 1775 1182 sunt

993 1195 1144 1223 animalia:
1165 1204 1198 1224 ex
1220 1198 1336 1225 mortuis
1365 1197 1471 1231 Moses;
1493 1206 1526 1225 ex
1552 1199 1704 1228 viventibus
1726 1200 1775 1227 Pe-

995 1245 1063 1274 trus,
1082 1240 1200 1269 Jacobus
1216 1247 1243 1269 et
1255 1242 1393 1275 Joannes;
1408 1251 1442 1270 ex
1457 1244 1512 1271 vita
1531 1249 1625 1271 autem
1645 1244 1689 1272 illa
1704 1252 1773 1272 nova

992 1290 1019 1312 et
1031 1285 1183 1319 immutata,
1206 1294 1266 1321 qua:
1293 1295 1345 1315 nec
1368 1287 1486 1315 humana
1509 1296 1561 1316 nec
1575 1290 1696 1324 angelica
1721 1295 1774 1321 est,

993 1330 1040 1357 sed
1063 1331 1170 1365 qualem
1196 1331 1288 1360 Enoch
1307 1337 1335 1359 et
1350 1332 1424 1360 Elias
1446 1338 1539 1367 agunt.
1558 1334 1616 1369 ipse
1633 1334 1724 1366 Elias;
1740 1342 1775 1366 cx

992 1376 1062 1403 cmlo
1072 1381 1163 1404 autem
1189 1377 1276 1406 nubes
1287 1377 1377 1405 lucida
1392 1383 1420 1406 et
1435 1379 1531 1414 angeli.
1546 1379 1580 1407 Et
1590 1387 1654 1407 ecce
1667 1379 1777 1407 Thabor

991 1426 1020 1451 et
1047 1421 1166 1450 Hermon
1197 1430 1259 1450 cum
1289 1424 1364 1451 omni
1387 1429 1512 1453 creatura
1533 1425 1740 1453 exsultavcrunt
1766 1436 1773 1453 :

992 1467 1111 1495 Hermon
1134 1469 1161 1496 in
1185 1469 1331 1504 baptismo,
1348 1469 1457 1498 Thabor
1481 1470 1507 1497 iu
1523 1471 1773 1499 transformntione.

992 1513 1021 1540 lu
1035 1520 1089 1547 quo
1103 1514 1229 1549 negotio?
1242 1514 1269 1541 In
1284 1522 1350 1542 voce
1363 1515 1411 1542 Dei
1426 1515 1556 1544 Patrisde
1571 1516 1710 1552 uuigenito
1724 1525 1775 1545 suo

989 1557 1067 1590 Filio,
1082 1566 1136 1593 qua
1157 1554 1237 1592 dixit,
1265 1569 1275 1586 ‹
1294 1560 1343 1588 Hic
1357 1565 1398 1588 est
1416 1561 1499 1589 Filius
1513 1569 1589 1589 meus
1600 1561 1726 1595 dilectus,
1746 1563 1774 1590 in

987 1610 1042 1637 quo
1059 1603 1126 1630 mihi
1141 1604 1333 1640 complacitum
1348 1610 1400 1637 est,
1416 1605 1504 1640 ipsum
1521 1606 1615 1635 audite
1626 1608 1648 1635 '.
1669 1617 1678 1634 ι
1696 1607 1730 1635 Ει
1746 1609 1773 1635 in

988 1647 1115 1682 passione
1134 1649 1244 1683 quidem
1262 1650 1353 1678 omnis
1377 1656 1501 1678 creatura
1519 1652 1699 1685 alienabatur,
1719 1661 1775 1680 om-

987 1692 1087 1726 niaque
1100 1694 1351 1728 permiscebantur;
1370 1696 1396 1722 iu
1411 1696 1559 1724 Salvatoris
1575 1702 1667 1726 autem
1684 1703 1775 1727 trans.

987 1736 1150 1766 formatione
1170 1741 1259 1768 omnis
1282 1747 1406 1777 creatura
1421 1743 1573 1771 exsultabat
1591 1750 1703 1779 propter
1719 1754 1770 1774 no-

988 1789 1050 1810 men
1067 1783 1136 1811 Fiiio
1161 1784 1209 1813 Dei
1235 1786 1338 1814 datum.
1364 1787 1417 1815 Sed
1440 1787 1609 1816 redeundum
1631 1798 1676 1824 eo,
1699 1791 1771 1818 unde

988 1835 1084 1856 sumus
1098 1829 1224 1865 digressi.
1241 1830 1329 1860 Moses
1344 1833 1464 1867 quidem.
1483 1838 1512 1861 ut
1525 1834 1630 1863 dictum
1653 1841 1706 1869 est,
1726 1844 1771 1864 ac-

988 1877 1068 1908 cepto
1086 1874 1163 1909 prius
1179 1883 1193 1902 a
1210 1876 1266 1905 Deo
1285 1877 1479 1906 miraculorum
1497 1880 1664 1913 testimonio,
1683 1882 1769 1917 legem

990 1919 1060 1946 tulit.
1089 1919 1232 1956 Propheta
1257 1928 1349 1950 autem
1380 1925 1572 1953 taticiuiorum
1600 1933 1717 1958 eventu.
1743 1932 1771 1955 et

989 1971 1186 2001 nonnunquam
1212 1968 1353 1996 miraculis
1379 1978 1490 2005 quoque
1519 1976 1584 1999 sunt
1605 1972 1770 2000 confirmati.

988 2011 1113 2041 Christus
1124 2014 1207 2042 etiam
1223 2016 1288 2048 illis,
1305 2024 1367 2051 qua!
1392 2019 1590 2053 recensuimus,
1605 2020 1770 2049 testimoniis

989 2058 1129 2092 probatus,
1153 2064 1181 2086 et
1201 2060 1316 2089 inlinitis
1339 2062 1487 2094 miraculis.
1507 2065 1564 2099 ipse
1588 2073 1697 2100 quoque
1721 2073 1770 2093 ore

989 2103 1092 2130 docuit.
1114 2105 1174 2132 Post
1200 2106 1274 2133 illius
1297 2112 1388 2134 autem
1410 2109 1622 2144 assumptione-ui
1642 2111 1768 2146 discipuli

991 2148 1076 2183 hujus
1092 2149 1269 2184 Evangeiium
1286 2153 1518 2188 conscripserunt,
1535 2154 1641 2190 ipsique
1671 2157 1771 2185 docue-

991 2198 1063 2227 runt,
1076 2196 1213 2224 miraculis
1231 2197 1283 2224 sibi
1306 2198 1385 2225 iidem
1405 2199 1572 2227 vindicantes
1590 2211 1597 2228 :
1612 2209 1666 2230 non
1680 2208 1768 2231 tamen

989 2240 1128 2267 miraculis
1142 2241 1324 2273 solummodo.
1339 2243 1386 2270 scd
1401 2245 1483 2271 etiam
1506 2251 1617 2280 propter
1638 2248 1768 2282 optimam

990 2292 1079 2312 rerum
1103 2285 1379 2320 administrationem,
1406 2289 1486 2316 [idem
1511 2292 1688 2319 merebantur
1702 2301 1770 2328 apo-

989 2330 1063 2357 stoli.
1080 2330 1170 2358 Primo
1188 2332 1260 2358 enim
1277 2340 1340 2359 cum
1361 2334 1409 2361 hos
1422 2336 1574 2363 exacuisset
1587 2337 1724 2370 Christus,
1740 2345 1769 2366 et

988 2382 1037 2402 ceu
1053 2375 1156 2404 ferreos
1170 2376 1279 2405 fecisset
1293 2383 1321 2405 et
1333 2378 1533 2414 adamantinos,
1549 2382 1581 2409 ad
1598 2383 1770 2417 praedicatio-

989 2429 1051 2449 nem
1066 2421 1167 2454 emisit,
1187 2422 1281 2451 dicens
1295 2424 1349 2452 illis
1364 2434 1371 2451 :
1390 2434 1400 2451 σ
1416 2425 1485 2455 Ecce
1499 2428 1578 2454 mitto
1591 2435 1640 2456 vos
1655 2434 1685 2456 ut
1701 2437 1767 2458 oves

988 2467 1016 2494 in
1035 2467 1124 2495 medio
1137 2468 1262 2503 luporum
1275 2469 1297 2496 '.
1315 2479 1325 2496 ι
1345 2469 1377 2497 Hi
1389 2478 1453 2499 vero
1469 2471 1649 2500 humilitatem
1665 2474 1767 2507 induti,

987 2510 1112 2539 leonibus
1133 2511 1363 2541 iormidabiliores
1388 2522 1583 2550 apparuerunt.
1608 2518 1667 2546 Non
1691 2520 1765 2547 enim

987 2556 1102 2584 audacia
1118 2557 1187 2585 tollit
1199 2558 1353 2592 audaciam,
1370 2561 1419 2588 sed
1434 2562 1548 2596 aequitas
1569 2568 1597 2591 et
1611 2564 1763 2593 humilitas.

989 2610 998 2627 ι
1015 2601 1116 2630 Luceat
1141 2604 1225 2637 enim,
1245 2605 1332 2640 inquit
1346 2605 1483 2640 Christus,
1505 2608 1549 2635 lux
1566 2614 1655 2637 vestra
1671 2618 1764 2638 coram

985 2647 1153 2682 hominibus.
1168 2654 1199 2676 ut
1214 2650 1324 2679 videant
1347 2659 1430 2691 opera
1453 2658 1544 2681 vestra
1566 2654 1646 2686 bona,
1666 2660 1693 2682 et
1706 2656 1765 2690 glo-

985 2693 1092 2722 riﬁcent
1115 2695 1222 2723 Patrem
1244 2701 1366 2725 vestrum
1388 2698 1435 2733 qui
1458 2699 1486 2726 in
1500 2700 1578 2728 cmlis
1596 2701 1669 2728 est'.
1696 2711 1706 2728 ι
1731 2702 1765 2729 Ει

986 2738 1045 2767 haec
1070 2740 1182 2774 quidem
1204 2746 1248 2770 est
1273 2743 1312 2770 rei
1325 2743 1435 2777 veritas,
1450 2745 1524 2779 quod
1541 2746 1596 2773 vita
1620 2745 1724 2782 inteng
1737 2751 1765 2774 ct

187 2827 197 2842 '
216 2826 287 2856 Psal.
303 2835 437 2865 Lxxnnl,
456 2831 497 2859 l3.
537 2832 654 2860 'Maith.
673 2842 737 2868 xvu,
756 2835 781 2862 5.
821 2836 831 2851 '
852 2835 945 2864 Matth.
961 2845 988 2870 x,
1006 2838 1049 2866 l6.
1088 2839 1098 2854 '
1111 2838 1206 2867 Matth.
1225 2847 1252 2872 ν,
1271 2840 1312 2869 16.
