1949 3093
177 127 231 158 603

775 132 793 162 .ῐ
795 132 895 164 ΟΑΝΝ
899 134 933 164 IS
951 132 1209 166 CANTACUZENI

1735 134 1787 165 606

176 183 329 211 dortrinam
345 184 416 212 hanc
427 193 441 212 a
457 184 513 212 Deo
538 193 592 213 non
609 189 813 221 promanavisse
824 209 831 222 ,
845 190 956 218 rationi-

1023 193 1053 219 ιετ
1076 192 1201 225 ἕκαστος,
1218 193 1266 220 καὶ
1281 193 1355 227 λέγει
1382 193 1428 220 καὶ
1452 193 1578 227 ὁμολογεῖ
1593 192 1635 219 δτι
1656 191 1706 218 οὐκ
1733 193 1790 218 ἐστι

177 232 228 257 bus
239 230 431 258 consentaneis
441 231 492 258 hoc
505 231 741 266 demonstrantes;
758 235 853 263 timore
866 236 961 264 mortis

176 280 266 302 autem
281 276 393 310 cedunt,
417 282 444 304 et
457 282 610 312 sequuntur
626 279 804 314 impietatem.
819 281 879 309 Non
895 290 960 317 par-

178 328 241 346 vum
260 320 349 348 tamen
373 330 406 349 ex
422 321 520 349 horum
539 322 678 358 impietate
695 331 882 360 argumentum
906 328 961 354 col-

177 364 292 398 ligitur,
312 366 383 400 qttod
407 366 452 400 qui
477 367 543 394 tales
571 372 645 402 sunt,
666 368 885 398 Christianorum
909 371 961 399 do-

177 415 267 444 gmata
283 411 395 437 omnino
407 411 540 446 ignorent.

215 456 240 482 7.
261 456 393 483 Praeterea
415 457 525 491 quidam
539 465 572 485 ex
588 457 747 487 doctoribus
761 459 857 488 borum
872 460 900 488 in
920 461 962 489 di-

177 500 279 535 gnitate
289 500 461 529 Chaliharum
475 503 651 537 constitutus,
660 505 828 533 nomine..."
836 507 960 542 cumjatn

179 546 329 580 exspiraret
341 566 347 578 ,
364 554 472 574 crucem
490 555 573 582 penes
586 556 614 576 se
624 549 694 576 ferre
706 550 893 584 deprehensus
907 557 960 580 est.

180 590 237 623 Qua
268 591 294 618 in
313 597 422 626 pectore
444 592 517 620 illius
534 594 642 621 inventa
656 614 664 625 ,
690 595 874 631 intelligentes
888 597 962 626 hunc

180 637 285 664 occulte
305 636 492 665 Christianum
512 639 594 666 luisse
607 660 614 672 ,
639 647 694 667 non
707 648 741 668 eo
761 641 815 669 loci
829 643 874 670 ubi
891 643 962 671 Cha-

181 681 286 709 libades
303 682 412 716 sepeliri
427 683 548 711 solemne
563 689 614 716 est,
633 685 709 712 illum
725 687 901 721 sepelierunt,
914 689 961 716 sed

181 723 208 753 in
227 727 280 754 alio
299 727 333 753 ab
348 727 400 755 hoc
419 733 565 756 semotum.
590 729 641 762 Qui
663 731 735 758 enim
760 731 832 759 inter
847 733 898 761 hos
920 741 962 761 sa-

182 772 331 807 pientiores
346 779 373 800 et
394 775 584 808 prudentiores
598 782 671 810 sunt,
686 785 739 805 non
752 778 876 813 ignorant
886 787 962 807 erro-

182 825 238 845 rcttt
259 827 338 846 suum
351 840 357 849 .
384 825 411 847 et
431 821 607 855 imposturam
621 842 643 854 ,μ
661 823 707 850 sed
732 825 829 858 partim
850 825 959 859 quidem

182 870 293 898 propter
308 865 429 892 timorem
450 866 621 900 prtedictum,
638 869 736 902 partim
750 877 815 896 vero
831 870 894 904 quia
911 870 962 897 hu-

181 916 288 935 manam
306 909 417 944 gloriam
440 910 523 944 magis
537 916 629 938 amant
654 920 734 947 quam
757 913 870 948 gloriam
892 914 960 946 Dei,

183 953 299 981 occlusis
319 956 417 982 animae
431 955 520 982 oculis
545 956 571 982 in
588 956 707 984 tenebris
726 958 920 992 obambulant;
935 964 963 987 et

183 999 279 1025 timore
309 999 403 1026 mortis
432 1000 513 1033 ltugus
541 1002 693 1036 corporalis
724 1003 822 1030 animae
847 1009 961 1032 mortem

182 1045 338 1079 acquirunt.
362 1046 391 1073 ln
415 1045 580 1074 Christianis
593 1052 683 1075 autem
697 1053 791 1076 contra
806 1049 864 1076 ﬁeri
877 1049 962 1083 solet;

183 1092 280 1120 timore
307 1093 379 1120 enim
408 1094 505 1121 mortis
530 1094 637 1126 animae,
664 1095 832 1129 corporalem
851 1095 923 1122 illam
939 1101 965 1122 et

184 1141 325 1164 externam
356 1146 417 1166 cum
433 1139 572 1173 voluptate
589 1143 780 1167 contemnunt.
795 1140 965 1168 Christiano-

182 1191 242 1210 rum
260 1184 333 1210 enim
348 1183 415 1211 ﬁdes
431 1185 510 1220 longe
523 1185 628 1218 lateque
653 1185 687 1212 ab
703 1185 744 1212 his
759 1186 904 1221 discrepat.
919 1187 965 1214 Ar-

183 1233 255 1256 ctatn
271 1230 343 1256 enim
359 1235 384 1256 et
403 1235 544 1264 angustam
563 1230 691 1258 Christus
709 1231 774 1260 dicit
794 1232 863 1267 viam
882 1241 943 1261 esse
956 1252 964 1266 .

163 1289 165 1291 ›
183 1282 244 1309 quae
261 1282 312 1301 nos
326 1274 359 1301 ad
373 1275 455 1302 vitam
476 1275 598 1304 deducit.

222 1319 249 1346 8.
267 1319 300 1346 Et
312 1319 398 1354 legem
416 1320 536 1355 quidem.
554 1325 584 1348 ut
594 1321 722 1354 diximus,
737 1330 752 1349 a
766 1323 887 1350 daemone
898 1323 968 1351 didi-

183 1363 231 1396 cit;
247 1363 428 1393 nihilominus
444 1369 533 1392 tamen
548 1366 575 1393 in
593 1367 735 1395 hatreticos
751 1369 881 1403 quosdam
900 1370 969 1396 inri-

182 1407 265 1441 dens,
282 1408 387 1443 reliqua
402 1410 549 1444 assumpsit
565 1418 573 1443 ;
589 1415 617 1438 et
635 1411 770 1447 {Jacobs
792 1413 900 1448 quidem
916 1413 970 1442 Ba-

184 1461 250 1482 ettra
270 1454 297 1482 in
316 1454 434 1483 NeStorii
456 1455 629 1491 dogmatibus
653 1458 794 1486 institutus
818 1465 870 1492 est,
886 1466 967 1493 quem

1012 238 1087 272 παρὰ
1102 238 1169 266 Θεοῦ
1190 240 1221 266 τὸ
1235 239 1371 275 διδαχθὲν,
1384 239 1473 272 λόγοις
1497 239 1617 269 πιθανοῖς
1629 238 1710 265 τοῦτο
1725 237 1792 264 ἁπο-

1010 283 1176 317 δεικνύντες.
1188 285 1233 319 Τῷ
1245 285 1320 321 φόϐῳ
1334 285 1361 312 δὲ
1381 285 1427 312 τοῦ
1443 285 1560 312 θανάτου
1577 284 1728 313 ὑπείκουσι.
1744 284 1790 310 καὶ

1011 329 1187 356 ἀκολουθοῦσι
1210 331 1243 365 τῇ
1261 330 1382 366 ἀσεϐείᾳ.
1396 330 1454 357 οὐκ
1466 329 1556 363 ὀλίγον
1565 329 1593 356 δὲ
1608 328 1791 364 συμϐάλλεται

1011 376 1044 410 τῇ
1069 375 1184 403 ἐκείνων
1209 377 1323 411 ἀσεϐείᾳ
1338 377 1386 403 καὶ
1399 376 1430 403 τδ
1447 376 1590 407 παντελῶς
1613 374 1792 410 εὑρίσκεσθαι

1011 420 1176 455 ἀγνοοῦντας
1187 421 1296 453 τούτους
1312 422 1346 449 τὰ
1360 422 1415 448 τῶν
1435 419 1616 457 Χριστιανῶν.

1046 465 1079 498 ζ’.
1102 467 1193 502 ὀμῶς
1207 467 1255 494 καὶ
1271 467 1303 494 ὲκ
1318 467 1372 494 τῶν
1385 466 1553 494 διδασκάλων
1569 464 1658 493 αὐτῶν
1672 462 1724 496 εἷς,
1739 474 1791 499 χα-

1011 512 1093 548 λιφᾶς
1104 512 1135 539 τδ
1156 512 1263 548 ἀξίωμα
1278 511 1505 547 δνομα,αὐτῷ...,
1527 512 1557 538 ὲν
1580 511 1619 546 τῷ
1640 510 1727 544 καιρῷ
1743 510 1792 542 τῆς

1011 556 1140 591 τελευτῆς
1156 556 1240 583 αὑτοῦ
1257 555 1356 592 εὑρέθη
1371 555 1488 590 σταυρὸν
1503 555 1593 590 φέρων
1610 554 1670 590 μεθ’
1683 553 1791 580 ἑαυτοῦ.

1011 602 1145 637 Εὕρόντες
1161 602 1190 629 δὲ
1212 602 1259 629 τὸν
1284 602 1400 637 σταυρὸν
1412 603 1443 629 ὲν
1462 601 1501 635 τῷ
1514 600 1607 636 στήθει
1628 600 1722 632 αὑτοῦ,
1746 600 1793 625 καὶ

1011 647 1232 682 κατανοήσαντες
1253 647 1294 674 δτι
1321 646 1515 682 κεκρυμμένος
1530 645 1694 678 Χριστιανός
1708 645 1794 673 ἔστιν.

1011 694 1061 721 οὐκ
1073 693 1178 727 ἔθαψαν
1192 693 1275 721 αὑτὸν
1295 693 1324 720 ἑν
1335 690 1357 727 ᾧ
1375 693 1451 727 τόπῳ
1470 693 1588 719 εθαπτον
1601 691 1665 721 τοὺς
1679 689 1794 725 χαλιφά-

1011 739 1069 772 δας,
1089 739 1146 767 ἀλλ’
1160 739 1189 766 ιν
1203 739 1290 774 ἑτέρῳ
1304 739 1401 774 χωρίς.
1425 739 1457 765 οε
1479 738 1534 772 γὰρ
1550 737 1627 771 σοφοὶ
1641 735 1687 762 καὶ
1704 736 1796 769 φρόνι-

1013 793 1058 820 μοι
1074 784 1185 812 ἐκείνων
1197 784 1247 812 οὐκ
1261 785 1330 811 εἰσὶν
1341 783 1502 818 ἀγνοοῦντες
1513 782 1679 818 τὴνὲκείνων
1690 782 1796 815 πλάνην

1013 837 1043 856 τε
1060 829 1108 856 καὶ
1122 830 1242 864 ἀπάτην.
1267 829 1347 856 Ἀλλὰ
1360 829 1390 855 τὺ
1407 829 1458 863 μὲν
1470 828 1515 855 διὰ
1531 828 1577 854 τὸν
1593 826 1736 862 εἰρημένον
1749 826 1798 860 φόο

1013 873 1071 904 ϐον,
1085 873 1115 899 τό
1130 873 1151 899 δ’
1167 873 1208 899 ὅτι
1221 873 1349 907 ἀγαπῶσι
1365 872 1444 904 δόξαν
1460 871 1514 898 τῶν
1525 871 1573 898 ἀνθ
1578 870 1678 905 ρώπων
1692 870 1793 905 μᾶλλον

1013 918 1083 953 ὑπὲρ
1094 919 1144 952 τὴν
1159 917 1238 950 δόξαν
1249 917 1295 944 τοῦ
1311 916 1392 949 Θεοῦ,
1417 915 1552 952 μύσαντες
1568 916 1634 946 τοὺς,
1644 915 1695 949 τῆς
1707 914 1796 949 ψυχῆς

1013 963 1182 998 ὀφθαλμοὺς,
1205 964 1234 990 ὲν
1252 963 1292 999 τῷ
1316 963 1406 990 σκότει
1430 962 1666 998 περιπολεύονται,
1687 961 1734 987 καὶ
1757 959 1797 994 τῷ

1014 1009 1164 1044 σωματικῷ
1178 1008 1254 1044 φόϐῳ
1275 1008 1322 1036 τοῦ
1337 1009 1458 1042 θανάτου,
1475 1009 1518 1036 τὸν
1534 1007 1649 1042 ψυχικὸν
1665 1005 1798 1040 κληροῦν-

1013 1061 1068 1080 ται.
1091 1053 1152 1079 Ἐπὶ
1170 1053 1199 1079 δὲ
1211 1052 1266 1079 τῶν
1281 1051 1453 1088 Χριστιανῶν
1472 1052 1522 1087 οὐχ
1546 1050 1643 1082 οὕτως,
1667 1049 1735 1076 ἀλλὰ
1758 1048 1798 1083 τῷ

1014 1097 1090 1132 φόϐῳ
1102 1097 1148 1124 τοῦ
1163 1096 1280 1132 ψυχικοῦ
1298 1096 1424 1129 θανάτου,
1439 1096 1486 1123 τοῦ
1501 1094 1660 1130 σωματικοῦ
1678 1093 1725 1120 καὶ
1742 1094 1799 1120 ὑλι-

1015 1141 1064 1168 κοῦ
1085 1142 1133 1168 καὶ
1149 1140 1271 1175 ὲνηδόνου
1287 1139 1513 1175 καταφρονοῦσιν.
1535 1140 1568 1165 Ἦ
1590 1138 1644 1173 γὰρ
1657 1137 1711 1164 τῶν
1727 1138 1796 1172 Χρι-

1017 1185 1133 1212 στιανῶν
1148 1186 1238 1217 πίστις
1254 1185 1364 1221 μακράν
1378 1193 1430 1212 που
1442 1184 1490 1211 καὶ
1505 1184 1599 1219 πόρῤω
1610 1182 1669 1209 ιστὶ
1682 1183 1796 1209 τούτων.

1017 1230 1116 1267 Στενὴν
1140 1231 1193 1266 γὰρ
1212 1231 1260 1257 καὶ
1280 1229 1463 1265 τεθλιμμένην
1483 1229 1585 1264 ἔφησεν
1600 1228 1615 1255 ὁ
1629 1227 1731 1264 Κύριος
1747 1227 1798 1263 τὴν

1016 1276 1085 1308 ὁδὸν,
1104 1275 1154 1310 τὴν
1170 1276 1210 1306 εἰς
1222 1275 1294 1311 ζωὴν
1308 1277 1380 1311 ἡμᾶς
1393 1277 1566 1309 ἀπάγουσαν.

1054 1321 1090 1356 η’.
1108 1322 1162 1348 Καὶ
1177 1321 1303 1356 ἐδιδάχθη
1327 1322 1376 1355 μὲν
1391 1322 1404 1348 ὁ
1424 1321 1516 1356 νόμος,
1536 1320 1573 1352 ὡς
1590 1321 1708 1357 εῐρηται,
1724 1319 1800 1354 παρὰ

1018 1368 1067 1395 τοῦ
1083 1367 1209 1403 δαίμονος
1220 1375 1228 1384 ·
1246 1368 1322 1402 ὅμως
1348 1367 1394 1393 καί
1409 1375 1480 1394 τισιν
1502 1367 1650 1402 αἱρετικοῖς
1671 1364 1799 1400 ἐντυχὼν,

1019 1415 1054 1441 τὰ
1068 1413 1205 1440 ὑπόλοιπα
1230 1412 1428 1448 προσελάϐετο.
1445 1413 1500 1439 Καὶ
1512 1411 1588 1446 παρὰ
1612 1411 1661 1446 μὲν
1674 1410 1720 1437 τοῦ
1746 1411 1799 1437 Ἰα-

1021 1459 1079 1486 κὼϐ
1094 1458 1141 1485 τοῦ
1162 1459 1270 1494 Βαενρᾶ
1295 1456 1329 1493 ἦν
1344 1458 1458 1493 μυηθεὶς
1473 1457 1506 1484 τὰ
1524 1457 1570 1484 τοῦ
1592 1456 1747 1492 Νεστορίου,
1771 1455 1801 1481 ὃν

185 1506 212 1527 ct
235 1504 330 1536 postea
352 1501 474 1535 occidit;
503 1510 517 1529 a
534 1501 637 1530 Iudaeis
662 1509 752 1532 autem
781 1504 944 1539 quibusdam
960 1524 966 1536 .

1024 1506 1093 1540 μετὰ
1104 1505 1199 1539 καιρὸν
1215 1505 1360 1531 ἀπέκτεινε
1371 1513 1378 1521 ·
1393 1504 1469 1539 παρὰ
1490 1503 1518 1531 δὲ
1551 1502 1684 1529 Ἰουδαίων
1708 1501 1800 1532 τινῶν,

185 1545 304 1573 Phinees
318 1545 447 1574 nimirum
468 1551 496 1574 et
512 1548 611 1581 Audio,
627 1556 708 1583 quem
731 1550 790 1584 ipse
805 1553 909 1576 mutato
922 1556 971 1577 no-

186 1590 260 1618 mine
275 1591 410 1619 Audulatn
427 1592 545 1625 vocavit,
561 1597 646 1628 auue
661 1594 762 1627 Salom,
779 1601 859 1629 quem
873 1594 971 1622 Perse-

186 1635 239 1663 lem
250 1637 465 1672 cognominavit.
484 1639 569 1666 multa
580 1639 661 1667 etiam
676 1639 862 1674 transumpsit,
878 1640 972 1674 sicque

186 1683 269 1710 etiam
297 1683 324 1710 in
350 1682 529 1711 Nestorianos
568 1685 672 1720 aliquot
701 1686 825 1714 incidens
848 1686 972 1713 omnium

188 1729 356 1762 impietatem
374 1728 494 1764 collegit.
506 1729 678 1765 Quapropter
699 1731 726 1758 in
742 1731 876 1758 Alcorano
888 1731 972 1758 multa

188 1773 312 1801 invenire
323 1774 395 1807 licet.
408 1783 441 1803 ex
455 1775 536 1803 modo
555 1776 636 1804 dictis
660 1775 798 1811 descripta
811 1776 972 1804 hmresibus.

185 1819 217 1846 Si
233 1820 304 1846 enim
329 1828 420 1848 mores
449 1820 536 1848 bonos
561 1829 738 1856 corrumpere
758 1822 890 1849 malorum
909 1829 974 1848 con-

190 1865 311 1892 versatio
325 1869 426 1899 potest,
443 1871 546 1900 quanto
566 1866 653 1901 magis
669 1867 691 1893 si
707 1874 738 1893 ea
754 1867 781 1894 in
796 1874 893 1900 pravos
914 1874 974 1893 mo-

188 1918 233 1937 res
254 1909 404 1938 inciderit?
420 1910 489 1938 Cum
506 1911 589 1945 igitur
615 1911 701 1945 legent
716 1919 731 1937 a
748 1911 871 1938 daemone
897 1917 974 1937 acce-

190 1957 274 1989 pisset
287 1955 432 1987 Mahomet,
448 1956 513 1990 qttid
527 1956 600 1983 aliud
624 1957 701 1983 illum
717 1956 805 1984 facere
819 1960 866 1982 aut
883 1955 974 1983 dicere

190 2001 353 2035 oportebat,
383 2008 465 2036 quam
486 2009 518 2028 ea
546 2008 608 2035 quae
625 2001 667 2027 sui
686 2006 764 2028 erant
782 1999 922 2035 magistri?
941 2000 975 2027 Et

190 2045 420 2080 quemadmodum
447 2045 493 2072 ille
509 2045 579 2072 fastu
596 2045 736 2077 laborans,
755 2050 900 2079 postquam
915 2044 974 2079 lap-

190 2099 236 2118 sus
250 2095 302 2123 est,
325 2091 417 2118 statim
436 2091 545 2118 mentiri
564 2091 663 2126 capit,
686 2091 726 2119 sic
741 2091 822 2118 etiatn
838 2091 976 2118 Maltomet

190 2145 223 2166 cx
238 2137 364 2170 superbia
379 2141 407 2164 et
423 2135 565 2163 mendacio
580 2136 653 2171 loqui
669 2137 752 2172 erepit
764 2141 792 2164 et
806 2136 940 2164 scribere.

225 2184 252 2211 9.
267 2183 304 2210 De
318 2183 409 2217 seipse
423 2182 685 2219 enimjaclabundus
699 2183 766 2210 dicit
777 2182 804 2210 in
821 2183 895 2209 hunc
911 2189 972 2209 ruo-

190 2229 257 2258 rlum
279 2239 285 2256 :
301 2229 329 2257 Si
348 2237 445 2257 omnes
463 2229 587 2257 homines
603 2229 786 2261 conveniant,
805 2235 901 2257 omnes
912 2229 975 2264 spi-

1021 1549 1069 1576 τοῠ
1089 1558 1118 1576 τε
1136 1549 1227 1580 Φινεὲς
1253 1548 1301 1575 καὶ
1315 1547 1425 1580 Δύδιοῦ,
1452 1548 1544 1575 ὅντινα
1576 1545 1697 1574 Αὐδουλᾶ
1712 1553 1801 1580 μετωο

1022 1595 1135 1630 νόμασε,
1148 1594 1195 1620 καὶ
1220 1593 1320 1628 Σαλὼμ
1333 1593 1445 1628 ,ὥσπερ
1476 1593 1563 1627 Σελὶμ
1576 1611 1583 1624 ,
1603 1591 1670 1618 ἀλλὰ
1695 1590 1726 1623 δὴ
1754 1590 1804 1616 καὶ

1021 1641 1094 1667 τισὶν
1114 1640 1308 1674 Νεστοριανιιῖς
1330 1637 1461 1673 ἐντυχὼν,
1487 1638 1536 1672 τὴν
1567 1636 1674 1665 πάντων
1705 1635 1804 1662 κακίαν

1022 1685 1170 1719 ἐσώρευσε.
1191 1684 1241 1712 Διά
1257 1692 1298 1711 τοι
1309 1683 1389 1711 τοῦτο
1413 1684 1442 1710 ὲν
1456 1683 1494 1718 τῷ
1519 1683 1629 1719 Κοῤῥαν
1653 1681 1739 1708 πολλά
1752 1689 1804 1714 ,τις

1024 1731 1136 1766 εὑρήσει
1152 1729 1334 1765 γεγραμμένα
1348 1731 1380 1756 ὲκ
1399 1729 1455 1756 τῶν
1470 1729 1604 1766 ρηθεισῶν
1618 1729 1758 1764 αιρέσεων.
1772 1728 1804 1754 Εἰ

1023 1777 1077 1813 γὰρ
1091 1777 1143 1811 non
1159 1776 1268 1811 χρηστὰ
1282 1774 1336 1802 οἶδε
1357 1775 1480 1809 φθείρειν
1501 1774 1593 1810 ὁμιλία
1622 1774 1706 1809 κακὴ,
1730 1774 1805 1806 πόσῳ

1025 1822 1126 1856 μᾶλλον
1139 1821 1218 1856 ήθεσι
1244 1821 1371 1856 πονηροῖς
1400 1819 1568 1856 ἑντυχοῦση
1595 1819 1692 1846 Λαϐὼν
1716 1819 1806 1846 τοίνυν

1024 1867 1072 1902 τὴν
1088 1867 1164 1901 παρὰ
1174 1866 1220 1893 τοῦ
1233 1866 1360 1901 δαίμονος
1370 1865 1481 1901 διδαχὴν
1493 1866 1506 1892 ὁ
1520 1864 1655 1900 Μωάμεθ,
1670 1864 1696 1890 τί
1711 1864 1804 1898 ἕτερον

1025 1913 1078 1940 ἔδει
1094 1914 1223 1948 πράττειν
1239 1914 1285 1940 καὶ
1307 1913 1397 1947 λέγειν
1416 1913 1433 1947 ἢ
1456 1912 1491 1939 τὰ
1517 1911 1566 1938 τοῦ
1581 1911 1741 1938 διδασκάλου
1761 1909 1801 1936 αὖ·

1024 1959 1090 1992 τοῦς
1108 1959 1163 1985 Καὶ
1187 1958 1280 1993 ὥσπερ
1305 1959 1408 1989 ἐκεῖνος
1417 1958 1533 1993 νοσήσας
1546 1956 1594 1993 τὴν
1621 1957 1746 1991 ἔπαρσιν,
1759 1955 1804 1981 καὶ

1025 2006 1130 2035 πεσὼν,
1146 2001 1227 2033 εὐθὺς
1244 2002 1278 2028 ἐκ
1300 2002 1347 2028 τοῦ
1360 2001 1475 2036 ψεύδους
1490 2000 1604 2036 ήρξατο,
1629 2000 1700 2026 οὕτω
1726 1999 1773 2025 καὶ
1793 1998 1808 2024 ὁ

1026 2047 1148 2083 Μωάμεθ
1160 2046 1189 2080 ἐξ
1205 2047 1395 2082 ὑπερηφανίας
1410 2045 1459 2074 καὶ
1466 2046 1582 2081 ψεύδους
1607 2044 1709 2080 ἤρξατο
1719 2044 1809 2078 λέγειν

1026 2094 1073 2120 καὶ
1096 2093 1222 2128 γράφειν.

1064 2183 1096 2210 θ’.
1119 2180 1375 2217 Μεγαλορρημονῶν
1407 2181 1461 2216 γὰρ
1497 2179 1561 2215 περὶ
1589 2179 1692 2211 αὑτοῦ,
1711 2179 1810 2206 οὑτωσί

1030 2236 1096 2263 φησι
1127 2227 1199 2254 κατὰ
1224 2227 1307 2259 λέξιν,
1333 2226 1371 2257 ὡς
1398 2226 1430 2252 Εἰ
1454 2226 1553 2257 πάντες
1581 2224 1719 2260 ἄνθρωποι
1751 2233 1812 2251 συν-

190 2276 262 2306 ritus
275 2280 304 2303 et
316 2282 414 2303 omnes
428 2275 518 2310 angeli
531 2275 624 2306 talem,
646 2274 754 2310 qualem
771 2281 832 2309 ego,
847 2274 969 2302 Alcorra-

1032 2273 1159 2309 αχθεϊεν,
1190 2274 1238 2299 καὶ
1273 2272 1361 2299 πάντα
1389 2272 1423 2298 τὰ
1450 2271 1612 2305 πνεύματα.
1642 2271 1688 2297 καὶ
1711 2270 1811 2300 πάντες

190 2329 258 2352 pum
276 2328 440 2356 componere
453 2328 508 2348 non
525 2323 661 2355 poterunt.
680 2318 747 2346 ltem
765 2318 792 2346 itt
809 2319 897 2354 capite
908 2319 977 2346 Ela-

189 2365 258 2396 μίαν,
275 2363 352 2398 qttasi
369 2371 484 2398 persona
499 2363 547 2391 Dei
562 2363 676 2398 loquens
688 2383 694 2394 ,
712 2362 752 2390 sic
768 2363 858 2397 inquit
874 2373 880 2390 :
897 2363 974 2398 Quod

193 2409 217 2436 si
233 2410 306 2438 hunc
323 2409 500 2436 Alcorranum
515 2409 542 2436 in
563 2409 681 2442 aliquem
697 2409 828 2436 montium
846 2409 977 2437 immitte-

195 2462 298 2486 remus.
314 2455 412 2482 timore
426 2454 534 2482 illiuset
547 2454 678 2489 religione
693 2461 755 2489 erga
768 2454 845 2481 illum
859 2455 979 2482 disrum-

196 2504 318 2534 perctur.
334 2499 392 2526 Non
410 2503 498 2526 tamen
517 2507 549 2526 ex
563 2499 605 2526 his
623 2498 810 2526 tantutnmodo
836 2499 927 2527 verbis
947 2500 980 2527 il-

196 2545 250 2578 lius
267 2545 397 2581 jactantia
423 2544 652 2579 deprehenditur,
675 2544 722 2572 sed
754 2544 836 2572 etiam
866 2545 894 2572 in
919 2545 981 2572 aliis

199 2592 292 2620 tnttltis
307 2592 433 2624 eﬂ‘ertur,
447 2592 530 2619 siculi
546 2591 628 2626 paulo
644 2596 706 2626 post
723 2595 817 2618 nostra
829 2590 918 2618 oratio
932 2598 981 2618 ex.

198 2641 291 2678 ponet.
310 2637 331 2664 Α
351 2637 410 2664 solo
421 2637 477 2664 Deo
492 2637 564 2663 enim
578 2636 645 2663 dicit
662 2636 841 2663 Alcorranum
855 2636 981 2671 intelligi,

199 2684 234 2715 ab
253 2683 411 2711 hominibus
424 2690 490 2710 vero
505 2678 689 2717 nequaquam.
706 2683 840 2709 Cat-terum
853 2686 983 2716 agnoscat

200 2731 366 2757 vanissimus
380 2731 487 2763 doctor,
498 2730 571 2765 quod
583 2730 716 2764 sapientia
731 2737 779 2757 sua
793 2737 847 2756 non
862 2737 877 2756 e
890 2722 985 2762 super-

203 2777 246 2805 nis
257 2781 309 2808 est,
326 2777 373 2804 sed
397 2782 516 2809 terrena,
533 2776 659 2804 animalis
669 2781 697 2804 ct
710 2775 887 2803 da'moniaca.
908 2784 916 2800 t
935 2774 984 2801 Do-

204 2824 295 2856 minus
306 2823 390 2857 enirn,
409 2822 604 2858 inqttitDavid,
625 2823 705 2850 ducet
723 2826 879 2850 mansuetos
902 2821 928 2848 in
943 2820 986 2855 ju-

186 2933 215 2944 Α...

1030 2318 1153 2353 ἄγγελοι,
1177 2318 1228 2345 οὐκ
1261 2317 1294 2344 ἃν
1322 2317 1445 2344 δύναιντο
1460 2317 1572 2351 ποιῆσαι
1601 2315 1721 2343 τοιοῦτον
1737 2316 1810 2350 Κορ-

1030 2365 1098 2400 ρὰν,
1116 2364 1206 2390 ὁποῖον
1220 2364 1285 2397 ἐγώ.
1305 2363 1366 2389 Ἔτι
1384 2364 1413 2389 ἐν
1437 2361 1477 2397 τῷ
1505 2361 1646 2397 κεφαλαίῳ
1665 2361 1706 2396 τῷ
1726 2362 1813 2388 Ἐλα-

1029 2409 1099 2444 σιὰρ
1125 2408 1163 2440 ὡς
1195 2409 1227 2434 ἐκ
1254 2406 1400 2441 προσώπου
1431 2405 1483 2432 τοῦς
1505 2404 1572 2432 Θεοῦ
1589 2405 1688 2431 οὑτωσί
1717 2412 1810 2439 φησιν·

1036 2455 1080 2486 Ὦς
1108 2454 1132 2480 ei.
1162 2452 1324 2487 ἐπέμψαμεν
1351 2451 1429 2478 τοῦτο
1454 2451 1485 2477 τὸ
1510 2451 1620 2486 Κορρὰν
1642 2451 1681 2481 εις
1702 2449 1731 2476 ἓν
1756 2449 1812 2475 τῶν

1030 2498 1271 2534 ὀρῶν,σχισθ.ῆναι
1290 2497 1402 2532 ἔμελλεν
1431 2497 1484 2523 ὑπδ
1511 2495 1558 2523 τοῦ
1577 2496 1660 2530 φόϐου
1686 2496 1733 2522 καὶ
1763 2497 1815 2530 τῆς

1032 2547 1101 2582 πρὸς
1118 2545 1186 2572 αὐτὸ
1202 2543 1358 2574 εὐλαϐείας.
1382 2541 1429 2577 Μὴ
1442 2542 1522 2576 μόνον
1541 2541 1562 2568 δ’
1577 2542 1606 2569 ὲν
1616 2542 1670 2572 τοῖς
1682 2541 1814 2572 τοιούτοις

1035 2594 1139 2629 ῥήμασι
1157 2588 1410 2628 μεγαλορῤημονῶν
1424 2587 1592 2623 εὑρίσκεται,
1619 2586 1687 2614 ἀλλὰ
1709 2587 1758 2613 καὶ
1786 2586 1814 2612 ὲν

1036 2639 1141 2672 ἑτέροις
1160 2635 1352 2671 ὑπεραίρεται,
1373 2633 1466 2665 καθὼς
1480 2631 1625 2667 μετολίγον
1639 2632 1653 2658 δ
1672 2630 1749 2664 ἳ.όγο;
1766 2630 1815 2664 δη-

1035 2682 1127 2709 λώσει.
1141 2680 1221 2715 Παρὰ
1250 2678 1305 2714 γὰρ
1324 2679 1397 2713 μόνῳ
1415 2676 1455 2711 τῷ
1479 2674 1538 2710 Θεῷ
1559 2683 1625 2710 φησι
1655 2673 1771 2700 νοεῖσθαι
1785 2673 1816 2699 τὸ

1036 2727 1157 2763 Κοῤῥὰν,
1173 2725 1250 2760 παρὰ
1269 2724 1292 2751 δ’
1313 2722 1468 2757 ἀνθρώποις
1483 2719 1619 2755 οὐδαμῶς.
1639 2719 1719 2763 Ἀλλὰ
1737 2726 1817 2763 γινω-

1039 2761 1128 2799 σκέτω
1145 2771 1159 2796 ὁ
1180 2769 1256 2801 κενὸς
1273 2764 1351 2798 οὗτος
1365 2764 1523 2796 διδάσκαλος
1537 2765 1577 2790 ὅτι
1594 2763 1644 2790 οὐκ
1659 2761 1731 2789 ἐστιν
1746 2761 1816 2796 αὕτη

1039 2819 1056 2854 ἡ
1071 2816 1151 2852 σοφία
1167 2814 1282 2847 ἄνωθεν,
1298 2813 1356 2840 ἀλλ’
1385 2811 1503 2845 ἐπίγειος
1517 2809 1631 2845 ψυχικὴ,
1652 2807 1697 2835 καὶ
1723 2807 1819 2841 δαιμο-
