1949 3093
156 141 212 172 605

150 210 259 243 νιὼδης.
293 219 302 235 ι
321 210 421 246 Κύριος
447 211 501 245 γὰρ
517 231 525 243 ,
563 212 630 246 φησὶ
662 213 744 238 Δαδὶδ
761 234 767 244 ,

152 257 249 288 πραεῖς
272 257 301 282 ἐν
321 257 423 291 κρίσει,
449 258 548 290 διδάξει
577 259 674 292 πραεῖς
703 259 780 290 ὁδοὺς
806 258 901 285 αὐτοῦ.
923 267 933 284 ι

154 311 165 328 ι
187 302 390 337 ’Υπερηφάνοις
410 303 448 334 δὲ,
466 304 548 338 φησὶν
565 304 700 339 Σολομὼν,
716 306 730 332 ὁ
748 304 848 340 Κύριος
863 306 936 332 ἀντι-

152 347 306 379 τάσσεται,
335 349 474 379 ταπεινοῖς
501 348 528 375 δὲ
557 349 647 375 δίδωσι
678 351 768 385 χάριν.
790 360 799 376 ι
827 351 857 377 Et
883 351 937 384 γὰρ

152 393 305 428 ἀκάθαρτος
324 393 398 428 παρὰ
411 393 470 428 Θεῷ
487 395 539 425 πᾶς
557 394 764 430 ὑψηλοκάρῑιος,
778 397 819 426 τίς
835 396 937 422 ὁδ’.)νὰ-

154 445 234 471 μενος
256 438 405 473 καθαρίσαι
426 438 527 472 αὑτόν;
550 439 606 466 Καὶ
627 440 650 466 εἰ
678 440 691 464 ὁ
720 439 819 474 Κύριος
839 441 939 475 ὑπερη-

153 483 250 518 φάνοις
269 484 492 518 ἁντιστάσσεται,
505 484 548 517 τίς
563 486 577 512 ὁ
603 485 743 520 βοηθήσων
769 486 846 520 αὐτῷ
862 495 869 519 ;
885 486 938 513 Καὶ

152 528 203 554 eid
215 527 317 562 Κύριος
330 528 459 562 ὁδηγήσει
476 529 574 563 πραεῖς
592 530 622 554 ὲν
653 530 756 564 κρίσει,
781 529 883 562 διδάξει
909 530 938 556 δὲ

153 573 253 606 πραεῖς
267 571 344 603 ὁδοὺς
359 571 453 604 αὐτοῦ,
470 573 516 598 τὸν
529 571 646 604 ἀλαζόνα
664 574 712 599 καὶ
726 574 884 609 ἐπηρμένον
896 575 938 604 τίς

153 617 284 652 δδηγήσει
298 618 337 648 είς
348 618 408 644 ὁδὸν
421 619 561 653 σωτηρίας
595 620 643 646 καὶ
667 619 818 654 ἁληθείαςς
848 620 880 647 Τί
911 621 939 647 δὲ

154 665 219 699 περὶ
235 663 283 691 τοῦ
300 664 425 702 ψεύδους,
440 665 454 691 ὃ
480 665 628 697 διαπαντὸς
645 665 804 701 ὕποὸάθραν
832 668 878 694 καὶ
895 667 938 694 θε-

155 710 250 743 μέλιον
279 711 362 738 αίοτοῠ
387 711 517 744 τέθεικες
539 711 589 738 Καὶ
611 712 688 739 οὐδέν
712 713 771 739 ἐστι
793 713 848 740 τῶν
873 713 939 749 παρ’

154 755 271 787 ἐκείνοις
286 756 438 791 λεχθέντων
454 757 568 792 ἄμοιρον
592 757 720 791 ψεύδους,
737 758 805 785 ἀλλὰ
830 759 864 785 τὰ
891 759 940 793 μέν

155 802 208 828 εἰσι
234 802 348 829 καθόλου
361 803 407 830 καὶ
428 803 548 838 παντελῆ
564 803 651 838 ψεύδη
665 803 713 830 καὶ
730 803 890 839 πλάσματα,
906 803 940 830 τὰ

154 846 184 872 δὲ
201 843 371 881 δραξάμενος
399 847 490 882 τχνους
503 848 644 882 ἀληθείας,
672 848 783 876 πλάττει
807 849 940 884 τεράστια

646 153 795 184 CONTRA
818 154 1059 184 MAIIGMETEM
1081 155 1224 185 ORATIO
1246 156 1271 186 I.

1722 155 1776 186 606

806 213 935 247 ὁδηγήσει

998 211 1072 243 licio,
1088 212 1202 240 docebit
1215 217 1374 240 mansuetos
1391 212 1448 240 vias
1465 213 1570 239 suas".
1589 221 1598 238 ι
1616 221 1625 238 ι
1643 211 1776 246 Superbis
1828 222 1834 230 α

986 258 1059 285 enim
1080 258 1169 292 inquit
1184 257 1326 290 Solomon,
1345 257 1452 285 resistit
1465 257 1612 290 Dominus;
1626 258 1777 285 humilibus

986 304 1058 329 enim
1073 302 1119 330 dat
1132 303 1245 337 gratiam
1273 303 1305 330 ¹³.
1323 312 1332 328 ›
1361 302 1388 330 Si
1402 303 1474 329 enim
1503 302 1661 329 immundus
1685 310 1776 329 coram

987 349 1043 375 Deo
1061 354 1215 383 reputatur,
1231 349 1361 384 quisquis
1374 348 1467 375 animo
1485 348 1636 380 extollitur,
1650 348 1776 382 quisnam

988 394 1063 422 hunc
1092 394 1225 421 mundare
1255 395 1378 429 poterit?
1404 395 1436 421 Et
1453 394 1475 422 si
1504 394 1635 421 Dominus
1652 394 1778 429 superbis

989 439 1102 472 resistit,
1118 440 1181 474 quis
1197 441 1262 467 huic
1278 440 1461 467 auxiliaturus
1481 439 1544 466 est?
1560 439 1595 466 Et
1609 439 1631 466 si
1645 439 1779 467 Dominus

989 485 1065 513 ducit
1089 490 1249 513 mansuetos
1276 485 1302 512 in
1327 485 1433 520 judicio
1447 505 1454 517 ,
1476 489 1505 511 et
1524 488 1683 511 mansuetos
1697 484 1779 511 docet

990 529 1048 556 vias
1061 537 1144 561 suas,
1163 533 1337 564 arrogantem
1360 534 1388 556 et
1407 529 1556 565 superbum
1572 529 1634 563 quis
1650 529 1733 556 ducet
1749 529 1777 555 in

991 574 1061 601 viam
1081 574 1178 601 salutis
1192 579 1220 601 et
1243 573 1386 600 veritatis?
1403 573 1474 606 Quid
1497 581 1562 600 vero
1585 573 1619 601 de
1633 573 1778 601 mendacio

990 620 1014 646 is
1047 619 1093 654 qui
1113 619 1166 646 hoc
1186 626 1236 646 ceu
1254 619 1341 646 basim
1359 624 1387 646 et
1405 619 1614 646 fundamentum
1629 627 1709 647 suum
1721 619 1779 646 col—

989 666 1100 695 locavit.
1119 671 1147 693 et
1166 673 1181 692 a
1196 673 1251 700 quo
1267 665 1335 692 nihil
1351 666 1412 693 sine
1435 666 1578 694 mendacio
1595 667 1698 694 dictum
1724 666 1780 693 sit?

989 711 1124 738 Cmterum
1158 711 1208 738 alia
1237 711 1349 745 quidem
1381 711 1407 738 in
1434 712 1594 738 universum
1616 717 1644 739 et
1667 712 1780 739 omnino

991 757 1058 784 falsa
1082 763 1110 784 et
1127 756 1188 783 [icta
1204 761 1279 788 sunt,
1296 756 1347 783 alia
1361 764 1437 789 vero,
1455 756 1580 784 veritatis
1596 756 1707 791 aliquod
1735 764 1781 784 ve-

990 802 1110 837 stigium
1123 806 1231 834 nactus,
1249 802 1405 837 prodigiosa
1423 803 1536 829 omnino
1549 807 1576 829 et
1595 802 1713 830 absurda
1732 802 1780 829 fin-

991 849 1039 880 git.
1057 848 1089 876 Et
1106 847 1337 882 quemadmodum
1351 848 1443 874 nullus
1456 851 1498 875 est
1508 855 1650 879 sensuum,
1666 848 1713 882 qui
1725 855 1780 874 non

155 891 204 918 καὶ
216 891 350 919 ἀλλόκοτα
386 892 550 928 πράγματα.
583 893 637 920 Καὶ
660 893 756 930 ὥσπερ
792 895 841 922 οὐκ
867 895 941 923 ἐστιν

998 898 1066 921 tactu
1084 894 1171 921 instar
1188 893 1308 921 vehiculi
1324 897 1425 922 utatur;
1441 893 1481 920 sic
1508 893 1599 920 nullus
1616 898 1658 920 est
1680 893 1715 920 ab
1729 893 1781 920 hoc

155 938 282 971 αἴσθησις
293 939 310 973 ἠ
324 939 361 973 μὴ
375 938 474 974 ἔχουσα
489 939 538 975 τὴν
550 940 623 975 ἁφὴν
646 941 742 976 ὥσπερ
757 941 805 976 δχη
811 950 858 976 μα,
871 941 943 968 οὕτω

156 982 216 1010 οὐδὲ
231 983 310 1018 λόγος
329 984 436 1020 λεχθεὶς
461 985 528 1020 παρ’
544 986 662 1019 ἐκείνου,
690 987 765 1018 ὅστις
792 987 841 1014 οὐκ
868 988 942 1014 ἐστιν

155 1028 253 1063 ψεῦδος
267 1029 362 1064 σαφὲς,
386 1030 402 1064 ἢ
423 1030 513 1065 μίγμα
531 1031 648 1066 ψεύδους
667 1032 714 1058 καὶ
736 1033 876 1066 ἀληθείας.
893 1033 941 1066 Τίς

156 1074 210 1108 γὰρ
224 1073 278 1101 τῶν
290 1075 414 1102 ὁπωσοῦν
430 1075 547 1110 ἑχόντων
566 1077 667 1111 γνῶσιν
686 1077 717 1104 οὐ
736 1077 874 1112 λογίσεται
889 1087 940 1105 κα-

157 1119 241 1154 θαρὸν
252 1120 365 1156 πλάσμα
383 1122 430 1147 καὶ
443 1120 551 1156 ψεῦδος,
565 1122 605 1148 ὅτι
624 1122 777 1150 διαϐάλλων
796 1125 843 1150 τὸν
856 1124 935 1155 Θεὸν,

156 1165 232 1199 λέγει
260 1166 326 1201 περὶ
341 1166 388 1193 τοῦ
414 1166 524 1202 Κορῤἁν
550 1168 588 1199 ὡς
617 1169 649 1194 ἐκ
671 1168 818 1203 προσώπου
846 1169 941 1202 αὐτοῦ,

157 1210 199 1236 ὅτι
214 1209 245 1236 El
260 1210 300 1241 είς
319 1210 348 1236 ἓν
363 1211 417 1236 τῶν
433 1211 519 1246 ὁρέων
547 1211 712 1248 ἐπέμψαμεν
728 1213 805 1244 αὐτὸ,
831 1213 942 1248 σχισθῆ-

158 1264 202 1281 ναι
216 1255 331 1290 ἔμελλεν
347 1256 380 1282 ἂν
395 1256 447 1283 ὑπὸ
471 1257 518 1283 τοῦ
541 1256 627 1291 φόϐου
659 1258 706 1284 καὶ
727 1257 777 1292 τῆς
796 1258 940 1290 εὐλαϐείας

157 1301 251 1328 αὑτοῦ.
277 1301 358 1329 ’Δλλὰ
379 1302 429 1329 καὶ
454 1303 579 1338 περὶτοῦ
598 1303 729 1339 ἄρχοντος
754 1304 886 1338 Γαϐριὴλ,
903 1305 942 1336 ὡς

156 1348 222 1374 ὅταν
237 1347 308 1384 φέρῃ
323 1347 418 1374 τοῦτον
434 1348 628 1384 διαλεγόμενον
643 1349 718 1384 αὑτῷ
732 1350 761 1376 ὲν
779 1351 811 1385 τῇ
824 1349 883 1386 ὥρᾳ
894 1350 941 1376 τοῦ

158 1394 262 1425 πάθους
272 1394 366 1421 αὐτοῦ.

195 1443 222 1466 t'.
235 1440 286 1467 Καὶ
302 1440 368 1476 περὶ
380 1440 428 1467 τοῦ
444 1441 576 1476 ὀνόματος
591 1442 674 1468 αὐτοῦ
685 1442 731 1468 τοῦ
757 1443 893 1477 Μωάμεθ,
907 1443 945 1474 ὡς

157 1487 315 1521 εὑρίσκεται
328 1487 358 1518 ἐξ
377 1487 463 1515 ἀϊδίου
483 1487 680 1523 γεγραμμένον
707 1489 737 1515 ὲν
763 1490 819 1521 τοῖς
848 1489 945 1521 δεξιοῖς

160 1533 257 1568 μέρεσι
273 1533 321 1560 τοῦ
336 1533 495 1561 δεσποτικοῦ
511 1534 606 1569 θρόνου
620 1536 650 1561 ὲν
658 1534 697 1569 τῷ
709 1535 838 1570 ἀνωτέρῳ
855 1536 943 1570 μέρει.

157 1578 214 1605 Καὶ
232 1579 272 1605 δτι
287 1579 352 1614 περὶ
365 1578 448 1605 αὐτοῦ
465 1579 646 1614 προφητεύων
657 1581 672 1606 ὀ
682 1580 801 1615 Χριστὸς
812 1581 868 1612 τοῖς
878 1580 946 1612 ubi;

165 1622 284 1659 Ἰσραὴλ,
307 1623 395 1655 οὕτως
412 1624 530 1660 εἴρηκεν,
562 1625 782 1660 Εὐαγγελίζομαι
806 1626 871 1660 ὑμῖν
901 1625 947 1652 τὸν

158 1669 308 1696 ἀπόστολον
320 1668 367 1696 τοῦ
392 1669 470 1703 Θεοῦ,
485 1670 531 1697 τὸν
556 1670 655 1705 ἥξοντα
687 1671 745 1706 μετ’
766 1670 827 1706 ἐμὲ,
853 1671 899 1698 καὶ
917 1672 947 1698 τὸ

159 1715 243 1750 ὄνομα
258 1715 341 1743 αὐτοῦ
356 1716 490 1751 Μωάμεθ.
512 1717 590 1743 Ἐπεὶ
603 1717 632 1744 δὲ
652 1716 714 1744 οὔτε
730 1718 759 1744 ὲν
785 1718 819 1753 τῇ
840 1717 949 1753 Παλαιᾷ

160 1761 315 1796 εὑρίσκεται
327 1761 435 1797 Γραφῇ,
454 1761 516 1789 οὕτε
530 1763 559 1789 ὲν
574 1764 607 1798 τῇ
625 1762 692 1797 Νέᾳ,
707 1763 765 1789 ἀλλ’
791 1762 848 1790 ἐστι
864 1764 948 1798 σαφὲς

159 1806 268 1840 ψεῦδος,
283 1807 421 1842 ἐκήρυξαν
438 1807 484 1834 καὶ
500 1807 654 1835 ὲπλάσαντο
668 1809 692 1835 oi
708 1809 813 1836 ἐκείνου
829 1809 948 1844 διάδοχοι

159 1852 196 1883 ὡς
212 1852 292 1886 δῆθεν
301 1851 390 1887 φθόνῳ
400 1852 550 1887 τρωθέντες
565 1853 689 1885 ἐξέϐαλον
699 1854 765 1880 αὐτὸ
775 1854 800 1880 oi.
817 1854 867 1889 μὲν
883 1855 951 1881 Ὶου-

159 1897 227 1924 δαϊοι
245 1897 359 1932 arma;
374 1898 493 1930 παλαιᾶς
507 1898 630 1933 Γραφῆς.
641 1900 665 1925 et
676 1899 704 1925 δὲ
723 1900 883 1934 Χριστιανοὶ
897 1900 951 1928 ἀπὸ

160 1942 206 1968 τοῦ
218 1942 394 1977 Εὐαγγελίου.
403 1943 497 1978 Ἡμεῖς
510 1944 538 1970 δὲ
547 1944 625 1971 τοῦτο
633 1945 739 1980 τρανῶς
748 1947 777 1972 ὲν
788 1948 821 1981 τῇ
834 1946 950 1983 τετάρτῃ

160 1987 292 2023 ἀπολογία
304 1988 474 2023 ὲλέγξαντες,
491 1990 672 2025 ἀπεδείξαμεν
701 1992 775 2023 ὅπως
792 1993 850 2019 ἐστὶ
868 1993 952 2026 σαφὲς

160 2033 270 2067 ψεῦδος.
290 2034 340 2061 Διὰ
363 2034 442 2061 τοῦτο
462 2036 592 2071 περισσὸν
611 2037 658 2063 καὶ
681 2037 818 2071 παρέλκον
833 2038 950 2073 ἥγημαι,

160 2081 195 2107 τὰ
209 2081 278 2107 αὐτὰ
291 2081 339 2107 καὶ
351 2083 414 2117 περὶ
425 2082 478 2108 τῶν
488 2083 577 2109 αὐτῶν
589 2083 719 2115 πολλάκις
737 2085 895 2119 ἐπιχειρεῖν.

199 2129 244 2154 ια’.
260 2127 332 2160 Ἔτι,
347 2128 403 2154 Οὐκ
416 2125 508 2163 ἦλθον,
535 2129 613 2164 φησι,
628 2129 672 2156 διὰ
697 2130 852 2163 θαυμάτων,
886 2131 954 2157 ἀλλὰ

161 2171 204 2198 διὰ
217 2170 309 2206 ξίφους
336 2173 383 2199 καὶ
396 2174 530 2208 τιμωρίας
543 2183 549 2190 ·
571 2175 618 2202 καὶ
643 2176 699 2206 τοῖς
728 2175 765 2211 μὴ
783 2176 953 2211 πειθομένοις

991 939 1084 967 dictus
1097 946 1208 972 sermo,
1241 939 1288 973 qui
1314 946 1368 965 non
1384 943 1433 966 aut
1454 938 1599 966 manifeste
1616 938 1782 966 mendax‘et

993 984 1077 1011 falsus
1091 984 1137 1015 sit.
1153 988 1201 1011 aut
1213 991 1245 1010 ex
1262 982 1405 1010 mendacio
1420 987 1445 1010 et
1460 983 1578 1010 veritate
1592 982 1700 1009 mistus.
1714 981 1781 1015 Quis

993 1031 1068 1066 enim
1084 1030 1127 1057 vel
1149 1030 1254 1057 tantilla
1269 1029 1426 1064 cognitione
1444 1027 1586 1063 praeditus.
1603 1035 1658 1054 non
1671 1026 1782 1061 judica-

996 1082 1037 1103 ret
1054 1077 1124 1103 inter
1136 1076 1249 1109 simplex
1263 1075 1421 1110 ﬁgmentum
1451 1073 1624 1108 falsumque?
1638 1072 1712 1107 quod
1726 1072 1782 1099 Deo

994 1124 1162 1153 obtrectans,
1178 1121 1211 1148 de
1228 1121 1380 1148 Alcorrauo
1398 1120 1476 1156 quasi
1491 1120 1519 1147 in
1539 1119 1650 1154 propria
1663 1125 1782 1153 persona

993 1168 1127 1203 loquitur,
1144 1167 1221 1200 Quod
1242 1167 1264 1193 si
1285 1167 1312 1193 in
1335 1167 1453 1201 aliquem
1476 1166 1612 1194 montium
1627 1165 1783 1192 miserimus

997 1213 1085 1246 illum,
1104 1213 1294 1247 disrumpetur
1312 1212 1408 1246 utique
1422 1219 1480 1246 prae
1496 1211 1594 1238 timore
1609 1215 1637 1237 et
1651 1208 1783 1244 religione

995 1260 1097 1295 hujus;
1126 1258 1193 1293 quin
1219 1258 1306 1285 etiam
1329 1258 1383 1285 hoc
1410 1257 1444 1285 de
1467 1256 1632 1291 archangelo
1652 1255 1783 1288 Gabriel',

996 1313 1077 1340 quem
1093 1305 1145 1332 sub
1168 1308 1292 1338 tempore
1324 1302 1413 1330 morbi
1430 1301 1474 1330 sui
1506 1309 1602 1330 secum
1624 1301 1784 1336 loquentem

996 1352 1112 1379 inducit.

1031 1443 1075 1470 10.
1096 1443 1242 1473 Praeterea.
1259 1441 1332 1476 quod
1344 1440 1378 1468 de
1394 1441 1506 1469 nomine
1521 1447 1573 1468 suo
1591 1440 1729 1468 Mahomet
1746 1440 1786 1468 ef-

996 1488 1086 1521 ﬂuxit,
1101 1488 1174 1523 quod
1187 1496 1220 1525 ex
1233 1492 1337 1515 aeterno
1345 1486 1478 1521 scriptum
1495 1486 1652 1513 inveniatur
1667 1486 1694 1512 in
1711 1485 1785 1513 fasti-

996 1534 1040 1569 gio
1060 1533 1164 1561 dextrae
1189 1532 1277 1568 partis
1294 1532 1385 1559 throni
1402 1531 1488 1559 divini
1505 1540 1513 1559 :
1529 1531 1660 1566 quodque
1688 1531 1722 1559 de
1737 1531 1784 1558 illo

996 1578 1163 1607 vaticinatus
1176 1577 1305 1605 Christus
1329 1577 1394 1604 iiliis
1406 1576 1492 1604 Israel
1508 1576 1629 1604 dixerit:
1644 1577 1785 1604 Annuntio

997 1624 1086 1656 vobis,
1107 1623 1260 1658 apostolum
1277 1622 1326 1650 Dei
1341 1627 1490 1650 venturum
1510 1626 1573 1657 post
1599 1627 1645 1650 me
1658 1641 1665 1654 ,
1683 1629 1784 1649 nomen

998 1669 1038 1697 illi
1055 1669 1203 1696 Mahomet.
1222 1668 1290 1696 Cum
1303 1675 1368 1696 vero
1383 1675 1434 1695 nec
1444 1667 1472 1694 in
1488 1666 1582 1695 Veteri
1597 1675 1649 1695 nec
1666 1668 1694 1695 in
1707 1667 1785 1695 Novo

999 1716 1178 1743 Testamento
1209 1714 1367 1751 huiusmodi
1398 1714 1534 1749 scriptura
1568 1714 1734 1747 inveniatur,
1757 1718 1785 1741 et

998 1760 1174 1789 mendacium
1201 1760 1238 1788 sit
1253 1759 1470 1795 apertissimum,
1488 1759 1618 1787 dixerunt
1634 1759 1786 1787 ﬁnxerunt-

999 1814 1053 1842 que
1069 1813 1243 1834 successores
1256 1805 1348 1841 hujus,
1362 1804 1497 1840 quosdam
1521 1804 1625 1832 invidia
1649 1809 1737 1832 motos
1753 1803 1786 1832 il-

999 1851 1047 1878 lud
1063 1851 1248 1886 expunxisse,
1265 1850 1374 1879 Judasos
1393 1850 1504 1885 quidem
1528 1857 1561 1878 ex
1579 1850 1667 1877 veteri
1691 1849 1792 1878 Τιιειοο.

1000 1901 1106 1929 mento,
1120 1896 1292 1924 Christianos
1308 1900 1401 1923 autem
1423 1902 1456 1923 ex
1479 1895 1637 1931 Evangelia.
1652 1895 1708 1922 Nos
1720 1902 1784 1922 vero

1002 1942 1123 1969 dilucide
1138 1941 1191 1969 hoc
1207 1941 1235 1968 in
1251 1945 1349 1976 quarta
1361 1940 1493 1976 Apologia
1510 1941 1662 1973 confutato,
1674 1940 1787 1968 demon-

1002 1988 1152 2015 stravimus
1164 1994 1247 2021 quam
1261 1990 1354 2022 aperte
1367 1986 1420 2014 hoc
1434 1986 1532 2014 falsum
1552 1986 1604 2020 sit;
1620 1991 1792 2021 quapropter»

1003 2040 1239 2068 supervacaneum
1267 2037 1295 2060 et
1324 2033 1512 2067 importunum
1527 2031 1673 2064 existimo,
1691 2033 1792 2064 eadem.

1003 2085 1029 2106 et
1043 2079 1077 2106 de
1094 2079 1188 2106 iisdem
1208 2078 1306 2113 saepius
1320 2079 1469 2113 disputare.

1041 2125 1083 2151 lt.
1099 2124 1139 2151 Ad
1165 2125 1223 2152 haec
1240 2133 1246 2151 :
1264 2124 1322 2151 Non
1339 2124 1402 2150 veni
1417 2143 1424 2155 ,
1453 2124 1552 2158 inquit,
1572 2132 1622 2159 per
1637 2124 1767 2166 miracula
1779 2145 1792 2158 ,γ

1004 2169 1052 2196 sed
1075 2177 1124 2204 per
1143 2170 1261 2204 gladium
1287 2174 1315 2196 et
1339 2168 1484 2204 supplicia,
1504 2169 1597 2204 iisque
1612 2169 1659 2204 qui
1685 2173 1795 2197 nostra

161 2217 201 2252 τῷ
217 2219 342 2254 ἡμετέρῳ
353 2219 430 2255 νόμῳ
445 2220 491 2247 καὶ
509 2221 541 2256 τῇ
567 2221 673 2256 διδαχῇ,
690 2221 805 2253 θάνατος
827 2222 904 2249 ἔσται
930 2223 943 2258 ἦ

1003 2215 1057 2250 legi
1072 2220 1100 2242 et
1114 2216 1247 2243 doctrinae
1260 2223 1316 2242 non
1324 2215 1469 2247 obediunt,
1484 2215 1581 2242 mortis
1594 2222 1673 2250 poena
1688 2215 1790 2242 consti-

161 2264 322 2300 τιμωρία,ἢ
340 2265 440 2301 φόρους
469 2265 627 2293 διδότωσαν.
648 2266 680 2292 Τί
714 2266 815 2300 τοῦτος
840 2267 951 2299 Πάντως

162 2308 211 2334 οὒκ
223 2308 297 2340 ἄλλο,
313 2310 330 2344 ἠ
351 2309 512 2344 βουλόμενος
536 2311 682 2337 συσκιάσαι
709 2310 759 2345 τὴν
784 2311 881 2338 ἑαυτοῦ
900 2321 952 2346 μα-

162 2352 290 2388 ταιότητα
320 2353 367 2380 καὶ
394 2354 553 2388 ἀσθένειαν,
581 2355 642 2381 ἐπεὶ
659 2354 720 2382 οὔτε
743 2355 793 2391 τὴν
820 2356 874 2382 ἀπὸ
899 2356 953 2382 τῶν

150 2397 291 2432 Τραφῶν,
311 2398 374 2425 οὔτε
400 2399 449 2434 τὴν
465 2399 510 2425 διὰ
543 2399 689 2434 θαυμάτων
709 2399 766 2435 εἶχε
797 2402 953 2436 μαρτυρίαν

163 2442 210 2468 καὶ
230 2442 265 2468 τὰ
277 2443 373 2474 π.στὰ,
389 2444 546 2477 μηχανᾶται
558 2444 603 2471 τὸν
617 2445 707 2478 φόνον,
723 2446 765 2471 ῖνα
781 2445 826 2471 διὰ
842 2445 889 2471 τοῦ
908 2447 954 2480 φό-

163 2488 211 2514 δου
228 2489 335 2524 ἐκφύγῃ
352 2491 397 2516 τὸν
421 2489 541 2525 ἔλεγχον,
571 2490 585 2517 ὃ
604 2491 650 2517 καὶ
677 2491 796 2526 γέγονεν.
826 2491 872 2527 Τῷ
897 2493 951 2528 γὰρ

164 2534 239 2568 φιῆῳ
262 2534 309 2560 τοῦ
328 2535 442 2561 θανάτου
462 2536 657 2572 παρῃτήσαντο
683 2536 734 2571 μὲν
762 2537 807 2563 τὸν
828 2537 949 2572 ἔλεγχον,

165 2578 265 2611 μᾶλλον
278 2578 306 2604 δὲ
321 2579 370 2613 τὴν
393 2579 534 2614 ἀλήθειαν,
552 2580 600 2605 καὶ
618 2581 779 2614 ὴσπάταντο
796 2581 825 2607 τὸ
851 2581 949 2616 ψεῦδος

164 2623 212 2648 καὶ
227 2623 275 2658 τὴν
291 2623 438 2651 ἀπώλειαν.
455 2625 537 2651 ’Ὠστε
553 2626 600 2652 καὶ
613 2627 636 2651 οἱ
659 2625 775 2661 διάδοχοι
798 2627 891 2654 τούτου
915 2628 949 2663 τῇ

164 2667 224 2704 ὦρᾳ
249 2669 296 2702 τῆς
322 2669 494 2702 διδασκαλίας
522 2671 622 2703 αὐτῶν,
644 2672 718 2706 ξίφος
742 2672 884 2706 γυμνοῦσι,
903 2675 950 2700 καὶ

165 2714 269 2740 τιθέασι
289 2714 372 2749 μέσον
388 2716 488 2749 αὐτῶν,
505 2717 629 2750 λέγοντες
645 2717 682 2749 ὡς
695 2720 726 2744 ἐκ
739 2718 886 2752 προσώπου
902 2718 949 2745 τοῦ

167 2759 299 2794 Μωάμεο,
315 2759 383 2787 Τάδε
399 2763 480 2796 φησὶν
494 2763 508 2788 ὁ
525 2763 677 2797 προφήτης
696 2764 799 2799 Μέχρις
817 2764 849 2790 ἂν
865 2763 895 2790 τὸ
909 2763 949 2797 Ξί-

203 2838 224 2854 ¹¹
240 2837 312 2865 Psal.
332 2847 406 2873 xxiv,
420 2839 445 2868 9.
486 2841 507 2871 υ
528 2841 608 2870 Prov.
625 2849 663 2873 Ill,
677 2843 721 2871 ὀί.

1005 2265 1109 2293 tuatur,
1138 2264 1186 2287 aut
1213 2260 1314 2287 tributa
1338 2259 1471 2295 pendant.
1484 2259 1622 2297 Quidnam
1638 2259 1709 2287 hoc?
1729 2260 1789 2287 Non

1004 2306 1078 2333 aliud
1097 2310 1183 2339 certe,
1201 2312 1283 2340 quam
1299 2310 1390 2341 tegere
1409 2305 1506 2333 volens
1524 2312 1602 2333 suam
1621 2305 1708 2341 ipsius
1722 2305 1791 2332 stul—

1004 2352 1093 2379 titiam
1108 2355 1137 2379 et
1155 2351 1354 2383 inﬁrmitatem,
1368 2358 1430 2379 cum
1444 2358 1497 2378 nec
1514 2350 1717 2386 Scripturarum
1740 2358 1799 2383 nec-

1004 2397 1198 2425 miraculorum
1227 2397 1393 2424 auctoritate
1420 2396 1500 2424 ﬁdem
1524 2396 1679 2429 inveniret,
1703 2395 1801 2425 caades.

1004 2444 1143 2476 adornat,
1175 2448 1206 2470 ut
1234 2443 1332 2471 timore
1359 2442 1601 2473 reprehensionem
1632 2441 1765 2477 eﬂugeret
1782 2461 1799 2476 ._

1004 2490 1079 2525 quod
1095 2489 1178 2516 etiam
1207 2488 1310 2517 evenit.
1326 2488 1437 2516 Timore
1463 2488 1538 2516 enim
1555 2488 1651 2515 mortis
1667 2487 1791 2515 confuta.‘

1007 2536 1121 2568 tionem,
1141 2536 1196 2563 imo
1211 2535 1355 2563 veritatem
1366 2535 1569 2567 devitaverunt,
1585 2538 1613 2561 et
1622 2534 1798 2565 mendacium,

1003 2581 1150 2617 amplexati
1179 2586 1263 2614 sunt,
1283 2585 1367 2616 atque
1384 2580 1567 2616 perditionem
1591 2588 1598 2606 :
1621 2579 1690 2606 adeo
1715 2583 1746 2606 ut
1765 2583 1795 2609 et

1004 2634 1180 2655 successores
1194 2627 1276 2662 huius
1290 2633 1324 2653 eo
1336 2630 1469 2661 tempore,
1481 2632 1536 2660 quo
1550 2624 1702 2652 doctrinam
1715 2631 1796 2655 suam

1003 2673 1153 2708 explicant,
1169 2672 1295 2700 strictum
1313 2671 1434 2706 gladium
1447 2671 1475 2698 in
1487 2671 1607 2698 medium
1624 2669 1734 2697 illorum
1747 2669 1794 2696 de-

1005 2724 1120 2754 ponant,
1138 2722 1266 2753 tanquam
1282 2718 1334 2745 sub
1346 2717 1509 2745 Mahometis
1520 2723 1637 2752 persona
1653 2715 1792 2743 dicentes:

1006 2764 1068 2792 llam
1086 2763 1152 2792 dicit
1168 2763 1301 2799 propheta
1321 2773 1327 2791 :
1343 2762 1438 2800 Quoad
1460 2762 1566 2798 gladius
1581 2765 1739 2797 permanet,
1757 2767 1797 2793 ett
