1949 3093
149 157 205 188 θίΙῚ

741 153 805 184 ΙοΛ
812 153 861 182 NN
869 153 902 182 [S
923 153 965 182 CA
971 153 1185 183 NTACUZENI

1717 153 1771 186 608

150 215 234 242 etiam
250 222 309 242 mea
333 214 375 241 lex
401 219 559 248 permanet;
584 214 674 248 gladio
699 220 788 240 autem
808 213 934 243 sublato,

1000 221 1038 242 ξος
1055 213 1172 245 ἵσταται,
1195 213 1248 240 ίδοὺ
1263 213 1331 240 καὶὸ
1349 213 1415 249 ὲμδς
1433 215 1513 248 νόμος
1534 213 1651 241 ἵσταται.
1667 213 1772 248 Παρελ-

152 262 234 288 etiam
254 261 298 287 illa
316 260 485 287 destruetur.
500 260 533 286 Et
550 260 622 294 quod
643 266 800 294 pt-ct-atorcs
825 261 935 295 qttident

151 307 274 341 gladium
289 313 367 333 suttm
389 311 483 333 contra
506 307 633 333 Davidcm
648 305 821 339 stripxcrint,
848 311 875 334 ct
898 307 937 333 itt-

154 351 294 379 tettderint
316 359 397 378 arcus
416 359 481 378 suos
497 352 528 378 ad
552 352 705 379 feriendum
729 357 819 380 rectos
842 353 936 382 corde.

155 396 299 423 manifesto
326 400 443 422 constat.
467 395 518 422 Sed
545 396 651 429 gladius
673 397 794 430 ipsorum
816 401 938 424 transeat

156 443 182 469 in
199 450 245 470 cor
261 450 369 472 eorum.
389 447 416 469 et
429 450 510 469 arcus
533 443 639 469 illarum
662 447 850 470 conterantur.
864 444 939 476 Quo-

155 487 228 515 niam
245 488 356 514 brachia
371 493 545 522 peccatorum
561 493 750 521 conterentur,
770 489 856 524 iniqui
873 497 939 516 vero

155 532 348 567 expellentur,
374 537 401 560 et
430 540 523 560 semen
554 533 698 568 impiorum
730 535 938 570 exstirpabitur.

157 577 307 604 Paucorum
322 578 394 604 enim
411 582 469 610 est,
486 583 514 605 et
536 584 680 606 numeratu
700 579 830 611 facilium,
847 588 894 607 eos
907 580 940 607 de

157 621 288 650 felicitate
305 626 331 649 in
348 627 463 650 mortem
488 623 616 655 dejicere.
631 623 805 658 Quapropter
820 626 941 652 veritatis

158 671 241 694 testes
269 672 296 693 et
314 669 404 702 magni
430 673 457 694 tt
482 669 587 700 sancti,
606 673 634 696 et
659 670 734 704 regni
751 670 797 696 Dei
821 670 942 697 luet‘cdes

158 713 221 740 facti
238 718 312 740 sunt.

195 802 238 830 η.
255 803 340 832 Porro
349 805 429 832 etiam
448 805 500 833 hoc
516 807 639 841 praecipit
656 807 800 841 Malmmet,
818 816 851 835 nc
870 809 943 843 quis-

159 856 241 883 quam
255 850 295 876 sui
313 851 418 877 ordinis
433 859 494 878 cuin
509 852 601 886 aliquo
613 852 831 880 Christianorum
848 854 943 888 dispit-

163 900 211 924 tct.
231 902 308 922 suam
327 897 413 930 ipsius
429 897 614 925 infirtttitatem
632 905 768 927 metuens.
785 900 854 933 Quin
872 901 943 927 idem

161 947 258 968 rursus
273 942 336 969 alibi
353 943 503 976 interdicit,
522 952 556 971 tte
573 945 634 978 quis
655 945 775 980 disptttet
790 947 880 973 verbis
895 947 946 973 du-

161 986 200 1013 ris
225 993 252 1013 et
268 987 375 1015 acerbis
400 996 461 1015 cum
481 990 573 1024 aliquo
588 991 701 1018 alterius
722 997 802 1019 Sectac
819 993 945 1024 homine,

162 1031 210 1058 sed
227 1032 336 1060 blandis
355 1043 361 1060 :
378 1034 437 1061 Non
454 1035 539 1068 enim,
559 1036 658 1070 inquit,
679 1038 797 1064 hominis
814 1044 853 1064 est
871 1046 947 1065 cum-

163 1084 276 1112 ponere,
292 1079 339 1106 sed
365 1080 450 1107 solius
467 1080 532 1113 Dei;
546 1086 570 1108 ct
586 1091 593 1109 :
611 1081 717 1116 Singuli
740 1082 774 1109 de
792 1083 889 1117 seipsis
903 1090 947 1110 so-

162 1121 208 1152 lis.
222 1127 249 1149 et
273 1130 327 1149 non
341 1123 375 1151 de
391 1125 453 1151 aliis
471 1126 604 1153 rationem
622 1127 752 1154 reddant.
770 1127 809 1153 En
826 1127 876 1154 sibi
894 1127 947 1162 ipsi

163 1168 365 1200 contradicens,
381 1174 408 1196 et
423 1171 590 1198 contrarius.
615 1171 674 1198 Non
690 1173 764 1199 enim
779 1174 804 1198 in
824 1173 875 1199 hoc
890 1178 949 1200 tan~

164 1217 222 1238 tum
238 1214 340 1247 capite,
357 1214 406 1240 sed
423 1215 449 1241 in
472 1221 526 1242 tota
540 1216 599 1250 lege
614 1224 661 1243 sua
679 1217 826 1250 instabilis,
843 1218 948 1245 inordi-

165 1263 245 1284 natus
258 1264 284 1285 et
299 1258 442 1286 dissimilis
455 1261 507 1287 sibi
525 1268 648 1295 apparet,
664 1268 691 1288 et
709 1263 736 1289 in
751 1263 880 1290 omnibus
892 1263 948 1290 fere

164 1303 274 1337 scriptis
287 1304 345 1331 suis
362 1305 419 1338 ipse
429 1306 550 1339 seipsum
564 1307 705 1334 confutare
722 1308 947 1342 deprehenditur.

164 1347 402 1380 Quemadmodum
427 1351 501 1377 enim
520 1356 611 1378 mente
640 1358 737 1387 captus
764 1359 792 1380 et
820 1354 948 1388 ignorans

165 1401 289 1426 quamam
305 1399 465 1428 argumenta
484 1396 539 1422 sint
554 1401 581 1423 et
594 1397 729 1433 dogmata,
745 1398 778 1425 de
790 1399 890 1433 quibus
906 1400 949 1426 di-

165 1448 228 1468 cere
245 1441 375 1473 instituit,
392 1449 516 1476 qumnam
528 1444 582 1470 sint
601 1444 700 1475 media,
713 1449 740 1472 et
751 1445 862 1479 quinam
876 1446 948 1473 finis:

166 1485 206 1512 sic
222 1485 305 1512 etiam
330 1486 357 1513 in
375 1487 486 1522 scriptis
503 1489 560 1514 suis
576 1489 640 1522 agit.
656 1489 715 1516 Non
738 1490 812 1517 enim
829 1495 949 1517 tantum-

989 258 1080 289 θόντος
1097 258 1122 284 δὲ
1138 259 1184 284 τοῦ
1202 259 1304 293 ξίφους,
1321 259 1367 286 καὶ
1380 261 1393 286 ὁ
1406 259 1485 294 νόμος
1501 259 1657 294 λυθήσεται.
1670 259 1723 285 Kal.
1732 259 1774 286 ὅτι

991 304 1040 338 μὲν
1053 304 1190 339 ῥομφαίαν
1217 304 1370 332 ὲσπᾰσαντο
1396 305 1420 331 οἱ
1445 304 1602 340 ἁμαρτωλοὶ
1631 304 1701 331 κατά
1729 307 1774 331 τδν

989 349 1081 381 Δαὸἱδ,
1095 350 1140 375 καὶ
1158 350 1295 376 ὲνὲτειναν
1314 350 1390 382 τόξον
1401 349 1489 377 αὐτῶν
1517 348 1563 376 τοῦ
1591 349 1690 383 σφάξαι
1711 350 1775 380 τοὺς

990 395 1077 426 εὖοεῑς
1092 396 1125 430 τῇ
1140 395 1249 431 καρδίᾳ,
1267 395 1344 421 τοῦτο
1359 395 1492 430 πρόδηλον
1503 395 1551 421 καὶ
1569 394 1696 429 φανερὸν,
1717 395 1774 421 ἀλλ’

992 442 1008 475 ἡ
1023 442 1143 477 ῥομφαία
1164 442 1253 468 αὐτῶν
1273 441 1386 467 είσέλθοι
1410 441 1450 472 είς
1467 441 1516 472 τὰς
1544 441 1658 475 καρδίας
1673 440 1774 472 αὐτῶν,

991 488 1037 512 καὶ
1052 487 1085 513 τὰ
1101 486 1164 519 τόξα
1177 486 1264 513 αὐτῶν
1283 486 1455 521 συντριϐείη,
1474 487 1516 513 ὃτι
1535 486 1675 522 βραχίονες
1687 487 1777 521 ἁμαρ-

991 532 1083 559 τωλῶν
1111 533 1344 568 συντριϐἠσονται,
1365 532 1460 567 ἄνομοι
1484 532 1512 559 δὲ
1532 532 1773 568 ἔκδιωχθήσονται,

992 579 1037 604 καὶ
1052 578 1161 612 σπέρμα
1176 578 1282 605 ἀσεξῶν
1301 577 1567 613 ἑξολοϐρευοήσεται.
1587 577 1648 603 Τῶν
1665 577 1779 611 γὰρόλί-

992 632 1048 656 γων
1065 624 1110 649 καὶ
1127 623 1319 658 εὐαριομήτων
1333 624 1390 649 ἐστῖ
1410 623 1440 649 τό
1465 623 1570 658 ῥίπτειν
1587 623 1699 653 ἑαυτοὺς
1709 622 1778 656 ὑτὲρ

993 670 1040 696 τοῦ
1056 669 1158 702 ἁγαοοῦ
1171 671 1209 700 εἰς
1221 669 1345 696 θάνατον.
1365 670 1414 696 Διὰ
1429 669 1508 696 τοῦτο
1527 670 1582 704 γὰρ
1599 669 1624 695 οἱ
1644 669 1693 703 τῆς
1713 668 1779 702 ἁλη-

994 716 1067 746 οείας
1081 716 1220 750 μάρτυρες
1237 716 1349 750 μεγάλοι
1359 716 1404 742 καὶ
1419 716 1504 750 ἅγιοι,
1522 716 1571 742 καὶ
1585 715 1633 749 τῆς
1647 714 1693 741 τοῦ
1709 713 1778 741 Θεοῦ

995 761 1133 796 βασιλείας
1148 761 1309 796 κληρονόμοι
1326 762 1479 796 γεγόνασιν.

1031 807 1074 841 ιβ’.
1094 807 1154 833 Ἔτι
1164 806 1243 833 τοῦτο
1255 807 1409 834 ἐντέλλεται
1433 808 1446 834 ό
1465 806 1600 841 Μωὰμεθ,
1622 806 1666 833 ἴνα
1693 805 1781 838 οὐδεὶς

996 853 1043 886 τῆς
1058 853 1160 879 ἐκείνου
1179 853 1294 888 φατρίας
1311 853 1379 885 ὅλως
1395 853 1464 888 μετὰ
1494 853 1656 888 Χριστιανοῦ
1690 852 1780 879 διαλέ-

1001 898 1091 932 ξηται,
1107 900 1157 932 τὴν
1174 899 1272 925 ἑαυτοῦ
1293 899 1437 926 ἀσθένειαν
1454 899 1592 930 δεδοικώς.
1624 898 1721 925 Καίτοι
1747 906 1779 932 γε

997 941 1074 975 αὖθις
1090 945 1103 970 ό
1118 945 1198 975 αὐτὸς
1215 945 1243 970 ὲν
1257 945 1362 979 ἑτέροις
1389 945 1482 976 τόποις
1499 944 1653 970 ἐντέλλεται
1669 943 1706 978 μὴ
1725 944 1783 970 δια-

996 988 1124 1021 λέγεσθαι
1138 988 1225 1021 λόγοις
1243 990 1356 1024 τραχέσι
1372 991 1420 1015 καὶ
1440 989 1584 1023 αὐστηροῖς
1610 997 1661 1015 τινι
1685 989 1781 1022 ἑτέρας

996 1033 1140 1067 αἱρέσεως,
1155 1033 1210 1059 ἀλλ’
1225 1033 1326 1068 ἠπίαις.
1347 1034 1384 1060 οὑ
1411 1034 1465 1069 γὰρ
1491 1034 1647 1068 ἀνθρώπου,
1678 1034 1780 1068 φησὶν,

997 1079 1055 1104 ἐστὶ
1071 1078 1101 1104 τὺ
1117 1077 1302 1112 καταρτίζειν,
1317 1078 1384 1104 ἀλλὰ
1397 1079 1477 1113 μόνου
1489 1078 1568 1109 Θεοῦ,
1584 1079 1631 1104 καὶ
1645 1078 1782 1108 ’Ἕκαστος

998 1124 1068 1159 ὑτὲρ
1082 1123 1163 1150 αὑτοῦ
1186 1124 1278 1156 μόνου,
1294 1123 1352 1150 ἀλλ’
1367 1124 1415 1158 οὐχ
1440 1124 1509 1159 ὑπὲρ
1527 1125 1622 1159 ἐτέρου
1642 1124 1720 1158 λόγον
1731 1124 1783 1150 δὼ-

999 1177 1050 1199 σει.
1073 1169 1153 1200 αὐτὸς
1179 1169 1275 1195 ἑαυτόν
1304 1169 1452 1202 ἀντιλέγων
1481 1170 1527 1195 καὶ
1555 1169 1723 1203 ἀνατρέπων.
1744 1169 1782 1195 Οὐ

1000 1215 1079 1249 μόνον
1100 1215 1154 1250 γὰρ
1167 1215 1195 1240 ἐν
1215 1215 1253 1249 τῷ
1270 1215 1383 1250 παρόντι
1404 1214 1553 1248 κεφαλαίῳ,
1582 1215 1639 1241 ἀλλ’
1655 1216 1683 1240 ἐν
1702 1216 1785 1241 παντὶ

998 1259 1037 1292 τῷ
1051 1260 1125 1295 νόμῳ
1146 1259 1229 1286 αὑτοῦ
1246 1260 1361 1290 ἄστατος
1382 1260 1428 1286 καὶ
1440 1259 1556 1291 ἄτακτος
1581 1260 1628 1286 καὶ
1641 1260 1783 1294 ἀνώμαλος

999 1305 1190 1339 ἀναφαίνεται,
1206 1305 1252 1330 καὶ
1268 1305 1359 1340 σχεδὸν
1374 1306 1403 1331 ὲν
1419 1305 1485 1331 πᾶσι
1502 1306 1558 1336 τοῖς
1570 1304 1617 1330 ὑπ’
1639 1304 1721 1331 αὑτοῦ
1739 1313 1785 1338 γε-

999 1350 1170 1385 γραμμένοις
1200 1350 1281 1381 αὐτδς
1308 1349 1404 1376 ἑαυτὸν
1433 1349 1589 1384 εὑρίσκεται
1612 1350 1782 1384 ἀνατρέπων.

1001 1396 1105 1430 Ὠσπερ
1123 1395 1178 1430 γὰρ
1196 1396 1365 1430 μαινόμενος,
1380 1396 1427 1422 καὶ
1445 1395 1482 1430 μὴ
1498 1395 1640 1429 γινώσκων
1657 1396 1729 1422 ποῖαί
1745 1396 1784 1421 εἰ-

1001 1449 1043 1468 σιν
1053 1443 1080 1468 αἱ
1096 1442 1238 1473 ὑποθέσεις
1258 1442 1303 1468 καὶ
1328 1442 1361 1468 τὰ
1377 1441 1511 1476 δόγματα,
1532 1443 1611 1469 ἅτινα
1629 1443 1730 1476 ἤρξατο
1740 1443 1784 1469 λέ-

1000 1495 1069 1520 γειν,
1087 1487 1148 1514 τίνα
1164 1487 1198 1514 τὰ
1216 1488 1295 1522 μέσα,
1315 1488 1360 1514 καὶ
1378 1490 1441 1515 ποῖα
1459 1488 1494 1514 τὰ
1509 1488 1586 1523 τέλη,
1617 1488 1688 1515 οὕτω
1718 1489 1786 1522 γρά-

168 1531 248 1558 ιιιο‹Ιο
264 1539 324 1565 quae
336 1532 363 1559 in
376 1541 431 1560 uno
447 1534 557 1568 scripsit
570 1535 670 1568 capite,
688 1535 714 1562 in
733 1536 817 1563 altero
833 1536 947 1564 destruit

1002 1542 1059 1567 φων
1073 1534 1155 1564 ποιεῖ,
1170 1532 1207 1567 μὴ
1227 1534 1306 1567 μόνον
1322 1534 1393 1568 ἅπερ
1412 1535 1441 1560 ὲν
1457 1534 1496 1560 ἐνὶ
1509 1534 1649 1568 κεφαλαίῳ
1659 1534 1783 1569 γράφων,

168 1581 194 1602 et
209 1576 350 1611 impugnat
361 1597 368 1609 ,
384 1578 430 1605 sed
443 1579 551 1613 sepius.
561 1587 620 1614 quae
638 1580 665 1607 in
677 1581 812 1615 principio
827 1582 947 1616 ejusdem

167 1622 266 1656 capitis
282 1623 470 1655 confirmavit,
487 1625 560 1652 circa
571 1625 650 1652 finem
661 1627 782 1653 confttlat
795 1632 822 1654 et
836 1628 950 1654 subver-

167 1668 210 1694 tit.
239 1668 288 1695 Vix
303 1669 376 1695 enim
401 1674 428 1697 et
445 1670 591 1698 difficulter
614 1671 641 1698 in
662 1673 750 1706 capita
784 1678 809 1700 et
826 1673 949 1700 ordinem

167 1713 270 1748 digesta
290 1719 365 1745 sunt,
386 1723 447 1749 qua:
464 1717 509 1743 ille
530 1717 660 1748 tradidit;
678 1718 746 1744 adeo
762 1724 790 1746 ut
813 1720 950 1746 contradi-

166 1759 268 1786 ctionis
282 1760 352 1787 ratio
361 1761 487 1788 ordinem
506 1763 652 1796 przeccdal.
668 1764 740 1791 Idem
757 1765 830 1790 enitn
847 1765 890 1791 hic
904 1765 950 1799 qui

168 1805 301 1839 praecipit,
318 1813 352 1833 ne
364 1814 425 1833 cum
443 1807 584 1841 al-quiitus
596 1808 710 1835 alterius
723 1809 853 1835 doctrinm
869 1809 952 1836 disci-

168 1849 240 1883 pulis
269 1851 455 1885 digladientur
486 1854 576 1879 verbis
602 1855 707 1888 asperis
729 1854 878 1885 durisque,
903 1855 950 1880 sed

168 1894 272 1922 blandis
287 1900 314 1922 et
330 1897 478 1923 mansuetis
495 1903 533 1930 (nt
551 1898 632 1924 etiam
657 1899 683 1924 in
700 1899 787 1932 cztplltt
814 1899 946 1924 Eltenimtt

169 1940 291 1974 seipsum
306 1941 419 1968 laudans
428 1942 495 1969 dicit
506 1951 512 1968 :
524 1942 580 1968 Non
592 1943 643 1969 hoc
657 1943 811 1977 ροόοιιιὶιιιιι
823 1949 874 1974 est,
884 1943 949 1977 etc.)

169 1985 239 2018 Quin
256 1986 339 2013 etiam
358 1987 384 2013 in
403 1989 492 2022 capite
510 1987 682 2021 Elmipttcara
695 2009 702 2020 ,
716 1989 788 2022 quod
812 1989 900 2015 [ιυιιρηι
916 1988 951 2015 si-

169 2031 290 2065 gnificat,
307 2031 347 2058 sic
359 2032 416 2058 ait:
433 2032 461 2059 in
477 2033 538 2066 lege
559 2033 606 2059 Dei
624 2041 677 2059 tmtt
697 2039 738 2060 est
756 2034 805 2063 vis,
823 2035 950 2068 quoniam

169 2075 243 2110 quod
272 2084 380 2110 :equutn
409 2082 463 2108 est,
488 2077 543 2111 jam
576 2082 639 2103 ante
656 2077 797 2104 definitum
823 2086 880 2110 est;
908 2079 952 2105 hic

171 2121 255 2152 idem,
273 2121 395 2156 inquam,
409 2122 450 2149 sui
470 2123 546 2156 quasi
565 2122 677 2153 oblitus.
696 2123 818 2158 prmcipit
834 2124 927 2151 dicens
943 2132 950 2151 :

168 2167 273 2194 Nostra:
300 2168 352 2203 legi
379 2176 433 2195 non
462 2168 645 2199 obcdientes.
675 2171 770 2196 mortis
787 2171 950 2205 supplicium

1001 1580 1029 1605 ὲν
1045 1580 1129 1614 ἑτέρῳ
1143 1578 1272 1605 καταλύει
1287 1580 1333 1605 καὶ
1350 1580 1498 1613 ἀντιλέγει,
1509 1579 1578 1606 ἀλλὰ
1590 1580 1638 1606 καὶ
1655 1580 1783 1611 πολλάκις

1001 1625 1073 1659 ἅπερ
1087 1626 1116 1650 ὲν
1130 1625 1163 1659 τῇ
1179 1625 1250 1659 ἀρχῇ
1268 1624 1316 1650 τοῦ
1330 1624 1414 1651 αὑτοῦ
1442 1625 1588 1659 κεφαλαίου
1615 1625 1786 1652 διαϐεϐαιοῦ-

1001 1678 1056 1702 ται,
1072 1670 1136 1704 περὶ
1151 1669 1180 1695 τὸ
1194 1671 1271 1707 τέλος
1289 1671 1398 1705 συγχέει
1409 1679 1438 1697 τε
1457 1671 1503 1697 καὶ
1527 1671 1684 1705 ἀνατρέπει.
1702 1672 1785 1702 Μόλις

1001 1716 1055 1750 γὰρ
1072 1718 1118 1743 καὶ
1137 1717 1185 1743 σὺν
1201 1716 1245 1752 βίᾳ
1264 1716 1431 1752 εἰσήχθησαν
1453 1717 1646 1752 κεφαλαιωδῶς
1663 1718 1710 1744 καὶ
1737 1719 1787 1744 σὺν

1002 1760 1076 1792 τάξει
1090 1761 1123 1786 τὰ
1138 1761 1203 1795 παρ¹
1220 1761 1324 1788 ἐκείνου
1344 1762 1489 1797 λεγόμενα,
1520 1761 1603 1794 ὅπως
1622 1764 1670 1789 καὶ
1696 1763 1710 1788 ὁ
1736 1763 1786 1796 τῆς

1002 1807 1156 1840 ἀντιλογίας
1173 1807 1254 1840 λόγος
1278 1807 1330 1841 όδῷ
1348 1808 1394 1834 καὶ
1407 1807 1484 1840 τάξει
1501 1808 1648 1843 προϐαίνῃ,
1667 1809 1721 1835 Kal
1732 1808 1787 1842 γὰρ

1002 1851 1082 1882 αὐτὸς
1099 1848 1174 1883 οὗτος
1190 1854 1203 1878 ὀ
1226 1853 1433 1886 ἐντελλόμενος,
1469 1853 1512 1879 ἵνα
1551 1853 1588 1888 μὴ
1611 1853 1787 1887 διαλέγωνται

1001 1905 1072 1923 τισιν
1089 1897 1181 1932 ἐτέρου
1199 1898 1333 1932 δόγματος
1351 1899 1380 1925 ὲν
1406 1898 1495 1932 λόγοις
1519 1901 1631 1933 τραχέσι
1644 1900 1690 1925 καὶ
1704 1899 1787 1933 σκλη-

1003 1943 1071 1976 ροῖς,
1086 1942 1143 1968 ἀλλ’
1159 1943 1249 1977 ὴπιοις
1267 1943 1313 1969 καὶ
1332 1943 1508 1978 προσηνέσιν,
1529 1944 1567 1974 ὡς
1584 1945 1630 1970 καὶ
1652 1945 1680 1970 ἐν
1693 1944 1730 1978 τῷ
1743 1953 1788 1970 κε-

1003 1987 1108 2022 φαλαίῳ
1121 1987 1160 2022 τῷ
1184 1988 1356 2022 Ἐλτενιοὺμ
1375 1988 1471 2014 ἑαυτὸν
1496 1989 1614 2015 ἐπαινῶν
1635 1989 1719 2023 λέγει,
1739 1990 1788 2015 οὐκ

1003 2032 1061 2058 ἐστι
1072 2033 1126 2059 τῶν
1142 2033 1368 2066 ἀναγκαζόντων.
1389 2033 1469 2060 Ἀλλὰ
1481 2034 1528 2060 καὶ
1543 2035 1572 2060 ἐν
1593 2034 1631 2068 τῷ
1649 2035 1788 2069 κεφαλαίῳ

1002 2077 1041 2111 τῷ
1061 2077 1264 2111 Ἐλμπακαρᾶ,
1277 2079 1345 2113 ὅπερ
1379 2078 1557 2114 ἑρμηνεύεται
1572 2079 1662 2111 βοῦς,
1688 2079 1788 2105 οὑτωσί

1003 2131 1096 2158 φησιν,
1113 2123 1153 2150 ὁτι
1169 2123 1213 2150 Ἐν
1229 2124 1265 2158 τῷ
1282 2124 1357 2158 νόμῳ
1379 2124 1427 2150 τοῦ
1443 2124 1510 2150 Θεοῦ
1519 2125 1569 2151 οὑκ
1595 2124 1652 2150 ἔστι
1673 2125 1728 2159 βία,
1747 2125 1788 2150 ὅτι

1002 2170 1032 2196 τὸ
1047 2169 1104 2195 ἴσον
1118 2169 1234 2204 ὲξαρχῆς
1249 2170 1298 2204 ῆῗη
1318 2169 1469 2205 διώρισται’
1502 2171 1582 2202 αὐτὸς
1608 2167 1684 2196 οὗτος
1711 2169 1788 2200 αὖθις

170 2218 288 2246 maneat.
313 2219 361 2242 aut
390 2214 492 2241 tributa
519 2215 637 2242 solvant.
656 2216 689 2243 Et
708 2216 774 2250 quid
791 2222 877 2244 morte
894 2217 938 2244 vio

1006 2215 1203 2250 ἐπιλαθόμενος
1217 2216 1475 2249 ἐντέλλεταιλέγων,
1493 2217 1555 2247 Τοῖς
1568 2216 1605 2251 μὴ
1619 2216 1789 2250 πειθομένοις

171 2261 272 2288 lentius
288 2265 371 2293 est,,o
393 2261 534 2296 legislator
550 2262 720 2289 vanissime?
737 2263 767 2289 Et
783 2263 921 2298 quomodo
937 2272 952 2291 ιι

171 2307 227 2333 lteo
251 2312 341 2334 ortum
365 2315 426 2334 esse
453 2308 603 2341 diceretur,
631 2309 705 2343 quod
734 2310 823 2336 scelus
850 2310 955 2336 scelere

170 2353 349 2388 compensat?
363 2354 485 2381 Avaritia
502 2355 575 2382 enim
591 2355 671 2382 caedis
685 2355 804 2382 furerent
836 2357 951 2390 mitigat.

170 2398 273 2426 Natura
288 2398 361 2426 enim
377 2398 507 2430 humana.
522 2399 588 2432 quin
605 2400 696 2434 potius
717 2400 850 2432 homines,
867 2404 894 2427 ct
907 2408 955 2428 na-

173 2449 240 2471 tura:
257 2444 329 2470 illius
347 2444 479 2472 formator
495 2449 522 2472 ct
535 2440 625 2480 opifex
640 2445 710 2473 Deus
725 2465 733 2477 ,
760 2446 840 2472 talem
855 2445 955 2473 consti-

174 2492 225 2517 tuit
243 2490 394 2523 hominem,
412 2495 441 2517 ut
458 2498 510 2517 una
524 2498 586 2517 cum
606 2491 667 2518 aliis
684 2491 782 2518 animae
795 2491 867 2517 illius
882 2491 954 2517 imii-

172 2536 242 2563 dcrit
257 2536 519 2569 concupiscentiam,
539 2537 621 2563 anitni
647 2537 734 2563 zelum
753 2541 780 2563 ct
799 2536 954 2569 fervorem,

170 2587 253 2616 atque
271 2582 403 2609 rationem
419 2591 426 2608 ι
442 2588 471 2609 ut
497 2590 546 2617 per
572 2583 802 2617 concupiscentia:
827 2583 954 2610 affectum

172 2633 244 2656 amet
260 2633 288 2655 et
303 2628 399 2664 diligat
424 2637 561 2656 summum
595 2629 696 2656 bonum
710 2650 717 2662 ,
735 2630 807 2664 quod
834 2636 873 2656 est
898 2630 955 2664 ipse

173 2674 255 2706 Deus,
270 2682 435 2710 omneutque
450 2675 584 2710 justitiam
597 2681 625 2702 et
637 2675 777 2708 virtutem,
792 2683 852 2710 qua:
870 2676 956 2702 instar

173 2720 252 2747 scala:
267 2724 332 2747 sunt
362 2721 482 2748 animam
507 2721 540 2748 ad
559 2721 647 2756 ipsunt
664 2721 748 2749 Deum
771 2722 953 2756 perduc-cutis.

174 2766 251 2798 Quod
265 2766 287 2794 si
304 2771 394 2794 autem
408 2767 479 2795 forte
495 2767 717 2803 concupiscentia
732 2776 747 2795 ιι
763 2776 826 2794 vero
841 2772 866 2794 et
882 2773 956 2795 recto

174 2820 268 2840 amore
283 2812 470 2845 declinaverit.
489 2819 515 2842 et
531 2822 579 2849 pto
592 2814 695 2842 dextris
708 2814 734 2841 in
748 2814 884 2842 contraria
899 2822 955 2841 co:-

174 2859 243 2896 pt‘rit
271 2863 385 2892 nutare,
413 2862 488 2888 lctus
515 2861 564 2889 istc
591 2861 674 2888 anitni
695 2866 790 2888 contra
805 2861 954 2888 dannoncm

1003 2263 1060 2292 τοῖς
1074 2261 1220 2296 ἡμετέροις
1243 2262 1361 2296 δόγμασι
1387 2262 1502 2292 θάνατος
1528 2261 1597 2287 ἔστω
1624 2263 1640 2295 ἡ
1657 2262 1788 2296 τιμωρία,

1003 2308 1296 2343 ἢφόρουςδιδότωσαν.
1323 2308 1377 2334 Καὶ
1392 2308 1416 2334 τί
1441 2308 1592 2342 βιαιότερον
1613 2308 1739 2336 θανάτου,
1767 2304 1789 2332 ὦ

1004 2354 1066 2380 κενὲ
1083 2354 1232 2389 νομοθέτας
1250 2355 1304 2380 Kal.
1322 2354 1380 2384 πῶς
1395 2355 1469 2388 παρὰ
1495 2353 1563 2380 Θεοῦ
1590 2353 1619 2379 τὸ
1644 2353 1727 2388 κακίᾳ
1743 2362 1791 2378 χα-

1004 2399 1066 2426 κίαν
1085 2398 1196 2433 ἀμεῖϐον
1207 2407 1213 2431 ;
1226 2399 1431 2433 Φιλοχρηματία
1448 2399 1501 2433 γὰρ
1524 2398 1569 2424 τὸν
1584 2398 1629 2424 τοῦ
1645 2399 1724 2432 φόνου
1745 2398 1790 2423 Su-

1006 2445 1055 2480 μὺν
1070 2446 1269 2480 κατεπράϋνεν.
1296 2445 1328 2470 Ἡ
1343 2445 1396 2479 γὰρ
1427 2445 1507 2479 φύσις
1539 2444 1593 2470 τῶν
1628 2444 1789 2478 ἀνθρώπων,

1007 2491 1105 2526 μᾶλλον
1118 2491 1170 2517 δὲό
1186 2490 1231 2516 τοῦ
1250 2490 1394 2525 ἀνθρώπου
1424 2491 1471 2516 καὶ
1495 2489 1545 2524 τῆς
1572 2490 1655 2524 αὐτῆς
1683 2489 1790 2524 φύσεως

1005 2537 1128 2571 πλάστης
1145 2536 1370 2571 καὶδημιουργός
1396 2536 1462 2567 Θεὸς
1488 2536 1573 2567 οὕτως
1603 2534 1683 2562 αὑτὸν
1711 2544 1791 2562 κατε-

1006 2583 1150 2615 σκεύασεν,
1182 2582 1222 2608 ὅτι
1260 2582 1328 2616 μετὰ
1350 2581 1404 2608 τῶν
1426 2581 1513 2608 ἄλλων
1546 2581 1674 2615 ἐνέθηκεν
1699 2582 1727 2606 ὲν
1757 2581 1790 2615 τῇ

1005 2629 1077 2663 ψυχῇ
1095 2627 1178 2654 αὐτοῦ
1191 2627 1222 2653 τό
1234 2636 1263 2653 τε
1275 2627 1487 2662 ἐπιθυμητικὸν,
1499 2627 1529 2653 τδ
1541 2627 1667 2661 ουμικδν,
1692 2626 1739 2652 καὶ
1759 2626 1790 2651 τὸ

1006 2675 1125 2708 λογικίν,
1141 2674 1185 2700 ἵνα
1202 2674 1246 2700 διὰ
1258 2673 1304 2699 τοῦ
1316 2673 1515 2708 ἐπιθυμητικοῦ
1532 2674 1581 2707 ἐρᾷ
1610 2673 1657 2698 καὶ
1681 2672 1791 2706 ἐφίηται

1006 2721 1054 2747 τοῦ
1068 2721 1154 2754 ἄκρου
1171 2719 1287 2753 ἀγαῆοὖ,
1314 2720 1383 2754 ὅπερ
1395 2720 1469 2745 ἐστὶν
1485 2720 1499 2745 ὁ
1527 2718 1606 2749 Θεὸς.
1625 2719 1671 2744 γαὶ
1701 2719 1792 2752 πάσης

1006 2765 1179 2799 δικαιοσύνης
1204 2766 1251 2791 καὶ
1269 2765 1381 2800 ἀρετῆς,
1395 2765 1496 2795 αἵτινες
1508 2762 1606 2798 οἷάπερ
1622 2772 1663 2794 τις
1687 2762 1788 2796 κλίμαξ

1008 2813 1086 2843 εἰσιν,
1103 2811 1253 2844 ἀνάγουσαι
1271 2810 1373 2844 ταύτην
1388 2812 1428 2842 είς
1445 2811 1520 2837 Θεόν.
1538 2810 1569 2836 Εἰ
1582 2809 1606 2835 δ’
1622 2809 1688 2839 ἴσως
1702 2816 1792 2842 παρι-

1010 2859 1098 2894 τραπῇ
1115 2857 1144 2884 τὸ
1160 2857 1358 2892 ἐπιθυμητικὸν
1373 2857 1419 2883 τοῦ
1437 2855 1517 2892 ὀρθίιῦ
1541 2855 1651 2890 ἔρωτος,
1673 2856 1720 2881 καὶ
1734 2855 1793 2881 ἀντὶ
