1949 3093
127 133 180 165 609

630 129 778 161 CONTRA
797 128 1040 159 MAHOMETEM
1062 127 1203 158 ORATIO
1223 129 1246 159 Ῐ.

1702 126 1754 158 6ῐῦ

126 191 183 218 τῶν
195 189 291 224 δεξιῶν
304 188 389 225 νεύσῃ
409 187 480 224 πρὸς
506 187 540 214 τὰ
557 187 678 221 ἐναντία,
701 186 878 220 κινηθήσεται
904 185 917 211 6

971 190 1173 219 permoventur,
1199 189 1225 211 et
1253 184 1489 219 humani'generis
1508 184 1672 219 perditurem
1695 192 1753 211 ser-

128 236 213 271 θυμὺς
231 235 303 262 κατὰ
319 235 367 262 τοῦ
381 234 517 269 δαίμονος,
550 233 597 259 καὶ
621 233 667 259 τὶν
695 231 918 267 ἁνθρωπόλεθρον

127 282 189 315 ὅφιν
207 280 319 312 διώξας.
335 279 413 306 ἔσται
427 278 466 314 τῷ
479 277 624 312 ἡττηθέντι
648 277 745 319 όδηγὸς
762 276 813 310 τῆς
833 276 919 303 ἀπλα-

128 327 188 358 νοῦς
204 327 251 353 καὶ
267 325 375 356 εὐθείας
391 324 463 351 ὀδοῦ.
480 324 511 350 Εί
526 323 554 350 δὲ
570 324 616 349 καὶ
629 324 643 349 6
656 322 741 357 θυμὸς
759 322 843 357 ἀργὸς
859 323 918 357 μεί-

132 380 179 403 νας
196 372 243 398 καὶ
260 371 452 405 ἀνενέργητης,
473 369 489 404 ἢ
506 369 627 404 κινηθεὶς
645 369 706 403 μὲν,
721 368 752 394 οὐ
779 368 850 394 κατὰ
871 367 917 394 τοῦ

127 418 216 453 ὄφεως
231 418 270 450 δὲ,
297 417 365 444 ἀλλὰ
377 416 447 443 κατὰ
473 415 519 442 τοῦ
549 415 685 450 όμοφυοῦς
711 414 794 442 αὑτοῦ
812 413 919 448 ἀνθρὼ-

129 473 192 497 nou,
209 463 269 489 τότε
287 463 317 489 τὸ
328 462 449 496 λογικὸν,
464 461 603 487 τουτέστιν
615 460 628 486 6
642 459 755 495 ἡγεμὼν
771 459 818 486 καὶ
828 459 919 494 ἄρχων

129 510 202 542 νοῦς,
215 509 309 544 ὥσπερ
333 518 374 540 τις
389 510 486 543 κριτὴς
506 507 618 542 ἰσχυρὸς
638 506 687 532 καὶ
699 507 848 536 ἀδέκαστος
857 505 918 530 ὲπι-

128 555 221 582 τάττει
245 554 315 581 αὐτὰ
336 554 406 580 κατὰ
420 553 511 587 χώραν
539 552 642 588 μένειν,
670 552 719 578 καὶ
745 551 861 578 ἕκαστον
889 551 919 576 ὲν

128 601 161 635 τῇ
179 599 255 632 τάξει
279 599 373 626 αὐτοῦ.
391 598 440 624 Διά
456 607 497 623 τοι
512 597 592 624 τοῦτο
607 598 638 623 τὸ
656 597 706 631 μὲν
718 594 918 629 ἐπιθυμητικὸν

129 642 250 670 τέθεικεν
271 643 285 667 6
304 641 413 668 πάντων
427 641 593 675 δημιουργὸς
609 642 638 667 ὲν
664 639 704 675 τῷ
733 639 832 675 ἥπατι,
850 639 919 671 ὅπερ

130 686 204 710 ἐστὶν
220 684 273 711 ὑπὸ
289 684 338 719 τὴν
355 684 480 718 καρδίαν,
498 684 528 709 τὺ
541 684 570 710 δὲ
584 683 701 718 θυμικὸν
715 684 743 709 ὲν
758 684 791 717 τῇ
808 682 918 717 καρδίᾳ,

129 731 190 764 ἥτις
202 730 363 762 ὑπέρκειται
378 729 424 755 τοῦ
440 729 556 763 ἥπατος,
579 729 616 759 ὡς
640 728 816 763 ἀρχικωτέρα
826 737 832 743 ·
851 728 881 754 τὸ
891 727 920 754 δὲ

130 775 239 808 λογικὸν
252 775 280 801 ἐν
296 774 334 809 τῷ
352 774 506 809 ἐγκεφάλῳ,
521 774 550 805 ὅς
568 775 642 800 ἐστιν
674 774 767 800 ἐπάνω
794 773 919 805 πάντων,

130 820 225 854 ὥσπερ
246 828 288 850 τις
317 819 445 854 βασιλεὺς
472 820 518 844 καὶ
544 818 658 853 ἡγεμὼν
677 818 724 844 καὶ
749 818 842 853 ἄρχων
872 817 920 845 καὶ

970 235 1078 264 pentent
1100 226 1273 264 persecutus,
1298 229 1528 264 concupiscentia:
1548 235 1682 264 superatae
1699 230 1755 256 dux

969 275 1005 302 sit
1022 275 1048 302 in
1068 275 1109 301 via
1128 279 1200 301 recta
1216 279 1244 302 et
1260 275 1402 302 erroribus
1417 279 1538 302 carenle.
1553 274 1630 307 Quod
1645 275 1667 301 si
1689 283 1753 301 vero

969 319 1054 347 etiam
1072 320 1116 347 hic
1143 321 1227 347 animi
1253 321 1328 348 zelus
1351 321 1457 347 otiosus
1472 324 1499 346 et
1525 320 1678 347 desidiosus
1695 329 1757 355 per-

969 364 1113 395 manserit,
1125 369 1173 391 aut
1197 370 1338 399 permotus
1348 372 1402 391 non
1418 369 1512 392 contra
1527 371 1691 396 serpentem,
1708 366 1754 392 sed

970 409 1110 437 hominem
1124 410 1334 444 sibi'cognatum
1347 411 1481 446 insurgat,
1496 415 1560 437 tunc
1577 411 1655 441 ratio,
1673 411 1698 437 id
1714 416 1756 438 c~t

970 455 1025 481 dux
1040 459 1069 482 et
1085 456 1215 490 princeps
1230 456 1288 490 ipsa
1308 463 1385 483 mens
1406 456 1492 483 instar
1512 455 1614 490 judicis
1636 456 1716 483 fortis
1730 461 1757 483 ct

971 498 1136 533 incorrupti,
1154 499 1228 526 hunc
1245 499 1316 526 intra
1334 500 1465 527 terminos
1481 500 1632 527 consistere
1648 501 1754 534 iubeat,

971 544 1134 579 singulaque
1149 553 1229 572 suum
1253 546 1379 573 ordinem
1405 547 1557 574 custodire.
1584 548 1758 581 Quapropter

970 591 1052 617 etiam
1066 592 1189 618 omnium
1203 592 1293 626 opifex
1313 592 1545 626 concupiscentia:
1559 592 1652 619 sedem
1676 592 1702 618 in
1717 592 1758 627 je-

970 643 1034 662 core
1048 636 1297 670 constituit,quod
1326 637 1401 663 cordi
1431 637 1572 671 subjacet;
1600 637 1668 663 iram
1692 644 1758 663 vero

971 685 1020 708 aut
1035 682 1118 708 anitni
1136 682 1225 708 zelum
1253 681 1279 708 in
1296 682 1377 708 corde
1393 681 1546 712 collocavit,
1567 681 1639 716 quod
1664 682 1757 716 jecore

971 732 1022 753 ceu
1039 726 1219 760 principalior
1238 734 1309 760 pars,
1325 731 1367 753 est
1391 727 1536 761 superius;
1562 727 1675 755 rationis
1691 735 1757 753 vero

971 771 1063 798 sedem
1082 771 1146 798 fecit
1160 772 1314 804 cerebrum,
1334 773 1405 806 qttod
1418 773 1541 798 omnium
1553 779 1690 798 summum
1704 778 1756 805 est,

972 824 1022 844 ceu
1036 825 1082 844 rex
1101 818 1237 852 quispiam
1250 837 1256 849 ,
1278 818 1333 845 dux
1347 823 1375 845 et
1401 818 1527 852 princeps
1543 818 1584 844 ‘in
1602 818 1691 844 omnia
1708 826 1757 852 pri-

131 865 255 898 ἑξουσίαν
270 865 340 899 ἔχων
356 865 428 891 κατὰ
445 864 566 896 πάντων,
597 864 635 898 μὴ
668 865 749 898 μόνον
780 864 834 890 τῶν
857 865 917 890 κατ’

972 866 1099 890 testatcm
1119 864 1224 890 habens
1237 884 1244 894 ,
1262 872 1316 890 non
1343 865 1432 891 solum
1451 864 1540 891 abhis
1558 872 1618 898 qum
1641 864 1711 891 circa
1729 871 1758 890 s».

131 911 213 937 αὑτὲν
235 910 274 945 τῷ
299 909 464 944 αὐτεξουσίῳ
491 909 628 945 τιμηθεὶς,
660 909 728 936 ἀλλὰ
759 910 806 935 καὶ
832 911 921 944 πάσης

131 956 264 990 αίσθητῆς
280 955 398 988 φύσεως,
412 954 502 985 καθὼς
517 955 563 980 ἐπὶ
588 954 635 980 τοῦ
655 954 751 988 Ἀδὰμ,
767 954 807 980 ἔτι
824 963 854 981 τε
873 953 920 980 τοῦ

130 999 203 1032 Νῶε,
221 999 334 1026 καὶτῶν
363 1000 391 1025 έν
417 1000 450 1033 τῇ
474 998 580 1033 [Ιαλαιᾷ
603 1007 633 1024 τε
658 999 704 1025 καὶ
723 999 779 1034 Νέᾳ
801 999 921 1034 Διαθὴκῃ

130 1045 238 1077 τρανῶς
255 1045 458 1079 πεφανέρωται.
474 1044 528 1071 Καὶ
543 1044 587 1070 διὰ
611 1044 692 1070 τοῦτο
709 1045 763 1075 πᾶς
779 1043 922 1078 ἄνθρωπος

132 1091 204 1118 κατὰ
219 1091 274 1117 τῶν
292 1090 387 1117 παθῶν
416 1090 519 1125 ὀφείλει
544 1090 666 1125 χρῆσθαι
690 1090 739 1124 τῷ
758 1089 847 1124 θυμῷ,
875 1090 922 1116 καὶ

132 1136 195 1163 καθ’
205 1137 370 1171 οῖουδήτινος
387 1136 550 1171 πράγματος
576 1136 739 1171 χωρίζοντας
766 1136 846 1162 αὑτὸν
873 1135 921 1162 τοῦ

132 1180 212 1207 Θεοῦ.
231 1180 260 1207 '0
271 1180 299 1206 δὲ
325 1180 448 1215 Μωάμεθ
475 1180 537 1206 ἀντὶ
567 1180 622 1206 τῶν
646 1180 741 1206 παθῶν
774 1180 845 1207 κατὰ
873 1179 921 1206 τοῦ

131 1224 270 1258 ὁμοφυοῦς
295 1223 439 1258 ἀνθρώπου
456 1223 546 1257 τούτῳ
563 1223 712 1258 ἐχρήσατο,
739 1221 783 1251 οἷά
803 1232 856 1250 τινι
873 1223 922 1257 θη-

132 1268 183 1303 ρίῳ
197 1267 377 1302 ἀπηνεστάτῳ
400 1267 447 1294 καὶ
473 1267 616 1303 ἀνημέρῳ,
635 1268 658 1293 εί
680 1268 717 1302 μή
746 1276 804 1298 πως
830 1269 864 1302 τῇ
879 1276 923 1301 φι-

131 1313 302 1349 λοχρηματίᾳ
315 1313 361 1340 τὸν
379 1313 475 1348 θυμὸν,
492 1313 530 1345 ὡς
545 1313 654 1347 είρηται
679 1312 872 1347 καταπραΰνῃ.
892 1312 921 1338 ’0

131 1359 154 1385 δ’
177 1359 257 1389 αὐτὸς
275 1357 352 1389 αὖθις
371 1359 399 1384 ὲν
415 1357 453 1392 τῷ
469 1357 608 1392 κεφαλαίῳ
624 1357 663 1392 τῷ
678 1358 747 1391 Ἐμ,
760 1355 854 1392 ὥσπερ
868 1357 921 1383 τῶν

132 1405 242 1431 πάντων
266 1403 472 1438 ἐπιλαθόμενος,
493 1402 579 1434 οὕτως
595 1402 720 1438 εἴρηκεν,
736 1403 778 1428 ὅτι
804 1402 865 1428 Τῶν
880 1401 922 1428 δε-

131 1451 254 1485 χομένων
268 1450 334 1476 Θεὸν
346 1449 440 1484 ἕτερον
467 1449 537 1484 πλὴν
566 1448 614 1475 τοῦ
628 1447 697 1474 Θεοῦ
717 1448 813 1474 τούτου
829 1448 879 1474 οὐκ
896 1445 923 1473 εἴ

132 1497 165 1524 σὺ
178 1496 349 1530 παιδαγωγὸς
369 1495 385 1529 ἢ
412 1493 593 1529 ὲπιμελητὴς,
613 1494 674 1520 ἐπεὶ
699 1493 779 1520 τοῦτο
806 1493 922 1527 τετήρη-

133 1543 207 1570 κενὸ
233 1542 299 1572 Θεὸς
328 1540 427 1575 ἐαυτῷ.
448 1540 503 1566 Καὶ
525 1540 566 1571 τίς
587 1539 620 1566 ἂν
653 1539 748 1574 ἔτερος
776 1539 919 1574 γενήσεται

132 1587 275 1621 ἀξιόλογος
294 1587 448 1621 κατήγορος
466 1585 513 1612 τοῦ
537 1584 669 1620 Μωάμεθ,
687 1584 725 1616 ὡς
749 1585 830 1615 αὐτὸς
853 1584 919 1610 ἑαυ-

131 1633 201 1666 τοῦ;
233 1633 398 1667 Βουλόμενος
423 1632 478 1666 γὰρ
501 1631 656 1665 ἀντιλέγειν
681 1631 730 1662 τὰς
747 1631 869 1666 Γραφὰς,
887 1630 919 1660 ἃς

131 1677 239 1708 δικαίας
255 1677 302 1703 καὶ
315 1676 396 1710 ἁγίας
411 1677 553 1709 ἐκάλεσεν,
569 1677 583 1702 6
594 1676 622 1702 δὲ
644 1676 674 1703 οὐ
707 1675 789 1711 μόνον
817 1675 920 1706 ταύτας

132 1723 258 1758 φαίνεται
281 1723 441 1756 ἀντιλέγων,
457 1722 526 1749 ἀλλὰ
557 1722 651 1758 σχεδὸν
682 1723 711 1749 ἐν
734 1722 817 1749 πᾶσιν
838 1721 920 1752 αὐτὸς

132 1769 221 1804 ἑαυτῷ
234 1769 401 1795 ἀντιπίπτει.
411 1769 455 1794 Ἑν
467 1768 521 1803 γὰρ
529 1767 567 1802 τῷ
581 1767 720 1803 κεφαλαίῳ
730 1768 768 1802 τῷ
781 1765 919 1798 Eli-emi.

131 1815 201 1849 ὅπερ
214 1814 395 1849 ἑρμηνεύεται
416 1812 557 1847 γυναῖκες
567 1829 583 1845 ,ι
592 1813 694 1839 οὑτωσί
718 1819 818 1846 φησιν·
833 1812 864 1837 El
881 1811 918 1845 μὴ

132 1861 208 1894 παρὰ
218 1859 287 1886 Θεοῦ
305 1857 339 1894 ἦν
353 1860 384 1885 τὸ
405 1859 528 1894 Κοῤῥὰν,
549 1858 647 1885 πολλαὶ
666 1858 852 1892 ἐναντιότητες
872 1858 919 1883 εὗ-

131 1905 271 1938 ρίσκοιντο
284 1904 315 1930 ἂν
331 1905 360 1929 ἐν
381 1904 465 1938 αὐτῷ.
491 1904 537 1938 Μὴ
560 1903 708 1938 δυνάμενος
726 1903 816 1929 τοίνυν
843 1904 921 1928 ἀντο-

131 1948 269 1982 φθαλμεῖν
286 1947 353 1982 πρὸς
369 1948 417 1978 τὰς
432 1947 554 1982 Γραφὰς,
572 1947 728 1981 ὲξανὰγκης
752 1947 919 1981 καταφεύγει

131 1994 161 2019 ἐν
173 1993 211 2027 τῷ
225 1993 339 2026 ψεύδει,
356 1993 393 2024 ὡς
409 1992 490 2028 δῆθεν
506 1993 561 2019 ἀπὸ
574 1993 643 2019 Θεοῦ
656 1993 709 2019 είσι
722 1993 756 2019 τὰ
772 1993 917 2027 λεγόμενα.

132 2040 187 2065 Καὶ
213 2039 272 2070 πῶς
287 2039 341 2065 ἀπὸ
353 2038 432 2071 Θεοῦ,
449 2038 564 2072 ψεύδους
578 2038 686 2064 διάκονε
705 2038 751 2064 καὶ
766 2039 897 2072 γεννῆτορ
910 2046 918 2071 ;

133 2082 220 2109 Ἔνθα.
235 2082 290 2117 γὰρ
305 2081 415 2117 ψεῦδος,
431 2082 496 2113 Θεὸς
512 2081 563 2108 οὐκ
589 2081 666 2108 ἐστι·
692 2083 739 2109 καὶ
754 2082 820 2108 ὅπου
840 2082 918 2113 Θεὸς,

131 2129 162 2158 τὸ
172 2128 271 2162 ψεῦδος
285 2128 467 2162 ἀπελήλαται.
489 2127 527 2154 Οὐ
546 2128 601 2162 γὰρ
615 2128 749 2162 ὑπομένει
764 2129 795 2153 τῦ
822 2127 919 2158 σκότος

975 914 1041 936 sunt
1054 915 1166 944 propter
1178 911 1296 937 liberum
1309 911 1349 937 sui
1364 910 1507 937 arbitrium
1524 910 1699 943 honoratum,
1710 912 1758 938 sed

971 954 1003 980 ad
1021 954 1094 980 omni
1126 959 1221 981 natura
1237 962 1317 981 sensu
1335 955 1445 989 praedita
1472 955 1706 990 quemadmodum
1731 957 1758 982 in

971 998 1085 1029 Adamo.
1103 999 1129 1026 in
1159 999 1233 1031 Noe,
1255 1000 1370 1034 aliisque
1395 1004 1448 1031 tam
1466 1000 1492 1026 in
1521 1000 1613 1027 Veteri
1629 1008 1709 1034 quam
1729 1000 1757 1027 in

971 1043 1047 1070 Novo
1061 1043 1235 1071 Testamento
1251 1045 1419 1072 declaratum
1444 1050 1498 1072 est.
1516 1045 1688 1080 Quapropter
1698 1055 1759 1081 (ιιι.⁴

971 1088 1038 1116 libet
1055 1089 1137 1116 homo
1152 1094 1246 1116 contra
1262 1090 1376 1117 aileetus
1392 1090 1431 1116 ira
1443 1091 1482 1118 uti
1500 1091 1592 1123 debet,
1617 1096 1645 1117 et
1665 1091 1760 1118 ndwr-

971 1140 1018 1160 sus
1035 1134 1186 1167 quamlibet
1201 1142 1257 1160 rem
1274 1143 1334 1168 quae
1356 1137 1444 1168 ipsum
1460 1143 1474 1162 a
1494 1136 1548 1162 Deo
1565 1135 1687 1163 abducit.
1704 1136 1760 1163 Ma-

973 1177 1067 1204 homct
1082 1185 1149 1204 vero
1163 1186 1217 1205 non
1234 1183 1329 1205 contra
1346 1179 1472 1211 allectus,
1491 1180 1538 1206 scd
1551 1185 1694 1214 cognatum
1706 1180 1758 1206 sibi

972 1223 1111 1249 hominem
1126 1223 1177 1250 hac
1198 1227 1328 1258 tanquam
1346 1224 1403 1251 fera
1418 1225 1599 1252 immitissima
1615 1230 1642 1253 et
1663 1226 1760 1252 erude-

972 1269 1075 1296 lissima
1089 1271 1158 1296 usus
1170 1273 1221 1302 est,
1236 1269 1287 1296 nisi
1316 1270 1388 1304 quod
1403 1271 1526 1303 avaritia,
1541 1275 1570 1297 ut
1588 1271 1690 1297 dictum
1705 1277 1760 1304 est,-

972 1315 1041 1342 iram
1052 1315 1178 1342 nonnihil
1192 1315 1337 1350 mitigavit.
1354 1314 1426 1341 Idem
1441 1323 1506 1342 vero
1520 1324 1615 1342 rursus
1628 1316 1655 1342 in
1669 1317 1760 1351 capite

972 1360 1041 1392 Em,
1061 1365 1190 1394 tanquam
1205 1361 1327 1387 onmiutn
1343 1361 1447 1387 oblitus
1463 1380 1470 1393 ,
1491 1361 1530 1388 sic
1551 1361 1638 1388 dixit:
1658 1362 1758 1389 Eorum

972 1406 1018 1441 qui
1045 1407 1131 1434 Deum
1143 1406 1227 1433 alium
1245 1414 1326 1441 quam
1344 1407 1416 1434 hunc
1431 1408 1578 1441 recipiunt,
1596 1412 1622 1434 lu
1636 1408 1761 1443 pmalago-

972 1459 1022 1486 gus
1047 1460 1101 1478 non
1118 1459 1158 1484 es,
1177 1460 1228 1479 nec
1250 1458 1414 1486 procurator
1433 1461 1439 1478 ἒ
1462 1454 1593 1489 (utoniam
1613 1453 1684 1480 DCUS
1707 1454 1760 1481 hoc

973 1496 1024 1523 sibi
1050 1496 1102 1531 ipsi
1128 1497 1288 1524 reservavit.
1309 1499 1342 1524 Et
1355 1499 1479 1533 quisnam
1505 1499 1575 1525 alius
1598 1499 1760 1527 Mahometis

971 1547 1116 1569 accusator
1137 1548 1190 1569 tam
1218 1544 1308 1578 gravis
1337 1543 1439 1576 fuerit,
1469 1552 1550 1578 quam
1577 1544 1634 1579 ipse
1654 1549 1698 1571 est
1715 1544 1758 1571 sui

972 1588 1081 1623 ipsius?
1098 1588 1201 1615 Voleus
1216 1589 1290 1615 enim
1309 1589 1460 1623 Scripturis
1475 1590 1674 1621 contradicere,
1690 1597 1760 1624 quas

971 1638 1051 1660 antea
1064 1634 1151 1668 justas
1163 1639 1190 1660 et
1206 1639 1314 1661 sanctas
1327 1635 1443 1665 vocavit,
1458 1643 1509 1661 non
1522 1634 1564 1662 his
1580 1639 1684 1661 tantum
1694 1643 1759 1661 con-

973 1679 1107 1706 tradicere
1124 1679 1350 1713 deprehenditur.
1376 1680 1422 1706 scd
1435 1680 1461 1706 in
1482 1679 1609 1706 omnibus
1625 1680 1681 1707 fere
1701 1680 1759 1714 ipse

971 1724 1022 1751 sibi
1040 1723 1089 1758 ipsi
1101 1730 1143 1751 est
1154 1725 1321 1752 contrarius.
1337 1725 1364 1752 Ιιι
1381 1726 1470 1759 capite
1485 1725 1558 1751 enim
1569 1725 1758 1759 Elttcsa,quod

971 1769 1093 1796 mulieres
1106 1770 1250 1804 signiﬁcat,
1264 1770 1304 1796 sic
1320 1770 1408 1804 inquit
1424 1779 1430 1796 :
1446 1770 1502 1797 Nisi
1517 1779 1532 1797 a
1549 1771 1603 1798 Deo
1624 1775 1697 1797 eSset
1708 1771 1758 1798 Al-

971 1823 1114 1847 coranum,
1131 1817 1214 1842 multa
1237 1816 1262 1843 in
1282 1824 1315 1843 eo
1333 1817 1521 1843 invenirentur
1536 1817 1757 1844 contradictoria.

970 1861 1037 1889 Cum
1054 1870 1120 1889 sane
1132 1863 1246 1897 ipsemet
1262 1870 1314 1890 non
1328 1867 1420 1897 posset
1435 1863 1493 1890 suis
1507 1863 1594 1890 oculis
1603 1863 1759 1898 Scripturas

970 1908 1073 1934 intueri
1087 1929 1094 1940 ,
1113 1909 1269 1935 necessario
1281 1909 1400 1943 confugit
1413 1908 1447 1935 ad
1474 1909 1626 1940 mendacia,
1639 1910 1716 1944 quasi
1727 1918 1758 1937 ea

967 1959 1030 1988 qua;
1045 1955 1175 1980 dicuntur
1192 1962 1207 1981 a
1226 1954 1279 1982 Dco
1293 1954 1358 1981 sint.
1376 1954 1408 1980 Et
1423 1955 1561 1989 quomodo
1575 1963 1590 1981 a
1601 1956 1656 1982 Deo
1670 1963 1756 1987 esses.

970 1999 1106 2027 mendacii
1125 2000 1251 2027 minister
1263 2005 1290 2027 et
1303 2005 1379 2034 pater
1392 2000 1463 2028 ?lihi
1478 2002 1551 2028 enim
1565 2002 1737 2028 tnendacrum
1750 2023 1757 2034 ,

971 2045 1008 2072 ibi
1027 2045 1096 2072 Deus
1120 2046 1209 2072 locum
1237 2054 1291 2073 non
1310 2046 1413 2078 habet;
1434 2052 1461 2074 et
1483 2047 1528 2073 uhi
1550 2046 1621 2074 Deus
1636 2051 1697 2078 est.
1720 2048 1758 2075 ibi

971 2091 1142 2127 mendacium
1157 2090 1265 2118 defecit.
1279 2090 1490 2118 Tencbra-enim
1508 2091 1620 2118 luminis
1637 2099 1758 2126 praesen-

972 2135 1037 2162 tiam
1055 2143 1108 2162 nott
1131 2135 1292 2166 sustinent,
1317 2135 1549 2169 quemadmodum
1576 2142 1628 2162 nec
1645 2135 1760 2162 morbus

131 2174 180 2209 τὴν
200 2173 247 2200 τοῦ
268 2173 356 2207 φωτὸς
371 2173 534 2208 παρουσίαν,
560 2174 598 2204 ὼς
623 2173 684 2200 οὐδὲ
707 2174 785 2205 νόσος
811 2172 918 2207 ὑγιείας

971 2180 1087 2208 sanitate
1106 2180 1269 2208 succedcnte
1286 2180 1421 2208 subsistit.

132 2219 317 2254 ὲπιλαὸούσης
334 2219 453 2247 ἵσταται.

131 2285 137 2289 .
168 2264 211 2298 ιγ’.
234 2265 295 2291 Ἔτι
313 2265 433 2300 ἀρχηγὸν
459 2266 507 2291 καὶ
532 2265 693 2292 διδάσκαλον
724 2265 820 2291 ἑαυτὸν
849 2262 918 2291 εἶναι

131 2308 219 2342 λέγων
249 2308 297 2334 τοῦ
322 2310 419 2343 νόμον,
455 2309 539 2345 ὅνπερ
564 2311 620 2340 τοῖς
653 2310 767 2344 ἀνόμοις
801 2309 918 2343 ἐξέθετο,

130 2353 246 2380 καὶτοῦ
277 2353 441 2388 Κορῤὰν,ὂν
465 2355 666 2389 συνεγράψατο,
695 2356 746 2382 οὐκ
774 2356 917 2390 ᾐσχύνετο.

130 2400 202 2434 Φησὶ
211 2401 265 2434 γὰρ
282 2399 322 2426 ὅτι
339 2399 353 2425 6
369 2399 444 2430 Νῶε,
466 2401 480 2426 6
504 2400 640 2435 Ἀϐραὰμ,
657 2401 670 2427 6
699 2401 804 2433 Ἰσαὰκ,
829 2402 843 2427 6
864 2401 917 2427 Ἰα-

131 2444 200 2476 κὼϐ,
219 2444 287 2471 ἀλλὰ
305 2445 353 2470 καὶ
369 2445 394 2470 oi
411 2445 459 2472 τοῦ
476 2446 594 2480 Χριστοῦ
612 2447 756 2473 ἀπόστολοι
777 2447 823 2473 τοῦ
833 2446 916 2473 αὑτοῦ

130 2488 270 2521 δόγματος
285 2486 367 2524 ἦσαν.
391 2490 447 2516 Καὶ
473 2491 531 2522 πῶς
554 2490 602 2517 τοῦ
622 2492 706 2518 αὐτοῦ
732 2491 868 2526 δόγματος
894 2491 918 2517 οἱ

131 2534 289 2568 ἀπόστολοι,
309 2535 334 2561 οὶ
349 2535 402 2570 πρὸ
429 2535 476 2562 σοῦ
492 2536 672 2571 γεννηθέντες
699 2537 808 2572 χρόνοις
833 2537 918 2563 ἐπτι-

133 2580 247 2612 κοσίοις,
264 2581 344 2615 εἴπερ
356 2582 388 2607 σὺ
405 2581 524 2616 ἀρχηγὸς
553 2581 599 2608 τοῦ
629 2582 782 2617 δόγματος;
811 2582 872 2613 Πῶς
892 2581 919 2608 δὲ

134 2626 182 2652 καὶ
207 2626 232 2652 oi.
251 2626 304 2660 πρὸ
334 2626 458 2659 ἐκείνων,
473 2627 487 2653 ὃ
515 2635 546 2653 τε
580 2627 719 2663 Ἀϐραὰμ,
742 2629 789 2667 καὶζ
811 2628 916 2660 Ἰσαὰκ,

133 2671 181 2698 καὶ
202 2670 299 2697 Ἰακὼὸ
313 2671 493 2706 γεννηθέντες
510 2673 634 2708 χρόνοις;
651 2674 714 2706 Πῶς
726 2672 835 2706 όάὗθις
844 2675 917 2707 Νῶε,

132 2717 147 2742 6
164 2716 218 2751 πρὸ
230 2717 335 2744 τούτων
352 2719 465 2753 χρόνους
480 2721 691 2754 τετρακοσίουςς
711 2721 741 2747 El
760 2722 811 2756 μὲν
823 2720 868 2747 οὗν
886 2721 918 2747 σὺ

135 2759 161 2788 εἶ
175 2763 189 2788 6
204 2763 325 2798 ἀρχηγὸς
341 2765 390 2790 καὶ
415 2764 464 2799 τῆς
483 2765 583 2797 κακίας
601 2767 763 2802 ὲφευρετὴς,
777 2768 846 2801 ὅπερ
860 2767 918 2793 ἐστὶ

134 2808 181 2835 καὶ
196 2808 319 2844 ἀλήθεια,
344 2810 430 2847 ψεύδῃ
443 2811 530 2845 λέγων
560 2809 630 2839 εἶναι
646 2813 767 2845 ἐκείνους
778 2813 825 2840 τοῦ
856 2822 918 2849 μια-

1007 2269 1049 2295 15.
1063 2269 1196 2296 Prieterea
1212 2269 1308 2296 ducem
1321 2273 1348 2296 et
1363 2269 1570 2303 magistrum'se
1585 2268 1679 2296 dicens
1695 2275 1758 2295 esse

969 2313 1046 2348 legis,
1062 2321 1143 2348 quant
1159 2313 1261 2348 iniquis
1281 2314 1352 2346 tulit,
1369 2314 1512 2342 Alcorraui
1529 2315 1618 2349 ipsum
1634 2322 1688 2341 non
1703 2322 1756 2348 pu-

969 2359 1040 2386 duit.
1053 2359 1124 2386 Dicit
1139 2359 1222 2389 enim.
1238 2359 1310 2393 quod
1326 2359 1392 2391 Noe,
1408 2359 1439 2385 At
1451 2359 1556 2388 raham.
1568 2360 1650 2390 Isaac,
1661 2360 1755 2391 Jacob,

970 2405 1016 2431 sed
1032 2409 1059 2431 et
1072 2403 1158 2438 ipsius
1171 2404 1272 2431 Christi
1286 2405 1401 2438 apostoli
1418 2405 1541 2439 ejusdem
1557 2405 1624 2439 legis
1636 2409 1756 2431 sectato-

971 2458 1015 2478 res
1030 2450 1142 2477 fuerint.
1160 2451 1192 2477 Et
1205 2452 1342 2485 quomodo
1354 2451 1479 2486 ejusdem
1493 2452 1627 2485 dogmatis
1639 2450 1756 2485 apostoli

969 2496 1091 2527 fuerunt,
1105 2496 1150 2530 qui
1173 2496 1332 2530 priusquam
1351 2501 1379 2524 tu
1402 2497 1567 2528 nascercris,
1584 2497 1665 2523 annis
1681 2497 1758 2523 rixe-

971 2546 1034 2567 runt
1054 2541 1168 2569 circiter
1192 2541 1382 2575 septingentis,
1410 2543 1432 2568 si
1458 2546 1485 2568 ιιι
1515 2541 1650 2576 dogmatis
1676 2540 1756 2574 hujus

970 2591 1066 2614 auctor
1076 2587 1124 2613 es?
1137 2585 1280 2619 Quomodo
1293 2594 1357 2614 vero
1375 2586 1524 2618 Abraham,
1539 2587 1613 2613 Isaac
1624 2586 1754 2619 ctJacob,

971 2637 1011 2660 tot
1028 2637 1090 2660 ante
1106 2632 1156 2660 hos
1182 2633 1288 2660 saeculis
1308 2632 1363 2660 nati
1379 2642 1384 2659 :
1409 2632 1547 2666 quomodo
1569 2632 1668 2659 iterum
1686 2631 1755 2662 Noe.

969 2678 1015 2712 qui
1035 2683 1099 2704 ante
1125 2678 1176 2705 hos
1202 2678 1270 2704 vixit
1284 2678 1364 2705 annis
1395 2678 1506 2704 circiter
1527 2675 1756 2711 quadringentis?

969 2722 1046 2755 Quod
1065 2723 1087 2750 si
1115 2727 1143 2750 tu
1162 2723 1243 2758 igitur
1256 2728 1352 2751 auctor
1366 2729 1392 2750 et
1413 2723 1539 2750 inventor
1552 2721 1702 2757 impietatis
1724 2727 1755 2748 cs

971 2769 1106 2802 (utetiam
1119 2777 1156 2800 es.
1163 2770 1282 2804 revera),
1295 2769 1363 2797 falso
1378 2768 1518 2796 dicisillos
1531 2767 1630 2803 impuri
1644 2767 1755 2801 dogma-

971 2815 1005 2842 tis
1028 2815 1146 2843 asseclas
1167 2815 1261 2844 fuisse.
1284 2815 1313 2844 Si
1333 2821 1408 2849 vero,
1424 2819 1455 2844 ut
1471 2815 1548 2848 iacis,
1576 2814 1637 2844 illos
1657 2811 1753 2840 eadem
