1949 3093
132 2975 166 2987 ,Hl

139 104 142 105 7
173 125 225 158 611

777 119 938 151 JOANNIS
956 118 1217 150 CANTACUZENI

1751 121 1804 153 612

173 180 278 208 sentire
291 179 402 211 asseris,
415 184 527 206 rursum
544 177 679 206 mendacii
696 177 880 209 conrinceris,
894 176 965 212 quod

1030 177 1067 203 »εὖ
1083 176 1192 203 τουτουῖ
1217 175 1353 211 δόγματος
1365 182 1371 190 '
1386 177 1410 202 εξ
1422 175 1443 202 δ’
1458 175 1496 208 ὠς
1512 175 1601 211 λέγεις
1614 177 1648 204 τὰ
1668 177 1738 206 αὐτὰ
1756 181 1807 207 κά-

175 231 201 254 te
219 225 287 261 legis
303 228 446 252 auctorem
463 224 599 251 nomines.
616 223 672 250 Nec
695 223 770 250 enim
782 224 884 258 poterit
902 223 964 250 fons

173 278 207 299 ex
225 278 280 298 uno
301 270 454 304 eodemque
473 269 560 297 canali
579 276 677 304 aquam
696 269 806 296 dulcem
833 269 914 296 simul
937 273 966 297 et

175 323 296 344 amaram
309 315 466 348 effundere,
482 315 526 342 vel
542 322 636 342 verum
652 319 679 342 et
690 314 800 342 falsum.
817 313 871 342 Sed
891 315 965 350 quod

177 363 237 398 ipse
256 370 305 397 per
323 361 506 397 ignorantiam
525 361 575 388 tibi
591 360 777 391 contradicas.
794 367 891 389 verum
911 366 964 388 est.

175 407 310 440 Quoniam
327 406 394 433 ﬁdes
418 413 474 433 non
502 405 528 432 vi
554 413 606 433 nec
626 405 792 432 necessitate
804 404 896 437 datur,
917 405 966 433 sed

175 451 319 479 electionis
348 455 376 478 et
390 450 541 478 voluntatis
564 455 617 478 est.
634 450 794 485 Corporalia
811 450 886 478 enim
910 450 966 478 vim

177 497 302 524 sentiunt
315 504 322 529 ;
335 496 427 523 anima
444 503 521 527 vero,
533 499 560 522 ct
573 503 634 530 quin
646 495 719 522 illius
734 499 808 526 sunt,
825 503 878 522 non
889 495 966 523 item.

177 542 231 571 Sed
249 542 340 569 anima
358 540 563 577 quodammodo
579 541 623 568 sui
648 540 720 576 juris
740 545 793 574 est,
814 544 842 568 et
857 540 966 574 libera;

177 589 250 625 quod
267 590 341 617 enim
362 589 452 617 credit
463 593 492 617 et
514 589 583 620 vult,
604 587 673 615 illud
691 591 764 614 amat
777 591 805 614 et
824 586 968 621 amplecti-

178 641 232 662 tur.
248 635 326 669 Quod
337 639 427 662 autem
443 635 469 661 vi
487 634 633 668 comingit,
647 637 752 660 motum
774 640 790 659 a
805 632 897 667 seipso
913 639 968 658 non

179 681 264 708 habet
281 689 288 708 :
304 680 377 715 quod
397 685 490 708 autent
510 679 628 715 propriae
651 683 755 706 naturas
777 681 923 714 repugnat,
941 682 969 705 et

178 727 290 754 aliunde
307 731 441 758 movetur,
457 727 564 753 firmum
581 732 635 752 non
651 730 708 758 est;
723 729 751 752 et
770 725 842 759 quod
860 724 968 751 firmum

180 781 233 800 non
260 778 310 805 est,
330 780 379 800 nec
402 772 486 800 etiam
508 772 606 799 stabile
633 774 696 799 erit.
716 771 854 806 Evangelii
876 777 968 797 autem

181 819 223 845 lcx
238 822 266 845 et
290 818 366 844 firma
387 822 440 849 est,
455 822 481 844 et
503 817 621 848 stabilis,
641 821 754 852 propter
771 815 875 850 proprii
898 815 970 850 juris

1019 223 1128 254 κείνους
1144 223 1265 257 φρονεῖν,
1281 223 1328 249 καὶ
1344 222 1416 249 οὓτω
1426 222 1514 258 ψεύδῃ
1544 223 1669 258 ἀρχηγὸν
1691 226 1805 251 σεαυτὸν

1019 268 1177 296 ἀποκαλῶν.
1197 269 1252 295 Καὶ
1262 269 1316 304 γὰρ
1333 268 1363 296 οὐ
1384 269 1497 296 δύναται
1509 269 1585 305 πηγὴ
1608 270 1641 296 ἐκ
1661 271 1711 306 τῆς
1721 271 1807 306 αὐτῆς

1020 315 1070 341 καὶ
1100 315 1166 349 μιᾶς
1183 314 1254 348 ὀπῆς
1270 313 1379 349 βλύζειν
1399 314 1474 348 νᾶμα
1497 314 1584 348 γλυκὺ
1614 316 1661 342 καὶ
1695 318 1806 351 πικρὸν.

1021 360 1081 394 ἦτοι
1101 359 1200 394 ψεῦδος
1220 360 1267 386 καὶ
1278 359 1419 393 ἀλήθειαν.
1435 360 1506 386 Ἀλλ’
1518 361 1587 396 ὅπερ
1602 361 1683 393 αὐτὸς
1699 362 1807 396 ἀγνοῶν

1020 404 1209 441 καταγγέλλῃ,
1226 404 1306 432 τοῦτό
1325 406 1400 432 ἐστιν
1416 405 1433 440 ἠ
1451 405 1579 441 ἀλήθεια,
1603 406 1644 432 ὅτι
1666 407 1683 442 ἡ
1714 407 1808 438 πίστις

1022 451 1073 478 οὐκ
1085 450 1144 477 ἔστι
1158 449 1208 482 τῆς
1221 450 1281 485 βίας
1298 449 1346 477 καὶ
1361 450 1412 484 τῆς
1422 451 1556 486 ἀνάγκης,
1567 451 1635 479 ἀλλὰ
1646 453 1695 486 τῆς
1710 461 1810 487 προαι-

1023 497 1125 532 ρέσεως
1144 496 1193 523 καὶ
1207 496 1353 530 θελήσεως.
1368 496 1408 522 Τὰ
1425 497 1461 530 τὰ
1467 504 1483 531 ρ
1513 497 1660 532 σωματικά
1683 497 1809 532 δέχονται

1020 542 1051 568 τὸ
1065 542 1161 577 βίαιον,
1174 542 1210 569 τὰ
1224 538 1252 568 δὲ
1263 541 1369 577 ψυχικά
1381 542 1430 576 οὐχ
1449 541 1547 574 οὕτως.
1566 542 1637 569 Ἀλλ’
1651 542 1689 574 ὡς
1712 542 1810 575 αὐτεξ-

1021 587 1111 618 ούσιος
1135 587 1182 614 καὶ
1208 587 1338 622 ἐλευθέρα
1361 588 1379 622 ἠ
1411 587 1494 622 ψυχὴ,
1517 589 1586 624 ὅπερ
1611 588 1735 616 πιστεύει
1761 589 1809 615 καὶ

1024 633 1162 669 βούλεται,
1190 632 1269 660 τοῦτο
1301 633 1347 660 καὶ
1377 634 1488 668 στέργει
1509 635 1556 668 καὶ
1578 634 1694 670 δέχεται.
1721 635 1759 660 Τὸ
1781 635 1810 661 δὲ

1024 680 1093 714 μετὰ
1112 678 1173 712 βίας
1187 679 1350 713 γιγνόμενον
1363 679 1414 705 οὐκ
1435 679 1492 714 ἔχει
1509 680 1555 714 ἀφ’
1567 680 1668 708 ἑαυτοῦ
1697 680 1748 716 τὴν
1764 681 1808 708 κί-

1023 735 1111 760 νησιν,
1130 726 1189 761 ἦτοι
1210 726 1287 761 παρὰ
1300 726 1352 760 τὴν
1380 725 1450 752 ιδίαν
1475 726 1573 759 φύσιν·
1592 727 1641 753 καὶ
1660 727 1690 753 τὸ
1710 727 1812 762 ἑτέρω-

1023 773 1069 799 θεν
1086 771 1250 806 κινούμενον
1265 771 1314 798 οὐκ
1336 771 1393 806 ἔχει
1426 772 1457 799 τὸ
1484 772 1593 807 βέϐαιον
1610 780 1618 789 ο
1635 773 1684 799 καὶ
1713 773 1745 799 τὺ
1773 772 1813 807 μὴ

1024 817 1084 852 ἔχον
1098 817 1129 843 τι
1143 817 1253 852 βέϐαιον
1270 818 1321 843 οὐκ
1337 817 1394 852 ἔχει
1413 818 1441 843 τὸ
1464 819 1592 853 μόνιμον.
1618 817 1689 846 Ἀλλ’
1718 818 1733 844 ό
1760 819 1812 853 μὲν

181 866 354 898 potestatem,
365 866 392 889 et
407 862 493 897 ipsius
504 863 672 889 voluntatem
683 860 792 888 animm.
807 869 815 885 ι
829 860 880 892 Qui
899 859 972 886 enim

1030 863 1070 889 τοῦ
1084 862 1253 896 Εὐαγγελίου
1270 862 1352 896 νόμος
1366 862 1424 897 ἔχει
1450 862 1480 889 τὸ
1506 863 1616 898 βέϐαιόν
1636 872 1666 890 τε
1691 863 1738 890 καὶ
1762 865 1813 897 μό-

182 912 282 942 potest,
300 907 390 942 inquit
409 907 547 937 Christus.
564 914 674 941 capere,
691 906 780 941 capiat
795 905 826 932 ".
849 915 858 931 ι
876 904 971 932 Multo-

183 953 263 980 metis
277 953 320 980 lex
340 960 389 980 nec
404 952 481 980 firma
501 957 554 985 est,
571 960 623 980 nec
637 952 756 984 stabilis,
779 959 813 978 eo
836 950 908 986 quod
923 958 972 985 per

182 1000 302 1035 gladium
326 1005 354 1028 et
379 1001 433 1027 vim
456 1000 685 1032 administretur;
705 999 769 1026 licet
792 999 839 1026 Dei
858 998 972 1034 judiciis

184 1048 268 1082 hujus
282 1046 409 1081 impietas
423 1045 548 1078 dilatata,
566 1049 594 1073 et
613 1045 720 1072 viribus
738 1048 819 1072 aucta
842 1044 887 1071 sit.
915 1043 969 1070 Sed

181 1096 316 1127 quantum
331 1099 347 1118 a
365 1091 435 1119 coelo
459 1095 531 1118 terra
548 1090 643 1123 distat,
668 1093 774 1117 tantum
794 1088 842 1116 Dei
859 1087 973 1116 consilia

182 1137 217 1165 ab
229 1136 358 1164 humanis
373 1135 516 1168 differunt,
531 1140 559 1163 et
581 1135 656 1163 illius
673 1134 855 1169 cogitationes
870 1132 904 1160 ab
920 1133 974 1159 hu-

184 1181 274 1208 manis
286 1179 513 1216 cogitationibus,
527 1178 762 1214 quemadmodum
777 1182 805 1205 et
820 1177 879 1211 ipse
902 1177 974 1205 Deus

184 1235 234 1262 per
249 1226 346 1254 Isaiam
370 1225 532 1261 prophetam
555 1224 701 1252 manifeste
726 1223 890 1251 declaravit.
907 1222 974 1250 Pro-

185 1275 279 1306 pterea
292 1278 342 1298 nos
369 1277 479 1305 quoque
508 1277 570 1297 cum
588 1269 674 1296 Paulo
688 1268 817 1302 tbeologo
833 1267 951 1295 dicimus
965 1275 973 1295 :

189 1327 198 1342 ι
216 1316 238 1343 Ο
262 1315 478 1351 profunditatem
498 1314 656 1342 divitiarum
678 1313 822 1348 sapientiae
840 1317 869 1340 et
882 1312 976 1348 cogni-

187 1361 270 1390 tionis
287 1360 332 1388 Dei
350 1369 358 1389 :
377 1367 459 1396 quam
475 1359 639 1406 abscondita,
670 1363 735 1406 sunt
765 1358 868 1406 judicia
890 1357 974 1406 illius,

187 1413 216 1435 et
240 1415 296 1435 non
314 1406 524 1441 investigabiles
542 1406 594 1433 via
618 1403 696 1442 éjusl
719 1404 786 1438 Quis
800 1404 874 1432 enim
899 1403 976 1431 novit

190 1457 308 1480 mentem
322 1451 456 1480 Domini?
477 1456 525 1478 aut
544 1451 606 1486 quis
618 1451 658 1479 illi
674 1451 727 1478 fuit
738 1459 753 1478 a
769 1450 893 1478 consiliis
908 1450 944 1476 ιη
964 1459 975 1476 ι

190 1499 272 1527 Novit
292 1499 366 1526 enim
390 1498 525 1526 Dominus
541 1498 602 1533 pios
620 1497 769 1529 custodire,
788 1497 897 1532 iniquos
912 1503 977 1523 vero

1024 917 1104 943 νιμον
1126 908 1171 934 διὰ
1185 908 1216 934 τὺ
1230 907 1410 940 αὐτεξούσιον
1431 908 1478 935 καὶ
1500 909 1550 943 τὴν
1576 908 1630 935 ἀπὸ
1646 910 1695 943 τῆς
1721 907 1813 943 ψυχῆς

1025 954 1135 988 θέλησιν
1151 961 1158 969 ·
1178 962 1187 979 ι
1209 954 1238 979 '0
1262 953 1412 988 δυνάμενος
1437 953 1512 988 γὰρ,
1548 954 1631 989 φησὶν
1655 955 1669 980 ὸ
1697 954 1812 989 Κύριος,

1023 1000 1123 1034 χωρεῖν
1150 999 1284 1033 χωρείτω.
1307 1007 1317 1024 ι
1341 999 1371 1025 '0
1384 998 1414 1025 δὲ
1431 998 1479 1025 τοῦ
1507 998 1630 1034 Μωάμεθ
1647 999 1730 1034 νόμος
1762 1000 1815 1026 οὐκ

1026 1044 1082 1079 ἔχει
1100 1043 1132 1070 τδ
1146 1043 1257 1079 βέϐαιον
1270 1043 1319 1071 καὶ
1332 1043 1458 1079 μόνιμον,
1485 1044 1530 1071 διὰ
1562 1043 1593 1070 τὺ
1625 1045 1695 1079 μετὰ
1720 1044 1815 1078 ξίφους

1026 1089 1074 1116 καὶ
1102 1089 1153 1116 σὺν
1168 1088 1216 1124 βίᾳ
1243 1085 1438 1117 πολιτεύεσθαὶ
1460 1089 1568 1122 τοῦτον,
1595 1090 1648 1116 κᾶν
1678 1090 1726 1117 καὶ
1756 1090 1816 1125 χρί-

1029 1142 1121 1169 μασιν.
1134 1132 1176 1167 οἷς
1190 1133 1245 1162 οῐδε
1273 1135 1350 1167 Θεὸς,
1374 1135 1422 1162 καὶ
1452 1135 1608 1171 ὲπλατύνθη
1622 1136 1671 1162 καὶ
1695 1135 1816 1170 ἐπεκρά-

1027 1181 1143 1216 τησενὴ
1172 1180 1268 1207 τούτου
1297 1180 1422 1208 ἀσέϐεια.
1458 1181 1529 1208 Ἀλλ’
1559 1181 1656 1217 ὥσπερ
1682 1181 1781 1216 ἀπέχει
1802 1182 1816 1207 ό

1028 1227 1144 1261 οὐρανὸς
1158 1227 1213 1252 ἀπὸ
1228 1226 1278 1260 τῆς
1306 1226 1369 1261 γῆς,
1392 1225 1479 1259 οὕτως
1501 1226 1652 1262 ἀπέχουσιν
1680 1227 1708 1254 σί
1720 1227 1817 1262 βουλαὶ

1029 1271 1077 1298 τοῦ
1095 1271 1163 1298 Θεοῦ
1180 1272 1234 1298 ἀπὺ
1249 1271 1304 1298 τῶν
1321 1271 1512 1306 ἀνθρωπίνων,
1526 1273 1573 1299 καὶ
1591 1272 1628 1299 τά
1647 1272 1744 1299 τούτου
1758 1272 1819 1299 διας

1030 1317 1156 1350 νοήματα
1179 1316 1234 1343 ἀπὺ
1264 1317 1320 1343 τῶν
1346 1317 1526 1352 ἀνθρωπίνων
1554 1317 1686 1350 ὡσαύτως
1711 1318 1819 1353 διανοη-

1031 1361 1137 1396 μάτων,
1170 1361 1262 1393 καθὼς
1293 1362 1376 1393 αὐτὸς
1402 1362 1417 1388 ὁ
1438 1361 1505 1394 Θεὸς
1528 1361 1573 1388 διὰ
1597 1362 1645 1389 τοῦ
1674 1363 1818 1398 προφήτου

1035 1406 1150 1434 Ἡσαΐου
1166 1407 1273 1441 τρανῶς
1293 1407 1454 1442 διεσάφησε.
1471 1408 1520 1434 Διὰ
1544 1408 1624 1435 τοῦτο
1639 1408 1689 1436 σὺν
1701 1409 1741 1445 τῷ
1755 1409 1820 1444 θεη-

1030 1451 1104 1487 γόρερ
1126 1452 1226 1487 Παύλῳ
1243 1453 1291 1479 καὶ
1306 1453 1386 1488 ἡμεῖς
1411 1453 1543 1488 εἴπωμεν,
1561 1461 1571 1479 ι
1593 1451 1628 1480 '0
1642 1454 1725 1489 βάθος
1738 1455 1822 1482 πλού-

1031 1506 1078 1523 του
1093 1498 1141 1524 καὶ⁵
1160 1498 1255 1533 σοφίας
1267 1499 1315 1524 καὶ
1330 1498 1458 1532 γνώσεως
1472 1498 1551 1533 Θεοῦ,
1564 1498 1602 1531 ὡς
1618 1500 1820 1536 ἀνεξερεύνητα

190 1550 302 1572 scrvare
317 1542 352 1570 ad
368 1543 441 1571 diem
453 1542 563 1578 judicii,
577 1543 733 1578 puniendos
752 1542 814 1577 igne
831 1543 976 1576 sempiter-

1032 1542 1066 1570 τὰ
1079 1544 1201 1578 κρίματα
1217 1544 1313 1577 αὐτοῦ,
1327 1544 1375 1570 καὶ
1391 1543 1591 1579 ἀνεξιχνίαστοι
1606 1546 1634 1572 at
1650 1546 1705 1573 ὁδοὶ
1722 1547 1819 1574 αὐτοῦ.

189 1596 236 1616 no.
251 1587 311 1615 Lux
328 1588 403 1615 enim
419 1588 568 1623 impiorum
581 1587 775 1623 exstinguitur.
796 1588 911 1621 Insuper
926 1587 978 1613 hoc

189 1635 258 1663 dicit
280 1634 421 1662 Mahomct
444 1635 537 1668 :.Non
562 1636 627 1662 veni
651 1635 739 1670 legem
767 1634 979 1662 confirmaturus

191 1681 342 1713 miraculis,
354 1680 401 1708 sed
418 1688 467 1715 per
482 1680 612 1715 gladium.
628 1680 663 1707 Et
675 1681 727 1707 hoc
737 1687 801 1707 vero
817 1679 887 1706 dixit
903 1687 910 1712 ;
929 1680 980 1706 mi-

191 1727 348 1754 raculorum
362 1725 436 1753 enim
449 1726 549 1758 virtus,
564 1726 721 1753 divinorum
736 1730 779 1753 est
789 1733 936 1752 munerum
950 1729 980 1752 et

191 1772 298 1799 dotum.
316 1772 349 1799 Et
365 1779 492 1806 quaenam
506 1771 571 1799 boni
584 1779 646 1798 cum
669 1771 741 1798 malo
755 1775 798 1798 est
810 1770 981 1798 communio?

191 1818 272 1845 Nulla
283 1817 407 1844 omnino.
421 1817 474 1845 Sed
490 1816 723 1852 quemadmodum
735 1817 836 1843 malum
851 1820 980 1850 tanquam

191 1869 281 1895 uon.a
301 1861 356 1888 Deo
380 1861 495 1893 factum,
511 1868 566 1887 non
589 1860 703 1895 proprie
729 1867 779 1894 per
796 1867 826 1886 se
841 1859 981 1891 subsistit,

192 1912 241 1940 sed
257 1916 369 1947 propter
393 1911 459 1938 boni
480 1910 622 1937 interitum
635 1914 664 1937 et
687 1909 837 1941 defectum,
854 1914 982 1943 tanquam

193 1964 242 1991 per
258 1955 388 1983 accidcns
413 1955 440 1981 in
457 1954 492 1981 iis
507 1953 607 1989 quibus
629 1952 766 1987 contingit
789 1953 958 1987 perspicitur
974 1961 982 1980 :

196 2003 233 2028 ita
251 2001 320 2028 mibi
344 2000 379 2028 de
406 1999 571 2027 Mabometis
590 1998 714 2025 doctrina
736 1998 838 2025 factum
863 1997 984 2031 videtur,

193 2046 268 2079 quod
294 2044 409 2072 interitu
426 2047 454 2070 ct
467 2042 578 2070 defectu
595 2050 722 2070 verorum
748 2041 796 2069 Dei
815 2041 984 2076 dogmatum.

193 2097 244 2124 per
260 2088 388 2116 accidens
403 2095 473 2115 nova
493 2091 522 2114 et
536 2086 681 2122 peregrina
705 2086 748 2113 lex
764 2086 899 2120 eruperit,
917 2086 985 2121 quin

193 2133 289 2168 potius
309 2140 323 2159 a
338 2133 455 2161 veritate
472 2135 500 2159 ct
510 2131 566 2158 Deo
581 2130 681 2159 aliena.
693 2129 832 2163 Quantum
845 2130 918 2158 enim
935 2131 986 2159 hoc

194 2183 300 2209 malum
322 2186 376 2214 est,
396 2185 471 2208 tanta
491 2180 575 2208 etiam
598 2184 641 2208 est
656 2179 826 2212 absurditas,
838 2184 866 2207 et
881 2180 986 2208 inordi-

193 2231 259 2254 nata
276 2233 366 2253 rerum
388 2224 526 2252 confusio.
539 2224 776 2257 Quemadmodum
794 2224 868 2252 enim
881 2225 982 2252 malum

195 2276 309 2308 propter
323 2271 388 2299 boni
404 2270 543 2299 deiectum
558 2275 682 2306 apparet,
699 2270 788 2305 ipsum
808 2278 874 2298 vero
886 2278 936 2305 per
956 2278 987 2299 se

195 2317 351 2346 substantia
387 2321 463 2345 caret
486 2326 492 2344 :
518 2321 547 2344 ct
579 2316 692 2344 morbus
713 2320 826 2351 propter
849 2316 985 2350 sanitatis,

196 2363 381 2398 confusioque
409 2367 522 2397 propter
541 2362 648 2389 ordinis
669 2361 808 2389 defectum
835 2362 985 2394 enascitur,

197 2409 241 2435 sic
258 2412 284 2434 et
305 2407 468 2434 Mahometis
484 2406 528 2433 lex
547 2411 659 2441 propter
675 2413 746 2433 vera:
758 2405 828 2441 legis
847 2405 986 2432 defectum

199 2459 251 2486 per
266 2451 396 2479 accidens
410 2455 491 2478 enata
515 2451 697 2486 conspicitur,
713 2455 817 2478 rectum
841 2450 983 2482 simulans,

197 2504 264 2525 cum
279 2496 336 2530 ipsa
353 2504 402 2531 per
414 2504 444 2524 se
467 2504 542 2524 mera
558 2496 594 2524 sit
620 2497 777 2524 absurditas
799 2501 826 2524 et
849 2496 986 2529 confusio,

198 2541 354 2576 animmque
376 2542 500 2575 morbus,
522 2543 577 2570 imo
593 2549 679 2570 mors.
700 2541 819 2569 Tantum
841 2541 915 2568 enim
931 2541 987 2568 Ma-

199 2586 322 2613 bometis
343 2585 385 2612 ch
405 2585 472 2613 boni
490 2586 629 2620 particeps
644 2589 699 2618 est,
726 2585 753 2612 iu
773 2589 908 2620 quantum
925 2585 988 2619 quis

199 2631 255 2659 sibi
276 2631 439 2658 bent-facere
463 2631 584 2659 videtur.
609 2631 708 2658 Nullus
730 2624 804 2658 enim
831 2631 988 2662 malum,ut

199 2676 294 2711 rcipsa
311 2679 364 2708 est,
380 2676 565 2711 conspiciens,
580 2683 612 2703 ea
626 2683 686 2711 quae
700 2675 860 2707 committit,
875 2675 988 2703 faceret.

201 2720 288 2749 Suam
317 2721 400 2756 igitur
424 2721 513 2756 ipsius
535 2720 724 2748 infirmitatem
745 2724 917 2755 perspectam
944 2720 989 2746 ha-

242 2813 264 2831 "
284 2812 381 2841 Matth.
402 2820 462 2847 aut,
484 2812 528 2840 12.
568 2811 591 2829 ⁸⁵
614 2811 694 2839 Rom.
716 2817 755 2845 ιι,
773 2809 818 2844 53,
838 2808 882 2838 ω.

1029 1587 1077 1618 Τίς
1097 1588 1151 1622 γὰρ
1163 1587 1235 1621 ἔγνω
1252 1587 1315 1614 νοῦν
1342 1588 1458 1623 Κυρίου,
1476 1589 1492 1623 ἢ
1511 1588 1553 1620 τίς
1564 1589 1716 1624 σύμϐουλος
1733 1590 1820 1618 αὐτοῦ

1030 1633 1153 1666 ὲγένετο;
1170 1643 1180 1659 ι
1191 1631 1251 1659 Οἵδε
1261 1634 1315 1669 γὰρ
1326 1634 1426 1669 Κύριος
1435 1634 1556 1667 εὐσεϐεῖς
1569 1635 1693 1669 ῥύεσθαι,
1702 1635 1822 1671 ἀνόμους

1030 1677 1058 1703 δὲ
1072 1678 1165 1711 τηρεῖν
1179 1677 1218 1708 εἰς
1244 1677 1354 1712 ἡμέραν
1370 1677 1499 1711 κρίσεως,
1525 1678 1726 1714 κολαζομένους
1754 1681 1821 1708 alu-

1031 1719 1078 1755 νίῳ
1094 1720 1169 1755 πυρί.
1185 1719 1244 1750 Φῶς
1266 1723 1321 1754 γὰρ
1338 1720 1445 1747 ἀσεϐῶν
1472 1720 1627 1750 σϐέννυται.
1655 1723 1716 1750 Ἔτι
1742 1723 1822 1750 τοῦτό

1032 1773 1114 1799 φησιν
1131 1764 1145 1790 ό
1159 1764 1293 1799 Μωάμεθ,
1310 1764 1348 1796 ὡς
1368 1765 1440 1799 Ἐγὼ
1454 1766 1505 1792 οὐκ
1514 1763 1598 1801 ἦλθον
1624 1767 1670 1794 τὸν
1688 1768 1770 1804 νόμον
1778 1769 1822 1796 διά

1033 1809 1179 1843 θαυμάτων
1197 1809 1396 1839 πιστώσασθαι.
1413 1809 1482 1837 ἀλλὰ
1499 1811 1544 1838 διὰ
1557 1810 1661 1845 ξίφους.
1679 1813 1734 1840 Καὶ
1742 1813 1822 1840 τοῦτο

1033 1854 1141 1889 ἀληθῶς
1160 1854 1281 1890 εἴρηκεν.
1302 1855 1335 1881 Ἡ
1349 1855 1403 1891 γὰρ
1417 1855 1472 1883 τῶν
1489 1856 1636 1891 θαυμάτων
1651 1857 1776 1893 ἐνέργεια
1793 1859 1823 1886 ἓν

1033 1899 1092 1925 ἐστι
1108 1899 1162 1926 τῶν
1176 1899 1223 1926 τοῦ
1249 1900 1317 1927 Θεοῦ
1349 1902 1527 1936 χαρισμάτων
1547 1902 1595 1928 καὶ
1616 1902 1739 1938 δωρεῶν.
1769 1903 1824 1930 Καὶ

1035 1944 1076 1975 τίς
1103 1945 1229 1971 κοινωνία
1259 1945 1346 1973 κακοῦ
1362 1955 1392 1972 τε
1410 1947 1458 1974 καὶ
1470 1946 1595 1981 ἀγαθοῦς
1616 1947 1728 1980 Πάντως
1745 1949 1824 1976 066:-

1035 1988 1100 2026 μία.
1123 1989 1195 2017 Ἀλλ’
1215 1990 1311 2026 ὥσπερ
1325 1991 1355 2017 τδ
1365 1992 1449 2018 κακὸν
1465 1992 1503 2024 ὡς
1528 1992 1567 2028 μὴ
1581 1993 1658 2029 παρὰ
1679 1993 1728 2020 τοῦ
1753 1993 1823 2021 Θεοῦ

1037 2034 1150 2068 γεγονὸς
1163 2034 1213 2061 οὐκ
1227 2034 1285 2070 εχει
1315 2035 1384 2062 ίδίαν
1406 2036 1566 2069 ὑπόστασιν,
1589 2038 1658 2065 ἀλλά
1685 2039 1761 2074 παρά
1788 2040 1823 2075 τῇ

1036 2079 1197 2106 ἀποπτώσει
1214 2080 1261 2107 καὶ
1276 2080 1394 2115 ἐλλείψει
1412 2080 1459 2107 τοῦ
1489 2081 1593 2115 ἀγαθοῦ
1621 2083 1693 2110 κατὰ
1721 2083 1824 2118 συμϐε-

1037 2125 1122 2160 ϐηκὸς
1144 2125 1288 2161 θεωρεῖται
1306 2127 1336 2153 ιν
1358 2124 1399 2159 οἷς
1410 2126 1444 2154 ἂν
1458 2127 1583 2161 γένηται,
1595 2127 1667 2155 οὕτω
1698 2137 1745 2164 μοι
1768 2129 1824 2156 νόει

1037 2171 1084 2198 καὶ
1103 2172 1150 2198 ἐπὶ
1163 2172 1220 2204 τοῖς
1237 2172 1284 2199 τοῦ
1310 2172 1435 2207 Μωάμεθ
1456 2173 1602 2207 δόγμασιν,
1626 2173 1664 2205 ὡς
1697 2175 1730 2209 τῇ
1757 2176 1825 2202 ἀπο-

1038 2217 1138 2245 πτώσει
1153 2219 1201 2244 καὶ
1213 2217 1332 2252 ἐλλείψει
1344 2218 1398 2245 τῶν
1410 2218 1457 2244 τοῦ
1475 2218 1541 2245 Θεοῦ
1551 2219 1659 2254 ἀληθῶν
1670 2220 1824 2255 δογμάτων,

1039 2263 1110 2290 κατά
1131 2263 1304 2299 συμϐεϐηκὸς
1318 2263 1497 2297 ἀναφαίνεται
1510 2271 1551 2294 τις
1566 2263 1642 2296 ξένος
1672 2264 1721 2291 καὶ
1747 2263 1826 2291 ἁλλό-

1040 2318 1118 2342 κοτος
1133 2310 1227 2344 νόμος,
1244 2309 1345 2342 μᾶλλον
1357 2309 1386 2336 δὲ
1411 2309 1553 2344 ἀλλότριος
1577 2310 1664 2344 πάντη
1681 2310 1732 2344 τῆς
1757 2310 1826 2345 ἀληο

1040 2354 1115 2386 θείας
1131 2355 1180 2381 καὶ
1207 2354 1255 2381 τοῦ
1270 2353 1351 2381 Θεοῦ.
1368 2353 1491 2381 Καθόσον
1514 2354 1569 2389 γάρ
1592 2354 1650 2381 ἐστι
1674 2354 1703 2381 τὸ
1727 2356 1824 2388 καχδν,

1039 2401 1111 2427 κατά
1124 2396 1252 2427 τοσοῦτόν
1263 2401 1338 2428 ἐστιν
1351 2401 1448 2435 ἀλογία
1465 2401 1513 2428 καὶ
1528 2400 1636 2434 ἀταξία.
1651 2401 1756 2436 Ὥσπερ
1771 2402 1826 2437 γὰρ

1039 2446 1070 2473 zz.
1085 2446 1169 2473 κακὸν
1186 2446 1263 2481 παρά
1277 2447 1327 2482 τὴν
1341 2446 1492 2473 ἀπόστασιν
1509 2446 1555 2473 τοῦ
1568 2445 1673 2480 ἀγαθοῦ
1689 2447 1825 2480 φαίνεται,

1041 2492 1108 2518 αὑτδ
1121 2491 1226 2527 δὲκαθ’
1242 2492 1308 2518 αὐτὸ
1320 2493 1371 2518 οὐκ
1386 2492 1444 2527 ἔχει
1467 2492 1616 2519 ὑπόστασίν
1637 2501 1709 2525 τινα,
1741 2496 1786 2519 καὶ
1811 2494 1828 2528 ἡ

1043 2537 1119 2569 νόσος
1137 2537 1211 2572 παρά
1229 2537 1278 2570 τὴν
1298 2537 1348 2570 τῆς
1375 2537 1491 2571 ὑγιείας,
1522 2537 1569 2563 καὶ
1587 2538 1603 2571 ἡ
1629 2536 1728 2568 ἀταξία
1751 2538 1830 2572 παρά
1870 2532 1879 2541 ’

1038 2585 1088 2616 τὴν
1106 2583 1155 2617 τῆς
1172 2583 1286 2616 τάξεως,
1306 2581 1377 2609 οὕτω
1388 2583 1456 2609 καὶὸ
1465 2582 1511 2609 τοῦ
1525 2581 1646 2617 Μωάμεθ
1658 2582 1740 2617 νόμος
1752 2583 1830 2618 παρά

1039 2627 1088 2662 τὴν
1107 2628 1154 2654 τοῦ
1173 2627 1290 2663 ἀληθοῦς
1305 2628 1390 2662 νόμου
1406 2627 1480 2654 κατά
1493 2627 1668 2662 συμϐεϐηκὸς
1683 2627 1829 2661 θεωρεῖται

1041 2672 1258 2708 ὑποκρινόμενος
1280 2672 1311 2699 τὸ
1331 2673 1424 2707 ὀρθόν.
1453 2674 1539 2704 Αὐτὸς
1553 2673 1583 2700 δὲ
1596 2673 1658 2700 καθ’
1672 2673 1755 2699 αὐτὸν
1765 2673 1828 2704 ὅλος

1040 2718 1115 2745 ἔστιν
1131 2719 1227 2754 ἀλογία
1239 2719 1285 2746 καὶ
1299 2719 1408 2753 ἀταξία,
1419 2720 1465 2748 καὶ
1476 2719 1553 2751 νόσος
1567 2711 1668 2755 ψυχῆς,
1678 2719 1781 2754 μᾶλλον
1798 2720 1828 2745 δὲ
