1949 3093
119 108 168 142 613

613 111 764 142 CONTRA
788 109 1033 141 MAHOMETEM
1051 109 1192 140 ORATIO
1214 111 1236 141 Ι.

1677 113 1730 146 6H

120 167 240 201 θάνατος.
252 168 330 196 Κατὰ
341 167 467 195 τοσοῦτον
482 169 528 196 καὶ
541 168 595 204 γὰρ
607 169 717 204 μετέχει
733 169 747 196 ὁ
757 169 804 195 τοῦ
817 168 900 195 Murd-

952 168 1028 200 bens,
1046 167 1216 195 mendacium
1235 169 1367 201 assumit;
1384 169 1493 197 simulat
1506 174 1596 198 autem
1608 169 1728 198 divinam

122 214 168 248 μεθ
184 214 265 249 νόμος
276 213 322 240 τοῦ
337 213 450 248 ἀγαθοῦ,
466 214 580 241 καθόσον
602 214 691 241 δοκεῖν
710 213 790 249 μόνον
808 213 898 246 καλῶς

122 260 217 286 ποιεῖν.
233 259 330 291 οὐδεὶς
343 259 398 294 γὰρ
409 260 449 291 είς
465 259 552 287 κακὺν
567 259 730 287 ἀποϐλέπων
744 261 817 287 ποιεῖ
826 259 899 295 ἅπερ

121 303 166 329 καὶ
178 303 262 329 ποιεῖ.
279 303 459 338 Κατανοήσας
474 303 566 330 τοίνυν
575 303 626 339 τὴν
638 303 737 330 ἑαυτοῦ
745 304 898 336 ἀσθένειαν,

121 348 266 375 ὑποδύεται
280 348 333 383 μὲν
344 349 375 374 τδ
388 347 496 382 ψεῦδος,
512 349 691 384 ὑποκρίνεται
705 349 735 376 δὲ
760 349 833 376 θεῖον
854 347 899 376 νό-

122 401 170 428 μον
191 391 308 420 εἶναιτὰ
327 386 392 429 παρ⁴
406 393 489 420 αὑτοῦ
519 395 678 429 δεδογμένα.
699 394 775 421 Ἐπεὶ
790 394 820 421 δὲ
849 395 899 422 οὐκ

121 435 175 473 εἶχε
189 438 238 474 τὴν
254 439 298 466 διὰ
310 439 458 474 θαυμάτων
476 440 553 474 παρὰ
571 439 640 467 Θεοῦ
669 440 834 476 μαρτυρίαν,
861 439 900 472 ὼς

121 485 237 519 εἴρηται,
253 485 301 511 καὶ
315 484 342 511 τί
357 484 429 519 λέγω
443 485 492 520 τὴν
509 485 563 512 τῶν
580 485 744 520 θαυμάτωνς
766 486 832 513 Ἀπὸ
844 485 898 521 γὰρ

122 530 173 556 τῶν
191 529 371 565 χαρισμάτων
387 530 436 556 καὶ
457 530 577 566 δωρεῶν,
602 528 640 558 ὧν
653 529 728 566 εἶχον
755 530 810 558 ἀπὸ
832 530 898 557 Θεοῦ

123 575 146 601 οῑ
169 575 324 608 ἀπόστολοι,
341 575 372 601 τὸ
391 574 505 609 ἔσχατον
529 576 638 603 πάντων
664 577 712 603 καὶ
745 576 899 603 τελευταῖον

124 619 140 653 ἡ
154 620 209 645 τῶν
223 618 356 654 γλωσσῶν
371 627 484 653 γνωσις,
508 622 556 648 καὶ
580 620 661 655 ἔσχον
682 622 730 648 καὶ
745 621 848 655 ταύτην
862 621 899 653 ὡς

122 662 276 689 διδάσκαλοι
291 663 340 697 τῆς
356 664 529 699 οἰκουμένης,
540 665 582 690 ἵνα
598 664 662 690 ἔνθα
672 663 706 691 ἂν
719 664 899 698 πορεύωνται,

122 708 277 742 γινώσκωσι
292 707 342 743 τὴν
355 707 402 742 τοῦ
427 708 520 739 ἔθνους
550 708 689 735 διάλεκτον
715 709 786 735 κατὰ
810 710 900 737 πᾶσαν

121 752 273 790 ἀκρίϐειαν.
286 753 318 780 El
345 753 400 789 γὰρ
412 754 462 780 οὐκ
481 753 628 788 ἐγίνωσκον
636 754 674 781 τὰ
695 754 838 789 λεγόμενα,
865 752 900 790 ἦν

122 798 212 828 αὐτοῖς
226 799 321 833 χρῆσις
338 799 480 834 ἑρμηνέων
498 798 636 834 διαφόρων
660 800 699 831 εις
717 799 831 834 δήλωσιν
846 799 899 826 τῶν

123 843 188 877 παρ’
204 843 367 879 ἀμφοτέρων
392 844 545 878 λεγομένων
567 852 575 860 ο
599 844 658 876 πῶς
679 841 756 876 οὗτος
775 844 900 879 ὀνομάζει

123 888 216 915 ἑαυτὸν
232 888 385 921 καθολικδν,
403 889 450 916 καὶ
464 889 566 922 παντὸς
578 889 625 917 τοῦ
646 890 748 925 κόσμου
775 891 901 918 διδάσκα-

122 934 178 968 λον,
201 934 230 965 ὃς
242 935 272 960 οὐ
289 935 421 970 μετέσχεν
434 934 467 961 έκ
478 935 588 962 πάντων
608 935 639 962 τὸ
667 935 780 970 ἔσχατον
795 945 802 968 ;
818 935 900 967 Αὐτὸς

121 979 175 1013 γάρ
191 986 258 1013 φησι
275 978 339 1013 περὶ
352 977 460 1010 ἑαυτοῦ,
475 978 512 1009 ib;
527 979 557 1005 ού
571 979 698 1013 γινώσκει
710 979 806 1013 ἑτέραν
823 979 900 1014 ἢτὴν

122 1023 176 1049 τῶν
197 1022 321 1058 ’Δράόων
335 1025 381 1050 καὶ
394 1023 479 1058 μόνην
489 1023 637 1057 διάλεκτον,
652 1023 722 1051 ὥστε
731 1025 778 1051 καὶ
791 1024 821 1050 τὸ
830 1024 900 1059 Κορ-

123 1069 173 1104 ea»;
183 1068 312 1104 ἀραδιστὶ
335 1069 401 1104 πρὸς
417 1069 501 1097 αὑτοῦ
527 1069 649 1105 ἐξεδόθη,
673 1069 712 1101 ὡς
727 1069 808 1101 αὐτὸς
822 1066 900 1100 οὗτος

123 1114 229 1149 τρανῶς
245 1114 418 1150 ὡμολόγησε.
430 1115 480 1142 Διὰ
492 1114 573 1142 τοῦτο
589 1115 637 1141 καὶ
663 1114 831 1150 καταφεύγει
859 1115 900 1146 είς

122 1157 172 1192 τὴν
189 1158 241 1185 τοῦ⁷
250 1158 341 1193 ξίφους
352 1158 457 1194 ποινὴν,
471 1158 531 1194 ἦτοι
545 1159 591 1185 τὸν
607 1158 700 1194 φόνον,
713 1158 760 1186 καὶ
776 1158 900 1189 εἰκότως.

122 1201 160 1242 ξθ
179 1202 233 1240 γὰρ
259 1202 354 1232 τούτου
375 1201 533 1235 διδάσκαλος
555 1203 603 1231 καὶ
627 1203 728 1238 πατὴρ,
760 1201 902 1238 ἀνθρωπο-

126 1251 219 1282 κτόνος
238 1247 272 1285 ἦν
287 1249 416 1285 έξαρχῆς,
427 1249 475 1276 καὶ
494 1249 524 1276 έν
550 1250 583 1284 τῇ
601 1247 715 1283 ἀληθείᾳ
729 1248 778 1283 ούχ
789 1247 899 1282 ἕστηκε.

125 1297 161 1323 Τδ
178 1296 231 1331 γὰρ
242 1294 369 1330 δαίμονος
381 1294 466 1322 κακδν
483 1294 514 1320 τὸ
532 1293 608 1329 παρὰ
623 1294 668 1320 τὸν
681 1292 824 1327 ἀγαθοειδῆ
839 1292 900 1319 νοῦν

125 1344 201 1369 ἔστιν
215 1339 284 1368 εἶναι
294 1349 301 1356 ·
316 1340 407 1375 ψυχῆς
417 1339 446 1366 δὲ
459 1339 490 1366 τὸ
516 1339 591 1375 παρὰ
618 1338 714 1373 λόγον·
732 1339 856 1372 σώματος
872 1339 900 1365 δὲ

123 1388 154 1414 τὸ
171 1386 247 1422 παρὰ
266 1385 357 1420 φύσιν.
373 1385 409 1412 ’Δ
437 1393 499 1412 τινα
516 1384 623 1420 τρανῶς
649 1384 841 1418 ἀναφαίνονται
872 1384 901 1410 tv

124 1433 180 1463 τοῖς
192 1431 238 1457 τοῦ
249 1430 372 1465 Μωάμεθ
394 1429 572 1465 διδάγμασιν.
599 1429 632 1455 Ἦ
656 1429 710 1464 γὰρ
733 1429 830 1463 ἀλογία
855 1430 901 1456 καὶ

124 1476 232 1509 ἀταξία,
263 1476 293 1503 τό
305 1484 335 1502 τε
352 1475 450 1511 ψεῦδος
474 1475 522 1502 καὶ
538 1475 556 1510 ἡ
577 1474 624 1501 τοῦ
638 1474 683 1501 νοῦ
713 1475 899 1510 ὲπισκότησις,

123 1521 273 1556 διαρρήδην
282 1519 458 1556 γινώσκεται.
485 1518 603 1554 Ἴδωμεν
626 1518 654 1545 δὲ
668 1518 727 1550 πῶς
743 1518 808 1553 παρ’
830 1519 902 1545 ὲκεί-

124 1575 175 1593 νου
193 1569 240 1593 καὶ
257 1566 287 1593 τδ
303 1566 378 1601 παρὰ
392 1564 473 1600 φύσιν
484 1564 650 1596 διδάσκεται,
664 1564 711 1591 καὶ
723 1564 820 1590 σκόπει
829 1565 903 1594 ὅπως

125 1612 211 1638 ἐστίν.
238 1610 268 1638 ’H
296 1611 376 1646 φύσις
395 1611 446 1637 οὐκ
470 1607 540 1637 οἶδεν
565 1609 632 1644 αὑτὴ
660 1609 760 1644 ἑαυτὴν
787 1609 901 1642 ἀνελεῖν,

124 1656 183 1683 ἁλλ’
199 1657 295 1690 ἄλογος
309 1656 359 1692 μὲν
380 1655 446 1682 οὖσα
457 1656 546 1683 πάντα
570 1655 641 1682 κατὰ
666 1654 745 1688 λόγον
763 1655 845 1681 ποιεῖ.
872 1654 903 1681 '0

124 1703 152 1728 δὲ
168 1702 290 1737 Μωάμιθ
315 1701 417 1734 οὑτοσὶ,
440 1702 512 1735 ἅπερ
529 1700 564 1727 τὰ
576 1700 661 1734 ἄλογα
684 1699 741 1732 ζῶα
757 1700 788 1726 ού
815 1699 903 1735 πράτο

123 1755 200 1773 τουσι
215 1747 266 1780 (τίς
281 1748 335 1782 γὰρ
355 1744 410 1773 εῐδε
427 1746 497 1779 ζῶον
512 1745 560 1773 τοῦ
578 1745 661 1772 αὐτοῦ
684 1745 732 1772 καὶ
752 1745 845 1780 ὁμοίου
856 1745 903 1779 γέ-

124 1799 186 1821 νους
203 1791 377 1825 ὰναιρετικόν
391 1790 410 1825 ;)
433 1790 480 1817 τὸν
513 1789 613 1824 ὁμοίως
637 1788 710 1823 αὐτῷ
738 1790 810 1824 χειρὶ
836 1788 903 1815 Θεοῦ

125 1836 281 1863 πλασθέντα
301 1835 447 1870 ἄνθρωπον
457 1833 576 1868 ἀφειδῶς
601 1834 725 1868 φονεύειν
738 1833 903 1868 maciam};

123 1882 236 1909 πάντων
262 1881 315 1908 τῶν
337 1880 440 1916 θηρίων
456 1879 670 1916 θηριωδέστερος
696 1880 821 1914 φαίνεται
856 1881 904 1907 καὶ

123 1926 322 1960 ἀπηνέστερος,
336 1924 374 1956 ὡς
385 1925 433 1951 καὶ
441 1924 494 1951 ἀπὸ
507 1923 554 1950 τοῦ
571 1923 759 1959 ῥηθησομένου
784 1924 903 1958 φανήσε-

123 1979 170 1997 ται
184 1969 388 2005 καθαρώτερον.
405 1968 520 2003 Λέγεται
542 1965 609 2003 παρ’
628 1967 735 2000 αὐτῶν,
748 1966 785 1999 ὡς
814 1975 905 2002 παρα.

123 2015 224 2052 χθῆναί
239 2023 304 2041 ποτε
326 2014 394 2049 πρὸς
406 2014 451 2041 τὸν
465 2013 546 2040 αὑτὸν
562 2012 686 2047 Μωὰμεθ
703 2012 746 2039 τὸν
767 2014 834 2048 πρὸς
853 2021 906 2039 πα-

123 2061 188 2095 τρὸς
204 2059 275 2086 θεῖον
287 2058 380 2092 αὐτοῦ,
395 2060 441 2086 καὶ
453 2059 525 2094 ιρεῖν
545 2057 637 2090 αὐτοῦ,
653 2057 686 2084 Τί
700 2066 746 2093 μοι
762 2058 900 2093 συμϐήσε-

122 2114 181 2139 ται,
197 2102 220 2131 ὦ
233 2104 385 2138 ἀδελφιδοῦ,
394 2105 471 2140 ειπερ
480 2104 530 2131 οὐκ
539 2103 716 2140 ἀκολουθήσω
728 2103 768 2138 τῷ
779 2097 904 2146 ὑμετέρῳ

948 213 1036 248 legem
1059 219 1130 245 esse,
1151 220 1212 248 qua:
1235 213 1269 240 ab
1293 214 1352 248 ipso
1378 215 1543 248 traduntur;
1562 217 1691 250 quoniam
1713 225 1728 243 a

948 257 1016 289 Deo,
1033 261 1062 284 ut
1086 257 1190 284 dictum
1213 261 1266 290 est,
1290 258 1482 285 miraculorum
1504 260 1658 286 testimonia
1674 268 1728 287 non

948 302 1077 330 habebat.
1104 302 1157 330 Sed
1182 303 1248 336 quid
1274 303 1308 331 de
1337 303 1532 331 miraculorum
1564 305 1730 332 testimoniis

948 346 1072 381 loquor?
1091 347 1131 373 Ex
1159 347 1333 374 charismatis
1355 347 1428 374 enim
1445 352 1472 374 et
1493 348 1613 380 dotibus,
1628 356 1695 383 quas
1714 359 1729 376 ιι

948 392 1005 419 Deo
1032 391 1169 419 habebant
1185 392 1312 426 apoStoli,
1338 393 1481 420 minimum
1502 398 1531 420 et
1557 398 1730 428 postrcmum

949 441 1010 464 erat
1032 437 1105 464 inter
1131 437 1232 468 omnia.
1257 437 1413 472 linguarum
1442 438 1579 473 cognitio;
1608 443 1636 466 ct
1660 439 1730 466 hanc

949 480 1059 517 quidem
1071 489 1121 509 ceu
1136 481 1261 509 doctores
1271 482 1345 510 orbis
1357 483 1504 515 habebant,
1517 488 1546 510 ut
1565 491 1730 518 quocunque

949 528 1201 563 proficiscerentur,
1235 528 1322 563 gentis
1354 529 1475 564 linguam
1503 534 1616 557 nossent
1647 536 1730 565 quam

949 574 1121 602 exactissime
1146 574 1209 609 (nisi
1228 575 1301 602 enim
1315 582 1374 609 qure
1395 575 1557 603 dicebantur
1581 576 1730 603 intellexis-

949 623 1021 651 sent,
1037 619 1121 646 variis
1144 627 1212 654 opus
1236 619 1332 647 fuisset
1357 621 1561 655 interpretibus,
1577 621 1610 648 ad
1635 629 1728 648 eorum

950 672 1011 699 quae
1022 665 1148 700 utrinque
1164 665 1326 693 dicebantur
1340 665 1574 700 declarationem).
1588 666 1728 699 Quomodo

951 710 1033 744 igitur
1048 709 1093 737 hic
1104 717 1132 737 se
1145 711 1308 737 catholicum
1321 715 1348 737 et
1361 711 1480 738 universi
1495 711 1569 738 orbis
1585 711 1726 739 ductorem

950 753 1084 784 nominat,
1106 752 1152 787 qui
1179 760 1212 780 ex
1236 753 1364 781 omnibus
1381 754 1461 781 donis
1484 761 1518 781 ne
1539 754 1653 782 minimo
1671 755 1732 789 qui-

950 794 1011 822 dem
1033 796 1184 823 instructus
1207 797 1268 824 est?
1283 797 1342 831 lpse
1364 797 1436 824 enim
1460 797 1494 825 de
1518 799 1610 832 seipso
1633 799 1733 834 inquit,

916 834 937 862 Β
952 839 1025 874 quod
1039 840 1119 867 aliam
1135 848 1217 875 quam
1233 841 1317 868 solata
1334 841 1454 869 Arabum
1470 842 1589 876 linguam
1613 851 1667 871 non
1685 852 1734 870 no-

950 883 1022 910 verit
1037 891 1043 910 :
1061 891 1145 918 quare
1162 889 1190 911 et
1202 885 1379 912 Alcon-anum
1395 886 1489 913 eadem
1504 887 1595 921 lingua
1612 887 1735 922 promul-

952 930 1065 964 gaverit.
1081 933 1112 956 ut
1123 929 1182 964 ipse
1199 930 1317 958 dilucide
1331 931 1474 959 confessus
1490 937 1540 960 est.
1558 933 1732 968 Quapropter

952 973 984 1000 ad
1006 973 1088 1009 gladii
1107 981 1216 1008 [umnam
1230 975 1363 1010 confugit,
1385 981 1413 1003 et
1429 976 1545 1009 eaedem;
1566 985 1615 1004 nec
1633 979 1731 1005 imme-

953 1019 1015 1046 rito.
1035 1019 1121 1054 Hujus
1133 1020 1206 1047 enim
1221 1025 1371 1055 pru'ccptor
1384 1025 1411 1048 et
1427 1026 1506 1056 pater
1523 1022 1658 1050 homicida
1671 1028 1731 1051 erat

951 1064 985 1092 ab
1004 1064 1094 1097 initio,
1118 1069 1145 1091 et
1170 1065 1197 1092 in
1218 1066 1333 1093 veritate
1362 1074 1418 1094 non
1442 1067 1518 1095 stetit
1535 1068 1568 1095 '°.
1595 1068 1730 1095 Darmonis

951 1110 1024 1137 enim
1039 1109 1135 1136 vitium
1159 1110 1243 1138 menti
1262 1110 1338 1139 bona:
1356 1120 1508 1147 repugnare
1526 1118 1653 1147 oportet;
1672 1114 1731 1141 ani-

952 1163 1002 1182 mae
1026 1161 1093 1182 vero
1120 1154 1217 1182 vitium
1242 1155 1352 1189 rationi,
1366 1157 1485 1191 corpori.
1501 1162 1530 1184 et
1551 1157 1602 1192 ipsi
1627 1163 1731 1186 natura:

952 1199 1120 1228 contrarium
1137 1203 1190 1226 est.
1214 1200 1280 1233 Quae
1300 1201 1442 1229 manifeste
1457 1202 1485 1229 in
1500 1201 1661 1229 Mahometis
1683 1204 1733 1229 do-

952 1245 1040 1274 ctrina
1055 1248 1198 1280 apparent.
1214 1245 1378 1274 Absurditas
1392 1247 1466 1274 enim
1489 1252 1518 1276 et
1532 1248 1668 1280 confusio,
1683 1249 1732 1276 fal-

951 1299 1011 1320 sum
1030 1290 1150 1324 denique
1163 1294 1191 1318 et
1203 1290 1302 1318 mentis
1316 1292 1462 1320 excecatio
1473 1293 1547 1321 clare
1562 1301 1732 1328 cognoscun-

952 1341 1007 1365 tur.
1038 1333 1185 1365 Videamus
1213 1342 1315 1367 autem.
1344 1337 1481 1371 quomodo
1509 1338 1544 1365 ab
1570 1338 1633 1370 hoc,
1657 1339 1730 1373 quod

952 1387 1051 1417 praeter
1072 1389 1199 1411 naturam
1224 1387 1278 1414 est,
1295 1382 1437 1414 doceatur,
1453 1387 1481 1409 et
1506 1383 1585 1417 quale
1603 1383 1669 1409 illud
1696 1384 1732 1410 sit

952 1427 1229 1462 considera.;Natura
1245 1428 1361 1462 seipsam
1381 1428 1539 1455 interimere
1556 1429 1668 1463 nequit;
1685 1430 1731 1456 scd

952 1479 1014 1500 cum
1044 1472 1101 1507 ipsa
1116 1472 1152 1500 sit
1169 1472 1250 1505 ratio,
1265 1472 1357 1499 omnia
1372 1479 1435 1499 cum
1459 1473 1564 1500 ratione
1584 1472 1658 1500 facit.
1676 1473 1732 1501 Ma-

953 1517 1045 1546 homet
1059 1525 1125 1546 vero
1151 1518 1197 1545 hic
1222 1525 1282 1553 quae
1297 1518 1375 1545 bruta
1390 1518 1518 1545 animalia
1538 1526 1592 1545 non
1617 1519 1731 1550 faciunt.

953 1562 1026 1598 (quis
1046 1563 1119 1590 cnim
1137 1563 1239 1590 animal
1257 1562 1367 1597 aliquod
1386 1563 1453 1590 vidit
1476 1563 1549 1590 aliud
1569 1563 1641 1598 quod
1657 1564 1732 1598 ejus~

952 1607 1014 1636 dem
1030 1615 1122 1635 secum
1135 1611 1177 1635 est
1192 1606 1299 1641 generis
1312 1607 1494 1642 interﬁcere?)
1507 1607 1644 1635 hominem
1658 1609 1734 1636 siini~

953 1657 1004 1684 ter,
1023 1656 1054 1680 ut
1068 1652 1135 1687 ipse,
1154 1651 1199 1679 Dei
1217 1659 1298 1679 manu
1316 1652 1476 1685 formatum,
1492 1653 1552 1680 sine
1566 1653 1640 1681 omni
1657 1661 1733 1681 com-

953 1697 1131 1725 miseratione
1154 1697 1281 1725 occidere
1305 1697 1418 1730 docuit;
1437 1698 1483 1733 qui
1510 1699 1637 1725 omnibus
1667 1698 1732 1725 feris

954 1747 1066 1777 apparet
1085 1742 1201 1770 ferocior
1215 1746 1243 1770 et
1265 1744 1407 1774 immitior,
1429 1748 1458 1770 ut
1470 1750 1502 1770 ex
1519 1751 1553 1770 eo
1568 1743 1638 1778 quod
1653 1744 1732 1770 modo

953 1787 1071 1819 dicetur,
1090 1788 1190 1816 clarius
1206 1788 1358 1823 apparebit.
1380 1788 1479 1816 Fertur
1494 1789 1568 1817 enim
1588 1789 1622 1816 ab
1643 1789 1731 1824 ipsis:

954 1832 1109 1860 Adductum
1126 1833 1264 1867 quondam
1287 1841 1348 1861 esse
1369 1834 1402 1861 ad
1432 1835 1521 1869 ipsum
1553 1834 1732 1862 Mahometem

953 1883 1081 1914 patruum
1099 1879 1182 1911 illius.
1196 1883 1225 1907 et
1239 1878 1341 1907 dixisse
1358 1879 1414 1907 illi:
1431 1879 1501 1913 Quid
1523 1880 1590 1908 mihi
1612 1881 1732 1914 eveniet,

953 1932 1078 1960 onepos,
1105 1926 1127 1952 si
1144 1930 1240 1953 vestrm
1264 1925 1316 1960 legi
1343 1933 1398 1953 non
1426 1927 1566 1961 paruero?
1593 1926 1641 1953 Hic
1668 1935 1735 1954 vero

954 1971 1096 2005 respondit
1114 1979 1121 1998 :
1138 1970 1196 1998 Non
1211 1971 1294 2002 aliud,
1313 1978 1329 1998 ο
1346 1976 1452 2005 patrue,
1472 1979 1554 2005 quam
1570 1972 1642 2006 quod
1659 1972 1717 1999 occi
1728 1986 1734 1992 -

954 2016 1015 2043 dam
1031 2022 1067 2043 te.
1082 2016 1131 2043 llle
1150 2023 1215 2043 vero
1241 2024 1247 2042 :
1267 2015 1367 2043 Annon
1383 2015 1434 2043 alia
1452 2023 1531 2050 paena
1547 2016 1653 2044 restat?
1669 2016 1728 2043 Non

954 2061 1015 2092 alia.
1034 2060 1184 2095 respondit.
1200 2060 1319 2088 Patruus
1330 2061 1545 2096 ,Obtemperabo
1568 2062 1615 2088 tibi
1633 2062 1735 2096 itaque,

956 2107 1057 2141 inquit,
1085 2107 1114 2133 in
1132 2105 1344 2141 quibuscunque
1365 2106 1505 2140 volueris;
1528 2107 1620 2142 lingua
1643 2112 1733 2134 autent

122 2151 219 2186 νόμῳς
241 2151 271 2176 Ὀ
285 2150 314 2176 δι
331 2147 419 2182 εἶπεν,
434 2150 490 2184 οὐχ
503 2149 596 2184 ἔτερόν
610 2158 647 2182 τι,
666 2149 681 2183 ἢ
698 2149 840 2176 ἀποκτενῶ
859 2158 899 2183 σε,

955 2152 1025 2185 sola,
1051 2159 1106 2178 non
1123 2150 1216 2184 corde,
1244 2151 1327 2186 idque
1357 2156 1430 2178 metu
1457 2152 1540 2187 gladii
1564 2152 1735 2187 compulsus.

121 2191 146 2222 ὦ
162 2193 228 2221 θεῖε.
255 2193 285 2219 ’0
297 2193 325 2219 δὲ
342 2191 429 2224 εἶπεν,
446 2193 502 2219 Οὐκ
517 2192 620 2219 ένεστιν
639 2192 720 2228 ἑτέρα
749 2201 791 2224 τις
819 2201 905 2228 τιμω-

122 2238 172 2273 ρία
184 2245 191 2270 ;
204 2237 289 2265 Οὐδὲν
302 2237 409 2272 ἕτερον,
424 2237 487 2271 ἔφη.
506 2237 536 2263 '0
554 2236 583 2263 δὲ
611 2237 692 2269 θεῖος,
714 2233 904 2272 ’Ᾱκολουοήσω

122 2290 156 2310 σε
185 2282 287 2315 τοίνυν,
316 2283 380 2317 ἔφη,
409 2283 453 2317 ἐφ’
472 2279 570 2318 οἷσπερ
598 2282 687 2317 βούλει
703 2290 711 2298 σ
739 2282 847 2318 γλώσσῃ
874 2283 904 2310 δὲ

121 2327 206 2364 μόνῃ,
214 2327 273 2355 ἀλλ’
283 2327 314 2354 οὐ
329 2327 437 2363 καρδίᾳ,
456 2327 494 2363 τῷ
503 2327 557 2353 δέει
572 2326 619 2354 τοῦ
627 2327 730 2362 ξίφους.
739 2328 905 2362 Ἀναγκαζό-

121 2381 208 2410 pavo;
218 2373 248 2400 δὲ
259 2374 308 2401 καὶ
320 2374 335 2400 ό
345 2373 402 2408 μὰρ
425 2373 470 2411 (ἲ)
487 2373 553 2410 παρ’
575 2371 668 2405 αὐτοῦ,
680 2373 694 2398 ὀ
712 2372 769 2401 υἱὸς
782 2373 904 2409 δηλονότι

119 2419 173 2447 τοῦ
187 2418 386 2453 Κατεμπλαδῆ,
408 2416 480 2449 εἶπε,
506 2418 603 2453 Κύριε,
621 2418 654 2444 σὺ
678 2416 752 2450 οἶδας
772 2419 812 2445 ὅτι
831 2419 904 2454 μόνῳ

117 2462 164 2499 σῷ
181 2463 231 2490 τοῦ
242 2462 358 2490 θανάτου
371 2463 446 2498 φόϐῳ
461 2463 570 2497 γίνομαι
595 2464 643 2489 τοῦ
656 2463 800 2498 δόγματος.
823 2464 905 2490 Ἀλλὰ

116 2509 173 2536 καὶ
193 2509 208 2535 ὁ
227 2507 286 2540 υῑδς
301 2508 348 2535 τοῦ
366 2509 532 2543 Ἐμπιαστᾶ,
546 2510 593 2535 καὶ
613 2509 693 2541 αὐτὸς
717 2505 794 2540 οὗτος
820 2509 905 2536 εἰπὼν

120 2544 161 2585 ’ὥς
173 2552 220 2588 Τῷ
235 2553 310 2588 φόϐῳ
334 2553 382 2580 τοῦ
399 2553 491 2587 ξίφους
508 2554 555 2580 καὶ
581 2554 627 2580 τοῦ
653 2554 768 2582 θανάτου
795 2556 905 2591 γίνομαι

126 2597 169 2627 ίοῦ
181 2598 328 2632 δόγματος.
350 2598 458 2625 Στέλλει
485 2599 580 2624 ἔπειτα
608 2600 731 2635 κρυφίως
754 2601 905 2635 γράμματα

119 2643 164 2674 είς
176 2642 226 2678 τὴν
239 2643 336 2670 Manut
363 2643 465 2679 χώραν,
493 2644 536 2670 ίνα
563 2644 601 2678 μὴ
629 2645 811 2680 πλανηθῶσιν,
836 2646 904 2672 ἀλλὰ

120 2688 364 2722 σκέψωνταιόπως
380 2689 521 2723 ἐκφύγωσι
533 2689 580 2715 τὸν
598 2689 646 2716 τοῦ
660 2690 754 2724 ξὶφους
772 2691 903 2718 κίνδφνον.

121 2733 219 2762 Ταῦτα
234 2735 323 2762 πάντα
336 2735 547 2770 παρεδλήθησαν
562 2735 616 2762 ἀπό
632 2744 660 2762 τε
674 2736 721 2763 τοῦ
735 2737 845 2772 Κορρὰν
857 2738 903 2764 καὶ

160 2825 185 2842 “
202 2824 283 2854 Joan.
304 2833 363 2860 vm,
383 2827 428 2854 Μ.

955 2197 1072 2225 Coactus
1103 2201 1193 2224 tamen
1214 2196 1248 2223 ab
1265 2197 1312 2224 illo
1337 2197 1420 2224 etiam
1448 2197 1520 2224 ﬁlius
1542 2197 1733 2232 Catempladaa,

957 2242 1025 2269 dixit
1041 2250 1048 2269 :
1076 2241 1200 2275 Domine,
1214 2241 1285 2268 scias
1298 2249 1341 2268 me
1367 2242 1427 2268 solo
1442 2242 1540 2271 mortis
1562 2242 1662 2270 timore
1684 2244 1736 2270 do-

956 2288 1072 2316 ctrinam
1103 2288 1173 2314 hanc
1200 2287 1335 2322 recipere.
1352 2287 1487 2315 Caaterum
1517 2292 1546 2315 et
1572 2288 1644 2315 filius
1672 2288 1734 2315 Em-

956 2333 1051 2369 piastae
1064 2333 1133 2360 idem
1149 2332 1216 2359 dicit
1230 2343 1237 2360 :
1258 2332 1368 2360 Timore
1383 2333 1480 2360 mortis
1491 2337 1519 2360 et
1534 2333 1617 2367 gladii
1634 2333 1737 2361 doctri-

957 2385 1020 2404 nam
1035 2378 1103 2404 hanc
1117 2376 1214 2404 subeo.
1227 2377 1329 2404 Deinde
1343 2377 1414 2404 clam
1430 2377 1536 2404 litteras
1552 2378 1636 2405 mittit
1649 2378 1676 2405 in
1693 2386 1734 2405 re-

956 2422 1065 2457 gionem
1088 2421 1200 2452 Mechat.
1216 2428 1251 2448 ne
1279 2426 1383 2454 errent,
1409 2422 1456 2449 sed
1483 2422 1652 2457 prospiciam
1680 2423 1734 2450 sibi

957 2467 1095 2503 quomodo
1121 2466 1203 2501 gladii
1227 2467 1377 2500 periculum
1397 2467 1502 2502 possint
1525 2467 1658 2503 ell‘ugere.
1673 2467 1739 2495 llam

957 2513 1050 2541 omnia
1065 2520 1098 2540 ex
1113 2512 1263 2540 Alcorrano
1281 2516 1308 2539 et
1330 2511 1392 2539 aliis
1410 2512 1489 2540 libris
1502 2512 1645 2548 desumpta
1660 2517 1738 2541 sunt.

957 2559 1150 2587 Verumtamen
1171 2559 1198 2585 in
1221 2557 1311 2592 rapite
1333 2557 1412 2585 Bai-is
1425 2558 1550 2586 concedit
1563 2567 1624 2594 qua
1640 2562 1738 2587 contra

957 2605 1082 2629 naturam
1099 2601 1133 2628 ad
1152 2600 1309 2628 faciendum
1336 2600 1438 2628 nefaria
1468 2607 1541 2636 sunt,
1572 2610 1633 2638 quae
1654 2603 1736 2630 etiam

956 2647 1031 2674 dictu
1079 2650 1141 2674 sunt
1181 2645 1349 2680 turpissima.
1385 2639 1569 2683 Quoscuiique
1599 2648 1672 2676 enim
1688 2655 1740 2683 ap-

957 2693 1132 2728 prehenderit
1160 2691 1315 2728 impietas;
1331 2694 1358 2721 in
1381 2693 1430 2721 hos
1444 2702 1494 2722 ccu
1520 2694 1630 2721 morbus
1656 2701 1740 2721 omne

957 2739 1058 2767 malum
1093 2746 1211 2769 exercet.
1255 2740 1431 2769 Dissimilium
1469 2739 1543 2768 enim
1582 2739 1740 2767 commistio
