1949 3093
82 121 137 153 643

82 177 228 206 κάντεῦθεν
246 179 316 205 εἰσιν
334 178 532 212 όνεπίγνωστοι
549 180 635 206 ὁποῖοί
650 188 714 206 ποτε
733 180 780 207 καὶ
795 179 858 212 εἰσὶ,
873 182 896 210 Α

81 225 157 260 παρὰ
172 224 200 251 δὲ
217 224 256 258 τῷ
267 223 327 259 Θεῷ
345 224 392 251 καὶ
408 224 481 259 μόνῳ
495 224 548 251 εἰσὶ
563 225 774 259 γινωσκόμενοιο
792 225 816 250 οἱ
830 225 858 250 δὲ

80 270 177 304 ὥσπερ
191 269 290 305 χρυσὸς
306 270 335 295 ὲν
345 269 520 305 χωνευτηρίῳ
532 270 645 305 καθαροὶ
660 270 858 304 ἀναφαίνονται,

81 315 130 343 καὶ
156 316 194 347 ὡς
211 316 236 341 οι
263 316 292 341 ἐν
311 314 450 342 Βαϐυλῶνι
477 316 581 347 παῖδες,
615 316 684 343 Ἀλλ’
709 317 758 342 οῦκ
781 317 862 350 ἀρκεῖ

83 361 150 396 μόνη
166 361 182 395 ή
195 360 248 387 τῶν
260 360 404 394 δογμάτων
417 361 506 393 πίστις
521 362 587 396 πρὸς
602 362 748 396 σωτηρίαν,
759 362 806 387 ἐὰν
825 361 861 396 μὴ

84 406 154 440 μετὰ
168 405 223 432 τῶν
240 405 329 440 ἔργων
346 405 560 441 συγκεκραμένη
582 406 640 433 ἐστὶ
661 406 706 433 καὶ
727 407 744 440 ἡ
760 407 861 436 πίστις,

87 460 96 476 ‹
113 443 204 484 Δεῖξον
219 451 274 485 γάρ
286 459 342 486 μοι,
358 460 368 477 ι
382 451 448 486 φησὶ
459 451 489 478 τὸ
504 452 602 486 λόγιον,
619 461 628 477 ι
644 452 693 487 τὴν
706 452 798 478 πίστιν
813 460 860 478 σου

85 497 117 523 ὲκ
131 496 186 522 τῶν
211 496 300 531 ἔργων
318 504 376 530 σου,
395 497 473 531 κάγὼ
491 497 520 524 δέ
544 505 584 523 σοι
602 497 680 529 δείξω
703 498 752 532 τὴν
772 497 864 523 πίστιν

87 548 138 573 μου
156 540 187 566 ὲκ
201 539 257 565 τῶν
283 539 371 574 ἔργων
399 548 460 573 μου.
480 549 490 565 ι
510 540 626 574 Ἰδωμεν
649 539 739 566 τοίνυν
755 539 818 566 ποῖα
833 539 865 565 ὲκ

86 584 190 611 τούτων
210 584 264 610 τῶν
279 584 368 618 ἔργων
388 584 441 611 τισὶ
457 585 539 611 δεκτά
564 585 639 620 παρὰ
655 584 693 619 τῷ
720 583 789 618 Θεῷ,
818 585 866 610 καὶ

86 630 159 661 τίνες
177 630 327 664 μέμνηνται
344 629 391 656 τοῦ
406 629 484 663 Θεοῦ,
499 631 524 656 οι
541 631 570 656 ἐν
585 630 699 665 ἀφθονίᾳ.
714 629 761 656 καὶ
777 629 866 664 τρυφῇ

87 675 320 709 εὑρισκόμενοι,ἢ
347 675 372 701 οἱ
396 675 570 710 ταλαιπωρίᾳ
588 674 635 701 καὶ
659 674 794 710 κακουχίᾳ
821 682 867 700 συ-

89 719 197 751 ζῶντες.
224 719 308 745 Παντί
329 727 380 745 που
402 719 480 754 δῆλον
516 720 540 746 οι
569 718 700 754 δεύτεροι.
722 728 731 745 ι
750 719 835 753 Κύριε
855 727 866 744 ›

89 765 153 799 γὰρ,
164 765 257 800 φησὶν,
273 774 282 791 ι
297 766 325 791 ὲν
338 764 423 799 θλίψει
438 765 613 800 ἐμνήσθημεν
625 773 682 792 σου.
702 774 711 790 ι
726 765 792 797 Καὶ,
810 773 818 790 ι
837 765 868 791 Οί

90 810 246 844 σπείροντες
257 811 285 835 ὲν
293 809 422 844 δάκρυσιν
433 810 462 836 ὲν
471 810 629 844 ἀγαλλιάσει
641 809 769 845 θεριοῦσι.
779 818 787 834 ι
802 809 867 841 Καὶ,

93 862 102 878 ι
119 853 220 880 Πολλαὶ
235 855 263 879 αι
282 853 386 888 θλίψεις
400 853 454 880 τῶν
466 853 588 880 δικαίων.
601 853 721 884 Θάνατος
738 853 766 880 δὲ
778 853 867 888 άμαρο
884 855 904 882 Β

90 900 183 926 conm
199 900 322 934 πονηρὸς,
337 910 346 926 ι
365 899 416 926 κᾶν
431 900 479 926 καὶ
494 901 522 926 ὲν
541 899 579 934 τῷ
594 899 706 934 παρόντι
726 899 775 934 βίῳ
800 898 870 925 κατὰ

92 945 155 979 ῥοῦν
183 945 328 979 φέρωνται.
351 945 406 972 Καὶ
421 943 476 971 οἷον
491 944 584 980 ὥσπερ
599 945 632 972 ἂν
643 953 683 976 τις
697 945 722 970 εί
744 945 871 980 ἐπῃνεῖτο

94 989 144 1024 μὲν
159 990 197 1021 ὡς
210 990 342 1025 φρόνιμος
356 989 402 1016 καὶ
416 990 546 1024 ἀνδρεῖος,
569 988 684 1024 σώφρων
698 989 744 1015 καὶ
758 989 870 1022 δίκαιος,

91 1035 184 1070 ἕτερος
198 1036 226 1062 δὲ
243 1035 312 1070 παρ’
328 1035 411 1067 οὒδὲνζ
428 1034 516 1061 ταῦτα
529 1034 680 1069 τιθέμενος,
694 1035 870 1069 ὲνεκαυχᾶτο,

92 1081 264 1115 πολύσαρκον
277 1081 375 1108 ἑαυτὸν
390 1078 460 1107 εἶναι
477 1080 574 1114 λέγων,
592 1080 638 1106 καὶ
654 1074 791 1115 ὲμπληθὲς
804 1079 872 1114 ἔχων

91 1126 123 1152 τὺ
137 1127 217 1161 σῶμα
236 1135 242 1142 ·
259 1126 344 1157 οὓτως
364 1126 433 1161 ὑπὲρ
448 1126 538 1152 αὐτῶν
555 1125 697 1160 φρονοῦσιν
711 1126 735 1152 οξ
747 1124 872 1158 τάλανες,

92 1173 141 1199 καὶ
153 1172 199 1198 τὸν
209 1172 296 1207 ἁληθῆ
311 1172 359 1199 καὶ
372 1172 507 1198 άκένωτον
518 1170 631 1198 πλοῦτον
640 1171 872 1206 παραϐλέποντες,

92 1218 260 1248 ἀσπάζονται
285 1217 330 1243 τὸν
354 1216 384 1243 ὃν
401 1216 500 1251 δνειροι
516 1216 682 1242 πλάττουσι·
699 1216 746 1242 καὶ
763 1215 807 1242 τὸν
825 1223 874 1241 πο-

93 1263 207 1297 λύτιμον
223 1263 408 1298 μαργαρίτην,
421 1261 543 1289 τουτέστι
558 1262 604 1288 τὸν
617 1260 735 1296 Χριστὸν
749 1260 873 1294 ἀφιντες,

94 1308 158 1339 τοὺς
183 1308 324 1342 κάχληκας
341 1305 544 1342 θησαυρίζουσι.
573 1305 628 1332 Ποῦ
654 1306 684 1332 δὲ
709 1305 820 1340 θήσουσι
845 1305 875 1331 τὸ

95 1353 264 1388 προφητικὸν
280 1353 368 1386 λόγιον
383 1353 412 1378 τὸ
426 1353 540 1386 φάσκον,
553 1351 594 1378 ὅτι
611 1361 620 1378 ‹
639 1352 686 1378 Ὃν
710 1351 804 1386 ἀγαπᾷ
815 1349 874 1377 Κύ-

97 1406 165 1432 ρι’λς,
183 1396 314 1423 παιδεύει·
333 1396 459 1430 μαστιγοῖ
474 1395 502 1422 δὲ
517 1396 583 1428 υἱὸν,
598 1395 628 1422 ὃν
644 1395 847 1430 unguor-Exstat;
862 1404 872 1421 ›

87 1444 170 1479 ,Ἄρα
193 1443 224 1470 οὐ
249 1441 442 1477 παραδίδονται
459 1441 484 1467 οἱ
507 1441 666 1476 Χριστιανοὶ
682 1441 777 1476 ὥσπερ
793 1441 878 1476 άπερ-

97 1489 226 1524 ριμμένοι
256 1488 302 1514 καὶ
332 1486 630 1521 ἐγκαταλελειμμένα,
660 1486 698 1517 ὼς
720 1487 733 1512 ὁ
753 1486 875 1521 Μωάμεθ

43 1539 48 1542 ’
96 1519 202 1568 τρανῶς
229 1519 399 1568 ἀπεφήνατο,
427 1532 485 1559 ἀλλ’
569 1532 624 1558 υἱοὶ
653 1531 698 1558 διὰ
724 1519 912 1564 παίδευσιν,θ

97 1577 189 1608 καθὼς
203 1577 338 1612 ἀνωτέρω.
347 1575 477 1611 λαμπρῶς
492 1575 689 1608 ἀποδέδεικται,
704 1576 750 1602 καὶ
764 1575 796 1601 δι’
813 1574 878 1601 ἑτέ-

100 1633 154 1657 ρων
167 1621 357 1658 σωφρονισμὸν
376 1622 422 1648 καὶ
435 1621 578 1656 ὠφέλειαν.
598 1622 653 1648 Καὶ
665 1622 719 1657 γὰρ
735 1621 842 1656 ἔχουσιν
854 1621 878 1647 οῐ

99 1671 139 1700 εἰς
154 1669 188 1695 τὰ
206 1669 269 1703 ἔθνη
284 1667 445 1702 Χριστιανοὶ
465 1667 649 1702 πατριάρχας,
669 1667 762 1702 ἱερεῖς,
783 1668 879 1702 ἀρχιε-

101 1716 169 1748 ρεῖς,
191 1714 255 1748 παρ’
266 1711 303 1740 ὦν
320 1712 491 1746 ἁγιάζονται,
510 1713 555 1738 καὶ
573 1713 662 1739 πάντα
676 1714 709 1739 τὰ
727 1712 810 1746 ἔθιμα
826 1711 880 1737 τῶν

100 1759 271 1794 Χριστιανῶν
286 1759 326 1789 είς
343 1759 479 1792 ὠφέλειαν
493 1758 542 1792 μὲν
562 1758 662 1790 αὐτῶν,
682 1759 722 1789 εἱς
739 1759 838 1791 δεῖγμα
852 1756 880 1783 δὲ

100 1807 142 1832 ὃτι
163 1805 209 1831 καὶ
222 1806 268 1840 τῆς
285 1804 422 1836 υἱοθεσίας
441 1804 487 1830 τοῦ
508 1804 575 1830 Θεοῦ
595 1805 645 1830 οὐκ
666 1804 804 1836 ἐξέπεσον,
818 1803 879 1829 οὔτε

101 1851 150 1884 τῆς
163 1849 253 1884 eota;
266 1849 360 1876 αὑτοῦ.
379 1849 460 1876 Ὅθεν
475 1850 522 1876 κώ⁸
536 1850 745 1883 γινωσκέτωσαν
757 1848 881 1884 ἀκριϐῶς

102 1895 143 1921 ὅτι
159 1895 349 1929 παραδίδονται
376 1895 425 1930 μὲν
452 1894 583 1925 πολλάκις
603 1895 702 1920 δίκαιοι
723 1895 762 1925 είς
788 1894 881 1928 χεῖρας

102 1942 223 1973 ἀσεϐῶν,
243 1941 291 1975 οὐχ
311 1941 354 1966 ἵνα
371 1941 396 1966 οἱ
415 1940 523 1971 ἀσεϐεῖς
545 1939 720 1973 δοξασθῶσιν,
735 1939 792 1965 ἀλλ’
809 1939 842 1965 ἵν’
858 1939 882 1964 οι

102 1985 202 2011 δίκαιοι
236 1984 443 2018 δοκιμασθῶσι,
475 1983 521 2010 καὶ
554 1983 666 2018 χρυσίου
696 1983 883 2017 καθαρώτεροι

103 2032 246 2065 γένωνται.
263 2030 295 2056 Τί
311 2029 338 2055 δὲ
355 2030 417 2065 περὶ
433 2029 480 2056 τοῦ
500 2030 604 2055 δικαίου
624 2028 702 2061 Ίώϐ;
723 2029 759 2054 ἐῶ
772 2028 826 2062 γὰρ
843 2029 884 2054 λέ-

107 2085 168 2111 γειν
179 2077 213 2102 τὰ
230 2076 294 2111 περὶ
311 2075 358 2102 τοῦ
374 2076 543 2110 πατριάρχου
560 2075 694 2110 *Αϐραὰμ,
711 2074 772 2100 ἐπεὶ
791 2074 886 2100 xtist-

109 2131 153 2153 νος
174 2122 242 2157 πρὸς
264 2122 358 2156 καιρὸν
381 2122 421 2152 εἰς
453 2121 560 2152 ἀσεϐεῖς
583 2121 729 2155 παρεδόθη,
753 2119 799 2147 καὶ
817 2119 886 2151 τέως

107 2165 205 2199 ἐρωτῶ
231 2165 296 2200 περὶ
319 2165 366 2191 τοῦ
394 2164 504 2199 σιδηροῦ
530 2166 577 2191 καὶ
605 2165 786 2199 ἀδαμαντίνου
814 2164 885 2191 Ίώϐ.

106 2209 181 2245 Ἀρα
191 2211 228 2242 ὡς
242 2209 523 2244 ἑγκαταλελειμμένος
536 2210 584 2237 καὶ
596 2211 802 2246 ἁπεῤῥιμμένος
813 2209 890 2244 παρὰ

107 2256 176 2282 Θεοῦ
194 2255 331 2290 παρεδόθη
354 2255 393 2290 τῷ
410 2255 535 2290 διαϐόλῳ,
561 2256 607 2281 καὶ
625 2255 778 2289 ὲμαστίχθη
795 2253 840 2280 διά
859 2261 889 2280 τε

108 2301 228 2335 κινητῶν
244 2301 290 2326 καὶ
299 2300 437 2334 ἀκινήτων
449 2300 620 2334 πραγμάτων
631 2300 718 2326 τόσων
731 2300 778 2326 καὶ
790 2300 887 2331 τόσων,

108 2347 154 2372 διά
170 2354 201 2372 τε
219 2345 269 2380 τῆς
294 2347 448 2381 στερήσεως
465 2345 519 2380 τῶν
539 2345 654 2378 παίδων,
677 2345 723 2371 καί¹
743 2345 825 2371 αὑτοῦ
842 2345 889 2370 τοῦ

109 2392 252 2426 σώματος’
266 2392 280 2417 ό
301 2391 328 2417 δὲ
341 2391 463 2422 διάϐολος
479 2392 493 2417 ό
512 2391 557 2417 τὸν
572 2391 675 2417 δίκαιον
692 2391 835 2426 μαστίξας,
851 2390 889 2421 ὡς

109 2437 187 2471 φίλος
201 2436 269 2462 Θεοῦ
287 2437 449 2471 ἐτιμωρεῖτο
466 2436 510 2462 τὸν
527 2436 614 2469 ἅγιον.
631 2436 668 2466 ὡς
686 2436 888 2470 γινωσκόμενον

109 2483 159 2516 μὲν
175 2482 239 2517 πρὶν
258 2482 410 2516 γεννήσεως
426 2481 502 2516 παρὰ
521 2482 558 2516 τῷ
582 2482 650 2516 Θεῷ,
667 2481 714 2507 καὶ
730 2480 807 2514 άγιον
824 2481 889 2514 παρ’

108 2526 217 2553 ἐκείνου
236 2527 408 2561 κρινόμενον,
420 2527 493 2561 παρὰ
505 2527 533 2552 δὲ
549 2529 605 2558 τοῖς
615 2526 768 2562 ἀνθρώποις
781 2525 889 2559 ἀγνοού-

109 2578 211 2607 μενονθ
242 2571 289 2598 καὶ
308 2571 350 2597 διὰ
372 2571 451 2597 τοῦτο
465 2571 561 2606 ἔφερεν
580 2571 661 2597 αὐτὸν
684 2572 698 2598 6
721 2571 786 2602 Θεὸς
807 2571 845 2601 εἰς
861 2571 891 2596 τὸ

111 2617 207 2651 μέσον,
234 2616 329 2649 ὥσπερ
353 2618 413 2642 τινὰ
428 2616 548 2650 ἔμψυχον
574 2617 684 2650 στήλην.
707 2616 754 2642 καὶ
772 2616 892 2650 ἔμπνουν

109 2662 268 2697 ἀνδριάντα,
291 2662 330 2693 είς
358 2662 533 2695 παράδειγμα
555 2662 602 2688 καὶ
627 2661 761 2694 ὠφέλειαν
776 2661 831 2687 τῶν
847 2668 894 2694 με-

111 2709 336 2742 ταγενεστέρωνς
357 2708 495 2742 Θαυμάζω
522 2708 546 2734 ει
573 2707 611 2742 μὴ
639 2707 685 2734 καὶ
706 2707 770 2742 περὶ
787 2706 892 2733 ἐκείνου

151 2797 174 2813 ³⁵
194 2796 247 2824 isa.
269 2803 343 2828 xavt,
366 2795 398 2822 ιθ
445 2796 468 2812 ⁵⁸
487 2795 557 2821 Psal.
579 2802 658 2828 cxxv,
681 2795 707 2821 5.
747 2795 770 2811 τ’
788 2794 858 2822 Psal.
882 2801 986 2827 xuur,
1008 2795 1052 2821 2|.
1090 2795 1113 2810 '7
1133 2795 1212 2822 Prov.
1229 2804 1275 2828 ιιι⁷
1298 2796 1347 2828 ll;

237 2844 372 2874 Panos.
392 2844 449 2874 Gn.
469 2841 571 2873 CLIV.

573 123 722 152 CONTRA
742 119 987 152 MAHOMETEM
1007 117 1150 148 ORATIO

910 176 1055 205 Videamus
1080 175 1162 209 igitur
1187 179 1311 207 quamam
1329 179 1410 208 opera
1426 171 1496 207 apud
1513 172 1597 199 Deum
1614 172 1683 200 rcci-

910 222 1030 257 piantur.
1044 225 1070 248 et
1097 220 1207 253 quinam
1229 219 1256 245 hi
1278 218 1333 245 sint
1360 218 1405 252 qui
1419 218 1465 244 Dei
1482 219 1683 250 meminerunt,

911 274 975 293 num
999 266 1103 293 scilicet
1132 265 1157 291 hi
1173 265 1219 298 qui
1235 265 1262 291 in
1273 264 1380 291 deliciis
1398 268 1426 291 et
1441 264 1563 291 libertate
1578 264 1684 295 vivunt,

910 320 943 338 an
960 311 1005 345 qui
1030 311 1057 338 in
1081 309 1227 336 aiilictionc
1245 313 1272 336 ct
1286 308 1413 335 miseria?
1426 308 1456 334 lli
1469 315 1543 335 certe
1554 309 1624 335 haud
1638 309 1688 335 du-

911 356 964 382 bie.
983 353 1028 380 Ait
1053 353 1144 381 enim:
1162 363 1170 378 ι
1195 353 1319 385 Domino,
1337 353 1363 378 in
1381 352 1527 379 aiiiictionc
1544 352 1582 378 tui
1598 360 1689 379 recur-

910 396 966 424 dati
983 403 1077 423 sumus
1090 395 1125 423 ⁸⁵.
1149 405 1158 421 ι
1178 396 1222 428 Ει,
1248 405 1257 420 ι
1276 396 1326 428 Qui
1345 396 1371 422 in
1394 396 1521 430 lacrymis
1544 395 1689 426 seminam,

911 445 1019 469 metunt
1042 442 1068 467 in
1082 440 1262 468 exsultatione
1291 441 1325 467 ".
1345 450 1354 465 ι
1373 440 1406 467 Ει
1424 450 1431 467 :
1456 449 1466 466 ι
1489 440 1693 468 Tribulationcs

911 486 1006 514 multae
1017 486 1164 520 iustorum,
1173 493 1248 513 mors
1258 489 1348 513 autem
1366 490 1540 520 peccatorum
1551 487 1619 514 mala
1632 486 1665 513 “.
1682 496 1691 512 ι

913 531 992 559 Licet
1006 531 1079 558 enim
1096 531 1122 557 iu
1136 531 1187 558 hac
1203 531 1258 557 vita
1280 530 1352 558 l‘elici
1369 538 1495 558 successu
1519 531 1654 564 ferantur,
1667 536 1695 558 et

914 575 1028 612 perinde
1041 583 1073 603 ac
1087 575 1110 602 si
1125 576 1188 610 quis
1209 575 1336 602 laudetur
1357 576 1429 610 quod
1445 576 1566 611 prudens
1579 576 1624 609 sit,
1643 577 1697 603 for-

916 621 962 653 tis,
976 624 1131 654 temperans
1160 624 1187 646 et
1207 620 1309 655 justus,
1342 620 1413 647 alius
1437 627 1503 648 vero
1533 621 1610 647 nihili
1639 620 1697 647 lucc

915 665 1029 697 faciens,
1041 664 1168 700 pinguem
1183 671 1212 691 se
1224 672 1285 691 esse
1303 664 1434 700 glorietur
1446 670 1474 692 et
1487 666 1676 700 corpulentum
1690 675 1698 698 ς

918 709 959 737 sic
973 710 1007 737 de
1024 710 1122 744 seipsis
1136 709 1258 737 sentiunt
1269 709 1417 737 miserrimi
1432 710 1568 741 homines,
1583 718 1614 738 ac
1628 711 1700 738 veris

919 755 1146 789 incxhaustisque
1161 754 1264 782 divitiis
1285 755 1459 789 contemptis,
1474 755 1534 783 illas
1548 763 1616 790 quas
1628 764 1702 783 som-

920 802 965 829 nia
989 800 1131 833 simulant,
1143 800 1369 835 amplectuntur:
1385 805 1413 828 et
1438 801 1556 835 pretiosa
1570 801 1614 829 illa
1631 809 1703 829 mar-

919 847 1016 882 garita,
1037 846 1147 874 Christo
1176 846 1317 879 nimirum,
1337 846 1443 879 relicta,
1461 847 1581 875 conchas
1599 848 1642 875 vel
1663 848 1704 875 la-

920 891 1000 927 pillos
1018 895 1193 926 congregant.
1210 890 1280 923 Quid
1290 894 1381 917 autem
1401 891 1435 918 de
1457 892 1568 919 oraculo
1579 891 1627 918 illo
1642 899 1705 926 pro-

921 936 1030 971 phetico
1053 937 1185 971 iudicant,
1203 936 1290 970 quod.
1302 936 1389 964 dicit:
1411 946 1420 962 ι
1447 936 1532 969 Quem
1548 937 1638 972 diligit
1651 936 1705 965 Do-

921 983 1014 1011 minus
1040 991 1104 1011 eum
1134 984 1260 1019 castigat,
1284 988 1313 1011 et
1331 983 1449 1019 ﬂagellat
1468 992 1549 1019 quem
1571 984 1618 1012 ﬁlii
1644 985 1706 1012 loco

922 1034 1034 1070 adoptat
1050 1035 1073 1051 "'
1089 1035 1100 1061 ?
1119 1044 1128 1060 ι
1145 1034 1293 1062 Christiani
1307 1035 1399 1069 itaque
1423 1042 1477 1062 non
1491 1035 1636 1063 traduntur
1648 1041 1708 1064 tan-

923 1088 1004 1116 quam
1026 1081 1119 1116 reiecti
1133 1086 1160 1108 et
1174 1081 1276 1109 deserti
1297 1089 1312 1108 a
1327 1081 1394 1114 Deo,
1412 1085 1442 1108 ut
1456 1081 1593 1111 Mahomet
1612 1087 1707 1117 aperte

924 1130 1058 1154 testatur:
1074 1126 1122 1153 sed
1139 1133 1189 1153 ceu
1209 1126 1258 1153 lilii
1274 1133 1357 1153 causa
1379 1126 1560 1154 correctionis
1574 1127 1616 1162 (ut
1629 1135 1709 1162 supe-

923 1170 982 1198 rius
996 1169 1115 1197 dilucide
1130 1170 1348 1198 demonstratum
1361 1170 1415 1205 est)
1427 1175 1455 1198 et
1468 1175 1579 1206 propter
1592 1171 1709 1199 aliorum

923 1214 1140 1249 resipiscentiam
1153 1219 1182 1242 et
1197 1215 1353 1243 utilitatem.
1368 1215 1475 1243 Habent
1487 1216 1560 1244 enim
1578 1216 1711 1244 Christia-

924 1259 965 1292 ni,
977 1260 1024 1295 qui
1040 1260 1112 1287 inter
1125 1264 1221 1295 gentes
1230 1265 1325 1295 agunt,
1342 1260 1524 1294 patriarchas,
1542 1261 1711 1305 sacerdotes.

924 1305 1079 1340 pontiﬁces,
1094 1313 1144 1340 per
1158 1312 1228 1339 quos
1249 1305 1464 1337 sanctiﬁcantur,
1483 1305 1630 1341 omniaque
1649 1315 1711 1342 qua:

925 1350 1088 1379 Christianis
1111 1351 1248 1378 solemnla
1274 1355 1347 1384 sunt,
1372 1351 1575 1384 administrant,
1592 1353 1620 1380 in
1640 1353 1713 1388 ipso-

926 1404 988 1424 rum
1005 1397 1118 1431 quidem
1143 1396 1300 1429 utilitatem,
1321 1396 1350 1424 in
1368 1397 1476 1432 signum
1489 1405 1554 1425 vero
1566 1398 1640 1433 quod
1660 1407 1714 1426 nec

927 1441 961 1469 ab
982 1441 1128 1476 adoptione
1154 1441 1272 1469 ﬁliorum
1295 1441 1355 1474 Dei,
1383 1449 1434 1469 nec
1448 1443 1482 1469 ab
1503 1443 1576 1470 illius
1591 1444 1712 1472 amicitia

927 1485 1090 1514 exciderint.
1115 1486 1271 1521 Agnoscant
1301 1486 1386 1521 igitur
1413 1487 1535 1519 omnino,
1556 1488 1629 1522 quod
1646 1489 1715 1524 justi

930 1530 1042 1566 quidem
1061 1530 1161 1565 sacpius
1172 1530 1199 1557 in
1218 1538 1314 1557 manus
1330 1531 1476 1564 impiorum
1493 1531 1645 1565 tradantur,
1658 1541 1714 1560 non

932 1580 962 1603 ut
978 1575 1164 1610 gloriﬁcentur
1179 1575 1266 1609 impii,
1281 1575 1327 1602 sed
1346 1580 1375 1601 ut
1385 1576 1537 1609 probentur
1548 1577 1596 1610 pii,
1611 1582 1639 1605 ct
1647 1585 1715 1605 auro

929 1620 1055 1655 puriores
1079 1619 1239 1647 reddantur.
1264 1619 1334 1652 Quid
1349 1626 1440 1647 autem
1465 1620 1499 1647 de
1511 1621 1585 1656 justo
1600 1622 1645 1649 illo
1663 1622 1715 1650 Job

930 1665 1067 1693 dicemus?
1084 1665 1191 1700 (omitto
1203 1665 1276 1692 enim
1300 1665 1391 1692 dicere
1406 1666 1441 1693 de
1458 1666 1613 1700 patriarcha
1630 1668 1716 1696 Abra-

930 1711 1005 1743 ham,
1019 1718 1081 1737 cum
1094 1715 1122 1738 et
1132 1710 1178 1737 ille
1197 1710 1229 1737 ad
1242 1715 1349 1745 tempus
1364 1710 1437 1738 inter
1452 1711 1552 1746 impios
1565 1720 1715 1740 conversa—

932 1761 975 1783 tus
993 1757 1039 1791 sit)
1061 1761 1088 1783 ct
1113 1763 1179 1783 sane
1201 1756 1234 1783 de
1257 1755 1346 1782 ferreo
1371 1756 1416 1784 illo
1432 1761 1459 1784 et
1473 1758 1647 1786 adamantino
1664 1759 1715 1787 Job

932 1802 1080 1836 interrogo.
1114 1800 1184 1827 Num
1205 1808 1255 1828 ceu
1283 1801 1407 1828 desertus
1433 1807 1461 1829 et
1480 1810 1496 1828 a
1519 1802 1574 1830 Deo
1599 1804 1718 1839 rejectus

933 1834 1048 1875 diabolo
1085 1847 1204 1874 traditus
1240 1850 1283 1874 est
1324 1851 1352 1874 ct
1387 1851 1427 1874 tot
1467 1848 1603 1884 tantisque
1628 1834 1718 1878 'malis
1769 1834 1771 1842 Α

933 1893 1080 1920 mobilibus
1108 1893 1187 1919 simul
1216 1892 1457 1928 immobilibusque
1485 1894 1637 1929 ﬂagellatus
1663 1901 1716 1930 est,

933 1934 1083 1966 liberorum
1115 1938 1221 1965 scilicet
1242 1938 1399 1971 amissione,
1429 1943 1457 1966 et
1489 1941 1592 1974 proprii
1622 1949 1719 1976 corpo-

934 1985 973 2012 ris
989 1984 1152 2011 aillictione?
1182 1984 1311 2011 Diabolus
1325 1993 1390 2012 vero
1414 1985 1460 2019 qui
1482 1986 1584 2020 justqu
1601 1987 1720 2022 ﬂagella-

936 2030 990 2061 bat.
1005 2037 1059 2056 non
1076 2033 1204 2064 lanquam
1229 2030 1332 2056 amicus
1357 2029 1402 2056 Dei
1419 2031 1555 2065 allligebat
1567 2031 1648 2064 hunc,
1664 2033 1720 2060 Deo

937 2074 1047 2109 quidem
1065 2079 1127 2101 ante
1141 2075 1345 2109 generationem
1364 2075 1443 2108 hujus
1459 2080 1565 2108 notum,
1582 2083 1721 2104 sanctum-

936 2127 990 2154 que
1008 2119 1101 2146 abillo
1118 2120 1283 2154 judicatum,
1300 2120 1459 2148 hominibus
1472 2126 1562 2148 autent
1580 2122 1723 2156 ignotum?

939 2164 1109 2198 Quapropter
1137 2164 1208 2190 Deus
1238 2171 1300 2190 cum
1322 2164 1349 2190 iu
1380 2165 1500 2191 medium
1525 2167 1620 2193 statuit
1635 2167 1723 2194 instar

942 2209 1074 2236 columnae
1090 2213 1117 2235 et
1137 2212 1232 2235 statuae
1260 2209 1399 2243 cujusdam
1416 2210 1552 2243 animatae,
1580 2212 1607 2238 in
1633 2220 1724 2239 excru-

943 2254 1017 2289 plum
1039 2258 1066 2279 et
1080 2253 1224 2280 utilitatem
1244 2254 1422 2288 posteritatis.
1437 2254 1520 2281 Miror
1538 2263 1603 2283 sane
1625 2257 1675 2283 nisi
1690 2257 1723 2284 de

943 2301 995 2327 hoc
1008 2299 1046 2326 sic
1058 2307 1166 2334 quoque
1181 2299 1254 2333 loqui
1279 2299 1405 2327 audeant.
1420 2301 1614 2335 luquircmlum
1633 2307 1722 2329 tamen

942 2350 1033 2377 est.et
1055 2353 1098 2373 res
1114 2346 1171 2380 ipsa
1196 2345 1309 2377 indicat,
1329 2346 1424 2380 quales
1441 2347 1474 2374 de
1494 2348 1548 2374 Deo
1570 2352 1597 2374 et
1613 2348 1723 2375 diahuh

941 2391 1084 2425 opiniones
1109 2390 1209 2417 habent
1234 2391 1378 2418 Mahomet.
1397 2392 1506 2419 Summa
1524 2393 1597 2421 enim
1614 2393 1724 2420 dicendi

942 2437 1068 2463 libertate
1083 2435 1234 2467 contendit,
1248 2436 1329 2463 etiam
1345 2436 1483 2464 daemones
1496 2437 1641 2465 salvaudos
1654 2438 1723 2470 fore,

943 2481 1086 2516 Origcuem
1110 2481 1240 2507 nimirum
1253 2486 1374 2508 Secutus.
1389 2483 1460 2514 Quin
1483 2484 1565 2510 etiam
1587 2485 1612 2510 in
1635 2483 1694 2518 lege
1710 2491 1726 2510 a

944 2535 973 2554 sc
1000 2527 1063 2559 lata,
1089 2526 1239 2553 Alcorrano
1269 2527 1411 2559 nimirum,
1427 2528 1466 2554 sic
1494 2528 1609 2562 inquit:
1631 2528 1726 2562 Magna

943 2573 1096 2600 daemonum
1127 2572 1270 2599 multitudo
1307 2579 1369 2599 cum
1399 2574 1456 2600 lucc
1486 2573 1538 2609 legi
1565 2575 1724 2604 audivisset.

944 2617 1077 2644 admirata
1093 2622 1145 2648 est,
1164 2622 1191 2645 et
1211 2622 1321 2652 propter
1340 2618 1391 2645 hoe
1406 2619 1497 2653 gavisa
1512 2624 1564 2650 est,
1578 2620 1625 2653 qui
1640 2619 1723 2646 etiam

946 2663 984 2690 illi
1009 2663 1152 2690 credentes
1175 2663 1289 2690 salutem
1316 2665 1455 2691 consecuti
1485 2669 1559 2691 sunt.
1585 2665 1726 2697 Quomodo

946 2712 1036 2735 autem
1071 2708 1170 2742 aliquis
1196 2708 1295 2736 salvari
1325 2710 1436 2743 poterit,
1462 2710 1513 2736 nisi
1534 2709 1609 2744 prius
1631 2709 1727 2744 resipi-

1369 2795 1451 2822 ilchr.
1474 2803 1522 2821 xu.
1544 2795 1571 2822 6.

1490 2844 1526 2870 ‘L’l
