1949 3093
236 127 286 160 653

239 193 321 214 scens
335 194 417 222 opera
433 187 496 216 fecit
510 194 570 223 quae
585 186 661 215 illum
683 186 733 214 rite
748 192 809 214 cum
832 186 887 214 Deo
904 186 1019 214 uniant?
1033 192 1054 221 Α

239 231 316 260 Tunc
341 233 414 260 enim
439 234 467 260 in
491 232 538 261 Dei
558 232 708 261 amicitiam
732 231 872 267 recipitur,
897 239 959 259 cum
979 232 1017 259 illi

239 276 333 305 unitus
357 277 442 305 fuerit
461 278 537 314 :Deq
562 283 653 306 autem
679 277 783 310 unitus,
812 277 899 304 haeres
922 277 1018 305 salutis

239 326 290 355 cst,
310 323 386 358 regni
410 324 552 356 cmlorum,
570 324 689 358 vitaeque
708 327 825 350 internae
843 322 1024 357 llujusmodi,.

239 369 361 402 inquam,
378 368 411 396 de
429 368 537 396 diabolo
559 369 702 404 opiniones
726 367 852 402 concepit
864 368 1018 396 illiusillius

238 413 385 445 Haltomet,
403 419 433 441 ut
445 414 569 449 quamvis
591 419 682 449 aperte
701 412 792 441 dicere
810 417 937 440 vereatur
957 413 1017 440 dia-

238 458 330 486 lolum
344 459 391 487 Dei
401 460 517 488 amicum
529 453 598 494 esse,
607 460 694 494 rcipsa
710 463 798 486 tamen
815 458 880 486 illud
892 458 1015 486 aliirmet.

815 127 833 158 '1
836 127 977 159 OANNIS
992 127 1257 159 CANTACUZENI

1791 125 1838 159 652

1069 186 1250 221 τολμήσουσιν
1269 185 1355 212 εἰπεῖν
1378 185 1476 218 οὕτως.
1501 185 1572 213 Ἀλλ’
1587 185 1662 221 ὅμως
1680 184 1840 220 ἐξεταστέον,
1894 196 1898 205 ι

1072 233 1117 259 καὶ
1140 232 1206 258 αὐτὸ
1229 231 1260 258 τὸ
1285 233 1401 266 πρᾶγμα
1417 231 1543 267 δηλώσει,
1566 233 1663 264 ὁποίας
1689 233 1754 260 ποτὲ
1772 233 1841 266 δόξας

1071 277 1127 312 ἔχει
1142 279 1155 304 ὸ
1169 277 1291 312 Μωάμεῦ
1312 277 1375 312 περί
1395 286 1424 304 τε
1443 278 1489 305 τοῦ
1507 278 1584 311 Θεοῦ,
1601 278 1666 312 περί
1681 287 1710 305 τε
1733 279 1780 305 τοῦ
1791 279 1840 306 δια-

1071 323 1160 349 σόλου.
1179 323 1470 358 Πεπαρῤησιασμένως
1489 324 1542 359 γὰρ
1562 324 1726 351 διατείνεται
1741 326 1782 352 ὅτι
1797 334 1842 352 σω-

1071 369 1150 404 θῆναι
1167 370 1309 404 μέλλουσιν
1331 371 1356 396 οἱ
1383 370 1521 402 δαίμονες,
1536 370 1575 405 τῷ
1596 371 1728 405 Ὦριγένει
1741 370 1844 398 ἀκολου-

1072 413 1136 440 Οῶν.
1156 414 1192 440 Οὐ
1211 414 1262 449 μὴν
1282 414 1347 440 ἀλλὰ
1365 415 1412 442 καὶ
1433 415 1496 449 περὶ
1519 415 1564 442 τοῦ
1582 417 1646 450 παρ’
1670 416 1751 443 αὐτοῦ
1772 418 1844 442 ἑκτι-

1071 458 1168 490 οέντος
1181 459 1273 493 vium,
1295 459 1340 486 τοῦ
1361 461 1471 495 1(ορρἁ
1490 460 1622 495 δηλονότι,
1640 462 1738 488 οὑτωσί
1754 470 1842 496 φησιν,

236 505 278 532 ὅτι
297 507 380 542 πολλὴ
402 507 456 534 τῶν
470 508 606 543 δαιμόνων
639 506 754 542 πληθὺς,
774 506 854 533 τοῦτο
885 506 1049 538 ἀκούσαντες
1067 507 1332 542 ὁναγινωσκόμενον,
1366 507 1546 542 ἐθαύμασαν,
1573 510 1619 535 καὶ
1648 509 1722 536 τοῦθ’
1756 509 1843 536 ἕνεκεν

236 554 384 589 ἐχάρησαν,
402 557 449 582 καὶ
468 555 659 585 πιστεύσαντες
675 555 760 589 αὐτῷ,
782 554 932 588 ἐσώθησαν.
949 555 1010 585 Ili);
1029 554 1084 588 γὰρ
1103 555 1215 581 δύναταί
1247 563 1288 586 τις
1313 555 1445 589 σωθῆναι,
1462 556 1510 583 ἐὰν
1537 557 1574 592 μὴ
1608 558 1741 591 πρότερον
1766 566 1843 591 μετα-

236 601 347 635 νοπήας,
365 602 466 637 ποιήσῃ
491 601 560 636 ἔργα
578 601 639 633 ἀξια
665 600 798 634 ἐνωθῆναι
829 601 899 634 Θεῷ,
922 602 969 628 καὶ
990 601 1049 628 τότε
1069 601 1145 635 φίλος
1157 601 1223 627 Θεοῦ
1237 603 1360 636 γένηται,
1376 603 1486 634 ένωθεὶς
1504 603 1594 638 αὑτῷ;
1615 603 1660 638 Τῷ
1674 604 1733 639 Θεῷ
1743 604 1771 629 δὲ
1784 604 1844 630 ἑνω-

237 645 302 677 υεὶς,
327 645 490 679 κληρονομεῖ
510 646 647 681 σωτηρίαν
668 646 714 672 καὶ
737 646 786 681 τὴν
805 645 945 680 βασιλείαν
963 646 1016 672 τῶν
1035 646 1169 680 οὐρανῶν,
1186 646 1225 672 ἔτι
1245 655 1276 680 γε
1293 647 1347 682 μὴν
1378 649 1424 674 καὶ
1441 648 1516 682 ζωὴν
1535 648 1584 683 τὴν
1600 649 1721 676 αἰώνιον.
1751 649 1844 675 Τοιαύ-

235 698 286 720 τας
319 690 397 722 δόξας
419 690 475 725 ἔχει
500 691 563 726 περὶ
586 691 633 718 τοῦ
668 692 792 718 διαὸόλου
814 692 828 718 ὸ
849 691 905 723 υίὸς
926 691 1008 718 αὑτοῦ
1037 693 1051 718 ό
1070 691 1205 727 Μωάμεθ,
1228 692 1297 719 ὥστε
1322 693 1373 720 κᾶν
1404 695 1453 721 καὶ
1480 696 1513 730 τῇ
1530 694 1601 727 λέξει
1625 696 1754 730 ἐφείσατο
1771 695 1845 723 τοῦτο

236 739 335 772 εἰπεῖν,
353 738 430 773 φίλον
443 738 512 766 Θεοῦ
532 738 577 765 τὸν
591 739 726 772 διάϐολον,
744 740 812 766 ἀλλά
827 748 859 773 γε
875 740 913 773 τῷ
929 739 1071 775 πράγματι
1088 739 1173 772 οὕτως
1187 741 1268 767 αὐτὸν
1283 741 1452 776 ἀπεφήνατο.

387 805 420 832 IN
440 805 655 833 MAHOMETEM
674 805 802 833 ORATIO
821 805 866 833 Ill.

272 861 535 896 LQuandoquidem
551 861 584 888 de
598 861 725 888 absurdis
745 862 908 896 quibusdam
924 861 1015 888 Maho-

237 912 317 935 metis
337 907 513 942 opinionibus
537 906 656 933 diximus
684 907 819 940 superius,
839 907 1017 942 inspiciamus

1194 805 1287 833 ΚΑΤΑ
1307 805 1376 832 ΤΟΥ
1393 805 1540 834 ΜΩΛΜΕΘ
1559 806 1667 834 ΛΟΓΟΣ
1687 806 1725 834 Γ.

1105 863 1140 887 α’.
1165 859 1275 894 Ἐπειδὴ
1290 860 1354 895 περὶ
1374 869 1454 887 τινων
1464 859 1511 887 τοῦ
1524 860 1647 896 Mucisz
1664 861 1845 897 ἀτοπημάτων

1070 905 1223 938 φθάσαντες
1248 905 1371 942 εἴπομεν,
1391 906 1468 943 -φέρε
1493 906 1525 941 δὴ
1558 907 1735 942 σκεψώμεθα,
1768 908 1846 934 ὁποῖά

238 960 312 980 nunc
325 960 449 987 quaenam
473 952 506 980 dc
523 952 664 980 Salvatore
679 957 770 980 nostro
786 952 896 980 Christo
911 958 938 980 et
952 960 1015 980 vero

1069 960 1134 978 ποτε
1155 952 1202 978 καὶ
1225 952 1350 988 περὶτοῦ
1371 952 1498 988 Σωτῆρος
1515 952 1633 987 Χριστοῦ
1651 953 1695 979 τοῦ
1719 953 1846 988 ἀληθινοῦ

237 999 292 1025 Deo
318 1003 413 1026 nostro
428 998 511 1025 miser
537 998 583 1025 ille
609 998 707 1025 sentiat
729 999 890 1030 doceatque.
912 998 1016 1026 Revera

236 1043 310 1070 enim
340 1043 392 1070 hoc
408 1049 503 1069 verum
518 1047 582 1069 est:
601 1051 610 1067 ι
639 1042 709 1069 ἱῖίιιὶι
734 1042 865 1076 insipiens
893 1042 920 1069 in
935 1042 1017 1070 corde

237 1095 297 1121 suo,
309 1088 370 1115 Non
389 1091 431 1115 est
452 1088 524 1115 Deus
538 1087 569 1114 ⁵³.
588 1097 597 1114 ι
624 1087 673 1114 llic
698 1087 772 1114 enim
788 1086 950 1115 Trinitatem
968 1096 1017 1115 ne-

236 1138 291 1167 gat,
308 1133 392 1160 Deum
408 1137 498 1159 tamen
526 1139 585 1160 esse
605 1132 705 1159 fatetur
733 1137 883 1159 creatorem
912 1133 973 1159 σαείὶ
989 1137 1017 1160 ct

237 1182 331 1210 terrae,
346 1177 503 1212 angelorum
522 1181 550 1204 et
569 1176 723 1208 hominum,
740 1177 885 1210 omnisque
909 1182 1016 1204 creatu-

237 1231 285 1255 rw,
305 1223 389 1249 (ilium
420 1230 475 1249 non
500 1222 658 1254 habentem,
678 1226 771 1256 utpote
795 1229 857 1248 cum
881 1222 940 1250 sine
959 1231 1018 1250 mu-

237 1268 304 1295 liere
335 1267 408 1295 hunc
434 1267 561 1302 genuisse
593 1273 649 1294 non
674 1267 710 1294 sit
735 1267 876 1301 possibile,
895 1267 1017 1295 haeretici

236 1313 409 1347 Carpocratis
423 1312 581 1346 opinionem
604 1315 725 1344 secutus,
747 1313 883 1338 carnalem
901 1312 1018 1340 arbitra-

238 1363 282 1385 tus
312 1365 373 1385 esse
408 1357 455 1385 Dei
481 1357 697 1392 generationem.
728 1356 900 1391 Quapropter
933 1358 1015 1386 etiam

235 1401 350 1430 dissidia
378 1402 450 1429 inter
475 1396 568 1429 D'eum'
586 1401 695 1430 Patrem
724 1405 755 1430 et
776 1401 873 1429 Filium
897 1410 957 1431 esse
970 1411 1017 1438 po-

238 1449 322 1475 tuisse
334 1447 510 1474 existimavit.
522 1447 600 1480 Quod
619 1447 643 1474 si
664 1447 833 1482 impossibile
848 1452 890 1475 est
905 1453 934 1475 ut
945 1448 1017 1476 Deus

236 1493 295 1521 sine
317 1493 433 1520 muliere
461 1493 558 1520 Filium
580 1493 690 1526 habeat,
716 1493 810 1520 dicant
839 1493 921 1521 etiam
939 1494 1016 1522 illum

237 1546 289 1566 nec
316 1543 467 1567 creatorem
496 1545 568 1571 esse,
589 1546 639 1567 nec
661 1539 787 1574 opilicem
803 1539 863 1566 sine
880 1540 1016 1575 proposita

238 1584 290 1612 sibi
312 1585 441 1618 materia,
456 1585 533 1620 juxta
563 1584 745 1620 insipientiam:
763 1584 918 1613 Grmcorum
948 1585 1015 1613 doc-

238 1631 334 1659 trinam
339 1650 346 1658 .

270 1677 299 1704 2.
312 1676 341 1705 Si
360 1683 426 1704 vero
445 1676 517 1704 Deus
532 1676 629 1704 Filium
647 1675 785 1710 habuerit,
803 1677 887 1704 etiam
904 1676 1018 1705 dissidia

236 1724 309 1751 inter
337 1722 398 1750 illos
421 1722 605 1755 exoriuntur,
627 1727 659 1750 ut
683 1723 710 1750 in
739 1723 828 1757 capite
855 1721 1018 1749 Helmom'im

236 1769 343 1802 asserit,
357 1769 467 1797 Judzos
490 1769 572 1796 simul
587 1773 615 1796 et
631 1769 721 1803 ipsum
739 1774 852 1796 secutus
867 1768 1018 1803 Carpocra-

237 1819 302 1841 tem.
313 1814 369 1842 Nos
390 1821 455 1841 vero
469 1813 502 1841 de
518 1813 561 1841 his
579 1814 734 1848 singulatim
753 1813 780 1840 in
799 1814 930 1848 Apologia
947 1813 1017 1840 dixi-

236 1867 307 1890 mus,
325 1863 504 1893 quapropter,
528 1862 558 1885 ut
587 1865 669 1892 supra
685 1866 793 1893 quoque
819 1858 948 1891 diximus,
963 1867 1017 1886 non

237 1904 408 1931 instituimus
422 1903 456 1930 de
474 1903 517 1930 his
539 1903 678 1937 copioslus
693 1903 870 1931 contendere.
883 1903 1016 1936 Quoniam

235 1955 301 1975 vero
330 1948 357 1974 in
380 1946 508 1982 praesenti
536 1946 600 1973 huic
628 1946 770 1974 manifeste
795 1947 1016 1981 contradicimus,

236 1992 350 2020 audiant
374 1999 466 2026 quaeso
493 1990 700 2018 Mahometistae.
716 1991 852 2018 Mahomet
876 1991 921 2019 hic
938 1992 1016 2019 Chri-

236 2042 307 2064 stum
323 2044 374 2064 nec
405 2037 489 2064 Deum
512 2043 572 2063 esse
596 2036 688 2069 sentit,
706 2044 757 2063 nec
780 2036 827 2063 Dei
845 2037 952 2070 Filium,
967 2038 1015 2066 sed

235 2083 339 2110 nudum
363 2082 513 2114 hominem,
531 2086 560 2108 ut
586 2086 614 2108 et
632 2082 753 2117 reliquos
772 2083 935 2114 onmcs,scd
952 2091 1015 2110 san-

235 2133 319 2160 ctum,
345 2127 529 2162 omnibusque
552 2127 711 2155 hominibus
737 2127 796 2154 sine
829 2128 1015 2156 controversia

235 2173 462 2206 excellentiorem,
484 2177 514 2200 ut
531 2173 612 2201 etiam
628 2173 771 2200 Nestorius
787 2173 879 2200 sensit.

270 2219 337 2245 5.111
355 2219 442 2254 capite
458 2222 550 2246 autem
575 2217 684 2251 Elnesa,
703 2217 775 2252 quod
793 2218 915 2245 mulieres
927 2219 1012 2254 signi-

235 2265 307 2297 ﬁcat,
324 2265 364 2312 sic
387 2264 444 2312 ait,
460 2264 531 2312 quod
556 2263 683 2312 Christus
712 2263 792 2312 Jesus
822 2264 908 2312 ﬁlius
921 2265 1013 2292 Maria;
1029 2284 1051 2312 υ

234 2317 324 2336 sermo
339 2309 394 2344 [Dei
405 2309 450 2342 sit,
467 2309 557 2336 anima
580 2309 640 2342 Dei,
653 2313 679 2336 et
692 2309 804 2344 spiritus
819 2309 877 2336 Dei.
898 2309 1013 2344 Incipia-

235 2362 295 2380 mus
310 2362 374 2388 crgo
386 2354 420 2381 ab
446 2353 532 2388 ipsius
559 2353 718 2381 Mahometis
735 2354 914 2381 confessione.
936 2354 1012 2387 Quod

234 2400 305 2426 sicut
332 2400 365 2426 ad
384 2400 531 2434 prophetas
561 2406 651 2427 sermo
679 2399 725 2426 Dei
741 2399 827 2426 factus
844 2405 896 2432 est,
910 2405 936 2427 ct
953 2408 1015 2434 pro-

236 2446 323 2480 pheta:
340 2445 415 2471 illum
430 2444 588 2472 hominibus
607 2444 839 2471 annuntiaverunt
855 2445 915 2471 :sic
928 2445 1011 2471 etiam

228 2491 360 2520 Christus
380 2495 520 2524 acceptum
535 2497 550 2516 a
566 2490 621 2517 Deo
648 2496 803 2516 sermonem
822 2489 948 2516 homines
960 2489 1010 2516 do-

228 2530 301 2569 Tcuit,
325 2539 354 2563 et
381 2540 534 2570 propterea.
551 2540 582 2562 ut
604 2534 739 2562 Mahomet
765 2534 839 2561 hunc
870 2535 1012 2561 nominare

235 2582 313 2613 solet,
325 2580 455 2615 propheta
472 2580 583 2613 dicitur,
603 2579 781 2614 omniumque
801 2579 945 2612 maximus,
960 2579 1014 2606 imo

232 2627 292 2661 ipse
314 2627 361 2653 Dci
384 2626 490 2657 Sermo,
514 2625 561 2659 qui
576 2624 606 2651 lit
624 2624 698 2658 quod
713 2625 804 2651 nullus
820 2631 937 2658 unquam
951 2632 1015 2658 pro-

234 2673 378 2707 phetarum
393 2671 489 2698 Sermo
500 2671 547 2698 Dei
567 2670 656 2697 dictus
666 2670 711 2702 sit,
723 2669 771 2697 sed
785 2670 884 2703 singuli
896 2670 1014 2697 nominis

235 2717 338 2753 proprii
361 2715 588 2751 signiﬁcationem
613 2714 795 2742 retinuerint?
819 2713 896 2746 Quod
926 2713 949 2740 si
966 2721 1015 2741 au-

268 2805 292 2821 ⁵⁸
310 2801 380 2832 Psal.
401 2810 461 2835 xui,
479 2804 505 2831 1.

1032 1621 1055 1651 C

1068 996 1135 1023 Θεοῦ
1148 997 1225 1030 ἡμῶν
1237 998 1251 1023 ὸ
1264 997 1379 1035 δείλαιος
1391 995 1469 1028 οὗτος
1482 998 1576 1032 φρονεῖ
1589 999 1637 1024 καὶ
1650 998 1846 1025 διδάσκει.¹ον-

1067 1050 1120 1073 τως
1134 1042 1188 1075 γὰρ
1208 1041 1321 1077 ἀλήθεια
1341 1041 1426 1073 ὸντως
1437 1042 1478 1075 τὸ,
1501 1051 1510 1068 ι
1527 1040 1611 1069 Εἶπεν
1624 1042 1718 1078 ἄφρων
1735 1043 1764 1069 ἐν
1779 1051 1847 1078 καρ-

1067 1088 1112 1122 δίᾳ
1135 1088 1228 1119 αὑτοῦ,
1255 1088 1312 1114 Οὐκ
1331 1088 1389 1114 ἔστι
1409 1088 1485 1119 Θεός.
1507 1098 1517 1114 ι
1544 1085 1628 1120 Οὗτος
1650 1090 1771 1123 ἀρνεῖται
1797 1089 1845 1124 μὲν

1067 1134 1116 1167 τὴν
1132 1133 1245 1168 Τριάδα,
1261 1133 1389 1168 ὁμολογεί
1403 1132 1432 1160 δὲ
1450 1134 1516 1160 Θεὸν
1537 1135 1653 1169 ποιητὴν
1671 1133 1786 1169 οὐρανοῦ
1799 1135 1846 1161 καὶ

1068 1179 1130 1212 γῆς,
1146 1179 1270 1212 ἀγγέλων
1286 1187 1315 1205 τε
1327 1179 1374 1206 καὶ
1386 1179 1538 1214 ἀνθρώπων
1553 1181 1599 1205 καὶ
1614 1179 1703 1215 πάσης
1720 1179 1846 1214 κτίσεως,

1066 1225 1123 1250 υἱὸν
1137 1224 1174 1259 μὴ
1188 1224 1291 1258 ἔχοντα.
1314 1224 1390 1250 Ἐπεὶ
1407 1224 1473 1260 μηδὲ
1486 1225 1649 1260 γεννηθῆναι
1661 1226 1718 1251 ἐστι
1735 1225 1845 1253 δυνατὸν

1067 1268 1130 1296 ἄνευ
1151 1269 1290 1302 γυναικὸς,
1306 1269 1436 1305 αἱρετικῴ
1460 1270 1655 1304 Καρποκράτει
1681 1270 1845 1303 ἀκολουθῶν,

1067 1314 1200 1350 σαρκικὴν
1215 1312 1284 1341 εἶναι
1304 1314 1417 1348 νομίσας
1430 1315 1480 1350 τὴν
1496 1314 1541 1341 τοῦ
1558 1314 1625 1341 Θεοῦ
1638 1315 1774 1349 γέννησιν.
1792 1317 1847 1343 Καὶ

1065 1360 1109 1386 διὰ
1120 1361 1197 1387 τοῦτο
1215 1362 1262 1387 καὶ
1277 1362 1413 1396 σχίσματα
1436 1358 1521 1395 μέσον
1535 1361 1641 1396 Πατρὸς
1656 1361 1704 1388 καὶ
1720 1361 1783 1388 Υίοῦ
1797 1361 1845 1388 δύο

1066 1404 1164 1432 νασθαι
1189 1403 1257 1432 εἶναι
1284 1406 1420 1440 ἐνόμισεν.
1450 1405 1482 1431 Εί
1499 1405 1553 1440 γὰρ
1571 1406 1616 1432 ¹ιὸν
1633 1405 1699 1432 Θεὸν
1715 1406 1844 1433 ἀδύνατόν

1066 1451 1140 1478 ἔστιν
1165 1451 1220 1478 υἱὸν
1245 1451 1318 1486 ἔχειν
1344 1450 1408 1477 ἄνευ
1433 1451 1572 1485 γυναικὸς,
1592 1451 1748 1486 λεγέτωσαν
1765 1452 1846 1479 αὑτὸν

1068 1496 1137 1532 μηδὲ
1158 1496 1275 1531 ποιητὴν
1300 1497 1346 1522 καὶ
1365 1496 1531 1531 δημιουργὸν
1558 1496 1605 1522 καὶ
1632 1497 1745 1531 κτίστην
1776 1494 1847 1524 εῐιπαι

1066 1535 1129 1568 ἄνευ
1152 1540 1391 1577 προϋποκειμένης
1414 1540 1492 1576 ὕλης,
1514 1541 1553 1572 ὡς
1574 1541 1598 1567 oi
1617 1539 1734 1576 ἄφρονες
1749 1541 1850 1577 Ἐλλη-

1068 1595 1112 1619 νες
1130 1587 1318 1622 ὲδογμάτισαν.

1105 1674 1137 1708 β’.
1155 1674 1188 1700 Et
1200 1673 1228 1701 δὲ
1244 1674 1292 1701 καὶ
1307 1674 1364 1701 υίδν
1386 1671 1460 1710 εἶχεν
1472 1675 1486 1701 ὸ
1500 1674 1577 1708 Θεὸς,
1599 1674 1647 1702 καὶ
1663 1675 1799 1710 σχίσματα
1815 1676 1850 1703 ἂν

1068 1717 1192 1751 ἐγένοντο
1210 1718 1293 1752 μέσον
1318 1719 1419 1751 αὐτῶν,
1444 1718 1482 1750 ὥς
1498 1727 1579 1754 φησιν
1604 1720 1633 1746 ἐν
1646 1719 1685 1754 τῷ
1706 1721 1850 1756 κεφαλαίῳ

1067 1762 1108 1798 τῷ
1127 1763 1306 1798 Ἐλμωνιεὶμ,
1336 1764 1474 1796 Ἰουδαίοις
1494 1765 1541 1791 καὶ
1565 1764 1641 1799 αὑτῷ
1670 1765 1710 1800 τῷ
1734 1766 1850 1801 Καρπο-

1068 1808 1166 1842 κρᾶτει
1182 1808 1347 1835 ἀκολουθῶν.
1372 1809 1467 1842 Ἡμεῖς
1483 1809 1549 1842 γοῦν
1565 1808 1629 1843 περὶ
1649 1809 1745 1835 τούτου
1771 1818 1853 1844 μερι-

1068 1853 1124 1884 κῶς
1148 1852 1298 1891 φθάσαντες
1322 1853 1435 1888 εἴπομεν
1452 1854 1480 1880 ὲν
1503 1854 1536 1888 τῇ
1561 1854 1715 1889 ἀπολογίᾳ”
1739 1853 1780 1881 διὸ
1799 1855 1852 1882 οὐκ

1067 1897 1165 1933 ἔχομεν
1179 1899 1278 1925 σκοπὸν
1293 1899 1431 1926 ἀντειπεῖν
1452 1899 1696 1933 πεπλατυσμένως,
1714 1898 1752 1931 ὼς
1772 1900 1853 1935 εῐρη-

1066 1951 1122 1969 ται.
1144 1943 1221 1969 Ἐπεὶ
1237 1943 1265 1970 δὲ
1280 1943 1350 1970 κατὰ
1369 1945 1400 1970 τὸ
1416 1944 1504 1979 παρὸν
1523 1944 1628 1979 τρανῶς
1647 1944 1722 1979 αὐτῷ
1744 1945 1853 1972 ἀντιλέ-

1067 1996 1161 2022 γομεν,
1178 1989 1350 2016 ἀκουέτωσαν
1368 1989 1391 2015 υί
1404 1989 1450 2015 τοῦ
1466 1989 1587 2024 Μωάμεθ
1599 1989 1750 2018 ἀκόλουθοι.
1763 1988 1852 2023 Οὗτος

1066 2033 1080 2059 ὁ
1095 2034 1216 2067 Μωάμεθ
1228 2035 1273 2061 τὸν
1295 2035 1412 2070 Χριστὸν
1423 2034 1483 2061 οὗτε
1498 2035 1565 2062 Θεὸν
1579 2036 1687 2070 φρονεῖν
1703 2035 1764 2062 οὔτε
1783 2036 1852 2064 Υἱὸν

1066 2078 1230 2112 Θεοΰ,ψιλὸν
1241 2078 1263 2104 δ’
1274 2079 1417 2112 ἄνθρωπον
1433 2079 1469 2111 ὠς
1489 2080 1552 2110 τοὺς
1568 2081 1671 2110 πάντας
1688 2079 1852 2115 ἀνθρώπους

1065 2123 1113 2150 καὶ
1126 2123 1214 2157 ἆγιον,
1224 2124 1272 2149 καὶ
1291 2123 1361 2157 ὑπὲρ
1375 2123 1483 2150 ἅπαντα
1496 2124 1637 2158 ἄνθρωπον
1661 2124 1850 2160 ἁσυγκρίτως,

1064 2169 1203 2204 Νεστορίῳ
1218 2169 1383 2196 ἀκολουθῶν.

1100 2213 1133 2248 γ’.
1144 2214 1187 2240 Ἐν
1195 2215 1222 2240 δὲ
1231 2215 1267 2249 τῷ
1282 2215 1420 2250 κεφαλαίῳ
1431 2215 1470 2250 τῷ
1488 2214 1610 2248 Ἐλνεσᾶ,
1620 2215 1687 2250 ὅπερ
1696 2215 1854 2251 ἑρμηνεύε-

1064 2268 1109 2286 ται
1123 2259 1379 2294 γυναῖκες,οὐτωσί
1392 2269 1484 2295 φησιν,
1497 2261 1537 2287 ὅτι
1551 2262 1564 2287 ό
1575 2261 1714 2295 Χριστὸςό
1731 2261 1854 2296 Ἰησοῦς,

1064 2307 1078 2332 ὁ
1087 2305 1143 2336 υἱὸς
1153 2306 1199 2339 τῆς
1208 2306 1326 2340 Μαρίας,
1336 2306 1413 2339 λόγος
1422 2306 1499 2339 Θεοῦ,
1506 2307 1631 2342 καὶψυχὴ
1638 2306 1715 2340 Θεοῦ,
1723 2306 1855 2340 καὶπνοὴ

1065 2351 1144 2378 Θεοῦ.
1167 2350 1324 2385 Ἀρξώμεοα
1343 2352 1431 2377 τοίνυν
1457 2351 1511 2377 ἀπὸ
1537 2351 1586 2385 τῆς
1613 2351 1696 2377 αὑτοῦ
1722 2351 1855 2386 Μωάμεθ

1066 2396 1221 2431 ὁμολογίας.
1243 2396 1274 2422 Et
1291 2396 1339 2430 μὲν
1362 2395 1419 2429 οὖν,
1443 2396 1538 2431 ὥσπερ
1559 2396 1598 2427 είς
1623 2395 1685 2427 τοὺς
1704 2397 1856 2431 προφήτας

1067 2442 1177 2476 ἐγένετο
1203 2441 1280 2474 λόγος
1303 2441 1382 2474 Θεοῦ,
1407 2442 1455 2468 κα)⁵
1477 2442 1501 2467 ol
1526 2441 1665 2476 προφῆται
1680 2441 1776 2467 τοῦτον
1794 2443 1859 2474 τοῖς

1064 2487 1220 2521 ἀνθρώποις
1240 2486 1385 2521 ἐλάλησαν,
1401 2486 1471 2512 οὕτω
1486 2487 1534 2512 καὶ
1545 2487 1558 2512 ὁ
1571 2486 1688 2521 Χριστὸς
1701 2486 1860 2521 δεξάμενος

1065 2532 1111 2558 τὸν
1131 2531 1178 2558 τοῦ
1192 2531 1259 2557 Θεοῦ
1280 2531 1369 2565 λόγον,
1381 2532 1436 2562 τοῖς
1448 2531 1602 2566 ἀνθρώποις
1617 2530 1728 2563 ἐδίδαξε,
1743 2531 1795 2557 καὶ
1805 2531 1860 2558 διὰ

1065 2577 1145 2604 τοῦτο
1159 2576 1321 2612 ὀνομάζεται
1339 2578 1384 2603 καὶ
1401 2578 1554 2612 προφήτης,
1570 2577 1608 2608 ὡς
1628 2577 1642 2603 ό
1662 2576 1787 2611 Μωάμεο
1803 2585 1862 2603 ua.-

1065 2623 1118 2655 λεῖ,
1135 2625 1182 2649 καὶ
1204 2623 1332 2657 μέγιστος
1348 2622 1467 2653 πάντων,
1487 2622 1534 2648 καὶ
1552 2621 1647 2648 τούτου
1664 2622 1747 2648 ἕνεκα
1761 2622 1861 2656 Λόγος

1065 2668 1134 2694 Θεοῦ
1154 2667 1318 2702 ὀνομάζεται
1332 2675 1338 2682 ·
1357 2667 1415 2698 πῶς
1430 2666 1516 2698 οὐδεὶς
1529 2666 1582 2693 τῶν
1593 2666 1742 2702 προφητῶν
1760 2667 1862 2701 Λόγος

1066 2713 1134 2739 Θεοῦ
1152 2712 1297 2747 ὠνομάσθη
1316 2713 1391 2746 ποτε,
1414 2712 1471 2739 ἀλλ’
1495 2713 1611 2744 ἕκαστος
1635 2711 1689 2739 ἀπὸ
1709 2712 1757 2739 τοῦ
1783 2712 1860 2740 ιδῖου
