1949 3093
80 164 131 195 653

566 165 713 196 CONTRA
734 162 976 195 MAIIOMETEM
998 162 1139 193 ORATIO
1159 162 1217 193 Ιιῐ.

1635 160 1689 193 654

79 218 209 252 ὀνόματος
225 217 282 252 ἔχει
305 218 354 254 τὴν
371 219 527 254 σημασίαν;
550 221 581 247 Εἰ
595 222 623 247 δὲ
646 221 724 247 τοῦτο
747 220 796 254 μὲν
809 220 859 245 οὐκ

917 221 967 244 lem
978 217 1036 245 haec
1049 217 1119 244 ratio
1130 217 1202 244 nulla
1219 216 1311 250 fuerit,
1330 216 1378 244 sed
1396 216 1419 244 si
1436 221 1577 251 propterea
1594 217 1690 245 Sermo

79 264 163 295 ἔστιν,
182 264 239 290 ἀλλ’
253 265 291 296 ὡς
305 264 385 298 δῆθεν
401 265 485 292 ἐλθὼν
509 267 524 292 6
548 267 728 301 ἀρχάγγελος,
745 264 805 292 εἰπε
822 267 856 300 τῇ

78 308 287 343 κεχαριτωμένη
316 309 445 344 παρθένῳ
468 310 561 346 Μαρίᾳ
578 311 623 337 τὸν
648 310 857 345 εὐαγγελισμδν,

78 354 149 380 κατὰ
162 353 241 380 τοῦτο
254 353 341 388 Λόγος
364 354 433 381 Θεοῦ
447 355 461 381 ό
476 356 595 390 Χριστὸς
613 355 788 390 ὀνομάζεται,
805 355 859 382 ἔδει

79 399 172 425 λοιπὸν
188 399 235 426 καὶ
247 399 293 425 τδν
314 400 362 426 τοῦ
381 400 482 426 Μανωε
496 401 553 427 υἱὸν
572 400 619 426 τὸν
638 399 758 436 Σαμψὼν
773 401 862 434 Λόγον

78 443 145 470 Θεοῦ
161 443 353 478 ὀνομάζεσθαι,
365 444 425 470 ἐπεὶ
438 446 563 476 κάκεῖνος
575 445 605 478 ιε
618 445 781 479 ἐπαγγελίας
791 445 859 472 Θεοῦ

78 489 222 524 ἐγεννήθη.
240 489 372 523 Ἀγγελος
400 490 453 525 γὰρ
483 490 569 518 ἐλθὼν
594 491 712 526 ἐδήλωσε
731 491 780 526 τὴν
798 491 860 517 10:3-

78 543 124 561 του
150 534 289 570 γέννησιν.
321 535 403 562 Ἀλλὰ
427 536 474 563 καὶ
499 536 543 563 τὸν
565 537 613 563 τοῦ
640 536 776 572 Ζαχαρίου
801 536 860 562 υίὺν

85 580 220 616 Ἰωάννην,
245 581 291 608 καὶ
312 581 394 608 αὑτὸν
417 581 518 616 ὁμοίως
533 581 563 614 ἑξ
578 582 742 615 ἐπαγγελίας
762 590 860 616 γεννη-

78 626 171 659 θέντα,
191 626 276 660 Λόγον
299 627 495 661 ὀνομασθῆναι,
521 627 566 654 διὰ
590 627 620 654 τὸ
647 626 793 662 λαληθῆναι
821 627 860 662 τῷ

79 671 204 707 Ζαχαρία
227 671 261 698 δι’
288 671 405 706 ἀγγέλου
423 672 474 708 τὴν
499 673 596 699 τούτου
623 673 758 707 γέννησιν.
784 673 862 699 Ἐπεὶ

78 715 125 744 οὖν
139 717 202 744 οὔτε
215 718 359 753 προφήτης
372 718 519 754 ὠνομάσθη
533 719 598 745 ποτὲ
612 719 696 753 Λόγος
709 719 790 750 Θεοῦ,
804 719 862 746 ἀλλ’

78 763 139 790 οὐδὲ
151 763 193 794 τὶς
204 762 234 795 ἐξ
249 763 415 798 ἐπαγγελίας
428 763 577 799 γεννηθεὶς,
587 764 641 799 ἄρα
656 764 710 790 οὐδ’
723 765 736 790 6
745 763 862 799 Χριστὸς

79 808 227 843 ὠνομάσθη
239 808 325 842 Λόγος
342 808 410 835 Θεοῦ
436 809 481 836 διὰ
502 807 532 835 τὸ
550 807 596 836 τὸν
615 808 730 843 ἄγγελον
746 808 862 843 λαλῆσαι

79 855 113 889 τῇ
137 855 265 890 παρθένῳ
280 853 376 890 Μαρίᾳ
400 854 446 881 τὸν
461 854 617 889 ἀσπασμὸν,
631 854 648 889 ἢ
663 853 695 880 τὸ
710 854 759 890 τὴν
781 853 862 889 βασι·

908 263 956 290 Dei
971 262 1081 293 dicitur,
1108 261 1181 296 quod
1209 261 1390 296 arehangelus
1415 261 1524 288 Gabriel
1539 261 1689 290 adveniens

910 307 1016 342 Virgini
1031 307 1116 342 gratia
1132 307 1219 342 plena;
1234 307 1354 334 faustum
1366 306 1432 334 illud
1445 307 1571 334 nuntium
1584 315 1692 334 annun-

909 353 996 384 tiavit,
1008 353 1152 387 oportebat
1174 356 1250 380 certe
1272 357 1300 379 et
1316 352 1476 380 Samsonem
1489 352 1591 379 Manoae
1606 352 1692 380 tilium

908 399 1005 426 eodem
1020 398 1131 426 nomine
1150 398 1293 433 appellari.
1309 398 1439 432 quoniam
1462 401 1490 425 et
1505 398 1563 433 ipse
1577 406 1609 425 ex
1627 406 1692 433 pro-

911 443 1043 471 missione
1069 443 1117 471 Dei
1144 448 1227 471 natus
1249 447 1301 472 est.
1313 443 1434 478 Angelus
1448 443 1521 470 enim
1547 444 1694 471 adveniens

910 489 985 516 illius
1009 489 1212 523 generationem
1240 489 1377 522 exposuit.
1401 489 1472 522 Quin
1504 493 1532 517 ct
1557 489 1694 517 Zacharia:

912 535 997 561 lilium
1022 535 1154 562 Joannem
1181 534 1309 562 similiter
1336 542 1369 561 ex
1385 534 1567 569 promissione
1588 540 1693 567 natum,

911 579 1070 607 Sermonem
1090 580 1137 607 Dei
1157 581 1246 607 vocari
1273 583 1391 614 oportet,
1409 585 1555 614 propterea
1569 580 1641 614 quod
1655 580 1695 614 ip-

912 626 969 653 sius
999 625 1131 653 nativitas
1156 626 1296 653 Zachariae
1321 633 1370 660 per
1392 624 1517 660 angelum
1534 625 1695 652 annuntiata
1723 648 1726 651 .

912 670 958 697 sit.
985 670 1212 705 Quandoquidem
1244 671 1328 706 igitur
1356 678 1406 698 nec
1436 671 1569 705 propheta
1596 670 1696 705 aliquis

912 713 1008 741 Sermo
1024 715 1072 742 Dei
1087 719 1202 742 vocatus
1217 719 1268 747 est,
1285 722 1336 742 nec
1347 715 1446 750 aliquis
1469 723 1502 743 ex
1515 715 1697 750 promissione

912 765 1004 793 natus,
1020 765 1094 788 certe
1107 767 1158 788 nec
1171 760 1297 788 Christus
1323 760 1418 788 Sermo
1443 761 1489 788 Dei
1513 761 1614 788 dicitur
1633 767 1698 795 pro-

912 809 1015 839 pterea.
1038 805 1112 840 quod
1130 805 1245 840 angelus
1261 805 1361 840 virgini
1383 806 1473 833 Marias
1485 807 1599 834 salutem
1617 807 1696 834 dixe-

913 851 960 882 rit,
978 854 1025 878 aut
1052 850 1125 885 quod
1149 851 1173 877 is
1197 858 1310 885 regnum
1338 851 1387 878 Dei
1416 853 1629 879 annuntiaverit.
1642 852 1697 880 Sed

80 899 155 926 λείαν
170 889 217 926 τοῦ
240 899 307 926 Θεοῦ
331 889 563 934 εὐαγγελίσασθαι
587 900 634 926 τὸν
653 899 780 934 Χριστὸν,
805 898 862 926 ἀλλ’

917 895 966 922 alia
989 895 1106 929 quadam
1133 895 1251 928 ratione,
1280 903 1360 930 quam
1388 895 1523 931 ignoravit
1548 897 1696 931 Mahomet,

81 943 166 978 ἑτέρῳ
180 943 234 969 τινὶ
255 943 338 978 λόγῳ,
355 943 385 970 6v
398 943 448 969 οὐκ
462 940 532 970 οῐδεν
559 944 573 970 6
595 943 728 978 Μωάμεθ.
752 944 784 970 Et
807 944 863 978 γὰρ

80 988 138 1023 ᾔδει
154 987 245 1021 αὐτὸν,
262 988 311 1015 οὐκ
325 987 359 1015 ἂν
371 988 551 1024 δϐλασφήμει.
573 988 705 1020 ’Δκούσας
719 989 773 1024 γὰρ
788 988 864 1024 παρὰ

80 1035 129 1067 τῆς
144 1033 256 1069 Γραφῆς
271 1033 358 1068 Λόγον
381 1034 450 1061 Θεοῦ
471 1033 541 1062 εῐναι
556 1034 603 1062 τὸν
618 1035 748 1071 Χριστὸν,
765 1036 796 1074 eo
814 1035 863 1069 μὲν

83 1079 164 1114 ρητὺν
192 1079 364 1115 ὡμολόγησε,
383 1079 433 1115 τὴν
451 1080 480 1107 δέ
498 1089 530 1114 γε
553 1080 668 1116 δύναμιν
692 1081 788 1108 τούτου
812 1081 864 1108 οὐκ

82 1125 203 1157 ἐδέξατο,
223 1124 283 1150 οὐδὲ
299 1124 367 1151 Θεὸν
389 1124 471 1152 αὑτὸν
484 1125 657 1161 ὡμολόγησε,
679 1125 717 1161 μή
737 1134 802 1153 ποτε
817 1127 864 1154 δύο

81 1170 166 1201 Θεοὺς
181 1169 345 1205 προσκυνῶν
360 1170 471 1206 εὑρεθῇ.
489 1170 545 1197 Καὶ
558 1170 613 1197 ἰδοὺ
626 1170 755 1198 ἑδειλίασε
770 1171 862 1207 φόϐον,

82 1209 113 1239 οὗ
128 1213 179 1239 οὐκ
199 1211 233 1247 ἦν
252 1213 345 1247 φόϐος.
359 1214 398 1240 Οὐ
412 1214 467 1249 γὰρ
481 1213 584 1241 σύνοιδε
596 1214 733 1250 διάκρισιν
748 1216 866 1243 ὑποστά-

31 1252 34 1257 ’
83 1264 163 1288 σίων,
188 1257 212 1282 εί
228 1256 266 1291 μὴ
286 1256 334 1283 καὶ
348 1256 398 1293 τήν
415 1257 519 1284 οὐσίαν.
544 1258 630 1292 Λόγος
645 1259 700 1295 γὰρ
718 1260 732 1286 6
748 1261 865 1295 Χριστὸς

82 1301 246 1336 ὀνομάζεται
261 1302 310 1328 καὶ
334 1303 473 1337 ὑμνεῖται,
490 1303 520 1330 οὐ
537 1303 618 1338 μόνον
631 1304 672 1330 ὅτι
693 1305 740 1331 καὶ
754 1305 801 1331 νοῦ
818 1305 865 1332 καὶ

83 1348 164 1382 λόγου
191 1348 239 1375 καὶ
264 1349 362 1382 σοφίας
384 1350 444 1376 ἔστι
465 1349 594 1385 χορηγὸς,
613 1350 671 1377 ἀλλ’
687 1350 728 1377 ὅτι
743 1351 791 1377 καὶ
816 1351 865 1383 τὰς

83 1394 194 1420 πάντων
217 1394 316 1427 αἰτίας,
340 1395 466 1422 τουτέστι
489 1395 525 1422 τὰ
545 1395 764 1431 παραδείγματα,
787 1396 866 1424 ἅτινα

83 1440 132 1466 καὶ
153 1439 226 1472 ίδέσς
245 1440 377 1467 καλοῦσιν
392 1461 400 1473 ,
430 1441 515 1476 ήγουν
530 1441 579 1473 τὰς
594 1441 696 1474 ἀῖδίους
713 1442 821 1478 νοήσεις
837 1445 871 1470 ἐν,

83 1484 174 1520 ἐαυτῷ
191 1485 334 1520 μονοειδῶς
352 1486 530 1522 προείληφεν,
546 1487 589 1513 ὅτι
606 1487 635 1518 ἐξ
654 1486 737 1514 αὑτοῦ
756 1487 804 1514 τοῦ
823 1487 868 1514 λό-

84 1540 133 1565 γου
151 1531 242 1566 ἐχουπι
258 1532 288 1558 τὸ
311 1532 414 1566 λογικοὶ
436 1531 506 1559 ιῐναι
529 1533 556 1559 οῖ
579 1541 608 1559 τε
626 1533 737 1567 ἄγγελοι
755 1534 802 1561 καὶ
818 1533 866 1561 αν-
878 1553 902 1583 c

84 1578 208 1612 θρωποι,
227 1578 275 1604 καὶ
298 1578 339 1604 ὃτι
366 1578 411 1604 διὰ
437 1579 546 1606 πάντων
566 1580 652 1614 χωρεῖ
669 1580 865 1615 διικνούμενος,

84 1623 123 1656 ὡς
139 1623 173 1651 τὰ
193 1623 270 1659 λότῑὲ
288 1632 382 1660 ςασιν,
404 1624 468 1659 ἄχρι
490 1623 538 1651 τοῦ
559 1625 668 1652 πάντων
691 1625 803 1656 τέλους·
820 1625 868 1653 καὶ

85 1671 140 1705 πρό
158 1678 190 1704 γι
208 1670 322 1703 τούτων,
339 1670 380 1698 δτι
395 1670 488 1709 πάσης
503 1670 655 1707 ἁπλότητος
669 1670 683 1698 ό
699 1670 770 1704 om;
786 1671 869 1708 ὑπερ-

85 1716 209 1750 ήπλωται
222 1717 316 1751 Λόγος,
332 1717 381 1743 καὶ
399 1717 507 1744 πάντων
525 1717 599 1744 ἐστὶν
614 1717 684 1753 ὑπὲρ
695 1718 784 1744 πάντα
799 1718 870 1745 κατὰ

83 1762 116 1788 ab
135 1761 299 1796 ὑπερούσιον
324 1762 536 1797 ἀπολελυμένος.
562 1762 639 1789 Ἐπεὶ
660 1764 725 1798 γὰρ,
741 1763 870 1798 ὼςζείρη-

84 1815 143 1839 ται,
163 1806 223 1834 οὔτε
243 1808 280 1839 ὼς
295 1808 438 1843 προφήτης
456 1808 620 1843 ὀνομάζεται
639 1809 735 1843 Λόγος,
751 1807 813 1835 οὔτε
832 1809 870 1841 ὡς

85 1854 116 1887 ἐξ
141 1854 316 1888 ἐπαγγελίας,
347 1854 453 1889 τρανῶς
478 1854 528 1890 ήδη
554 1856 734 1889 ἀναφαίνεται
762 1856 804 1882 ὅτι
832 1856 870 1888 ὡς

86 1899 203 1933 φυσικὸς
217 1899 295 1932 λόγος
307 1898 354 1926 τοῦ
367 1899 436 1926 Θεοῦ
449 1900 560 1934 λέγεται
573 1902 621 1927 καὶ
633 1900 707 1927 ἐστιν
717 1901 732 1927 6
743 1901 868 1936 Χριστός*

87 1945 136 1971 καὶ
148 1944 192 1970 διὰ
206 1944 285 1971 τοῦτο
300 1945 363 1976 Υἱὸς
381 1945 448 1972 Θεοῦ
472 1947 519 1972 καὶ
537 1945 646 1980 λέγεται
665 1946 714 1972 καὶ
730 1946 870 1979 Εστιν.⁹Ως

85 1990 142 2023 γὰρ
161 1990 176 2014 6
189 1989 267 2022 λόγος
278 1989 324 2016 νοῦ
337 1990 460 2026 γέννημά
474 1991 559 2023 ἔστιν,
571 1990 643 2018 οὕτω
659 1991 706 2017 καὶ
725 1992 739 2018 6
753 1991 872 2026 Χριστὸς

86 2034 211 2068 ἁχρόνως
226 2036 274 2060 καὶ
287 2035 401 2075 ἁπαῼῶς
414 2037 462 2064 καὶ
475 2035 528 2071 πρὸ
539 2036 592 2062 τῶν
607 2036 714 2063 αἰώνων
730 2036 872 2071 γεννηθιὶς

87 2081 121 2106 ὲκ
127 2079 196 2106 Θεοῦ
208 2079 271 2112 Υῑὸς
282 2080 364 2107 αὑτοῦ
375 2081 548 2116 ὀνομάζεται.
563 2082 629 2108 Οὐδὲ
637 2083 690 2117 γὰρ
699 2082 777 2117 θέμις
786 2083 873 2109 εἰπεῖν

87 2125 192 2158 φθάσαι
212 2125 275 2155 τοὺς
304 2125 404 2156 αἰῶνας
423 2127 473 2160 τὴν
498 2126 661 2161 προαιῶνιον
675 2126 812 2161 γέννησιν.
840 2126 873 2153 ΕΞ

85 2169 110 2195 δ’
130 2166 190 2201 οὖν,
209 2168 282 2195 ἐστιν
302 2169 346 2196 ὅτε
366 2169 510 2205 εὑρίσκετο
529 2170 543 2195 ό
559 2170 624 2201 Θεὸς
644 2171 690 2196 καὶ
707 2170 814 2204 ἄλογος,
825 2170 873 2198 καὶ

85 2213 258 2246 ἂσοφο;,καὶ
273 2213 414 2246 ἀδύνατος,
435 2215 483 2242 καὶ
499 2214 576 2249 πηγὴ
591 2215 660 2249 ξηρὰ
681 2215 745 2241 ἄνευ
762 2214 869 2246 ὓδατος.
887 2224 910 2253 ι)

57 2258 62 2263 ”
93 2257 167 2283 Ἀλλ’
178 2257 240 2284 ἐπεὶ
251 2257 347 2293 ὥσπερ
360 2259 446 2292 Λόγος
456 2258 524 2285 Θεοῦ
538 2258 701 2291 ὀνομάζεται
716 2259 730 2285 ό
742 2259 871 2294 Χριστὸς,

86 2302 161 2328 οὕτω
182 2303 228 2329 καὶ
247 2304 328 2338 σοφία
345 2304 392 2330 καὶ
407 2304 523 2339 δύναμις
537 2304 657 2338 λέγεται.
674 2305 728 2331 Καὶ
742 2306 757 2341 ἢ
775 2306 871 2339 ἄλογος

87 2348 136 2373 καὶ
152 2347 252 2381 ἄσοφος
270 2350 319 2374 καὶ
335 2349 474 2384 ἁδύναμος
486 2349 630 2384 εὑρίσκετο
648 2350 697 2384 μὲν
714 2353 845 2385 πρότερον
858 2351 872 2377 6

87 2393 168 2425 Θεὸς,
185 2393 254 2427 μετὰ
270 2394 298 2420 δλ
313 2394 401 2421 ταῦτα
418 2395 601 2429 προσελάὂετο
616 2396 713 2430 σοφίαν
729 2397 776 2422 καὶ
793 2396 873 2429 λόγον

89 2440 140 2465 καὶ
160 2438 287 2474 δύναμιν,
302 2439 398 2475 ὥσπερ
416 2441 442 2466 οἱ
459 2440 610 2475 ἆνῠρωποι,
631 2442 677 2467 καὶ
691 2442 752 2468 τότε
764 2442 873 2475 ἐγένετο

85 2482 203 2514 τέλειος,
221 2482 238 2516 ἢ
264 2483 293 2515 ἐξ
320 2483 406 2510 ἀϊδίου
422 2484 470 2510 καὶ
491 2484 544 2518 πρὸ
569 2484 678 2510 πάντων
693 2484 747 2511 τῶν
766 2486 873 2511 αἰώνων

85 2527 191 2558 τέλειος
202 2526 251 2559 ὢν,
274 2527 320 2554 τὸν
336 2527 437 2555 ἑαυτοῦ
453 2529 538 2562 Λόγον
554 2529 691 2563 ἐγέννησε,
714 2529 768 2556 Καὶ
783 2531 807 2555 εἰ
824 2529 874 2564 μὲν

88 2573 160 2606 μετὰ
185 2575 280 2608 καιρὸν
300 2574 349 2600 καὶ
377 2575 474 2609 χρόνον
501 2575 545 2601 τὸν
573 2575 658 2608 Λόγον
684 2576 872 2611 ὑπεστήσατο,

87 2617 149 2648 πῶς
163 2617 229 2649 Θεὸς
245 2619 260 2645 6
275 2620 409 2654 πρότερον
426 2620 538 2654 ἄλογοςς
564 2621 617 2646 ἀπ’)
633 2621 686 2655 γὰρ
706 2621 760 2647 τῶν
780 2622 873 2656 σωμά-

87 2669 144 2687 των
175 2661 228 2688 κᾶν
259 2663 320 2690 ὅσον
336 2663 472 2699 ἀφέληταί
500 2673 552 2696 τις,
582 2665 612 2691 τὸ
641 2665 872 2700 καταλειπόμενον

88 2705 173 2741 σῶμά
199 2709 283 2736 ἐστιν.
305 2709 373 2736 Ἀπὸ
391 2710 421 2736 δὲ
448 2710 497 2744 τῆς
524 2710 579 2736 τῶν
597 2711 750 2745 ἀσωμάτων
766 2711 874 2744 φύσεως

87 2752 141 2780 κᾶν
157 2753 188 2779 τδ
205 2755 387 2789 σμικρότατον
402 2756 575 2790 ἀφαιρήσῃς,
594 2756 624 2782 τὸ
647 2758 700 2783 πᾶν
717 2757 872 2788 ἀπώλεσας.

89 2798 145 2824 Καὶ
163 2799 211 2824 ἐὰν
229 2801 274 2826 ἐπὶ
300 2801 354 2828 τῶν
374 2801 528 2836 ἀσωμάτων
546 2802 669 2836 ἀγγέλων
691 2802 776 2835 οὕτως
799 2804 874 2829 ἐστὶν

91 2844 107 2877 ἡ
128 2844 252 2878 difﬂata,
278 2847 354 2881 πόσῳ
384 2847 492 2880 μᾶλλων
523 2848 569 2873 ἐπὶ
596 2848 663 2875 θεοῦ
689 2849 766 2876 τοῦτό
798 2851 874 2876 ἐστιν

916 942 968 968 hoc
981 948 1082 968 nomen
1105 941 1222 976 accepit.
1246 941 1275 968 Si
1300 941 1373 968 enim
1392 943 1512 970 nm'isset
1525 950 1598 976 eum,
1610 952 1624 970 a
1641 944 1698 971 bla-

913 986 1045 1021 sphemiis
1073 991 1149 1014 certe
1175 987 1203 1014 in
1222 987 1298 1014 illum
1323 988 1404 1022 jactis
1427 988 1615 1017 abstinuisset.
1628 990 1697 1017 Cum

913 1031 986 1058 enim
1001 1038 1035 1058 ex
1060 1031 1211 1066 Scripturis
1238 1033 1388 1061 audivisset
1410 1034 1623 1066 Christum_esse
1633 1035 1696 1064 Ser-

915 1082 1035 1108 monem,
1063 1075 1131 1103 illud
1160 1077 1270 1111 quidem
1292 1078 1365 1112 quod
1389 1078 1532 1106 dicebatur
1555 1080 1698 1108 confessus

914 1125 965 1152 est.
981 1121 1054 1149 illius
1070 1129 1136 1149 vero
1160 1130 1271 1150 sensum
1292 1131 1344 1150 nec
1367 1124 1479 1159 recepit,
1495 1133 1545 1153 nec
1558 1126 1698 1154 Christum

914 1166 998 1194 Deum
1011 1174 1071 1194 esse
1082 1167 1225 1196 confessus
1238 1173 1292 1202 est,
1304 1177 1338 1197 ne
1346 1169 1416 1198 forte
1428 1170 1497 1198 duos
1507 1171 1573 1199 deos
1584 1172 1700 1201 adorare

915 1211 1178 1246 deprehenderetur.
1203 1212 1272 1240 Ecce
1295 1219 1385 1241 autem
1418 1215 1519 1247 timuit,
1542 1216 1588 1244 ubi
1616 1217 1700 1244 timor

916 1265 969 1284 non
984 1262 1062 1291 erat;
1078 1265 1133 1286 non
1141 1258 1214 1286 enim
1229 1259 1364 1286 intellexit
1375 1260 1590 1288 substantiarum
1601 1261 1700 1289 discri-

916 1311 990 1336 men,
1006 1311 1058 1331 nec
1086 1304 1173 1339 ipsam
1203 1305 1396 1332 substantiam.
1412 1305 1539 1334 Christus
1550 1307 1624 1334 enim
1637 1307 1701 1335 Ser-

915 1357 960 1377 mo
979 1349 1091 1382 dicitur,
1113 1355 1142 1377 et
1165 1349 1333 1382 celebratur,
1354 1358 1410 1378 non
1426 1352 1506 1379 modo
1517 1352 1590 1387 quod
1602 1353 1702 1381 mentis

915 1400 944 1422 et
953 1394 1068 1422 rationis
1081 1398 1109 1422 et
1124 1395 1266 1429 sapientia:
1281 1395 1336 1423 dux
1353 1401 1405 1429 est,
1422 1403 1513 1424 verum
1532 1397 1615 1426 etiam
1626 1399 1702 1433 quod

916 1439 1039 1468 omnium
1059 1447 1167 1473 causas,
1198 1440 1224 1468 id
1249 1444 1292 1468 est
1309 1441 1443 1476 exempla,
1459 1449 1519 1476 quae
1532 1443 1616 1470 etiam
1627 1444 1703 1472 ideas

916 1485 1056 1517 dixerunt,
1067 1490 1184 1513 aeternas
1198 1486 1329 1513 nimirum
1346 1487 1580 1516 considerationes
1591 1493 1620 1516 et
1633 1497 1702 1518 con-

917 1530 977 1558 silia
994 1530 1022 1557 in
1039 1531 1130 1565 seipse
1143 1531 1202 1559 solo
1219 1532 1400 1566 praesumpsit,
1419 1532 1528 1567 etquod
1544 1541 1577 1561 ex
1591 1542 1625 1561 eo
1643 1535 1704 1569 ipso

919 1583 1047 1604 sermone
1079 1576 1131 1604 hoc
1162 1576 1252 1612 ipsum
1277 1578 1349 1611 quod
1376 1585 1530 1605 sermonem
1557 1578 1659 1607 habent
1675 1584 1704 1607 et

918 1622 1008 1657 angeli
1022 1625 1051 1649 et
1071 1621 1196 1650 homines
1221 1627 1395 1657 acceperunt,
1409 1627 1438 1651 et
1461 1623 1534 1658 quod
1547 1631 1598 1658 per
1610 1624 1704 1653 omnia

919 1671 1064 1703 penetrat,
1081 1671 1112 1694 ut
1135 1667 1263 1694 vaticinia
1293 1668 1414 1700 tradunt,
1430 1677 1518 1704 usque
1544 1670 1578 1698 ad
1594 1678 1703 1698 omnem

920 1713 1012 1741 ﬁnem.
1029 1714 1063 1742 Et
1072 1717 1202 1750 praeterea
1218 1713 1393 1750 quod’super
1411 1721 1525 1744 onmem
1541 1716 1703 1753 simplicita—

919 1763 974 1786 tem
986 1759 1098 1787 divinus
1112 1759 1210 1787 Sermo
1235 1760 1409 1796 expanditur,
1438 1766 1467 1789 et
1489 1762 1602 1790 omnino
1621 1770 1705 1799 super

919 1804 1011 1831 omnia
1023 1804 1101 1839 juxta
1117 1805 1194 1832 illum
1211 1812 1320 1833 onmem
1331 1806 1510 1834 substantiam
1525 1808 1704 1837 excedentem

919 1853 964 1877 est
979 1849 1132 1878 absolutus.
1145 1850 1373 1886 Quandoquidem
1388 1851 1482 1886 igitur,
1492 1857 1523 1880 ut
1537 1852 1639 1880 dictum
1651 1859 1704 1888 est,

921 1901 1012 1929 neque
1024 1898 1054 1921 ut
1065 1894 1199 1929 propheta
1215 1895 1313 1923 Sermo
1323 1896 1490 1930 nominatur,
1502 1905 1591 1933 neque
1601 1906 1634 1926 ex
1644 1907 1707 1934 pro-

921 1939 1064 1973 missione,
1083 1940 1227 1968 manifeste
1238 1948 1313 1968 nunc
1326 1945 1413 1976 patet,
1431 1943 1506 1978 quod
1523 1951 1574 1972 ceu
1590 1949 1706 1972 natura-

921 1984 956 2012 lis
970 1992 1061 2013 sermo
1083 1985 1131 2012 Dei
1148 1986 1273 2014 Christus
1292 1986 1402 2015 dicatur
1425 1992 1454 2016 et
1476 1989 1523 2021 sit,
1539 1995 1708 2025 quapropter

921 2030 1005 2058 etiam
1033 2031 1119 2058 Filius
1138 2031 1186 2059 Dei
1216 2032 1316 2060 dic'tur
1341 2038 1370 2061 et
1395 2038 1448 2062 est.
1471 2034 1708 2068 Quemadmodum

922 2075 996 2103 enim
1009 2083 1099 2104 sermo
1114 2077 1214 2105 mentis
1230 2077 1346 2105 ell‘ectus
1365 2083 1418 2111 est,
1437 2079 1478 2107 sic
1490 2080 1572 2108 etiam
1582 2081 1709 2110 Christus

923 2120 958 2148 ab
970 2126 1084 2154 αξιοι·ηο,
1098 2126 1126 2148 et
1146 2122 1206 2149 sine
1228 2122 1365 2157 passione,
1377 2129 1442 2152 ante
1451 2125 1550 2153 saecula
1566 2133 1583 2154 e
1595 2127 1650 2155 Deo
1661 2135 1709 2164 ge-

924 2166 1009 2199 nitus,
1023 2166 1108 2194 Filius
1123 2167 1197 2194 illius
1215 2168 1383 2196 nominatur.
1406 2169 1461 2198 Nec
1473 2171 1546 2199 enim
1561 2172 1653 2200 dicere
1668 2173 1710 2201 l'as

925 2215 976 2244 est,
1007 2211 1105 2238 saecula
1135 2212 1257 2247 attigisse
1287 2218 1416 2242 aeternam
1435 2215 1508 2244 illam
1533 2222 1596 2246 ante
1618 2220 1711 2248 omnia

924 2255 1022 2282 saecula
1032 2256 1247 2290 generationem.
1263 2257 1334 2285 Num
1346 2258 1438 2294 itaque
1453 2261 1599 2296 aliquando
1613 2263 1711 2299 depre-

923 2300 1053 2328 henditur
1060 2300 1144 2328 Deum
1160 2309 1284 2331 sermone
1290 2305 1423 2339 caruisse,
1432 2307 1616 2342 insipientem,
1624 2310 1713 2345 impo-

924 2350 1027 2374 tentem
1046 2346 1206 2382 fontemque
1217 2349 1319 2377 siccum
1338 2351 1417 2386 aquis
1429 2352 1591 2382 destitutum
1611 2355 1712 2384 fuisse?

925 2393 978 2421 Sed
990 2395 1220 2429 quemadmodum
1229 2397 1354 2426 Christus
1372 2406 1464 2427 sermo
1478 2401 1526 2428 Dei
1542 2403 1710 2437 nominatur,

924 2440 964 2467 sic
975 2441 1057 2468 etiam
1073 2441 1207 2476 sapientia
1221 2447 1248 2470 et
1262 2445 1383 2479 potentia
1395 2446 1506 2475 dicitur.
1519 2446 1552 2474 Et
1563 2448 1635 2476 Deus
1652 2451 1713 2485 qui-

925 2485 987 2512 dem
998 2490 1045 2513 aut
1056 2492 1136 2514 antea
1150 2495 1274 2516 sermone
1285 2490 1383 2523 caruit,
1396 2490 1529 2526 insipiens
1552 2493 1604 2521 fuit
1614 2499 1642 2522 et
1659 2495 1712 2522 i'm-

925 2535 1034 2566 potens,
1056 2537 1149 2566 postea
1175 2540 1249 2566 vero,
1269 2539 1298 2562 ut
1325 2535 1452 2564 homines
1477 2538 1577 2572 solent,
1605 2540 1712 2575 sapien-

925 2577 1002 2608 tiam.
1022 2585 1178 2605 sermonem
1198 2584 1226 2606 et
1254 2582 1403 2615 potentiam
1419 2585 1578 2619 assumpsit,
1590 2591 1711 2621 tuncque

925 2623 1067 2656 perfectus
1097 2623 1220 2652 redditus
1238 2631 1290 2657 cst;
1312 2631 1362 2653 aut
1387 2635 1450 2655 cum
1473 2628 1508 2656 ab
1523 2635 1628 2658 aeterno
1647 2637 1712 2660 ante

925 2670 1016 2695 omnia
1040 2670 1137 2696 sarcula
1156 2671 1292 2705 perlectus
1305 2679 1388 2706 esset,
1404 2681 1485 2701 suum
1508 2675 1594 2710 ipsius
1608 2683 1714 2705 sermo-

925 2722 988 2741 nem
1005 2715 1108 2749 genuit.
1124 2716 1155 2742 Et
1171 2716 1195 2744 si
1214 2718 1325 2752 quidem
1339 2725 1401 2754 post
1416 2725 1524 2756 tempus
1541 2722 1653 2757 aliquod
1664 2730 1713 2752 aut

925 2761 1072 2788 articulum
1104 2763 1235 2797 temporis
1260 2772 1414 2792 sermonem
1432 2773 1467 2793 ex
1495 2774 1526 2794 se
1553 2770 1715 2807 progenuit,

925 2806 1063 2840 quomodo
1082 2807 1154 2835 Deus
1179 2813 1237 2835 erat
1265 2814 1329 2837 ante
1357 2811 1404 2844 qtti
1427 2818 1555 2840 sermone
1582 2814 1716 2842 carebat?

925 2852 1199 2889 Quantulumcunquc
1214 2856 1286 2882 enim
1306 2857 1368 2891 quis
1383 2865 1398 2884 a
1412 2858 1576 2893 corporibus
1591 2858 1712 2889 abitum"
