1949 3093
139 119 192 150 657

633 121 780 151 CONTRA
801 121 1044 152 ΜΛΙΙΟΜΕΤΕΜ
1062 122 1204 152 ORATIO
1223 122 1277 152 lli.

1701 123 1761 152 659'

139 178 273 213 ἡτοίμασε
286 178 314 205 δὲ
333 177 464 213 οὐρανοὺς
486 178 514 204 ὲν
536 180 676 213 φρονήσει.
692 190 700 205 ι
719 181 749 206 ‘0
764 180 792 206 δε
808 180 924 214 μεγαλοο

979 180 1154 214 eamdemque
1176 180 1357 207 divinitatem.
1374 179 1407 205 Et
1424 179 1471 206 Dei
1494 178 1538 205 ille
1555 179 1754 213 contemplator

140 224 296 258 φωνότατος
315 223 440 255 Ἡσαΐας,
462 235 470 250 ι
495 225 523 251 ’0
543 225 609 257 Θεὸς
635 226 648 251 6
668 226 787 259 αἰώνιος,
801 228 814 253 6
835 235 921 253 κατα-

140 271 280 300 σκευάσας
294 269 328 296 τὰ
340 270 412 304 ἄκρα
422 269 470 303 τῆς
481 270 542 304 γῆς.
565 280 574 296 ι
597 271 627 297 Ὀ
640 271 667 297 δὲ
683 272 817 306 μακάριος
834 273 923 298 Ἰωάν-

139 325 189 351 νης
207 317 222 342 6
236 317 301 347 παῖς
325 316 371 342 τοῦ
397 316 548 347 Ζεϐεδαίου,
564 316 656 343 ὅντινα
676 318 722 344 καὶ
741 317 855 352 βροντῆς
866 317 922 343 υἱὸν

141 361 271 387 ἐκάλεσεν
285 361 299 387 6
320 359 433 395 Κύριος,
450 360 494 387 διὰ
517 360 549 386 τὸ
566 360 615 395 τὴν
633 361 689 388 ἅνω
707 362 835 395 γέννησιν
858 370 922 396 τρα-

141 406 251 440 νότερον
277 405 393 440 βροντῆς
417 407 449 440 τῇ
476 406 622 441 οἰκουμένῃ
652 406 791 438 σαλπίσαι,
824 407 922 433 οὑτωσί

141 459 225 485 φησιν
237 451 266 477 ὲν
277 450 316 485 τῷ
332 451 501 485 Εὑαγγελίῳ,
515 460 524 476 ι
536 451 581 477 Ἐν
593 452 664 486 ἀρχῇ
675 449 708 487 ἦν
720 453 733 477 ὁ
745 452 898 486 Λόγοςςκαὶ
910 453 923 478 ό

143 496 229 530 Λόγος
241 492 353 530 ἦψπρὸς
366 496 411 522 τὸν
423 496 499 529 Θεὸν,
509 497 556 523 καὶ
565 497 630 528 Θεὸς
644 495 677 532 ἦν
688 497 701 523 6
713 498 808 531 Λόγος.
831 498 924 524 Πάντα

142 541 178 567 δι’
188 540 269 568 αὑτοῦ
285 541 404 575 ἐγένετο,
416 542 462 568 καὶ
472 543 555 577 χωρὶς
567 543 648 569 αὑτοῦ
665 543 770 577 ἐγένετο
779 544 838 570 οὐδὲ
857 544 897 573 ἓν,
910 543 924 569 6

142 586 251 620 γέγονε.
269 596 278 611 ι
298 586 413 618 Βλέπεις
427 587 484 617 πῶς
494 587 537 614 διὰ
552 587 582 614 τὸ
592 588 680 623 ἄωρον
692 588 737 614 τοῦ
751 589 846 623 καιροῦ
865 597 924 614 συν-

142 633 328 667 cautae-psmn:
338 634 362 659 oi.
370 634 507 668 προφῆται
515 633 658 668 ἐλάλησαν,
666 635 679 660 ό
689 634 710 660 δ’
724 634 847 668 Ἰωάννης
860 635 924 661 ἁνα-

143 678 240 712 φινδὸν
250 679 296 705 καὶ
305 681 394 715 γυμνῇ
406 680 438 714 τῇ
450 679 634 714 κεφαλῇςμέγα
646 679 741 714 ὲὸόησε
753 688 760 712 ς
772 681 826 706 Καὶ
837 681 861 705 ol
875 681 924 706 πά-

142 723 187 749 λαι
205 724 340 758 προφῆται
351 725 365 751 ὁ
387 724 436 759 μὲν
451 725 538 758 λόγον,
549 726 563 751 ό
574 725 600 751 δὲ
611 725 715 758 σοφίαν,
725 725 771 752 ὀδὲ
781 727 922 760 φρόνησιν,

142 770 156 795 ὁ
166 769 194 796 δὲ
202 770 368 805 δημιουργὸν
382 770 462 797 τοῦτο
475 771 614 804 ἐκάλεσεν,
627 772 639 797 6
651 771 677 797 δὲ
688 771 763 803 Θεὸν,
777 772 814 806 μὴ
823 773 923 798 ἀνακα-

142 815 230 850 λύψας
245 816 276 842 τὸ
300 816 459 851 ἀπόκρυφον
485 818 634 852 μυστήριον
654 817 699 843 διὰ
716 818 744 843 τὸ
760 817 859 852 ἄωρον,
885 817 922 848 ὡς

143 859 262 894 εἴρηται,
287 860 334 886 τοῦ
358 861 466 895 καιροῦ.
487 861 601 888 Ὀπόταν
617 862 645 888 δὲ
663 863 811 897 περιῃρέθη
830 863 859 888 τὸ
873 862 922 888 κά-

143 906 251 941 λυμμα,
264 907 313 934 οὐκ
333 905 367 942 ἦν
381 908 465 940 ὅσιον,
480 908 541 934 οὐδὲ
554 908 668 935 δίκαιον.
687 910 746 935 Ἔτι
762 910 775 935 6
790 908 835 935 τοῦ
855 909 922 935 Θεοῦ

144 951 207 982 Υἱὸς
219 951 266 978 καὶ
283 951 348 982 Θεὸς
365 953 570 986 αἰνιγματωδῶς
587 961 643 984 πως
661 954 805 988 εὑρίσκετο
823 962 922 988 κηρυτ-

144 997 267 1032 τόμενος,
281 999 328 1024 καὶ
348 999 391 1025 διὰ
411 999 488 1025 τοῦτο
502 999 516 1025 ὁ
527 1000 574 1033 τῆς
591 999 705 1034 βροντῆς
728 1001 784 1032 υίὸς
798 1001 838 1032 τὸ,
862 1011 870 1026 ι
882 1001 923 1028 Ἑν

146 1045 215 1079 ἀρχῇ
231 1043 266 1080 ἦν
281 1046 295 1071 6
315 1045 409 1078 Λόγος,
436 1055 444 1070 ι
475 1046 523 1072 καὶ
545 1045 578 1072 τὰ
606 1045 669 1080 ἑξῆς
694 1046 799 1080 τρανῶς
824 1047 925 1081 ὑπηγό-

148 1099 239 1125 ρευσε.
265 1091 320 1117 Kat
340 1090 434 1124 ὥσπερ
458 1092 472 1117 ό
494 1091 567 1125 ἥλιος
586 1092 637 1118 ὑπὸ
654 1092 804 1126 βαθυτάτου
829 1093 926 1126 νέφους

147 1137 193 1163 καὶ
204 1136 335 1172 χειμῶνος
349 1137 536 1171 κρυπτόμενος
551 1137 625 1172 παρὰ
641 1141 690 1172 μεν
706 1140 761 1169 τοῖς
774 1138 925 1173 ἀνθρώποις

147 1183 253 1217 ἀφανής
279 1183 348 1215 ἐστι,
373 1184 402 1208 τὺ
419 1183 441 1209 δ’
456 1183 538 1209 αὐτοῦ
556 1183 614 1216 φῶς
630 1184 711 1210 οἱονεὶ
738 1185 802 1220 παρ’
829 1186 924 1212 ἑαυτὸν

147 1229 269 1262 κατέχων
285 1229 454 1262 εὑρίσκεται,
472 1229 598 1261 λυθέντος
615 1230 642 1256 δὲ
654 1231 702 1257 τοῦ
719 1232 862 1266 χειμῶνος,
879 1233 927 1258 καὶ

146 1271 192 1297 τοῦ
204 1271 283 1306 ἀέρος
297 1271 466 1303 ἐπελθόντος,
476 1274 532 1304 τοῖς
549 1274 631 1300 πᾶσιν
649 1275 772 1308 ἀφθόνως
786 1277 834 1306 τὰς
850 1277 927 1303 ἀκτῖ-

147 1326 194 1348 νας
218 1317 347 1351 ἀφίησιν·
368 1317 438 1344 οὕτω
458 1326 503 1351 μοι
527 1318 581 1344 νόει
599 1319 647 1346 καὶ
664 1321 709 1346 ἐπὶ
733 1321 780 1346 τοῦ
795 1322 860 1348 Υίοῦ
880 1324 927 1349 καὶ

147 1364 233 1396 Λόγου
247 1363 295 1389 τοῦ
311 1363 388 1390 Θεοῦ.
406 1363 472 1395 Θεὸς
489 1364 526 1390 ὢν
540 1365 642 1401 ἀληθὴς
658 1365 705 1392 καὶ
722 1367 773 1401 πρὸ
792 1367 846 1393 τῶν
864 1368 929 1394 αἰώ-

148 1418 211 1441 νων,
227 1409 289 1440 Υἱὸς
307 1409 375 1435 Θεοῦ
392 1410 439 1436 καὶ
455 1410 568 1446 ποιητὴς
583 1411 672 1445 πάσης
691 1412 814 1445 κτίσεως,
831 1414 866 1444 ὡς
881 1415 928 1439 καὶ

148 1456 177 1481 ὲν
196 1457 255 1486 ταῖς
271 1455 427 1491 ἔμπροσθεν
446 1455 616 1490 ἀπολογίαις,
643 1457 689 1483 καὶ
714 1458 784 1483 κατά
797 1458 827 1483 τὸ
843 1458 929 1492 παρὸν

937 844 959 873 Β

973 226 1060 253 Moses
1079 226 1136 253 ait:
1153 235 1161 251 ι
1183 226 1212 252 ln
1241 225 1376 259 principio
1397 224 1498 251 creavit
1526 224 1596 250 Deus
1609 223 1708 251 coelum
1722 229 1749 251 et

975 277 1073 299 terram
1085 271 1119 298 ⁶⁰.
1136 281 1144 296 ι
1175 271 1207 298 Et
1235 271 1368 306 propheta
1390 269 1474 296 David
1491 277 1497 296 :
1517 278 1526 294 ι
1544 269 1639 296 Omnia
1665 269 1752 296 fecisti

974 319 1001 345 in
1015 317 1146 352 sapientia
1158 309 1191 350 In;
1211 327 1219 342 I
1231 321 1268 348 et,
1288 325 1296 342 ι
1311 316 1442 343 Sermone
1455 315 1561 342 Domini
1575 315 1637 342 cmli
1655 315 1754 342 ﬁrmati

975 369 1039 391 sunt
1055 364 1087 390 ⁵⁸.
1103 372 1112 388 ι
1127 362 1211 398 llujus
1231 362 1314 389 etiam
1334 361 1406 388 ﬁlius
1420 361 1559 392 Salomon,
1575 361 1756 388 admiratione

974 410 1048 437 omni
1062 409 1159 444 dignus
1173 417 1180 435 :
1201 419 1209 434 ι
1233 409 1303 435 Deus
1320 408 1346 434 in
1362 407 1494 442 sapientia
1506 407 1630 434 fundavit
1646 412 1756 438 terram,

975 456 1060 483 caelos
1074 460 1164 482 autem
1182 454 1285 487 [aravit
1301 454 1327 480 in
1345 453 1491 488 prudentia
1506 453 1538 479 ⁸³.
1556 462 1566 478 ι
1582 452 1756 486 Eloquentis—

974 501 1060 527 simus
1076 504 1165 526 autem
1187 500 1232 526 ille
1254 499 1354 526 Isaias:
1371 509 1379 524 (
1399 498 1470 525 Deus
1486 503 1604 525 aeternus
1619 498 1664 532 qui
1681 505 1759 531 para~

975 546 1012 572 vit
1027 551 1147 572 extrema
1165 550 1243 572 terra:
1255 545 1287 571 °‘.
1307 554 1315 570 I
1335 545 1433 572 Beatus
1454 553 1520 571 vero
1538 544 1658 571 Joannes
1671 543 1756 570 Zcbc-

974 589 1024 616 dmi
1041 590 1113 617 lilius
1132 591 1224 624 (quem
1240 591 1320 616 etiam
1336 589 1448 616 tonitrui
1463 589 1546 615 tilium
1563 588 1692 615 Dmninus
1705 594 1755 613 no-

974 636 1097 666 minavit,
1107 643 1139 662 eo
1152 635 1224 669 quod
1236 642 1381 669 supernam
1390 635 1461 661 illam
1471 634 1673 668 generationem
1687 633 1757 659 toni-

976 682 1027 709 trui
1041 682 1140 709 clarius
1148 680 1426 713 orbiehuccinaverit)
1442 680 1469 706 in
1487 679 1638 714 Evangelia.
1656 679 1695 705 sic
1708 679 1756 709 ait,

977 739 985 754 ι
999 729 1027 755 ln
1040 727 1172 762 principio
1183 731 1241 754 erat
1251 726 1355 758 Sermo,
1365 732 1392 753 et
1403 726 1497 753 Sermo
1508 729 1566 753 erat
1577 724 1647 759 apud
1659 724 1755 755 Deum,

973 778 1000 801 et
1011 774 1081 801 Deus
1091 777 1149 800 erat
1162 773 1206 799 illc
1221 773 1325 800 Sermo.
1337 772 1431 799 Omnia
1448 779 1496 806 per
1511 771 1586 797 illum
1600 769 1670 796 facta
1682 773 1757 798 sunt,

974 823 1001 846 et
1018 819 1076 845 sine
1084 826 1116 846 eo
1125 819 1225 845 factum
1241 822 1282 845 est
1294 817 1362 844 nihil
1377 817 1449 852 quod
1465 816 1567 844 factum
1580 821 1622 842 est
1636 815 1669 841 ⁸³.
1684 824 1693 840 ι
1710 814 1757 841 Vi-

973 865 1035 892 den‘
1047 865 1183 900 quomodo
1192 869 1302 899 propter
1315 864 1444 898 temporis
1455 862 1687 897 importunitatem
1700 868 1750 895 pro

974 912 1066 947 pheta:
1082 911 1227 939 obscurius
1248 910 1333 938 locuti
1359 910 1554 941 siutJoanncs
1566 913 1656 935 autem
1675 907 1758 935 clare.

974 963 1069 993 aperto
1095 957 1179 992 (quod
1209 956 1296 991 aiunt)
1327 957 1417 991 capite
1434 955 1518 982 altum
1546 952 1760 982 exclamaverit?

975 1005 1008 1031 Et
1025 1009 1147 1032 veterum
1161 1004 1271 1039 quidem
1287 1003 1480 1038 prophetarum
1496 1001 1565 1029 alius
1582 1000 1755 1029 Sermonem,

975 1051 1045 1079 alius
1058 1051 1235 1086 Sapientiam,
1261 1050 1330 1077 alius"
1352 1048 1624 1076 Prudentiam.alius
1644 1046 1759 1073 Creato-

976 1104 1033 1123 rem
1050 1097 1124 1123 hunc
1148 1096 1297 1123 nominavit
1316 1105 1322 1122 :
1343 1095 1388 1122 hie
1406 1102 1470 1122 vero
1486 1095 1586 1124 Deum.
1603 1092 1761 1120 noneelans

976 1149 1104 1168 arcanum
1125 1141 1177 1168 hoc
1198 1140 1269 1175 quod
1288 1147 1399 1175 propter
1424 1139 1555 1174 temporis
1571 1137 1762 1172 importunila'

978 1192 1031 1214 tem
1049 1187 1141 1214 tandiu
1168 1187 1295 1218 latuerat,
1316 1193 1378 1213 cum
1406 1185 1528 1212 nondum
1553 1184 1759 1218 fasjustumquc

977 1239 1049 1261 esset
1076 1235 1164 1260 velum
1182 1233 1294 1260 auferri.
1319 1232 1391 1265 Quin
1419 1237 1447 1259 et
1469 1232 1527 1266 ipse
1551 1230 1636 1257 Filius
1667 1230 1713 1256 Dei
1734 1234 1760 1255 ct

978 1279 1049 1306 Deus
1063 1278 1140 1313 quasi
1158 1286 1206 1312 per
1226 1277 1368 1312 aenigmala
1382 1276 1560 1303 annuntiatus
1578 1283 1637 1302 csse
1649 1273 1761 1301 videba-

980 1330 1040 1356 tur;
1058 1327 1224 1358 quapropter
1237 1322 1350 1350 tonitrui
1370 1321 1442 1348 [ilius
1456 1321 1527 1348 hoc:
1547 1330 1556 1345 ι
1582 1321 1610 1346 ln
1628 1319 1762 1354 principio

978 1373 1038 1401 erat
1052 1369 1158 1400 Sermo,
1177 1378 1185 1394 ι
1207 1373 1274 1397 ete..
1292 1368 1393 1394 clarius
1407 1366 1577 1402 praedicavit.
1591 1365 1763 1400 thuemad-

980 1414 1090 1441 modum
1109 1414 1149 1441 sol
1167 1413 1330 1441 densissima
1346 1413 1419 1440 nube
1441 1417 1470 1440 et
1491 1416 1653 1447 tempestate
1664 1415 1761 1442 tectus,

979 1460 1111 1487 obsrurus
1124 1464 1174 1491 est,
1190 1460 1326 1494 propriam
1350 1464 1438 1486 tamen
1450 1458 1537 1485 lucem
1555 1465 1631 1484 suam
1643 1465 1725 1492 penes
1734 1465 1762 1483 se

148 1502 348 1533 ἀποδέδεικται,
369 1502 427 1528 ἀλλ’
443 1502 596 1537 ἐκρύπτετο
611 1503 684 1536 ὅμως
699 1503 752 1529 ὑπὸ
771 1504 818 1529 τοῦ
831 1503 926 1537 νέφους

982 1506 1083 1533 habere
1107 1505 1228 1536 videtur,
1252 1509 1412 1539 tempestate
1435 1511 1500 1531 vero
1525 1503 1615 1530 soluta
1642 1507 1670 1530 et
1694 1510 1762 1536 puro

148 1549 198 1583 τῆς
213 1549 361 1582 ἀγνωσίας,
383 1548 428 1575 καὶ
447 1548 494 1575 τοῦ
517 1549 650 1584 χειμῶνος
669 1550 718 1584 τῆς
738 1550 793 1576 τῶν
811 1549 928 1576 εἰδώλων

150 1596 374 1630 προσκυνήσεως,
392 1595 461 1630 μετά
477 1603 506 1622 τε
522 1595 569 1621 τοῦ
591 1595 696 1631 Πατρὸς
716 1597 763 1623 καὶ
781 1597 827 1622 τοῦ
842 1597 929 1623 Ilvati-

149 1649 242 1674 ματος.
267 1640 364 1667 Ἢνίκα
389 1640 418 1667 δὲ
445 1640 567 1675 ἐπεφάνη
592 1641 622 1667 τὸ
650 1641 711 1676 ἔαρ,
740 1642 879 1668 τουτέστιν
912 1644 928 1677 ἡ

147 1686 242 1713 τούτου
260 1687 392 1720 ἐνσαρκος
407 1687 561 1722 οἰκονομία,
580 1687 627 1714 καὶ
647 1688 779 1724 ἐγεννήθη
804 1688 834 1715 τὸ
857 1689 929 1716 κατὰ

148 1733 237 1767 σάρκα
261 1733 293 1760 ἐκ
307 1733 435 1767 γυναικὸς
451 1734 499 1768 τῆς
519 1734 599 1768 ἁγίας
614 1724 750 1769 παρθένου
776 1736 822 1762 καὶ
836 1735 928 1762 θεοτό-

148 1787 196 1804 κου
212 1779 331 1814 Μαρίας,
352 1780 412 1806 τότε
427 1780 549 1815 ἐπεφάνη
563 1781 579 1815 ἠ
592 1781 671 1816 χάρις
686 1781 733 1807 τοῦ
749 1781 827 1814 Θεοῦ,
842 1783 858 1817 ή
876 1790 928 1808 au)-

147 1825 240 1858 τήριος
257 1826 340 1852 πᾶσιν
353 1825 519 1860 ἀνθρώποις.
531 1826 586 1852 Καὶ
597 1826 800 1862 προσεκύνησεν
811 1827 827 1862 ἡ
842 1826 929 1858 κτίσις

147 1871 192 1896 τὸν
208 1871 341 1897 κτίσαντα
354 1871 448 1906 αὐτὴν.
468 1872 515 1898 καὶ
532 1872 663 1905 ἐδόξασαν
680 1873 726 1899 τὸν
743 1873 824 1907 μόνον
840 1873 928 1908 ἀληθῆ

147 1917 222 1948 Θ;ὸν,
237 1917 281 1944 τὸν
296 1917 405 1951 Πατέρα
416 1917 463 1944 τοῦ
482 1918 584 1954 Κυρίου
600 1918 678 1954 ἡμῶν
697 1918 782 1954 Ἰησοῦ
797 1920 927 1952 Χριστοῦ,

147 1963 194 1988 καὶ
212 1963 292 1989 αὑτὸν
307 1963 353 1989 τὸν
369 1963 431 1989 Υἰὺν
446 1963 494 1989 κοιὶΙ
513 1964 599 1997 Λόγον
627 1964 674 1991 τοῦ
692 1965 807 1999 Πατρὸῆ
829 1966 875 1991 καὶ
899 1966 929 1991 τὸ

147 2009 280 2042 πανάγιον
303 2009 351 2035 καὶ
380 2009 510 2040 ζωοποιὸν
538 2009 662 2044 Πνεῦμα,
686 2011 736 2044 τὴν
764 2011 828 2044 μίαν
849 2011 929 2044 ἁγίαν

146 2055 289 2088 όμοούσιον
304 2055 349 2080 καὶ
364 2055 515 2091 ἀδιαίρετον
528 2057 572 2082 καὶ
592 2055 746 2091 ἁσύγχυτον
770 2057 870 2091 Τριάδα
884 2058 928 2083 τὸν

146 2100 194 2126 ἕνα
212 2100 287 2127 Θεόν.
307 2101 360 2127 Καὶ
376 2101 437 2128 τότε
457 2101 556 2135 ἐθεάθη
575 2102 591 2135 ἡ
610 2102 656 2128 τοῦ
677 2101 794 2137 Χριστοῦ
812 2102 876 2134 δόξα
891 2103 927 2134 ὡς

149 2145 309 2181 μονογενοῦς
324 2146 399 2180 παρὰ
417 2145 533 2179 Πατρός.
547 2147 602 2173 Καὶ
616 2147 675 2172 τότε
693 2147 783 2181 ἀφῆκε
809 2147 856 2178 τὰς
874 2148 928 2173 θεῖ-

147 2189 198 2218 κὰς
218 2188 300 2214 αὑτοῦ
319 2190 442 2222 ἀκτῖνας,
470 2191 517 2216 καὶ
541 2190 570 2216 τὸ
597 2192 693 2222 σκότος
717 2193 766 2226 τῆς
792 2193 928 2225 ἀγνωσίας

147 2234 276 2266 ἐφώτισε,
293 2235 340 2261 καὶ
361 2235 411 2265 τὰς
435 2235 645 2271 κατεψυγμὲνας
665 2238 710 2263 mi.
726 2238 824 2272 νεκρὰς
839 2238 928 2272 ψυχὰς

147 2281 179 2314 τῇ
200 2279 288 2315 θέρμῃ
307 2280 356 2314 τῆς
372 2281 489 2312 πίστεως
504 2282 670 2314 ὰνεζώωσεν.

981 1559 1044 1578 aere
1070 1558 1181 1578 reverso
1206 1551 1335 1577 omnibus
1364 1550 1456 1577 radios
1486 1557 1551 1576 suos
1575 1548 1762 1582 copiosissime

980 1597 1112 1629 immittit,
1138 1597 1174 1623 ita
1205 1597 1287 1622 etiam
1306 1603 1365 1622 mea
1388 1596 1422 1623 de
1439 1602 1564 1622 sermone
1587 1598 1616 1620 et
1631 1594 1700 1620 Filio
1717 1593 1762 1619 hri

980 1643 1068 1670 fertur
1079 1642 1224 1670 sententia.
1238 1642 1308 1668 Deus
1319 1641 1392 1668 enim
1406 1641 1540 1668 exsistens
1551 1646 1630 1667 verus
1641 1644 1702 1666 ante
1711 1646 1763 1665 sm-

980 1689 1052 1721 cula,
1062 1688 1145 1723 Filius
1158 1689 1214 1717 Dei.
1226 1691 1252 1714 et
1263 1692 1369 1715 creator
1380 1687 1468 1714 omnis
1480 1690 1611 1719 creatura:
1621 1685 1763 1721 (quemad-

981 1735 1090 1762 modum
1110 1734 1137 1761 in
1162 1733 1351 1768 superioribus
1362 1732 1511 1767 Apologiis,
1536 1736 1564 1758 et
1589 1731 1616 1758 in
1635 1730 1760 1765 ιιι-περιιιί

980 1788 1087 1815 quoque
1099 1780 1313 1807 demonstratum
1327 1780 1390 1814 est),
1402 1779 1504 1806 latebat
1520 1782 1610 1805 tamen
1624 1777 1674 1805 sub
1690 1776 1763 1804 nube

981 1827 1151 1862 ignorantiae,
1162 1831 1189 1854 et
1207 1825 1369 1853 idololatriae
1386 1828 1555 1859 tempestate,
1568 1831 1629 1851 cum
1644 1823 1723 1850 Patre
1736 1827 1764 1848 et

981 1874 1095 1908 Spiritu.
1109 1873 1256 1907 Postquam
1272 1876 1362 1899 autem
1374 1878 1422 1898 ver
1436 1870 1574 1905 apparuit,
1589 1869 1616 1896 id
1629 1873 1671 1896 est
1683 1868 1764 1903 hujus

981 1921 1006 1946 in
1024 1927 1104 1946 carne
1133 1917 1348 1950 administratio,
1371 1921 1399 1944 et
1423 1915 1573 1944 secundum
1602 1921 1711 1942 carnem
1730 1921 1763 1940 ex

981 1965 1094 1992 muliere
1118 1968 1199 1991 natus
1219 1967 1270 1995 est,
1294 1967 1386 1990 saneta
1409 1962 1515 1989 scilicet
1531 1961 1637 1995 virgine
1650 1960 1763 1993 Dcipara

981 2011 1075 2042 Maria,
1089 2015 1152 2037 tunc
1170 2009 1295 2043 apparuit
1320 2008 1405 2043 gratia
1425 2007 1473 2034 Dei
1491 2006 1620 2034 omnibus
1636 2005 1777 2033 salutaris-

982 2054 1149 2085 hominibus,
1164 2059 1191 2080 et
1211 2054 1334 2080 adoravit
1359 2056 1483 2079 creatura
1504 2056 1655 2078 creatorem
1671 2057 1763 2079 suum.

980 2101 1122 2134 solumque
1137 2107 1231 2126 verum
1244 2098 1328 2125 Deum
1350 2097 1583 2133 gloriﬁcaverunt,
1599 2096 1763 2130 Patremque

981 2146 1088 2174 Domini
1119 2146 1203 2172 nostri
1227 2145 1289 2172 Jesu
1313 2144 1426 2175 Christi,
1452 2147 1480 2170 et
1508 2143 1596 2177 ipsum
1616 2141 1714 2170 Filium
1736 2145 1765 2167 ct.

984 2193 1144 2220 Sermonem
1172 2190 1276 2220 Patris,
1315 2194 1495 2223 sanctumque
1523 2192 1551 2215 et
1581 2186 1764 2214 viviﬁcantem

985 2237 1128 2272 Spiritum,
1146 2243 1226 2262 unam
1245 2234 1381 2267 videlicet,
1402 2239 1534 2265 sanetam,
1547 2232 1766 2260 consubstantia-

984 2283 1048 2313 lem,
1068 2280 1211 2308 indivisaln
1237 2283 1264 2306 et
1286 2279 1455 2307 inconfusam
1483 2279 1654 2310 Trinitatem,
1679 2284 1764 2303 unum

147 2333 246 2360 nempe
265 2328 360 2355 Deum.
379 2327 414 2354 Et
440 2331 505 2355 tunc
516 2329 573 2356 visa
592 2333 634 2356 est
653 2329 753 2357 Christi
783 2331 868 2365 gloria
890 2329 974 2357 veluti
991 2328 1076 2363 gloria
1087 2326 1223 2361 Unigcniti
1241 2334 1256 2352 a
1288 2327 1377 2353 Patre.
1413 2326 1445 2352 Et
1462 2331 1527 2352 tunc
1541 2325 1632 2352 emisit
1659 2324 1766 2351 divinos

148 2379 212 2400 suos
227 2373 328 2407 radios,
340 2376 519 2410 tenebrasque
530 2376 690 2411 ignorantim
722 2377 886 2404 illuminavit
900 2397 907 2408 ,
929 2375 1096 2410 trigidasque
1115 2378 1144 2399 et
1165 2377 1285 2399 mortuas
1302 2373 1407 2399 animas
1423 2371 1585 2399 caloreﬁdei
1607 2370 1763 2398 viviticavit.

184 2420 215 2447 δ’.
237 2419 296 2447 Ἔτι
313 2422 327 2447 6
344 2421 465 2455 Μωὰμεθ
484 2423 528 2448 τὸν
542 2423 658 2457 Χριστὸν
674 2425 705 2450 ἐκ
721 2424 856 2458 παρθένου
867 2433 929 2458 γεν-

149 2466 262 2500 νηθῆναι
283 2466 409 2500 ὁμολογεῖ
433 2468 497 2495 ἄνευ
522 2468 629 2503 ἀνδρὸς,
656 2469 787 2504 αἱρετικῷ
817 2471 929 2504 Καρπο-

149 2512 244 2547 κράτει
264 2506 431 2546 ἆκολουθῶν,
444 2515 509 2540 Θεὸν
525 2515 552 2541 δὲ
571 2516 616 2541 καὶ
628 2515 695 2541 Θεοῦ
716 2516 778 2542 Υίὸν
792 2516 928 2551 οὐδαμῶς,

148 2559 225 2585 δυσὶν
242 2559 395 2591 ἀποδείξεσι
412 2560 552 2594 χρώμενος
565 2567 573 2575 ο
587 2561 628 2587 ὅτι
646 2569 675 2587 τε
699 2562 712 2587 ό
727 2562 842 2596 Χριστὸς
857 2562 931 2588 οὐδέ-

149 2611 216 2629 ποτε
231 2603 295 2638 περὶ
309 2603 408 2629 ἑαυτοῦ
422 2604 500 2630 τοῦτο
514 2604 577 2638 ἔφη,
596 2605 642 2631 καὶ
662 2605 702 2630 ὃτι
722 2606 777 2635 τοῖς
793 2605 931 2636 Ἰουδαίοις

148 2644 220 2679 εἷπε,
240 2656 249 2672 ε
268 2648 448 2682 Προσκυνεῖτε
471 2648 517 2674 τὸν
538 2648 604 2674 Θεόν
627 2657 677 2682 μου
693 2649 737 2675 καὶ
759 2649 825 2674 Θεὸν
841 2649 929 2683 ὑμῶν,

151 2693 198 2719 καὶ
214 2692 317 2728 Κύριόν
335 2702 385 2728 μου
412 2694 459 2721 καὶ
472 2695 573 2730 Κύριον
591 2695 677 2729 ὑμῶν.
699 2704 708 2721 ι
731 2695 761 2721 '0
785 2695 811 2720 δὲ
830 2695 931 2726 σκοπὸς

188 2771 213 2786 οε
233 2771 301 2799 Gen.
324 2780 347 2805 ι,
374 2772 396 2800 ι.

436 2773 457 2788 ⁶¹
477 2773 546 2800 Psal.
568 2780 624 2804 ctu,
648 2773 694 2799 Ἡ.

158 2805 185 2837 ι,
204 2806 233 2832 2.

733 2772 753 2788 ⁶¹
775 2772 844 2800 Psal.
868 2780 952 2806 xuu,
973 2773 1000 2800 ϐ.

1018 2421 1046 2448 4.
1065 2421 1198 2447 Ρι-ωὶοιοε
1213 2419 1358 2452 lllahomet,
1379 2418 1552 2453 Carpocratis
1571 2418 1690 2446 hzeretici
1705 2418 1766 2452 opi-

985 2467 1094 2493 nionem
1116 2470 1237 2497 setutus,
1255 2464 1395 2491 Christum
1417 2471 1450 2491 ex
1466 2464 1572 2499 virgine
1596 2468 1688 2490 natum
1706 2463 1765 2489 sine

984 2515 1057 2541 virili
1082 2522 1163 2548 opera
1188 2514 1344 2543 conﬁtetur.
1363 2513 1447 2539 Deum
1465 2520 1528 2539 vero
1548 2517 1576 2539 et
1598 2512 1644 2539 Dei
1667 2511 1765 2539 Filiutn
1792 2546 1793 2549 η

983 2568 1043 2587 esse
1061 2564 1150 2594 negat,
1166 2559 1273 2586 duobus
1288 2559 1332 2586 hic
1345 2558 1512 2594 argumentis
1528 2566 1611 2585 usus:
1629 2557 1701 2593 quod
1715 2565 1766 2584 nec

983 2606 1109 2632 Christus
1125 2605 1175 2631 hoc
1188 2612 1306 2639 unquam
1321 2604 1354 2630 de
1368 2611 1396 2631 se
1410 2604 1521 2636 dixerit,
1543 2608 1570 2630 et
1582 2604 1654 2638 quod
1665 2603 1766 2630 Judaeis

985 2651 1084 2678 dixerit
1099 2660 1105 2678 :
1125 2660 1133 2677 ι
1156 2651 1274 2678 Adorate
1289 2651 1372 2677 Deum
1386 2657 1476 2677 meum
1492 2654 1519 2676 ct
1535 2649 1620 2676 Deum
1633 2653 1764 2680 vestrum,

985 2690 1129 2723 Dominum
1159 2703 1249 2723 meum
1275 2700 1302 2722 ct
1333 2694 1477 2721 Dominum
1510 2699 1642 2722 vestrum.
1661 2693 1765 2729 )lmpii

1048 2774 1070 2789 “
1090 2773 1170 2802 Prov.
1193 2781 1233 2807 ιιι,
1256 2773 1297 2801 19.
1351 2773 1372 2789 ⁵⁵
1393 2773 1443 2801 lsa.
1464 2780 1517 2807 xu,
1532 2775 1558 2802 5.
1604 2773 1626 2789 θ’
1646 2771 1724 2801 Ioan.
1744 2780 1765 2807 ι,
