1949 3093
178 112 232 142 659

753 110 916 141 JUANNIS
933 109 1208 142 CANTACUZENI‘

1736 113 1789 145 660

179 172 271 194 autem
294 175 394 202 scopus
418 174 489 195 unus
505 174 614 202 semper
634 171 687 200 est,
706 171 735 194 ut
750 175 799 202 pro
817 167 889 194 virili
914 174 962 193 sua

1019 168 1060 194 τοῦ
1078 168 1193 200 ἀσεϐοῦς
1213 169 1327 196 πάντοτε
1348 168 1386 200 εἷς
1403 170 1470 202 ἐστι,
1496 169 1525 196 τὸ
1542 169 1586 196 ἵνα
1611 169 1681 196 κατὰ
1702 170 1794 197 πᾶσαν

180 212 345 247 persuadeat
361 213 469 240 cunctis
483 213 642 239 hominibus
655 213 805 240 utcredant
821 212 960 240 Christum

180 266 231 285 nec
246 259 332 286 Deum
347 266 419 290 esse,
431 257 490 285 'nec
508 258 555 285 Dei
572 257 682 289 Filium,
701 258 749 286 sed
765 263 887 286 sanctum
903 258 963 292 qui-

179 304 252 337 dem,
266 310 294 332 et
309 304 468 339 prophetam
482 304 610 331 omnibus
624 303 767 339 prophetis
781 304 961 338 superiorem,

181 350 376 384 hominemque
405 350 512 378 cunctis
539 349 697 377 hominibus
719 350 962 383 exeellentiorem,

183 397 267 424 Deum
285 404 352 423 vero
365 404 549 431 nequaquam.
578 396 684 423 Stultus
709 400 800 423 autem
826 395 881 428 hic,
901 395 962 423 dia-

182 443 274 470 bolum
291 442 423 473 imitatus,
439 442 565 469 homines
579 446 675 469 contra
690 441 828 476 Christum
851 448 963 475 persua—

180 489 245 515 dere
262 492 387 516 conatur.
408 488 642 521 Quemadmodum
663 488 735 515 enim
753 488 776 516 is
790 487 863 515 omni
881 487 977 515 modo.

182 539 298 561 conatur
313 534 436 569 singulos
452 534 577 561 homines
590 534 734 566 seducere,
748 539 777 561 et
793 533 835 561 vel
853 533 905 560 ﬁde
919 533 963 560 vel

181 579 312 613 operibus
335 587 350 607 a
376 580 431 607 Deo
459 579 589 612 alienare,
614 579 654 606 sic
679 584 707 606 et
729 579 867 607 Mahomet
889 578 964 606 omni

181 625 273 652 studio
291 627 318 652 in
343 626 395 653 hoc
419 633 503 653 unum
523 626 648 653 intentus
675 625 793 656 videtur,
815 629 847 652 ut
868 631 964 652 omnes

182 670 308 698 homines
330 679 346 698 a
369 679 433 698 vero
455 671 511 698 Deo
538 678 619 705 quam
643 670 802 704 longissime
827 670 964 702 abducat',

183 715 283 749 partim
299 714 410 749 quidem
425 715 489 747 hde,
505 716 604 749 partim
626 723 693 742 vero
707 715 857 749 operibus;
878 715 964 742 Deum

181 764 274 785 autem
297 759 412 786 adorare
428 760 519 792 docet,
543 767 624 794 quem
647 768 695 788 sua
720 760 808 794 ipsius
828 760 897 787 ratio
923 758 964 786 el-

184 805 272 832 tinxit.
297 804 332 831 Et
353 805 490 833 daemones
513 805 624 840 quidem
648 806 707 833 viso
729 806 854 839 Domino,
874 806 964 841 ipsum

184 848 232 876 Dei
243 849 342 877 Filium
355 851 396 877 vel
413 851 536 878 nolentes
548 851 666 879 confessi
678 856 743 879 sunt
755 860 762 880 :
774 852 838 886 (non
853 852 924 879 enim
937 856 967 878 ut

183 895 242 922 vari
258 895 419 924 adoratores
439 897 513 924 hunc
528 897 645 925 confessi
665 902 738 930 sunt,
759 898 807 925 sed
829 902 859 925 ut
877 897 904 925 hi
919 897 967 933 qui

183 941 327 968 veritatem
341 942 480 971 occultare
497 951 552 971 non
565 949 702 978 poterant,
716 944 854 977 dixerunt,
871 954 881 971 ι
896 944 966 978 Quid

185 986 264 1014 nobis
279 991 368 1014 tecum
379 988 419 1016 rei
437 993 491 1022 est,
505 989 556 1016 Fili
568 989 640 1017 Dei?
659 990 763 1018 Venisti
784 995 847 1018 ante
861 995 968 1026 tempus

184 1031 218 1059 ad
232 1033 410 1060 cruciandum
426 1041 477 1062 nos
492 1034 537 1061 "i
552 1036 575 1064 nl
591 1036 728 1064 Mahomet
744 1044 809 1065 vero
829 1037 968 1066 daemones

185 1078 327 1112 impietate
347 1084 471 1113 superat,
486 1080 533 1114 qui
551 1080 691 1108 Christum
712 1089 764 1110 nec
785 1082 833 1110 Dei
855 1082 967 1117 Filium,

185 1131 236 1151 nee
258 1124 379 1159 iudicem
405 1132 467 1153 esse
491 1125 615 1154 aﬂirmet.
642 1127 694 1155 Sed
719 1128 754 1155 ad
783 1128 860 1155 illum
883 1129 968 1156 Isaias

185 1168 304 1197 dixerit:
325 1169 415 1197 «Cum
437 1170 546 1198 diabolo
562 1176 691 1207 corrupta
715 1178 758 1199 est
781 1173 894 1201 scientia
922 1178 968 1201 tua

187 1221 250 1241 eum
265 1214 365 1242 decore
386 1220 433 1244 tuo
444 1216 493 1249 '7,»
509 1221 562 1245 etc.
580 1217 615 1245 Et
635 1218 733 1245 merito
745 1225 810 1246 sane
823 1219 857 1245 de
876 1218 968 1245 Maho-

186 1263 258 1287 mete
275 1260 473 1295 discipulisque
489 1263 547 1290 suis
572 1262 646 1290 dicat
658 1263 767 1298 aliquis,
783 1268 892 1298 gentem
907 1271 968 1291 esse

186 1312 247 1338 qua:
259 1304 403 1333 consilium
419 1306 553 1338 amiserit.
567 1311 595 1334 et
611 1307 636 1333 in
651 1314 704 1341 qua
721 1315 774 1334 non
791 1308 827 1335 sit
841 1308 965 1335 scientia.

187 1351 244 1379 Nos
255 1359 322 1379 vero
339 1352 380 1380 sic
394 1353 532 1380 dicimus:
553 1352 631 1386 Quod
649 1353 672 1380 si
688 1353 755 1380 ﬁdes
769 1353 809 1388 (ut
827 1353 969 1389 Scriptura

186 1397 268 1426 docet
282 1397 323 1434 ⁸⁸)
338 1398 398 1426 sine
416 1399 547 1433 operibus
569 1403 676 1426 mortua
698 1404 750 1432 est,
771 1399 858 1427 multo
882 1400 968 1434 magis

187 1452 269 1479 opera
285 1445 344 1472 sine
365 1445 418 1473 ﬁde
440 1449 547 1473 mortua
573 1451 647 1473 sunt.
670 1445 722 1474 Ubi
747 1453 811 1474 vero
833 1453 883 1473 nec
899 1446 967 1473 lldes

187 1498 237 1519 nec
252 1499 335 1527 opera
356 1497 455 1527 praesto
472 1497 546 1527 sunt,
564 1492 694 1527 quidnam
714 1493 772 1521 illic
788 1493 967 1528 iudicandum
980 1486 1003 1516 α

187 1537 255 1565 est?
281 1537 517 1570 Quemadmodum
549 1539 623 1566 enim
656 1546 756 1574 corpus
791 1539 850 1567 sine
879 1539 970 1566 anima

187 1587 326 1611 mortuum
350 1588 403 1617 est,
420 1584 460 1612 sic
481 1588 509 1612 et
522 1585 613 1612 anima
630 1584 689 1612 sine
713 1585 765 1612 lide
786 1589 814 1612 et
828 1584 968 1619 operibus.

187 1629 216 1656 Si
233 1629 307 1657 enim
325 1629 394 1658 ﬁdes
405 1630 534 1663 adfuerit.
551 1630 617 1658 licet
630 1630 790 1658 vulneretur
802 1629 902 1662 anima,
924 1637 970 1657 sa-

187 1675 309 1703 nationis
329 1680 419 1704 tamen
440 1676 499 1703 vias
518 1676 611 1708 habet,
628 1683 678 1710 per
703 1675 893 1710 paenitentiam
916 1675 971 1703 sci-

187 1721 252 1749 licet
274 1725 302 1749 et
325 1729 418 1757 opera.
439 1721 506 1750 Fide
528 1726 620 1750 autem
646 1721 769 1754 absente,
787 1721 878 1749 omnis
898 1722 970 1749 actio

187 1771 236 1796 aut
257 1768 356 1800 virtus,
383 1775 444 1803 quae
471 1767 500 1795 in
525 1768 644 1803 speciem
666 1775 727 1795 esse
750 1767 872 1799 videtur,
899 1774 970 1794 vana

187 1819 228 1843 est
252 1819 280 1843 et
302 1815 401 1843 inanis.
431 1813 497 1842 Fide
526 1814 599 1842 enim
623 1818 757 1848 praesente
777 1815 860 1842 etiam
883 1813 971 1842 virtus

187 1860 275 1893 adest.
293 1860 358 1888 licet
373 1859 521 1895 aliquando
533 1859 644 1887 virtutis
660 1859 795 1893 delectus,
814 1860 840 1887 id
854 1864 896 1888 est
908 1867 970 1894 pec-

188 1910 279 1933 catum
308 1905 461 1932 oboriatur.
483 1904 536 1932 Ubi
567 1912 633 1932 vero
660 1904 727 1932 ﬁdes
755 1912 810 1931 non
837 1909 890 1937 est,
920 1911 971 1932 nec

187 1952 276 1979 virtus
292 1955 343 1979 est.
363 1950 413 1979 Ubi
430 1954 520 1977 autem
538 1949 626 1977 virtus
647 1957 701 1976 non
724 1949 817 1982 fuerit,
834 1956 884 1976 nec
896 1949 970 1976 illius

187 1996 311 2024 defectus
324 2000 376 2023 est.
401 1996 452 2024 Ubi
471 1995 554 2030 igitur
570 1995 659 2023 virtus
679 2002 734 2023 non
751 2000 804 2027 est,
825 2003 877 2022 nec
904 1995 971 2023 lides

187 2048 241 2076 est,
268 2050 320 2070 nec
346 2046 499 2077 peccatum,
515 2041 563 2069 sed
591 2041 664 2069 nuda
689 2046 717 2068 et
741 2048 815 2069 mera
835 2041 970 2076 impietas.

188 2090 362 2124 Quapropter
377 2092 406 2116 et
426 2088 510 2115 Isaias
531 2087 570 2115 ait
585 2096 591 2114 :
610 2096 620 2113 ι
639 2087 697 2114 Nisi
714 2086 897 2118 credideritis,
915 2095 970 2114 non

1012 213 1095 240 αὑτοῦ
1120 213 1169 249 τὴν
1194 214 1310 248 δύναμιν
1326 214 1407 250 πείσῃ
1431 214 1537 246 πάντας
1552 215 1726 250 ἀνθρώπους,
1745 215 1794 243 καὶ

1011 259 1074 286 οὔτε
1090 260 1156 286 Θεὸν
1173 259 1235 286 οὕτε
1259 259 1327 286 Θεοῦ
1353 260 1417 286 Υίὸν
1446 261 1630 287 πιστεύσωσιν
1655 258 1726 288 εἶναι
1748 260 1796 287 τὸν

1012 304 1141 340 Χριστὸν,
1157 305 1214 332 ἀλλ’
1232 305 1309 339 ἅγιον
1324 306 1373 341 μὲν
1389 305 1436 332 καὶ
1451 306 1595 340 προφήτην
1612 305 1683 341 ὑπὲρ
1705 306 1796 332 ᾶπαν-

1013 360 1063 383 τας
1079 353 1232 386 προφήτας,
1249 352 1296 378 καὶ
1319 351 1464 386 ἄνθρωπον
1479 351 1549 386 ὑπὲρ
1570 353 1674 383 πάντας
1689 351 1796 386 ἀνθρὼ-

1013 407 1092 432 πους,
1110 399 1177 426 Θεδν
1192 399 1221 426 δὲ
1243 398 1379 433 οὐδαμῶς.
1400 398 1471 424 Ἀλλ’
1494 399 1628 433 ἐπιχειρεῖ
1646 398 1716 425 κατὰ
1746 397 1795 424 τοῦ

1013 445 1134 479 Χριστοῦ
1148 445 1240 471 πεῖσαι
1257 444 1320 474 τοὺς
1334 443 1494 478 ἀνθρώπους
1508 444 1529 470 ό’
1537 443 1662 478 μάταιος,
1681 443 1729 470 τὸν
1741 443 1800 471 διά-

1014 490 1093 517 ϐολον
1109 489 1289 525 μιμούμενος.
1300 489 1404 524 Ὥσπερ
1417 489 1473 524 γὰρ
1490 489 1595 521 ἐκεῖνος
1609 490 1690 516 παντὶ
1704 490 1798 524 τρόπῳ

1015 536 1173 570 μηχανᾶται
1193 536 1232 566 είς
1248 535 1279 562 τὸ
1294 535 1429 569 πλανῆσαι
1447 534 1536 561 πάντα
1546 534 1701 570 ἄνθρωπον,
1715 535 1762 562 καὶ
1780 536 1798 570 ἢ

1014 582 1047 616 τῇ
1062 581 1152 608 πίστει
1177 581 1194 615 ἢ
1213 580 1270 611 τοῖς
1296 579 1388 615 ἔργοις
1401 579 1517 614 χωρίσαι
1542 579 1624 606 αὑτὸν
1648 578 1697 605 τοῦ
1711 578 1791 605 Θεοῦ·

1015 626 1086 653 οὕτω
1104 627 1151 653 καὶ
1169 627 1183 653 ό
1196 625 1319 660 Μωάμεθ
1339 625 1421 652 παντὶ
1438 624 1532 659 τρόπῳ
1545 624 1704 656 σπουδάζων
1721 624 1798 657 εὑρί-

1017 680 1125 705 σκεται,
1142 672 1185 698 ἵνα
1199 671 1252 698 ἀπδ
1273 671 1322 705 μὲν
1337 670 1383 697 τοῦ
1396 670 1523 706 ἀληθινοῦ
1539 669 1606 696 Θεοῦ
1623 669 1732 704 μακράν
1743 677 1796 695 που

985 743 988 747 ,
1015 718 1116 753 ποιήσῃ
1135 717 1223 744 πάντα
1238 716 1393 752 ἄνθρωπον,
1410 716 1457 742 ποῖ
1471 715 1520 750 μὲν
1539 716 1574 749 τῇ
1589 715 1692 748 πίστει,
1706 716 1752 742 ποῖ
1766 715 1796 741 δὲ

1014 766 1070 796 τοῖς
1086 764 1194 798 ἔργοις·
1211 762 1278 789 Θεὸν
1305 761 1334 788 δὲ
1362 761 1526 795 προσκυνεῖν
1546 760 1679 793 διδάσκει,
1701 760 1796 787 ὅντινα

983 827 1005 857 Β
1018 809 1182 838 ἀναπλάττει
1198 809 1214 843 ὴ
1230 808 1336 835 ἐκείνου
1358 807 1470 834 διάνοια.
1488 806 1543 834 Καὶ
1557 806 1583 832 oi
1604 806 1653 840 μὲν
1670 805 1798 841 δαίμονες

1017 856 1064 882 τὸν
1081 855 1184 890 Κύριον
1209 854 1320 886 ἰδόντες,
1338 852 1406 880 Θεοῦ
1423 852 1486 879 Υίδν
1513 851 1594 879 αὐτὸν
1618 851 1800 886 ὡμολόγησαν

1016 903 1064 930 καὶ
1078 903 1175 938 κριτὴν
1191 902 1304 933 ἄκοντες
1317 909 1325 918 ⁸
1343 900 1374 927 οὐ
1389 899 1444 934 γὰρ
1461 899 1500 931 ὡς
1521 898 1634 932 ἀληθεῖς
1647 906 1801 933 προσκυνη-

1017 949 1064 976 ταὶ
1078 948 1171 976 τοῦτον
1184 947 1376 982 ὡμολόγησαν,
1391 944 1450 972 ἀλλ’
1463 944 1502 976 ὡς
1518 943 1555 979 μὴ
1571 944 1715 978 δυνάμενοι
1732 942 1801 978 κρύ-

1016 995 1067 1030 ψαι
1078 994 1129 1030 τὴν
1143 994 1284 1029 ἀλήθειαν,
1306 991 1392 1023 οὕτως
1405 989 1493 1023 εἶπον,
1519 999 1529 1017 ‹
1548 989 1582 1017 τί
1603 990 1668 1024 ἡμῖν
1684 989 1730 1016 καὶ
1745 989 1800 1020 σοὶ,

1017 1041 1066 1068 Υίὲ
1081 1039 1129 1066 τοῦ
1139 1039 1208 1066 Θεοῦ
1219 1047 1226 1072 ;
1241 1036 1323 1074 ἦλθες
1335 1036 1389 1072 πρὸ
1399 1035 1496 1070 καιροῦ
1506 1034 1651 1070 βασανίσαι
1663 1034 1751 1070 ἡμᾶς
1765 1043 1775 1060 ι
1786 1033 1802 1060 ὁ

1017 1086 1046 1114 δὲ
1058 1085 1183 1120 Μωάμεθ
1203 1083 1250 1111 καὶ
1264 1083 1364 1119 χείρων
1385 1081 1520 1117 δαιμόνων
1537 1079 1726 1114 ἀναφαίνεται,
1739 1078 1802 1106 ἐπεὶ

1019 1132 1089 1167 μήτε
1114 1130 1182 1158 Θεοῦ
1209 1130 1285 1163 Υἱδν,
1303 1131 1373 1166 μήτε
1391 1129 1489 1165 κριτὴν
1518 1131 1563 1157 τδν
1583 1129 1699 1165 Χριστὸν
1725 1128 1802 1161 λέγει

1018 1176 1178 1207 εἷναι.⁹Δλλ’
1192 1180 1264 1206 εἴποι
1279 1179 1312 1205 ἂν
1329 1178 1442 1210 Ἡσαΐας
1457 1178 1524 1213 πρὸς
1534 1177 1626 1211 αὐτὸν,
1641 1177 1682 1204 ὅτι
1695 1186 1705 1203 ι
1723 1174 1804 1203 Μετὰ

1018 1225 1066 1252 τοῦ
1082 1224 1206 1252 διαϐόλου
1223 1223 1328 1259 ἐφθάρη
1343 1224 1359 1258 ὴ
1375 1223 1513 1258 ἐπιστήμη
1530 1231 1579 1250 σου
1597 1223 1645 1250 σὺν
1659 1222 1698 1256 τῷ
1708 1221 1802 1248 κάλλει

1018 1279 1077 1297 σου.
1100 1279 1109 1296 ι
1129 1270 1184 1296 Καὶ
1203 1269 1295 1296 λοιπον
1309 1268 1420 1299 δικαίως
1433 1269 1467 1295 ἂν
1481 1268 1553 1295 εῐποι
1567 1277 1610 1300 τις
1625 1267 1688 1303 περί
1704 1275 1734 1294 τε
1755 1265 1802 1293 τοῦ

1019 1313 1154 1348 Μωάμεθ,
1182 1313 1248 1347 περί
1264 1321 1293 1339 τε
1323 1312 1377 1339 τῶν
1393 1311 1633 1346 ἀκολουθησάντων
1661 1309 1746 1344 αὐτῷ,
1760 1310 1804 1336 ὃτι

1020 1360 1095 1391 ἔθνος
1109 1358 1282 1390 ἀπολωλεκὸς
1294 1358 1393 1393 βουλήν
1405 1358 1475 1390 ἐστι,
1486 1357 1534 1384 καὶ
1542 1357 1592 1384 οὐκ
1603 1357 1677 1383 ἔστιν
1688 1356 1718 1382 ὲν
1728 1356 1803 1390 αὺτῳ

1020 1405 1173 1439 ἐπιστήμη.
1196 1404 1293 1438 Ἡμεῖς
1307 1404 1336 1431 δὲ
1352 1403 1469 1438 λέγομεν
1483 1402 1581 1434 οὕτως,
1596 1402 1638 1429 ὅτι
1657 1402 1706 1428 ἑὰν
1722 1402 1740 1436 ἡ
1754 1401 1803 1428 πί-

1020 1459 1079 1482 στις
1104 1451 1167 1478 ἀνευ
1193 1450 1246 1476 τῶν
1260 1448 1349 1484 ἔργων
1374 1448 1459 1483 νεκρά
1476 1448 1534 1474 ἔστι
1552 1447 1632 1481 κατὰ,
1652 1447 1682 1473 τδ
1697 1447 1800 1481 λόγιον,

1021 1496 1112 1532 πολλῷ
1129 1494 1228 1530 μᾶλλον
1245 1495 1331 1529 νεκρά
1358 1494 1411 1520 είσι
1435 1493 1469 1520 τὰ
1492 1493 1571 1529 ἔργα,
1592 1493 1630 1528 μὴ
1654 1492 1737 1528 οὗσης
1756 1492 1803 1519 πί-

1021 1550 1117 1572 στεως.
1134 1541 1217 1568 Ἔνθα
1230 1540 1257 1567 δὲ
1269 1539 1331 1566 οὔτε
1344 1540 1435 1571 πίστις
1446 1538 1509 1566 οὗτε
1524 1539 1601 1573 ἔργα,
1618 1537 1644 1564 τί
1655 1536 1707 1572 χρὴ
1723 1537 1804 1571 νομίο

1020 1588 1077 1619 ζειν
1095 1587 1203 1617 ὲκεῐσε;
1224 1585 1320 1620 ὥσπερ
1333 1585 1387 1619 γὰρ
1397 1584 1428 1611 τὸ
1446 1583 1526 1618 σῶμα
1542 1582 1637 1618 νεκρόν
1654 1583 1727 1608 ἐστιν
1736 1581 1802 1608 ἀνευ

1019 1634 1120 1669 ψυχῆς,
1135 1632 1206 1660 οὕτω
1219 1631 1292 1667 ψυχὴ
1309 1632 1372 1659 ἀνευ
1392 1632 1510 1661 πίστεως
1525 1629 1572 1657 καὶ
1594 1629 1694 1665 ἔργων.
1711 1627 1803 1663 Οὔσης

1020 1680 1074 1714 γὰρ
1086 1679 1216 1710 πίστεως,
1234 1678 1313 1712 εἴπερ
1325 1677 1430 1710 δέξεται
1454 1675 1600 1711 τραύματα
1616 1675 1634 1709 ἡ
1647 1673 1730 1710 ψυχὴ,
1745 1673 1802 1708 ἔχει

1019 1726 1137 1761 τρόπους
1153 1724 1253 1755 ἰάσεως
1274 1723 1317 1751 διά
1344 1730 1375 1748 τε
1396 1721 1541 1757 μετανοίας
1569 1720 1616 1747 καὶ
1632 1720 1731 1754 ἔργων.
1758 1717 1803 1753 Μὴ

1019 1771 1102 1805 οὔσης
1119 1770 1148 1797 δὲ
1165 1769 1294 1801 πίστεως,
1318 1769 1394 1795 πᾶσα
1412 1767 1511 1802 πρᾶξις
1531 1766 1580 1794 καὶ
1601 1766 1676 1793 πᾶσα
1695 1763 1804 1800 νομιζο-

1021 1817 1090 1853 μένη
1115 1815 1200 1851 ἀρετὴ
1219 1815 1322 1851 ματαία
1342 1815 1388 1841 καὶ
1401 1813 1496 1845 ἕωλος.
1515 1813 1637 1842 Πίστεως
1650 1811 1704 1846 γὰρ
1718 1809 1802 1846 οῠσης

1020 1861 1078 1888 ἐστι
1096 1862 1142 1887 καὶ
1157 1861 1253 1895 ἀρετὴ,
1281 1860 1354 1886 ἔστιν
1378 1859 1422 1886 ὅτε
1447 1858 1495 1885 καὶ
1510 1857 1613 1893 ἀρετῆς
1631 1855 1802 1887 ὰπόπτωσις,

1019 1906 1158 1932 τουτέστιν
1172 1904 1308 1940 ἁμαρτία.
1323 1903 1411 1930 Ὅπου
1426 1902 1455 1929 δὲ
1469 1902 1561 1933 πίστις
1572 1901 1624 1928 οὐκ
1641 1900 1725 1932 ἔστιν,
1747 1898 1803 1925 οὐδ’

1020 1951 1116 1986 ἀρετή.
1129 1951 1184 1977 Καὶ
1200 1949 1264 1976 ἔνθα
1279 1949 1366 1985 ἀρετὴ
1386 1948 1436 1975 οὐκ
1450 1947 1533 1977 ἐστιν,
1550 1945 1604 1972 οὐδ’
1617 1945 1718 1981 ἀρετῆς
1734 1943 1803 1971 ἀπό-

1021 2005 1134 2027 πτωσις.
1151 1997 1222 2030 Ἀρα
1246 1995 1311 2021 ἔνθα
1338 1995 1430 2025 πίστις
1450 1993 1501 2019 οὑκ
1528 1992 1613 2024 ἐστιν,
1637 1990 1693 2018 οὔτ’
1717 1989 1802 2024 ἀρετή

1021 2044 1105 2075 ἐστιν,
1122 2041 1177 2068 οὔθ’
1192 2040 1324 2075 ἁμαρτία,
1343 2038 1411 2066 ἀλλὰ
1425 2037 1514 2073 γυμνὴ
1529 2038 1576 2064 καὶ
1590 2037 1657 2071 μόνη
1679 2035 1802 2063 ἀσέϐεια.

1021 2088 1071 2115 Διά
1085 2094 1126 2114 τοι
1140 2086 1219 2113 τοῦτο
1232 2086 1279 2112 καὶ
1298 2084 1411 2115 Ἡσαΐας
1425 2083 1519 2118 φησιν,
1535 2092 1545 2108 ι
1566 2082 1629 2108 Ἐὰν
1644 2081 1681 2116 μὴ
1695 2080 1806 2106 πιστεύ-

188 2135 346 2170 intelligetis
363 2135 396 2161 ⁸⁸.
417 2143 426 2160 ι
443 2133 538 2161 ‘Fides
560 2132 652 2168 itaque
675 2137 703 2160 et
722 2140 785 2168 spes
806 2140 900 2160 eorum
930 2137 968 2160 esl

1026 2142 1101 2169 σητε,
1119 2132 1149 2160 οὺ
1168 2132 1205 2167 μὴ
1226 2132 1334 2166 συνῆτε.
1355 2139 1364 2155 ι
1381 2130 1506 2164 Τοίνυνὴ
1523 2127 1614 2159 πίστις
1627 2127 1675 2153 καὶ
1694 2127 1711 2162 ὴ
1729 2127 1805 2156 ἐλπὶς

188 2189 249 2216 quae
263 2189 318 2208 non
333 2179 472 2212 videntur,
484 2187 538 2207 non
551 2186 646 2206 eorum
662 2186 722 2214 quae
733 2179 972 2210 demonstrantur;

187 2227 235 2254 sed
252 2225 387 2262 imprimis
401 2226 503 2253 donum
527 2225 573 2252 Dei
591 2229 632 2253 est
653 2225 718 2252 ﬁdes
733 2224 777 2251 illa
800 2224 972 2252 Christiano-

189 2281 250 2300 rum
270 2273 296 2300 in
310 2277 513 2300 sacrosanctam
529 2273 702 2300 Trinitatem.
720 2271 797 2304 Quod
811 2273 884 2299 enitn
898 2271 974 2299 videt

187 2319 299 2353 aliquis,
324 2326 374 2345 cur
401 2318 516 2352 sperat?
538 2318 572 2344 Et
595 2317 668 2352 quod
690 2317 763 2345 videt
788 2317 898 2352 aliquis,
924 2324 974 2343 cur

188 2364 300 2391 credit?
316 2364 510 2391 Verumtamen
526 2361 755 2397 quemadmodum
775 2362 847 2396 apud
865 2368 914 2388 nos
932 2361 972 2388 sol

188 2409 280 2436 omnia
297 2417 468 2444 qumcunque
481 2411 640 2442 contingere
661 2413 760 2443 potest.
785 2407 931 2438 illuminat,
946 2410 975 2434 et

190 2456 277 2482 lucem
305 2455 388 2482 habet
418 2455 445 2481 in
476 2454 634 2481 universum
663 2453 796 2480 ntundum
825 2452 972 2485 visibilem,

191 2500 382 2535 multiplicem,
405 2507 514 2526 sursum
540 2504 568 2526 et
590 2499 718 2526 deorsum
737 2498 907 2533 propriorum
930 2505 974 2524 ras

189 2546 297 2573 diorum
325 2545 498 2580 splendorem
527 2545 705 2580 dispergens:
734 2549 763 2571 et
794 2544 817 2570 si
843 2544 886 2570 cui
916 2551 970 2569 non

190 2592 290 2623 aderit,
324 2598 378 2618 non
401 2594 511 2625 propter
535 2591 615 2626 hujus
640 2590 842 2617 illuminatoriae
865 2588 974 2615 virtutis

190 2637 378 2665 inﬁrmitatem
397 2637 448 2664 hoc
465 2636 505 2669 lit,
534 2636 581 2664 sed
599 2641 710 2671 propter
728 2635 802 2662 visus
823 2634 974 2661 incommo-

190 2681 326 2715 ditatem;
342 2683 427 2710 multa
441 2682 514 2709 enim
528 2689 589 2717 quas
605 2681 667 2709 talia
683 2685 757 2712 sunt.
773 2679 866 2706 radius
878 2678 975 2706 solaris

193 2728 329 2756 transiens
353 2736 406 2755 non
429 2728 576 2761 illttminat,
599 2735 660 2755 cum
688 2726 740 2753 alia
759 2725 914 2756 iilutninct;
934 2725 974 2751 sic

1023 2179 1079 2206 τῶν
1095 2178 1133 2214 μὴ
1149 2176 1321 2213 βλεπομένων
1335 2175 1420 2206 ἐστὶν,
1438 2174 1469 2200 οὐ
1491 2172 1546 2199 τῶν
1563 2170 1806 2206 ἀποδεδειγμένων.

1031 2222 1101 2252 Ἀλλ’
1118 2223 1176 2250 ἐστι
1195 2221 1280 2256 δῶρον
1307 2220 1374 2247 Θεοῦ
1400 2219 1547 2254 ἐξαιρέτως
1563 2219 1579 2253 ὴ
1600 2218 1640 2250 είς
1659 2217 1710 2252 τὴν
1726 2216 1807 2250 ἁγίαν

1024 2267 1125 2303 Τριάδα
1138 2267 1193 2293 τῶν
1208 2264 1381 2300 Χριστιανῶν
1398 2264 1501 2295 πίστις.
1516 2264 1549 2289 Ὂ
1571 2263 1627 2297 γὰρ
1644 2261 1739 2296 βλέπει
1753 2269 1806 2292 τις,

1022 2313 1050 2339 τί
1065 2312 1112 2338 καὶ
1130 2311 1235 2343 ἐλπίζει
1248 2319 1255 2343 ;
1272 2311 1321 2337 καὶ
1332 2309 1345 2335 ὃ
1361 2308 1466 2343 βλέπει,
1482 2308 1509 2334 τί
1521 2308 1568 2334 καὶ
1582 2306 1721 2339 πιστεύεις
1737 2305 1808 2331 Ἀλλ’

1024 2359 1098 2392 ὅμως
1112 2357 1207 2391 ὥσπερ
1220 2357 1233 2383 ό
1247 2355 1309 2382 καθ’
1329 2356 1404 2389 ἡμᾶς
1418 2354 1493 2389 ἥλιος
1510 2353 1544 2380 τὰ
1559 2352 1647 2380 πάντα
1665 2353 1715 2378 ὅσα
1730 2351 1809 2385 μετέ-

1027 2412 1084 2440 χειν
1093 2402 1175 2429 αὑτοῦ
1189 2401 1301 2428 δύναται
1317 2400 1439 2434 φωτίζει,
1455 2400 1500 2426 καὶ
1509 2396 1809 2433 ὑπερηπλωμένονιέχει

1025 2449 1056 2475 τὸ
1070 2448 1128 2482 φῶς
1142 2448 1182 2478 είς
1215 2447 1303 2473 πάντα
1318 2447 1364 2472 τὸν
1391 2444 1488 2480 ὁρατὸν
1513 2444 1615 2478 κόσμον
1640 2442 1696 2468 ἀνω
1713 2450 1743 2467 τε
1761 2441 1809 2467 καὶ

1025 2495 1112 2526 κάτω,
1127 2493 1176 2524 τὰς
1189 2493 1244 2519 τῶν
1256 2492 1364 2518 οἰκείων
1377 2490 1493 2518 ἀκτίνων
1506 2489 1592 2523 αὐγάς
1603 2487 1728 2522 ἑξαπλῶν
1740 2496 1747 2502 ·
1762 2486 1809 2513 καὶ

1028 2540 1055 2566 εἴ
1069 2548 1122 2565 τινι
1134 2539 1164 2565 οὺ
1184 2538 1305 2572 μέτεστι,
1322 2536 1401 2563 τοῦτο
1417 2536 1446 2562 οὐ
1459 2536 1509 2570 τῆς
1530 2533 1674 2564 ἀσθενείας
1687 2532 1739 2567 τῆς
1753 2540 1810 2566 φω-

1028 2585 1153 2619 τιστικῆς
1166 2584 1307 2618 δυνάμεως
1320 2582 1403 2609 αὑτοῦ
1416 2582 1501 2612 ἐστιν,
1515 2580 1583 2607 ἀλλὰ
1597 2580 1652 2605 τῶν
1668 2579 1702 2605 δι’
1715 2578 1809 2604 ἀνεπι-

1027 2631 1194 2666 τηδειότητα,
1205 2630 1254 2664 τῆς
1267 2629 1399 2663 ὁράσεως,
1415 2628 1461 2655 καὶ
1475 2627 1561 2655 πολλὰ
1573 2626 1628 2653 τῶν
1637 2625 1723 2656 οὕτως
1733 2623 1809 2659 ἑχόν-

1027 2686 1081 2704 των
1104 2677 1120 2711 ὴ
1145 2677 1223 2706 ἀκτὶς
1240 2675 1415 2702 διαϐαίνουσα
1437 2674 1468 2700 οὐ
1491 2673 1616 2708 φωτίζει,
1640 2672 1675 2698 τὰ
1698 2671 1725 2697 δὲ
1751 2669 1808 2706 μετ1

1029 2724 1120 2749 ἐκεῖνα
1145 2722 1278 2756 φωτίζει·
1297 2721 1369 2747 οὓτω
1387 2720 1433 2747 καὶ
1457 2720 1471 2747 ὁ
1487 2719 1582 2755 νοητὸς
1605 2719 1681 2755 ἥλιος
1699 2717 1749 2753 τῆς
1772 2716 1810 2743 δι-

230 2811 252 2826 ¹⁶
272 2809 366 2838 Μυιιιι.
390 2818 445 2845 νιιι,
466 2809 510 2837 ‘29.
551 2810 571 2825 θ’
592 2809 632 2838 lsa
667 2817 722 2842 xtv,
745 2809 785 2842 ll,
810 2809 851 2835 12.
892 2807 913 2824 εδ
933 2807 968 2835 ,Ιιιι

1024 2814 1048 2839 ι,
1071 2805 1116 2833 20.
1155 2805 1176 2821 δι’
1195 2804 1245 2831 Isa.
1267 2812 1320 2838 vn,
1340 2804 1366 2832 9.
