1949 3093
113 140 165 173 661

603 139 750 170 CONTRA
771 137 1011 169 MAHOMETEM
1031 137 1172 169 ORATIO
1191 137 1247 166 ιιι.
1293 128 1300 136 ⁵

1673 132 1726 164 662

114 197 274 232 καιοσῦνης,
297 196 436 224 τουτέστιν
459 197 473 223 ὁ
500 196 630 231 Χριστὸς,
655 197 715 227 τοὺς
744 196 785 226 si;
815 195 915 224 αὑτὸν.

966 194 1028 221 tiam
1054 194 1194 221 rationalis
1217 193 1262 220 ille
1285 191 1398 236 iustitia!
1421 191 1467 219 Sol
1489 190 1624 223 Christus,
1647 191 1674 218 in
1696 198 1726 218 se

115 244 294 275 πιστεύοντας
315 243 440 279 ὲμπιπλᾷ
459 243 556 278 νοητοῦ
578 242 676 277 φωτός.
696 243 790 269 Πᾶσιν
805 241 832 268 δὲ
847 241 895 274 ἄγ-

115 297 192 317 νοιαν
209 289 256 316 καὶ
270 289 376 324 πλάνην
391 289 497 316 ἐλαύνει
520 289 552 314 ὲκ
568 289 663 315 πατῶν
684 288 790 322 ψυχῶν,
805 284 849 317 αἷς
865 286 897 312 ἂν

117 334 274 368 ἐγγένηται,
291 334 338 360 καὶ
350 332 413 364 τοὺς
430 333 540 367 νοεροὺς
552 332 642 359 αὐτῶν
657 331 813 366 ὀφθαλμοὺς
828 331 896 356 ἁπο-

117 379 255 414 καθαίρει.
273 379 328 406 Καὶ
342 379 396 413 γὰρ
417 378 511 412 ὥσπερ
525 379 542 413 ἠ
562 378 657 410 ἄγνοια
677 375 828 411 διαιρετικὴ
843 374 898 401 τῶν

119 422 340 456 πεπλανημένων
363 422 447 454 ἐστὶν,
468 421 553 451 οὕτως
573 422 590 456 ἡ
613 421 661 446 τοῦ
687 419 783 454 νοητοῦ
810 418 899 452 φωτὸς

121 468 260 502 παρουσία
276 467 433 500 συναγωγὸς
447 468 494 493 καὶ
512 466 628 500 ἑνωτικὴ
643 465 694 492 τῶν
708 465 900 499 φωτιζομένων

120 513 188 540 ἐστί.
203 513 251 539 Διά
271 512 337 546 γοῦν
357 513 433 539 τοῦτπ
453 513 500 539 καὶ
514 513 528 538 ὁ
543 512 660 548 Χριστὸς
675 511 778 544 ἔλεγεν,
796 519 806 536 ‹
830 509 901 544 Ἐγώ
916 524 926 533 ,ς

121 559 179 593 εἰμι
193 558 223 584 τὸ
237 559 295 593 φῶς
311 558 358 585 τοῦ
384 557 499 592 κόσμου,
515 558 563 584 καὶ
595 558 609 583 ὁ
630 555 766 582 πιστεύων
786 555 826 586 είς
851 555 902 587 ἐμὲ

122 605 153 632 οὐ
171 606 209 640 μὴ
222 604 398 644 περιπατήσῃ
415 605 444 629 ὲν
455 605 488 638 τῇ
507 602 613 636 σκοτίᾳ,
633 610 642 627 ι
663 601 713 636 τῆς
736 601 838 634 πλάνης
855 599 902 633 θη-

121 649 221 680 λονότι,
245 657 254 674 ι
273 648 331 674 ἀλλ’
350 648 404 681 ἔξει
420 646 450 673 τὸ
478 647 536 680 φῶς
559 646 608 681 τῆς
624 645 706 680 ζωῆς,
726 653 736 670 ι
755 644 803 671 καὶ
822 644 903 678 ἔτερα

122 694 172 721 ὅσα
189 694 330 729 μετολίγον
345 695 358 720 ό
370 693 447 727 λόγος
466 692 533 727 δῆλα
546 692 663 726 ποιήσει.
681 691 759 716 Ἐπεὶ
772 689 850 723 γοῦν,
866 688 904 720 ὡς

123 740 231 774 εἴρηται
249 739 277 765 ὲν
294 737 333 773 τῷ
348 737 487 772 κεφαλαίῳ
501 735 704 771 τῷ⁹Ἐλμαῑδᾶ,
720 733 812 764 διττὰς
834 734 903 760 ἀπο-

122 785 220 818 δείξεις
234 785 324 819 φέρων
338 783 495 817 εὺρίσκεται
508 781 578 808 κατά
598 780 644 807 τοῦ
664 780 784 814 Χριστοῦ
798 780 812 805 ό
824 778 906 805 Maid-

125 831 188 866 μεθ,
203 830 332 857 δεικνύων
345 829 381 859 ὡς
394 829 444 855 οὐκ
457 828 514 854 ἔστι
529 827 605 858 Θεὸς,
618 826 658 853 διὸ
683 825 813 852 οὐδέποτε
830 825 905 859 είρη-

124 885 173 903 κεν
190 876 284 902 ἑαυτὸν
299 874 364 902 Θεὸν
383 874 397 900 ὀ
414 873 541 908 Χριστὸς,
559 872 607 899 καὶ
627 872 667 898 ὅτι
692 872 747 903 τοῖς
767 870 904 898 Ἰουδαίοις
921 866 942 894 Β

125 916 203 945 εἶπεν
218 918 259 944 ὅτι
279 927 288 943 ι
307 917 487 951 Προσκυνεϊτε
505 915 551 942 τὸν
574 915 641 942 Θεόν
657 923 707 949 μου
725 914 773 940 καὶ
794 913 860 940 Θεὸν
875 913 905 939 ὑ-

126 963 197 999 μῶν,
217 964 265 989 καὶ
279 963 380 997 Κύριόν
399 971 449 997 μου
462 963 509 989 καὶ
524 961 626 995 Κύριον
639 959 716 994 ὑμῶν
727 967 734 974 ·
755 968 764 985 ι
780 958 859 993 δεῦρο
873 958 906 993 δὴ

127 1008 290 1043 σκεψώμεθα
301 1009 421 1042 περὶ-τῆς
432 1006 578 1041 προτέρας,
588 1005 694 1037 ἔπειτα,
704 1004 770 1031 Θεοῦ
780 1003 906 1036 διδόντος,

126 1055 174 1082 καὶ
189 1055 254 1087 περὶ
268 1054 318 1089 τῆς
336 1053 476 1088 δευτέρας.
497 1051 656 1086 ’Δρξώμεθα
677 1050 766 1076 τοίνυν
789 1050 842 1076 ἀπὸ
858 1050 908 1084 τῆς

129 1100 178 1126 τοῦ
204 1099 327 1134 Μωάμεθ
351 1099 506 1133 ὁμολογίας.
524 1095 608 1128 Οὗτος
634 1097 679 1124 τὸν
699 1097 816 1131 Χριστὸν
830 1096 909 1130 λόγον

128 1146 208 1177 Θεοῦ,
226 1147 272 1172 καὶ
289 1145 377 1181 ψυχὴν
389 1145 468 1177 Θεοῦ,
483 1145 531 1171 καὶ
545 1144 629 1179 πνοὴν
643 1142 711 1170 Θεοῦ
732 1143 806 1177 λέγει
827 1140 908 1173 εῐναι,

130 1191 224 1222 καθὼς
237 1192 356 1226 είρηται,
373 1190 467 1217 καὶτὰ
492 1190 569 1224 παρά
582 1189 629 1215 τοῦ
651 1187 770 1223 Χριστοῦ
787 1187 834 1214 καὶ
857 1187 911 1213 τῶν

131 1237 289 1263 ἀποστόλων
302 1237 442 1271 γραφέντα
455 1237 500 1262 καὶ
516 1235 671 1270 πραχθέντα
686 1234 715 1260 ἐν
730 1233 768 1268 τῷ
787 1232 909 1266 Εὑαγγε-

132 1282 183 1318 λίῳ
198 1282 291 1309 δίκαια
314 1283 361 1309 καὶ
377 1282 442 1316 ἅγια
460 1281 506 1307 καὶ
523 1281 615 1307 τέλεια
639 1279 684 1306 καὶ
698 1279 786 1313 ἀληθῆ
808 1278 912 1313 ὡμολό-

134 1337 215 1363 γησε.
227 1320 414 1359 Καὶδικαίως·
428 1327 444 1362 ἡ
459 1326 513 1362 γὰρ
521 1326 567 1353 τοῦ
577 1325 680 1362 Κυρίου
693 1325 804 1361 ἀλήθεια
816 1324 856 1355 είς
868 1324 913 1350 τὸν

136 1374 224 1401 αἰῶνα
240 1374 326 1409 μένει.
346 1373 411 1400 Ἀπὸ
427 1373 481 1408 γὰρ
494 1372 540 1399 τοῦ
555 1372 643 1406 Λόγου
657 1371 703 1398 τοῦ
724 1370 791 1397 Θεοῦ
813 1370 843 1396 οὗ
867 1369 915 1396 δύ-

136 1428 215 1447 ναται
228 1419 346 1453 ἐξελθεῖν
368 1418 475 1453 ψεῦδος.
490 1417 594 1444 Ταυτὸν
608 1417 662 1451 γάρ
683 1417 757 1443 ὲστιν
773 1417 861 1442 εἰπεῖν
875 1416 916 1441 ὅτι

135 1467 151 1492 ὁ
175 1464 240 1496 Θεὸς
258 1465 307 1491 οὐκ
321 1464 378 1490 ἔστι
396 1464 472 1495 Θεὸς,
490 1463 537 1490 καὶ
552 1464 568 1498 ὴ
595 1462 710 1498 ἀλήθεια
732 1459 834 1496 ψεῦδός
846 1463 915 1494 ἐστι,

138 1510 227 1537 καὶτὸ
239 1509 296 1544 φῶς
313 1509 416 1541 σκότος.
435 1509 501 1536 Ἰδοὺ
521 1508 585 1542 γοῦν
602 1509 632 1534 τὸ
649 1508 747 1535 ἄτοπον
764 1507 810 1533 καὶ
822 1507 836 1533 ό
851 1506 917 1533 Μω-

138 1553 208 1589 ἁμεθ
223 1554 332 1588 νοήσας,
346 1553 498 1586 κατέφυγεν
510 1552 549 1583 εἰς
565 1552 594 1577 τὸ
612 1551 649 1586 μή
664 1559 728 1577 ποτε
744 1550 789 1576 τὸν
800 1548 916 1586 Χριστὸν

139 1600 204 1636 περὶ
217 1599 312 1626 ἑαυτοῦ
327 1599 412 1625 εἰπεῖν
428 1598 469 1624 ὅτι
482 1597 542 1624 ἐστὶ
555 1597 632 1628 Θεός.
654 1595 750 1631 Ἡμεῖς
767 1596 833 1630 γοῦν
849 1595 877 1622 ἐν
888 1604 918 1622 τε

140 1646 174 1681 τῇ
194 1643 291 1679 πρώτῃ
304 1642 438 1677 ἀπολογίᾳ
451 1643 498 1669 καὶ
519 1642 634 1676 δευτέρᾳ.
649 1641 694 1667 καὶ
711 1642 788 1676 τρίτῃ
813 1639 919 1666 πεπλα-

139 1691 281 1725 τυσμένως
296 1689 344 1716 καὶ
352 1689 457 1725 τρανῶς
465 1687 655 1722 ἀπεδείξαμεν,
671 1687 726 1713 ἀπό
740 1695 769 1713 τε
779 1685 826 1712 τοῦ
834 1686 920 1720 ’Δδὰμ

140 1735 193 1766 ἕως
218 1735 267 1769 τῆς
289 1734 407 1768 Χριστοῦ
434 1734 585 1768 γεννήσεως
612 1733 685 1762 ὅπως
712 1731 921 1766 προεφήτευσαν

141 1781 242 1812 πάντες
256 1781 280 1807 οἱ
295 1779 445 1815 προφῆται,
459 1779 533 1808 ὅπως
559 1777 629 1804 εῐδον
646 1777 671 1803 οί
695 1777 828 1811 Πατέρες,
844 1776 919 1806 ὅπως

142 1827 275 1862 ἐλάλησεν
289 1825 369 1857 αὐτὸς
380 1826 393 1852 ό
405 1825 468 1856 Θεὸς
485 1825 532 1851 καὶ
545 1822 638 1858 Πατὴρ
652 1823 715 1858 περὶ
729 1821 776 1848 τοῦ
789 1820 920 1856 Χριστοῦ,

142 1873 190 1901 καὶ
208 1871 331 1906 φανερῶς
348 1871 395 1898 καὶ
423 1868 615 1904 ἀναμφιϐόλως
629 1866 775 1902 ἀπεδείχθη
798 1866 845 1892 καὶ
861 1866 922 1892 ἀνε-

143 1921 214 1954 φάνη
229 1919 295 1949 Θεὸς
310 1918 356 1944 καὶ
372 1915 440 1943 Θεοῦ
455 1915 527 1946 Υἱὸς,
539 1915 586 1943 καὶ
600 1913 663 1944 Υίὸς
678 1911 830 1947 ἀνθρώπου.
845 1910 922 1937 Μετὰ

141 1966 170 1992 δὲ
186 1965 216 1991 τὸ
236 1964 361 1991 Ἰωάννου
383 1963 524 1997 βάπτισμα
547 1960 594 1986 καὶ
615 1959 662 1985 τὸν
678 1958 793 1984 θάνατον
817 1957 922 1983 ἐκείνου

143 2011 246 2048 ἧρξατο
262 2010 343 2041 αὐτὸς
361 2009 376 2035 ὁ
400 2007 517 2042 Χριστὸς
536 2003 759 2039 εὐαγγελίζεσθαι
780 2003 829 2037 τὴν
845 2003 923 2038 βασι-

930 1532 951 1562 C

145 2045 220 2083 λείαν
243 2054 292 2082 τοῦ
309 2053 389 2081 Θεοῦ.
413 2052 469 2079 Καὶ
484 2051 525 2078 ὅτι
551 2049 601 2084 μὲν
620 2048 763 2083 κηρύττων
782 2047 830 2073 οὐκ
860 2045 924 2072 ὲὸόα

144 2099 250 2134 συχνῶς
263 2099 304 2125 ὅτι
321 2097 393 2131 Ἐγώ
420 2097 477 2130 ειμι
493 2096 507 2122 ό
529 2093 595 2124 Θεὸς
608 2094 622 2119 ὁ
646 2091 735 2118 λαλῶν
753 2090 814 2125 μεθ’
836 2089 923 2125 ὑμῶν,

144 2145 231 2176 οὕτως
245 2143 330 2176 ἐστὶν,
348 2141 443 2175 ὥσπερ
462 2140 521 2166 οὐδὲ
540 2137 666 2173 βασιλεὺς
687 2135 846 2170 περιπατῶν
864 2135 924 2169 βοᾷ,

947 239 1090 267 credentes
1111 240 1172 266 luce
1198 239 1291 273 implet
1315 237 1450 269 rationali,
1465 244 1629 271 omnemque
1651 238 1727 271 igne-

948 285 1061 312 rantiam
1075 290 1102 312 et
1113 292 1235 312 errorem
1255 291 1288 312 ex
1303 283 1457 316 animabus,
1471 283 1569 317 quibus
1590 282 1726 314 inciderit,

947 331 1074 365 expellit,
1107 334 1135 357 et
1157 330 1269 357 vitiosos
1293 329 1400 355 illarum
1435 328 1529 355 oculos
1558 331 1666 362 purgat.
1693 327 1728 354 Et

949 375 1179 410 quemadmodum
1211 373 1363 408 ignorantia
1393 376 1515 400 errantes
1542 377 1568 398 et
1601 371 1729 398 seductos

950 421 1066 456 dissipat
1088 421 1153 448 hinc
1174 420 1247 452 inde,
1271 419 1309 446 sic
1326 418 1466 445 rationalis
1490 417 1560 444 lucis
1586 416 1729 451 praesentia

950 474 997 495 eos
1012 467 1058 502 qui
1075 466 1263 493 illuminantur
1275 463 1387 499 colligit.
1400 467 1428 490 et
1441 463 1466 490 in
1482 469 1565 490 unum
1580 460 1730 495 coniungit.

951 511 1121 545 Quapropter
1140 510 1198 545 ipse
1222 509 1348 537 Christus
1370 507 1479 542 inquit:
1498 516 1508 533 ι
1529 507 1585 542 Ego
1607 513 1666 533 sum
1686 506 1732 532 lux

952 556 1058 583 mundi.
1080 556 1113 583 Et
1138 555 1184 590 qui
1212 555 1239 582 in
1264 561 1308 581 me
1329 553 1428 586 credit,
1451 560 1506 579 non
1527 551 1679 579 ambulabit
1705 550 1733 577 in

954 600 1073 628 tenebris
1085 619 1092 632 ,
1110 608 1119 625 ι
1138 606 1263 626 errorum
1287 605 1401 632 nempe,
1427 606 1436 622 ι
1451 596 1497 624 sed
1512 595 1623 624 habebit
1644 595 1731 622 lucem

952 646 1016 672 vitm
1029 646 1064 677 "°,
1085 654 1094 670 ι
1112 649 1139 672 et
1153 644 1269 678 reliqua,
1284 650 1343 678 qum
1358 642 1447 670 oratio
1466 646 1560 668 nostra
1575 641 1657 675 paulo
1672 644 1734 675 post

954 694 1080 726 exponet.
1104 689 1237 722 Quoniam
1265 689 1348 723 igitur
1374 688 1401 715 in
1425 687 1513 722 capite
1536 686 1690 719 Helmaida,
1706 689 1738 712 ut

954 736 1058 763 dictum
1079 739 1132 767 est,
1152 733 1259 761 duabus
1281 738 1383 760 contra
1401 732 1538 760 Christum
1564 731 1736 758 demonstra-

956 781 1077 808 tionibus
1092 779 1220 807 innititur
1230 778 1375 809 Mahomet,
1393 777 1540 804 ostendens
1556 775 1630 803 hunc
1650 775 1735 801 Deum

956 834 1011 854 non
1036 833 1106 858 esse,
1133 832 1166 852 eo
1189 823 1262 860 quod
1282 823 1409 851 Christus
1426 829 1560 858 nusquam
1582 821 1683 849 dixerit
1707 827 1744 847 see

960 873 1043 899 Deum
1056 878 1136 905 esse;
1150 875 1206 897 tum
1223 869 1294 904 quod
1312 869 1413 896 Iudaeis
1429 867 1589 903 praeceperit
1603 876 1610 895 ί
1631 876 1641 892 ‹
1661 866 1736 893 Ado-

956 922 1014 945 rate
1039 917 1125 944 Deum
1147 923 1238 943 meum
1263 919 1291 942 et
1317 914 1402 941 Deum
1430 917 1570 945 vestrum,
1591 912 1741 939 Dominum

957 969 1045 990 meum
1065 965 1093 989 et
1107 961 1251 989 Dominum
1271 965 1414 992 vestrum;
1436 968 1445 985 ι
1463 958 1577 994 agedum
1596 958 1630 985 de
1649 958 1736 992 prima

954 1009 1010 1043 jam
1028 1007 1179 1040 videamus,
1197 1006 1261 1033 dein
1286 1005 1342 1033 Deo
1361 1005 1475 1032 volente
1484 1005 1567 1031 etiam
1589 1002 1737 1030 secundam

958 1053 1147 1082 discutiemus.
1166 1052 1330 1086 Incipiamus
1348 1051 1439 1086 itaque
1458 1050 1492 1077 ab
1505 1049 1562 1084 ipsa
1578 1047 1739 1076 Mahometis

959 1098 1142 1127 confessione.
1158 1097 1208 1124 Hic
1221 1096 1362 1124 Christum
1377 1102 1531 1123 sermonem
1546 1094 1605 1126 Dei,
1620 1092 1738 1120 animam

960 1143 1020 1176 Dei,
1040 1148 1068 1171 et
1082 1143 1209 1177 spiritum
1225 1141 1284 1174 Dei,
1308 1146 1338 1168 ut
1361 1141 1464 1168 dictum
1483 1145 1536 1172 est,
1560 1142 1648 1166 vocat.
1671 1137 1738 1165 item

961 1197 1022 1225 quat
1036 1189 1070 1216 de
1087 1188 1195 1217 Christo
1212 1193 1240 1216 et
1261 1187 1393 1222 apostolis
1415 1186 1443 1213 in
1467 1184 1614 1220 Evangelia
1638 1183 1740 1211 descri-

961 1236 1074 1267 buntur,
1090 1235 1170 1269 iusta.
1187 1238 1293 1264 sancta.
1316 1231 1437 1267 perfecta
1460 1235 1487 1258 et
1502 1238 1567 1258 vera
1581 1236 1641 1257 esse
1655 1227 1742 1256 conli—

963 1285 1052 1310 tetur:
1068 1285 1095 1308 et
1114 1278 1204 1307 bene:
1229 1288 1239 1305 ‹
1255 1278 1362 1306 Veritas
1380 1277 1453 1304 enim
1475 1275 1583 1303 Domini
1600 1277 1691 1302 manet
1713 1273 1740 1300 in

963 1332 1096 1355 aeternum
1113 1326 1147 1352 “.
1165 1334 1174 1350 ι
1197 1324 1218 1351 Α
1235 1330 1361 1351 sermone
1382 1322 1482 1356 quippe
1502 1321 1548 1347 Dei
1570 1318 1743 1347 mendacium

965 1373 1040 1401 exire
1060 1371 1172 1406 nequit;
1197 1371 1268 1398 idem
1292 1369 1366 1396 enim
1382 1372 1454 1395 esset
1466 1366 1558 1394 dicere
1582 1365 1666 1392 Deum
1688 1371 1744 1390 non

965 1426 1026 1446 esse
1051 1418 1134 1445 Deum
1149 1437 1156 1448 ,
1179 1421 1207 1444 et
1231 1415 1375 1443 veritatem
1402 1412 1594 1442 mendacium,
1622 1411 1746 1437 lucemve

968 1463 1104 1492 tenebras.
1133 1461 1270 1489 Mahomet
1295 1460 1379 1495 igitur
1408 1457 1578 1485 absurditate
1603 1456 1641 1483 rei
1667 1454 1747 1482 intel-

967 1511 1048 1542 lecta,
1071 1509 1103 1536 ad
1123 1509 1176 1536 hoc
1196 1506 1329 1539 confugit,
1346 1504 1485 1532 Christum
1514 1508 1647 1536 nusquam
1665 1499 1699 1527 de
1719 1505 1749 1526 se

968 1555 1040 1591 quod
1068 1555 1140 1582 Deus
1161 1554 1196 1580 sit
1212 1552 1322 1580 dixisse.
1349 1550 1404 1576 Nos
1424 1549 1516 1583 itaque
1540 1548 1568 1575 in
1588 1546 1684 1581 prima,
1707 1550 1750 1572 so-

969 1589 1057 1628 cunda
1078 1604 1105 1626 et
1125 1599 1205 1626 tertia
1227 1596 1357 1631 Apologia
1377 1594 1487 1628 copiose
1513 1592 1596 1619 simul
1622 1595 1651 1618 et
1673 1589 1747 1617 clare

969 1644 1228 1676 demonstravimus,
1243 1643 1277 1669 ab
1290 1643 1350 1677 ipso
1366 1640 1470 1668 Adamo
1488 1645 1577 1673 usque
1592 1636 1626 1664 ad
1643 1635 1747 1663 Christi

969 1689 1195 1726 generationem,
1224 1685 1297 1722 quod
1327 1685 1467 1720 prophetae
1490 1689 1587 1710 omnes
1609 1678 1750 1707 vaticinati

971 1725 1036 1766 sint,
1052 1735 1124 1769 quod
1136 1734 1229 1761 Patres
1243 1731 1372 1764 viderint,
1385 1729 1457 1764 quod
1470 1729 1527 1763 ipse
1543 1728 1615 1754 Deus
1629 1730 1657 1753 et
1670 1725 1752 1752 Pater

972 1781 1005 1808 de
1022 1780 1133 1808 Christo
1146 1779 1254 1805 loeutus
1274 1777 1322 1809 sit,
1336 1774 1450 1810 etquod
1467 1772 1610 1801 manifeste
1625 1772 1754 1805 citraque

971 1822 1307 1853 omncm'controversiam
1331 1821 1536 1848 demonstratus
1553 1823 1580 1844 et
1598 1816 1752 1843 declaratus

972 1871 1008 1898 sit
1033 1870 1105 1897 Deus
1130 1873 1158 1895 et
1181 1867 1227 1894 Dei
1252 1866 1348 1897 Filius,
1374 1869 1403 1892 et
1426 1863 1513 1890 Filius
1535 1861 1665 1889 hominis.
1688 1859 1753 1887 Post

972 1915 1136 1951 baptismum
1155 1919 1221 1940 vero
1246 1910 1379 1942 Joannis,
1405 1913 1434 1936 et
1448 1913 1565 1936 modem
1586 1907 1670 1938 illius,
1692 1905 1752 1940 ipse

973 1949 1055 1988 etiam
1073 1959 1197 1986 Christus
1215 1963 1328 1990 regnum
1349 1953 1397 1982 Dei
1412 1953 1560 1988 praedicare
1581 1952 1675 1985 cmpit.
1699 1949 1753 1977 Sed

973 2005 1045 2040 quod
1065 2004 1137 2030 inter
1157 2000 1360 2036 praedicandum
1377 2006 1431 2025 non
1447 1998 1605 2032 frequenter
1618 1995 1755 2023 exclama-

972 2050 1063 2078 verit:
1076 2050 1132 2084 Ego
1149 2048 1220 2074 Deus
1235 2053 1296 2074 sum
1309 2045 1356 2079 qui
1373 2044 1513 2072 vobiscum
1530 2043 1638 2077 loquor,
1658 2048 1753 2068 verum

974 2100 1033 2123 est:
1047 2092 1279 2129 quemadmodum
1298 2098 1349 2118 nec
1364 2098 1410 2117 rex
1432 2088 1612 2117 obambulans
1630 2087 1731 2114 clamat
1746 2094 1753 2112 :

974 2140 1031 2174 Ego
1052 2147 1100 2166 rex
1130 2145 1210 2170 sum;
1230 2140 1418 2163 verumtamen
1440 2142 1474 2162 ex
1500 2131 1700 2168 magniﬁcentia
1729 2133 1757 2157 et

144 2191 187 2218 ὅτι
199 2190 270 2224 Ἐγώ
283 2190 341 2223 εἰμι
352 2189 366 2214 ό
377 2185 514 2222 βασιλεὺς,
526 2184 583 2211 ἀλλ’
597 2182 650 2210 ἀπὸ
661 2180 706 2208 τοῦ
721 2180 863 2215 μεγαλείου
876 2180 915 2205 κα¹

976 2185 1062 2219 gloria
1087 2181 1258 2210 auctoritatis
1279 2185 1306 2207 et
1321 2179 1449 2214 potentia:
1468 2179 1542 2206 illius
1557 2185 1653 2205 omnes
1682 2176 1757 2202 hunc

145 2238 196 2271 τῆς
212 2236 290 2270 δόξης
306 2234 356 2268 τῆς
371 2230 454 2259 αὑτοῦ
470 2229 593 2264 ἐξουσίας
606 2228 653 2254 καὶ
669 2226 810 2260 δυνάμεως
824 2225 924 2257 πάντες

146 2283 241 2311 τοῦτον
255 2279 440 2315 διακρίνουσιν
464 2276 518 2304 ἀπὸ
541 2274 594 2302 τῶν
618 2273 719 2301 δούλων
734 2271 817 2298 αὑτοῦ
829 2279 837 2287 ·
853 2270 925 2297 οὕτω

147 2330 196 2357 καὶ
207 2329 254 2354 ἐπὶ
266 2327 313 2353 τοῦ
330 2323 462 2359 Χριστοῦ.
481 2322 540 2349 Κᾶν
565 2320 612 2347 καὶ
626 2319 665 2353 τῷ
683 2317 796 2352 στόματι
822 2316 926 2351 συχνῶς

148 2376 199 2401 οὐκ
211 2372 304 2406 ἔλεγεν
319 2371 360 2397 ’ὁτι
381 2368 452 2402 Ἐγώ
467 2367 525 2402 ειμι
545 2367 559 2393 ὁ
578 2364 653 2398 Θεὸς,
677 2363 746 2390 ἀλλά
765 2370 796 2396 γε
815 2362 870 2392 τοῖς
884 2360 928 2396 ἕρ-

149 2429 208 2454 γοι;
226 2419 306 2446 τοῦτο
332 2416 477 2443 ἐδείκνυεν.
496 2411 566 2439 Ἀλλ’
580 2411 655 2446 ὅμως
670 2410 721 2436 οὑκ
738 2407 858 2443 ἔκρυπτε
878 2405 927 2441 τὴν

150 2451 234 2493 αὑτοῦ
249 2463 376 2498 θεότητα,
403 2459 463 2487 οὐδὲ
487 2458 534 2485 τὸν
557 2455 640 2484 αὑτοῦ
658 2454 768 2488 Πατέρα
790 2452 838 2479 καὶ
852 2451 929 2481 Θεὸν,

150 2512 210 2539 οὐδὲ
222 2495 329 2538 ἐκώλυε⁷
339 2508 402 2538 τοὺς
415 2504 495 2533 αὑτὸν
505 2500 712 2538 ὡμολογοῦντας
727 2498 793 2525 Θεὸν
805 2497 850 2524 καὶ
862 2495 930 2522 Θεοῦ

150 2557 228 2585 Υἱόν.
249 2554 280 2582 'O
296 2554 350 2589 γὰρ
365 2549 513 2584 Ναθαναὴλ
538 2547 622 2575 ειπὼν
644 2547 685 2572 ὅτι
711 2553 721 2570 ι
743 2544 780 2570 Σὺ
796 2542 821 2569 εἶ
840 2543 853 2569 ό
867 2541 931 2572 Υἱὸς

151 2601 198 2630 ¹τοῦ
210 2599 289 2632 Θεοῦ,
304 2599 336 2625 σὺ
352 2596 378 2624 εί
394 2598 408 2623 6
425 2595 550 2632 βασιλεὺς
570 2592 616 2620 τοῦ
641 2589 761 2626 Ἰσραὴλ,
778 2598 788 2616 ι
803 2589 852 2615 οὐκ
867 2588 931 2614 ὲπε-

150 2647 255 2684 τιμήθη
267 2646 364 2681 ὥσπερ
377 2645 401 2671 οἱ
416 2645 446 2671 ἐν
463 2640 602 2675 Λυκαονία
619 2638 775 2674 βουλόμενοι
790 2634 932 2684 ὁμολογῆ-

153 2680 200 2721 σαι
273 2701 303 2719 τε
314 2680 421 2718 Παῦλον
438 2689 484 2715 καὶ
499 2685 641 2722 Βαρνάϐαν
662 2684 750 2714 θεοὺς,
770 2682 819 2708 καὶ
841 2680 933 2706 θύσειν

153 2739 255 2774 αὐτοῖς,
266 2738 303 2771 ὥς
315 2738 398 2771 θεοῖς,
407 2732 613 2769 ὲπετιμήθησαν
625 2730 690 2766 παρ’
702 2727 792 2756 αὐτῶν
801 2726 932 2753 εἰπόντων

978 2238 993 2257 a
1013 2229 1100 2257 servis
1112 2231 1227 2262 possunt
1248 2225 1425 2252 discernere:
1451 2223 1491 2251 sic
1505 2223 1586 2250 etiam
1606 2222 1633 2249 in
1649 2221 1760 2248 Christo

979 2275 1020 2302 ﬁt.
1038 2271 1167 2306 Quamvis
1183 2271 1255 2298 enim
1267 2277 1314 2297 ore
1331 2276 1381 2296 suo
1395 2275 1449 2295 non
1463 2267 1622 2302 frequenter
1636 2265 1757 2293 dixerit»:

978 2321 1034 2355 Ego
1048 2319 1120 2346 Deus
1135 2324 1208 2349 sum,
1226 2315 1357 2350 operibus
1378 2318 1467 2340 tamen
1483 2313 1535 2339 hoc
1554 2312 1626 2339 idem
1643 2311 1759 2338 demon-

977 2365 1084 2394 stravit.
1109 2364 1203 2398 Neque
1222 2366 1311 2388 tamen
1334 2367 1410 2387 suam
1436 2358 1606 2385 divinitatem
1625 2356 1758 2388 occuluit,

978 2417 1067 2445 neque
1087 2409 1169 2436 etiam
1186 2407 1270 2434 Deum
1290 2406 1398 2433 Patrem
1419 2412 1516 2431 suum:
1534 2410 1585 2430 nec
1599 2404 1681 2430 etiam
1699 2402 1759 2429 illos

979 2455 1109 2486 inhibuit,
1130 2453 1177 2489 qui
1200 2461 1229 2480 se
1242 2457 1270 2480 et
1286 2452 1370 2479 Deum
1384 2457 1454 2482 esse,
1474 2455 1501 2477 et
1515 2450 1561 2477 Dei
1580 2448 1679 2476 Filium
1694 2456 1760 2475 con-

979 2491 1135 2528 fessi’sunt.
1150 2496 1294 2525 Nathaniel
1316 2495 1389 2522 enim
1405 2493 1517 2521 dicens:
1535 2501 1550 2518 ι
1565 2492 1604 2520 Tu
1620 2499 1651 2519 es
1675 2491 1760 2518 Filius

980 2547 1040 2579 Dei,
1059 2550 1088 2572 tu
1110 2552 1141 2572 es
1166 2550 1212 2570 rex
1230 2540 1338 2569 lsraelis
1352 2541 1403 2573 ",i
1420 2546 1474 2566 non
1500 2538 1683 2573 reprehensus
1707 2541 1760 2569 est,

981 2595 1013 2619 ut
1028 2590 1056 2617 hi
1071 2588 1117 2624 qui
1129 2586 1271 2623 Lycaonia:
1284 2584 1397 2612 Paulum
1412 2588 1440 2611 et
1450 2583 1602 2610 Barnabam
1618 2582 1684 2608 deos
1699 2588 1760 2608 esec

963 2634 1157 2666 .sentiebant,
1189 2632 1310 2667 ipsisque
1333 2635 1462 2664 tanquam
1495 2628 1548 2656 diis
1575 2626 1759 2655 sacrificaturi

982 2683 1071 2710 erant,
1095 2677 1228 2712 increpati
1251 2679 1316 2704 sunt
1339 2675 1374 2702 ab
1394 2673 1461 2709 ipsis
1475 2671 1628 2700 dicentibus
1648 2679 1654 2699 :
1675 2680 1684 2696 ι
1708 2671 1758 2696 lic-

983 2724 1071 2757 sistite
1095 2731 1111 2751 a
1133 2730 1162 2751 re
1186 2726 1240 2750 tam
1265 2720 1403 2754 absurda,
1429 2725 1478 2747 nos
1505 2717 1604 2745 etenim
1635 2713 1759 2743 homines

150 2854 154 2861 ι
190 2820 212 2836 ⁷ο
232 2818 310 2847 Joan.
332 2823 400 2850 vm,
420 2813 463 2842 t2.
501 2811 522 2828 “
543 2809 613 2839 Psal.
635 2815 706 2841 cm,
725 2805 753 2832 2.
791 2805 813 2820 "'
833 2802 910 2831 Joan.
932 2809 950 2834 I,
971 2801 1015 2829 49.
