1949 3093
212 142 264 173 663

206 241 365 276 priusquam
381 242 569 277 loquerentur,
588 246 752 275 vestimenta
768 257 817 277 sua
837 251 989 280 dilaniare-

206 291 272 314 runt
288 287 320 314 ⁷³.
333 288 434 315 Verum
451 290 620 319 Nathanielis
634 294 770 324 confessio
782 304 889 333 recepta
906 296 989 328 simu1

207 338 234 359 et
251 333 360 360 laudata
377 340 429 362 est.
446 336 545 364 Adhmc
569 338 683 366 Domino
704 341 852 377 discipulos
871 352 935 372 suos
950 345 989 372 in-

207 382 381 413 lerrogaulc:
405 388 413 404 ι
432 379 582 412 Quemnam
609 391 651 410 me
672 385 767 413 dicunt
789 387 913 417 homines
929 399 988 418 esse

209 423 306 449 Filium
327 424 468 452 hominis?
487 435 496 451 ›
510 434 571 454 cum
590 436 643 455 non
658 437 727 464 opus
745 432 857 461 haberet
876 435 932 463 haec
948 437 988 463 in-

207 473 358 499 terrogare,
376 470 423 504 qui
440 472 530 498 omnia
552 473 709 508 prin5quani
728 477 776 511 ipsi
799 487 987 515 nascerentur,

202 514 257 547 jam
282 519 345 542 alite
368 522 499 548 noverat,
522 519 568 545 sed
591 527 652 546 cum
675 521 735 548 illos
755 523 781 550 in
800 525 986 554 sublimiorem

208 560 392 594 cognitionem
422 563 501 590 vellet
523 564 663 598 inducere,
686 568 879 605 discipulisqne
900 573 988 601 varias

205 605 322 632 aliorum
348 609 500 635 sententias
523 609 557 637 de
583 611 629 638 illo
650 616 863 649 exponentibus,
891 618 987 647 Petrus

206 651 288 677 etiam
310 652 454 686 adjiciens.
483 664 492 679 ‹
510 654 549 681 Tu
574 664 603 683 es
620 657 744 687 Christus
770 661 853 688 Filius
878 663 923 690 Dei
947 666 987 692 ri-

205 696 304 729 ventis,
323 706 332 722 ι
356 705 408 724 non
423 699 527 726 audivit
541 709 554 727 a
568 701 687 736 Christo,
699 704 791 739 Erras,
809 716 825 734 ο
840 709 936 742 Petro;
954 720 987 740 ne

203 748 290 771 erres.
315 743 442 776 niagiSIer
462 746 534 772 enim
565 753 627 775 tuus
648 757 718 780 sum,
742 753 848 781 audiet
870 762 986 789 agnosce

205 787 346 814 veritatrm
366 797 427 816 eum
451 792 579 819 omnibus
595 794 651 822 his:
669 803 722 823 non
739 806 798 824 smn
819 799 903 828 Filius
926 803 985 835 Dei,

203 831 373 865 impossibile
397 837 468 863 enim
489 843 530 864 est
550 844 579 866 ut
600 840 672 868 Deus
697 843 780 870 ﬁliuni
799 845 905 874 habeat.
932 831 984 876 Sed

204 879 293 911 quid?
318 881 387 908 Dicit
402 882 440 909 illi
466 883 594 913 Christrs
616 897 622 914 :
642 897 650 912 ι
667 888 810 918 Beatus'cs
825 892 929 927 Simon,
949 895 985 922 lili

201 923 270 950 Jona
285 933 292 954 :
309 927 437 960 quoniam
451 936 516 956 caro
535 936 562 957 et
575 934 686 967 sanguis
702 942 756 962 non
779 938 908 965 revelavit
927 941 985 972 tibi,

201 969 248 995 sed
263 969 344 997 Pater
366 979 443 1000 meus
468 975 514 1008 qui
537 975 563 1002 in
586 977 662 1005 caelis
678 985 720 1006 est
734 981 767 1013 ⁷⁸,
785 991 793 1006 ι
821 983 987 1012 confirmans

201 1015 313 1042 omnino
333 1017 406 1045 illius
426 1026 591 1048 sermonem.
611 1023 638 1049 lu
657 1025 770 1056 graliam
792 1035 856 1054 vero
875 1033 901 1055 et
917 1037 986 1064 prae-

200 1059 285 1086 mium
318 1069 388 1089 vera:
414 1068 441 1090 et
466 1065 625 1094 indubitata:
646 1070 825 1098 confessionis
850 1059 925 1101 dedii
949 1074 986 1102 illi

200 1104 291 1132 claves
317 1108 391 1142 regni
413 1110 558 1139 caelorum.
590 1113 657 1140 Item
680 1121 775 1143 octavo
801 1123 863 1152 post
885 1119 984 1147 Christi

201 1152 432 1180 resurrectionem
459 1156 515 1187 die,
541 1165 602 1184 cum
627 1158 745 1187 Thomas
765 1161 866 1190 Christi
889 1172 985 1193 manus

199 1193 326 1230 latusque
341 1200 578 1235 contrectavisset,
595 1208 623 1229 et
642 1206 814 1239 cognovisset
837 1208 909 1237 hunc
925 1211 985 1238 sine

199 1240 273 1266 omni
299 1244 484 1272 controversia
508 1253 569 1274 esse
600 1247 751 1284 Christum,
778 1252 862 1280 altum
896 1256 986 1283 excla—

200 1285 303 1313 mavit:
325 1296 334 1312 ι
361 1288 492 1318 Dominus
506 1299 601 1325 meus,
615 1293 687 1322 Deus
702 1304 787 1324 meus.
804 1307 813 1324 ι
832 1299 901 1331 Quid
919 1309 984 1329 vero

198 1329 324 1357 Christus
334 1332 368 1359 ad
381 1333 537 1363 Thomam?
556 1346 564 1362 ι
581 1337 714 1370 Quoniam
730 1341 821 1369 vidisti
838 1329 985 1376 me.credi-

199 1373 274 1402 disti.
297 1375 372 1404 Beati
396 1378 442 1412 qui
468 1387 522 1407 non
546 1381 650 1416 vident,
672 1389 701 1412 et
723 1386 840 1414 credunt
864 1389 898 1416 τ’.
919 1399 927 1415 ι
951 1390 984 1417 Ει

198 1419 258 1447 inec
282 1421 391 1455 quidem
414 1423 453 1451 illi
480 1426 663 1456 tradiderunt.
690 1430 836 1460 Videamus
861 1442 926 1462 vero
951 1444 983 1464 ea

199 1473 260 1499 quae
285 1467 413 1496 Christus
439 1470 471 1497 de
487 1472 579 1507 seipso
603 1475 727 1508 protulit.
753 1486 763 1502 ι
790 1477 874 1506 Amen
897 1480 982 1509 Amen

199 1510 261 1538 dico
281 1512 367 1545 vobis,
382 1514 481 1550 inquit,
500 1518 575 1545 venit
592 1519 657 1547 hora
672 1525 700 1548 et
715 1529 788 1551 nunc
800 1527 852 1555 est,
869 1527 978 1559 quando
994 1531 1016 1560 (ι

198 1557 299 1584 mortui
316 1559 428 1588 audient
443 1569 537 1590 vocem
558 1564 619 1592 Filii
636 1565 692 1600 Dei,
715 1573 742 1595 et
756 1569 802 1604 qui
816 1557 980 1605 audiverim,

198 1601 300 1629 vivent.
326 1604 416 1632 Sicuti
435 1607 508 1635 enim
527 1609 608 1637 Pater
627 1611 711 1640 vitam
737 1601 818 1642 habet
839 1615 864 1642 in
880 1617 981 1652 seipso,

199 1647 240 1674 sic
258 1649 339 1676 etiam
364 1650 432 1679 Filio
448 1653 535 1687 dedit,
557 1660 586 1683 ut
602 1657 684 1685 vitam
710 1659 808 1688 haheat
832 1661 859 1688 in
881 1664 980 1698 seipso.

197 1691 232 1719 Et
253 1698 415 1727 potestatem
444 1699 519 1727 dedit
536 1700 574 1728 illi
593 1707 621 1729 ut
645 1703 726 1732 faciat
747 1706 889 1740 judicium,
917 1691 981 1743 quia

197 1735 284 1765 Filius
300 1740 418 1768 hominis
433 1748 475 1771 est
490 1745 524 1772 ⁷⁸.
544 1755 552 1771 ι
570 1747 608 1774 Ne
626 1748 760 1777 miremini
787 1751 863 1784 illud,
884 1761 894 1778 ι
911 1760 981 1787 quo-

197 1783 271 1811 niam
297 1786 387 1813 veniet
407 1787 485 1821 hora,
509 1792 619 1825 quando
641 1801 736 1823 omnes
757 1797 804 1830 qui
831 1797 856 1824 in
882 1806 980 1826 monu-

197 1829 298 1856 mentis
321 1836 395 1864 sunt,
412 1833 525 1861 audient
540 1843 634 1863 vocem
656 1839 734 1873 ejus;
758 1845 786 1867 et
805 1842 980 1876 egredientur

199 1873 225 1899 hi
243 1875 352 1908 quidem
376 1878 422 1910 qui
446 1878 517 1906 bona
543 1879 668 1910 fecerunt
698 1884 730 1911 ad
752 1888 979 1916 resurrectionem

199 1919 281 1951 vitae;
305 1921 351 1955 qui
374 1930 440 1950 vero
457 1924 526 1951 mala
541 1928 643 1960 operati
662 1935 737 1961 sunt,
759 1931 786 1958 in
804 1934 979 1961 resurrectio-

198 1973 258 1991 nem
280 1967 387 2001 judi‘cii.
409 1978 418 1995 ι
448 1970 480 1997 Et
507 1979 636 1999 rursum:
662 1983 671 1999 ι
698 1974 784 2003 Amen
812 1985 891 2006 amen
917 1980 980 2007 dico

198 2010 285 2044 vobis,
304 2013 348 2046 qui
365 2014 452 2041 credit
469 2015 496 2042 in
511 2023 565 2049 me,
580 2017 661 2046 habet
676 2020 757 2048 vitam
771 2027 901 2052 aeternam
914 2027 948 2053 ".
967 2037 976 2053 ι

197 2056 266 2088 Quid
283 2059 360 2086 vobis
375 2060 507 2089 videtur?
527 2063 597 2091 Num
623 2065 749 2095 Christus
766 2077 795 2097 se
812 2069 896 2099 Deum
912 2073 979 2102 dicit

197 2107 224 2129 et
246 2102 292 2131 Dei
310 2103 420 2137 Filium.
444 2115 477 2134 an
493 2110 570 2136 non?
594 2109 621 2137 In
644 2119 677 2140 eo
700 2119 774 2142 certe
795 2117 867 2151 quod
891 2119 977 2148 dicit:

201 2157 209 2172 ι
228 2148 308 2176 Vertit
325 2149 392 2177 hora
411 2153 520 2186 quando
538 2158 638 2184 mortui
663 2159 776 2187 audient
799 2148 893 2190 vocem
916 2165 976 2193 Filii

196 2192 254 2222 Dei.
274 2203 282 2219 ι
299 2196 416 2223 ostendit
441 2197 526 2225 Deum
551 2199 649 2229 habere
670 2203 778 2237 Filium,
801 2207 846 2242 qui
865 2213 906 2236 est
920 2192 976 2244 ipse
993 2198 1014 2224 Β

195 2240 331 2268 Christus.
359 2243 426 2270 lllnd
457 2253 543 2272 vero:
569 2257 578 2273 ι
605 2249 724 2279 Audient
752 2240 852 2282 mortui
881 2264 975 2285 vocem

196 2286 264 2319 ejus,
280 2291 308 2313 et
330 2287 429 2320 vivent.
449 2298 458 2315 ι
476 2293 595 2320 Ostendit
617 2301 679 2322 eum
698 2297 840 2327 Dominum
855 2309 926 2335 esse,
950 2309 977 2332 et

198 2335 357 2362 potestatem
373 2333 472 2362 habere
493 2337 553 2364 vita
574 2343 602 2366 et
624 2341 719 2369 mortis
739 2347 765 2369 et
783 2352 855 2371 nunc
867 2350 895 2373 et
905 2355 976 2374 sem-

197 2383 254 2407 ιιιιτ.
277 2376 508 2408 Quemadmodum
530 2383 601 2410 enim
624 2384 704 2412 Pater
727 2387 809 2415 vitam
836 2389 917 2417 habet
947 2393 974 2419 in

196 2422 296 2454 Sl‘ipSO,
315 2425 353 2451 sic
380 2430 406 2452 et
431 2425 526 2454 Filius.
543 2429 611 2456 Cum
637 2438 702 2458 vero
717 2433 764 2463 ait.
792 2444 801 2459 ι
824 2436 857 2462 ad
876 2437 977 2464 facien-

196 2465 260 2492 dum
274 2468 415 2502 judicium,
438 2480 446 2495 ι
462 2472 612 2500 secundum
634 2474 715 2510 hujus
729 2477 874 2506 adventum
894 2482 977 2516 signi-

197 2510 296 2543 ﬁcavit,
322 2518 348 2539 et
368 2514 501 2548 jltdirium
531 2517 603 2557 quod
629 2520 750 2548 facturus
774 2527 825 2555 est,
848 2510 978 2558 quemad-

197 2557 307 2584 inuduin
335 2558 362 2584 in
389 2562 507 2588 secunda
534 2563 664 2598 Apologia
688 2565 841 2595 luculenter
863 2570 976 2599 demon-

195 2608 309 2630 stratum
331 2610 381 2632 est.
409 2606 447 2634 Eo
464 2613 554 2635 autem
572 2611 644 2643 quod
668 2611 752 2639 dicit:
773 2623 782 2638 ι
801 2614 868 2647 Quia
889 2616 974 2644 Filius

196 2648 314 2676 hominis
338 2656 398 2681 est;
439 2660 471 2680 ne
508 2654 643 2682 miremini
675 2656 736 2684 hoc.
774 2659 870 2686 Veniet
900 2662 971 2688 enim

196 2694 273 2725 liora,
299 2704 351 2730 qua
384 2697 412 2724 hi
434 2698 479 2732 qui
501 2699 528 2725 in
553 2702 737 2729 monumentis
761 2708 834 2735 sunt,
860 2705 971 2734 audient

194 2747 287 2767 vocem
305 2742 378 2777 ejus,
399 2749 426 2770 ct
448 2745 560 2772 exibunt
587 2746 613 2773 in
639 2749 865 2776 resurrectionem
878 2770 884 2782 ,
902 2752 973 2786 judi-

232 2831 253 2846 "
273 2831 332 2858 Act.
355 2841 406 2866 xxv,
423 2835 460 2862 14.
501 2836 523 2851 ⁷⁸
544 2835 636 2864 Matth.
660 2846 715 2872 xxi,
734 2838 765 2866 15
782 2847 858 2875 seqq.

798 149 956 181 JOANNIS
971 152 1232 188 CANTACUZENI

208 203 305 223 sumus
321 196 417 223 iisdem
441 197 543 232 quibus
563 204 589 227 et
610 208 658 228 vos
683 203 763 231 malis
785 205 896 234 obnoxii
911 216 918 240 ;
939 218 947 234 ι
965 213 993 236 et
1007 211 1029 239 Δ
1044 213 1084 240 ὅτι
1100 223 1109 240 ‹

1773 165 1825 198 εει

1126 215 1270 244 Παύσασθε
1286 219 1332 245 τοῦ
1348 219 1534 256 ἀτοπήματος,
1548 223 1591 250 ὅτι
1615 224 1662 251 καὶ
1683 225 1763 260 ἡμεῖς
1777 227 1824 254 ἆν-

1042 259 1146 294 θρωποι
1172 262 1346 297 ὁμοιοπαθεῖς
1363 265 1428 300 ὑμῖν
1455 268 1549 303 ἔσμεν,
1573 278 1582 295 ι
1599 270 1652 305 πρὸ
1667 259 1722 296 τῶν
1737 271 1824 305 λόγων

1041 304 1245 340 διαῤῥηξάντων
1260 310 1293 336 τὰ
1312 311 1407 345 ἱμάτια
1419 312 1517 340 αὐτῶν.
1529 314 1609 341 Ἀλλὰ
1624 316 1792 351 προσεδέχθη
1807 318 1824 351 ἡ

1040 351 1086 377 τοῦ
1105 351 1250 385 Ναθαναὴλ
1269 356 1409 390 ὁμολογία,
1427 360 1475 384 καὶ
1491 360 1623 395 ἐπῃνέθη.
1636 361 1696 387 Ἔτι
1707 361 1754 387 τοῦ
1770 363 1824 389 Κυ-

1042 395 1100 429 ρίου
1118 397 1308 432 ἐρωτήσαντος
1329 401 1393 432 τοὺς
1413 402 1493 434 ἰδίους
1511 405 1646 439 μαθητὰς,
1665 415 1675 431 ι
1702 407 1769 433 Τίνα
1789 417 1822 439 με

1039 441 1163 475 λέγουσιν
1172 445 1195 471 οὶ
1208 444 1345 478 ἅνθρωποι
1362 445 1431 474 εἶναι
1444 448 1490 474 τὸν
1499 449 1556 475 υίδν
1570 450 1616 476 τοῦ
1631 451 1774 486 ἀνθρώπου
1786 462 1794 485 ;
1808 463 1817 478 ›

1039 488 1087 522 οὐχ
1099 487 1136 520 ὡς
1149 490 1242 523 χρείαν
1257 491 1365 525 ἔχοντος
1384 493 1489 528 ἐρωτᾷν
1503 494 1550 520 τοῦ
1563 495 1597 521 τὰ
1612 496 1700 522 πάντα
1719 497 1833 529 είδὸτοςν

1039 533 1103 566 πρὶν
1134 534 1267 566 γενέσεως
1288 537 1388 569 αὐτῶν,
1407 538 1464 564 ἀλλ’
1487 539 1634 573 ἀνάγοντος
1652 541 1749 573 αὐτοὺς
1775 543 1821 568 ἐπὶ

1039 578 1067 604 τὸ
1083 579 1255 614 ὑψηλότερον,
1277 583 1324 608 καὶ
1339 582 1471 616 λεγόντων
1486 585 1545 611 τῶν¹
1554 585 1682 620 μαθητῶν
1693 587 1761 622 προς
1774 588 1820 614 τὺν

1038 617 1155 658 Χριστὸν
1170 626 1219 656 τὰς
1246 626 1300 654 τῶν
1330 628 1436 654 πολλῶν
1453 631 1517 665 περὶ
1541 617 1626 657 αὐτου
1639 617 1726 664 δόξας,
1741 617 1789 660 διαὶ
1807 635 1820 659 6

1039 671 1141 705 Πέτρος
1156 671 1241 699 εἰπὼν
1257 673 1297 699 ὅτι
1317 683 1325 699 ι
1342 674 1377 699 Σὺ
1395 674 1419 701 εἴ
1437 677 1451 702 6
1464 676 1578 711 Χριστὸς
1591 678 1605 703 6
1621 677 1682 709 Υἱὸς
1697 678 1742 704 τοῦ
1750 679 1821 708 Θεοῦ

1037 714 1084 740 τοῦ
1105 715 1216 748 ζῶντος,
1238 727 1247 742 ι
1263 718 1312 744 οὐκ
1338 719 1438 754 ἤκουσε
1463 721 1537 755 παρὰ
1564 721 1610 748 τοῦ
1633 723 1752 756 Χριστοῦ
1778 723 1818 750 ὅτι

1037 760 1155 796 Σφάλλῃ,
1171 761 1266 796 Πέτρε,
1286 763 1384 798 μηκέτι
1397 765 1499 797 πλανῶ,
1516 766 1674 798 διδάσκαλός
1688 770 1734 794 σού
1749 769 1818 802 εἰμι.

1039 806 1172 833 Ἀκουσον
1186 808 1232 834 καὶ
1248 809 1332 842 γνῶθι
1347 810 1396 845 τὴν
1409 811 1537 845 ἀλήθειαν
1556 812 1587 839 σύ
1600 821 1629 839 τε
1644 815 1691 840 καὶ
1706 814 1819 846 πάντες.

1038 851 1094 878 Οὐκ
1112 852 1169 886 είμὶ
1185 852 1240 887 ἐγὼ
1255 855 1268 880 6
1286 855 1348 887 Υίὲς
1368 856 1413 882 τοῦ
1429 856 1507 886 Θεοῦ,
1522 858 1552 883 οὺ
1566 859 1620 892 γάρ
1638 860 1694 886 ἐστι
1707 860 1820 887 δυνατὸν

1039 898 1097 924 υἱὸν
1113 897 1186 933 ἔχειν
1205 899 1250 925 τὸν
1271 900 1348 927 Θεόν.
1370 901 1450 927 Ἀλλὰ
1477 902 1520 935 τίς
1549 903 1632 938 Λέγει
1650 905 1663 930 ό
1691 905 1819 939 Χριστὸς,

1041 952 1050 969 ι
1069 943 1210 978 Μακάριος
1229 943 1263 977 εἴ,
1278 946 1368 980 Σίμων
1388 947 1429 973 υἱὲ
1442 948 1489 974 τοῦ
1511 948 1599 982 Ἰωνᾶ,
1620 951 1662 977 ὅτι
1680 951 1746 987 σὰρξ
1772 954 1819 980 καὶ

1037 986 1107 1024 αἷμα
1118 990 1168 1016 οὐκ
1184 990 1341 1026 ἀπεκάλυψέ
1357 1001 1408 1025 σοι,
1421 993 1478 1020 ἀλλ’
1494 997 1507 1020 6
1521 995 1616 1030 Πατήρ
1631 997 1705 1031 pou).
1717 986 1750 1024 λέν
1762 1000 1820 1030 τοῖς

1036 1034 1171 1067 οὐρανοῖς,
1187 1045 1196 1061 ι
1217 1036 1324 1068 πάντως
1350 1037 1395 1065 τὸν
1420 1039 1524 1066 ἐκείνου
1553 1040 1630 1075 λόγον
1656 1043 1790 1078 στηρίζων
1808 1052 1816 1060 ⁸

1037 1080 1186 1116 ἀντίχαρινὶ
1207 1081 1235 1108 δὲ
1258 1083 1306 1109 καὶ
1332 1083 1428 1118 μιοϐδν
1454 1085 1504 1119 τῆς
1519 1086 1603 1121 ὀρθῆς
1618 1088 1665 1114 καὶ
1682 1088 1819 1122 ἀπλανοῦς

1035 1124 1181 1158 ὁμολογίας
1203 1125 1319 1152 δέδωκεν
1342 1127 1416 1162 αὐτῷ
1435 1128 1484 1160 τὰς
1507 1129 1581 1161 κλεῖς
1602 1131 1651 1166 τῆς
1679 1132 1818 1166 βασιλείας

1035 1169 1089 1195 τῶν
1104 1169 1238 1204 οὐρανῶν.
1255 1171 1316 1197 Ἐτι
1331 1173 1364 1207 τῇ
1381 1173 1460 1209 ὀγδόῃ
1471 1175 1561 1210 ἡμέρᾳ
1574 1177 1624 1210 τῆς
1641 1177 1687 1203 τοῦ
1699 1178 1819 1213 Χριστοῦ

1036 1214 1211 1246 ἀναστάσεως
1230 1216 1243 1242 6
1260 1215 1360 1252 Θωμᾶς
1386 1218 1550 1254 ψηλαφήσας
1570 1221 1618 1256 τὴν
1646 1222 1694 1250 τοῦ
1712 1224 1817 1258 Κυρίου

1036 1260 1156 1295 πλευρὰν
1171 1260 1219 1287 καὶ
1235 1261 1284 1293 τὰς
1300 1263 1404 1298 χεῖρας,
1419 1265 1467 1291 καὶ
1492 1266 1572 1298 γνοὺς
1589 1267 1629 1293 ’ότι
1648 1267 1711 1294 ἄνευ
1728 1269 1816 1304 πάσης

1034 1306 1190 1339 ἀντιλογίας
1204 1307 1285 1339 αὐτός
1301 1309 1374 1335 ἔστιν
1395 1310 1409 1335 6
1425 1309 1551 1346 Χριστος,
1570 1313 1642 1347 μέγα
1657 1314 1815 1349 ἀνεϐόησεν,

1038 1361 1048 1378 ι
1068 1353 1098 1378 '0
1113 1353 1214 1388 Κύριός
1228 1363 1291 1390 μου,
1308 1355 1378 1382 καὶό
1393 1357 1457 1389 Θεός
1470 1366 1532 1392 μου.
1551 1367 1561 1384 ι
1579 1359 1612 1385 Τί
1628 1359 1655 1386 δὲ
1672 1361 1685 1386 6
1699 1361 1817 1395 Χριστὸς

1033 1397 1073 1432 τῷ
1088 1398 1189 1434 Θωμᾷ;
1219 1409 1229 1425 ι
1247 1399 1309 1427 Ὀτι
1337 1401 1461 1435 ἑώρακάς
1484 1412 1529 1438 με,
1543 1404 1739 1437 πεπίστευκας.
1755 1407 1816 1432 Μα-

1034 1443 1125 1477 κάριοι
1152 1444 1177 1470 οἰ
1198 1445 1237 1479 μὴ
1269 1445 1378 1478 ἰδόντες,
1399 1447 1446 1473 καὶ
1476 1449 1685 1482 πιστεύσαντες.
1723 1460 1733 1477 ι
1760 1452 1816 1479 Καὶ

1034 1488 1120 1515 ταῦτα
1138 1490 1187 1524 μὲν
1200 1490 1430 1526 ὲκεῖνοι.”Ιδωμεν
1444 1493 1471 1520 δὲ
1486 1495 1533 1520 καὶ
1547 1495 1581 1522 τὰ
1596 1496 1670 1530 παρὰ
1687 1497 1733 1523 τοῦ
1748 1498 1817 1533 Χρι-

1033 1532 1096 1558 στοῦ
1116 1533 1155 1564 εἰς
1187 1533 1268 1560 αὐτὸν
1296 1534 1436 1569 λεχθέντα.
1464 1545 1474 1562 ‹
1493 1537 1580 1573 Ἀμὴν
1598 1539 1682 1574 ἀμὴν,
1701 1549 1710 1566 ι
1736 1541 1815 1575 φησὶ,

1036 1584 1045 1600 ‹
1064 1575 1134 1607 λέγω
1149 1576 1212 1612 ὑμῖν
1232 1577 1273 1603 ὅτι
1288 1577 1396 1613 ἔρχεται
1413 1579 1482 1614 ὥρα,
1496 1581 1545 1607 καὶ
1566 1581 1614 1608 νῦν
1632 1582 1718 1614 ἐστιν,
1733 1584 1777 1610 ὅτε
1789 1585 1815 1610 σί

1032 1621 1124 1656 νεκροὶ
1139 1621 1301 1649 ἀκούσονται
1326 1624 1376 1657 τῆς
1395 1625 1487 1660 φωνῆς
1510 1626 1557 1652 τοῦ
1576 1626 1640 1654 Υἱοῦ
1669 1627 1716 1654 τοῦ
1733 1628 1814 1662 Θεοῦ,

1032 1667 1079 1693 καὶ
1096 1667 1122 1692 οί
1145 1667 1312 1699 ἀκούσαντες
1330 1668 1467 1703 ζήσονται.
1482 1670 1588 1708 Ὠσπερ
1612 1672 1666 1707 γὰρ
1687 1673 1702 1700 6
1719 1674 1814 1709 Πατὴρ

1032 1711 1088 1746 ἔχει
1106 1711 1178 1747 ζωὴν
1198 1713 1226 1738 ὲν
1243 1713 1342 1748 ἑαυτῷ,
1354 1714 1438 1746 οὕτως
1455 1715 1538 1743 ἔδωκε
1551 1719 1597 1744 καὶ
1611 1718 1654 1754 τῷ
1666 1719 1723 1754 Υίῷ
1737 1719 1812 1756 ζωὴν

1031 1757 1106 1792 ἔχειν
1123 1758 1152 1783 ὲν
1173 1757 1274 1793 ἐαυτῷ.
1293 1760 1338 1786 καὶ
1350 1759 1474 1791 ἐξουσίαν
1488 1761 1587 1790 ἔδωκεν
1604 1763 1678 1799 αὑτῷ
1692 1766 1739 1791 καὶ
1753 1766 1814 1800 κρί-

1034 1811 1076 1829 σιν
1091 1804 1188 1833 ποιείν.
1207 1803 1248 1830 ὅτι
1264 1804 1330 1836 Υίὸς
1348 1805 1493 1841 ἀνθρώπου
1510 1808 1577 1836 ἐστί.
1595 1809 1641 1844 Μὴ
1659 1810 1814 1844 θαυμάζετε

1030 1848 1119 1880 τοῦτο,
1135 1848 1174 1875 ὅτι
1187 1848 1296 1884 ἔρχεται
1311 1850 1372 1885 ὥρα
1388 1852 1416 1878 ὲν
1471 1853 1571 1885 πάντες
1586 1855 1611 1881 oi
1626 1855 1655 1881 ἐν
1668 1856 1724 1887 τοῖς
1741 1866 1812 1892 μνη-

1032 1895 1300 1929 μείοιςλάχοὺσονται
1318 1897 1367 1932 τῆς
1383 1898 1476 1934 φωνῆς
1497 1900 1591 1933 αὐτοῦ,
1609 1902 1656 1928 καὶ
1680 1903 1814 1938 ἐκπορεύ-

1031 1948 1123 1965 σονται
1135 1941 1159 1967 οί
1171 1941 1205 1967 τὰ
1218 1942 1308 1975 ἀγαθά
1330 1944 1494 1978 ποιήσαντες
1510 1947 1550 1976 είς
1566 1946 1714 1974 ἀνάστασιν
1728 1948 1813 1984 ζωῆς,

1029 1985 1053 2010 οἱ
1068 1983 1096 2010 δὲ
1110 1985 1144 2012 τὰ
1160 1985 1250 2020 φαῦλα
1266 1988 1419 2022 πράξαντες
1435 1991 1474 2022 είς
1487 1991 1638 2018 ἀνάστασιν
1657 1993 1784 2028 κρίσεως.
1799 2003 1810 2020 ι

1029 2028 1083 2054 Καὶ
1104 2029 1194 2062 πάλιν,
1213 2040 1222 2056 ι
1249 2032 1334 2067 Ἀμὴν
1355 2033 1441 2069 ’Λμὴν
1461 2035 1532 2068 λέγω
1554 2036 1629 2071 ὑμῖν,
1646 2038 1660 2063 6
1675 2038 1812 2066 πιστεύων

1029 2073 1069 2103 είς
1084 2073 1133 2108 ἐμὲ
1159 2075 1214 2109 ἔχει
1241 2075 1313 2112 ζωὴν
1337 2078 1456 2106 αἰώνιον.
1478 2089 1487 2106 ›
1505 2081 1538 2108 Τί
1553 2080 1618 2116 γοῦν
1632 2083 1706 2110 δοκεῖ
1728 2085 1810 2120 ὺμῖνς

1027 2117 1102 2152 λέγει
1122 2120 1136 2145 6
1147 2120 1265 2154 Χριστὸς
1280 2123 1375 2150 ἑαυτὸν
1397 2125 1462 2152 Θεὸν
1488 2127 1535 2153 καὶ
1549 2127 1617 2154 Θεοῦ
1634 2128 1707 2162 Υίὺν,
1721 2117 1787 2165 ῆρῠ
1801 2139 1812 2164 ',

1029 2164 1140 2196 Πάντως
1164 2167 1192 2192 ὲν
1214 2167 1252 2201 τῷ
1270 2169 1367 2202 εἰπεῖν,
1390 2170 1430 2197 ὅτι
1448 2180 1458 2196 ι
1480 2173 1608 2207 Ἔρχεται
1627 2173 1698 2208 ὥρα,
1717 2175 1762 2202 ὅτε
1785 2177 1810 2203 ol

1029 2210 1122 2243 νεκροὶ
1135 2211 1297 2239 ἀκούσονται
1311 2213 1360 2248 τῆς
1379 2215 1471 2250 φωνῆς
1487 2217 1535 2243 τοῦ
1549 2217 1613 2244 Υίοῦ
1636 2218 1682 2245 τοῦ
1697 2219 1776 2252 Θεοῦ,
1797 2229 1807 2245 ι

1030 2255 1128 2288 ἔδειξεν
1142 2256 1182 2282 ὅτι
1199 2257 1255 2292 ἔχει
1269 2259 1282 2284 6
1300 2258 1366 2290 Θεὸς
1380 2260 1453 2292 Υίὶν,
1471 2261 1500 2293 ὃς
1517 2263 1590 2289 ἐστιν
1611 2264 1690 2295 αὐτὸς
1705 2264 1718 2290 ὁ
1741 2265 1809 2300 Χρι-

1031 2300 1101 2332 στός.
1118 2301 1153 2327 Τὸ
1167 2301 1206 2334 δὲ,
1225 2311 1234 2327 ι
1246 2303 1421 2331 Ἀκούσονται
1437 2306 1460 2331 οἱ
1476 2307 1568 2341 νεκροὶ
1589 2308 1637 2342 τῆς
1655 2309 1747 2343 φωνῆς
1761 2309 1810 2335 αὺ-

1027 2346 1086 2376 τοῦ.
1105 2346 1151 2373 καὶ
1174 2346 1312 2381 ζήσονται,
1337 2349 1462 2382 »ἔδειξεν
1485 2352 1580 2378 ἑαυτὸν
1603 2353 1746 2388 δεσπότην,
1761 2356 1810 2381 καὶ

1028 2390 1153 2423 ἐξουσίαν
1168 2391 1262 2426 ἔχοντα
1277 2393 1350 2429 ζωῆς
1365 2397 1413 2422 καὶ
1440 2397 1556 2424 θανάτου
1575 2398 1622 2424 καὶ
1641 2398 1688 2426 νῦν
1704 2399 1750 2426 καὶ
1765 2399 1809 2426 ἀεί

1028 2443 1103 2462 ποτε.
1121 2436 1226 2472 Ὠσπερ
1252 2439 1306 2474 γὰρ
1324 2441 1337 2466 ό
1362 2441 1460 2477 Πατὴρ
1488 2443 1561 2477 ζωὴν
1585 2443 1641 2479 ἔχει
1664 2445 1692 2471 ὲν
1707 2445 1806 2480 ἑαυτῷ,

1027 2479 1100 2506 οὕτω
1129 2483 1177 2508 καὶ
1201 2484 1215 2508 ὁ
1241 2483 1316 2515 Υἱός.
1339 2486 1382 2512 Ἐν
1408 2486 1436 2513 δὲ
1449 2487 1489 2522 τῷ
1508 2489 1605 2520 εἰπεῖν,
1622 2498 1631 2515 ι
1652 2490 1697 2516 καὶ
1717 2491 1808 2524 κρεσιν

1026 2529 1124 2559 ποιεῖν,
1144 2538 1153 2553 ι
1176 2528 1261 2561 ἔδειξε
1279 2531 1327 2564 τὴν
1343 2531 1473 2567 δευτέραν
1489 2535 1571 2561 αὐτοῦ
1589 2535 1744 2570 παρουσίαν
1759 2537 1808 2564 καὶ

1025 2573 1126 2607 κρίσιν,
1144 2573 1177 2608 ἢν
1199 2575 1292 2608 μέλλει
1307 2578 1441 2611 ποιήσειν,
1462 2579 1499 2610 ὡς
1525 2580 1571 2606 καὶ
1589 2581 1618 2606 ὲν
1633 2582 1666 2616 τῇ
1693 2581 1807 2616 δευτέρᾳ.

1025 2619 1158 2655 ἀπολογίᾳ
1185 2622 1290 2655 τρανῶς
1319 2623 1515 2652 ἀποδέδεικται.
1538 2626 1582 2652 Ἐν
1596 2626 1624 2653 δὲ
1645 2627 1682 2662 τῷ
1707 2628 1822 2661 είπεῖν,’

1028 2673 1036 2689 ι
1055 2664 1095 2689 ὅτι
1113 2665 1175 2696 Υἱὸς
1192 2666 1335 2701 ἀνθρώπου
1349 2669 1417 2702 ἐστὶ,
1432 2671 1469 2706 μὴ
1484 2672 1637 2707 θαυμάζετε
1649 2672 1736 2700 τοῦτο.
1751 2673 1806 2700 Καὶ

1024 2709 1077 2743 γὰρ
1093 2710 1200 2745 ἔρχεται
1222 2712 1291 2747 ὥρα,
1309 2716 1337 2740 ὲν
1396 2716 1555 2744 ἀκούσονται
1574 2718 1598 2745 οἱ
1614 2719 1643 2744 ἐν
1666 2719 1721 2750 τοῖς
1734 2727 1805 2754 μνη-

1026 2755 1122 2787 μείοις,
1139 2757 1185 2782 καὶ
1202 2757 1412 2793 ἐκπορεύσονται
1433 2761 1472 2793 εἰς
1488 2761 1636 2789 ἀνάστασιν
1650 2763 1696 2789 καὶ
1711 2762 1804 2797 κρίσιν
1822 2783 1826 2785 γ

899 2842 932 2873 ¹τις
949 2841 981 2869 ιο

1045 2850 1088 2878 xx,
1111 2845 1155 2878 ‘28,
1172 2846 1214 2874 ΞΕ).
1227 2848 1276 2884 ’,⁷⁸
1296 2848 1372 2877 Joau.
1394 2850 1476 2884 v,‘.’S,
1495 2851 1538 2881 29.
1577 2853 1598 2869 ⁷⁷
1612 2853 1689 2881 Joan.
1703 2860 1738 2886 vt,
1755 2853 1803 2882 47.
