1949 3093
128 163 183 195 665

606 164 755 194 CONTRA
779 163 1018 192 ΜΛΙΙΟΜΕΤΕΜ
1039 163 1180 192 ΟΠΛΤΗ)
1197 163 1251 192 Ill.

1686 161 1738 193 666

123 220 172 246 κα)¹
186 217 372 251 ἀνταπόδοσιν,
390 227 399 244 ›
417 217 500 250 ἔδειξε
516 218 564 253 μὲν
576 218 641 245 Θεὸν
655 219 759 250 ἑαυτόν,
775 218 840 243 ἀλλὰ
851 218 897 243 καὶ
915 225 920 246 Α

976 225 1019 243 um
1037 221 1064 244 ct
1080 217 1297 247 retributionem,
1312 225 1319 241 ›
1339 215 1457 250 seipsum
1473 215 1556 242 Deum
1574 223 1634 243 esse
1649 220 1741 243 osten-

124 265 276 299 ἄνθρωπον.
293 264 384 290 Ταῦτα
403 264 457 299 γὰρ
481 265 569 291 πάντα
583 264 650 290 Θεοῦ
670 264 738 298 ἔργα
762 263 904 297 προδήλως

124 310 288 344 ὑπάρχουσι.
307 310 362 336 Καὶ
387 309 431 336 διὰ
450 310 526 336 τοῦτο
548 311 564 344 ή
590 311 640 344 μὲν
655 309 757 343 παλαιᾲ
783 308 905 342 Θεολογία

96 358 98 361 ’
125 355 259 388 καλεῖται,
273 355 310 386 ὠς
324 355 425 390 ἔχουσα
437 355 498 386 τοὺς
513 355 560 381 τοῦ
575 355 642 382 Θεοῦ
658 355 752 387 λόγους
764 363 771 370 ·
788 355 804 389 ἡ
818 355 845 380 δὲ
858 354 905 380 νέα

126 400 235 434 λέγεται
252 400 301 436 μὲν
312 401 360 427 καὶ
374 400 443 435 αὐτὴ
459 400 591 433 θεολογέα,
606 400 650 427 διὰ
672 401 702 426 τὸ
719 401 764 426 καὶ
780 399 865 433 αὐτὴν
879 400 906 425 ὀ-

129 448 213 482 μοίως
227 446 375 481 κεκτῆσθαι
390 447 498 478 αὐτοὺς,
513 446 612 482 ἐξόχως
629 447 657 473 δὲ
675 446 803 481 θεουργία
815 445 906 472 καλεῖ-

127 501 183 525 sat,
200 493 267 519 διότι
279 493 296 519 ἃ
310 492 395 519 πάλαι
407 494 538 527 προεῖπον
557 493 580 519 οἱ
599 492 747 527 προφῆται,
759 492 844 518 ταῦτα
857 491 906 518 αὑ·

127 539 173 570 τὸς
196 539 211 564 ὁ
227 539 343 570 Χριστὸς
363 539 500 573 ἐνήργησε
526 538 573 565 καὶ
595 538 751 572 ἐπλήρωσε,
771 538 817 564 καὶ
838 539 908 571 ἀγα-

129 583 251 616 θιυργῶς
275 583 545 617 διεπραγματεύσατο
568 583 601 610 τὰ
616 582 676 610 καθ’
696 584 767 617 ἡμᾶς
783 583 908 615 ταπεινὰ,

129 629 184 659 τοῖς
202 628 351 658 θειοτάτοις
377 627 459 654 αὑτοῦ
488 628 549 654 κατ’
563 627 646 662 ἄκρον
675 627 777 658 ἐνώσας
801 628 910 663 εὑδοκίᾳ

129 674 176 700 τοῦ
187 674 302 707 Πατρὶς,
312 673 358 699 καὶ
369 673 499 708 συνεργίᾳ
512 673 559 699 τοῦ
570 673 738 707 Πνεῦματος.
752 672 806 699 Καὶ
819 672 911 699 λοιπὸν

129 717 242 748 δικαίως
253 717 285 743 ἂν
299 716 434 752 εἴποιμεν,
450 717 487 747 ὡς
500 725 509 742 ι
521 716 709 751 Ἐμεγαλύνθη
722 717 756 743 τὰ
767 716 835 751 ἔργα
851 725 910 746 σου,

131 762 229 796 Κύριε,
247 762 336 788 πάντα
362 762 392 787 ἐν
420 761 502 796 σοφίᾳ
527 761 670 796 ἐποίησας,
690 772 698 786 ι
720 762 796 788 Ἐπεὶ
819 760 884 794 γοῦν
899 763 912 788 ὁ

131 806 248 840 Χριστος
264 805 321 832 ἐστι
339 806 406 836 Θεὸς
428 806 488 840 μὲν,
505 805 543 837 ὡς
566 805 764 838 ἀποδέδεικται,
780 806 826 833 καὶ
845 805 912 832 Θεοῦ

131 850 207 881 Υἱὸς,
218 850 276 875 ἐστι
289 850 317 875 δὲ
330 851 376 876 καὶ
387 849 530 884 ἅνθρωπος
546 851 593 876 καὶ
607 850 670 881 Υἱὸς
684 850 826 885 ἀνθρώπου
843 851 913 876 κατὰ

957 262 1007 294 dit,
1036 261 1082 289 scd
1108 262 1190 288 etiam
1210 261 1359 287 hominem.
1387 261 1449 287 ll:ec
1475 260 1547 286 enim
1576 260 1666 287 omnia
1693 260 1739 287 Dei

958 315 1040 342 opera
1066 312 1139 334 sunt.
1162 307 1332 341 Quapropter
1355 311 1382 333 et
1401 310 1480 332 vetus
1507 305 1648 340 Scriptura
1665 306 1741 333 theo—

959 353 1034 388 logia:
1051 361 1149 380 nomen
1170 353 1284 387 accepit,
1314 356 1407 386 utpote
1435 359 1495 386 quae
1525 351 1571 378 Dei
1599 359 1741 378 sermones

961 398 1125 425 contineat:
1155 406 1223 424 nova
1250 405 1358 431 quoque
1388 397 1460 424 idetn
1490 396 1610 423 nominis
1641 396 1742 428 habet,

961 451 1021 470 cum
1041 447 1068 469 et
1091 443 1148 476 ipsa
1168 442 1294 470 similiter
1308 441 1418 468 eosdem
1443 441 1666 475 comprehendat.
1690 441 1741 466 lm-

962 489 1058 522 primis
1072 496 1137 515 vero
1162 488 1297 522 Thcurgia
1321 492 1442 514 vocatur.
1468 495 1500 514 eo
1522 486 1593 521 qttod
1617 486 1743 513 Christus

962 541 1044 568 opere
1059 539 1085 560 et
1102 533 1180 561 factis
1199 533 1389 568 compleverit,
1406 540 1467 568 qtae
1488 533 1552 559 olim
1573 540 1586 559 a
1604 532 1744 566 prophetis

963 583 1044 605 erant
1067 578 1217 613 praedicta:
1238 584 1265 606 et
1291 585 1396 605 summa
1421 586 1481 605 cum
1507 577 1627 604 bonitate
1656 577 1745 604 admi-

963 624 1091 651 nistravit
1103 632 1134 651 ea
1155 632 1213 657 qua:
1231 625 1303 650 ittter
1318 631 1367 650 nos
1381 623 1494 650 humilia
1513 627 1601 654 erant,
1623 630 1685 649 cum
1702 623 1745 649 di-

964 670 1035 697 vinis
1055 669 1112 697 suis
1136 677 1261 704 supreme
1287 670 1465 704 conjungens,
1490 669 1640 695 secundum
1658 668 1745 695 Patris

964 715 1163 749 bencplacitum
1179 720 1206 742 et
1221 714 1339 749 Spiritus
1352 714 1582 748 cooperalionem.
1599 713 1676 741 Unde
1692 721 1748 740 me-

965 759 1018 786 rito
1045 767 1110 786 sane
1133 759 1303 786 dixerimus:
1325 769 1333 785 ι
1351 759 1490 794 Magniﬁca
1507 763 1571 786 sunt
1584 766 1666 793 opera
1689 763 1745 791 tua,

967 804 1089 836 Domine,
1102 805 1193 831 omnia
1217 805 1304 831 fecisti
1326 805 1464 838 sapienter
1481 804 1514 830 ⁷⁸.
1534 814 1542 829 ι
1569 804 1635 831 Cum
1656 805 1748 837 itaque

965 848 1091 876 Christus
1112 849 1184 876 Deus
1204 849 1249 882 sit,
1279 855 1306 875 ut
1331 849 1548 876 demonstratum
1573 853 1626 881 est,
1650 853 1678 876 et
1702 849 1748 875 Dei

132 895 181 929 τὴν
196 895 297 929 σάρκα,
313 895 361 921 καὶ
375 895 540 930 ὲκηρὺττετο
551 896 605 922 ἀπὸ
626 896 782 926 συστάσεως
797 896 911 930 κόσμου,

972 894 1059 926 ῗὶΙὶυε,
1077 898 1119 921 est
1141 894 1223 921 etiam
1244 895 1335 926 homo,
1353 895 1528 929 hominisque
1548 894 1634 921 Filitts
1651 902 1750 921 secun-

133 940 180 966 καὶ
207 940 365 973 ἀνεφαίνετο
387 939 476 973 λόγοις
501 941 684 974 προφητικοῖς
704 941 751 966 καὶ
778 941 914 975 ὁράσεσιν,

133 985 203 1012 ἀλλά
213 984 244 1019 δὴ
258 984 305 1010 καὶ
319 984 402 1010 αὑτοῦ
417 984 463 1011 τοῦ
474 984 541 1010 Θεοῦ
555 985 603 1010 καὶ
618 984 735 1019 Πατρδς,
753 984 799 1010 τοῦ
815 983 913 1019 καιροῦ

134 1031 162 1056 δὲ
181 1029 346 1060 καλέσαντος
362 1030 409 1056 καὶ
432 1029 513 1060 αὐτὸς
529 1031 543 1056 ὁ
557 1029 675 1064 Χριστὸς
696 1029 819 1064 ἐναργῶς
838 1028 917 1054 τοῦτο

134 1074 259 1108 ὑπέδειξε
285 1074 329 1100 διὰ
345 1081 374 1099 τε
390 1073 478 1107 λόγων
502 1074 549 1099 καὶ
575 1074 712 1108 πράξεων,
731 1076 776 1100 καὶ
801 1073 917 1099 συνελὼν

133 1120 169 1145 τὰ
184 1119 282 1151 πάντα,
299 1115 376 1145 εἶπεν
386 1119 428 1145 ὃτι
443 1127 452 1143 ι
465 1119 493 1144 '0
511 1118 648 1145 πιστεύων
661 1119 699 1150 εἰς
713 1118 762 1153 ἐμὲ
779 1118 833 1153 ἔχει
845 1119 917 1152 ζωὴν

135 1166 256 1197 αἰώνιον,
274 1174 284 1190 ›
302 1164 432 1191 διέστειλε
447 1164 497 1199 τὴν
509 1164 628 1199 ψυχικὴν
641 1164 713 1198 ζωὴν
730 1166 777 1199 τῆς
794 1173 917 1198 σωματι-

136 1210 199 1244 κῆς.
222 1210 255 1236 Ἦ
269 1209 322 1244 γὰρ
338 1210 482 1244 σωματικὴ
496 1209 565 1244 πρὸς
583 1209 674 1243 ὀλίγον
689 1211 801 1244 φανεῖσα
817 1210 919 1245 παρέρ-

136 1265 225 1292 χεται,
241 1257 258 1291 ἡ
276 1255 304 1282 δὲ
319 1256 420 1291 ψυχικὴ
446 1256 558 1287 αἰώνιός
573 1257 657 1287 ἐστιν,
670 1255 764 1290 ὥσπερ
782 1256 828 1282 καὶ
842 1257 855 1282 ό
870 1256 917 1282 θά-

137 1307 217 1330 νατος
230 1298 326 1332 αὐτῆς.
347 1298 417 1324 Ἀλλ’
434 1298 509 1332 ὅμως
524 1299 573 1325 καὶ
594 1299 624 1325 τὸ
640 1299 758 1334 φθαρτὸν
774 1299 853 1325 τοῦτο
871 1299 919 1325 καὶ

136 1345 233 1380 θνητὸν
248 1345 328 1379 σῶμα
346 1345 360 1370 ὁ
373 1345 540 1379 δημιουργὸς
555 1344 637 1372 αὐτοῦ
655 1345 721 1376 Θεὸς
735 1345 784 1371 οὐκ
801 1346 919 1378 ἐγκατα-

136 1389 224 1424 λείψει
235 1389 264 1415 ἐν
277 1397 306 1415 τε
323 1389 361 1422 τῷ
375 1389 483 1423 Θανάτῳ
495 1389 542 1414 καὶ
555 1390 586 1423 τῇ
605 1388 703 1424 φθορᾷ,
723 1389 781 1415 ἀλλ’
798 1389 862 1414 ὅταν
875 1389 919 1414 ὲν-

137 1435 204 1470 aequ
219 1434 284 1460 αὐτὸ
301 1433 458 1468 ἀφθαρσίαν
473 1434 520 1460 καὶ
536 1434 696 1466 ἀθανασίαν,
720 1434 768 1460 καὶ
785 1434 919 1468 ἄφθαρτοι

139 1482 185 1507 καὶ
204 1480 333 1507 ἀθάνατοι
346 1480 523 1512 ἀναστάντες,
551 1480 613 1506 τότε
628 1480 698 1506 κατὰ
721 1481 751 1506 τὸ
767 1480 855 1513 λόγιον
871 1479 920 1506 σὺν

138 1526 176 1560 τῷ
188 1525 282 1560 Κυρίῳ
297 1525 425 1559 ἐσόμεθα.
441 1525 537 1551 Τοίνυν
551 1525 595 1551 διὰ
607 1525 660 1551 τῶν
676 1525 807 1560 ῥημάτων
819 1524 919 1556 αὐτῶν,

139 1571 187 1597 καὶ
204 1566 241 1602 ὧν
256 1571 388 1605 πρότερον
400 1570 530 1601 πολλάκις
542 1570 683 1605 ἐλάλησεν,
702 1570 778 1596 οὐδὲν
792 1569 820 1596 δὲ
839 1569 919 1595 ἐλατ-

139 1627 185 1645 τον
197 1618 244 1644 καὶ⁴
260 1617 291 1649 ἐξ
301 1614 339 1643 ὦν
351 1617 432 1651 ἡμεῖς
445 1616 495 1642 οὐκ
510 1615 681 1650 ἐγράψαμεν,
698 1615 804 1650 τρανῶς
825 1615 840 1641 ὁ
854 1615 921 1650 Χρι-

141 1665 203 1697 ori;
217 1665 284 1691 Θεόν
313 1673 342 1690 τε
375 1664 422 1691 καὶ
450 1663 594 1698 ἄνθρωπον
621 1662 719 1689 ἑαυτὸν
736 1662 919 1696 ὲναπέφηνεν.

146 1711 216 1738 Ἀλλ’
231 1711 274 1737 ὅτε
289 1711 335 1737 καὶ
353 1711 398 1736 τὸν
412 1711 444 1736 ὲκ
460 1710 573 1744 γενετῆς
588 1708 689 1743 τυφλὸν
704 1708 772 1734 σῶον
795 1709 842 1734 καὶ
857 1708 922 1734 θεω-

143 1757 241 1793 ροῦντα
265 1756 471 1790 ἀποκατέστησε
507 1755 576 1790 μετὰ
602 1755 634 1780 τδ
650 1754 799 1787 ἀναϐλέψαι
832 1753 923 1784 αὐτὴν,

141 1802 228 1834 οὕτως
241 1802 336 1836 εἴρηκε
355 1801 423 1836 πρὸς
451 1801 543 1833 αὐτὸν,
572 1809 581 1826 ι
608 1801 644 1827 Σὺ
669 1799 809 1831 πιστεύεις
824 1800 863 1830 είς
878 1799 924 1825 τὸν

116 1843 118 1846 ’
148 1849 212 1875 Υἱὺν
225 1847 272 1874 τοῦ
287 1846 369 1880 Θεοῦ;
384 1856 394 1873 ι
409 1847 440 1873 '0
455 1847 483 1873 δέ
496 1854 574 1881 φησι,
590 1855 598 1871 ι
617 1846 671 1872 Καὶ
685 1847 724 1877 τίς
740 1846 808 1877 ἐστι,
827 1845 924 1880 Κύριε,

142 1895 186 1921 ἵνα
202 1893 339 1921 πιστεύσω
354 1893 394 1924 εις
410 1893 510 1925 αὑτόνς
532 1902 541 1918 ›
560 1889 628 1918 Eine
644 1892 672 1918 δὲ
689 1891 764 1927 αὐτῷ
778 1893 792 1918 ὁ
811 1890 925 1926 Ἰησοῦς,

144 1949 154 1965 ι
174 1939 227 1966 Καὶ
242 1937 367 1973 ἑώρακας
383 1937 472 1970 αὐτὸν,
488 1938 534 1963 καὶ
554 1938 567 1963 ὸ
580 1936 668 1963 λαλῶν
683 1936 752 1971 μετὰ
765 1936 811 1962 σοῦ
824 1936 927 1966 ἐκεῖνός

143 1987 226 2011 ἐστιν.
246 1992 255 2008 ι
278 1983 307 2009 '0
319 1983 347 2009 δὲ
361 1982 424 2016 ἔφη,
446 1991 455 2007 ι
476 1982 610 2014 Πιστεύω,
627 1982 723 2018 Κύριε.
737 1991 746 2006 ι
762 1981 816 2007 Καὶ
829 1989 928 2015 προσε-

143 2028 261 2063 κύνησεν
277 2027 369 2053 αὐτόν.
390 2026 459 2052 Ἀλλ’
475 2026 550 2061 ὅμως
564 2027 578 2052 ὁ
599 2025 681 2057 αὐτὸς
703 2025 826 2060 Μωάμεθ
844 2033 928 2060 κατη-

143 2074 234 2109 γορῶν
261 2072 338 2106 λέγει
367 2072 432 2106 περι
453 2080 534 2097 τινων
554 2071 595 2097 ὅτι
626 2071 834 2104 ἀπεδοκίμασαν
850 2071 929 2098 ἅτινα

143 2119 206 2145 οὗτε
223 2117 338 2151 νοοῦσιν,
353 2116 415 2144 οὗτε
440 2117 568 2144 δύνανται
591 2117 758 2152 ἐξηγεῖσθαι,
774 2117 841 2152 ὅπερ
858 2117 928 2151 μᾶλ-

143 2164 190 2190 λον
206 2164 286 2194 αὑτὸς
306 2163 449 2196 πέπονθεν,
467 2162 672 2196 ἀποδοκιμάσας
691 2162 737 2188 τὸν
754 2162 873 2196 Χριστὸν
892 2161 929 2197 μὴ

933 1554 954 1583 C

966 939 1030 966 dum
1059 947 1186 971 carnem,
1214 944 1243 966 et
1278 939 1441 973 praedicatus
1473 944 1515 967 est
1549 948 1563 966 a
1591 940 1750 967 conditione

966 983 1073 1016 mundi,
1098 988 1126 1010 et
1144 984 1271 1018 apparuit
1295 992 1327 1011 ex
1344 984 1435 1012 verbis
1455 985 1654 1020 prophetarum
1669 990 1696 1012 et
1712 985 1751 1011 vi-

966 1028 1100 1061 sionibus,
1113 1029 1179 1063 quin
1194 1029 1252 1064 ipso
1264 1028 1320 1056 Deo
1336 1028 1414 1056 Patre
1428 1030 1494 1056 illud
1506 1031 1539 1057 de
1553 1030 1610 1064 ipso
1622 1034 1749 1057 testante.

962 1074 1102 1123 ’Tempore
1125 1081 1214 1102 autem
1236 1075 1287 1102 hoc
1306 1075 1470 1110 postulante,
1487 1076 1615 1103 Christus
1634 1076 1686 1103 hoc
1710 1076 1751 1110 ip-

967 1127 1028 1146 sum
1048 1119 1167 1147 dilucide
1190 1120 1338 1147 declaravit
1353 1121 1445 1148 verbis
1469 1121 1551 1148 simul
1568 1125 1595 1148 et
1611 1121 1751 1154 operibus,

968 1164 1113 1198 omniaque
1131 1165 1369 1200 comprehendens
1391 1166 1480 1193 dixit:
1508 1174 1516 1191 ι
1539 1165 1590 1199 Qui
1615 1165 1703 1193 credit
1726 1167 1753 1192 in

967 1218 1021 1242 me,
1035 1211 1118 1238 habet
1139 1211 1223 1237 vitam
1243 1217 1383 1238 aeternam.
1410 1221 1419 1237 ι
1439 1211 1499 1244 His,
1522 1211 1644 1245 inquam,
1661 1211 1755 1238 divisit

967 1256 1052 1283 vitam
1067 1256 1163 1283 anima:
1186 1255 1219 1283 ab
1234 1256 1285 1283 hac
1299 1256 1446 1291 corporali.
1472 1256 1535 1284 Ilaec
1559 1256 1633 1283 enim
1657 1257 1702 1284 ubi
1721 1255 1755 1282 ad

969 1304 1076 1335 tempus
1098 1301 1158 1327 visa
1183 1299 1278 1333 fuerit,
1311 1301 1427 1332 transit;
1459 1300 1557 1327 anima:
1583 1304 1673 1326 autem
1700 1299 1756 1326 vita

970 1345 1139 1380 sempiterna
1166 1348 1226 1378 est,
1250 1345 1480 1380 quemadmodum
1507 1349 1534 1372 et
1564 1352 1639 1372 mors
1669 1345 1754 1372 illius.

968 1391 1153 1418 Nihilominus
1180 1394 1270 1418 tamen
1296 1398 1397 1425 corpus
1428 1390 1495 1418 illud
1524 1390 1704 1425 corruptibile
1729 1393 1756 1416 ct

970 1436 1086 1463 mortale
1106 1435 1219 1464 Creator
1239 1436 1332 1471 hujus,
1354 1436 1426 1463 Deus
1439 1435 1583 1466 nimirum,
1602 1442 1656 1461 non
1679 1434 1759 1462 dere-

970 1482 1077 1516 linquet
1098 1483 1126 1509 in
1157 1487 1245 1510 morte
1270 1486 1295 1509 et
1317 1481 1511 1516 corruptione‘;
1541 1481 1588 1508 sed
1613 1484 1759 1514 postquam

946 1547 954 1562 ._
972 1527 1038 1554 illttd
1061 1527 1263 1562 incorruptibili
1283 1531 1312 1554 et
1329 1526 1476 1554 immortali
1504 1529 1601 1553 natura
1627 1524 1758 1554 induerit,

970 1572 1067 1607 integri
1096 1576 1125 1600 et
1152 1573 1319 1600 immortales
1347 1571 1520 1603 resuscitati,
1559 1570 1636 1606 juxta
1660 1577 1759 1596 oracu-

970 1617 1024 1645 lum
1043 1619 1077 1651 ",
1095 1625 1157 1645 cum
1171 1619 1226 1646 Deo
1242 1618 1354 1646 erimus.
1369 1618 1422 1645 Per
1438 1617 1495 1651 ipsa
1512 1615 1593 1652 igitur
1607 1615 1687 1643 verba
1701 1622 1761 1649 qua:

970 1667 1051 1690 antea
1076 1664 1176 1698 saepius
1193 1664 1302 1691 locutus
1325 1669 1378 1696 est,
1403 1663 1527 1697 nihilque
1555 1662 1644 1689 minus
1668 1668 1702 1688 ex
1720 1660 1761 1686 his

971 1717 1032 1744 qua:
1058 1717 1108 1737 nos
1133 1717 1187 1737 non
1203 1709 1401 1744 ascripsimus,
1424 1708 1551 1736 Christus
1567 1707 1684 1741 seipsum
1703 1713 1763 1733 ma-

973 1755 1073 1782 nifeste
1093 1755 1178 1782 Deum
1201 1759 1229 1782 et.
1246 1754 1385 1781 hominem
1409 1760 1470 1781 esse
1488 1753 1649 1780 declaravit.
1675 1753 1760 1780 Caete-

976 1807 1038 1826 rum
1053 1805 1115 1826 cum
1133 1798 1172 1825 illi
1186 1798 1231 1834 qui
1252 1806 1266 1825 ει
1281 1798 1424 1826 nativitale
1437 1805 1485 1825 sua
1502 1805 1590 1824 cmcus
1607 1793 1762 1828 exstiterat,

977 1844 1122 1871 sanitatem
1147 1849 1175 1872 et
1197 1844 1286 1871 visum
1312 1843 1488 1874 restituisset,
1504 1850 1566 1869 cum
1589 1842 1632 1869 illc
1648 1843 1702 1876 jam
1725 1843 1764 1869 vi-

975 1890 1063 1922 deret,
1090 1889 1130 1916 sie
1156 1889 1189 1915 ad
1219 1896 1280 1915 eum
1305 1887 1393 1915 dixit:
1423 1896 1432 1913 ι
1460 1887 1591 1914 Credisne
1621 1887 1646 1914 iu
1664 1887 1762 1914 Filium
1781 1898 1787 1902 -

977 1936 1045 1963 Dei?
1063 1945 1072 1961 ι
1093 1935 1139 1962 Ille
1161 1942 1227 1962 vero
1243 1934 1282 1961 ait
1300 1942 1307 1961 :
1334 1943 1342 1959 ι
1363 1934 1398 1961 Et
1423 1933 1548 1967 quisnam
1564 1938 1616 1964 est,
1639 1933 1763 1965 Domine,

977 1984 1007 2008 ut
1032 1979 1140 2007 credam
1167 1979 1194 2006 in
1216 1977 1315 2005 illum?
1340 1987 1349 2004 ›
1379 1977 1451 2004 Dixit
1483 1982 1575 2004 autem
1602 1977 1639 2004 illi
1665 1977 1764 2005 .lcsus:

981 2037 990 2052 ι
1014 2027 1048 2053 Et
1061 2025 1153 2053 vidisti
1169 2033 1243 2058 eum,
1257 2029 1286 2052 et
1299 2024 1345 2059 qui
1361 2023 1483 2058 loquitur
1501 2028 1602 2055 tecum,
1617 2023 1661 2050 ille
1678 2028 1732 2050 est.
1753 2032 1763 2048 ι

978 2073 1026 2101 ille
1052 2081 1116 2100 vero
1141 2072 1227 2105 dixit,
1257 2082 1266 2097 ε
1285 2071 1388 2104 Credo,
1406 2071 1534 2103 Domine,
1557 2080 1566 2096 ι
1594 2075 1620 2098 et
1644 2071 1767 2097 adoravit

982 2120 1058 2146 illum
1077 2119 1109 2146 '°.
1141 2118 1274 2146 Caeterum
1303 2117 1441 2144 Mahomct
1469 2117 1602 2151 quosdam
1634 2124 1768 2143 accusans

982 2162 1066 2190 dicit:
1081 2162 1246 2196 Rejecerunt
1258 2168 1290 2188 ea
1306 2169 1366 2196 qua:
1381 2169 1435 2188 non
1453 2161 1618 2196 intelligunt,
1638 2169 1688 2188 nec
1704 2169 1768 2195 pos-

145 2208 215 2235 εἶναι
235 2209 295 2234 Υἱὺν
310 2207 391 2239 Θεοῦ,
416 2207 482 2242 μηδὲ
503 2208 693 2242 σαρκωθῆναι,
713 2207 760 2233 καὶ
778 2206 822 2233 διὰ
836 2206 867 2232 τὸ
881 2207 920 2241 τῆι

983 2212 1047 2237 sunt
1071 2214 1211 2234 enarrare.
1237 2206 1295 2234 Hoc
1322 2207 1373 2241 ipsi
1399 2206 1534 2242 imprimis
1557 2207 1681 2242 contigit,
1705 2215 1767 2233 cum

146 2254 335 2287 é'tc'ttat).q','.£1;
357 2252 470 2287 μέγεθος
486 2252 574 2279 ταῦτα
589 2253 736 2287 ἠρνήσατο,
752 2251 820 2278 ἀλλὰ
835 2252 881 2278 καὶ
898 2251 928 2277 τὸ

146 2299 195 2334 τῆς
211 2299 240 2333 Τ¹
254 2299 324 2329 ιάδος
344 2299 492 2332 μυστήριον
513 2299 544 2324 οὺ
568 2298 755 2333 προσεδέξατο.
773 2298 810 2324 Οὐ
826 2299 880 2332 γὰρ
897 2298 928 2332 ὴ-

147 2345 244 2372 δύνατο
258 2345 327 2370 νοεῖν
339 2345 390 2379 τὴν
407 2344 460 2369 τῶν
478 2343 631 2378 προσώπων
645 2343 780 2377 διάκρισιν
802 2343 865 2370 ἄνευ
880 2344 929 2376 τῆς

147 2392 218 2418 κατὰ
229 2390 278 2424 τὴν
290 2389 382 2416 οὐσίαν
396 2389 566 2423 διακρίσεως,
579 2389 615 2420 ὡς
629 2389 746 2423 εἴρηται.
767 2398 776 2415 ε
794 2389 931 2423 Ἐθαυμα-

150 2435 240 2470 στώῡη
257 2436 321 2469 γὰρ,
344 2443 353 2460 ι
370 2435 463 2468 φησιν,
487 2442 496 2458 ε
517 2434 532 2468 ή
553 2435 651 2467 γνῶσίς
666 2442 712 2459 σου
734 2434 762 2466 ἐξ
778 2433 855 2468 ἐμοῦ,
872 2434 931 2459 λίκν

148 2479 330 2514 ἐκραταιώῦη,
353 2479 384 2504 οὒ
404 2479 440 2513 μὴ
460 2478 582 2512 δύνωμαι
610 2479 676 2512 πρὸς
692 2478 786 2513 αὑτήν.
818 2490 826 2504 ι
857 2478 889 2504 Τί
904 2479 932 2504 δὲ

150 2526 213 2552 ἄλλο
240 2525 313 2550 ἐστὶν
329 2524 345 2558 ἢ
361 2525 377 2558 ἡ
397 2523 589 2558 ἁκατάληπτος
615 2524 662 2549 καὶ
687 2523 867 2558 ἀπερινόητος
886 2524 932 2550 τοῦ

150 2571 218 2597 Θεοῦ
250 2569 361 2604 γνῶσις,
385 2569 446 2604 ἥτις
469 2570 591 2604 ἀγνωσίᾳ
621 2571 820 2604 παρεικᾱςεται
841 2570 884 2596 διὰ
907 2571 935 2596 τὴ

151 2618 300 2652 ὑπεραῖρον
311 2617 394 2650 αὐτῆς
401 2615 492 2650 πάσης
507 2615 620 2652 κτιστῆς
629 2616 753 2649 γνώσεως
766 2615 814 2648 ;ᾞ
825 2616 879 2650 γὰρ
889 2617 934 2642 τοῦ

151 2661 219 2687 Θεοῦ
237 2660 358 2693 ἀγνωσία
373 2659 402 2685 οὺ
417 2651 610 2693 λέγεταίκατὰ
632 2659 768 2694 στέρησιν,
786 2660 852 2686 ἀλλὰ
872 2660 932 2686 καθ’

153 2707 300 2741 ὑπεροχήν.
327 2705 376 2731 Διὰ
400 2704 454 2739 γὰρ
475 2705 504 2730 τὸ
532 2704 700 2738 ὑπερϐάλλον
724 2707 769 2731 καί
787 2706 935 2741 ἀπρόσιτον

155 2753 214 2786 φῶς
232 2751 277 2778 τοῦ
302 2751 370 2777 Θεοῦ
387 2751 480 2781 σκότος
497 2750 562 2776 αὐτὸ
585 2750 740 2784 ὠνόμασαν.
760 2751 796 2777 Τὸ
820 2751 872 2785 γὰρ
901 2751 937 2785 μὴ

190 2833 213 2848 ’⁸⁸
234 2833 303 2860 Psal.
320 2840 374 2863 Clll,
396 2832 440 2859 ‘24-
478 2833 500 2848 ”
519 2833 529 2861 Ι
550 2834 645 2862 Thess.
669 2841 702 2866 tv,
727 2834 766 2860 lli.

806 2833 826 2846 Μ
847 2833 925 2861 Juan.
949 2841 988 2867 ιι,
1010 2835 1100 2864 35-38.

982 2254 1121 2281 Christum
1138 2253 1248 2289 negavit
1263 2261 1323 2281 esse
1339 2253 1387 2281 Dei
1403 2254 1515 2287 Filium,
1530 2261 1580 2281 nec
1597 2253 1768 2280 inearnatum

983 2299 1112 2327 credidit.
1143 2299 1258 2334 Propter
1293 2299 1453 2326 immensam
1484 2298 1557 2326 enim
1591 2298 1768 2325 stoliditatem

983 2345 1050 2372 illud
1067 2345 1187 2379 negavit.
1217 2345 1288 2378 Quin
1317 2349 1343 2372 et
1365 2343 1509 2371 Trinitatis
1534 2343 1693 2378 mysterium
1715 2350 1770 2370 non

984 2389 1106 2417 admisit.
1129 2390 1187 2417 Non
1204 2389 1275 2416 enim
1294 2394 1400 2423 poterat
1416 2397 1595 2424 personarum
1613 2388 1770 2420 discrimen,

985 2440 1013 2461 ut
1028 2435 1130 2461 dictum
1148 2438 1200 2466 est,
1217 2434 1277 2461 sine
1294 2434 1510 2462 substantiarum
1532 2433 1692 2460 discrimine
1707 2439 1772 2459 con-

986 2480 1085 2507 sistens
1106 2480 1267 2515 intelligere.
1296 2489 1304 2505 (
1326 2479 1479 2511 Mirabilis,
1508 2479 1613 2514 inquit,
1639 2479 1708 2505 facta
1729 2482 1772 2505 est

988 2526 1099 2553 scicntia
1127 2531 1171 2553 tua
1195 2534 1208 2554 a
1236 2534 1289 2558 me,
1314 2527 1429 2554 multum
1452 2526 1604 2554 confortata
1627 2530 1689 2558 est;
1719 2533 1773 2553 non

989 2576 1084 2607 potero
1099 2572 1133 2598 ad
1156 2573 1240 2607 ipsam
1259 2573 1293 2600 ⁸⁸.
1318 2581 1326 2597 ι
1345 2573 1414 2606 Quid
1439 2573 1512 2600 enim
1536 2572 1610 2599 aliud
1633 2576 1774 2605 estquam

978 2617 1278 2652 incomprehensibilis
1302 2623 1329 2645 et
1355 2618 1494 2646 intellectu
1523 2617 1701 2652 impossibilis
1724 2617 1772 2644 Dei

988 2663 1117 2697 cognitio.
1140 2671 1201 2697 quae
1227 2664 1388 2699 ignorantite
1408 2665 1548 2691 confertur
1567 2667 1681 2698 propter
1698 2671 1773 2690 sutu-

989 2716 1059 2735 ntazn
1084 2708 1156 2735 illam
1176 2717 1231 2744 prm
1247 2710 1320 2737 omni
1346 2710 1501 2744 cognitione
1525 2709 1664 2736 mundana
1686 2709 1774 2736 excel-

990 2754 1123 2780 lentiant?
1140 2754 1292 2789 Ignorantia
1314 2755 1387 2782 enim
1406 2755 1454 2783 Dei
1475 2762 1529 2782 non
1546 2754 1696 2783 secundum
1716 2754 1773 2789 pri-

1142 2837 1160 2852 “
1184 2837 1253 2865 I‘sul.
1277 2845 1408 2870 cxxxvm,
1431 2836 1456 2862 6.
