1949 3093
197 150 250 181 661

794 152 952 182 JOANNIS
970 153 1013 182 CA
1019 152 1227 183 NTACUZEN’I

1753 154 1820 185 668‘

195 204 344 236 vationem,
365 204 413 232 sed
433 205 620 232 excellentiam
635 205 745 234 dicitur.
762 207 878 242 Propter
889 207 979 235 excel-

1031 207 1178 240 δυνάμενον
1195 208 1309 243 ὁρᾶσθαι
1330 209 1424 241 σκότος
1440 209 1570 244 ἄντικρύς
1587 217 1672 237 εστιν.
1691 218 1700 235 ι
1715 209 1811 237 Ἕθετο

194 250 256 278 lens
267 250 340 277 enim
352 254 380 277 et
394 250 580 279 inaccessibile
593 251 684 280 lumen
701 252 757 284 Dei,
771 253 837 280 illud
849 253 976 280 tenebras

195 294 418 323 nominaverunt.
435 297 512 329 Quod
536 297 608 324 enini
633 298 717 325 videri
742 298 846 332 nequit,
865 306 879 326 a
898 303 974 325 tene-

195 340 253 368 bris
282 340 340 368 fere
372 341 441 369 nihil
472 341 574 370 diﬁ‘ert.
607 352 616 368 ι
636 343 730 370 Posuit
756 344 848 376 enim,
876 344 975 379 inquit.

196 386 324 414 tenebras
338 386 546 417 absconsioncm
559 387 601 414 sui
621 387 655 415 ⁸¹.
680 397 690 414 ι
713 388 813 415 Verum
832 389 912 416 etiam
929 389 976 416 Dei

196 431 359 466 sapientiam
375 436 402 458 et
418 432 570 463 scientiam,
591 440 700 460 omnem
716 433 874 468 angelorum
890 434 979 461 homi-

197 483 318 510 numque
336 476 514 503 excedentem
531 477 709 510 intellectum,
725 485 786 512 qua:
800 486 851 506 nec
872 479 977 506 ratione

195 529 248 548 nec
269 528 395 549 sermone
414 521 544 556 explicari
562 527 676 558 potest,
695 524 812 560 theologi
835 525 977 553 stultitiam

196 570 374 593 vocaverunt.
388 566 558 602 Quapropter
574 567 654 594 etiam
669 567 810 596 Sermonis
827 569 875 596 Dei
890 569 979 597 incar-

197 611 336 639 nationem
358 612 396 640 illi
418 613 502 640 iidem
526 614 644 649 theologi
667 616 816 643 vanitatem
841 616 978 650 dixerunt,

196 665 258 684 cum
275 658 354 692 plena
372 659 418 689 sit.
440 659 494 686 itno
516 660 753 688 abundantissima
768 663 910 697 sapientia,
925 663 979 690 vir-

198 707 256 729 tute
274 708 302 731 et
323 704 421 731 salute.
441 704 469 732 Si
486 705 568 740 igitur
588 706 660 741 apud
685 707 826 743 theologos
846 709 978 737 mirabilis

196 749 267 778 facta
284 756 326 778 est
342 751 389 778 Dei
403 751 530 785 scientia,
546 754 977 789 propter,incomprehensibilem

198 795 272 823 illam
306 796 456 830 rationem,
481 799 558 833 sique
585 804 764 834 agnoscentes
793 800 979 828 inﬁrmitatem

197 849 274 868 suam
301 842 417 870 confessi
448 848 534 876 sunt,
563 844 685 873 dicentes
706 853 736 873 sc
761 854 816 874 non
837 855 917 882 posse
944 847 977 875 ad

197 887 296 921 ipsatn.
313 888 450 922 quomodo
470 890 512 917 vel
533 890 678 925 vestigium
694 892 860 927 cognitionis
880 893 980 921 divinae

198 933 315 960 inveniri
330 934 424 961 liceret
443 936 513 970 apud
535 936 682 971 impietatis
695 942 723 965 et
739 938 871 966 mendacii
885 939 981 966 inven-

199 981 310 1007 torem?
332 980 363 1008 Et
385 981 431 1016 qui
447 981 523 1009 cibos
547 990 616 1017 quos
640 984 759 1011 comedit
786 984 901 1019 ignorat,
926 993 980 1020 quo

198 1033 295 1060 nempe
311 1026 390 1053 tnodo
404 1027 430 1054 in
453 1027 582 1055 humores
593 1028 741 1060 dividatur.
757 1029 842 1057 Deum
866 1035 981 1058 conatur

198 1071 372 1107 inwstigare.
392 1072 514 1100 Occlttsis
534 1073 617 1104 igitur
638 1074 736 1102 animae
750 1081 778 1102 et
806 1075 905 1103 mentis
922 1084 980 1104 sum

198 1117 297 1149 oculis,
323 1125 378 1145 non
403 1119 532 1153 cognovit.
552 1119 642 1146 Solem
664 1120 797 1155 justitiae;
814 1125 981 1156 quapropter

196 1163 279 1190 etiam
310 1163 468 1198 reprobavit
499 1164 586 1199 ipsum
611 1165 723 1199 iustitiae
749 1165 851 1197 Solem,
881 1166 980 1194 Filium

199 1208 304 1236 scilicet
329 1213 358 1235 et
382 1209 540 1237 Sermonem
567 1210 626 1243 Dei,
647 1218 764 1245 cumque
794 1212 846 1239 ltoc
872 1211 979 1240 Patrem

200 1250 281 1277 simul
298 1255 326 1277 et
343 1251 489 1285 Spiritum.
508 1262 517 1278 ι
541 1252 593 1286 Qui
614 1254 686 1281 enim
703 1255 801 1282 Filium
817 1263 871 1282 non
886 1256 979 1288 habet,

199 1295 289 1330 inquit
315 1296 449 1330 Salvator,
477 1305 566 1333 neque
593 1299 700 1327 Patrem
727 1300 811 1329 habet
834 1301 866 1328 “.
898 1311 907 1328 ι
928 1301 981 1335 Qui

198 1348 263 1367 vero
293 1349 344 1368 nec
371 1342 469 1373 Filium
496 1351 547 1371 nec
571 1343 679 1372 Patrem
708 1347 800 1379 habet,
827 1348 981 1375 necessario

198 1387 282 1414 etiam
297 1387 401 1422 Spiritu
421 1394 519 1420 sancto,
534 1395 619 1418 caret.
641 1391 708 1418 Cum
724 1392 782 1420 haec
799 1393 882 1427 igitur
901 1393 936 1420 ita
951 1401 981 1421 se

200 1431 328 1466 habeant,
349 1434 430 1469 impie
450 1442 542 1463 revera
559 1437 666 1464 locutus
686 1442 728 1465 est
745 1437 890 1471 Mahomet,
906 1439 980 1473 quod

202 1477 328 1506 Salvator
347 1479 417 1507 nihil
438 1481 464 1507 In
487 1481 645 1510 universum
666 1483 700 1510 de
723 1491 752 1511 se
770 1484 879 1518 dixerit,
906 1485 978 1520 quod

1027 254 1092 288 γὰρ,
1118 264 1126 279 ι
1150 255 1228 289 φησὶ,
1248 265 1257 281 ι
1277 255 1372 287 σκότος
1395 256 1560 291 ἀποκρυφὴν
1581 256 1673 283 αὑτοῦ.
1697 266 1706 282 ι
1731 256 1810 284 Ἀλλὰ

1027 301 1073 326 καὶ
1090 301 1138 335 τὴν
1154 300 1200 327 τοῦ
1226 301 1294 328 Θεοῦ
1313 302 1408 336 σοφίαν
1422 303 1469 328 καὶ
1487 303 1645 338 ἐπιστήμην
1660 303 1710 338 τὴν
1726 303 1810 338 ὕπερ.

1027 346 1158 380 αίρουσαν
1181 347 1270 374 πᾶσαν
1284 348 1407 381 ἀγγέλων
1419 356 1447 374 τε
1466 349 1512 374 καὶ
1527 347 1676 384 ἀνθρώπων
1689 347 1808 380 σύνεσιν,

1026 392 1077 424 τὴν
1088 392 1125 426 μὴ
1135 392 1249 426 ἔχουσαν
1257 393 1320 420 νοῦν
1334 393 1349 428 ἦ
1359 394 1437 427 λόγον
1449 393 1655 428 ἑρμηνευτικὸν,
1669 394 1775 428 μωρίαν
1783 395 1809 421 οἱ

1027 437 1150 471 θεολόγοι
1166 438 1310 466 ἐκάλεσαν.
1330 430 1380 466 Δίὰ
1394 439 1474 466 τοῦτο
1488 440 1535 466 καὶ
1548 439 1598 473 τὴν
1615 439 1660 466 τοῦ
1675 439 1743 465 Θεοῦ
1759 440 1810 466 Λό-

1028 492 1077 518 γου
1100 484 1306 520 ὲνανθρώπησιν
1329 485 1442 511 κένωσιν
1468 485 1492 511 οἱ
1513 484 1590 511 αὐτοὶ
1613 483 1733 516 θεολόγοι
1758 493 1810 512 κα-

1027 529 1114 560 λοῦσι,
1134 529 1223 556 καίτοι
1247 530 1336 564 πλήρη
1351 529 1549 564 τυγχάνουσαν,
1565 529 1665 564 μᾶλλον
1681 529 1710 556 δὲ
1727 531 1810 564 ὑπερ-

1028 574 1120 609 πλήρη
1139 575 1236 609 σοφίας
1251 575 1298 602 καὶ
1313 575 1453 609 δυνάμεως
1476 575 1524 602 καὶ
1539 576 1690 610 σωτηρίας.
1715 576 1746 602 Εἰ
1762 573 1809 602 οὖν

1029 620 1104 656 παρὰ
1118 621 1174 651 τοῖς
1193 620 1328 654 οεολόγοις
1345 620 1544 655 ἐθαυμαστώθη
1559 621 1575 656 ἡ
1595 621 1642 647 τοῦ
1661 620 1728 647 Θεοῦ
1741 621 1811 654 γνῶ-

1030 675 1071 697 σις
1090 666 1135 693 διὰ
1149 666 1178 692 τὸ
1192 666 1396 699 ἀκατάληπτον,
1412 667 1460 693 καὶ
1471 666 1629 700 ἐπιγνόντες
1642 666 1690 701 τὴν
1706 666 1809 692 ἑαυτῶν

1028 710 1181 743 ἀσθένειαν,
1210 710 1389 745 ὡμολόγησαν
1419 710 1539 742 εἰπόντες
1564 711 1605 737 ὅτι
1631 711 1661 737 οὐ
1684 711 1811 737 δύνανται

1029 756 1097 790 πρὸς
1113 756 1208 791 αὐτὴν.
1221 756 1279 787 πῶς
1295 755 1346 782 κᾶν
1361 756 1428 787 ὅλως
1443 755 1515 790 ίχνος
1530 756 1580 791 τῆς
1594 755 1642 782 τοῦ
1662 756 1729 782 Θεοῦ
1742 756 1812 790 γνώ-

1030 809 1098 832 σεως
1117 801 1227 836 ἐγχωρῇ
1243 801 1388 836 εὑρεθῆναι
1412 801 1441 827 ὲν
1458 801 1497 836 τῷ
1519 802 1569 834 τῆς
1585 800 1683 832 κακίας
1699 798 1745 828 κάκ
1761 801 1810 828 τοῦ

1028 846 1142 880 ψεύδους
1161 846 1312 881 ἐφευρετῇ;
1326 847 1340 872 ό
1355 846 1409 881 γὰρ
1433 846 1470 881 μὴ
1492 846 1568 878 εἰδὼς
1583 847 1652 879 ὅλως
1666 847 1696 873 τὸ
1713 847 1813 882 βρῶμα

1030 892 1097 927 ὅπερ
1106 891 1202 923 ἑσῦίει,
1211 893 1284 923 ὅπως
1296 893 1336 922 εἰς
1347 892 1450 926 χυμοὺς
1463 891 1668 927 μερίζεται,τὸν
1676 892 1743 919 Θεὸν
1753 901 1814 919 πει-

1033 937 1113 972 ρᾶται
1128 938 1251 972 ὲρευνᾷν.
1273 938 1369 968 Musa;
1386 938 1433 964 καὶ
1452 938 1505 972 γὰρ
1517 938 1579 970 τοὺς
1593 939 1642 972 τῆς
1661 938 1750 973 ψυχῆς
1766 939 1814 966 καὶ

1031 982 1089 1009 νοὸς
1103 982 1185 1009 αὑτοῦ
1207 982 1375 1016 ὀφθαλμοὺς,
1393 982 1443 1008 οὐκ
1457 981 1527 1015 Εγνω
1543 982 1589 1008 τὸν
1609 982 1684 1017 ἥλιον
1704 982 1754 1017 τῆς
1776 983 1815 1010 δι-

1031 1027 1187 1062 καιοσύνης,
1204 1028 1251 1054 καὶ
1262 1027 1306 1054 διὰ
1322 1027 1401 1054 τοῦτο
1413 1028 1615 1062 ἀπεδοκίμασεν
1630 1028 1710 1054 αὑτὸν
1724 1028 1757 1064 δὴ
1768 1029 1814 1055 τὸν

1030 1072 1078 1107 τῆς
1091 1065 1262 1106 δικαιοσύνης
1273 1072 1359 1107 ἥλιον,
1373 1072 1418 1099 τὸν
1433 1072 1496 1098 Υἰὸν
1509 1072 1555 1098 καὶ
1568 1072 1654 1106 Λόγον
1668 1072 1716 1099 τοῦ
1733 1072 1814 1105 Θεοῦ,

1031 1119 1078 1146 καὶ
1091 1119 1139 1145 σὺν
1154 1118 1228 1152 αὐτῷ
1241 1119 1286 1144 τὸν
1304 1119 1413 1153 Πατέρα
1428 1118 1474 1145 καὶ
1491 1118 1522 1144 τὸ
1539 1117 1662 1153 Πνεῦμα.
1686 1127 1696 1144 t
1716 1118 1745 1144 '0
1760 1119 1814 1152 γὰρ

1032 1163 1069 1198 μὴ
1085 1163 1154 1197 ἔχων
1168 1163 1213 1188 τὸν
1228 1162 1302 1194 Υἱὸν,
1320 1171 1329 1187 ι
1348 1162 1430 1196 φησὶν
1445 1162 1459 1188 ὁ
1475 1161 1581 1195 Σωτὴρ,
1595 1169 1605 1187 t
1620 1160 1680 1187 οὐδὲ
1693 1160 1739 1187 τὸν
1756 1161 1813 1187 Πα-

1031 1207 1109 1242 τέρα.
1131 1215 1140 1232 ι
1157 1207 1186 1233 '0
1202 1206 1230 1232 δὲ
1240 1206 1284 1232 τὸν
1298 1205 1407 1240 Πατέρα
1424 1205 1471 1232 καὶ
1484 1205 1529 1231 τὸν
1541 1201 1604 1231 Υίὸν
1621 1204 1658 1242 μῂ
1672 1204 1741 1239 ἔχων
1755 1204 1816 1236 ἑξα-

1031 1251 1136 1286 νάγκης
1150 1251 1210 1277 οὐδὲ
1228 1249 1258 1276 τὸ
1275 1249 1385 1283 Πνεῦμα
1398 1250 1427 1276 τὸ
1441 1249 1529 1282 ἅγιον.
1546 1249 1654 1276 Τούτων
1668 1248 1756 1276 τοίνυν
1768 1249 1814 1275 οὔ·

1030 1304 1083 1327 τως
1094 1295 1321 1330 ὡμολογημένων,
1334 1294 1427 1325 κακῶς
1439 1295 1493 1329 ἀρα
1508 1293 1637 1330 ἐλάλησεν
1650 1295 1664 1320 ὁ
1679 1294 1815 1328 Μωάμεθ,

1030 1341 1067 1373 ὡς
1080 1341 1130 1367 οὐκ
1141 1340 1193 1375 ἔφη
1208 1340 1222 1365 ό
1237 1339 1330 1374 Σωτὴρ
1345 1339 1408 1374 περὶ
1420 1338 1516 1365 ἑαυτοῦ
1539 1338 1684 1365 τοκαθόλου
1694 1339 1735 1366 ὅτι
1749 1339 1817 1371 Θεός

1031 1386 1103 1412 ἐστιν
1114 1385 1131 1420 ἢ
1145 1384 1211 1412 Θεοῦ
1226 1385 1299 1415 Υἱός.
1308 1383 1386 1410 Ἀλλά
1394 1384 1458 1417 περὶ⁵
1466 1383 1515 1417 μὲν
1525 1383 1627 1410 τούτων
1641 1383 1736 1414 οὕτως.
1749 1384 1817 1410 Σκι-

1029 1430 1145 1465 ψώμεθα
1156 1431 1245 1457 τοίνυν
1258 1430 1305 1456 καὶ
1319 1429 1384 1464 περὶ
1398 1429 1447 1464 τῆς
1454 1429 1582 1464 δευτέρας
1594 1429 1757 1461 ἀποδείξεως
1768 1429 1816 1456 τοῦ

1031 1477 1165 1512 Μωάμεθ,
1193 1476 1243 1511 τῆς
1270 1476 1403 1511 λεγούσης
1429 1476 1470 1502 ὅτι
1496 1476 1563 1510 πρὸς
1589 1475 1653 1507 τοὺς
1671 1475 1816 1508 Ἰουδαίους

199 1523 272 1551 Deus
285 1525 331 1557 sit,
353 1525 394 1553 vel
409 1526 455 1554 Dei
477 1527 569 1555 Filius.
586 1528 684 1556 Verum
699 1529 732 1557 de
747 1529 789 1556 his
803 1530 913 1564 quidem
931 1531 980 1558 sic.

1033 1523 1222 1557 διαλεγόμενος
1239 1524 1253 1549 ὁ
1267 1523 1384 1557 Χριστὸς
1405 1522 1492 1554 οὕτως
1506 1522 1628 1557 εἴρηκεν,
1641 1522 1681 1548 ὅτι
1698 1531 1707 1548 ι
1728 1523 1816 1557 Προσ-

198 1569 277 1597 Nunc
297 1574 387 1598 autem
408 1573 555 1600 secundam
573 1574 750 1608 inspiciamus
763 1575 923 1604 Maltometls
936 1577 983 1604 de-

200 1615 437 1648 monstrationem,
462 1625 515 1652 qua
538 1619 604 1646 dicit
633 1620 774 1648 Christum
798 1629 860 1648 cttm
883 1621 983 1649 Iudaeis

199 1660 382 1695 disputantem
393 1662 433 1689 sic
446 1662 566 1691 dixisse:
587 1673 597 1690 ‹
612 1665 729 1692 Adorate
746 1666 829 1693 Deum
852 1674 942 1694 meum
956 1669 984 1693 et

199 1705 285 1733 Deum
309 1711 440 1738 vestrum.
457 1712 485 1735 et
508 1709 653 1736 Dominum
680 1718 770 1738 meum
794 1716 823 1738 et
839 1712 983 1739 Dom'num

198 1756 332 1780 vestrum.
353 1762 362 1778 ι
382 1753 436 1781 Nos
449 1755 540 1788 itaque
556 1760 619 1782 ante
633 1755 666 1782 de
686 1755 838 1784 Mahomete
851 1756 982 1789 diximus,

161 1800 165 1803 '
198 1797 272 1832 quod
287 1805 483 1833 nonnunquam
500 1799 610 1833 quidem
627 1800 803 1834 impudenter
820 1801 980 1832 tnentiatur,

199 1850 397 1878 nonnunquam
412 1851 477 1871 vero
491 1844 597 1871 veritati
611 1844 709 1872 falsum
726 1845 874 1873 admisceat
888 1855 894 1872 :
909 1846 982 1881 quod

199 1887 271 1914 idem
292 1888 319 1914 in
338 1889 465 1922 prmsenti
482 1889 534 1916 hoc
548 1894 709 1923 argumento
723 1889 799 1917 facit.
817 1889 894 1917 Hunc
908 1891 982 1918 enim

199 1933 252 1960 sibi
278 1932 358 1959 ﬁnem
387 1933 539 1967 proposuit,
563 1938 594 1960 ut
616 1941 666 1967 pro
692 1934 762 1961 virili
781 1942 830 1962 sua
855 1936 982 1963 universo

203 1978 306 2005 mundo
331 1978 506 2012 persuadeat,
532 1983 562 2005 ut
585 1978 725 2006 Christum
751 1987 801 2006 nec
825 1980 910 2007 Deum
933 1988 983 2008 nec

203 2024 250 2051 Dei
275 2024 372 2052 Filium
397 2031 458 2051 esse
482 2023 684 2057 conﬁteantur;
708 2029 874 2059 quapropter
899 2025 982 2053 etiam

201 2069 256 2102 hic,
270 2069 402 2104 quidquid
420 2069 448 2096 itt
465 2072 584 2096 mentem
598 2069 683 2100 venit,
694 2070 826 2104 loquitur.
845 2070 983 2105 Praecipue

201 2121 291 2142 autctn
317 2115 415 2142 falsum
437 2115 571 2149 estquod
595 2115 628 2142 ad
651 2115 761 2143 Iudaeos
776 2116 902 2143 Christus
925 2117 982 2144 hmo

202 2160 324 2193 dixerit;
338 2160 437 2188 deinde
453 2159 555 2187 Christi
577 2167 668 2187 sermo
683 2161 765 2188 etiam
783 2160 843 2188 talis
860 2168 913 2188 non
929 2165 979 2188 est.

201 2207 335 2234 Ceterum
358 2210 421 2240 post
444 2206 675 2233 resurrectionem
701 2213 783 2233 causa
805 2205 904 2233 futurae
926 2213 982 2233 suae

203 2251 398 2287 assumptionis
409 2251 479 2278 dixit
498 2251 640 2286 discipulis
657 2251 714 2278 suis
727 2251 769 2278 ’δε
787 2260 796 2276 ι
814 2250 939 2278 Ascentlo
950 2251 984 2278 ad

202 2298 311 2325 Patrem
328 2304 418 2325 meum
435 2301 462 2325 et
481 2297 587 2324 Patrem
601 2301 732 2329 vestrum,
753 2300 781 2324 et
795 2295 879 2323 Deum
894 2290 984 2323 meum

200 2349 228 2372 et
243 2344 328 2372 Deum
345 2348 477 2371 vestrum.
499 2353 508 2369 ι
526 2343 560 2370 Et
582 2343 813 2378 quemadmodum
838 2342 865 2369 in
891 2342 984 2369 multis

202 2389 263 2418 aliis
289 2389 416 2417 Christus
441 2393 468 2416 et
491 2389 563 2416 Deus
586 2395 614 2416 et
643 2389 724 2416 ltomo
749 2388 922 2421 declaratur;
947 2389 982 2415 ita

200 2436 284 2464 etiam
309 2436 336 2462 in
362 2435 414 2462 hoc
438 2435 497 2470 ipso
514 2433 651 2462 sermone.
669 2433 736 2461 Cum
761 2434 834 2461 enint
857 2433 983 2461 Christus

201 2481 254 2508 hoc
274 2480 352 2513 dicit,
367 2489 375 2506 ι
388 2479 515 2507 Ascendo
528 2479 562 2506 ad
579 2479 686 2506 Patrem
712 2486 801 2506 meum
827 2484 854 2506 et
874 2479 980 2506 Patrem

201 2530 334 2558 vestrum,
358 2535 368 2551 ι
396 2525 518 2552 ostendit
543 2532 638 2552 verum
663 2525 735 2552 illius
763 2525 870 2552 Patrem
897 2525 980 2552 Deutn

201 2580 272 2604 esse,
286 2575 314 2598 et
328 2571 467 2599 Christum
480 2571 602 2605 ejusdem
623 2577 682 2597 esse
696 2575 800 2597 naturae
812 2574 839 2597 et
853 2571 981 2597 substan-

200 2617 254 2645 tite.
272 2617 444 2651 Quapropter
468 2615 617 2643 distinetim
643 2615 735 2643 dixit:
763 2624 771 2641 ι
798 2615 925 2642 Aseendo
948 2615 981 2642 ad

201 2663 308 2690 Patrem
329 2669 431 2689 meum.
451 2671 460 2688 I
483 2662 511 2689 Si
536 2661 610 2689 enim
633 2661 690 2696 ipse
710 2661 771 2688 aliis
793 2661 982 2688 tantummodo

201 2707 300 2735 similis
314 2710 397 2739 esset,
415 2707 441 2734 in
456 2714 564 2741 genere
578 2706 648 2733 hanc
666 2706 833 2733 locutionem
852 2706 878 2733 in
893 2708 981 2741 prima

203 2761 320 2790 persona
334 2754 503 2789 protulisset,
529 2753 643 2781 dicens:
668 2751 794 2780 Ascendo
815 2752 849 2780 ad
872 2752 980 2779 Patrem

241 2841 262 2857 "
282 2841 352 2869 Psul.
375 2849 439 2874 mi,
463 2842 503 2869 l2.
542 2841 563 2856 “
583 2841 660 2869 Joan.
684 2849 738 2875 tm,
762 2840 803 2868 {5.

1033 1571 1139 1596 κυνεϊτε
1159 1569 1204 1595 τὸν
1220 1569 1287 1595 Θεόν
1311 1577 1361 1603 μου
1383 1569 1430 1595 καὶ
1449 1568 1515 1595 Θεὸν
1539 1567 1628 1603 ὑμῶν,
1649 1568 1696 1594 καὶ
1712 1568 1816 1602 Κύριον

1034 1623 1086 1649 μου
1112 1614 1158 1642 καὶ
1179 1614 1280 1650 Κύριον
1304 1614 1392 1649 ὑμῶν.
1409 1623 1418 1640 ι
1444 1614 1540 1648 Ἡμεῖς
1560 1612 1625 1646 γοῦν
1648 1612 1817 1648 προείπομεν

1033 1661 1098 1695 περὶ
1124 1660 1172 1687 τοῦ
1197 1661 1332 1695 Μωάμεθ,
1362 1660 1438 1691 ὅπως
1462 1659 1500 1693 πῆ
1517 1658 1566 1690 μὲν
1593 1658 1815 1693 ἀνερυϐριάστως

1033 1705 1108 1739 λέγει
1125 1705 1156 1732 τὸ
1169 1704 1276 1739 ψεῦδος,
1290 1705 1329 1739 πῆ
1347 1705 1375 1731 δὲ
1389 1705 1500 1739 μίγνυσι
1517 1705 1550 1739 τῇ
1566 1703 1679 1739 ἀληθείᾳ
1700 1703 1730 1729 τὸ
1751 1703 1818 1737 ψεῦο

1033 1751 1089 1783 δος,
1105 1752 1143 1783 ὡς
1164 1751 1211 1777 καὶ
1224 1751 1254 1778 ὲν
1273 1752 1306 1787 τῇ
1322 1750 1450 1786 παρούσῃ
1462 1749 1598 1782 ἀποδείξει
1615 1749 1731 1776 ἐκείνου.
1746 1749 1815 1775 Σκο-

1033 1797 1151 1831 πὸν-γὰρ
1166 1796 1267 1832 EOS-top
1279 1796 1323 1823 ἵνα
1338 1796 1408 1826 κατὰ
1423 1796 1514 1822 πᾶσαν
1533 1794 1615 1822 αὑτοῦ
1638 1795 1687 1829 τὴν
1699 1794 1816 1831 δύναμιν

1033 1841 1186 1878 καταπείσῃ
1204 1842 1249 1868 τὸν
1264 1841 1372 1868 ἀπαντα
1393 1841 1504 1876 κόσμον,
1522 1841 1569 1868 καὶ
1589 1840 1651 1867 οὔτε
1671 1841 1736 1867 Θεὸν
1750 1842 1818 1876 ὁμο-

1032 1887 1168 1922 λογήσωσι
1183 1887 1230 1914 τὸν
1257 1887 1386 1922 Χριστὸν,
1402 1886 1464 1913 οὔτε
1485 1886 1553 1914 Θεοῦ
1582 1886 1647 1913 Υίόν
1658 1894 1664 1901 ·
1680 1887 1725 1913 διὰ
1736 1884 1827 1914 τοῦτο’

1033 1934 1080 1960 καὶ
1096 1934 1166 1960 κατὰ
1182 1933 1213 1960 τὸ
1227 1934 1313 1968 παρὸν
1326 1933 1400 1967 λέγει
1422 1933 1492 1972 ἅπερ
1506 1933 1552 1959 καὶ
1567 1932 1650 1966 λέγει.
1670 1932 1753 1959 Ἀλλὰ
1767 1934 1816 1960 καὶ

1034 1978 1245 2014 προηγουμένως
1256 1979 1352 2013 ψεῦδός
1366 1980 1450 2010 ἐστιν,
1465 1979 1506 2005 ὅτι
1518 1978 1587 2012 πρὸς
1599 1977 1661 2010 τοὺς
1671 1978 1816 2010 Ἰουδαίους

1033 2021 1093 2050 εἷπε
1111 2023 1190 2050 τοῦτο
1209 2025 1222 2051 ὁ
1249 2024 1378 2059 Χριστός.
1396 2023 1528 2058 Δεύτερον
1552 2023 1575 2049 δ’
1599 2023 1640 2050 ὅτι
1666 2023 1721 2049 οὐδ’
1738 2020 1817 2054 οὗτός

1033 2070 1108 2095 ἐστιν
1120 2070 1134 2095 ό
1149 2068 1195 2095 τοῦ
1211 2068 1329 2103 Χριστοῦ
1347 2069 1438 2102 λόγος,
1456 2068 1525 2094 ἀλλὰ
1546 2067 1616 2102 μετά
1630 2068 1679 2102 τὴν
1697 2068 1816 2094 ἀνάστα-

1034 2123 1075 2141 σιν
1099 2113 1144 2141 διὰ
1165 2114 1215 2148 τὴν
1241 2113 1389 2147 μέλλουσαν
1413 2113 1488 2148 αὐτῷ
1514 2113 1655 2147 γεγονέναι
1683 2112 1819 2148 ἀνάληψιν

1033 2157 1093 2185 εἶπε
1111 2160 1165 2190 τοῖς
1186 2158 1322 2192 μαθηταῖς
1337 2157 1432 2191 αὑτοῦ,
1447 2158 1487 2184 ὅτι
1503 2167 1513 2183 ι
1525 2157 1676 2184 Ἀναϐαίνω
1692 2156 1760 2193 πρὸς
1770 2158 1816 2183 τὸν

996 2191 1142 2239 ιδιἸσιτέρα
1159 2191 1209 2238 μου
1224 2191 1270 2230 καὶ
1288 2204 1398 2238 Πατέρα
1423 2203 1509 2238 ὑμῶν,
1534 2203 1581 2229 καὶ
1602 2202 1669 2229 Θεόν
1694 2191 1746 2236 μου
1770 2202 1818 2229 καὶ

1032 2250 1099 2277 Θεὸν
1116 2250 1203 2285 ὑμῶν.
1226 2259 1235 2276 ι
1255 2249 1311 2277 Καὶ
1332 2249 1432 2284 μᾶλλον
1455 2249 1551 2283 ὥσπερ
1567 2249 1612 2275 ἐπὶ
1636 2247 1743 2274 πολλῶν
1760 2248 1819 2274 ἑτέ-

1035 2304 1089 2330 ρων
1103 2296 1116 2321 ό
1133 2294 1251 2330 Χριστὸς
1265 2295 1446 2328 ἀναφαίνεται
1461 2294 1528 2324 Θεός
1550 2302 1580 2319 τε
1602 2293 1650 2320 καὶ
1663 2294 1818 2328 ἄνθρωπος,

1033 2341 1105 2368 οὕτω
1120 2340 1167 2367 καὶ
1190 2340 1236 2366 ἐπὶ
1256 2339 1304 2366 τοῦ
1320 2339 1400 2373 λόγου
1416 2339 1523 2366 τούτου.
1546 2338 1591 2365 Ἐν
1607 2339 1661 2373 γὰρ
1675 2338 1715 2373 τῷ
1730 2339 1819 2365 είπεῖν

1034 2387 1127 2414 τοῦτον
1143 2386 1187 2413 τὸν
1210 2385 1339 2420 Χριστὸν,
1353 2385 1394 2411 δτι
1413 2393 1423 2410 ι
1450 2383 1601 2411 Ἀναῦαἱνω
1619 2383 1686 2418 πρὸς
1702 2384 1748 2409 τὸν
1762 2384 1819 2410 Πα-

1034 2433 1102 2467 τέρα
1119 2441 1171 2467 μου
1186 2431 1234 2458 καὶ
1259 2431 1368 2466 Πατέρα
1393 2429 1481 2465 ὑμῶν,
1498 2439 1506 2455 ι
1524 2429 1624 2462 ἔδειξεν
1647 2429 1688 2455 ὅτι
1705 2429 1819 2463 γνήσιος

1037 2477 1128 2512 Πατὴρ
1147 2476 1228 2503 αὑτοῦ
1247 2477 1319 2503 ἐστιν
1332 2477 1346 2502 ό
1364 2475 1441 2507 Θεὸς,
1457 2475 1504 2501 καὶ
1524 2475 1572 2509 τῆς
1592 2474 1687 2505 οὐσίας
1704 2475 1751 2500 καὶ
1768 2474 1821 2508 φὺ-

1035 2531 1105 2555 σεως
1125 2522 1207 2549 αὐτοῦ
1224 2522 1298 2548 ἐστιν
1314 2522 1328 2548 ὁ
1345 2521 1474 2555 Χριστός.
1498 2520 1552 2546 Καὶ
1576 2520 1619 2546 διὰ
1637 2519 1716 2546 τοῦτο
1731 2528 1820 2554 κεχωο

1036 2568 1172 2603 ρισμένως
1195 2565 1272 2594 εἶπεν
1293 2567 1334 2593 ὅτι
1351 2575 1360 2592 ι
1386 2565 1534 2593 Ἀναὸαίνω
1556 2566 1625 2600 πρὸς
1645 2565 1690 2591 τὸν
1708 2565 1820 2599 Πιτέρα

1036 2623 1097 2649 μου.
1117 2623 1125 2640 ο
1145 2614 1174 2640 Εἰ
1187 2613 1241 2648 γὰρ
1252 2612 1289 2644 ὡς
1303 2610 1342 2643 εἷς
1360 2612 1414 2638 τῶν
1429 2611 1534 2638 πολλῶν
1548 2611 1690 2646 εὑρίσκετο
1710 2611 1756 2636 καὶ
1769 2611 1819 2636 αὺ-

1033 2661 1089 2694 τὸς,
1104 2660 1201 2691 κοινῶς
1217 2659 1255 2691 ὡς
1269 2659 1315 2685 ἐπὶ
1331 2657 1441 2693 πρώτου
1456 2656 1604 2692 προσώπου
1620 2657 1717 2692 ἔμελλε
1731 2665 1819 2691 προσ-

1035 2706 1128 2740 φέρειν
1141 2706 1186 2732 τὸν
1197 2705 1286 2739 λόγον,
1301 2705 1349 2731 καὶ
1362 2704 1449 2733 είπεῖν
1465 2703 1515 2729 ὅτι·
1527 2702 1678 2729 Ἀναϐαίνω
1691 2702 1758 2737 πρὸς
1772 2702 1819 2728 τὸν

1036 2751 1143 2787 Πατέρα
1157 2750 1246 2787 ἡμῶν.
1263 2750 1300 2777 Τὸ
1316 2749 1338 2777 δ’
1356 2748 1426 2776 οὕτω
1441 2748 1653 2784 κεχωρισμένως
1668 2748 1757 2774 εἰπεῖν
1773 2746 1814 2780 τὸ,

842 2841 864 2857 ⁸⁸
883 2841 960 2869 Joan.
984 2849 1028 2874 xx,
1052 2841 1092 2868 l7.
