1949 3093
104 149 158 182 669

579 153 730 184 CONTRA
749 153 991 184 MAHOMETEM
1011 153 1153 184 ORATIO
1173 154 1231 185 Ill.

1668 155 1722 187 670

110 203 260 232 Ἀναϐαίνω
275 205 343 240 πρὸς
364 206 409 233 τὸν
421 206 529 242 Πατέρα
547 217 611 242 μου,
627 210 673 237 ἐπὶ
686 209 796 244 πρώτου
808 217 884 244 προσ-

943 213 1075 236 nostrum.
1101 210 1169 237 Cum
1194 217 1260 237 vero
1285 209 1435 237 distinctior
1452 209 1544 237 dicat:
1569 219 1579 236 ι
1597 209 1723 238 Asoondo

103 249 190 282 ὡπου,
214 247 273 276 εἷτα
301 250 349 277 καὶ
373 251 482 286 Πατέρα
512 253 600 287 ὑμῶν,
616 254 654 285 ὡς
679 254 726 281 ἐπὶ
747 255 886 290 δευτέρου,

103 296 214 327 πάντως
224 295 300 322 οὐδὲν
315 295 409 330 ιτερον
424 297 547 333 εῐρηκεν,
559 299 614 326 οὐδ’
630 300 696 327 ἄλλο
709 301 852 336 ἐδήλωσεν,
869 301 885 336 ἢ

101 341 144 369 δτι
157 341 238 373 αὐτὸς
256 342 306 377 μὲν
321 343 335 368 ὁ
353 343 471 378 Χριστὸς
485 343 564 378 φύσει
576 345 651 372 ἐστὶν
665 345 729 378 Υίὸς
743 347 789 373 τοῦ
805 347 886 379 Θεοῦ,

102 386 128 413 οί
143 387 167 413 δ’
192 387 268 415 ἄλλοι
292 388 392 420 πάντες
415 389 509 424 χάριτι
523 398 531 405 ·
547 390 585 421 ὡς
608 391 650 424 τὸ,
679 400 688 417 ι
712 391 783 425 Ἐγὼ
810 390 885 425 εῐπα,

105 432 168 458 Θεοί
180 433 241 460 ἐστε
252 433 300 461 καὶ
315 433 502 469 υίοὶὟψίστου
515 436 627 468 πάντες.
645 445 655 462 ι
675 437 727 464 Τὸν
743 438 824 464 αὑτὸν
840 438 886 464 καὶ

103 477 197 511 ὅμοιον
221 478 321 514 τρόπον
346 479 442 513 ἐδήλου
459 480 507 507 καὶ
527 481 558 507 τὸ
575 490 585 507 r
605 481 671 508 Θεόν
688 490 740 516 μου
756 483 802 510 καὶ
819 483 886 509 Θεὸν

103 522 191 557 ὑμῶν,
208 531 218 548 ι
237 524 291 550 Καὶ
304 524 346 551 ὅτι
361 524 411 559 μὲν
431 525 469 556 ὼς
485 525 626 560 ἄνθρωπος
635 528 730 561 εἴρηκε
743 527 774 554 τὸ
790 537 802 557 ι
818 528 885 555 Θεόν

103 575 167 602 μου,
186 577 196 594 ι
214 569 294 596 παντί
308 577 359 597 που
373 569 454 603 δῆλον
465 579 473 587 ο
488 571 548 597 ἀλλ’
572 571 626 598 οὐδ’
643 572 708 599 αὐτὸ
728 572 828 607 ὁμοίως
848 573 886 605 ὡς

103 614 205 646 πάντες
230 615 382 651 ἄνθρωποι.
409 616 455 647 Et;
475 617 529 651 γὰρ
553 617 657 649 πάντας
673 617 769 652 ἁγίους
782 618 887 653 ἀνθρώ-

104 667 173 690 πους
199 660 269 686 κατὰ
286 660 367 695 χάριν
391 660 500 693 λέγεται
514 662 529 688 ό
545 661 610 694 Θεὸς
624 662 691 693 Θεὸς
706 663 798 690 αὐτῶν
810 671 818 679 ·
847 663 885 695 ὡς

101 701 168 730 ὅταν
183 703 296 738 λέγηται
306 703 374 735 Θεὸς
396 704 523 740 ’Δσραὰμ
535 706 584 733 καὶ
604 707 697 734 Ἰσαὰκ
712 708 760 734 καὶ
774 707 885 740 Ἰακὼ6,

101 748 150 774 καὶ
164 748 219 774 τῶν
244 748 346 782 ὁμοίων
362 749 464 782 αὒτοῖς.
479 751 534 777 Καὶ
555 751 610 787 γὰρ
632 753 766 788 πρότερον
783 753 886 789 καθαρ-

103 793 196 824 θέντες
222 795 270 822 κο.)⁸
284 793 481 829 ἀπονιψάμενοι
495 796 544 827 τὰς
570 797 639 829 ίδίας
665 789 812 833 ἁμαρτίας,
839 800 885 825 καὶ

102 834 246 873 γενόμενοι
272 839 358 875 σκεύη
383 840 474 872 ἐλέους
489 840 584 868 ἔκτοτε
608 842 731 878 δέχονται
757 843 805 879 τὴν
836 844 883 871 τοῦ

104 883 174 910 Θεοῦ
186 884 277 919 χάριν,
295 885 343 916 καὶ
357 885 478 919 γίνονται
490 887 543 913 υίοὶ
565 887 645 920 Θεοῦ,
661 889 707 916 καὶ
721 889 885 922 ὀνομάζεται

102 928 117 954 ὁ
134 927 200 959 Θεὸς
211 928 278 960 Θεὸς
293 929 394 957 αὐτῶν.
404 930 465 957 Ἐπὶ
476 930 504 957 δὲ
519 930 567 958 τοῦ
581 931 702 966 Χριστοῦ
715 933 764 968 οὐχ
777 932 865 965 οὕτως
875 941 884 950 ⁸

102 973 170 1001 ἀλλὰ
184 974 278 1009 Πατὴρ
291 975 375 1002 αὑτοῦ
386 975 495 1010 λέγεται
506 977 520 1003 ὀ
534 976 610 1008 Θεὸς,
619 977 686 1004 διότι
705 978 822 1014 γέννημα
835 979 885 1014 τῆς

104 1019 277 1052 ὑποστάσεως
292 1020 339 1047 τοῦ
352 1021 457 1056 Πατρός
468 1022 536 1054 ἐστι,
550 1022 596 1048 καὶ
610 1022 659 1057 μία
674 1025 763 1057 φύσις,
776 1025 823 1051 καὶ
837 1025 885 1059 μία

101 1063 192 1096 οὐσία,
201 1065 247 1092 καὶ
260 1065 366 1100 θεότης,
377 1067 424 1093 καὶ
434 1066 548 1101 δύναμις
560 1068 665 1102 Πατρὸς
676 1069 722 1095 καὶ
738 1069 801 1096 Υιοῦ
812 1071 881 1098 ἐστι.

101 1110 169 1142 Θεὸς
183 1111 212 1138 δὲ
226 1111 274 1137 τοῦ
290 1112 409 1146 Χριστοῦ
422 1112 531 1147 λέγεται
542 1114 586 1141 διὰ
597 1114 646 1150 τὴν
658 1114 718 1141 καθ’
735 1115 884 1143 ὑπόστασιν

102 1154 201 1182 ἕνωσιν
213 1156 261 1183 τοῦ
275 1157 339 1184 Υίοῦ
356 1158 393 1192 τῷ
408 1158 614 1193 προσλήμματι,
628 1159 688 1194 οὐχὶ
703 1159 730 1185 δὲ
743 1161 811 1188 κατὰ
822 1162 884 1193 τοὺς

102 1201 207 1235 ἁγίους.
227 1202 282 1229 Καὶ
295 1203 340 1229 διὰ
355 1203 434 1230 τοῦτο
447 1201 507 1231 εἷπε
523 1205 569 1232 καὶ
598 1207 663 1240 περὶ
678 1207 773 1234 τούτου
795 1216 883 1243 κεχω-

102 1247 239 1282 ρισμένως
252 1249 293 1282 τὸ,
316 1258 325 1274 ι
349 1250 500 1277 Ἀναϐαίνω
528 1251 596 1286 πρὸς
620 1252 666 1278 τὸν
680 1253 745 1281 Θεόν
767 1262 818 1289 μου
834 1254 883 1281 καὶ

101 1292 168 1319 Θεὸν
186 1293 274 1327 ὑμῶν.
290 1303 300 1320 ι
319 1294 432 1326 Βλέπεις
449 1295 507 1327 πῶς
523 1297 614 1323 καὶτὰ
625 1297 756 1325 δοκοῦντα
768 1299 883 1326 ταπεινὰ

101 1337 148 1363 ἐπὶ
167 1338 214 1364 τοῦ
231 1338 350 1372 Χριστοῦ
368 1339 457 1373 μέγαν
479 1340 527 1366 καὶ
547 1341 675 1374 ὑπερφυᾶ
691 1343 738 1370 καὶ
762 1343 883 1374 ἐξαίσιον

101 1382 159 1417 ἔχει
175 1384 221 1411 τὸν
235 1384 317 1417 νοῦν;
335 1384 430 1412 Τοίνυν
445 1386 475 1418 ἐξ
496 1386 596 1418 αὐτῶν,
612 1384 649 1414 ὧν
665 1389 679 1415 ὸ
701 1388 752 1422 μὲν
767 1389 883 1423 Χριστὸς

101 1430 191 1460 καλῶς
214 1430 336 1465 εἴρηκεν,
353 1431 367 1457 ὁ
391 1431 420 1457 δὲ
437 1431 559 1466 Μωάμεθ
581 1433 674 1464 κακῶς
699 1434 882 1470 προσέφερεν,

101 1474 279 1509 ἀναφαίνεται
292 1477 305 1503 ό
318 1476 435 1512 Χριστὸς
455 1477 521 1508 Θεός
535 1485 564 1504 τε
577 1478 624 1504 καὶ
638 1478 790 1514 ἄνθρωπος.

937 255 970 282 ad
988 255 1095 283 Patrem
1111 263 1212 287 meum,
1228 265 1238 282 ›
1251 255 1277 282 in
1294 255 1382 290 prima
1397 263 1526 291 persona,
1545 255 1656 288 deinde,
1671 266 1680 283 ι
1695 263 1723 284 et

936 304 1040 335 patrem
1068 306 1199 332 vestrum,
1220 309 1229 326 ι
1246 301 1323 334 quasi
1351 301 1377 327 in
1404 301 1535 332 secunda,
1551 300 1618 327 nihil
1648 301 1721 328 aliud

936 345 1049 372 omnino
1065 345 1144 377 dixit.
1168 353 1219 372 ncc
1246 345 1319 372 aliud
1354 345 1517 377 signiﬁcavit
1542 353 1622 380 quam
1649 348 1721 380 quod

937 389 995 424 ipse
1022 389 1148 417 Christus
1174 394 1271 416 natura
1301 389 1337 416 sit
1371 390 1415 417 Dei
1449 390 1554 417 Filius:
1583 391 1628 417 alii
1656 398 1722 418 vero

936 441 1042 466 omnes,
1057 434 1150 469 gratia.
1171 434 1249 462 Sicut
1261 438 1289 461 et
1304 435 1388 461 illud:
1407 444 1416 461 ι
1431 435 1487 470 Ego
1504 435 1571 467 dixi,
1588 436 1630 463 Dii
1645 438 1721 468 estis,

936 485 963 508 et
976 488 1077 515 omnes,
1087 480 1133 508 lilii
1143 480 1274 508 Altissimi
1287 481 1321 507 ⁸⁸.
1335 490 1343 506 ι
1363 481 1495 508 Eumtlem
1512 481 1593 515 igitur
1602 482 1722 509 similem

936 526 1047 553 modum
1065 525 1118 552 hoc
1148 529 1236 557 notat.
1255 535 1264 550 ι
1286 525 1372 552 Deum
1395 533 1485 552 meum
1512 530 1539 552 et
1561 525 1645 553 Deum
1674 534 1722 552 ve-

936 575 1035 599 strum.
1056 580 1065 597 »
1090 571 1123 598 Ει
1141 571 1213 606 quod
1236 578 1286 598 ceu
1302 571 1385 598 homo
1409 571 1461 598 hoc
1483 570 1591 602 dixerit,
1612 580 1620 596 I
1637 571 1721 598 Deum

935 625 1038 649 meum,
1058 626 1068 643 ι
1090 624 1138 652 per
1158 616 1250 644 omnia
1264 617 1367 644 clarum
1382 621 1432 644 est.
1452 617 1552 644 Verum
1568 624 1655 651 neque
1671 617 1722 644 hoc

936 661 1061 690 similiter
1086 666 1115 690 ut
1138 669 1234 689 omnes
1260 661 1385 689 homines
1416 661 1495 689 dixit.
1529 661 1566 689 De
1593 662 1722 688 omnibus

935 707 1008 734 enim
1024 707 1125 734 sanctis
1142 706 1300 734 hominibus
1320 706 1431 738 dicitur,
1458 706 1543 734 Deum
1558 714 1619 734 esse
1632 706 1717 733 Deum

935 752 1068 788 ipsorum,
1094 760 1143 787 per
1167 752 1282 787 gratiam
1304 752 1430 779 scilicet:
1460 756 1490 779 ut
1514 759 1577 779 cum
1606 750 1721 785 dicitur,

938 806 947 823 ι
966 799 1036 826 Deus
1053 797 1201 832 Abraham,
1218 797 1292 825 Isaac
1302 802 1328 824 et
1343 797 1438 830 Jacoh,
1458 806 1467 823 ι
1488 802 1515 824 et
1526 797 1569 824 his
1579 797 1721 824 similium.

935 843 1016 871 Prius
1032 844 1105 870 enim
1123 843 1247 870 mundati
1268 847 1297 870 et
1311 843 1397 870 abluti
1420 850 1437 870 a
1456 843 1575 877 propriis
1589 843 1720 878 peccatis,

936 892 964 916 et
975 888 1171 916 misericordia:
1192 895 1255 915 vasa
1269 888 1347 923 lacti,
1360 887 1477 923 gratiam
1492 888 1542 915 Dei
1556 888 1719 923 suscipiunt,

934 938 964 962 et
985 933 1032 961 ﬂlii
1048 934 1095 961 Dei
1119 933 1282 966 redduntur,
1298 933 1424 967 Deusque
1446 933 1554 960 illorum
1570 933 1642 960 Deus
1660 940 1720 960 esse

935 978 1046 1006 dicitur.
1071 978 1099 1004 In
1114 977 1223 1005 Christo
1236 981 1328 1005 autem
1343 984 1397 1004 non
1419 976 1470 1010 sic,
1491 976 1539 1004 sed
1554 977 1626 1004 Deus
1642 977 1721 1004 Pater

935 1024 1009 1051 illius
1023 1030 1084 1050 esse
1102 1023 1216 1050 dicitur.
1233 1022 1407 1058 Quapropter
1429 1022 1521 1057 proles
1543 1029 1578 1050 ex
1604 1029 1720 1057 persona

934 1068 1022 1097 Patris
1033 1072 1085 1100 est,
1104 1073 1132 1095 et
1143 1075 1195 1095 una
1212 1072 1322 1100 natura,
1338 1075 1391 1095 una
1406 1067 1573 1100 substantia,
1587 1067 1719 1094 divinitas

934 1118 962 1141 et
975 1114 1097 1148 potentia
1121 1113 1210 1141 Patris
1231 1117 1273 1141 est
1299 1118 1327 1140 et
1346 1113 1419 1140 Filii.
1437 1113 1510 1140 Deus
1533 1119 1598 1139 vero
1618 1111 1719 1139 Christi

933 1167 997 1187 esse
1022 1159 1134 1191 dicitur.
1160 1164 1273 1193 propter
1299 1159 1429 1186 unionem
1458 1158 1595 1186 Filiicum
1624 1158 1719 1185 eodem

934 1210 1113 1241 cognomento
1128 1204 1280 1231 secundum
1295 1204 1486 1237 susbtantiam,
1501 1211 1557 1231 non
1570 1203 1719 1230 secundum

933 1260 1088 1284 sanctorum
1101 1254 1337 1282 consuetudinem.
1351 1253 1440 1286 Quare
1454 1254 1535 1281 etiam
1545 1253 1579 1281 de
1592 1253 1645 1281 hoc
1659 1253 1719 1280 dis—

933 1301 1038 1328 tinctim
1061 1299 1130 1327 dixit
1150 1308 1157 1326 :
1175 1308 1185 1324 ι
1203 1298 1328 1326 Ascendo
1340 1298 1374 1325 ad
1387 1298 1473 1326 Deum
1486 1305 1577 1325 meum
1589 1302 1617 1325 et
1631 1298 1717 1325 Deum

933 1351 1090 1375 vestrum.)
1117 1345 1211 1377 Vides,
1238 1343 1375 1379 quomodo
1399 1351 1431 1371 ea
1455 1351 1516 1378 quze
1551 1343 1664 1372 humilia
1691 1343 1720 1370 in

932 1391 1044 1420 Christo
1060 1395 1134 1422 sunt.
1151 1396 1262 1418 sensum
1277 1389 1377 1417 habent
1387 1396 1526 1424 magnum,
1543 1389 1673 1416 eximium
1693 1392 1721 1415 et

932 1436 1142 1466 admirandum?
1159 1436 1199 1465 Ex
1222 1436 1265 1463 his
1292 1435 1450 1471 ergo,‘jquze
1468 1435 1592 1463 Christus
1612 1434 1720 1469 quidem

933 1485 1004 1512 bene
1036 1484 1144 1510 locutus
1169 1487 1222 1513 est.
1247 1481 1317 1509 male
1355 1488 1420 1508 vero
1449 1480 1542 1508 citavit
1569 1480 1718 1512 Manomet,

894 1531 915 1561 C
931 1534 1038 1559 constat
1048 1529 1190 1557 Christum
1208 1527 1294 1554 Deum
1310 1533 1371 1553 esse
1386 1530 1414 1553 et
1428 1525 1580 1553 hominem.

137 1577 168 1606 s'.
184 1579 245 1605 Ἔτι
272 1579 395 1614 ἀρνεῖται
413 1579 462 1614 μὲν
478 1580 492 1606 ὁ
508 1579 631 1615 Μωάμεθ
648 1580 678 1607 τὸ
697 1580 742 1608 τὸν
764 1579 882 1616 Χριστὸν

102 1624 167 1651 Υἱὸν
180 1622 250 1651 ιῐναι
265 1624 331 1650 Θεοῦ
349 1625 394 1651 καὶ
407 1625 472 1651 Θεόν
482 1633 490 1642 ο
502 1626 626 1660 ἀρνεῖται
637 1625 666 1652 δὲ
680 1626 728 1653 καὶ
740 1626 780 1652 δτι
798 1626 883 1660 ἐσαρ-

103 1668 188 1702 κώθη.
211 1668 290 1694 Ἀλλὰ
306 1667 382 1703 ψιλὸν
396 1669 475 1703 μένον
490 1668 632 1703 ἄνθρωπον
645 1669 803 1702 λέγει,κατὰ
824 1669 882 1695 Νε-

102 1713 217 1748 στύριον,
240 1712 287 1739 καὶ
321 1713 353 1739 ὲκ
376 1713 510 1747 παρθένου
545 1713 733 1748 γεγεννῆσθαι,
762 1713 839 1747 ἅγιον
856 1714 884 1740 δὲ

103 1759 174 1793 ὑπὲρ
189 1759 294 1789 πάντας
309 1758 480 1794 ἀνθρώπους,
497 1759 544 1785 καὶ
566 1759 658 1793 σοφὸν,
676 1758 724 1785 καὶ
744 1759 884 1795 προφήτην

102 1805 216 1839 μείζονα
240 1804 349 1831 πάντων
372 1804 426 1830 τῶν
446 1804 605 1840 προφητῶν.
623 1805 676 1830 Καὶ
692 1805 781 1840 ῥητῶς
797 1805 886 1839 ὑπερ-

102 1850 246 1885 άνθρωπον
269 1851 363 1876 τοῦτον
377 1850 464 1881 καλεῖ,
477 1850 543 1877 Θεὸν
560 1850 588 1877 δὲ
603 1850 649 1877 καὶ
668 1850 734 1876 Θεοῦ
757 1851 820 1876 Υἱὸν
839 1850 885 1876 οὐ·

101 1894 205 1929 δαμῶς.
222 1894 299 1922 Ἐπεὶ
316 1894 382 1927 γοῦν
394 1895 410 1928 ἡ
424 1895 500 1921 πᾶσα
517 1896 694 1929 πραγματεὶα
706 1894 755 1928 τῆς
768 1903 796 1920 τε
811 1894 886 1929 πρώ-

100 1948 151 1974 της
165 1940 210 1966 καὶ
230 1939 358 1974 δευτέρας
373 1940 420 1965 καὶ
435 1939 529 1974 τρίτης
542 1935 690 1973 ἀπολογίας
708 1939 787 1965 τοῦτό
800 1940 883 1972 ἔστιν,

101 1986 144 2012 ἵνα
160 1985 264 2020 δειχθῇ,
279 1986 352 2016 ὅπως
366 1986 379 2012 ὁ
391 1985 507 2019 Χριστὸς
520 1984 586 2016 Θεὸς
598 1986 644 2011 καὶ
655 1984 722 2010 Θεοῦ
739 1985 802 2015 Υἱός
814 1985 884 2016 ἐστι,

102 2031 151 2058 καὶ
165 2031 239 2059 ὅπως
257 2030 324 2062 Θεὸς
341 2031 380 2057 ὢν
396 2030 441 2057 ἐπ’
453 2031 575 2065 ἐσχάτων
594 2030 648 2056 τῶν
669 2029 780 2064 ἡμερῶν
794 2030 884 2056 nam

102 2077 135 2102 ὲκ
153 2077 202 2111 τῆς
220 2076 300 2110 ἁγίας
319 2076 458 2111 Παρθένου
483 2076 584 2110 σάρκα,
595 2075 704 2109 ἐγένετο
720 2075 821 2107 τέλειος
836 2075 883 2102 ἄν·

102 2122 223 2156 Θρωπος,
238 2121 332 2156 ὥσπερ
348 2123 396 2148 καὶ
414 2121 517 2152 τέλειος
533 2121 609 2153 Θεὸς,
626 2120 755 2154 περιττὸν
770 2121 816 2146 καὶ
834 2128 886 2146 πα-

102 2168 199 2202 ρέλκων
226 2168 299 2194 δοκεῖ
322 2168 365 2194 ἶνα
381 2168 428 2194 καὶ
444 2167 522 2198 αὖθις
543 2167 576 2193 τὰ
601 2166 670 2193 αὐτὰ
683 2166 883 2200 ἐπιχειρῶμεν·
899 2173 902 2177 ·

972 1576 999 1604 5.
1012 1575 1098 1610 Negat
1130 1578 1262 1608 praeterea
1295 1571 1430 1600 Hahomet
1461 1571 1599 1599 Christum
1623 1571 1720 1598 Filium

935 1622 983 1650 Dei
995 1627 1056 1649 esse
1071 1623 1099 1648 et
1118 1619 1215 1650 Deum,
1230 1621 1310 1652 negat
1321 1617 1403 1644 etiam
1415 1615 1487 1651 quod
1502 1616 1659 1643 incarnatus
1673 1616 1718 1647 sit,

936 1666 1041 1694 nudum
1070 1671 1135 1692 vero
1164 1662 1230 1690 dicit
1257 1662 1396 1689 hominem
1427 1662 1575 1689 secundum
1603 1661 1720 1689 Nestorii

937 1710 1112 1741 sententiam,
1130 1713 1160 1736 et
1180 1715 1214 1735 ex
1233 1707 1337 1742 virgine
1362 1712 1456 1734 natum
1482 1716 1489 1733 :
1517 1707 1719 1735 sanctissimum

936 1763 1002 1785 vero
1014 1762 1073 1784 esse
1087 1753 1210 1782 omnium
1223 1752 1376 1785 hominum,
1389 1751 1550 1787 sapientem.
1559 1757 1587 1779 et
1599 1751 1718 1787 prophe-

938 1807 994 1831 tam
1008 1801 1132 1830 omnium
1145 1799 1340 1835 prophetarum
1361 1798 1517 1825 maximum.
1534 1797 1568 1824 Et
1580 1797 1720 1825 manifeste

937 1849 1012 1876 hunc
1028 1845 1186 1875 hominibus
1204 1844 1427 1872 excellentiorem
1454 1851 1514 1871 esse
1529 1843 1606 1876 dicit,
1633 1843 1717 1870 Deum

937 1900 1002 1921 vero
1019 1893 1120 1927 Deique
1131 1890 1228 1919 Filium
1244 1897 1300 1917 non
1317 1897 1388 1918 esse.
1399 1888 1470 1928 Cum
1490 1889 1581 1923 itaque
1594 1887 1720 1915 universa

937 1938 1065 1967 secundas
1085 1942 1113 1965 et
1130 1937 1217 1965 tertiae
1229 1935 1366 1971 Apologia:
1383 1936 1507 1962 tractatio
1524 1934 1550 1961 in
1564 1934 1615 1961 hoc
1629 1941 1719 1961 verse-

939 1989 992 2017 tur,
1009 1988 1039 2012 ut
1056 1982 1226 2014 ostendatur,
1246 1981 1387 2009 Christum
1410 1985 1438 2008 et
1453 1980 1536 2007 Deum
1556 1988 1616 2007 esse
1632 1984 1660 2007 et
1671 1979 1719 2006 Dei

936 2029 1047 2062 Filium,
1061 2033 1089 2056 et
1106 2027 1180 2063 quod
1197 2027 1270 2054 Deus
1287 2026 1423 2054 exsistens
1444 2025 1574 2054 extremis
1589 2024 1720 2059 tempori-

938 2072 989 2099 bus
1001 2079 1034 2099 ex
1047 2075 1141 2099 sancta
1153 2070 1264 2105 Virgine
1284 2074 1422 2105 assumpta
1435 2077 1517 2097 carne
1535 2070 1616 2096 homo
1633 2069 1721 2096 factus

912 2112 914 2117 ’
937 2117 973 2144 sit
987 2115 1135 2151 perfectus,
1146 2114 1375 2149 quemadmodum
1387 2118 1414 2141 et
1424 2114 1505 2141 homo
1516 2113 1652 2148 perfectus
1661 2117 1718 2145 est;

938 2168 1171 2196 supervacaneum
1193 2163 1222 2187 et
1244 2159 1324 2187 nimis
1341 2159 1451 2194 longum
1476 2159 1584 2186 videtur
1609 2159 1676 2192 fore,
1698 2160 1720 2187 si

100 2214 190 2240 ἐκεῖσε
205 2213 260 2248 γὰρ
276 2213 381 2247 τρανῶς
393 2212 579 2239 ἀποδέδεικται
604 2212 618 2237 ὁ
639 2211 756 2246 Χριστὸς
773 2211 839 2242 Θεό;
852 2219 882 2237 τε

939 2208 1033 2234 eadem
1055 2213 1150 2234 rursus
1172 2204 1393 2240 aggrederemur.
1417 2204 1475 2232 lilic
1491 2205 1563 2232 enim
1579 2205 1723 2232 manifes‘e

101 2259 152 2285 καὶ
164 2258 318 2292 ἄνθρωπος.

142 2343 181 2377 ς’.
194 2345 255 2371 Ἐτι
271 2344 385 2379 φησὶννὸ
408 2342 529 2378 Μωάμεθ
549 2341 587 2376 μὴ
611 2341 663 2368 ὑπὸ
677 2341 731 2369 τῶν
750 2341 885 2369 Ἰουδαίων

104 2391 151 2417 τὸν
177 2391 294 2426 Χριστὸν
323 2389 508 2423 ἀναιρεθῆναι,
525 2388 593 2422 μήτε
606 2387 804 2423 σταυρωθῆναι,
819 2387 886 2416 ἀλλά

103 2444 167 2462 τινα
175 2435 268 2469 ἕτερον
277 2434 373 2469 ἐκείνῳ
381 2435 484 2468 ὅμοιον,
496 2433 542 2460 καὶ
551 2433 622 2461 κατὰ
635 2433 786 2467 φαντασίαν
799 2433 885 2460 ἐδόκει

103 2483 150 2508 τὸν
174 2481 292 2516 Χριστὸν
318 2479 518 2514 ἐσταυρῶσθαι,
540 2479 703 2514 Μανιχαίοις
719 2479 884 2506 ἀκολουθῶν.

103 2529 211 2559 Ὠσπερ
231 2527 284 2562 γὰρ
307 2525 465 2557 σπουδάζων
491 2525 648 2559 εὑρίσκεται
678 2525 770 2551 πεῖσαι
798 2524 886 2550 πάντα

103 2574 247 2609 ἄνθρωπον
271 2572 334 2603 οὔτε
362 2572 428 2598 Θεὸν
444 2571 507 2598 οὔτε
530 2571 597 2598 Θεοῦ
612 2571 676 2597 Υἱὸν
691 2570 821 2602 δέξασθαι
838 2570 885 2596 τὸν

103 2620 235 2655 Χριστὸν,
249 2619 321 2645 οὕτω
337 2618 385 2644 καὶ
397 2618 473 2653 πάσῃ
483 2617 593 2651 δυνάμει
608 2617 765 2649 σπουδάζει,
782 2616 825 2642 ἵνα
838 2616 886 2642 καὶ

102 2665 154 2699 ’τὴν
166 2665 297 2698 ἐνσαρκον
311 2662 407 2688 τούτου
423 2661 578 2696 οἰκονομίαν
591 2661 740 2696 ἀνατρέψῃ.
756 2660 823 2687 ἀλλὰ
838 2661 885 2687 καὶ

104 2711 150 2736 τὸν
167 2709 271 2736 ἐκείνου
295 2707 422 2734 θάνατον.
439 2706 534 2740 Ἡμεῖς
551 2706 616 2738 γοῦν
634 2707 681 2733 καὶ
701 2706 765 2740 περὶ
787 2705 883 2732 τούτου

103 2755 219 2789 εἴπομεν
234 2754 262 2779 ὲν
278 2754 311 2789 τῇ
331 2753 446 2787 δευτέρᾳ
469 2751 612 2787 ἀπολογίᾳ,
636 2752 683 2779 καὶ
702 2751 884 2786 ἀπεδείξαμεν

142 2833 164 2848 ⁵⁵
186 2832 256 2861 l’sal.
278 2839 370 2863 Lxxxt.
390 2831 416 2860 6.

938 2252 1154 2280 demonstratum
1175 2254 1227 2284 est,
1243 2250 1383 2279 Christum
1401 2255 1428 2279 et
1447 2249 1532 2278 Deum
1545 2257 1605 2277 esse
1623 2254 1651 2277 et
1673 2250 1722 2276 ho-

937 2298 1049 2325 minem.

973 2343 999 2371 6.
1026 2343 1144 2370 Rursum
1158 2341 1224 2369 dicit
1244 2341 1397 2373 Mahomet.
1415 2349 1469 2368 non
1485 2341 1624 2369 Christum
1640 2349 1654 2367 a
1675 2341 1722 2369 Ju-

938 2388 1005 2415 dazis
1020 2387 1142 2414 occisum
1154 2391 1183 2414 et
1200 2386 1360 2414 cruciﬁxum
1376 2393 1447 2420 esse,
1461 2386 1508 2414 sed
1529 2386 1611 2414 alium
1627 2394 1721 2422 quem-

938 2435 999 2463 dam
1015 2433 1053 2460 illi
1075 2432 1191 2460 similem
1209 2440 1217 2460 :
1233 2436 1261 2460 et
1275 2432 1347 2467 quod
1360 2440 1409 2467 per
1428 2432 1649 2467 imaginationem
1669 2432 1720 2459 fal-

937 2487 996 2507 sam
1027 2479 1160 2512 videatur,
1185 2477 1324 2507 Christum
1355 2485 1415 2506 esse
1439 2477 1610 2508 cruciﬁxum.
1635 2477 1723 2505 Mani-

939 2526 1075 2554 chmorum
1092 2525 1249 2560 opinionem
1268 2528 1388 2552 secutus.
1415 2524 1649 2557 Quemadmodum
1668 2524 1721 2550 hoc

936 2571 996 2606 ejus
1013 2569 1135 2597 studium
1151 2577 1211 2597 esse
1226 2570 1387 2605 percipitur,
1401 2577 1455 2604 quo
1466 2569 1595 2596 omnibus
1606 2577 1720 2604 persua-

936 2616 1000 2643 deat
1013 2623 1047 2643 ne
1058 2615 1197 2644 Christum
1212 2615 1295 2643 Deum
1311 2615 1412 2650 Deique
1426 2615 1525 2642 Filium
1541 2622 1601 2643 esse
1621 2615 1721 2642 admit-

937 2664 1013 2694 tant;
1037 2659 1074 2686 ila
1089 2660 1171 2687 etiam
1189 2659 1262 2686 omni
1281 2658 1371 2686 studio
1392 2659 1420 2685 in
1438 2658 1491 2686 hoc
1515 2663 1567 2691 est,
1594 2663 1625 2685 ut
1644 2658 1722 2685 illius

937 2705 1071 2732 incarnati
1086 2712 1194 2732 omnem
1220 2703 1485 2731 administrationem
1510 2703 1661 2735 subvertal,
1684 2703 1721 2730 si-

926 2749 994 2782 ,mul
1012 2754 1038 2779 et
1055 2750 1126 2779 illius
1140 2754 1265 2778 mortem.
1281 2748 1337 2778 Nos
1355 2748 1446 2784 itaque
1460 2748 1494 2777 de
1513 2748 1609 2777 eodem
1629 2749 1657 2776 in
1673 2755 1718 2776 se-
