1949 3093
190 155 240 189 671

799 153 843 182 ΟΑ
851 155 870 182 Ν
877 152 942 182 NIS
961 149 1225 181 CAN'I‘ACUZENI

1763 144 1817 175 672

192 214 281 242 cunda
297 212 426 248 Apologia
452 212 582 243 diximus,
600 211 748 245 multisque
774 211 942 245 argumentis
956 214 982 236 et
998 229 1002 238 ι

1055 207 1078 234 ,ὰ
1102 206 1207 232 πολλῶν
1231 203 1456 239 ἐπιχειρημάτων
1482 202 1528 229 καὶ
1553 201 1728 234 ἀποδείξεων,
1744 201 1818 232 ὅπως

193 258 476 287 dcmonstrationihus
497 257 641 289 evicimus,
666 257 738 291 quod
765 257 892 284 Christus
911 257 981 282 Deus

194 310 222 332 et
237 305 285 332 Dei
308 304 393 331 Filius
417 303 609 338 perfectusque
625 303 707 329 homo
725 302 760 329 sit
788 303 980 329 Verumtamen

196 350 277 377 etiam
292 357 375 379 .nunc
403 349 428 375 iu
445 348 571 383 praesenti
601 349 640 374 sic
657 348 783 374 dicimus.
812 348 899 373 Homo
920 354 980 374 cum

197 403 244 429 per
260 395 373 429 gratiam
392 394 437 421 Dei
462 395 549 427 imago
564 400 645 425 esset,
662 393 763 420 diaboli
789 393 889 420 invidia
905 393 983 419 insti-

196 447 288 476 gante,
308 441 355 468 Dei
387 445 554 474 praeceptum
590 445 786 473 transgressus.
814 439 983 466 maledictio-

197 496 258 514 ncm
278 495 292 514 a
312 488 367 514 Deo
381 487 496 520 accepit.
514 492 540 513 et
561 486 686 520 paradiso
709 487 812 521 ejectus
838 490 889 517 est,
913 493 999 511 mor-'

199 538 306 566 temque
324 532 479 566 acquisivit.
496 532 580 558 Filius
595 539 660 558 vero
684 533 746 563 Dei,
759 533 847 566 imago
870 532 917 558 Dei
938 539 984 558 na-

200 578 483 608 turalitcrexsistcns,
510 585 569 604 eam
594 585 655 611 quae
680 577 830 604 secundum
870 579 983 612 gratiam

198 627 256 649 c‘at
273 623 319 649 Dei
338 623 482 657 imaginem
500 622 598 654 induit,
620 622 646 648 id
668 627 709 649 est
734 623 881 650 humanam
907 628 987 650 natu-

200 675 267 696 ram.
281 660 421 702 ipsamque
437 668 560 701 salvavit,
575 674 602 695 et
623 669 649 695 in
667 669 808 703 pristinam
837 670 982 696 beatitudi—

201 721 264 738 nent
283 713 413 740 restituit.
442 713 555 747 lnsnper
578 714 807 748 quemadmodum
827 715 914 741 oratio
939 723 987 748 per

184 759 301 800 lingua:
331 759 543 786 instrumentum
569 759 654 793 ipsius
682 760 765 787 animi
796 761 987 788 meditationes

202 803 324 837 exponit,
351 805 390 831 sic
409 805 490 831 etiam
508 805 604 832 Sermo
626 805 671 832 Dei
689 805 788 838 Patris,
807 814 853 840 per
876 814 986 833 carnem

205 849 294 875 Patris
309 850 350 876 sui
367 850 481 876 consilia
501 850 640 880 revelavit,
659 850 785 884 illiusque
805 850 985 877 divinitatem.

1037 254 1051 279 6
1069 252 1185 287 Χριστὸς
1208 251 1272 282 Θεὸς
1292 249 1340 276 καὶ
1354 248 1420 275 θεοῦ
1446 247 1508 278 Υἱὸς
1533 247 1580 274 καὶ
1598 247 1700 277 τέλειος
1717 245 1820 280 ᾶιθρωτ

1035 306 1084 329 πος
1113 296 1306 323 ἀναδέδεικται.
1332 294 1401 320 Ἀλλ’
1416 294 1491 329 ὅμως
1516 293 1562 319 καὶ
1590 291 1661 318 κατὰ
1681 291 1712 317 τὸ
1732 291 1819 325 mp)»;

1035 344 1149 378 λέγομεν
1163 342 1259 373 οὕτως,
1275 342 1315 367 ὅτι
1335 343 1348 367 ὁ
1367 340 1521 375 ἄνθρωπος,
1536 338 1618 365 εἰκὼν
1632 337 1669 364 ὢν
1689 337 1736 364 τοῦ
1751 336 1819 363 Θεοῦ

1038 390 1109 416 κατὰ
1137 389 1228 422 χάριν,
1247 387 1337 421 φθόνῳ
1354 385 1477 412 διαθολου
1492 384 1541 418 τὴν
1557 383 1668 417 ἐντολὴν
1686 382 1734 408 τοῦ
1752 380 1819 408 Θεοῦ

1040 435 1179 470 παραϐὰς,
1208 433 1287 460 ἔλαϐε
1316 432 1439 467 κατάραν
1461 431 1514 457 ἀπὺ
1532 430 1611 461 Θεοῦ,
1627 431 1674 455 καὶ
1689 427 1820 462 ἐξεϐλήθη

1037 481 1085 506 τοῦ
1105 480 1281 515 παραδείσου,
1292 478 1339 504 καὶ
1349 478 1394 504 τὸν
1406 477 1521 503 θάνατον
1542 474 1728 509 ἐκληρώσατο.
1749 472 1778 499 Ὀ
1791 472 1820 498 δὲ

1038 526 1102 555 Υἱὸς
1117 525 1163 550 τοῦ
1178 524 1256 555 Θεοῦ,
1273 523 1353 549 εἰκὼν
1367 522 1448 549 αὑτοῦ
1466 521 1497 555 δὴ
1510 520 1556 547 τοῦ
1572 520 1639 546 Θεοῦ
1658 519 1728 545 κατὰ
1742 518 1821 551 φύσιν

1039 571 1178 605 ὑπάρχων,
1199 569 1342 595 ἐνεδύσατο
1367 568 1416 603 τὴν
1429 567 1500 594 κατὰ
1518 567 1598 601 χάριν
1617 565 1723 595 εἰκόνα,
1741 571 1822 589 τουτ-

1039 615 1095 641 έστι
1112 615 1161 648 τὴν
1182 614 1355 649 ἀνθρωπείαν
1374 613 1465 647 φύσιν,
1491 612 1647 638 κ;ι”ιέσωσεν
1666 609 1759 644 αὐτὴν,
1777 609 1823 634 καὶ

1040 661 1080 691 είς
1091 661 1142 695 τὴν
1152 660 1270 695 ἀρχαίαν
1286 660 1475 694 μακαριότητα
1492 656 1569 689 αὖθις
1589 658 1734 690 ἀνήγαγεν.
1751 656 1822 684 Ἔτι,

1040 707 1134 740 ὥσπερ
1147 708 1179 732 τὰ
1197 706 1243 732 τοῦ
1257 705 1302 731 νοῦ
1329 705 1466 739 κινήματα
1484 705 1498 729 6
1513 703 1597 736 Λόγος
1615 703 1658 728 διὰ
1676 702 1722 736 τῆς
1736 701 1824 735 γλώσ-

1041 760 1090 785 σης
1103 751 1169 784 δῆλα
1192 751 1272 782 ποιεῖ,
1284 750 1354 776 οὕτω
1367 750 1413 776 καὶ
1428 750 1442 774 6
1458 749 1536 782 λόγος
1559 747 1606 774 τοῦ
1624 747 1690 773 Θεοῦ
1708 749 1755 773 καὶ
1771 747 1827 772 Πα-

1040 797 1103 828 τρὸς
1127 796 1171 823 διὰ
1201 796 1249 830 τῆς
1275 795 1376 830 σαρκὸς
1393 795 1510 830 ἐδήλωσε
1525 794 1559 820 τὰ
1574 793 1619 819 τοῦ
1636 793 1702 818 ἰδίου
1720 792 1826 826 Harpe;

1044 841 1213 875 βουλήματα,
1228 841 1274 866 καὶ
1299 841 1348 874 τὴν
1368 840 1451 866 αὑτοῦ
1478 839 1604 873 θεότητα.
1631 838 1703 870 Ἔτι,
1731 836 1827 870 ὥσπερ

205 893 239 919 Et
252 893 482 927 quemadmodum
505 902 568 929 rege
591 894 683 929 aliquo
707 903 789 922 unam
812 895 921 921 domum
945 902 992 929 po-

1055 887 1176 917 ιασιὶέως
1195 887 1234 917 εις
1250 886 1278 912 ἓν
1294 885 1399 919 οἴκημα
1415 885 1574 918 οἰκήσαντος
1592 883 1694 914 πόλεως
1713 883 1829 917 μυριάν-

205 941 385 973 pnlosissimaa
401 940 520 967 civitatis
535 941 706 968 inhabitantc
722 946 777 968 tota
796 941 892 968 ciritas
908 941 993 968 hosti-

206 986 257 1013 hus
273 986 420 1013 terribilior
437 987 559 1013 redditur
584 995 590 1012 :
612 988 651 1014 sic
674 987 784 1014 Cltristo
799 995 882 1014 unum
910 987 990 1014 inha-

207 1031 312 1057 hitante
332 1039 442 1066 corpus,
460 1032 549 1058 omnis
567 1033 686 1059 humana
701 1037 799 1060 natura
814 1033 924 1060 diabolo
939 1033 995 1060 for-

207 1078 363 1104 tuidabilior
378 1078 448 1105 facta
462 1082 514 1105 est.
534 1078 568 1105 Et
584 1078 635 1106 hoc
655 1086 687 1104 ex
707 1078 872 1114 martyribus
885 1082 912 1105 et
934 1086 996 1105 san-

210 1123 260 1148 eti.»
279 1124 350 1151 vlurc
372 1124 519 1158 colligitur,
542 1125 588 1158 qui
603 1129 718 1151 mortem
732 1132 780 1151 ceu
798 1132 853 1150 rem
876 1124 955 1150 nihili
970 1127 998 1150 et

212 1175 337 1194 somnum
354 1169 556 1203 iudicaverunt,
576 1169 746 1196 dmmonibus
761 1177 826 1195 vero
847 1177 897 1196 ceu
913 1169 998 1196 servis

210 1214 268 1240 suis
281 1220 481 1248 praeceperunt.
503 1215 581 1242 Sicut
606 1215 690 1250 igitur
712 1215 848 1242 occultare
873 1220 998 1247 conatur,

211 1259 283 1292 quod
299 1259 424 1287 Christus
445 1260 515 1287 Deus
530 1265 558 1287 et
578 1255 625 1287 De'i
640 1260 725 1286 Filius
741 1260 788 1294 sit,
805 1260 845 1288 sic
859 1261 940 1287 etiam
956 1260 1000 1286 in-

212 1305 398 1331 carnationem
414 1305 497 1337 illius,
515 1305 579 1339 quin
596 1310 623 1332 et
637 1310 752 1331 tuortem
768 1310 796 1332 et
821 1305 1000 1332 resurrectio-

215 1357 277 1375 nem
293 1349 374 1384 hujus
386 1349 535 1376 obscurare
563 1349 670 1381 nititur,
699 1354 726 1376 ct
752 1354 896 1384 propterea
925 1350 1001 1377 illum

216 1394 283 1421 dicit
305 1402 357 1421 non
374 1402 435 1422 esse
453 1394 623 1422 crucifixum.
639 1394 772 1422 Caeterum
795 1395 847 1422 hoc
860 1395 1003 1424 manifeste

215 1440 311 1466 falsum
328 1445 378 1467 est.
400 1442 433 1467 Et
451 1441 548 1475 primo,
568 1442 639 1476 quod
658 1442 680 1469 si
699 1449 753 1468 non
780 1442 927 1469 crucifixus
951 1446 1003 1474 cst,

215 1487 293 1521 cujus
307 1487 343 1513 rei
359 1487 444 1521 gratia
464 1487 614 1515 Christiani
639 1488 667 1514 in
683 1488 822 1515 Christum
845 1496 902 1516 rem
921 1489 1006 1516 finxe—

216 1537 279 1558 runt
297 1532 551 1567 injuriosissimam?
577 1533 675 1561 Crucis
690 1535 764 1561 enim
786 1540 901 1561 mortetn
923 1535 1003 1561 inho-

216 1577 320 1604 nestam
338 1583 366 1605 et
394 1579 522 1607 infamem
548 1586 608 1608 esse
633 1580 779 1613 ducebant,
810 1584 838 1608 et
861 1585 1002 1615 propterea

217 1623 340 1652 infelices
349 1625 435 1653 Judtei
450 1625 590 1653 Christum
605 1627 752 1654 Dominum
764 1627 856 1662 gloria:
869 1627 921 1654 hoc
934 1634 1005 1653 mon

217 1670 254 1697 tis
277 1679 377 1706 genere
411 1672 675 1699 condemnaverunt.
708 1672 809 1699 Verum
842 1671 1004 1706 intelligant,

219 1717 291 1751 quod
309 1726 357 1752 per
374 1720 465 1745 crucis
492 1724 624 1753 tropaeum
654 1723 681 1745 et
706 1717 853 1745 salutarem
880 1722 1005 1750 mortem,

220 1770 281 1797 quae
296 1763 354 1798 ipsa
367 1763 449 1791 etiam
463 1763 511 1791 Dei
529 1764 675 1791 inﬁrmitas
686 1763 739 1791 dici
754 1763 853 1793 solent,
868 1762 1007 1790 dissoluta:

220 1809 378 1836 sintomnes
396 1809 473 1836 mala:
488 1814 514 1836 et
527 1809 648 1837 adversae
660 1813 818 1844 potestates.
834 1809 886 1836 Per
899 1816 1007 1835 crucem

221 1854 349 1881 tenebras
361 1854 454 1881 mundi
471 1854 585 1888 depulit,
605 1858 632 1881 et
645 1854 733 1881 lucem
751 1853 872 1881 scientiae
883 1854 1003 1880 reduxit.

221 1900 273 1926 Per
289 1907 398 1926 crucem
417 1904 445 1926 et
470 1903 584 1926 mortem
612 1899 685 1925 illitis
710 1906 776 1925 crux
796 1898 934 1926 confracta
955 1903 1007 1930 est,

223 1953 274 1972 nec
289 1945 406 1979 amplius
423 1952 498 1972 mors
522 1949 574 1976 est,
603 1951 653 1970 nec
683 1943 784 1970 diaboli
813 1943 946 1978 tyrannis.
979 1944 1010 1970 Et

223 1999 323 2026 corpus
338 1991 448 2025 quidem
464 1991 563 2018 Christi
580 1994 718 2017 mortuum
739 1993 792 2020 est.
809 1989 945 2022 sepultum
959 1993 1009 2022 est,

224 2043 251 2064 et.
268 2037 434 2069 resurrexit;
462 2036 591 2064 divinitas
616 2043 681 2062 vero
704 2035 779 2062 illius
808 2034 942 2069 passionis
963 2043 1011 2061 ex-

225 2091 288 2117 pers
313 2083 473 2118 permansit.
500 2081 736 2115 Quemadmodum
760 2081 831 2108 enim
848 2080 919 2116 regis
936 2088 1013 2107 man-

198 2145 205 2149 -
226 2130 318 2156 datum
342 2129 369 2155 in
392 2129 487 2155 charta
514 2128 696 2162 descriptum,
727 2126 810 2154 etiam
833 2126 927 2153 charta
951 2133 1013 2153 cor-

226 2179 306 2208 rupta
320 2174 508 2207 incorruptutn
535 2177 562 2200 ct
588 2172 747 2200 inviolatum
769 2176 910 2206 permanet
939 2180 945 2198 :
973 2171 1015 2198 sic

226 2207 308 2249 etiam
329 2222 355 2249 in
369 2220 479 2248 Christo
507 2219 639 2255 contigit;
669 2226 769 2254 corpus
797 2218 909 2253 quidem
940 2218 1014 2244 illius
1031 2207 1142 2255 ολᾴγοξ

228 2267 433 2302 corruptionem
449 2266 579 2301 suscepit,
601 2270 629 2293 et
643 2270 782 2292 mortuum
797 2270 848 2298 est,
861 2264 1014 2299 corruptio-

230 2322 290 2342 nem
308 2322 373 2341 vero
389 2313 540 2340 absolutam
556 2311 687 2343 minime;
716 2311 846 2338 divinitas
871 2315 962 2338 autem
982 2310 1016 2337 il-

230 2362 283 2388 lius
299 2359 426 2394 passione
442 2357 516 2385 omni
534 2357 632 2384 caruit.
650 2357 723 2383 Deus
737 2356 810 2383 enim
833 2363 887 2382 non
902 2355 1015 2390 patitur.

233 2406 373 2438 Secundo,
388 2404 439 2439 ipsi
456 2403 538 2430 etiam
556 2402 642 2430 ,ιιιύίοί
660 2409 755 2428 omnes
774 2401 875 2428 Christi
903 2405 1016 2428 mortem

231 2456 385 2483 testantur;
403 2459 464 2477 nam
481 2449 575 2477 dicunt
594 2455 623 2474 se
645 2447 720 2474 illum
736 2455 786 2474 ceu
805 2446 957 2474 maleficum
973 2454 1019 2474 oc-

232 2498 343 2525 cidisse.
359 2497 462 2527 Tcrtio,
480 2503 532 2523 non
557 2496 583 2522 in
598 2494 726 2521 abstruso
739 2498 767 2520 et
782 2493 942 2521 abscondito
959 2492 1018 2530 loco

233 2549 359 2571 mortuus
376 2546 429 2572 est,
448 2545 477 2568 ut
499 2547 573 2567 mors
592 2539 664 2566 illius
678 2539 823 2568 celarctur.
846 2543 874 2565 et
891 2545 942 2564 una
957 2544 1018 2564 cum

235 2595 323 2618 morte
337 2589 411 2616 illius
428 2594 538 2621 quoque
557 2585 738 2617 rcsurrcctio;
759 2584 805 2611 sed
819 2584 968 2611 secundum
981 2583 1020 2609 di-

236 2637 328 2663 vinam
356 2633 557 2661 ordinationem
580 2639 652 2657 mors
672 2630 779 2657 Domini
796 2630 823 2656 in
845 2634 952 2663 tempus
973 2628 1021 2654 Pa—

237 2681 310 2712 scha:
325 2679 431 2709 incidit.
454 2683 482 2705 ut
504 2677 581 2711 juxta
607 2674 834 2702 consuetudinem
860 2673 948 2700 omnis
975 2672 1022 2699 Ju-

238 2728 358 2755 da'orum
372 2723 518 2751 multitudo
529 2726 749 2756 congregaretur.
766 2719 908 2746 duodecim
918 2718 1023 2745 scilicet

238 2773 335 2805 tribus,
353 2770 535 2803 omnibusque
558 2775 631 2794 mors
647 2766 749 2794 Christi
778 2765 970 2794 innotesceret.
989 2760 1023 2791 nc

239 2819 308 2845 forte
342 2817 431 2845 locum
459 2814 613 2842 invenirent
637 2813 766 2847 aliquem,
801 2811 846 2844 qui
876 2810 1024 2836 Salvatoris

240 2870 356 2892 mortem
381 2866 513 2898 cuperent
535 2861 634 2893 celare,
659 2860 731 2888 utin
759 2857 883 2893 ιιι-δεδοκιιὶ
909 2861 1024 2884 conetur

1044 932 1119 966 δρου,
1141 932 1202 958 τότε
1219 932 1250 963 δὴ
1272 932 1347 958 πᾶσα
1374 932 1390 965 ἡ
1418 931 1495 960 πόλις
1520 929 1623 964 φοϐερὰ
1645 929 1749 962 γίνεται
1772 929 1829 958 τοῖς

1045 977 1225 1008 ὑπεναντίοις,
1239 977 1309 1003 οὕτω
1322 976 1368 1003 τοῦ
1388 976 1508 1011 Χριστοῦ
1524 976 1552 1003 ὲν
1578 976 1618 1002 ἑνὶ
1634 975 1741 1008 σώματι
1755 974 1831 1007 οἰκή-

1046 1032 1155 1054 σαντος,
1172 1024 1246 1049 πᾶσα
1261 1022 1342 1056 φύσις
1356 1022 1508 1057 ἀνθρώπων
1528 1021 1633 1055 φοὸερὲι
1656 1021 1695 1054 τῷ
1715 1020 1832 1054 διαϐόλῳ

1047 1069 1163 1102 ἐγένετο.
1183 1069 1237 1095 Καὶ
1257 1068 1335 1102 δῆλον
1357 1068 1409 1094 ἀπό
1430 1076 1459 1093 τε
1485 1067 1541 1093 τῶν
1561 1067 1717 1101 μαρτύρων,
1733 1067 1787 1092 ἀπό
1802 1075 1831 1092 τε

1048 1115 1101 1141 τῶν
1113 1115 1205 1145 ὁσίων,
1222 1115 1262 1140 ὃτι
1279 1114 1323 1140 τὸν
1340 1113 1388 1148 μὲν
1403 1113 1519 1141 θάνατον
1534 1112 1592 1138 ἀντ’
1604 1112 1708 1143 οὐδενὸς
1729 1112 1778 1138 καὶ
1794 1111 1833 1142 ὡς

1049 1162 1134 1188 ὕπνον
1144 1161 1224 1187 αὑτὸν
1240 1160 1409 1194 ἐλογίσαντο,
1425 1160 1480 1190 τοῖς
1491 1158 1518 1184 δὲ
1535 1158 1658 1192 δαίμοσιν
1673 1157 1832 1187 ἑπέταττον,

1051 1208 1178 1240 καθάπερ
1189 1207 1290 1237 δούλοις
1302 1205 1402 1232 αὐτῶν.
1422 1204 1527 1238 Ὥσπερ
1543 1205 1608 1237 γοῦν
1622 1203 1755 1237 κρύπτειν
1772 1210 1834 1228 πει⁴

1051 1254 1130 1288 ρᾶται
1149 1252 1179 1278 τὸ
1197 1252 1242 1278 τὸν
1269 1251 1386 1286 Χριστὸν
1416 1251 1480 1276 Θεὸν
1504 1251 1551 1276 καὶ
1581 1249 1648 1276 Θεοῦ
1666 1249 1729 1274 Υἱὺν
1752 1247 1834 1279 εἶναι,

1050 1298 1120 1325 οὓτω
1139 1299 1185 1324 καὶ
1200 1298 1249 1332 τὴν
1268 1297 1400 1331 ἔνσαρκον
1421 1295 1503 1322 αὑτοῦ
1528 1296 1696 1329 οἰκονομίαν,
1719 1294 1787 1320 ἀλλὰ
1803 1294 1835 1327 δὴ

1052 1344 1098 1371 καὶ
1115 1344 1160 1370 τὸν
1184 1343 1298 1370 θάνατον
1313 1342 1359 1368 καὶ
1382 1341 1431 1376 τὴν
1447 1341 1606 1368 ἀνάστασιν.
1623 1341 1678 1367 Καὶ
1694 1340 1737 1366 διὰ
1757 1339 1836 1365 τοῦτο

1052 1390 1126 1423 λέγει
1143 1389 1179 1423 μὴ
1196 1386 1397 1421 ἐσταυρῶσθαι,
1414 1386 1482 1412 ἀλλὰ
1501 1385 1581 1412 τοῦτό
1605 1385 1663 1411 ἔστι
1676 1384 1775 1419 ψεῦδος
1791 1392 1837 1409 σα-

1054 1435 1113 1470 φές.
1133 1434 1186 1461 Καὶ
1213 1434 1334 1468 πρῶτον,
1363 1433 1403 1459 ὅτι
1431 1431 1510 1466 εἴπερ
1535 1431 1585 1457 οὒκ
1601 1430 1773 1464 ἐσταυρώθη,
1791 1429 1838 1455 τοῦ

1055 1480 1134 1514 χάριν
1154 1479 1308 1505 ἐπλάσαντο
1332 1478 1357 1504 oi.
1383 1477 1543 1511 Χριστιανοὶ
1572 1476 1642 1503 κατὰ
1656 1476 1702 1502 τοῦ
1719 1474 1839 1508 Χριστοῦ

1058 1525 1174 1559 πρᾶγμα
1197 1524 1362 1558 ἐφύεριστον
1377 1531 1383 1555 ;
1401 1522 1446 1548 τὸν
1468 1521 1522 1556 γὰρ
1536 1521 1580 1547 διὰ
1594 1520 1712 1555 σταυροῦ
1727 1520 1840 1546 θάνατον

1057 1570 1153 1604 ἄτιμον
1173 1570 1220 1596 καὶ
1242 1569 1334 1600 ἄδοξον
1355 1567 1518 1601 ἐλογίζοντο,
1539 1567 1586 1594 καὶ
1604 1566 1648 1593 διὰ
1668 1566 1746 1592 τοῦτο
1761 1565 1842 1591 κατέ·
1887 1592 1892 1597 _

1055 1624 1151 1651 κριναν
1166 1615 1212 1642 τὸν
1228 1615 1345 1650 Χριστὸν
1361 1615 1406 1641 τὸν
1430 1613 1533 1649 Κύριον
1554 1613 1602 1648 τῆς
1624 1611 1703 1647 δόξης
1724 1611 1845 1637 οίτάλαρ

1056 1671 1099 1693 ve;
1119 1661 1240 1688 Ἰουδαῖοι
1263 1662 1309 1687 τον
1331 1661 1451 1686 τοιοῦτον
1467 1659 1594 1686 θάνατον.
1621 1658 1702 1685 Ἀλλὰ
1727 1657 1842 1691 γνώτω-

1058 1716 1106 1734 σαν
1121 1708 1160 1733 ὅτι
1181 1707 1224 1732 διὰ
1242 1706 1288 1732 τοῦ
1307 1705 1353 1732 τοῦ
1379 1704 1496 1740 σταυροῦ
1518 1704 1647 1739 τροπαίου
1680 1703 1727 1729 καὶ
1740 1703 1785 1729 διὰ
1795 1702 1846 1728 τοῦ

1058 1751 1191 1786 σωτηρίου
1207 1750 1332 1782 θανάτου,
1354 1749 1434 1776 ἅτινα
1447 1750 1492 1775 καὶ
1508 1749 1634 1775 ἀσθένεια
1645 1747 1712 1774 Θεοῦ
1730 1747 1846 1774 καλοῦν-

1058 1806 1113 1829 ται,
1129 1797 1314 1831 κατελύθησαν
1331 1797 1416 1822 πᾶσαι
1431 1796 1459 1822 αἱ
1469 1795 1585 1830 πονηραὶ
1594 1794 1643 1821 καὶ
1654 1794 1846 1828 ἁντικείμεναι

1059 1844 1198 1877 δυνάμεις,
1213 1843 1257 1869 διὰ
1268 1842 1314 1868 τοῦ
1330 1841 1448 1878 σταυροῦ
1465 1841 1495 1868 τὺ
1507 1842 1600 1871 σκότος
1617 1840 1666 1875 τῆς
1681 1839 1847 1874 οἰκουμένης

1060 1889 1195 1924 ἀπήλασε,
1211 1888 1241 1913 τὸ
1251 1887 1278 1913 δὲ
1288 1888 1343 1921 φῶς
1357 1889 1407 1922 τῆς
1421 1887 1546 1921 γνώσεως
1558 1886 1725 1920 ἐπανήγαγε,
1743 1885 1787 1911 διὰ
1797 1884 1846 1911 τοῦ

1063 1933 1179 1969 σταυροῦ
1194 1935 1239 1960 καὶ
1254 1933 1300 1960 τοῦ
1315 1933 1430 1959 θανάτου
1450 1932 1533 1959 αὑτοῦ
1550 1931 1684 1967 κατελύθη
1695 1933 1708 1957 6
1719 1931 1846 1963 θάνατος,

1062 1981 1109 2006 καὶ
1118 1980 1168 2006 οὐκ
1186 1979 1225 2006 ἔτι
1250 1980 1310 2007 ἐστὶ
1332 1980 1445 2011 θάνατος
1461 1979 1508 2005 καὶ
1526 1978 1680 2014 ἡτύραννὶς
1699 1977 1746 2004 τοῦ
1757 1978 1848 2004 διαὸόο

1062 2025 1236 2052 λου.1ίαὶτδ
1260 2025 1309 2060 μὲν
1327 2025 1405 2060 σῶμα
1421 2025 1467 2051 τοῦ
1491 2024 1613 2058 Χριστοῦ
1640 2023 1774 2055 ἀπέθανε,
1798 2024 1847 2049 καὶ

1063 2071 1161 2105 ἐτάφη,
1183 2071 1229 2097 καὶ
1240 2071 1351 2105 ἀνέστη,
1367 2071 1383 2105 ή
1398 2071 1425 2096 δὲ
1455 2062 1549 2104 θεότής
1562 2069 1647 2096 αὑτοῦ
1667 2070 1775 2102 ἀπαθὴς
1790 2069 1849 2095 διέ-

1066 2124 1169 2150 μεινεν.
1187 2116 1294 2151 Ὥσπερ
1306 2116 1360 2150 γὰρ
1380 2116 1511 2150 βασιλέως
1527 2115 1603 2148 λόγος
1621 2116 1649 2141 ἐν
1666 2115 1753 2150 χάρτῃ
1765 2123 1850 2140 κατα-

1066 2161 1192 2196 γραφεὶς,
1208 2161 1287 2196 εἴπερ
1304 2162 1318 2187 6
1336 2161 1440 2195 χάρτης
1461 2160 1611 2195 διαφθαρῇ,
1622 2162 1635 2186 ὁ
1651 2159 1697 2186 τοῦ
1718 2159 1850 2194 βασιλέως

1159 2206 1297 2240 ἄφθαρτος
1310 2206 1444 2240 διαμένει,
1457 2205 1528 2232 οὓτω
1540 2206 1586 2231 καὶ
1598 2206 1643 2231 ἐπὶ
1659 2205 1706 2232 τοῦ
1718 2204 1849 2239 Χριστοῦ,

1065 2252 1095 2278 τὸ
1109 2253 1158 2287 μὲν
1177 2252 1256 2286 σῶμα
1269 2252 1374 2278 ἐκείνου
1400 2252 1447 2278 καὶ
1466 2251 1569 2286 φθορὰν
1585 2251 1702 2283 ἐδέξατο,
1720 2251 1766 2277 καὶ
1782 2251 1851 2277 ἀπέ-

1067 2297 1141 2328 θανε,
1155 2296 1304 2332 διαφθορὰν
1316 2297 1343 2323 δὲ
1355 2296 1494 2330 οὐδαμῶς·
1509 2297 1525 2331 ἠ
1541 2295 1569 2322 δὲ
1579 2295 1675 2330 θεότης
1691 2294 1773 2321 αὐτοῦ
1781 2295 1852 2321 ἀπα-

1068 2341 1118 2376 θὴς
1138 2336 1283 2376 διέμεινεν,
1303 2341 1362 2368 οὐδὲ
1375 2341 1430 2376 γὰρ
1445 2342 1544 2375 πάσχει
1558 2341 1635 2371 Θεός.
1655 2339 1798 2374 Δεύτερον,
1810 2339 1853 2366 ὃτι

1068 2388 1114 2413 καὶ
1127 2388 1204 2414 αὐτοὶ
1215 2387 1240 2413 οἱ
1256 2386 1379 2413 Ἰουδαῖοι
1393 2386 1497 2417 πάντες
1517 2385 1719 2420 μαρτυροῦντές
1736 2384 1789 2410 εἰσι
1806 2384 1854 2410 τὸν

1068 2434 1115 2460 τοῦ
1133 2433 1252 2468 Χριστοῦ
1274 2433 1398 2460 θάνατον.
1418 2433 1462 2463 Ὠς
1484 2433 1538 2467 γὰρ
1560 2431 1712 2466 κακοῦργον
1740 2430 1855 2464 λέγουσι

1069 2480 1230 2506 ἀποκτεῖναι
1245 2478 1335 2505 αὐτόν.
1352 2478 1461 2510 Τρίτον,
1476 2477 1516 2503 ὃτι
1528 2476 1577 2502 οὐκ
1594 2477 1622 2502 ἐν
1641 2476 1731 2510 κρυφῇ
1752 2474 1856 2500 ἀπέθα-

1069 2533 1114 2550 νεν
1127 2524 1183 2550 οὐδ’
1197 2525 1225 2550 ἐν
1241 2523 1412 2558 παραϐύστῳ
1435 2523 1481 2549 καὶ
1501 2523 1597 2558 γωνίᾳ,
1614 2523 1658 2548 ἴνα
1674 2521 1763 2556 χρυσῇ
1775 2522 1789 2546 ὁ
1808 2519 1858 2545 0d-

1074 2579 1152 2601 νατος
1175 2570 1268 2602 αὐτοῦ,
1289 2570 1338 2596 σὺν
1355 2569 1383 2595 δὲ
1405 2569 1445 2604 τῷ
1460 2568 1569 2602 θανάτῳ
1579 2567 1627 2596 καὶ
1641 2568 1657 2602 ἡ
1679 2566 1774 2592 τούτου
1790 2565 1859 2591 ἀνά-

1073 2624 1178 2648 στασις,
1200 2615 1267 2642 ἀλλὰ
1283 2615 1353 2642 κατὰ
1380 2615 1455 2642 θείαν
1478 2613 1635 2648 οἰκονομίαν
1651 2613 1679 2638 ὲν
1702 2611 1741 2647 τῷ
1767 2611 1860 2645 καιρῷ

1072 2665 1117 2691 τοῦ
1129 2665 1223 2699 Πάσχα
1238 2663 1344 2697 ἐγένετο
1359 2663 1372 2688 ὁ
1386 2662 1430 2688 τοῦ
1441 2660 1542 2696 Κυρίου
1555 2660 1678 2690 θάνατος,
1689 2659 1733 2685 ἵνα
1746 2658 1817 2684 κατὰ
1830 2658 1862 2684 τὸ

1075 2711 1169 2743 εἰωθὸς
1185 2710 1365 2745 συναθροισθῇ
1391 2709 1422 2734 τὸ
1448 2707 1549 2742 πλῆθος
1565 2707 1620 2733 τῶν
1639 2704 1787 2736 Ἰουδαίων,
1797 2704 1860 2738 ἦτοι

1074 2760 1103 2784 τὸ
1120 2756 1319 2791 δωδεκάφυλον,
1336 2755 1384 2782 καὶ
1396 2754 1509 2788 γένηται
1526 2753 1593 2779 πᾶσι
1607 2752 1686 2786 δῆλος
1702 2752 1716 2777 6
1733 2749 1779 2776 τοῦ
1791 2750 1862 2782 Χρι-

1076 2805 1137 2831 στοῦ
1156 2804 1280 2835 θάνατος,
1300 2803 1346 2829 καὶ
1366 2801 1413 2827 οῦκ
1433 2801 1514 2834 ἔχωσι
1534 2799 1624 2833 χώραν
1650 2798 1673 2824 οἱ
1702 2795 1861 2829 βουλόμενοι

1077 2851 1207 2885 κρύητειν
1237 2850 1282 2876 τὶν
1310 2847 1352 2874 τοῦ
1376 2846 1501 2881 Σωτῆρος
1535 2842 1709 2878 ί¹ἁνατλιν,ὠ;
1733 2841 1803 2867 κατᾶ
1829 2839 1864 2865 τὸ
