1949 3093
127 143 179 176 673

603 141 751 172 CONTRA
776 139 1017 171 MAHOMETEM
1034 139 1175 169 ORATIO
1197 140 1254 170 III.

1704 139 1758 171 67L

128 199 216 236 παρὸν
231 200 244 226 6
256 199 390 233 Μωάμεί).
410 199 556 234 Τέταρτον,
578 198 619 224 ὃτι
640 199 689 225 οὐκ
704 198 824 225 ἀπέθανε
837 196 920 223 θάνα-

978 195 1118 222 ilahomet.
1135 195 1249 227 Quarto.
1269 195 1340 230 quod
1359 202 1412 222 non
1428 200 1514 223 morte
1538 196 1655 223 naturali
1677 196 1757 229 obiit,

127 255 174 273 τον
188 246 312 280 φυσικὸν,
323 247 391 272 ἀλλὰ
403 247 459 277 τοῖς
473 245 612 277 Ἰουδαίοις
629 245 766 280 ἐπέτρεψε
782 245 828 271 τὸν
844 244 918 270 ὲκεί.

129 301 176 319 νου
195 293 319 319 θάνατον.
338 292 472 327 Καθάπερ
486 300 527 323 τις
545 291 697 325 παλαιστὴς
711 292 844 324 γενναῖος,
870 290 919 317 οὐκ

130 337 211 368 αὐτὸς
239 337 343 368 ἐκεῖνος
362 336 504 370 ἐκλέγεται
532 336 577 362 τὸν
604 337 808 370 ἀνταγωνιστὴν
835 335 918 362 αὐτοῦ

133 383 180 408 καὶ
200 381 357 413 ἀντίπαλον,
377 381 435 407 ἀλλ’
451 382 488 412 ὼς
501 382 533 408 ἄν
547 390 588 412 τις
606 381 734 416 βούληται
750 381 836 415 τούτῳ
853 389 921 415 συμ-

132 426 263 452 πλέκεται
277 435 283 441 ·
299 426 371 452 οὕτω
391 427 437 453 καὶ
451 427 464 452 ὁ
477 426 605 461 Χριστὸς,
622 426 650 458 6;
673 426 726 453 ἀπὸ
743 426 822 459 λόγου
839 425 919 460 μόνου

131 471 212 505 ῥίψας
245 471 285 501 είς
314 471 366 505 γῆν
404 472 465 502 τοὺς
486 470 634 506 ζητοῦντας
669 471 763 503 αὑτὸν,
782 471 831 505 τὴν
848 470 921 502 ἔξου-

133 517 193 544 σίαν
214 517 305 543 πᾶσαν
337 517 393 548 τοῖς
417 517 557 549 Ἰουδαίοις
589 518 689 551 ἀφῆκε.
718 517 772 543 Καὶ
799 516 875 543 αὐτοὶ
895 517 920 542 oi.

133 563 253 590 Ἰουδαῖοι
289 562 444 595 ἐξελέξαντο
477 564 522 589 τὸν
557 563 601 590 διὰ
644 563 761 598 σταυροῦ
797 563 919 595 θάνατον,

134 608 295 641 ἀγνοοῦντες
309 609 332 634 oi
346 609 459 640 τάλανες
485 608 526 636 ὅτι
549 610 596 635 καὶ
615 609 696 640 αὐτὸς
714 610 727 635 6
743 608 856 638 θάνατος
876 608 921 641 ἑμ-

135 654 218 686 φασίν
247 662 309 680 τινα
338 654 509 689 προφητείας
528 655 700 689 ἐπλήρωσεν.
722 655 751 680 '0
768 655 821 688 γὰρ
840 655 922 681 Δαϐίδ

138 708 220 734 φησι,
242 708 251 725 ι
269 700 351 726 Λίθον
374 700 403 725 ὃν
431 700 638 735 ἀπεδοκίμασαν
664 701 688 727 οἱ
704 700 920 734 οἰκοδομοῦντες,

136 744 212 776 οὗτος
226 746 343 780 ἐγενήθη
374 746 413 776 είς
435 745 556 780 κεφαλὴν
574 745 686 779 γωνίας.
700 755 708 771 ι
729 746 761 772 Τί
788 744 922 780 δηλούσης

135 792 186 824 τῆς
198 790 365 826 προφητείας
377 799 384 820 :
401 791 511 822 Πάντως
521 791 598 818 οὐδὲν
612 791 742 826 ἓτερον,ἢ
761 791 811 824 ὅτι,
827 790 922 825 ὥσπερ

136 839 153 871 ἡ
169 837 254 871 γωνία
273 837 337 868 τοὺς
354 836 402 863 δύο
415 836 521 871 τοίχους
541 836 597 863 ἑνοῖ
610 837 658 863 καὶ
675 837 773 869 συνδεῖ,
793 837 840 863 καὶ
852 837 924 863 ποιεῖ

137 884 176 915 ἓν,
193 883 264 910 οὕτω
277 884 326 910 καὶ
344 884 358 910 6
376 884 504 918 Χριστὸς,
527 883 558 915 ὃς
574 884 660 918 πέτρα
680 884 827 918 ὠνομάσθη
848 884 923 918 παρὰ

136 929 186 964 τῆς
206 931 328 964 Γραφῆς,
358 930 447 956 ὅντινα
470 930 543 956 λίθον
566 930 783 965 ἀπεδοκίμασαν,
812 930 859 956 καὶ
885 930 923 960 ὡς

137 975 261 1009 ἀνωφελῆ
287 975 335 1001 καὶ
354 975 490 1010 ἄχρηστον
513 975 632 1011 ἔρριψαν
663 976 686 1002 οί
712 974 923 1009 οἰκοδομοῦντες

143 1022 277 1052 Ἰουδαῖοι,
291 1021 390 1052 οἵτινες
406 1021 637 1056 ὲνεπιστεύθησαν
651 1022 685 1047 τά
702 1021 748 1047 τοῦ
764 1020 831 1047 Θεοῦ
846 1020 924 1053 λόγια

137 1068 179 1099 si;
196 1067 341 1102 οίκοδομὴν
357 1069 404 1095 καὶ
422 1068 558 1102 σωτηρίαν
575 1067 621 1094 τοῦ
638 1067 734 1101 γένους
761 1067 862 1098 αὐτῶν,
876 1063 924 1094 οὗ·

137 1119 193 1144 τος,
206 1112 290 1146 ἤγουν
305 1112 319 1137 6
333 1112 461 1146 Χριστὸς,
480 1111 596 1146 ἐγενήθη
612 1112 651 1142 είς
674 1110 794 1145 κεφαλὴν
810 1111 923 1145 γωνίας,

138 1157 260 1183 τουτέστι
281 1156 382 1191 συνῆψε
397 1158 446 1191 τήν
462 1165 491 1182 τε
515 1156 634 1182 παλαιὰν
661 1156 809 1191 Διαθήκην,
827 1155 874 1183 καὶ
889 1155 924 1182 τὰ

137 1203 213 1236 ἔθνη,
241 1203 288 1228 καὶ
313 1202 416 1233 ὲνώσας
434 1205 467 1228 τὰ
486 1202 543 1234 δύο,
557 1201 606 1228 ἕνα
626 1200 700 1227 οἷκον
725 1202 852 1236 ἐποίησεν
880 1203 921 1232 είς

139 1246 350 1281 κατοικητήριον
365 1245 443 1273 Θεοῦ.
465 1247 517 1272 Καὶ
541 1246 632 1278 τείνας
651 1246 698 1278 τὰς
721 1248 815 1282 χεῖρας
840 1247 869 1273 ὲν
886 1245 925 1281 τῷ

141 1293 261 1328 σταυρῷ,
279 1294 314 1320 τὰ
329 1293 461 1320 διεστῶτα
481 1295 629 1328 συνήγαγε,
646 1296 691 1320 καὶ
708 1296 747 1325 είς
763 1294 812 1321 ἕνα.
825 1295 918 1320 καινὸν

141 1339 285 1375 ἄνθρωπον
306 1340 353 1366 καὶ
370 1340 435 1374 μίαν
468 1340 560 1366 πίστιν
582 1341 818 1374 ἀποκατέστησεν.
845 1339 925 1366 Ἀλλὰ

141 1386 189 1412 καὶ
205 1386 251 1412 τὸν
267 1385 347 1419 ἀέρα,
364 1386 455 1412 ὅντινα
481 1387 494 1411 6
518 1385 611 1420 ἄρχων
634 1386 681 1412 τοῦ
699 1386 780 1420 ἀέρος
803 1384 925 1416 διάϐολος

140 1431 249 1465 ἐμίανε,
266 1430 360 1456 τοῦτον
376 1431 390 1458 6
406 1431 524 1464 Χριστὸς
541 1430 650 1465 ἡγίασε,
667 1430 711 1457 δ.ὰ
735 1431 764 1455 τῖι
788 1430 925 1464 ὰναῆεϐη-

141 1479 219 1504 κέναι
234 1477 314 1504 αὑτὸν
329 1478 368 1508 είς
379 1476 408 1504 τὸ
420 1477 467 1504 τοῦ
482 1476 599 1510 σταυροῦ
616 1476 692 1511 ὕψος.
709 1477 788 1503 Eine:
801 1476 823 1502 δ’
838 1477 870 1503 ἄν
885 1485 926 1507 τις

141 1523 189 1550 καὶ
205 1522 295 1554 τοῦτο,
311 1523 350 1548 ὅτι
366 1523 416 1549 οὐκ
440 1522 576 1548 ἀπέθανεν
593 1523 607 1548 ὀ
621 1522 737 1557 Χριστὸς
755 1522 801 1548 τόν
817 1530 846 1548 τε
868 1521 924 1547 Ίω-
940 1537 961 1566 C

143 1567 224 1595 ἀννου
237 1568 361 1600 θάνατον,
378 1567 394 1601 ἢ
411 1567 457 1594 τὸν
478 1567 603 1599 Ἡσαΐου,
618 1567 716 1598 οἵτινες
730 1568 743 1592 6
758 1567 808 1600 μὲν
820 1566 925 1600 ἐτμήθη

142 1615 192 1649 τὴν
220 1614 353 1649 κεφαλὴν,
371 1614 384 1640 6
408 1613 436 1640 δὲ
452 1612 570 1647 ὲπρῐσθη
594 1613 677 1647 μέσον
700 1612 798 1646 ξυλίνῳ
825 1613 925 1646 πρίονι,

141 1659 208 1686 ἀλλὰ
228 1659 297 1685 σῶον
321 1658 390 1693 ἔχων
414 1657 443 1684 τὺ
464 1658 554 1693 σῶμα,
581 1657 755 1684 διδασκαλίαν
781 1657 870 1690 ἀφεὶς,
887 1657 928 1682 ὃτι

142 1704 204 1729 ἐπεὶ
222 1704 301 1738 σῶμα
314 1702 436 1737 Χριστοῦ
452 1703 468 1737 ἠ
482 1701 633 1735 Ἐκκλησία
648 1701 732 1731 ἐστὶν,
750 1701 799 1726 οὐκ
813 1700 873 1726 ἔστι
890 1699 915 1726 δί

142 1757 230 1780 καιον,
245 1749 289 1774 ἵνα
304 1748 435 1782 σχίζωσιν
448 1747 536 1782 αὐτὴν
550 1747 573 1773 οἱ
593 1747 685 1778 κακῶς
701 1746 873 1781 ᾳρονοῦντες.

177 1792 209 1824 ζ’.
233 1793 291 1819 Ἔτι
306 1793 386 1826 φησὶν
398 1792 439 1818 ὃτι
456 1792 501 1818 τὸν
520 1791 638 1826 Χριστὸν
664 1792 677 1817 6
693 1791 758 1821 Θεὸς
774 1793 812 1821 εἰς
830 1791 928 1816 ἑαυτὸν

145 1838 357 1873 μετεκαλέσατο,
372 1836 511 1863 τουτέστιν
526 1837 564 1867 είς
580 1836 644 1867 τοὺς
661 1834 804 1870 οὐρανούς.
821 1835 887 1866 Περὶ
901 1833 928 1859 δὲ

142 1884 176 1909 τὰ
190 1883 254 1917 τέλή
265 1882 312 1909 τοῦ
326 1883 429 1916 κόσμου
448 1881 528 1907 πάλιν
560 1881 720 1915 φανήσεται,
737 1880 785 1905 καὶ
810 1878 930 1905 θανατώ-

145 1937 188 1954 σει
214 1929 259 1955 τὸν
274 1927 471 1962 Ἀντίχριστον,
489 1927 558 1962 μετὰ
571 1927 598 1952 δὲ
613 1925 698 1952 ταῦτα
715 1925 806 1960 Oenei):
822 1925 868 1950 καὶ
885 1924 929 1949 τὸν

120 1978 123 1979 ⁷
144 1971 274 2006 Χριστὸν,
298 1973 354 2002 τοῖς
380 1971 527 2005 αἱρετικοῖς
560 1970 735 1999 Δονατισταῐς
764 1967 929 2001 συμφωνῶν,

142 2018 189 2043 καὶ
205 2016 291 2052 ταύτῃ
305 2018 337 2051 τῇ
363 2017 467 2051 αἱρέσει
493 2015 522 2042 τὸ
537 2014 727 2049 ὁμολογεῖσθαι
757 2013 872 2047 Χριστὸν
886 2012 931 2037 τὸν

142 2063 220 2097 Θεὶν.
237 2062 395 2097 ἀνατρέπει.
413 2062 473 2088 ’Ότι
501 2062 550 2096 μὲν
575 2060 629 2094 γὰρ
656 2060 795 2093 ἀνελήφθη
813 2059 852 2089 είς
870 2057 931 2088 τοὺς

144 2107 275 2142 οὐρανοὺς
291 2108 304 2134 6
321 2107 449 2142 Χριστὸς,
461 2106 597 2141 ομολογεί,
612 2105 658 2131 καὶ¹
685 2105 727 2131 ὅτι
747 2104 828 2130 πάλιν
855 2103 932 2128 ἐλεύ-

145 2152 239 2178 σεσθαι
267 2151 360 2187 μέλλει
381 2152 430 2178 οὐκ
457 2152 600 2185 ἀρνεῖται·
627 2151 668 2176 ὅτι
693 2150 720 2176 δὲ
746 2149 783 2180 ὡς
805 2148 869 2178 Θεδς
885 2148 932 2173 καὶ

970 240 1016 267 sed
1033 240 1135 268 Judaeis
1157 241 1253 268 mortis
1268 248 1324 268 sure
1340 241 1483 268 arbitrium
1504 241 1628 275 permisit
1642 251 1648 268 :
1665 236 1761 276 quem:

970 286 1116 314 admodum
1141 294 1292 321 gencrosus
1314 287 1415 313 athleta
1449 294 1504 312 non
1533 287 1591 320 ipse
1619 293 1762 314 concerta-

971 336 1058 359 torem
1076 337 1103 359 et
1117 332 1321 359 colluctatorcm
1345 332 1431 366 eligit,
1447 332 1495 359 sed
1509 340 1570 359 cum
1596 339 1650 358 uno
1672 332 1760 366 quoli-

971 378 1017 405 bet
1031 378 1223 412 congreditur;
1240 379 1279 405 sic
1293 378 1375 405 etiam
1396 378 1533 409 Christus,
1546 377 1591 412 qui
1604 378 1663 404 solo
1676 378 1759 404 verbo

971 425 999 452 in
1024 429 1124 450 terram
1152 428 1337 457 prostraverat
1361 428 1517 458 quaerentes
1533 430 1573 455 sc,
1590 430 1698 449 omnum
1713 430 1761 456 por

972 473 1097 496 testatem
1114 469 1216 497 Judmis
1232 469 1367 503 permisit,
1385 469 1430 502 qui
1448 473 1475 495 et
1495 468 1547 502 ipsi
1569 469 1660 495 crucis
1685 476 1759 494 mor-

973 520 1026 542 tem
1050 515 1202 550 elegerunt.
1230 515 1386 549 ignorantes
1415 514 1509 541 miseri
1537 514 1619 540 etiam
1644 518 1759 540 mortem

973 561 1054 589 hancs
1064 561 1213 595 prophetiae
1243 560 1354 595 figuram
1376 560 1501 594 implere.
1522 558 1605 586 David
1622 559 1693 585 enim
1721 559 1760 586 in-

972 607 1052 641 quit:
1072 616 1080 631 t
1101 606 1228 641 Lapidem
1246 614 1326 641 quem
1352 606 1567 641 reprobat-erunt
1582 604 1760 637 aediﬁcantes,

973 653 1018 680 hic
1031 653 1120 679 factus
1134 656 1175 679 est
1195 652 1221 678 in
1238 658 1318 686 caput
1341 652 1431 685 anguli
1455 651 1498 677 δθε
1530 661 1538 677 ι
1554 651 1684 685 quidnam
1710 651 1761 677 hoc

972 696 1102 724 vaticinio
1118 697 1268 723 innttcnte?
1292 696 1351 723 Non
1370 696 1443 723 aliud
1468 700 1553 727 certe,
1579 703 1661 730 quam
1687 695 1760 730 quod

973 743 1057 769 veluti
1072 743 1187 777 angulus
1206 743 1276 769 duos
1293 742 1434 777 coniungit
1448 746 1475 768 et
1498 741 1608 776 colligat
1632 741 1760 775 parietes,
1773 765 1781 768 μ

974 794 1113 822 unumque
1139 787 1215 819 facit,
1238 787 1277 814 sic
1298 791 1326 814 et
1344 787 1481 819 Christus,
1512 794 1593 821 quem
1619 786 1762 820 Scriptura

974 838 1079 866 petram
1095 833 1213 865 vocavit,
1231 840 1311 867 quam
1334 832 1561 866 reprobat-erunt,
1577 836 1605 859 et
1625 839 1674 859 ceu
1699 831 1761 858 inu-

940 869 959 897 Β
977 875 1051 902 tilem
1067 876 1233 911 reiecerunt,
1251 877 1406 911 nulliusque
1429 876 1508 910 pretii
1525 876 1705 903 aedificatores
1716 876 1762 904 Ju-

975 920 1037 952 drei.
1054 921 1101 955 qui
1121 929 1186 959 sane
1203 921 1436 948 conﬁrmaverunt
1456 921 1504 948 Dci
1524 922 1633 948 oracula
1653 922 1680 948 in
1694 921 1761 948 ardi-

975 965 1130 994 ﬁcationcm
1153 971 1181 993 et
1211 967 1327 994 salutem
1350 967 1439 1001 gentis
1456 975 1531 1000 sum;
1559 967 1614 998 hic.
1639 967 1761 1001 immani,

974 1011 1101 1039 Christus
1113 1012 1200 1039 I'uctus
1213 1017 1255 1039 est
1267 1012 1293 1038 in
1308 1018 1390 1046 caput
1406 1012 1508 1047 anguli,
1525 1012 1550 1038 id
1567 1016 1609 1039 est
1621 1012 1762 1047 conjunxit

979 1062 1054 1085 vetus
1081 1057 1298 1090 Testamentum,
1325 1061 1352 1085 et
1377 1062 1483 1092 gentes,
1509 1062 1536 1084 et
1566 1058 1608 1085 his
1633 1058 1763 1092 utrinque

975 1103 1130 1138 conjunctis
1146 1111 1227 1130 unam
1239 1103 1303 1131 fecit
1318 1104 1429 1131 domum
1443 1103 1470 1130 in
1490 1103 1678 1130 habitaculum
1698 1103 1762 1134 Dei;

975 1154 1004 1176 et
1030 1148 1151 1175 extensis
1167 1149 1194 1176 in
1210 1156 1292 1176 cruce
1317 1148 1454 1180 manibus,
1475 1148 1606 1175 distantia
1634 1148 1706 1174 inter
1733 1154 1763 1174 se

976 1193 1095 1229 collegit,
1116 1198 1143 1221 et
1160 1194 1188 1220 in
1203 1201 1286 1221 unum
1305 1201 1404 1220 novum
1422 1193 1562 1220 hominem
1579 1199 1716 1227 unamque
1733 1193 1764 1218 ti-

976 1240 1037 1268 dem
1052 1240 1206 1268 constituit.
1229 1239 1281 1267 Sed
1307 1244 1335 1267 ct
1359 1247 1462 1272 aerem,
1480 1239 1608 1274 quoniam
1637 1239 1765 1273 princeps

976 1287 1047 1314 aeris
1061 1286 1194 1313 infecerat
1211 1285 1349 1317 diabolus,
1373 1284 1554 1312 sanctiticavit
1575 1284 1702 1311 Christus
1716 1291 1765 1318 per

977 1339 1056 1359 suum
1086 1332 1112 1358 in
1140 1332 1230 1359 crucis
1261 1330 1444 1358 summitatem
1475 1337 1628 1357 ascensum.
1660 1329 1766 1356 Poterit

978 1385 1043 1403 vero
1057 1376 1157 1410 aliquis
1189 1381 1217 1402 et
1239 1376 1291 1402 hoc
1319 1375 1422 1406 dicere,
1459 1374 1532 1408 quod
1557 1374 1684 1401 Christus
1710 1381 1764 1400 non

978 1427 1104 1449 mortuus
1120 1422 1166 1456 sit,
1187 1430 1219 1449 ea
1237 1429 1290 1456 qua
1314 1421 1435 1449 Joannes
1449 1426 1476 1447 et
1493 1420 1576 1448 Isaias
1589 1425 1677 1447 morte
1690 1420 1766 1446 obie-

978 1473 1043 1495 runt
1058 1468 1084 1503 (e
1099 1468 1200 1502 quibus
1223 1467 1269 1494 ille
1294 1467 1404 1501 quidem
1429 1467 1518 1500 capite
1544 1469 1697 1497 truncatus,
1721 1465 1765 1491 hic

978 1520 1044 1539 vero
1061 1520 1136 1540 serra
1148 1513 1236 1547 lignea
1249 1511 1355 1538 medius
1371 1511 1507 1538 dissectus
1521 1512 1585 1544 est),
1603 1509 1649 1536 sed
1666 1516 1766 1543 corpus

979 1558 1082 1585 salvum
1104 1562 1131 1584 et
1148 1558 1286 1592 integrum
1312 1563 1487 1588 conservans,
1505 1555 1597 1582 docuit
1619 1555 1669 1581 hoc
1693 1554 1765 1580 facto

977 1611 1038 1634 nos,
1054 1604 1126 1637 quod
1139 1602 1300 1634 Ecclesiam,
1313 1601 1378 1635 quia
1395 1607 1495 1634 corpus
1515 1599 1617 1627 Christi
1639 1603 1694 1630 est,
1712 1606 1765 1625 non

977 1649 1057 1676 liceat
1073 1647 1214 1675 malevolis
1231 1647 1258 1673 in
1278 1646 1401 1674 diversas
1417 1650 1509 1680 partes
1526 1644 1694 1672 discindere.

1015 1783 1041 1809 7.
1061 1782 1174 1815 lnsupcr
1187 1779 1263 1812 dicit,
1278 1779 1364 1806 Deum
1377 1777 1410 1805 ad
1426 1784 1465 1810 se,
1482 1776 1508 1803 id
1527 1780 1569 1803 est
1582 1775 1610 1802 in
1625 1775 1708 1802 caelos
1719 1781 1766 1801 vo-

979 1828 1084 1855 cavisse
1097 1825 1249 1856 Christum,
1264 1822 1364 1850 deinde
1392 1829 1458 1849 vero
1479 1826 1507 1848 et
1534 1820 1622 1855 ipsum
1651 1819 1767 1846 moritu-

980 1881 1040 1900 rum
1055 1881 1061 1901 ι
1078 1871 1213 1899 haereticis
1241 1868 1389 1897 Donatistis
1416 1866 1600 1897 consentiens,
1623 1872 1683 1900 qua:
1714 1865 1768 1891 Inc-

980 1919 1050 1946 rcsis
1064 1918 1111 1945 Dei
1129 1917 1162 1944 de
1181 1915 1290 1943 Christo
1312 1913 1512 1941 confessionem
1537 1910 1664 1937 destruit.
1689 1908 1767 1942 Quod

981 1964 1054 1992 enim
1067 1963 1095 1989 in
1116 1962 1200 1989 catlos
1225 1963 1382 1994 assumptus
1411 1958 1446 1985 sit
1478 1956 1616 1987 Christus,
1642 1959 1766 1986 testatur,

982 2017 1032 2037 nec
1049 2009 1175 2037 eumdem
1199 2011 1281 2042 negat
1305 2006 1397 2032 denuo
1414 2008 1573 2031 venturum.
1597 2001 1674 2034 Quod
1701 2008 1767 2027 vero

981 2063 1031 2082 ceu
1049 2055 1119 2082 Deus
1141 2058 1168 2080 et
1183 2053 1265 2088 judex
1291 2051 1425 2078 universae
1448 2053 1528 2076 terrae
1558 2052 1688 2074 venturus
1721 2046 1767 2078 sit,

981 2101 1114 2134 abnegat;
1132 2099 1179 2126 sed
1205 2098 1291 2125 instar
1305 2096 1372 2122 Elite
1392 2099 1420 2121 et
1435 2093 1528 2121 Enoch
1545 2092 1685 2119 Christum
1703 2099 1769 2117 ven-

984 2150 1073 2172 turum
1096 2151 1156 2171 esse
1176 2142 1314 2177 praedicat.
1333 2140 1406 2167 Illius
1422 2143 1509 2165 morte
1525 2142 1616 2164 autem
1640 2141 1702 2164 ante
1721 2144 1769 2163 ne-

144 2182 370 2232 κριτὴςη·πάσης
406 2182 532 2228 κτίσεως,
568 2195 761 2222 ἀποδάλλεται.
794 2193 866 2219 Ἅλλ¹
894 2192 923 2218 ὠ.

983 2195 1052 2225 gata,
1072 2197 1145 2216 nunc
1170 2187 1237 2215 dicit
1257 2187 1339 2214 etiam
1356 2185 1497 2213 Christum
1523 2184 1699 2214 moriturum,
1720 2182 1768 2209 ubi

145 2243 237 2270 Ἠλίαν
253 2244 269 2277 ἢ
283 2243 378 2277 Ἑνὼχ.
394 2242 465 2268 οὓτω
485 2242 614 2276 κηρύττει
626 2243 672 2268 τὸν
687 2239 805 2275 Χριστὸν
818 2238 928 2265 ἐλεύσε-

145 2290 217 2316 σθαι.
235 2289 415 2324 Ἀρνούμενος
431 2288 516 2315 δὲκαὶ
531 2287 576 2314 τὸν
590 2287 696 2314 ἐκείνου
711 2285 836 2316 θάνατον,
854 2285 928 2318 λέγει

144 2337 185 2362 ὅτι
209 2335 278 2370 μετὰ
299 2335 329 2364 τὸ
343 2335 498 2361 θανατῶσαι
511 2334 556 2360 τὸν
571 2333 765 2367 Ἀντίχριστον,
783 2332 829 2357 καὶ
842 2331 924 2357 αὑτὸν

144 2382 190 2407 τον
218 2380 337 2416 Χριστὸν
357 2381 512 2407 ἀποθανεῖν.
541 2379 612 2406 Ἀλλ’
640 2378 702 2404 ἐπεὶ
725 2377 856 2407 πολλάκις
883 2376 929 2402 καὶ

145 2427 280 2463 διαφόρως
306 2426 461 2462 ἔμπροσθεν
482 2427 547 2462 περὶ
578 2426 625 2452 τοῦ
654 2424 773 2460 Χριστοῦ
804 2423 929 2456 εἴπομεν,

145 2477 252 2510 ἀπόχρη
265 2476 298 2501 τὰ
313 2475 448 2508 λεγόμενα
469 2475 508 2504 είς
534 2472 689 2507 ἀνασκευὴν
705 2472 753 2498 καὶ
775 2469 923 2496 κατάλυσιν

147 2522 211 2550 στοῦ
226 2521 314 2548 ταῦτὰ
324 2522 378 2546 εἰσι
392 2520 426 2546 τὰ
442 2519 518 2554 παρὰ
532 2519 579 2545 τοῦ
596 2518 720 2552 Μωὰμεθ
735 2517 875 2552 λεχθέντα.

182 2567 218 2604 η’.
237 2567 304 2602 Περὶ
321 2566 350 2593 δὲ
365 2567 414 2600 τῆς
430 2566 511 2600 ἁγίας
538 2565 648 2600 Μαρίας
664 2566 712 2597 τῆς
727 2562 863 2598 παρθέωυ
883 2560 930 2586 καὶΙ

146 2613 275 2641 θεοτὸκου
289 2612 389 2638 οὑτωσί
405 2620 497 2646 φησιν,
516 2611 557 2637 ὅτι
572 2611 595 2636 oi
619 2609 778 2645 Χριστιανοὶ
794 2606 931 2635 θεοποιοῦ-

146 2668 188 2685 σιν
198 2659 294 2693 αὑτήν.
307 2657 385 2683 Ἐπεὶ
401 2657 466 2691 γοῦν
478 2658 524 2683 καὶ
541 2656 605 2690 περὶ
620 2655 666 2681 τοῦ
690 2654 810 2680 τοιούτου
830 2652 931 2686 ἀτοπή-

148 2712 233 2739 ματος
259 2702 385 2738 ἀρκετῶς
408 2702 562 2737 εἰρήκαμεν
577 2701 604 2727 ὲν
624 2701 656 2735 τῇ
679 2699 760 2734 τρίτῃ
787 2697 930 2732 ἀπολογίᾳ,

148 2750 230 2776 πλέον
240 2749 271 2775 οὐ
289 2748 414 2783 λέγομεν.
426 2747 546 2782 Ἀρκετὰ
560 2747 607 2773 καὶ
618 2746 672 2780 γάρ
693 2746 746 2771 εἰσι
759 2745 791 2770 τὰ
805 2743 929 2778 ρηθέντα.

186 2832 209 2848 ⁸⁸
226 2831 323 2860 Matth.
345 2838 401 2864 xxi,
421 2813 467 2858 τε.

982 2236 1181 2264 Antichristum
1207 2233 1349 2261 occiderit.
1384 2232 1519 2265 Quoniam
1544 2237 1610 2257 vero
1643 2229 1769 2263 superius

983 2289 1053 2316 saepe
1069 2286 1096 2308 et
1115 2280 1290 2307 multifariam
1307 2279 1341 2306 de
1358 2277 1467 2304 Christo
1483 2276 1612 2308 diximus,
1629 2275 1769 2301 suiliciunt

983 2336 1014 2355 ea
1028 2334 1089 2361 quae
1103 2326 1174 2352 dicta
1199 2328 1273 2355 sunt,
1290 2324 1318 2350 in
1337 2328 1418 2349 tantae
1435 2321 1583 2356 impietatis
1606 2318 1769 2346 confutatiu-

983 2378 1046 2398 nem
1059 2374 1087 2397 et
1101 2369 1277 2396 solutionem.
1293 2367 1325 2394 Et
1340 2367 1398 2394 haec
1411 2373 1476 2393 sane
1489 2369 1553 2392 sunt
1566 2372 1626 2399 qua:
1641 2364 1674 2390 de
1688 2362 1769 2390 Chri-

983 2422 1026 2445 sto
1041 2424 1055 2443 a
1068 2416 1221 2443 Maliomete
1237 2417 1300 2441 sunt
1313 2413 1420 2440 tradita.

947 2466 994 2492 καὶ
1009 2463 1104 2491 τούτου
1133 2462 1180 2488 τοῦ
1199 2461 1384 2495 ἀσεϐήματος.
1414 2459 1469 2485 Καὶ
1489 2458 1554 2493 περὶ
1575 2456 1625 2491 μὲν
1641 2455 1686 2482 τοῦ
1701 2455 1768 2491 Χρι-

1015 2557 1041 2584 8.
1054 2556 1090 2583 De
1104 2559 1199 2582 sancta
1213 2560 1278 2580 vero
1295 2551 1378 2580 Maria
1395 2551 1498 2586 virgine
1521 2554 1548 2577 et
1563 2550 1675 2584 Deipara
1687 2549 1764 2583 dicit,

979 2603 1052 2638 quod
1082 2599 1230 2628 Christiani
1248 2599 1319 2626 illam
1338 2599 1365 2625 in
1390 2600 1454 2625 ι¹οοε
1482 2597 1612 2624 referant.
1634 2596 1766 2628 Quoniam

981 2656 1046 2676 vero
1062 2647 1144 2674 etiam
1161 2648 1193 2674 de
1209 2647 1259 2673 hac
1280 2644 1447 2672 absurditate
1471 2643 1499 2670 in
1524 2642 1602 2669 tertia
1636 2641 1766 2675 Apologia

980 2695 1099 2722 diximus
1122 2691 1298 2723 sufﬁcienter,
1316 2691 1390 2726 plura
1409 2697 1461 2716 non
1476 2688 1616 2719 dicemus;
1637 2694 1668 2713 ea
1693 2686 1765 2711 cnim

981 2734 1041 2776 qua:
1058 2739 1130 2766 dicta
1151 2743 1226 2771 sunt,
1258 2738 1310 2764 huc
1334 2735 1480 2763 suiliciunt.
1506 2733 1572 2760 lletn
1598 2733 1625 2758 in
1648 2731 1767 2766 capitulo
