1949 3093
214 152 267 183 675

811 148 975 179 JOANNIS
994 147 1254 179 CANTACUZENI

1778 147 1832 178 676

213 208 336 238 Amram,
356 206 390 233 de
416 206 522 240 virgine
553 210 644 232 sancta
673 205 756 238 Maria
785 205 898 240 Dciparn
923 204 997 237 dicit,

1056 205 1115 231 Ἔτι
1140 205 1169 231 ὲν
1191 204 1231 238 τῷ
1255 203 1394 239 κεφαλαίῳ
1409 203 1448 238 τῷ
1467 203 1580 239 ’Λμρὲμ
1605 201 1679 236 λέγει
1697 201 1762 237 περὶ
1783 198 1841 236 τῆς

214 260 272 280 eam
288 252 368 278 liliam
384 259 444 278 esse
463 252 549 286 ipsius
567 251 689 280 Amram.
711 251 758 285 qui
775 255 852 285 paler
861 255 905 277 est
918 250 1000 278 Musis

213 303 242 325 et
257 298 384 325 Aaronis.
399 296 635 330 Quemadmodum
651 297 733 323 etiam
750 297 777 323 in
790 296 878 330 capite
889 295 1000 323 Mariam

213 344 290 371 clare
307 343 383 374 dicit.
395 343 497 370 Christi
517 343 628 369 Matrem
645 342 755 368 Mariam
777 342 858 369 Mosis
871 346 899 368 et
913 341 1000 368 Aaro-

218 392 260 416 nis
275 397 397 415 sororem
418 387 604 420 luissn.Quod
631 395 696 414 sane
725 387 835 414 Amram
866 387 947 414 Musis
972 391 1002 413 et

218 435 336 460 Aaronis
358 441 456 468 parcus
472 433 565 464 fuerit,
583 441 678 460 verum
698 438 747 459 est.
761 432 846 466 Cujus
861 437 952 459 autem
971 432 1000 458 ii-

215 480 249 506 lia
267 480 302 506 sit
318 480 431 514 Deipara
458 479 543 512 virgo.
559 484 587 505 et
613 486 628 504 e
652 478 752 513 quibus
779 482 852 510 nata,
875 478 1002 504 omnibus

215 526 390 552 manifestum
408 529 460 552 est.
477 525 558 551 Mosis
573 525 646 551 enim
661 531 738 550 soror
753 523 836 550 Maria
852 524 878 550 in
893 523 1001 550 deserto

214 576 323 596 mortua
345 575 396 597 est.
421 570 507 596 Annis
526 574 616 596 autem
644 570 677 596 ab
704 570 768 597 hine
797 569 896 603 elapsis
927 569 1000 596 mille

182 646 186 649 ι
213 616 372 649 quingentis
392 621 454 642 nata
481 620 524 642 est
544 615 658 649 Deipara
682 616 768 649 virgo.
792 614 832 641 En
856 618 909 640 tam
933 613 1001 641 scite

213 661 315 687 stultus
331 660 374 687 hic
392 660 418 687 in
436 666 492 688 toto
507 668 588 695 opere
601 668 651 687 suo
666 661 808 687 veritatem
824 660 961 688 observat.

1049 250 1230 284 dstmpOévw
1248 251 1328 283 ἁγίας
1347 251 1457 285 Μαρίας
1470 250 1520 285 τῆς
1535 249 1660 276 θεοτόκου
1684 249 1726 276 ὅτι
1752 248 1835 282 θυγά-

1048 303 1100 329 τηρ
1114 296 1173 322 εστὶ
1187 304 1235 322 τιυ
1249 296 1372 331 Ἀμρὰμ,
1390 297 1418 328 ὅς
1435 296 1493 322 ιστι
1511 294 1602 330 πατὴρ
1623 293 1670 321 τοῦ
1692 295 1833 330 προφήτου

1050 341 1188 373 Μωῡσέως
1203 342 1252 368 καὶ
1267 341 1315 368 τοῦ
1334 341 1453 377 Ἀαρὼν,
1479 341 1516 373 ὡς
1529 341 1575 368 καὶ
1590 342 1620 367 ὲν
1638 339 1677 375 τῷ
1693 339 1832 374 κεφαλαίῳ

1049 386 1088 421 τῷ
1112 387 1238 422 Μαριὰμ,
1262 388 1331 422 επερ
1355 387 1537 422 ἑρμηνεύεται
1553 385 1658 420 Μαρία,
1684 385 1832 420 διαρρήδην

1051 432 1134 465 φησὶν
1159 432 1200 458 ὅτι
1216 433 1232 466 ή
1250 432 1297 458 τοῦ
1311 431 1430 466 Χριστοῦ
1455 432 1548 466 μήτηρ
1571 431 1667 465 Μαρία
1681 429 1783 465 ἀδελφὴ
1799 426 1833 464 ἦν

1049 476 1097 502 τοῦ
1112 485 1141 502 τε
1155 477 1261 512 Ἀαρὼν
1276 479 1321 504 καὶ
1338 477 1471 508 Μωσέως.
1493 476 1547 503 Καὶ
1572 476 1613 502 ὃτι
1630 475 1679 510 μὲν
1689 476 1704 502 ὁ
1718 474 1832 510 ’Δμρὰμ

1050 521 1142 556 πατὴρ
1153 519 1187 556 ἦν
1203 522 1342 553 Μωῦσέως
1354 521 1403 549 καὶ
1419 520 1536 556 ’Λαρὼν,
1549 520 1635 552 οὕτως
1649 519 1749 554 ὲστὶνή
1764 519 1832 553 ἁλή-

1050 566 1110 592 θεια
1121 574 1128 582 ·
1146 566 1217 598 τίνος
1234 566 1262 592 δέ
1275 567 1349 592 ἐστιν
1374 567 1390 602 ὴ
1417 566 1549 597 Θεοτόκος
1560 565 1693 600 θυγάτηρ,
1709 564 1754 591 καὶ
1767 563 1832 590 ποτε

1049 612 1192 646 ἐγεννήθη,
1206 613 1262 643 τοῖς
1274 613 1340 638 πᾶσι
1352 611 1479 647 φανερόν.
1488 610 1540 637 Τοῦ
1556 611 1610 645 γὰρ
1619 610 1740 640 Μωσέως
1754 608 1832 635 ἁδελ-

1049 658 1086 693 ᾳὴ
1098 659 1114 692 ή
1127 658 1220 692 Μαρία
1237 658 1266 683 ἂν
1276 659 1308 693 τῇ
1325 658 1422 692 ὲρήμῳ
1434 657 1564 685 ἀπέθανε.
1581 657 1658 684 Μετὰ
1673 656 1701 682 δὲ
1720 655 1832 690 χρόνους

213 706 315 739 vilico;
337 706 534 737 πεντακοσίους
565 706 696 741 ἐγεννήθη
725 708 741 741 ή
761 707 827 741 ἁγία
854 707 998 738 Θεοτόκος.
1019 705 1098 732 Οὕτω
1112 704 1321 739 παραφυλάττει
1338 705 1354 731 ό
1387 706 1503 739 μάταιος
1531 704 1581 739 τῆν
1601 704 1691 730 πᾶσαν
1701 700 1832 736 ἀλήθειαν

213 753 243 779 ἐν
261 754 314 788 ὅλῳ
326 754 363 787 τῷ
380 754 463 780 αὐτοῦ
484 754 696 789 συγγράμματι.

365 819 398 846 ΙΝ
418 819 640 861 ΜΑΗΟΜΕΤΕΜΥ
654 818 783 848 ORATIO
798 818 844 846 IV.

252 885 261 901 ι
276 875 387 911 Impius,
411 881 442 903 ut
457 876 635 904 admirandus
658 877 703 904 ille
724 876 850 903 Salomon
873 880 998 908 testatur,

213 922 314 950 cumin
332 922 497 956 profundum
522 929 695 957 peccatorum
716 923 851 953 inciderit.
876 927 1001 950 contem-

213 967 253 994 nit
270 966 304 994 ".
324 975 334 993 ι
363 966 396 993 ΕΙ.
417 967 478 1000 quis
506 966 605 1001 impius
638 967 722 1001 magis
753 967 812 1001 ipso
839 965 999 993 Mahomet?

213 1012 248 1039 Et
260 1011 397 1046 quodnam
413 1017 586 1046 peccatorum
607 1011 772 1046 profundum
789 1015 841 1044 est,
867 1019 928 1046 quae
948 1011 998 1038 dc-

215 1057 296 1091 nique
310 1057 439 1089 tenebrze,
456 1057 482 1083 in
501 1065 569 1092 quas
590 1057 683 1084 infelix
707 1057 752 1084 hic
781 1065 834 1084 non
857 1056 1002 1084 inciderit?

213 1102 287 1128 Inter
302 1102 354 1128 alia
370 1102 444 1129 enim
469 1102 597 1136 ﬁgmenta
622 1107 650 1129 et
677 1102 800 1137 prodigia
819 1102 897 1133 falsa,
919 1101 999 1128 etiam

213 1148 283 1175 hanc
304 1147 437 1174 visionem
465 1148 542 1174 tinxit
570 1147 726 1179 nefandam,
753 1155 814 1181 quae
835 1147 1001 1174 verbotenus

212 1193 283 1227 apud
300 1193 374 1220 illum
389 1193 416 1220 in
432 1193 521 1227 capite
538 1193 656 1219 filiorum
669 1192 750 1220 Israel
769 1192 830 1219 talis
843 1192 943 1226 legitur
958 1200 966 1218 :

249 1239 274 1264 Ι.
291 1238 362 1264 Laus
377 1237 427 1269 illi,
443 1238 489 1272 qui
503 1237 566 1265 fecit
578 1239 695 1265 transire
707 1245 815 1264 servum
828 1245 907 1264 suum
919 1236 1000 1264 unius

214 1283 303 1309 noctis
322 1287 445 1317 tempore
467 1290 500 1310 cx
520 1283 641 1310 oratorio
662 1282 751 1315 Elara,
777 1282 850 1316 quod
869 1287 911 1309 est
932 1287 1001 1309 tem-

213 1329 288 1363 plum
301 1328 377 1355 urbis
396 1328 508 1361 Meclne,
524 1336 610 1362 usque
625 1327 658 1354 ad
675 1327 823 1355 oratorium
844 1327 1001 1362 longissime

213 1374 329 1404 distans.
349 1373 480 1407 templum
502 1373 607 1400 scilicet
627 1378 751 1400 sanetum
782 1372 808 1398 in
838 1371 999 1405 Jerusalem,

213 1425 295 1452 quam
322 1417 523 1445 benediximus.
552 1417 674 1450 Quodam
701 1417 745 1444 die
779 1425 841 1444 cum
864 1417 1000 1445 Mabomet

1188 821 1283 847 ΚΑΤΑ
1303 820 1372 847 ΤΟΥ
1386 820 1532 848 ΜΩΑΜΕΘ
1547 820 1659 847 ΛΟΓΟΣ
1675 820 1711 848 Δ’.

1087 884 1096 901 α
1112 876 1225 910 Ἀσεὸὴς
1239 877 1279 908 εἰς
1293 876 1373 911 βάθος
1386 877 1479 904 κακῶν
1493 876 1622 911 ἐμπεσὼν
1635 876 1831 911 καταφρονεῖ.»

1050 922 1132 956 φησιν
1146 923 1159 948 ὁ
1172 922 1325 956 θαυμάσιος
1348 921 1486 956 Σολομῶν.
1514 922 1569 949 Καὶ
1586 921 1628 953 τίς
1654 922 1832 957 ἂσεὸἐστερος

1050 966 1187 1001 Μωάμεθς
1204 968 1282 994 Ποῖον
1298 967 1326 993 δὲ
1344 967 1426 1002 βάθος
1449 966 1552 999 κακῶν,
1567 967 1667 1001 μᾶλλον
1679 968 1707 994 δὲ
1723 968 1833 1000 σκότος,

1051 1013 1088 1043 εἰς
1102 1013 1116 1039 ὃ
1132 1013 1182 1039 οὐκ
1196 1014 1324 1040 ἐνέπεσεν
1339 1014 1353 1040 ό
1366 1012 1495 1047 δύστηνος
1514 1009 1608 1046 οὖτος;
1627 1014 1675 1040 καὶ
1688 1013 1743 1047 γὰρ
1764 1012 1832 1048 μετὰ

1050 1059 1104 1085 τῶν
1121 1059 1210 1086 ἄλλων
1223 1058 1391 1093 πλασμάτων
1404 1059 1453 1086 καὶ
1467 1059 1592 1094 τεράτων
1611 1058 1718 1092 ψευδῶν
1733 1059 1836 1085 ἐπλάσο

1051 1112 1111 1129 σετο
1136 1104 1183 1130 καὶ
1196 1104 1248 1138 τὴν
1269 1104 1410 1139 παροῦσαν
1431 1103 1552 1140 ἄθεσμον
1568 1105 1697 1139 θεωρίαν,
1719 1104 1835 1139 ἔχουσαν

1051 1150 1097 1176 ἐπὶ
1109 1148 1207 1181 λέξεως
1217 1148 1303 1180 οὕτως
1318 1149 1346 1174 ὲν
1362 1148 1402 1184 τῷ
1418 1148 1558 1184 κεφαλαίῳ
1568 1148 1623 1176 τῶν
1632 1149 1699 1176 υῑῶν
1711 1149 1831 1184 Ἰσραήλ·

1084 1234 1118 1261 α’.
1136 1232 1215 1266 Αἶνος
1226 1235 1266 1270 τῷ
1285 1235 1432 1270 ποιήσαντι
1446 1234 1562 1262 διελθεῖν
1583 1235 1629 1262 τδν
1641 1234 1734 1261 δοῦλον
1748 1235 1833 1262 αὐτοῦ

1050 1280 1079 1306 ὲν
1091 1281 1141 1314 μιᾷ
1155 1280 1231 1306 νυκτὶ
1244 1280 1298 1306 ἀπὸ
1312 1280 1358 1306 τοῦ
1371 1280 1517 1315 εὐκτηρίου
1529 1278 1577 1306 τοῦ
1588 1279 1721 1314 Ἐλαρὰμ.
1735 1280 1749 1306 ὅ
1760 1280 1835 1306 ἐστιν

1050 1322 1125 1355 οἶκος
1143 1324 1251 1357 Μακκὲ,
1277 1325 1358 1359 μέχρι
1390 1323 1437 1351 τοῦ
1465 1323 1645 1359 πορῤωτάτου
1675 1324 1834 1358 εὐκτηρίου,

1050 1370 1063 1396 ὃ
1085 1370 1158 1396 ἐστιν
1180 1367 1254 1401 οἶκος
1280 1370 1357 1403 ἅγιος
1376 1369 1567 1404 Ἰερουσαλὴμ,
1589 1370 1622 1404 ἢν
1635 1369 1834 1404 εὐλογήσαμεν,

1050 1416 1064 1442 ὁ
1080 1415 1227 1451 Μαχούμετ
1253 1416 1282 1442 ἑν
1305 1416 1356 1450 μιᾷ
1376 1415 1431 1442 τῶν
1449 1415 1571 1450 ὴμερῶν,
1587 1415 1656 1450 μετά
1671 1415 1702 1441 τὺ
1723 1415 1834 1449 ψάλλειν

213 1464 291 1497 juxta
307 1467 414 1497 tempus
437 1462 618 1490 constitutum
645 1462 800 1493 cecinisset.
823 1461 890 1489 dixit
915 1462 997 1489 homi-

1053 1462 1133 1488 αὐτὸν
1152 1461 1201 1496 τὴν
1225 1461 1344 1496 ἑωθινὴν
1368 1460 1443 1496 ὥραν
1459 1460 1554 1493 αὐτοῦ,
1576 1459 1638 1487 εἷπε
1653 1462 1711 1492 τοῖς
1724 1460 1834 1494 ἀνθρὼ-

214 1509 295 1534 nihus
309 1516 317 1534 :
331 1506 489 1542 Intelligite,
507 1506 642 1533 homines.
658 1506 725 1534 Cum
748 1507 805 1534 heri
819 1514 834 1533 a
850 1507 927 1534 vobis
946 1507 1002 1534 dis-

215 1553 370 1585 cessissem.
388 1552 462 1580 venit
485 1551 518 1579 ad
542 1559 586 1579 me
612 1556 674 1587 post
686 1553 868 1587 vespertinam
885 1552 1001 1587 psalmo-

214 1600 287 1626 diam
311 1598 424 1634 angelus
449 1597 572 1629 Gabriel,
604 1598 728 1633 dixitque
755 1598 999 1630 mihi:Mahomet.

215 1643 347 1671 Dominus
359 1643 483 1678 praecipit
494 1642 543 1670 tibi
560 1646 591 1669 ut
606 1641 682 1669 illum
701 1643 814 1670 invisas.
845 1643 894 1670 Cui
917 1643 971 1670 dixi
991 1651 998 1670 :

214 1689 250 1716 Et
274 1688 321 1715 ubi
344 1688 443 1715 videbo
469 1687 562 1714 illum?
584 1687 617 1715 Et
634 1688 908 1723 responditGabriel.
923 1688 951 1715 In
967 1696 1000 1716 eo

215 1735 276 1762 loco
296 1741 376 1768 quem
396 1733 542 1760 inhabitat.
565 1732 600 1760 Et
629 1737 693 1761 tunc
714 1734 868 1767 jumentum
889 1732 1001 1760 adduxit

214 1780 282 1806 mihi
299 1779 388 1815 majus
401 1779 512 1814 quidem
530 1779 619 1811 asino.
636 1780 711 1807 mulo
727 1784 818 1807 autem
835 1780 936 1811 minus,
955 1779 998 1806 cui

214 1832 314 1852 nomen
328 1824 481 1860 Emparak;
504 1828 532 1851 et
548 1824 616 1852 dixit
631 1825 664 1852 ad
683 1832 726 1851 me
738 1833 745 1852 :
758 1823 915 1851 Conscende
936 1825 996 1856 hoc,

213 1875 243 1897 ct
258 1869 291 1897 ad
304 1869 416 1897 domum
439 1873 561 1897 sanctam
580 1870 695 1904 pergito.
717 1869 874 1897 Iumentum
899 1877 963 1897 vero
980 1877 998 1897 a

214 1923 258 1942 me
281 1915 337 1950 jam
369 1921 519 1942 ascensuro
533 1914 649 1949 aufugit.
674 1914 724 1941 Cui
753 1914 822 1942 dixit
849 1915 962 1950 angelus
990 1923 998 1942 :

214 1960 352 1992 Consiste,
367 1960 504 1987 Mahomet
528 1959 601 1986 enim
624 1960 647 1986 is
660 1963 703 1986 est
716 1960 763 1994 qui
779 1963 805 1986 te
821 1959 997 1987 conscendet.

215 2006 250 2033 Et
263 2005 405 2039 respondit
428 2006 580 2038 jumentum
601 2013 609 2031 :
637 2004 706 2033 Num
732 2004 759 2031 in
778 2005 860 2040 hujus
885 2005 998 2039 gratiam

214 2058 275 2079 sum
293 2050 424 2078 missum?
440 2050 588 2085 Respondit
599 2057 664 2077 vero
673 2049 782 2077 Gabriel
799 2058 806 2077 :
822 2050 871 2077 Ita.
887 2051 921 2078 Et
932 2051 999 2078 dixit

213 2097 369 2131 jumentum
394 2096 594 2130 :Nequaquam
613 2099 643 2122 ut
664 2103 707 2122 me
729 2095 893 2123 conscendat
913 2096 998 2123 admi-

216 2150 290 2175 sero,
312 2142 364 2169 nisi
384 2142 461 2176 prius
476 2149 526 2176 pro
543 2149 587 2169 me
598 2142 682 2169 Deum
698 2142 826 2170 oraverit.
839 2142 895 2176 Ego
906 2147 997 2170 autem
1014 2133 1036 2162 θ

215 2195 266 2222 pro
279 2188 403 2223 jumento
420 2187 505 2214 Deum
522 2187 607 2218 oravi.
628 2192 654 2214 et
668 2188 814 2215 conscendi
827 2188 908 2220 illud;
927 2187 999 2222 quod

214 2241 258 2260 me
286 2232 434 2263 insidente.
470 2232 554 2267 gradu
585 2232 659 2259 molli
690 2227 844 2265 incedrbat,
872 2233 1000 2267 ungulam

215 2284 292 2304 suam
318 2277 346 2303 in
371 2276 541 2303 horizontem
574 2278 649 2304 visus
674 2277 716 2304 sui
737 2285 819 2311 super
847 2277 999 2312 inﬁgendo;

215 2321 287 2349 unde
303 2321 400 2348 tninori
417 2321 548 2356 temporis
562 2321 715 2353 intervallo,
739 2329 820 2356 quant
843 2322 943 2357 lapidis
959 2322 1001 2356 ja-

214 2374 276 2395 ctus
286 2367 389 2394 absolvi
404 2368 501 2402 possit,
516 2368 549 2394 ad
565 2369 674 2395 domum
690 2373 810 2395 sanctam
825 2369 999 2403 pervenimus

215 2419 269 2438 una
282 2419 344 2438 eum
356 2411 479 2439 Gabriele
493 2412 600 2447 angelo.
621 2412 671 2445 Qui
690 2413 768 2440 duxit
787 2422 830 2441 me
846 2415 879 2441 ad
903 2423 996 2450 rupem

214 2460 372 2492 quamdam,
389 2466 448 2492 qua:
462 2465 522 2486 erat
542 2456 568 2486 in
585 2460 666 2487 domo
683 2459 728 2487 Dei
746 2459 947 2496 llierosolymze.
966 2462 1000 2489 Et

215 2503 284 2530 dixit
296 2503 361 2530 tnihi
374 2503 482 2531 Gabriel
497 2514 504 2532 :
516 2504 664 2538 Descende,
677 2506 805 2540 quoniam
816 2507 849 2532 de
861 2511 936 2540 petra
949 2507 1000 2534 hac

214 2549 314 2576 cmlum
338 2553 424 2584 petes.
444 2549 477 2577 Ει
499 2550 638 2578 descendi.
664 2551 783 2586 Angelus
808 2560 872 2579 vero
891 2552 998 2580 Gabriel

215 2595 320 2622 circulo
335 2595 453 2629 quodam
474 2596 507 2622 ad
526 2603 620 2631 rupem
636 2597 919 2632 alligavitjumentnm
937 2599 999 2626 Em-

216 2638 308 2673 parak,
326 2643 354 2667 et
379 2647 423 2667 me
448 2639 571 2668 humeris
595 2641 653 2669 suis
681 2641 818 2669 sublatum
841 2643 874 2670 ad
899 2644 998 2671 omium

217 2691 303 2718 usque
319 2685 448 2718 portavit.
466 2685 525 2718 Quo
547 2693 608 2712 eum
628 2687 857 2722 pervenissemus,
881 2689 1000 2722 pulsavit

214 2728 288 2755 fores
299 2728 417 2757 Gabriel.
429 2729 479 2758 Cui
489 2730 591 2758 dictum
603 2736 655 2764 est,
668 2731 735 2764 Quis
747 2732 794 2760 es?
804 2731 953 2767 Respondit
964 2735 997 2768 is,

215 2773 271 2809 Ego
283 2782 343 2802 sum
357 2774 478 2803 Gabriel.
493 2776 526 2804 Et
542 2784 636 2805 rursus
649 2777 753 2805 dictum
766 2781 809 2806 est
824 2778 873 2811 illi,
889 2777 922 2806 Et
936 2779 997 2813 quis

253 2843 275 2859 "’
295 2843 374 2871 Prov.
397 2851 474 2878 xvm,
497 2844 525 2873 5.

1052 1513 1125 1538 ποις,
1151 1516 1160 1533 ι
1178 1505 1214 1533 Ὠ
1240 1506 1318 1541 ὑμεῖς
1346 1506 1497 1542 ἄνθρωποι,
1523 1506 1723 1541 κατανοήσατε,
1769 1506 1834 1541 χθὲς

1053 1552 1121 1586 μετὰ
1141 1552 1171 1578 τδ
1192 1552 1335 1586 διαστῆναι
1354 1560 1389 1585 με
1419 1551 1507 1587 ὑμῶν,
1521 1550 1588 1587 ἦλθε
1611 1552 1680 1587 πρός
1701 1560 1734 1586 με
1749 1552 1763 1578 ὀ
1780 1552 1836 1578 Γα-

1051 1597 1131 1632 ϐριὴλ
1147 1597 1216 1632 μετὰ
1226 1597 1275 1632 τήν
1295 1597 1414 1632 ἰσχάτην
1437 1597 1584 1633 ἐσπερινὴν
1602 1597 1774 1633 ψαλμῳδίαν,
1786 1599 1834 1625 καὶ

1051 1641 1111 1669 εἷπε
1136 1644 1203 1678 πρός
1220 1652 1265 1678 με,
1279 1641 1315 1669 Ὦ
1338 1643 1479 1677 Μωάμεθ,
1500 1643 1656 1670 ἐντέλλεται
1683 1652 1724 1670 σοι
1738 1644 1752 1669 6
1767 1643 1835 1675 Θεὸς

1051 1687 1251 1722 ἐπισκέψασθαι
1275 1688 1367 1715 αὐτόν.
1388 1685 1424 1724 ᾯ
1445 1685 1533 1720 εἷπον,
1550 1687 1605 1714 Καὶ
1618 1687 1669 1714 ποῦ
1680 1687 1761 1714 αὑτὸν
1775 1688 1836 1715 ἑπι-

1052 1733 1186 1767 σκέψομαι
1197 1742 1203 1766 ;
1216 1734 1272 1760 Καὶ
1289 1732 1367 1760 εἶπεν
1381 1735 1395 1760 ὁ
1406 1733 1538 1770 Γαϐριὴλ,
1557 1734 1603 1760 Ἐν
1616 1733 1656 1769 τῷ
1669 1733 1745 1769 τόπῳ
1765 1734 1834 1761 ὅπου

1050 1779 1119 1804 ἐστί.
1136 1779 1190 1805 Καὶ
1200 1778 1287 1813 ἠγαγέ
1300 1787 1345 1814 μοι
1361 1780 1459 1815 κτῆνος
1471 1778 1564 1815 μεῖζον
1573 1779 1623 1814 μὲν
1634 1779 1707 1812 ὄνου,
1721 1779 1835 1806 ἔλαττον

1049 1824 1077 1850 δὲ
1089 1825 1212 1859 ἡμιόνου,
1227 1824 1274 1852 καὶ
1292 1826 1322 1852 τὸ
1335 1825 1421 1860 ονομα
1434 1825 1518 1852 αὑτοῦ
1532 1825 1690 1861 Ἐμπαράκ.
1705 1826 1759 1853 Καὶ
1771 1823 1833 1852 εἶπέ

1051 1877 1107 1904 μοι,
1117 1870 1258 1897 Ἀνάὃαινε
1273 1871 1369 1906 τούτῳ,
1383 1872 1432 1898 καὶ
1443 1871 1538 1898 ἔλαυνε
1550 1871 1631 1906 μέχρι
1645 1871 1692 1898 τοῦ
1701 1871 1775 1898 οῐκου
1785 1872 1846 1899 τοῠ’

1050 1915 1139 1949 ἁγίου.
1152 1916 1206 1942 Kal
1214 1916 1251 1947 ὥς
1257 1916 1414 1951 ἐφρόντιζον
1422 1917 1586 1948 ἀναϐαίνειν,
1594 1916 1678 1950 ἔφυγε
1686 1917 1718 1944 τδ
1724 1918 1833 1952 κτῆνος.

1050 1960 1106 1987 Καὶ
1115 1958 1193 1988 εἶπεν
1205 1962 1289 1996 αὐτῷ,
1303 1962 1413 1989 Ἴστασο
1430 1963 1568 1997 ἀσφαλῶς.
1583 1964 1598 1989 ὁ
1612 1963 1762 2000 Μαχοὺμετ
1776 1965 1832 1999 γὰρ

1049 2006 1124 2032 ἐστιν
1143 2007 1157 2032 ὸ
1178 2006 1207 2032 σὲ
1224 2006 1385 2041 βουλόμενος
1407 2007 1548 2041 ἀναϐῆναι.
1568 2007 1623 2034 Καὶ
1645 2008 1782 2043 ἀπεκρίθη
1802 2008 1833 2035 τδ

1049 2051 1156 2086 κτῆνος,
1182 2051 1227 2086 Μὴ
1256 2051 1327 2086 ὑπὲρ
1352 2052 1434 2079 αὑτοῦ
1455 2052 1628 2087 ἀπεστάλην,
1652 2052 1800 2089 Ἀπεκρίθη
1817 2054 1833 2081 6

1050 2097 1184 2132 Γαϐριὴλ,
1200 2097 1266 2124 Ναί.
1289 2098 1345 2125 Καὶ
1365 2096 1423 2124 εἷπε
1439 2098 1470 2124 τὸ
1489 2099 1597 2133 κτῆνος,
1610 2099 1646 2126 Οὐ
1662 2100 1834 2135 συγχωρήσω

1050 2143 1124 2179 αὖτῷ
1141 2143 1285 2179 ἀναὸῆναι,
1300 2145 1324 2170 ει
1342 2144 1379 2179 μὴ
1395 2144 1528 2180 πρότερον
1539 2145 1610 2179 ὑπὲρ
1621 2145 1688 2180 ἐμοῦ
1702 2146 1749 2172 τοῦ
1763 2146 1832 2173 Θεοῦ

1048 2189 1167 2224 δεηθείη.
1189 2188 1260 2223 Ἐγὼ
1280 2189 1309 2216 δὲ
1326 2190 1441 2224 ἐδεήθην
1464 2189 1512 2216 τοῦ
1535 2190 1602 2216 Θεοῦ
1630 2199 1682 2225 μου
1699 2191 1768 2226 ὑπὲρ
1785 2192 1832 2219 τοῦ

1048 2236 1174 2270 κτήνους,
1198 2235 1302 2270 ὲπέὸην
1321 2237 1352 2262 ’τε
1372 2236 1467 2267 αὑτοῦ,
1492 2236 1538 2262 καὶ
1554 2238 1715 2272 περιεπάτει
1735 2238 1833 2265 ἐπικα-

1049 2281 1169 2316 θημένου
1186 2289 1236 2315 μου
1255 2281 1353 2316 πορείᾳ
1371 2281 1467 2316 λεπτῇ,
1484 2282 1647 2317 ὲκεστήριζέ
1663 2291 1693 2309 τι
1712 2284 1763 2318 τὴν
1778 2293 1831 2319 χη-

1049 2327 1097 2362 λὴν
1111 2326 1159 2354 τοῦ
1180 2327 1258 2358 πεδος
1274 2327 1303 2360 ὲν
1315 2327 1353 2362 τῷ
1365 2327 1482 2362 ὁρίζοντι
1497 2329 1546 2362 τῆ;
1562 2327 1651 2362 ὅψεως
1665 2329 1758 2356 αὑτοῦ.
1778 2330 1833 2357 Καὶ

1047 2372 1134 2403 οὕτως
1154 2370 1236 2407 ἦλθον
1264 2373 1304 2403 είς
1331 2373 1376 2400 τδν
1403 2370 1476 2399 οἶκον
1504 2374 1549 2399 τὸν
1567 2373 1644 2407 ἅγιον
1666 2374 1696 2401 ἐν
1709 2375 1834 2402 ἐλάττονι

1048 2416 1224 2451 διαστήματι,
1247 2417 1263 2451 ἢ
1287 2417 1349 2443 ὅσον
1368 2417 1444 2443 λίθου
1464 2417 1529 2452 βολὴ
1549 2418 1700 2454 τελεσθείη.
1724 2417 1781 2446 Ἧν
1802 2420 1833 2447 δι

1049 2463 1096 2489 καὶ
1109 2464 1122 2489 ὁ
1141 2463 1262 2499 Γαϐριὴλ
1283 2465 1342 2499 μετ’
1361 2463 1441 2498 ἐμοῦ,
1463 2465 1507 2490 καὶ
1524 2464 1610 2499 ἡγαγέ
1629 2474 1663 2499 με
1687 2467 1727 2497 είς
1746 2467 1836 2503 ἀποῤ-

1050 2508 1127 2542 ρὡα
1153 2509 1181 2534 ἐν
1210 2508 1248 2543 τῷ
1265 2510 1331 2545 οἴκῳ
1355 2509 1501 2544 τῷράγίῳ,
1522 2512 1551 2537 ἑν
1578 2512 1612 2546 τῇ
1643 2510 1833 2548 Ἰερουσαλήμ.

1051 2554 1103 2579 Kal
1125 2552 1184 2580 εῐπέ
1202 2563 1247 2588 μοι
1272 2556 1286 2580 ὸ
1309 2555 1439 2590 Γαϐριὴλ,
1464 2556 1607 2591 Κιτάὸηθι
1621 2577 1628 2589 ,
1654 2557 1695 2584 ὅτι
1716 2558 1770 2585 ἀπὸ
1784 2559 1835 2594 τῆς

1053 2599 1156 2634 πέτρας
1170 2600 1271 2635 ταύτης
1286 2601 1409 2636 ἀναϐήσῃ
1432 2603 1472 2632 εἰς
1486 2600 1532 2628 τὸν
1548 2603 1673 2637 οὐρανόν
1691 2603 1739 2630 καὶ
1752 2605 1835 2632 κατέ.

1049 2645 1110 2679 δην.
1126 2646 1181 2672 Καὶ
1195 2647 1208 2672 ὁ
1231 2646 1350 2682 ratem}
1365 2647 1535 2681 ἠσφαλίσατο
1557 2648 1628 2682 μετὰ
1650 2648 1750 2675 κύκλου
1765 2650 1835 2685 πρὸς

1047 2691 1097 2726 τὴν
1115 2691 1266 2727 ἀπορρῶγα
1292 2691 1322 2718 τὺ
1350 2692 1447 2727 κτῆνος
1475 2693 1506 2719 τὸ
1533 2693 1690 2729 Ἐμπαρὰκ,
1708 2696 1755 2722 καὶ
1770 2695 1836 2723 ἐδάη

1048 2737 1130 2763 στασέ
1158 2746 1191 2771 με
1206 2738 1235 2763 ὲν
1252 2738 1309 2769 τοῖς
1333 2737 1418 2773 ὤμοις
1436 2738 1519 2765 αὑτοῦ
1539 2739 1621 2775 μέχρι
1639 2739 1687 2767 τοῦ
1704 2740 1835 2776 οὐρανοῦο

1047 2781 1094 2807 καὶ
1120 2781 1163 2807 ὅτε
1188 2781 1306 2816 ῆλοομεν
1337 2783 1405 2816 πρὸς
1438 2783 1484 2811 τὸν
1514 2783 1639 2820 οὐρανὸν,
1653 2784 1769 2821 ἔκρουσε
1784 2786 1836 2822 τὴν
