1949 3093
113 122 155 154 611

590 123 737 153 CONTRA
759 118 1000 153 MAHOMETEM
1023 116 1163 147 ORATIO
1185 116 1233 147 iV.

1665 117 1717 149 678

113 181 188 216 θύραν
208 181 222 207 ό
245 179 375 216 Γαϐριὴλ,
391 179 496 216 έρρήοη
514 189 543 207 τε
567 182 634 216 πρὸς
654 182 746 212 αὐτὸν,
767 182 813 213 Τίς
839 178 883 212 si;

949 177 985 204 ibi
1001 176 1107 204 comes?
1122 174 1272 209 Respondit
1291 174 1312 201 is
1331 183 1336 201 :
1353 174 1498 202 lllttltomct.
1520 175 1592 202 Dixit
1608 183 1717 202 rursum

117 226 256 263 1Λπεκρίθη
283 235 324 259 τε,
345 227 416 261 Ἐγώ
440 228 498 261 εἰμι
526 228 540 253 ό
558 227 689 262 Γαδριὴλ.
719 227 839 263 Ἐρῤήθη
854 235 883 253 τε

113 272 182 299 πάλιν
199 271 274 307 αὐτῷ
286 291 294 304 ,
312 272 369 298 Kal
396 272 439 303 τίς
458 273 515 298 ἐστι
539 272 608 307 μετὰ
633 272 700 304 ceti;
724 272 884 307 Ἀπεκρίθη,

116 316 142 344 '0
156 316 312 352 Μαχούμετ.
336 315 403 342 Εῐπε
419 315 447 342 δὲ
465 316 478 342 ὁ
491 315 625 352 θυρωρὸς,
642 316 687 351 Μὴ
702 316 772 351 ὑπὲρ
790 315 884 343 τούτου

112 361 140 399 ἦν
164 363 181 398 ὴ
205 361 363 396 ἀποστολῆς
394 361 449 388 Καὶ
469 360 545 388 εἶπεν
565 362 578 387 ό
603 361 735 396 Γαϐριὴλ,
750 361 813 388 Ναί.
832 361 886 388 Kal

113 408 210 444 ἧνοιξεν
225 408 291 442 ἡμῖν
303 407 353 442 τὴν
381 407 480 441 πύλην,
503 408 550 433 καὶ
565 405 634 434 εἶδον
658 407 733 439 ἔθνος
750 408 886 441 ἀγγέλων,

114 454 154 480 καὶ
171 453 211 484 δὶς
239 452 352 487 κάμψας
375 451 445 486 ὑπὲρ
474 452 563 478 αὐτῶν
584 453 619 478 τὰ
644 452 762 485 γόνατα,
781 452 886 487 ὲξέχεον

113 499 262 533 προσευχήν
274 506 282 513 ·
304 499 355 534 ,καὶ
380 498 448 532 μετὰ
477 497 564 524 ταῦτα
585 497 663 523 ἔλαϐέ
680 506 713 532 με
729 498 742 523 ὁ
757 497 885 533 Γαῦρίὴλ,

114 544 154 570 καὶ
169 544 258 578 ἤγαγέ
273 551 305 578 με
320 543 389 578 πρὸς
405 545 451 569 τὸν
467 542 592 578 δεύτερον
606 543 731 577 οὖρανόν.
745 540 799 569 ἾΙν
813 543 841 569 δὲ
858 543 888 569 τὸ

114 590 243 624 διάστημα
265 589 318 615 τῶν
343 589 389 615 δύο
418 589 507 623 μέσων
535 589 657 623 οὐρανῶν
682 589 740 620 ὁδὸς
756 597 888 615 πεντακο-

114 635 173 661 σίων
193 634 270 662 ὲτῶν.
293 634 347 661 Καὶ
362 633 455 669 ὥσπερ
484 633 592 668 πρῶτον
613 633 694 667 ἔκοψε
716 633 766 668 τὴν
791 633 886 666 θύραν,

115 681 155 707 καὶ
173 680 318 719 ἀπόκρισις
334 679 444 714 γέγονεν
456 679 541 714 αυτῷ,
555 687 625 706 ουτω
640 685 687 705 και
705 679 801 713 μέχρις
816 679 889 705 €656-

115 732 160 758 μου
184 723 300 759 οὐρανοῦ
329 724 401 749 κατὰ
427 724 515 750 πάντα
541 723 650 757 γέγονεν
674 723 764 758 ὁμοία.
797 723 841 749 Ἐν
867 732 889 756 ῳ

114 767 214 801 ἑϐδόμῳ
234 767 341 802 οὐρανῷ
357 767 505 802 διαγράφει
526 766 591 794 ίδεϊν
617 766 680 793 λαὸν
704 766 839 801 ἀγγέλων,
859 766 890 792 τὺ

116 813 198 846 μῆκος
224 812 284 842 ἐνὸς
307 811 422 838 ἑκάστου
443 811 534 846 πολλῷ
559 811 742 847 χιλιοπλάσιον
769 811 816 837 τοῦ
845 812 890 838 κό-

115 866 190 892 σμου,
205 857 251 891 ἀφ’
265 853 302 884 ὧν
319 865 360 888 τις
383 854 456 892 εἶχεν
483 857 649 888 ἑπτακοσίας
672 856 792 891 χιλιάδας
807 865 891 891 κεφα-

116 902 171 934 λὰς,
190 902 237 928 καὶ
256 902 285 928 ὲν
307 903 410 938 ἑκάστῃ
433 902 538 938 κεφαλῇ
564 902 731 933 ἑπτακοσίας
757 903 890 938 μυριάῖας

117 949 246 983 στόματα,
266 948 313 974 καὶ
338 949 367 974 ὲν
392 948 503 983 ἑκάστῳ
527 949 642 983 στόματι
666 949 754 984 χιλίας
773 949 891 976 ἑπτακο-

114 995 170 1026 σίας
189 994 315 1028 γλώσσας
342 994 471 1026 αίνούσας
495 993 540 1020 τὸν
565 994 632 1020 Θεὸν
649 995 824 1026 ἑπτακοσίοις
840 1003 892 1030 μυ-

114 1042 366 1078 ριάδωψίδιώμασι.
384 1042 438 1068 Kal
458 1041 643 1077 προσέϐλεψεν
665 1042 714 1069 ἕνα
737 1040 790 1068 τῶν
808 1041 891 1076 ἀγγέ-

114 1089 165 1115 λων
185 1087 335 1123 Θρηνοῦντα
349 1107 356 1120 ,
374 1088 421 1114 καὶ
445 1087 561 1123 ἐζήτησε
580 1087 630 1122 τὴν
649 1087 739 1114 αἰτίαν
757 1086 804 1114 τοῦ
825 1087 893 1122 θρήο

113 1140 157 1158 νου
174 1131 257 1158 αὑτοῦ
268 1139 276 1147 ⁸
293 1131 340 1157 καὶ
355 1131 494 1166 ἀπεκρίθη
512 1130 649 1165 ἁμαρτίαν
664 1127 744 1158 εἰναι.
764 1130 850 1161 Λύτὺς
864 1129 892 1156 δὲ

113 1177 208 1212 ἐδεήθη
235 1177 304 1212 ὑπὲρ
322 1176 416 1203 αὑτοῦ.
441 1175 520 1202 Οὖτω
550 1175 580 1202 τέ
611 1183 693 1211 φησιν
720 1176 734 1202 ό
761 1175 892 1211 Γαϐριὴλ,

116 1220 250 1255 Παρέθετό
282 1229 315 1255 με
345 1219 454 1254 ἀγγέλῳ
479 1219 577 1255 ἑτέρῳ,
602 1220 727 1250 κάκεῖνος
744 1219 827 1254 ἄλλῳ,
847 1220 893 1246 καὶ

114 1266 199 1298 οὕτως
215 1265 324 1300 ἐφεξῆς,
350 1267 445 1300 μέχρις
466 1265 531 1300 ἔστη
555 1264 670 1291 ἐνώπιον
688 1265 735 1291 τοῦ
755 1265 822 1291 Θεοῦ
847 1265 894 1291 καὶ

114 1312 160 1338 τοῦ
175 1312 296 1347 βήματος
311 1311 404 1339 αὐτοῦ.
418 1311 472 1338 Καὶ
486 1310 574 1345 ἣψατό
598 1319 648 1346 μου
666 1310 679 1336 ὀ
695 1310 761 1342 Θεὸς
776 1312 808 1346 τῇ
822 1312 893 1346 χειρὶ

115 1356 195 1384 αὐτοῦ
211 1357 240 1382 ὲν
255 1356 330 1390 μέσῳ
344 1355 398 1382 τῶν
423 1354 517 1390 ὤμων,
533 1355 586 1386 ἕως
606 1351 636 1381 οὗ
656 1355 672 1389 ὴ
691 1355 830 1389 ψυχρότης
845 1356 894 1390 τῆς

114 1401 203 1439 χειρος
218 1401 300 1428 αὐτοῦ
327 1400 417 1436 διῆλθε
435 1403 518 1436 μέχρι
535 1400 582 1427 τοῦ
604 1400 704 1435 μυελοῦ
721 1403 769 1436 τῆς
789 1402 894 1436 ῥάχεώς

116 1458 177 1484 μου.
197 1449 251 1475 Kal
275 1446 336 1474 εἶπέ
361 1455 406 1483 μοι
432 1448 446 1474 ὁ
475 1447 551 1480 Θεὸς,
571 1447 710 1482 Ἐπέοηκά
727 1455 768 1473 σοι
791 1448 837 1473 καὶ
853 1447 893 1482 τῷ

113 1493 170 1530 λαῷ
191 1493 351 1531 σουλεὺχάς.
368 1492 524 1519 Καταὸἀντι
537 1491 566 1518 δέ
590 1501 635 1527 μοι
656 1493 725 1528 πρὸς
741 1492 786 1520 τὸν
797 1493 893 1538 τέταρ.
909 1510 931 1538 c

113 1549 158 1567 τον
180 1540 294 1574 οὐρανδν
318 1539 528 1566 συνεὸούλευσεν
552 1539 565 1564 ό
588 1537 708 1572 Μωῦσῆς
736 1537 895 1564 ἐπανελθεῖν

116 1595 150 1622 με
173 1585 241 1621 πρὸς
266 1585 296 1612 τὸ
315 1584 446 1619 κουφίσαι
471 1584 517 1611 τὸν
544 1583 619 1618 λαὸν,
636 1583 674 1619 μὴ
697 1583 761 1610 ὖντα
783 1583 896 1610 δυνατὸν

115 1631 240 1666 ἐξαρκεῖν
264 1629 383 1665 τοσαύτῃ
409 1629 487 1664 εὐχῇ.
513 1629 568 1656 Kal
595 1630 629 1664 τῇ
654 1628 751 1664 πρώτῃ
775 1628 897 1663 ὲπανόδῳ

114 1676 211 1703 ἔλαϐον
239 1675 330 1702 ἀνισιν
352 1674 406 1702 ἀπὸ
423 1674 490 1701 δέκα⁵
517 1673 598 1709 μέχρι
623 1673 671 1700 καὶ
689 1675 739 1708 τῆς
760 1673 896 1708 τετάρτης

114 1722 258 1749 ἐπανόδου.
296 1721 351 1748 Καὶ
383 1722 416 1756 τῇ
460 1721 575 1755 πέμπτῃ
614 1719 736 1754 ὲπανόδῳ
771 1718 897 1745 τοσοῦτον

115 1766 201 1804 ἦλθεν
216 1768 256 1799 είς
273 1767 303 1793 τὺ
319 1766 430 1793 ἔλαττον
446 1765 500 1792 τῶν
516 1765 614 1800 εὐχῶν,
629 1764 667 1796 ὼς
685 1764 779 1798 ὀλίγας
798 1765 897 1790 ἐναπο-

119 1815 224 1850 μεϊναι.
245 1813 376 1844 Εἰπόντος
399 1811 428 1838 δὲ
452 1811 500 1838 τοῦ
524 1811 646 1841 Μωσέως
680 1809 746 1845 μηδὲ
771 1810 898 1836 τοσοῦτον

116 1859 281 1895 δυνήσεσθαι
295 1858 341 1885 τδν
356 1857 419 1884 λαόν
435 1865 442 1873 ο
460 1856 516 1891 ἐγὼ
529 1855 557 1883 δὲ
572 1856 728 1891 αἰσχυνθεὶς
742 1855 780 1885 ὡς
800 1863 900 1882 τοσαυ-

115 1906 198 1936 τάκις
220 1903 333 1935 ἀναϐὰς,
350 1903 400 1929 οὐκ
427 1901 529 1933 ἀνέδην
553 1900 634 1926 πλέον
647 1920 654 1933 ,
676 1899 733 1926 ἀλλ’
753 1899 838 1926 ὲλοὼν
859 1900 897 1931 εἰς

113 1952 147 1977 τὸ
167 1950 324 1985 Ἐμπαρὰκ,
342 1947 457 1984 ἦλαυνον
481 1946 601 1972 ἐπανιὼν
630 1946 670 1977 είς
689 1945 735 1971 τὸν
760 1943 835 1972 οίκον
853 1945 898 1972 τοῦ

114 1996 228 2024 Μακκέ.
256 1994 367 2021 Τούτων
392 1993 421 2020 δὲ
445 1993 553 2019 πάντων
571 1991 667 2026 χρόνος
686 1991 804 2017 ἐλάττων
831 1991 847 2026 ἢ
870 1990 901 2017 τὺ

114 2043 231 2069 δέκατον
248 2040 329 2076 μέρος
354 2039 403 2073 τῆς
427 2037 535 2069 νυκτός·
551 2038 598 2064 καὶ
613 2037 817 2071 διηγησαμένου
833 2036 900 2070 πρὸς

113 2087 164 2114 τὸν
183 2085 246 2112 λαδν
262 2084 311 2111 τοῦ
340 2083 462 2118 Μωάμεθ
487 2083 537 2118 τὴν
555 2082 672 2116 Θεωρίαν
694 2081 807 2116 ταύτην,
828 2082 897 2107 ἀπέ-

116 2139 224 2166 στησαν
250 2130 304 2157 ἀπὸ
323 2129 371 2155 τοῦ
396 2128 480 2163 νόμου
505 2126 588 2154 αὐτοῦ
605 2127 724 2162 χιλιάδες
746 2126 898 2162 ἀνθρώπων

115 2177 216 2204 πολλαὶ
231 2176 357 2209 λέξαντες
383 2174 469 2209 αὐτῷ,
486 2173 620 2208 λΑνάὸηοι
633 2175 665 2208 τῇ
683 2173 775 2208 ἡμέρᾳ
797 2174 837 2204 εἰς
856 2172 900 2199 τὸν

113 2223 233 2258 οὐρανὸν
255 2221 381 2257 δρώντων
397 2220 485 2256 ἡμῶν,
503 2219 541 2251 ὡς
555 2219 587 2246 ἂν
609 2219 711 2254 ἴδωμεν
726 2220 788 2250 τοὺς
805 2227 901 2245 συναν-

112 2267 257 2302 τήσαντάς
286 2274 327 2292 σοι
347 2265 490 2299 ἀγγέλους.
516 2265 574 2291 Οὐκ
599 2264 721 2298 ἐπέγνως
750 2264 779 2290 τὸ
802 2265 901 2291 ἑαυτοῦ

114 2313 235 2348 ψεῦδος;
252 2311 308 2338 Καὶ
325 2309 426 2337 είπενό
442 2310 576 2345 Μωάμεο,
593 2310 700 2341 Αῐνεσις
715 2309 753 2344 τῷ
764 2311 822 2345 (τιεῴ
837 2319 900 2343 μου.

115 2359 167 2394 Μὴ
183 2358 247 2385 ἄλλο
267 2357 294 2384 τί
310 2358 368 2392 είμι
388 2356 443 2391 ἐγὼ
458 2357 474 2391 ἢ
490 2353 529 2388 εἷς
543 2356 595 2383 τῶν
608 2355 760 2391 ἀνθρώπων
775 2358 823 2383 καὶ
837 2357 891 2383 ἀπό

116 2404 229 2436 στολος;
256 2403 288 2429 Ol.
312 2401 365 2437 πρὸ
394 2400 471 2436 ὑμῶν
494 2401 543 2427 οὐκ
572 2401 713 2427 ἐπίστευον
743 2400 880 2435 θαύμασιν

113 2447 182 2474 otiis
199 2447 277 2482 ὑμεῖς
299 2445 442 2473 πιστεύετε
469 2445 607 2480 θαύμασιν
619 2466 626 2478 ,
643 2444 705 2472 οὔτε
732 2446 900 2480 πιστεύσετε,

113 2495 143 2520 εἰ
162 2494 201 2529 μὴ
211 2493 255 2520 διὰ
272 2493 373 2527 ξίφους.
384 2493 438 2519 Καὶ
451 2493 477 2518 τί
493 2491 514 2518 δ’
525 2492 557 2518 ἄν
571 2500 613 2523 τις
629 2491 700 2517 εἴποι
715 2491 837 2526 περὶτῆς
850 2500 903 2518 τοι·

114 2540 208 2574 αύτης
223 2538 338 2573 ψευδοῦς
360 2539 406 2565 καὶ
423 2537 589 2572 ἅδοξοτάτης
611 2537 747 2570 astopiae;
767 2537 807 2572 ἐξ,
819 2536 902 2563 αὑτοῦ

114 2586 178 2619 γὰρ
190 2584 237 2610 τοῦ
251 2583 373 2618 Μωάμεο
390 2583 437 2610 τὸν
451 2583 563 2617 ἔλεγχον
579 2582 646 2617 ἔχει.
662 2583 747 2614 Αὐτὸς
762 2583 817 2617 γάρ
830 2584 903 2609 ἐστιν

113 2630 132 2655 ὸ
153 2628 249 2660 εἰπὼν,
278 2629 321 2654 ὅτε
345 2627 466 2654 ἐκυλίετο
491 2627 613 2663 ἀφρίζων
636 2627 690 2653 ὑπὸ
709 2627 756 2654 τοῦ
780 2627 902 2660 πάθους,

112 2675 165 2702 ὅτι
181 2674 227 2700 τοῦ
246 2672 366 2708 Γαϐριὴλ
384 2672 532 2708 ἐρχομένου
558 2672 626 2708 πρὸς
655 2672 748 2705 αὑτὸν,
766 2673 904 2700 ἀπεσταλ-

117 2720 208 2756 μένον
225 2720 300 2754 παρὰ
316 2718 382 2746 Θεοῦ
410 2719 502 2753 δῆθεν,
524 2718 575 2745 οὐκ
598 2718 714 2754 ἠδύνατο
737 2720 831 2754 φέρειν
855 2719 902 2754 τὴν

115 2765 172 2791 τοῦ
202 2765 319 2799 ἀγγέλου
341 2765 455 2799 ὅρασιν,
474 2764 520 2790 καὶ
546 2763 591 2793 διὰ
612 2764 691 2790 τοῦτο
713 2764 822 2790 πίπτειν
839 2763 902 2791 ὡσεὶ

117 2809 232 2845 νεκρδν,
247 2810 309 2841 τοὺς
331 2810 359 2837 δὲ
383 2809 458 2844 παρὰ
473 2809 519 2835 τοῦ
535 2808 649 2843 ἀγγέλου
674 2809 770 2844 λόγους
783 2810 903 2843 ἀκούειν,

906 844 926 871 Β

933 223 1035 259 janitor
1051 230 1058 248 :
1073 221 1143 248 Num
1162 221 1188 248 in
1205 221 1286 256 hujus
1296 220 1409 256 gratiam
1433 220 1574 255 ablegatus
1593 222 1669 248 cras?
1685 222 1719 249 Et

936 269 1004 296 dixit
1027 266 1137 295 Gabriel
1160 275 1166 293 :
1196 267 1287 293 Eram.
1313 266 1373 299 Quo
1394 266 1477 296 dicto.
1504 271 1610 301 portam
1640 267 1720 294 nobis

936 316 1054 349 aperuit,
1081 317 1109 340 et
1131 312 1186 339 vidi
1203 313 1309 339 turbam
1327 312 1494 345 angelorum,
1508 312 1609 346 quibus
1621 312 1664 340 bis
1679 312 1721 339 in-

937 359 1056 386 curvatis
1078 358 1201 393 gentibus
1230 364 1326 392 preces
1351 357 1449 384 obtuli.
1478 357 1541 384 l‘ost
1569 357 1626 384 btet:
1654 365 1720 384 vero

937 404 1058 439 suscopit
1073 411 1114 430 mc
1130 403 1249 435 Gabriel,
1266 407 1294 430 et
1310 403 1342 430 ad
1365 403 1464 430 cmlum
1488 404 1637 430 secundum
1660 411 1722 438 per-

938 450 1028 483 duxit,
1043 450 1120 485 cujus
1134 449 1307 476 intervallum
1322 457 1335 476 a
1349 449 1435 484 primo
1449 457 1507 476 erat
1522 451 1572 477 iter
1585 458 1720 478 annorum

938 496 1159 530 quingentorum.
1189 495 1222 521 Et
1250 495 1479 529 quemadmodum
1504 495 1575 529 apud
1603 497 1721 530 primunt

938 541 1038 568 ccelum
1071 540 1144 566 fores
1177 540 1316 574 pulsavit,
1346 547 1561 574 responsumque
1603 541 1720 575 accepit,

939 586 1033 613 eadem
1052 587 1155 613 ratiOne
1170 586 1202 612 ad
1220 586 1317 614 coelum
1334 593 1422 620 usque
1434 587 1579 619 septimum
1595 587 1721 620 perveni-

939 640 1010 664 mus,
1034 632 1061 658 in
1088 640 1143 666 quo
1170 631 1264 658 videre
1290 631 1390 658 licebat
1418 631 1574 665 angelorum
1603 632 1721 665 turbam,

939 685 1055 712 quorum
1087 677 1186 712 singuli
1214 676 1331 704 millenis
1351 677 1458 704 vicibus
1479 672 1535 704 toto
1551 678 1652 704 mundo
1666 686 1722 704 tita-

938 723 1010 757 jores
1024 728 1114 755 erant,
1141 730 1156 748 e
1174 722 1274 756 quibus
1299 722 1413 756 quilibet
1441 723 1610 757 septingenta
1639 723 1722 750 millia

940 767 1038 794 habuit
1080 767 1179 801 capita,
1216 770 1243 793 et
1283 766 1310 793 in
1343 774 1508 800 unoquoque
1543 772 1632 801 euptte
1663 775 1723 802 sep-

942 813 1061 847 tingenta
1080 811 1230 847 myriadutn
1245 819 1304 842 ora,
1321 815 1348 838 et
1364 812 1391 838 in
1406 819 1570 846 unoquoque
1585 820 1632 839 ore
1647 813 1723 840 mille

941 862 969 885 et
984 857 1169 892 scptingentas
1185 857 1291 892 linguas
1305 857 1449 884 laudantes
1466 857 1550 884 Deum
1565 858 1724 892 septingen-

943 904 977 931 tis
1000 903 1152 937 myriadum
1178 902 1327 930 idiomatis.
1344 903 1377 929 Et
1394 902 1457 929 vitlil
1481 904 1626 937 quemdam
1644 911 1724 937 ange-

942 949 997 976 lum
1024 949 1173 983 lugentem,
1188 955 1354 982 causamque
1380 947 1471 974 luctus
1494 947 1536 975 sui
1560 948 1723 982 inquisivit;

942 1002 1024 1029 quant
1050 994 1095 1021 ltic
1120 993 1262 1028 respondit
1283 998 1426 1027 peccatuttt
1451 1001 1524 1021 esse.
1548 994 1607 1028 Ipse
1631 999 1723 1021 autent

943 1039 1101 1067 intercessit
1113 1047 1162 1074 pro
1176 1039 1233 1066 illo.
1249 1039 1282 1066 Et
1296 1040 1336 1066 sic
1349 1044 1403 1072 me,
1413 1040 1511 1074 inquit,
1523 1040 1632 1068 Gabriel
1645 1041 1724 1068 alteri

944 1085 1080 1112 commisit
1095 1084 1202 1119 angelo,
1215 1085 1262 1119 qui
1279 1085 1351 1112 idem
1369 1085 1464 1117 alteri.
1483 1091 1511 1113 et
1528 1087 1568 1114 sic
1582 1086 1724 1120 deinceps.

944 1131 1032 1158 donec
1056 1138 1147 1157 coram
1173 1130 1229 1157 Deo
1248 1136 1275 1158 et
1295 1130 1423 1157 tribunali
1442 1131 1528 1165 ipsius
1554 1132 1675 1158 constiti.
1691 1132 1726 1159 Et

945 1175 1033 1211 tetigit
1055 1183 1098 1203 me
1116 1183 1198 1203 manu
1223 1183 1272 1203 sua
1296 1176 1368 1203 Deus
1393 1177 1464 1204 inter
1485 1177 1622 1212 scapulas,
1638 1177 1726 1204 donec

945 1220 1030 1255 frigus
1047 1228 1144 1248 manus
1164 1228 1220 1248 sua:
1243 1221 1396 1256 penetravit
1417 1221 1451 1248 ad
1475 1222 1622 1249 medullam
1640 1222 1726 1256 spina:

946 1271 1022 1291 mem.
1051 1265 1083 1291 Et
1107 1265 1174 1292 dixit
1198 1265 1264 1292 mihi
1290 1266 1381 1292 Deus:
1399 1265 1518 1300 Imposui
1542 1271 1604 1294 vota
1629 1267 1679 1294 tibi
1697 1271 1726 1294 ct

945 1310 1045 1345 populo
1072 1316 1129 1338 tuo.
1163 1310 1342 1339 Descendenti
1372 1319 1437 1339 vero
1464 1312 1532 1339 tnilti
1563 1313 1597 1339 ad
1624 1313 1726 1340 ccelum

945 1361 1073 1390 qualium
1094 1363 1180 1390 usque
1207 1357 1346 1384 consuluit
1373 1357 1464 1384 Moses
1489 1362 1518 1384 ut
1543 1357 1662 1385 redirem
1691 1359 1726 1386 ad

947 1401 1040 1433 Deum,
1053 1401 1230 1429 alleviaturus
1248 1403 1379 1436 populum
1394 1402 1441 1437 qui
1453 1402 1488 1430 ad
1505 1407 1567 1430 vota
1583 1403 1640 1430 haec
1655 1403 1728 1430 cuili-

948 1453 1010 1473 cere
1028 1447 1103 1474 nullo
1119 1447 1198 1474 modo
1213 1452 1315 1481 posset.
1329 1447 1406 1474 Unde
1420 1447 1508 1482 primo
1525 1448 1613 1475 reditu
1629 1449 1728 1476 remis-

947 1491 1051 1519 sionem
1067 1491 1162 1519 decent
1177 1497 1303 1519 votorum
1319 1492 1462 1527 impetravi
1472 1501 1480 1526 ;
1490 1493 1556 1528 quin
1572 1494 1601 1521 in
1614 1494 1727 1522 tertium

947 1537 1130 1571 quintumque
1145 1537 1264 1564 reditum
1289 1545 1374 1572 usque
1390 1538 1427 1565 ita
1446 1543 1573 1565 votorum
1595 1546 1728 1567 numerus

947 1581 1108 1608 imminutus
1136 1586 1198 1612 est.
1227 1586 1256 1609 ut
1278 1582 1441 1616 paucissima
1468 1588 1654 1617 superessent.
1683 1585 1729 1611 Di-

947 1632 1025 1654 cente
1050 1632 1141 1654 autem
1159 1627 1241 1658 Mose.
1260 1627 1391 1662 populum
1415 1635 1466 1656 nec
1481 1630 1532 1655 hoc
1553 1629 1634 1656 modo
1653 1629 1728 1658 l‘erre

948 1680 1041 1707 posse,
1067 1680 1110 1700 tne
1138 1677 1227 1700 autem
1256 1673 1337 1701 toties
1366 1674 1400 1701 ad
1435 1674 1518 1701 Deum
1550 1677 1651 1703 reverti
1678 1684 1729 1711 p.:-

948 1719 1040 1752 debat,
1065 1726 1116 1746 nec
1143 1719 1261 1753 amplius
1285 1719 1350 1752 adii,
1364 1719 1412 1747 sed
1435 1726 1585 1748 conscenso
1602 1721 1729 1756 jumento

950 1763 1094 1799 liniparak,
1118 1764 1146 1791 in
1170 1764 1255 1792 aedem
1275 1765 1395 1793 civitatis
1415 1765 1517 1793 Mecbte
1535 1766 1670 1795 festinans
1687 1775 1730 1795 re-

950 1818 1045 1837 versus
1062 1817 1133 1837 sum.
1149 1810 1269 1842 Tempus
1286 1817 1351 1838 Vero
1372 1811 1496 1838 omnium
1523 1813 1621 1840 horum
1637 1814 1730 1841 minus

949 1860 1009 1883 erat
1021 1863 1102 1890 quam
1117 1851 1225 1883 decima
1240 1855 1328 1883 noctis
1345 1857 1444 1891 portio.
1459 1857 1482 1884 Α
1496 1857 1650 1886 Maltomete
1663 1866 1730 1887 Vero

950 1901 1020 1929 hanc
1036 1901 1169 1929 visionem
1185 1905 1332 1929 enarrante
1349 1903 1435 1930 multa
1464 1903 1623 1932 defecerunt
1643 1905 1732 1932 homi-

950 1954 1016 1973 num
1041 1947 1136 1980 millia,
1156 1947 1202 1981 qui
1221 1946 1350 1975 dicebant
1371 1947 1430 1975 illi:
1448 1949 1574 1977 Ascende
1595 1950 1678 1977 ltodte
1702 1951 1729 1977 iu

951 1992 1048 2020 caelum
1074 1991 1155 2019 nobis
1178 1993 1343 2025 videntibus,
1371 1998 1400 2021 ut
1423 1994 1534 2027 angelos
1553 2000 1731 2023 occurrentes
1762 1996 1771 2018 ›’

951 2038 1000 2066 tibi
1017 2038 1169 2066 videamus.
1184 2039 1280 2066 Nonne
1302 2043 1380 2066 tuutn
1405 2039 1492 2074 ipsius
1512 2042 1637 2075 agnoscis
1652 2049 1732 2069 men-

951 2083 1083 2111 dacium?
1099 2084 1131 2110 Et
1145 2084 1215 2111 dixit
1231 2084 1385 2111 Mahomet:
1403 2083 1475 2111 Laus
1492 2084 1547 2113 Deo
1571 2093 1642 2112 meo.
1660 2085 1731 2112 Num

951 2136 1001 2164 ego
1024 2129 1095 2156 alius
1115 2129 1252 2163 quispiam
1268 2136 1328 2155 sum
1346 2137 1427 2164 quam
1443 2137 1512 2158 unus
1531 2130 1686 2163 hominum,
1703 2135 1732 2157 et

917 2181 939 2209 ι)
953 2174 1114 2209 apostolus?
1129 2174 1244 2209 Majores
1259 2174 1343 2202 vestri
1367 2175 1506 2203 miraculis
1530 2183 1585 2203 non
1609 2176 1730 2203 credide-

954 2224 1028 2253 runt,
1052 2226 1102 2246 nec
1118 2226 1167 2246 vos
1191 2219 1287 2246 iisdem
1311 2219 1444 2252 creditis;
1463 2227 1515 2248 nec
1538 2220 1657 2248 credetis
1680 2228 1732 2247 un-

953 2273 1045 2300 qttaut,
1059 2265 1111 2292 nisi
1130 2272 1179 2300 per
1193 2264 1324 2300 gladium.
1339 2265 1374 2293 Et
1391 2265 1524 2300 quidnam
1542 2265 1615 2294 dicat
1633 2266 1734 2302 aliquis

953 2312 987 2339 de
1003 2311 1069 2338 falsa
1091 2311 1142 2338 bac
1160 2316 1189 2338 et
1210 2311 1330 2338 absurda
1352 2311 1481 2339 visione?
1498 2312 1538 2339 Ex
1557 2311 1644 2346 ipsius
1657 2312 1731 2339 enim

953 2356 1112 2383 lllabometis
1129 2355 1221 2383 verbis
1233 2356 1414 2383 convincitur.
1424 2355 1450 2383 ls
1460 2357 1532 2384 enim
1543 2361 1585 2384 est
1595 2357 1641 2391 qui
1652 2357 1732 2389 dixit,

953 2409 1014 2429 cum
1030 2409 1162 2435 spumans
1175 2401 1238 2429 hinc
1255 2401 1317 2429 inde
1331 2404 1497 2435 volveretur,
1509 2402 1584 2438 quod
1599 2402 1736 2429 venientis

953 2446 986 2473 ad
1000 2454 1029 2473 se
1041 2445 1175 2473 Gabrielis
1191 2446 1280 2481 angeli
1299 2453 1314 2473 ο
1330 2446 1384 2473 Deo
1406 2446 1480 2474 missi
1495 2452 1636 2482 aspectum
1652 2447 1736 2474 susti-

952 2499 1019 2519 nere
1039 2499 1094 2519 tton
1111 2497 1214 2526 posset,
1228 2497 1256 2519 et
1278 2497 1422 2527 propterea
1442 2493 1540 2520 cadere
1554 2492 1672 2520 exanimi
1696 2492 1735 2519 si-

953 2537 1059 2569 milem,
1071 2537 1168 2564 audire
1184 2541 1276 2564 autem
1296 2545 1326 2565 se
1340 2538 1429 2572 angeli
1446 2545 1588 2566 sermones
1605 2545 1657 2565 ceu
1681 2539 1734 2564 tin-

955 2582 1125 2610 tinnabulum
1154 2590 1261 2610 :eneum
1293 2590 1436 2610 resonans.
1460 2583 1511 2615 Qui
1541 2583 1624 2618 igitur
1652 2583 1735 2610 unius

954 2629 1041 2665 angeli
1063 2634 1205 2664 aspectum
1227 2630 1364 2658 sustinere
1389 2638 1444 2658 non
1471 2630 1570 2665 potuit,
1596 2629 1735 2664 quomodo

954 2679 994 2702 tot
1017 2676 1175 2710 angelorum
1209 2676 1383 2711 splendorem
1409 2677 1499 2710 potuit
1521 2675 1644 2703 intueri?
1668 2675 1736 2710 quin

955 2720 1035 2748 etiam
1051 2721 1188 2748 curiosius
1204 2721 1238 2748 de
1253 2722 1294 2748 his
1308 2721 1458 2755 inquirere,
1477 2725 1517 2748 tot
1533 2721 1623 2756 capita
1639 2728 1738 2749 nume.

956 2774 1028 2797 rare,
1047 2770 1075 2793 et
1088 2770 1128 2792 tot
1143 2768 1214 2793 intra
1229 2766 1301 2794 labia
1319 2766 1427 2793 illorum
1447 2766 1564 2800 linguas,
1579 2770 1635 2793 tum
1654 2766 1737 2793 etiam

957 2818 1010 2838 tam
1037 2811 1126 2838 varias
1152 2812 1314 2846 hymnorum
1336 2812 1379 2840 Dei
1395 2811 1598 2839 vicissitudines
1613 2816 1641 2840 et
1665 2811 1737 2838 idio‘
