1949 3093
212 94 264 126 679

794 94 956 124 JOANNIS
976 93 1238 124 CANTACUZENI
1767 98 1811 130 680

211 155 283 179 mala
295 150 478 178 discernere?
493 149 551 177 Non
574 149 646 176 enim
667 149 786 176 Gabrieli
803 149 852 176 soli
872 157 900 176 se
926 153 1001 176 antc-

1057 148 1146 183 ὦσπερ
1173 149 1235 175 τινὰ
1259 148 1370 185 κώδωνα
1391 149 1509 184 χαλκοῦν
1534 150 1663 185 ἠχοῦντα.
1686 151 1716 178 '0
1739 154 1817 180 τοίνυν

211 197 298 232 ponit,
323 197 371 224 sed
396 196 479 223 etiam
505 195 633 222 onmibus
659 195 701 221 his
725 194 757 221 ad
781 203 849 228 quos
871 194 991 221 Gabricli

211 251 267 270 non
293 241 504 276 permittebatur
527 241 652 276 ingredi:
681 241 727 267 sed
753 245 829 267 tanto
855 240 908 267 illis
935 243 995 266 erat

213 288 340 319 interior,
359 293 388 314 ut.
403 287 492 321 ipsum
513 286 691 313 Mahometem
703 285 787 312 ‘alteri
807 286 902 320 angelo
920 293 994 311 eo.n-

214 335 346 364 mitteret,
363 332 409 367 qui
426 337 453 359 et
474 332 531 366 ipse
547 332 638 363 alteri,
661 336 688 358 et
703 332 743 358 sic
760 331 890 365 deinceps
905 338 933 357 se
948 337 996 364 per

216 379 339 413 singulos
356 379 382 405 in
398 378 556 412 angelorum
577 378 680 404 turbam
699 377 866 412 pervenisse.
881 384 950 411 quos
969 380 996 402 et

215 426 289 459 ipsos
309 425 415 451 tandem
435 423 645 454 transcenderit,
662 423 750 449 donec
775 422 807 448 ad
834 422 917 448 Deum
936 430 995 456 per—

213 470 327 496 vcniens
341 475 436 496 mutuo
449 476 508 495 cum
528 469 572 495 illo
587 476 652 495 usus
676 469 710 494 sit
726 467 869 501 eolloquio.
887 468 926 494 Ad
941 467 998 493 hzee

215 524 244 543 se
264 524 316 542 non
332 515 412 542 modo
427 515 554 541 omnibus
567 514 608 540 his
626 513 744 548 prarl‘crt.
762 513 808 539 sed
823 513 904 539 etiam
917 520 998 538 oran-

216 567 270 588 tem
299 568 327 588 se
357 567 405 595 pro
435 561 488 586 illis
515 559 630 586 inducit.
651 558 734 585 Ονδςο
760 565 832 584 nunc
859 558 949 584 dicere
964 556 998 584 de

217 613 315 640 magno
336 605 382 631 illo
408 605 454 631 Dei
480 608 635 638 spectatore
660 603 743 633 Mose,
761 609 852 636 quem,
882 607 911 628 ut
941 601 998 636 ipse

217 651 297 683 dicit,
313 652 340 677 in
354 655 454 684 quarto
468 649 538 676 creto
551 649 704 682 censpexil,
719 655 780 674 eum
795 647 853 680 ipse
868 646 899 672 ad
916 646 1000 679 septi-

218 704 293 723 mum
313 703 398 730 usque
416 694 585 726 ascenderit,
601 699 628 721 et
650 693 683 719 ad
703 693 787 720 Deum
803 691 889 726 u'sque
905 699 1000 726 perve-

217 742 299 774 nerit,
325 748 442 774 eumque
475 739 522 766 ilio
550 740 586 767 sit
610 739 781 769 collocutus,
806 743 833 764 et
859 742 918 772 post
944 739 1000 764 hate

216 794 342 822 egressus
357 786 402 818 sit,
419 790 447 812 et
462 785 635 812 descenderit
652 785 684 811 ad
701 789 800 811 cauum
816 788 954 818 quintum,
971 788 1001 810 ut

217 833 321 860 dictum
347 836 407 864 est;
434 831 481 858 ubi
507 831 580 858 etin
607 830 858 861 Mosemineiderit,
877 833 904 857 et
928 829 1001 857 hunc

218 885 328 912 quoque
353 878 390 904 illi
408 877 591 909 consuluisse,
609 881 639 903 ut
658 883 784 903 reversus
805 881 898 902 oraret
917 876 1001 902 Deum
1019 867 1038 893 Β

218 931 269 958 pro
294 923 406 958 populo,
418 928 568 958 votumque
586 922 713 949 redderet
731 922 829 953 levius,
846 921 946 956 populo
963 921 1003 947 ni-

220 971 320 997 mirum
345 970 497 997 inlirmiore
519 970 552 996 ad
571 970 623 997 hoc
644 971 801 997 exsistcnte.
817 969 876 1002 Quo
890 968 1004 996 consilio

220 1023 299 1042 nsum
319 1015 351 1042 ad
368 1016 453 1043 Deum
477 1016 604 1048 rediisse,
628 1019 655 1042 et
679 1015 736 1042 haec
749 1016 871 1042 oravisse
886 1015 920 1042 ab
936 1015 983 1042 illo
997 1024 1003 1041 :

219 1061 291 1094 quod
324 1062 406 1088 etiam
437 1061 477 1088 illi
500 1069 661 1088 concessum
687 1061 739 1093 sit,
764 1061 877 1095 votique
900 1060 1007 1094 pondus

219 1106 387 1134 alteriatum.
403 1107 471 1133 Cum
489 1114 552 1134 vero
570 1107 660 1134 Moses
677 1107 752 1133 illum
769 1110 889 1140 cogeret,
905 1106 1005 1137 denuo,

220 1157 248 1179 et
264 1152 304 1179 sic
318 1153 440 1186 quinque
452 1152 558 1179 vicibus
571 1152 603 1179 ad
623 1152 707 1179 Deum
723 1151 847 1183 rediisse,
859 1156 1007 1185 votumque

221 1198 312 1224 denuo
334 1205 393 1224 esse
410 1198 596 1224 imminutum.
618 1197 690 1224 Mose
704 1204 768 1223 vero
785 1203 873 1231 neque
888 1196 929 1223 sic
943 1203 1007 1223 eon-

221 1248 309 1275 tento,
322 1243 368 1270 sed
384 1243 518 1270 suadente
535 1248 563 1269 ut
578 1243 668 1269 denuo
686 1246 883 1275 reverteretur,
896 1241 1008 1276 votique

222 1288 413 1315 remissionem
430 1289 561 1324 majorem
575 1288 784 1322 impetraret,se
798 1295 852 1314 non
866 1288 1007 1322 annuisse,

221 1333 269 1360 sed
301 1341 452 1361 conscenso
475 1334 600 1369 jumento
628 1341 678 1360 suo
704 1333 839 1368 Emparak
864 1334 891 1360 in
917 1333 1008 1361 locum

223 1386 303 1405 suum
318 1378 465 1412 pristinum
481 1378 644 1414 perrexisse.
654 1377 769 1412 Inspice,
780 1385 882 1411 quaeso,
896 1378 1007 1405 menda-

223 1424 295 1451 cium
326 1423 416 1450 omnis
441 1423 601 1458 ignorantia:
624 1424 745 1457 plenum.
765 1423 861 1452 Deum.
882 1430 962 1456 quem
980 1427 1009 1450 et

223 1470 281 1503 ipse
299 1469 437 1496 Mahomet
455 1469 610 1496 Creatorem
631 1469 692 1495 coeli
709 1473 736 1495 et
754 1473 832 1495 terra
847 1476 906 1495 esse
924 1467 1008 1495 conﬁ-

222 1519 306 1547 tetur,
324 1522 487 1549 corporeum
510 1514 586 1547 facit,
602 1522 655 1541 non
680 1514 882 1548 incorporeum.
901 1514 1006 1540 Numen
1021 1525 1042 1553 ο

224 1566 313 1586 autem
331 1561 521 1594 incorporeum
537 1565 588 1592 est,
602 1560 755 1594 quantitate
770 1564 844 1586 caret
866 1564 893 1586 et
907 1559 1007 1593 magni-

223 1604 329 1635 tudine,
346 1611 395 1630 ncc
408 1604 498 1638 specie
519 1603 571 1629 ulla
590 1603 836 1631 circumscribitur.
852 1602 927 1635 Quod
945 1611 1006 1629 cum

223 1651 321 1673 natura
338 1654 386 1672 sua
409 1646 518 1680 propria
540 1646 592 1673 tale
609 1647 654 1677 sit,
669 1647 806 1680 quomodo
820 1654 854 1672 ex
878 1646 1008 1673 membris

221 1690 377 1716 consistet?
395 1689 421 1715 Si
439 1689 501 1723 quis
517 1689 589 1716 enim
607 1690 660 1716 hoc
675 1691 853 1720 concesserit.
870 1690 1007 1724 quomodo

200 1726 203 1733 1
222 1735 417 1769 incorporeutn
432 1741 491 1761 esse
504 1734 673 1769 intelligetur
686 1735 697 1760 ?
712 1735 788 1767 Quod
802 1735 875 1761 enim
895 1735 1006 1769 figuram

222 1780 318 1813 habet,
342 1779 456 1807 omnino
481 1784 508 1806 et.
523 1781 670 1814 quantitati
692 1781 836 1815 subjacet:
853 1781 925 1815 quod
942 1789 1007 1808 vero

223 1826 406 1860 quantitatem
421 1825 557 1857 habuerit,
570 1826 661 1852 locum
677 1825 776 1852 habeat
789 1831 917 1860 oportet;
935 1826 1007 1860 quod

223 1875 314 1897 autem
340 1871 367 1896 in
395 1870 456 1896 loco
494 1874 535 1896 est
550 1889 557 1901 ,
581 1870 737 1896 necessario
761 1870 1007 1909 circumscribitur.

224 1915 366 1947 Quomodo
381 1920 472 1941 autem
493 1915 593 1948 aliquis
610 1915 666 1941 hate
690 1922 819 1948 corporea
835 1920 862 1942 et.
885 1917 1009 1950 corporis

225 1960 346 1994 propria,
363 1964 463 1986 sanch
488 1959 525 1985 illi
544 1965 572 1986 et
588 1959 756 1994 incorporate
775 1964 879 1986 natum
897 1961 945 1987 Dei
962 1962 1009 1987 Iri-

225 2005 384 2039 buerit,qui
400 2005 481 2031 modo
497 2005 602 2032 ratione
617 2012 672 2031 non
686 2005 838 2032 careal?Et
854 2006 1009 2040 patriarcha

224 2051 334 2084 quidem
368 2050 504 2077 Abraham
528 2050 554 2076 in
575 2051 661 2077 veteri
688 2049 733 2077 illa
758 2050 805 2077 Dci
828 2052 1008 2086 apparitione,

225 2097 345 2130 seipsum
362 2101 463 2123 terram
487 2101 515 2123 et
543 2096 664 2123 cinerem
693 2103 754 2123 esse
778 2097 914 2131 reputavit
929 2098 1010 2124 dixit-

224 2149 287 2175 que.
316 2141 428 2167 Daniele
453 2145 564 2173 autem,
588 2141 635 2175 qui
665 2141 726 2168 talis
755 2145 902 2176 tantusque
929 2147 1008 2175 erat,

1049 193 1086 229 μὴ
1114 194 1238 229 δυνηθεὶς
1264 195 1358 229 φέρειν
1382 195 1440 225 ἐνὸς
1466 196 1583 230 ἀγγέλου
1613 197 1746 225 ὀπτασίαν
1769 200 1818 232 πῶς

1051 240 1182 265 τοσούτων
1199 239 1322 272 ἀγγέλων
1347 240 1433 275 αὐγὴν
1451 241 1569 277 ἠδυνήθη
1586 242 1758 276 θεάσασθαις
1779 253 1819 270 πε-

1040 283 1246 320 Ἶριεργάσασοαί
1262 291 1290 308 τε
1315 284 1363 310 καὶ
1378 285 1523 319 μετρῆσαι
1549 287 1598 317 τὰς
1622 288 1757 319 τοσαύτας
1782 297 1820 315 κε.

1050 327 1138 361 φαλὰς
1153 328 1208 354 τῶν
1225 329 1361 362 ἀγγέλων,
1386 330 1435 361 τὰς
1454 330 1528 362 ἐντός
1551 339 1581 357 τε
1609 332 1662 357 τῶν
1689 333 1820 367 στομάτων

1050 374 1139 400 αὐτῶν
1156 373 1293 408 γλώσσας,
1314 376 1381 402 ἀλλὰ
1401 376 1432 410 δὴ
1454 376 1502 402 καὶ
1519 377 1569 408 τὰς
1584 377 1730 413 διαφόρους
1753 379 1822 405 ἐναλ-

1050 419 1136 452 λαγὰς
1165 419 1210 445 καὶ
1243 420 1378 452 ίδιότητας
1403 421 1457 446 τῶν
1485 420 1578 455 ὕμνων
1608 420 1655 448 τοῦ
1681 421 1770 455 Θεοῦς
1790 425 1821 458 μὴ

1053 465 1131 499 μόνον
1144 464 1198 499 γὰρ
1214 464 1260 490 τοῦ
1280 465 1401 500 Γαϐριὴλ
1421 466 1532 500 μείζονα
1547 464 1618 492 εἴναι
1634 467 1706 500 λέγει
1723 468 1821 501 ἑαυτὸν,

1051 511 1120 538 ἀλλὰ
1140 512 1186 538 καὶ
1206 511 1316 538 πάντων
1335 513 1458 545 ἐκείνων⁷
1484 514 1524 544 είς
1544 512 1591 544 οὒς
1614 513 1627 539 ὁ
1645 513 1764 549 Γαϐριὴλ
1781 516 1824 542 οὒκ

1051 555 1109 592 εἶχε
1128 557 1316 592 παρείσδυσιν.
1336 558 1416 585 Ἀ).λά
1429 558 1556 585 τοςοῧτον
1572 557 1605 594 ἦν
1622 559 1744 586 ἀποδέων
1761 561 1824 586 ἐκεῖ-

1052 612 1115 634 νων,
1131 603 1202 630 ὥστε
1219 603 1265 630 τὸν
1285 604 1407 638 Μωάμεο
1423 604 1504 630 αὑτὸν
1520 605 1606 639 ἑτέρῳ
1619 605 1727 640 ἀγγέλῳ
1743 614 1824 640 παρα-

1053 649 1154 681 δοῦναι,
1173 650 1187 676 ὁ
1200 649 1222 675 δ’
1237 649 1271 676 αὖ
1287 650 1384 684 ἑτέρῳ,
1409 650 1457 676 καὶ
1473 650 1571 684 ἑφεξῆς
1585 651 1667 686 ἄλλῳ,
1688 652 1735 678 καὶ
1747 651 1825 682 οὕτως

1053 695 1174 722 ἀνελθεῖν
1190 697 1228 727 είς
1250 696 1280 721 τὺ
1305 695 1406 729 πλῆθος
1428 695 1483 722 τῶν
1507 695 1641 729 ἀγγέλων,
1662 694 1721 722 εἶτα
1740 697 1827 723 κάκεί-

1054 751 1107 767 νων
1134 741 1360 776 ὑπεραναΰῆναι,
1384 741 1431 767 καὶ
1458 740 1545 773 οὕτως
1573 742 1704 768 εἰσελθεῖν
1727 744 1766 772 είς
1788 743 1827 768 τὸν

1055 788 1130 819 θεὸν,
1151 787 1199 814 καὶ
1216 788 1356 822 συντυχεῖν
1378 786 1513 821 ἀλλήλοις.
1535 786 1595 813 Ἔτι
1621 787 1657 821 μὴ
1677 787 1757 822 μόνον
1773 787 1827 822 μεί-

1055 833 1119 864 ζονα
1137 833 1247 859 πάντων
1276 833 1386 859 ἐκείνων
1409 832 1526 859 δεικνύει
1558 833 1675 866 ἑαυτὸν,
1704 832 1829 860 ἀλλὰκαὶ

1056 879 1128 913 ὑπὲρ
1143 879 1256 905 ἐκείνων
1280 879 1436 913 εὐχόμενον.
1463 879 1516 904 Ἐῶ
1532 879 1623 913 λέγειν
1642 879 1708 913 περὶ
1723 880 1768 906 τοῦ
1785 888 1829 914 με·

1054 924 1136 958 γάλου
1151 924 1255 950 ἐκείνου
1272 924 1318 950 καὶ
1334 924 1447 950 θεόπτου
1464 925 1614 956 Μωῦσέως,
1630 925 1670 957 δν,
1687 925 1724 956 ὥς
1741 934 1829 959 φησιν,

1055 968 1125 996 εἶδεν
1150 969 1178 996 ὲν
1202 969 1241 1005 τῷ
1264 969 1388 1004 τετάρτῳ
1407 970 1526 1004 οὐρανῷ,
1548 970 1629 996 αὐτὸν
1653 970 1682 996 δὲ
1701 970 1830 1005 ὑπερανα-

1055 1015 1135 1050 6ἦναι
1149 1015 1197 1041 καὶ
1211 1014 1258 1041 τοῦ
1273 1014 1400 1049 ἑϐδόμου,
1417 1015 1464 1042 καὶ
1483 1015 1612 1041 ἀπελθεῖν
1629 1015 1709 1050 μέχρι
1721 1016 1768 1042 καὶ
1786 1016 1830 1042 τοῦ

1055 1057 1135 1090 Θεοῦ,
1156 1057 1285 1092 ὁμιλῆσαι
1310 1066 1339 1084 τε
1362 1058 1448 1092 αὐτῷ.
1471 1058 1548 1085 Μετὰ
1570 1058 1598 1084 δὲ
1618 1058 1704 1085 ταῦτα
1719 1058 1831 1091 ἐξελθεῖν

1056 1105 1103 1131 καὶ
1135 1103 1278 1129 κατελθεῖν
1300 1104 1328 1130 ἐν
1343 1103 1381 1138 τῷ
1398 1104 1518 1139 τετάρτῳ
1532 1104 1649 1139 οὐρανῷ,
1666 1104 1704 1135 ὡς
1718 1104 1831 1139 εἴρηται,

1058 1150 1103 1175 καὶ
1120 1145 1258 1183 συντυχεῖν
1285 1148 1324 1183 τῷ
1346 1149 1469 1181 Μωῦσεῖ,
1491 1149 1691 1184 συμδουλεῦσαί
1707 1159 1737 1176 τε
1756 1151 1833 1178 αὐτὸν

1056 1195 1162 1229 τούτῳ,
1194 1195 1437 1229 ἑπαναστραφέντα
1473 1196 1665 1230 παρακαλέσαι
1692 1197 1738 1223 τὸν
1767 1197 1830 1223 Θεδν

1058 1239 1127 1273 ὑπὲρ
1144 1238 1190 1264 τοῦ
1208 1238 1285 1271 λαοῦ,
1304 1240 1353 1266 καὶ
1378 1239 1507 1273 γενέσθαι
1530 1241 1699 1276 κουφοτέραν
1720 1242 1768 1276 τὴν
1791 1242 1832 1267 εὑ-

1057 1284 1118 1319 χὴν,
1134 1284 1172 1315 ὡς
1189 1283 1328 1315 ἀδυνάτως
1347 1284 1455 1318 ἔχοντος
1471 1285 1538 1320 πρὸς
1553 1285 1648 1320 αὐτήν·
1664 1286 1711 1313 καὶ
1727 1286 1835 1321 δεξαμέ-

1057 1337 1109 1355 νου
1126 1327 1220 1354 τούτου
1235 1328 1284 1362 τὴν
1303 1328 1418 1363 βουλὴν,
1435 1329 1676 1365 ἑπαναστραφῆναι
1703 1332 1772 1366 προς
1793 1331 1835 1357 τὸν

1057 1373 1134 1406 Θεὸν,
1151 1374 1198 1400 καὶ
1212 1373 1329 1409 ζητῆσαι
1348 1374 1379 1401 τδ
1399 1375 1466 1410 περὶ
1483 1375 1589 1407 τούτου,
1606 1376 1652 1402 καὶ
1668 1377 1834 1412 προσδεχθῆ-

1059 1427 1103 1444 ναι
1122 1419 1171 1454 τὴν
1189 1418 1304 1454 ζήτησιν
1327 1419 1420 1452 αὐτοῦ,
1439 1421 1486 1447 καὶ
1501 1420 1630 1454 γενέσθαι
1653 1422 1837 1457 ἐλαφροτέραν

1059 1464 1107 1498 τὴν
1124 1463 1217 1499 εὐχήν.
1234 1465 1290 1490 Καὶ
1307 1462 1340 1491 αὖ
1361 1464 1408 1491 τοῦ
1430 1465 1552 1497 Μωσέως
1572 1467 1778 1501 ἀναγκάσαντος
1793 1468 1839 1494 αὺ-

1058 1509 1103 1535 τὺν
1123 1509 1200 1540 αὖθις
1217 1510 1461 1545 ἐπαναστραφῆναι
1477 1510 1529 1542 ἕως
1553 1513 1685 1544 πεντάκις
1709 1513 1779 1548 πρὸς
1794 1514 1840 1539 τὸν

1059 1555 1135 1587 Θεὸν,
1151 1557 1199 1582 καὶ
1219 1556 1300 1582 πάλιν
1320 1556 1448 1589 γενέσθαι
1470 1557 1560 1593 πολλῷ
1575 1557 1703 1584 ἐλάττονα
1725 1558 1775 1593 τὴν
1788 1559 1841 1593 ψυ-

1058 1601 1120 1634 χὴν,
1140 1601 1186 1626 καὶ
1212 1600 1249 1635 μὴ
1269 1600 1440 1635 ἀρκεσοέντα
1465 1601 1509 1628 τὸν
1535 1602 1653 1637 Μωῡσῆν
1679 1602 1766 1629 είπεῐν
1794 1610 1843 1630 και

1057 1645 1134 1676 αὖθις
1161 1644 1204 1672 ῐνα
1228 1646 1425 1682 ὲπαναστραςρῇ
1440 1646 1508 1681 πρὸς
1531 1647 1576 1674 τὸν
1598 1647 1663 1674 Θεὸν
1682 1648 1727 1674 καὶ
1743 1648 1844 1684 αἰτήσῃ

1058 1691 1335 1725 συγγνωμονεστὲραν
1354 1692 1479 1725 γενέσθαι
1496 1692 1544 1726 τὴν
1561 1693 1652 1728 εὐχὴν,
1666 1693 1696 1720 οὐ
1713 1694 1844 1720 κατένευ-

1059 1744 1114 1767 σεν,
1137 1736 1205 1763 ἀλλὰ
1219 1736 1359 1763 κατελθεῖν
1378 1737 1417 1768 είς
1433 1738 1463 1763 τὸ
1480 1737 1637 1772 Ἐμπαρὰκ,
1653 1739 1699 1765 καὶ
1720 1739 1846 1765 ἐλαύνειν

1057 1781 1109 1812 ἕως
1126 1782 1158 1808 ἂν
1180 1781 1244 1817 ἔλοῃ
1268 1781 1330 1808 ἔνθα
1348 1779 1383 1817 ἦν
1400 1782 1540 1817 πρότερον.
1555 1783 1653 1810 Σκόπει
1667 1783 1732 1816 γοῦν
1748 1783 1846 1818 ψεῦδος

1059 1827 1149 1861 πάσης
1179 1827 1318 1860 ἀγνωσίας
1347 1828 1566 1862 μεμεστωμένον·
1592 1828 1637 1854 τὸν
1660 1828 1735 1860 Θεὸν,
1754 1829 1848 1855 ὅντινα

1059 1870 1185 1905 ὁμολογεῖ
1201 1871 1215 1896 ὁ
1231 1870 1311 1902 αὐτὸς
1325 1871 1448 1905 Μωάμεθ
1465 1873 1579 1908 ποιητὴν
1593 1872 1706 1908 οὐρανοῦ
1721 1874 1767 1899 καὶ
1784 1874 1847 1907 γῆς,

1060 1914 1214 1949 ὲνσώματον
1238 1914 1376 1947 δεικνύει,
1395 1915 1441 1942 καὶ
1470 1916 1519 1943 οὒκ
1548 1916 1701 1952 ἀσώματον.
1725 1918 1762 1944 Τὸ
1793 1918 1850 1952 γὰρ

1059 1960 1137 1986 Θεῖον
1161 1960 1322 1994 ἀσώματον,
1346 1961 1446 1987 ἄποσόν
1462 1969 1491 1987 τε
1509 1961 1556 1987 καὶ
1578 1962 1616 1997 μὴ
1639 1962 1700 1997 ἔχον
1719 1963 1849 1997 μέγεθος,

1059 2004 1120 2030 οὐδὲ
1141 2005 1170 2030 ὲν
1185 2004 1251 2030 εῖδει
1268 2006 1464 2040 περιγραπτὸν.
1481 2006 1518 2032 Τὸ
1531 2005 1558 2032 δέ
1573 2006 1658 2037 οὕτως
1672 2007 1733 2042 ἔχον
1759 2009 1788 2033 ὲν
1814 2010 1851 2042 τῇ

1061 2050 1114 2083 ὶδιᾳ
1131 2048 1213 2076 αὑτοῦ
1228 2051 1307 2083 φύσει
1324 2050 1382 2080 πῶς
1395 2049 1428 2076 ἂν
1445 2051 1478 2076 ἐκ
1496 2051 1607 2085 μερῶν;
1623 2052 1646 2078 εἰ
1664 2052 1717 2086 γάρ
1733 2061 1774 2083 τις
1787 2052 1852 2086 δοίη

1061 2095 1138 2121 τοῦτο
1164 2096 1309 2130 ὑπάρχειν,
1342 2096 1401 2126 πῶς
1429 2097 1590 2131 νοηθήσεται
1619 2098 1787 2132 ἀσώματον;
1819 2099 1854 2124 τὸ

1061 2141 1114 2174 γὶιρ
1138 2142 1166 2165 ὲν
1185 2141 1307 2174 σχήματι
1322 2140 1352 2167 ὃν
1376 2141 1484 2171 πάντως
1510 2142 1557 2168 καὶ
1579 2143 1608 2168 ἐν
1623 2142 1708 2177 ποσῷ.
1726 2143 1762 2168 Τὸ
1775 2143 1804 2169 δὲ
1824 2144 1856 2169 ὲν

224 2186 336 2212 vidente
363 2185 501 2220 angelum,
530 2193 663 2213 conversa
689 2190 730 2213 est
754 2187 840 2221 gloria
866 2187 952 2221 ipsius
981 2189 1005 2214 in

1063 2179 1136 2219 ττοσῷ
1155 2187 1202 2212 καὶ
1212 2187 1240 2212 ἐν
1255 2187 1339 2222 τόπῳ·
1358 2187 1389 2212 τὺ
1404 2187 1432 2213 δὲ
1457 2188 1486 2214 ἐν
1503 2188 1578 2223 τόπῳ
1599 2189 1750 2223 ἐξανάγκης
1768 2199 1857 2225 περι-

225 2230 442 2264 corruptionem,
460 2230 485 2257 id
501 2235 551 2262 est,
562 2231 702 2265 paulisper
717 2232 798 2258 vitam
812 2240 889 2260 suam
902 2233 1009 2267 abjeeit.

227 2275 313 2303 David
341 2281 434 2302 autem
451 2276 519 2303 dicit
539 2284 546 2302 :
566 2285 574 2301 ι
590 2277 642 2308 Qui
671 2277 699 2303 in
726 2282 825 2303 terram
845 2278 1010 2312 despiciens,

225 2321 312 2355 ipsam
351 2326 469 2348 tremere
503 2321 579 2349 facit.
601 2331 609 2347 ι
627 2322 762 2349 Mahom'et
794 2331 870 2355 vero,
887 2323 1013 2350 omnibus

226 2366 357 2400 angelicis
386 2367 535 2394 virtutibus
573 2368 700 2401 superior
724 2368 828 2401 factus,
856 2361 1013 2397 immediate

226 2418 287 2437 cum
312 2411 368 2438 Deo
388 2413 541 2440 collocutus
558 2418 609 2444 est.
636 2417 664 2440 et
692 2422 743 2448 pro
774 2415 877 2450 angelis
899 2420 927 2442 et
952 2415 1013 2442 uni-

226 2463 305 2482 verso
330 2457 432 2484 mundo
450 2465 547 2492 preces
563 2459 679 2491 obtulit,
702 2464 729 2486 et
744 2460 815 2486 votis
828 2461 886 2487 suis
910 2461 1013 2495 potitus

225 2501 291 2528 est?
309 2502 442 2529 Caeterum
469 2504 568 2536 miror,
585 2504 631 2538 qui
650 2503 696 2530 liat
719 2508 750 2531 ut
777 2505 941 2532 temerarius
968 2505 1014 2532 ille

225 2551 254 2574 et
280 2554 411 2582 arrogans
434 2556 487 2575 non
514 2549 572 2576 inec
594 2550 677 2576 etiam
701 2549 899 2584 dicere,ausus
919 2550 1012 2582 fuerit.

226 2592 299 2626 quod
319 2593 366 2619 Dei
389 2597 516 2621 naturam
536 2594 759 2629 deprehenderit,
778 2597 884 2630 qualem
900 2601 927 2623 et
943 2596 1014 2623 Deus

227 2638 285 2671 ipse
307 2638 401 2666 novit:
430 2648 439 2664 ι
465 2639 566 2667 Verum
588 2640 634 2675 qui
658 2640 762 2668 habitat
786 2641 813 2668 in
837 2641 923 2668 cmlis.
950 2642 1013 2668 irri-

228 2683 303 2709 debit
328 2691 411 2716 eum,
439 2689 467 2712 et
491 2686 537 2720 qui
563 2693 624 2713 cum
654 2693 688 2713 eo
713 2691 792 2719 sunt,
825 2691 853 2714 et
884 2687 1015 2715 Dominus

228 2726 465 2758 subsannabiteos
480 2730 512 2758 ⁸⁸.
529 2740 541 2756 ι
558 2730 710 2765 Praeterea,
732 2739 797 2759 num
825 2732 897 2760 Deus
923 2733 1016 2767 populi

264 2797 288 2814 ⁸³
304 2788 373 2826 l’sal.
388 2808 418 2833 tt,
435 2801 461 2828 4.

1062 2232 1193 2266 γραπτόν.
1211 2231 1304 2259 Ταῦτα
1325 2233 1354 2259 δὲ
1375 2234 1531 2267 σωματικὰ,
1548 2235 1596 2261 καὶ
1608 2235 1642 2260 τὰ
1656 2235 1703 2261 τοῦ
1722 2237 1858 2269 σώματος

1063 2277 1127 2310 ἴδια,
1146 2278 1203 2308 πῶς
1215 2277 1248 2304 ἂν
1263 2278 1310 2304 ἐπὶ
1325 2279 1373 2312 τῆς
1391 2279 1527 2314 μακαρίας
1549 2280 1657 2314 ἐκείνης
1673 2281 1719 2306 καὶ
1735 2281 1861 2315 ἀσωμά-

1063 2331 1109 2349 του
1129 2322 1236 2356 φύσεως
1250 2323 1295 2349 τοῦ
1309 2323 1376 2349 Θεοῦ
1390 2324 1532 2358 λογίσηταί
1545 2333 1587 2357 τις
1600 2325 1718 2356 διανοίας
1735 2327 1862 2360 μέτοχος

1064 2367 1116 2399 (iw;
1133 2368 1187 2394 Καὶ
1214 2369 1228 2393 ὁ
1253 2369 1303 2402 μὲν
1327 2370 1504 2404 πατριάρχης
1523 2370 1649 2405 ’Λϐραὰμ
1671 2371 1701 2396 ἐν
1717 2372 1749 2405 τῇ
1767 2371 1864 2397 πάλαι.

1066 2414 1209 2448 θεοᾳανείᾳ
1235 2414 1287 2448 γῆν
1314 2416 1361 2441 καὶ
1389 2416 1485 2442 σποδὶν
1510 2416 1605 2442 ἑαυτὸν
1633 2416 1776 2450 ἐλογίσατο
1809 2418 1866 2444 καὶ

1065 2459 1203 2486 ἐκάλεσεν·
1221 2460 1267 2486 τοῦ
1290 2453 1330 2486 δὲ’
1343 2461 1441 2495 Δανιὴλ
1457 2461 1504 2487 τοῦ
1517 2461 1637 2488 τοιούτου
1656 2463 1704 2488 καὶ
1719 2461 1865 2488 τοσούτου

1065 2505 1179 2539 ἄγγελον
1194 2506 1302 2539 ἰδόντος,
1318 2508 1442 2542 ἐστράφη
1460 2509 1476 2542 ἡ
1499 2507 1563 2539 δόξα
1580 2507 1663 2534 αὐτοῦ
1681 2508 1720 2539 είς
1735 2508 1867 2542 διαφθο-

1069 2552 1128 2586 ρὰν,
1152 2551 1276 2578 τουτέστι
1301 2553 1467 2588 παραῧραχϋ
1497 2553 1649 2580 ἀπεϐάλετο
1672 2553 1723 2588 τὴν
1751 2553 1869 2580 ἑαυτοῦ

1068 2597 1140 2632 ζωήν
1154 2605 1160 2612 ·
1177 2599 1190 2623 ὁ
1204 2598 1232 2623 δὲ
1247 2598 1329 2623 Δαεὶδ
1352 2607 1446 2633 φησιν,
1466 2607 1474 2624 ι
1501 2598 1530 2625 ὐ
1550 2599 1706 2626 ἐπιϐλέπων
1729 2600 1777 2625 ἐπὶ
1808 2600 1870 2635 τὴν

1067 2643 1130 2676 γῆν,
1147 2644 1193 2669 καὶ
1209 2643 1293 2669 ποιῶν
1310 2643 1395 2678 αὐτὴν
1409 2645 1521 2678 τρέμειν
1535 2652 1542 2660 ·
1565 2654 1574 2670 ι
1592 2646 1605 2670 ὸ
1619 2645 1647 2671 δὲ
1663 2645 1791 2679 Μωάμεο
1810 2645 1871 2676 τὰς

1069 2687 1216 2720 ἀγγελικὰς
1239 2688 1328 2719 πάσαις
1345 2688 1519 2724 ὑπεραναὸἁς
1536 2690 1675 2726 δυνάμεις,
1688 2692 1806 2726 ἀμέσως
1824 2692 1872 2728 τῷ

1070 2733 1128 2768 Θεῷ
1146 2734 1350 2769 προτωμῐὶησε,
1372 2735 1419 2762 καὶ
1441 2735 1511 2771 ὑπὲρ
1539 2737 1662 2771 ἀγγέλων
1688 2739 1735 2764 καὶ
1751 2739 1873 2770 παντὶς
