1949 3093
121 151 171 184 δςι

601 138 758 177 CONTRA
778 146 1024 178 MAIIOMETEM
1044 147 1185 179 oattrto
1209 149 1245 178 tv

1683 146 1737 179 682

121 209 168 237 τοῦ
193 207 297 241 κόσμου
320 205 426 240 δεήσεις
449 204 570 239 ἐποίησε,
596 205 641 230 καὶ
667 204 717 238 τῆς
745 204 825 239 εὐχῆς
854 203 904 230 οὑκ

974 204 1028 232 ires
1055 205 1163 233 novisse
1194 213 1247 232 non
1277 209 1401 239 poterat,
1427 203 1475 230 sed
1503 202 1602 230 cervici
1630 202 1738 230 illorum

124 254 274 287 ἀπέτυχεν.
294 250 365 284 Ἐγὼ
387 249 416 276 δὲ
439 250 533 284 ἀπορῶ
548 249 607 280 πῶς
632 250 682 276 οὐκ
700 250 752 284 ἔφη
769 249 905 284 τολμήσας

122 301 138 326 ὁ
153 299 273 332 αὐθάδης
292 293 370 327 οὗτος
393 296 440 322 καὶ
454 295 574 326 ἀλαζὼν,
596 295 637 321 ὅτι
652 294 786 321 κατέλαὸε
799 294 848 328 τὴν
859 293 905 320 τοῦ

124 344 194 372 Θεοῦ
214 344 305 378 φύσιν,
323 341 419 376 ὥσπερ
436 341 518 372 αὖτις
534 340 548 366 ὁ
563 340 630 371 Θεὸς
651 337 721 365 οἶδεν
735 340 831 373 αὐτήν·
849 339 906 365 ἀλλ’

124 391 139 417 ὸ
156 388 292 417 κατοικῶν
308 388 337 414 ὲν
352 388 476 422 οὐρανοῖς
492 385 669 420 ἔκγελάσεται
685 384 766 411 αὐτὸν
783 385 829 411 καὶ
845 385 907 416 τοὺς

128 436 188 473 μετ’
208 435 313 466 αὑτοῦ,
343 433 392 460 καὶ
418 433 433 459 ὁ
457 431 560 466 Κύριος
588 431 770 465 ὲκμυκτηριεῑ
797 429 908 460 αὐτούς.

129 483 191 509 Ἐτι
221 481 271 508 οὐκ
287 479 404 515 ἠδύνατο
429 480 443 506 ὁ
465 478 531 510 Θεὸς
557 477 704 512 γινώσκειν
729 477 779 511 τὴν
796 476 910 511 δύναμιν

127 527 175 554 τοῦ
192 525 269 558 λαοῦ,
287 524 345 552 ἀλλ’
361 524 497 558 ἐπέθηκεν
523 523 570 549 ἐπὶ
598 522 644 548 τὸν
671 522 806 557 τράχηλον
822 521 911 547 αὐτῶν

128 573 221 607 νόμον,
237 571 266 598 ὃν
283 571 332 597 οὐκ
346 569 476 605 ἠδύναντο
493 568 656 603 βαστάζεινς
681 567 735 594 Καὶ
762 567 820 598 πῶς
834 567 909 599 Θεὸς,

127 618 158 649 ὂς
175 618 206 644 οὗ
224 617 354 651 γινώσκει
367 615 398 642 τὸ
412 615 519 650 ποίημα
534 613 627 644 αὐτοῦ,
642 613 712 648 μηδὲ
727 613 776 647 τὴν
795 612 912 647 δύναμιν

128 662 177 688 τοῦ
192 661 357 696 ,ποιήματος
377 659 481 692 αὐτοῦ;
498 659 528 686 Εἰ
545 659 572 686 δὲ
599 659 665 689 Θεὸς
685 657 722 684 ὣν
737 658 851 693 ἀληθὴς,
866 658 913 685 καὶ

129 707 165 734 τὰ
179 706 268 733 πάντα
295 705 438 740 γινώσκων
464 705 530 740 πρὶν
556 704 690 738 γενέσεως
707 704 807 736 αὐτῶν,
828 703 912 730 ἔδωκε

130 752 213 786 νόμον
229 751 279 786 μὲν
300 750 383 785 ἀτελῆ
402 750 449 777 τοῦ
474 750 594 781 Μωσέως
609 750 653 776 διὰ
669 749 719 784 τὴν
742 749 795 776 τῶν
811 748 914 785 ἀνθρώ-

131 806 190 824 των
204 796 359 828 ἀσθένειαν,
374 795 477 822 τέλειον
492 795 520 821 δὲ
541 795 587 821 τὸν
603 794 647 821 διὰ
667 794 714 820 τοῦ
734 793 912 828 Εὐαγγελίου,

130 843 189 872 πῶς
205 842 236 868 τὸ
258 840 361 868 τέλειον
377 840 471 875 ὥσπερ
485 839 592 874 ἀγνοῶν
612 839 628 874 ἢ
645 839 858 874 μεταμεληθεὶς,
875 839 915 870 εἰς

128 888 160 914 τὸ
178 887 271 919 ἀτελὲς
297 887 378 914 πάλιν
405 887 562 922 κατήγαγε;
579 886 621 920 Tol
636 886 689 921 γὰρ
703 885 805 912 τέλειον
828 884 915 916 οὓτως

130 932 189 959 ἐστὶ
200 933 312 965 τέλειον,
324 931 403 966 εἴπερ
420 931 481 958 οὔτε
489 931 605 966 ῥλλιπές
620 931 703 963 ἐστιν,
715 930 777 957 οὔτε
789 930 916 966 περιττὸν

131 976 179 1003 καὶ
203 976 353 1011 παρέλκον,
384 975 478 1009 ὥσπερ
501 975 532 1002 τδ
547 974 713 1009 Εὑαγγέλιον
738 975 871 1009 μαρτυρεί
899 974 914 1008 ἡ

129 1022 255 1056 ἀλήθεια.
274 1021 355 1048 Ἀλλὰ
368 1022 414 1049 καὶ
423 1021 503 1053 αὐτὸς
519 1022 532 1048 ὁ
547 1019 669 1056 Μωάμεθ
679 1020 779 1047 τέλειον
791 1019 837 1046 καὶ
849 1019 916 1055 ἀλη-

129 1069 176 1100 θὲς
192 1069 238 1094 καὶ
254 1067 342 1101 ἅγιον,
358 1067 405 1094 καὶ
417 1067 556 1102 σωτηρίαν
581 1067 629 1094 καὶ
651 1066 763 1102 ὁδηγίαν
774 1065 916 1094 ἀποκαλεῖ·

135 1115 155 1140 ιι
168 1114 196 1140 δὲ
211 1113 257 1140 τοῦ
274 1113 393 1140 τοιούτου
405 1113 527 1149 Μωάμεθ
540 1113 680 1140 ἀκόλουθοι
692 1113 858 1144 δικαιοῦντες
872 1114 917 1141 τὸν

131 1159 356 1194 ἀσεὸἧριέγουσιν
365 1160 405 1186 ὅτι
419 1160 433 1185 ὁ
449 1160 498 1195 μὲν
510 1159 627 1194 Χριστὸς
639 1159 741 1193 ἐδίδαξε
756 1159 861 1194 μεγάλα
872 1160 918 1187 καὶ

131 1205 261 1233 ἀδύνατα.
283 1205 331 1237 Τίς
350 1205 403 1241 γὰρ
420 1205 535 1232 δύναται
559 1205 671 1240 ἀγαπᾷν
692 1205 738 1232 τὸν
752 1205 865 1240 πλησίον
879 1206 918 1241 di;

131 1250 228 1277 ἑαυτὸν
240 1271 248 1283 ,
265 1250 312 1276 καὶ
338 1250 388 1276 τὸν
412 1249 478 1276 Θεὸν
495 1250 524 1282 ἐξ
538 1250 602 1284 ὕλης
622 1249 704 1277 αὑτοῦ
721 1250 770 1285 τῆς
785 1251 916 1285 καρδίαςς

133 1297 174 1327 cf;
194 1295 307 1322 δύναται
324 1295 395 1330 ὑπὲρ
409 1295 464 1322 τῶν
483 1295 636 1322 διωκόντων
652 1296 699 1322 καὶ
721 1295 919 1330 συκοφαντούν-

133 1349 186 1367 ιων
202 1340 351 1374 εὖχεσθαι;
377 1341 419 1372 τίς
444 1339 554 1367 δύναται
576 1340 690 1375 ἀγαπᾷν
712 1341 776 1372 τοὺς
797 1340 915 1376 ἐχθροὺς

133 1386 237 1420 nemo;
265 1387 312 1413 καὶ
340 1386 374 1420 τὰ
393 1386 562 1421 ἕτερα.εΚαὶ
581 1386 624 1413 διὰ
651 1386 738 1421 τοῦτο,
756 1387 918 1413 ἀπέστειλεν

132 1433 148 1458 ὁ
165 1431 231 1462 Θεὸς
250 1432 295 1458 τὸν
310 1431 435 1467 Μωάμεθ
450 1432 498 1459 καὶ
516 1432 545 1458 τὸ
562 1432 672 1467 Κορῤὰν
684 1432 917 1466 συγκαταδάσεως

134 1477 239 1511 ἕνεκεν,
257 1477 301 1504 ῐνα
314 1478 414 1514 ῥᾳδίως
431 1478 572 1514 πληρῶσιν
584 1479 608 1505 ot
622 1478 760 1514 ἄνθρωποι
776 1479 821 1506 τὸν
836 1479 917 1514 νόμον

135 1524 205 1559 πρὸς
222 1523 271 1559 τὴν
299 1523 389 1550 αὐτῶν
414 1523 562 1559 σωτηρίαν.
590 1522 677 1558 Εἴπερ
696 1524 762 1558 γοῦν
781 1524 832 1551 οὐκ
855 1525 918 1551 ἁνε-
933 1543 955 1572 c

137 1569 249 1603 φαίνετο
266 1570 280 1595 ὁ
298 1569 417 1604 Χριστὸς
431 1569 498 1600 Θεὸς
522 1569 570 1596 καὶ
583 1569 650 1596 Θεοῦ
668 1570 742 1602 Υἱὸς,
761 1570 818 1596 ἀλλ’
833 1570 918 1602 οὕτως

136 1613 229 1646 ἁπλῶς
245 1615 389 1650 ἄνθρωπος
408 1614 446 1647 ὡς
465 1616 479 1642 ὁ
494 1615 628 1650 Μωῦσῆς,
644 1615 775 1650 ἐδεόμεθα
789 1615 821 1643 ἄν
838 1624 920 1643 τινων

138 1660 306 1694 ἀποδείξεων
321 1661 362 1692 εἰς
379 1661 428 1697 τὴν
441 1661 492 1696 τῆς
514 1660 644 1696 ἀληθείας
658 1662 823 1696 φανέρωσιν.
844 1662 921 1688 Ἐπεὶ

138 1706 167 1733 δὲ
195 1706 261 1737 Θεὸς
290 1706 392 1742 ἀληθὴς
422 1706 530 1742 τρανῶς
557 1707 760 1742 ἀναφαίνεται,
790 1707 920 1742 περισσὸν

137 1752 245 1787 ἥγημαι
269 1751 337 1783 ὅλως
361 1751 455 1778 δοῦναι
478 1751 628 1786 ἀπολογίαν
657 1752 723 1787 περὶ
747 1752 854 1780 τούτου.
877 1752 920 1784 Ὠς

139 1798 193 1830 γαρ
221 1795 287 1826 Θεὸς
318 1793 366 1821 καὶ
393 1795 510 1829 ποιητὴς
538 1793 592 1822 οἵδε
617 1796 667 1831 τὴν
689 1796 736 1822 τοῦ
769 1796 922 1832 ποιήματος

138 1839 220 1867 αὑτοῦ
233 1839 357 1874 δύναμιν.
381 1838 449 1865 Ἀλλ’
465 1840 541 1874 ὅμως
555 1839 655 1875 ἴδωμεν
682 1840 729 1867 καὶ
752 1841 784 1867 ἐκ
803 1841 858 1866 τῶν
872 1841 922 1867 τοῦ

140 1887 259 1923 Μωάμεθ
276 1888 364 1921 λόγων
389 1887 420 1913 τὺ
434 1886 547 1913 ἄτοπον·
564 1886 644 1918 αὐτός
656 1887 730 1912 εστιν
742 1887 756 1912 ὁ
775 1886 922 1921 μαρτυρῶν

142 1936 191 1962 καὶ
211 1935 298 1968 λέγων
323 1935 365 1960 ὅτι
392 1934 406 1960 ό
433 1932 550 1968 Χριστὸς
574 1932 660 1968 Λόγος
688 1931 756 1959 Θεοῦ
780 1933 849 1965 ἐστι,
877 1932 923 1959 καὶ

141 1979 211 2016 luxit
229 1979 297 2006 Θεοῦ
315 1980 394 2012 ἐστι,
411 1979 458 2006 καὶ
476 1979 584 2014 πνεῦμα
611 1978 688 2006 Θεοῦ.
711 1979 764 2005 Καὶ
788 1974 812 2005 ἐξ
838 1978 924 2012 Λόγος

136 2026 208 2053 θεοῦ
227 2026 294 2058 ἐστι,
316 2025 374 2057 πῶς
390 2024 554 2060 παραλόγως
568 2025 582 2050 ὀ
599 2024 633 2051 τὰ
650 2023 738 2051 πάντα
758 2023 836 2054 εἰδὼς
847 2024 924 2050 ἐποί-

142 2081 205 2107 .;σεν
217 2081 225 2105 ;
243 2071 272 2099 ’0
284 2073 338 2107 γὰρ
354 2071 400 2098 τοῦ
416 2070 483 2098 Θεοῦ
497 2071 582 2104 Λόγος
592 2072 642 2097 οὐκ
658 2070 691 2097 ἄν
704 2069 768 2097 ποτέ
782 2078 808 2097 τι
820 2069 924 2104 ἀγνοῶν

155 2117 313 2152 ὑρίσκηταιι
332 2116 395 2142 οὒτε
408 2116 462 2151 γὰρ
477 2115 514 2146 ὡς
531 2114 595 2146 Υῐὺς
610 2114 658 2141 τοῦ
673 2114 741 2142 Θεοῦ
759 2115 833 2142 ἐστιν
848 2115 925 2143 ἐλάτ-

144 2171 195 2190 των
213 2161 294 2189 αὐτοῦ
314 2161 361 2188 τοῦ
386 2161 454 2188 Θεοῦ
477 2161 525 2188 καὶ
544 2161 650 2196 Πατρός
663 2181 671 2194 ,
694 2160 756 2187 οὔτε
778 2161 816 2192 ὡς
838 2159 926 2194 Λόγος

957 249 1045 283 legem
1073 254 1183 284 portatu
1217 248 1410 283 inipossibilem
1434 247 1582 282 imposuit?
1610 247 1644 274 Et
1673 254 1740 281 qua~

958 294 1056 321 lisnam
1082 295 1154 322 Deus
1168 295 1213 322 hic
1224 315 1230 326 ,
1253 294 1300 329 qui
1327 301 1378 320 nec
1393 298 1547 320 creaturam
1563 299 1640 318 suam
1656 299 1739 326 agno-

958 340 1020 373 scit,
1045 348 1096 368 nec
1120 344 1254 368 creaturae
1278 347 1333 368 suae
1349 339 1443 367 vires?
1470 338 1570 371 Quodsi
1587 345 1652 365 vero
1669 337 1737 364 Deus

959 393 1021 413 cum
1045 393 1126 414 verus
1148 386 1201 418 sit,
1224 390 1252 413 et
1275 385 1366 413 ornnia
1386 385 1544 420 priusquam
1574 389 1740 418 generentur

959 437 1099 467 agnoscat,
1118 422 1204 467 legem
1227 431 1336 466 quidem
1360 431 1442 458 lliosis
1458 430 1534 458 dedit
1552 430 1739 464 imperfectam

961 483 1073 513 propter
1085 478 1225 505 hominum
1240 477 1438 508 infirmitatem,
1454 476 1601 510 perfectam
1615 483 1680 502 vero
1693 483 1741 510 per

961 522 1151 558 Evangelium,
1165 521 1303 556 quomodo
1327 521 1474 557 perfectam
1500 520 1584 551 illam,
1603 524 1650 546 aut
1673 519 1741 546 olili-

962 567 1043 594 vionc
1051 573 1098 595 aut
1108 568 1269 602 poenitentia
1284 567 1392 599 ductus,
1407 566 1435 593 in
1451 565 1637 600 imperfectam
1649 565 1740 592 denuo

963 614 1090 641 reduxit?
1105 614 1259 641 Perfectum
1280 613 1352 640 enim
1377 617 1442 640 tunc
1469 611 1620 646 perfectum
1645 616 1701 643 est,
1719 612 1740 638 si

964 666 1018 687 nec
1039 659 1163 687 defectus
1180 659 1280 694 aliquis
1297 659 1371 690 insit,
1390 666 1440 686 nec
1455 657 1622 692 superﬂuum
1638 656 1741 690 aliquid

964 710 1012 733 aut
1034 713 1278 740 supervacaneum,
1297 710 1327 732 ut
1351 705 1384 731 de
1409 703 1557 738 Evangelia
1574 703 1630 737 ipsa
1646 703 1745 729 veritas

965 754 1090 778 testatur.
1106 751 1177 783 Quin
1206 757 1232 778 et
1257 751 1315 785 ipse
1340 750 1478 779 Mahomet
1499 749 1551 776 hoc
1581 747 1745 782 perfectum,

966 804 1074 828 verum,
1086 800 1221 827 sanetum.
1238 797 1354 823 salutem
1371 799 1398 822 et
1414 795 1486 822 viam
1504 799 1593 822 vocat.
1611 794 1747 822 Mahome-

967 842 1036 870 tista:
1054 849 1119 870 vero
1133 842 1312 877 justificantes
1335 842 1463 876 impium,
1491 841 1586 868 dicunt
1607 841 1745 867 Christum

969 896 1064 923 magna
1082 889 1208 916 docuisse
1222 892 1249 915 et
1267 887 1456 922 impossibilia.
1482 886 1549 919 Quis
1565 886 1637 914 enim
1655 887 1748 921 proxi-

969 941 1044 960 mum
1061 927 1089 960 ut
1109 933 1230 968 seipsum
1245 940 1337 960 amare
1353 936 1461 967 potest,
1484 936 1513 959 et
1535 931 1620 958 Deum
1643 939 1675 958 ex
1691 936 1748 958 toto

969 978 1051 1006 corde
1073 979 1146 1006 suo?
1161 978 1226 1012 Quis
1239 981 1330 1012 potest
1343 985 1393 1012 pro
1408 977 1631 1012 persecutoribus
1650 977 1707 1004 suis
1722 981 1748 1003 et

969 1023 1214 1051 calumniatoribus
1227 1024 1326 1051 orare?
1339 1023 1404 1056 Quis
1418 1027 1507 1058 potest
1527 1022 1640 1058 diligere
1656 1022 1750 1050 inimi-

971 1076 1017 1096 cos
1042 1076 1106 1096 suos
1120 1069 1195 1096 ?etc.
1220 1068 1392 1103 Quapropter
1412 1068 1496 1101 misit,
1523 1068 1662 1103 inquiunt,
1679 1068 1750 1095 Deus

971 1114 1152 1143 Mahometem
1165 1119 1194 1143 et
1210 1115 1402 1146 Alcorranum,
1418 1114 1588 1142 remissionis
1601 1118 1629 1141 et
1644 1114 1751 1141 relaxa-

972 1159 1054 1187 tionis
1070 1152 1168 1195 gratia,
1185 1167 1239 1194 quo
1254 1159 1381 1187 homines
1403 1159 1511 1187 facilius
1528 1158 1614 1193 legem
1627 1158 1660 1185 ad
1676 1159 1751 1186 salu-

972 1208 1026 1231 tem
1048 1204 1168 1240 ipsorum
1184 1204 1342 1239 implerent.
1357 1204 1434 1238 Quod
1455 1204 1477 1232 si
1492 1205 1603 1238 quidem
1624 1204 1751 1232 Christus

971 1256 1025 1276 non
1041 1249 1196 1277 declaratus
1211 1248 1364 1277 essetDeus
1379 1252 1406 1276 et
1421 1248 1466 1276 Dei
1481 1249 1577 1281 Filius,
1593 1249 1641 1277 sed
1661 1249 1752 1276 nudus

971 1299 1077 1322 tantum
1103 1295 1205 1328 homo,
1232 1299 1262 1323 ut
1286 1299 1315 1322 et
1339 1294 1447 1327 Moses,
1472 1294 1752 1322 demonstrationibus

972 1341 1068 1376 utique
1093 1342 1232 1376 aliquibus
1248 1348 1318 1376 opus
1332 1345 1404 1370 esset
1432 1340 1466 1368 ad
1483 1341 1608 1369 veritatis
1631 1341 1752 1369 declara-

973 1388 1094 1421 tionem;
1122 1395 1184 1415 runt
1212 1395 1277 1415 vero
1303 1387 1378 1416 hunc
1403 1387 1488 1415 Deum
1515 1395 1575 1415 esse
1602 1387 1753 1415 clarissimo

972 1437 1108 1468 appareat,
1128 1440 1361 1468 supervacaneum
1373 1433 1483 1460 videtur
1506 1433 1625 1468 aliquam
1645 1433 1679 1460 de
1699 1432 1753 1461 huc

972 1480 1158 1508 defensionem
1176 1479 1329 1506 instituere.
1345 1478 1505 1506 Secundum
1521 1479 1573 1506 hoc
1586 1479 1660 1505 enim
1678 1480 1750 1513 quo.l

973 1526 1043 1553 Deus
1066 1531 1094 1552 et
1113 1528 1221 1552 creator
1242 1528 1295 1557 est,
1320 1529 1453 1551 creaturae
1480 1531 1535 1551 sute
1560 1523 1633 1551 vires
1664 1523 1750 1550 novit.

973 1571 1167 1598 Verumtamen
1184 1577 1217 1597 ex
1239 1569 1326 1604 ipsius
1345 1569 1507 1596 Mahometis
1525 1568 1698 1596 sermonibus
1714 1567 1752 1595 rei

971 1615 1170 1644 absurditatem
1192 1615 1366 1650 colligamus.
1393 1615 1418 1642 ls
1436 1619 1488 1648 est,
1518 1614 1565 1649 qui
1586 1618 1701 1641 testatur
1725 1618 1755 1642 et

962 1661 1048 1695 -dieit,
1061 1661 1202 1689 Christum
1223 1660 1383 1688 Sermonem
1398 1659 1445 1687 Dei
1458 1667 1529 1690 esse,
1545 1659 1672 1694 spiritum
1692 1659 1752 1692 Dei,

971 1713 1000 1736 et
1023 1707 1139 1735 animam
1160 1706 1218 1733 Dei.
1237 1705 1315 1738 Quod
1342 1705 1364 1733 si
1389 1712 1480 1732 sermo
1500 1708 1529 1732 et
1551 1704 1621 1732 ratio
1638 1705 1684 1732 Dei
1700 1710 1754 1734 est,

972 1751 1194 1786 cur,qu:eso,qui
1208 1750 1298 1778 omnia
1313 1749 1398 1783 novit,
1415 1750 1472 1777 haec
1486 1749 1545 1777 sine
1560 1749 1633 1776 omni
1649 1749 1755 1776 ratione

973 1798 1059 1826 fecit?
1074 1797 1121 1825 Dei
1146 1797 1220 1824 enim
1239 1796 1309 1823 ratio
1331 1803 1472 1830 nunquam
1498 1795 1602 1830 aliquid
1627 1795 1752 1830 ignorare

973 1844 1091 1872 videtur.
1107 1843 1167 1871 Non
1182 1843 1255 1870 enim
1272 1841 1422 1870 secundum
1438 1841 1510 1876 quod
1532 1841 1616 1869 Filius
1634 1841 1682 1869 Dei
1701 1847 1754 1872 est,

974 1890 1029 1916 Deo
1052 1893 1079 1916 et
1105 1889 1183 1916 Patre
1207 1888 1297 1915 minor
1307 1890 1376 1920 .est;
1393 1894 1482 1922 neque
1507 1887 1658 1915 secundum
1680 1887 1755 1923 quod

975 1934 1070 1962 Sermo
1087 1938 1139 1967 est,
1155 1933 1198 1961 vel
1216 1933 1286 1961 ratio
1304 1933 1388 1960 illius.
1406 1933 1438 1960 Et
1451 1933 1474 1960 si
1490 1934 1579 1960 anima
1595 1933 1644 1960 Dei
1658 1938 1686 1960 et
1701 1934 1756 1968 spi-

976 1982 1045 2009 ritus
1059 1981 1107 2008 Dei
1125 1985 1239 2013 est,-cur
1253 1979 1398 2008 animabus
1409 1984 1438 2007 et
1450 1979 1594 2014 spiritibus
1613 1980 1754 2007 hominum

976 2026 1085 2062 pondus
1116 2026 1246 2061 imposuit
1270 2029 1379 2060 portatu
1404 2025 1598 2060 impossibile?
1622 2025 1662 2052 Ad
1699 2025 1756 2052 inec

976 2073 1048 2100 idem
1064 2072 1131 2100 dicit
1148 2071 1262 2099 ’asseclis
1275 2071 1344 2104 suis,
1367 2071 1440 2106 quod
1463 2071 1567 2099 nullius
1584 2071 1639 2099 sint
1654 2072 1756 2099 valoris

975 2119 1029 2146 nisi
1046 2118 1128 2147 Mosis
1142 2118 1240 2153 legem,
1257 2117 1431 2152 Evangelium
1453 2121 1482 2145 et
1503 2117 1683 2146 Alcorranum
1710 2119 1759 2146 im-

976 2164 1119 2199 pleverint.
1137 2163 1214 2196 Quod
1230 2163 1252 2191 si
1279 2156 1554 2199 igitur-Evangelium
1572 2164 1663 2199 gravia
1679 2165 1759 2192 docet

143 2209 236 2236 αὐτοῦ.
260 2209 313 2235 Καὶ
341 2209 365 2235 ει
385 2208 459 2244 ψυχὴ
480 2207 548 2234 Θεοῦ
567 2208 614 2234 καὶ
636 2207 744 2242 πνεῦμα
771 2207 838 2234 Θεοῦ
854 2208 919 2240 ὲστι1

979 2213 1008 2238 et
1020 2212 1128 2244 portatu
1143 2208 1272 2240 ditlieilia,
1288 2208 1426 2243 quomodo
1439 2213 1590 2244 praceptor
1607 2215 1698 2237 vester
1708 2210 1760 2238 hoc

146 2255 202 2286 πῶς
217 2254 256 2286 af;
270 2263 300 2280 τε
318 2254 366 2284 τὰς
376 2253 464 2288 ψυχὰς
479 2252 527 2279 καὶ
540 2252 574 2278 τὰ
589 2251 733 2286 πνεύματα
749 2251 804 2278 τῶν
815 2249 923 2285 ἀνθρώ-

145 2308 201 2326 πων
222 2299 304 2335 βάρος
319 2299 432 2334 ἐνέθηκε
451 2298 489 2334 μὴ
504 2297 639 2332 δυνάμενα
652 2297 747 2331 φέρειν
763 2296 843 2329 aii-:6;
864 2296 925 2323 Ἔτι

143 2347 156 2372 ὖ
171 2345 250 2372 αὶτόε
272 2352 340 2380 φησι
358 2343 424 2379 πρὸς
453 2343 517 2375 τοὺς
544 2342 618 2377 αὐτῷ
638 2340 855 2373 ἀκολουθοῦντας
881 2342 923 2368 ὅτι

142 2391 219 2418 οὐδέν
252 2390 343 2422 εἰσιν,
370 2389 394 2415 εἰ
414 2389 452 2424 μὴ
468 2388 642 2423 πληρώσαιεν
664 2388 708 2414 τόν
728 2397 757 2414 τε
779 2388 926 2415 Μωσαῖκὺν

142 2437 226 2471 νόμον
247 2437 277 2462 τὸ
301 2435 476 2469 Εὑιγγέλιον,
493 2435 541 2461 καὶ
559 2434 588 2461 τὺ
606 2434 726 2470 Κορβάν.
743 2435 798 2460 Καὶ
821 2434 846 2460 ει
877 2433 927 2468 μὲν

143 2481 231 2516 βαρέα
258 2481 304 2506 καὶ
331 2480 523 2506 δυσϐάστακτα
548 2478 667 2504 διδάσκει
692 2478 729 2512 τὸΔ
749 2478 926 2511 Εὑαγγέλιον,

143 2527 203 2557 πῶς
227 2527 240 2551 ὁ
267 2525 428 2555 διδάσκαλος
453 2523 531 2558 ὑμῶν
555 2522 627 2550 οὕτω
653 2523 838 2558 παραγγέλλει
852 2523 928 2558 ὑμῖν,

151 2571 181 2601 b;
199 2571 231 2597 Εἰ
254 2570 291 2605 μὴ
316 2569 475 2605 πληρώσετε
490 2569 535 2595 τόν
550 2577 579 2594 τε
595 2567 710 2595 παλαιὸν
723 2568 819 2602 νόμον,
840 2569 930 2595 καὶτὸ

146 2616 324 2650 Εὑαγγέλιον,
340 2615 415 2642 οὐδέν
437 2616 506 2647 ἑστι,
528 2616 668 2641 τουτέστιν
686 2614 797 2649 οὐδεμία
811 2614 931 2649 ὠφέλειά

144 2664 219 2689 ἐστιν
244 2663 272 2688 ὲν
287 2663 367 2696 ὑμῑν;
385 2662 416 2688 Εἰ
439 2661 467 2688 δὲ
489 2663 592 2687 τέλειον
617 2662 676 2687 ἐστι
694 2660 724 2686 τὺ
752 2661 928 2695 Εὐαγγὲλιον,

144 2706 240 2742 ὥσπερ
257 2708 303 2733 καὶ
323 2707 390 2737 ἔστι,
406 2706 529 2740 ματαίως
563 2706 617 2740 ἄρα
639 2705 791 2732 δικαιοῦται
814 2707 843 2732 τὸ
861 2707 932 2742 Kale-

147 2752 208 2787 ρὰν,
225 2753 266 2778 ὅτι
282 2751 513 2785 συγκαταόἀσεως
527 2751 607 2786 χάριν
620 2750 742 2786 ἐξεδόθη,
759 2752 806 2777 καὶ
821 2751 930 2786 ἀληθῶς

145 2798 350 2833 καταψεύδεσθε
362 2798 409 2824 τοῦ
425 2799 591 2832 Εὑαγγελίου
606 2799 651 2824 καὶ
664 2798 710 2824 τοῦ
726 2799 854 2833 Χριστοῦ·
873 2799 932 2831 πῶς

147 2845 201 2880 γὰρ
224 2845 336 2872 δύναται
362 2844 391 2870 τὸ
418 2844 583 2877 Εῆιγγὲλιον
608 2844 708 2871 τέλειον
728 2841 796 2872 εἶναι
812 2845 885 2880 ὃιορθ
898 2845 927 2872 ῦ-

291 2892 427 2922 Ρλτιιοι.
447 2891 507 2921 (iu.
528 2889 631 2920 CLIV.

981 2256 1058 2284 vobis
1072 2254 1204 2290 praecipit,
1221 2254 1293 2289 quod
1309 2254 1361 2282 nisi
1377 2254 1515 2289 impleatis
1529 2260 1649 2284 vetereto
1672 2256 1760 2292 legem

979 2307 1007 2329 et
1030 2301 1219 2336 Evangelium,
1233 2300 1301 2328 nihil
1319 2300 1371 2333 sit;
1387 2300 1412 2327 id
1431 2305 1482 2334 est,
1498 2301 1571 2328 nulla
1590 2301 1616 2328 in
1633 2301 1711 2329 vobis
1726 2302 1762 2329 sit

981 2346 1106 2374 utilitas?
1122 2346 1200 2378 Quod
1213 2346 1235 2373 si
1252 2350 1343 2373 autem
1357 2345 1535 2380 Evangelium
1553 2349 1703 2381 perfectum
1719 2353 1761 2375 est

981 2392 1023 2426 (ut
1047 2398 1129 2418 nemo
1153 2391 1258 2425 negat),
1276 2390 1374 2418 frustra
1390 2391 1557 2426 justilicatur
1570 2392 1760 2424 Aleorranmn,

980 2436 1053 2473 quod
1068 2435 1255 2463 concessionis
1271 2440 1298 2463 et
1312 2436 1493 2471 flremissionis
1508 2444 1590 2464 causa
1607 2439 1690 2464 latum
1706 2438 1760 2470 sit;

979 2487 1007 2510 et
1020 2489 1117 2509 revera
1129 2482 1263 2510 mendacii
1278 2482 1442 2509 insimulatis
1455 2483 1630 2517 Evangelium
1644 2488 1671 2510 et
1683 2483 1762 2511 Chri-

981 2533 1064 2556 stum.
1083 2527 1226 2560 Quomodo
1237 2528 1318 2555 enim
1337 2527 1513 2563 Evangelium
1530 2529 1681 2563 perfectum
1701 2537 1763 2556 esSe

981 2578 1084 2608 posset,
1101 2573 1122 2600 si
1140 2573 1272 2608 indigeret
1290 2574 1500 2602 emendatione?
1520 2574 1597 2606 lleln,
1613 2576 1634 2601 si
1651 2574 1761 2602 Gabriel

982 2618 1074 2651 hunc,
1086 2617 1210 2644 humeris
1245 2618 1303 2645 suis
1334 2618 1461 2655 sustulit,
1486 2619 1614 2653 quidnam
1637 2619 1762 2652 jumento

982 2671 1051 2698 opus
1078 2669 1148 2695 erat,
1173 2672 1227 2699 quo
1250 2672 1283 2691 ex
1309 2664 1403 2692 Mecha
1433 2664 1647 2700 Hierosolymam
1675 2672 1762 2697 usque

982 2709 1153 2737 veheretur?
1172 2709 1249 2743 item,
1274 2710 1399 2744 quisnam
1424 2710 1563 2739 dimensus
1589 2710 1696 2737 itineris
1720 2710 1763 2737 in-

984 2755 1140 2786 tervallum.
1156 2756 1228 2789 quod
1245 2756 1316 2782 inter
1329 2756 1427 2786 coelum
1442 2755 1560 2790 primum
1573 2760 1600 2782 et
1611 2755 1763 2782 secundum

983 2805 1034 2833 cst,
1051 2801 1232 2835 deprehendit
1247 2801 1314 2828 illud
1326 2801 1537 2836 quingentorum
1553 2808 1688 2828 annorum
1703 2808 1764 2835 spa-

988 2846 1025 2873 tio
1042 2851 1179 2879 constare,
1206 2850 1234 2873 ct
1251 2845 1316 2874 illud
1341 2845 1486 2874 Mahometi
1510 2845 1624 2874 retulit?
1645 2845 1723 2878 Item,
1738 2845 1762 2872 si

1478 2891 1482 2895 “
1588 2889 1629 2919 22
