1949 3093
213 194 268 226 683

797 182 956 214 JOANNIS
973 179 1235 213 CANTACUZENI

1774 169 1829 202 686

213 259 261 287 per
281 250 380 286 pedum
397 253 509 283 gressus
531 244 705 273 intervallum
729 243 782 270 hoc
807 245 995 269 mcnsuratum

1059 247 1118 271 πεως
1129 238 1274 274 δεόμενον;
1293 235 1364 268 Ἔτι,
1381 233 1406 262 εί
1421 235 1435 261 ὁ
1449 232 1571 269 Γαϐριὴλ
1587 231 1734 259 ἀνελάϐετο
1748 231 1828 257 eam

212 300 265 328 est,
279 284 417 330 quomodo
433 299 535 327 corpus
551 297 673 318 crassum
692 289 863 321 densumque
883 293 915 314 ea
941 284 996 312 cal-

213 329 303 373 cavit,
324 346 386 374 quae
409 345 493 372 supra
515 335 599 364 caelos
624 338 699 366 sunt,
721 338 751 360 ut
772 332 817 359 hic
841 329 997 366 prodigiose

215 385 313 422 tingit?
334 385 369 412 Et
392 383 415 411 si
440 383 492 409 hoc
519 381 629 416 quidem
653 377 823 413 impossibile
842 381 892 408 est,
909 374 996 409 angeli

215 439 280 460 vero
293 436 322 458 et
335 430 432 457 animat
445 427 587 455 hominum
604 425 670 452 illuc
683 423 846 455 ascendunt,
859 421 997 456 quomodo

216 485 278 513 quae
291 476 453 510 incorporea
474 477 549 505 sunt,
565 476 699 505 corporeo
725 476 820 504 gressu
847 467 998 494 metiuntur

215 510 247 550 ea
262 529 323 556 quae
338 526 420 554 supra
440 517 524 546 celos
539 520 604 543 sunt
623 514 772 542 constituta
785 531 793 545 ,
805 519 867 551 cum
883 510 997 537 minimo

217 566 347 602 temporis
361 563 450 600 spatio
461 570 493 590 ea
507 569 567 597 quae
582 560 632 588 sub
645 559 714 587 coelo
730 562 794 586 sunt
808 557 923 584 transire
937 563 998 591 pos-

216 615 282 646 sint,
292 616 386 648 utpote
402 607 614 641 aerem,aathera
635 610 662 633 et
675 605 727 632 alia
739 605 781 632 his
801 603 918 632 similia?
932 602 999 630 Item

218 658 358 696 quomodo
372 657 400 684 in
420 661 536 683 ascensu
557 658 587 680 ut
602 652 701 680 coelum
718 649 877 678 ascenderet
890 648 999 683 angelo-

217 713 278 732 rum
287 710 370 738 opera
382 709 447 729 usus
459 705 518 732 est,
527 698 556 725 ill
566 697 699 725 descensu
708 700 797 722 autem
815 699 999 727 nequaquam,

217 751 264 778 sed
277 749 335 777 solo
348 749 472 784 iumento
483 743 628 779 Emparak,
637 746 667 769 ut
677 741 768 769 salvus
782 741 809 767 in
824 738 946 766 Meebam
959 744 1002 764 re-

217 793 430 824 duceretur‘2Et
445 791 507 827 quis
524 795 578 817 tam
595 787 721 820 stolidus,
740 790 769 813 ut
787 785 851 813 talia
867 791 920 810 non
935 790 1000 810 con-

218 840 348 871 demnet?
360 839 531 874 Quapropter
549 834 719 863 interdicunt
732 831 843 859 assecla:
861 830 944 861 illius,
967 835 1002 855 ne

218 888 281 924 quis
291 893 352 914 cum
363 884 501 919 aliquibus
513 881 643 916 disputet,
651 877 870 911 redargutionem
880 879 1004 902 metuen—

218 912 270 969 ξοδ,
283 937 376 970 utpote
392 938 453 959 cum
466 936 521 956 non
543 928 668 962 ignorent
683 922 859 959 praeceptoris
873 921 913 948 sui
927 919 1003 947 vani-
1016 912 1041 942 Β

220 966 321 1010 tatem:
332 979 526 1008 Verumtamen
540 977 568 1000 et
588 971 617 999 hi
633 972 706 998 inter
724 977 762 1006 se
788 972 883 994 mutuo
897 966 1004 993 dissen-

220 1027 302 1059 tiunt,
318 1028 345 1052 et
356 1023 403 1051 alii
415 1020 525 1057 quidem
538 1016 634 1045 mortis
650 1019 723 1042 metu
739 1014 781 1041 vel
793 1012 870 1040 inviti
885 1018 1005 1046 sequun-

220 1077 265 1100 tur
278 1056 325 1104 ,Iet
339 1069 361 1097 si
377 1056 447 1095 forte
462 1064 541 1093 liberi
556 1068 585 1091 et
601 1061 642 1090 sui
657 1061 729 1097 juris
744 1063 846 1090 eSSent,
863 1056 1005 1085 confestim

220 1101 386 1147 Christianis
409 1111 624 1140 ascriberentur.
637 1106 690 1134 Alii
703 1112 767 1133 vero
780 1111 872 1132 errore
889 1101 1004 1134 seducti,

221 1171 272 1199 pro
290 1161 386 1192 firmis,
405 1157 476 1185 veris
505 1161 532 1184 et
555 1153 688 1183 confessis
711 1150 829 1179 retinent
846 1147 1007 1176 Mahometis

224 1194 365 1238 mendacia
377 1211 405 1234 et
418 1203 573 1241 prodigiosa
587 1201 728 1235 ﬁgmenta;
740 1197 785 1224 alii
799 1203 907 1223 rursum
922 1202 936 1220 a
948 1194 1006 1229 lege

224 1254 313 1290 patria
327 1255 442 1288 propter
459 1249 592 1284 majorum
609 1244 788 1273 reverentiam
804 1242 936 1269 desistere
958 1247 1007 1267 no-

225 1288 414 1333 lunt;verum
430 1295 484 1324 illis
507 1292 693 1321 defensionem
711 1296 802 1318 coram
824 1288 880 1315 Deo
903 1293 952 1321 pro
977 1292 1006 1312 se

225 1331 397 1375 subeundam
410 1343 574 1377 imponunt;
588 1338 634 1365 alii
649 1343 758 1372 quoque
771 1337 884 1369 propter
897 1331 1006 1359 vivendi

225 1391 366 1421 licentiam
383 1393 411 1416 et
430 1388 595 1417 libertatem,
612 1383 838 1417 voluptatumque
854 1377 1007 1406 concessio-

227 1445 289 1466 nem
305 1435 394 1464 errori
416 1431 576 1461 renuntiare
591 1429 699 1460 nolunt,
716 1426 804 1462 pluris
819 1425 948 1453 nimirum
969 1423 1008 1450 fa-

225 1485 331 1514 cientes
345 1480 532 1516 impuritatcm
545 1481 573 1505 et
586 1475 741 1506 stultitiam,
767 1481 821 1500 non
840 1471 925 1507 ignari
938 1471 1008 1498 intc-

226 1531 290 1564 rim,
307 1527 380 1564 quod
401 1533 463 1561 quae
486 1523 625 1554 dicuntur,
641 1530 657 1549 a
679 1522 736 1549 Deo
753 1527 807 1547 non
830 1519 895 1551 sint;
912 1517 1007 1545 dicunt

225 1584 320 1605 tamen
336 1574 439 1609 palam,
456 1575 486 1599 ut
504 1574 567 1598 ante
588 1568 692 1596 dictum
713 1571 766 1599 est,
783 1575 793 1592 ι
809 1565 873 1594 Vias
889 1571 1008 1600 praecep-
1022 1580 1043 1608 ο

225 1630 316 1651 torum
331 1626 440 1648 tuorum
458 1624 605 1653 agnoscere
620 1615 694 1642 nolo.
711 1623 721 1640 ι
738 1612 796 1646 Qua
809 1612 843 1639 de
862 1617 942 1638 causa
957 1617 1008 1637 nec

226 1664 332 1697 sacram
353 1666 524 1700 Scripturam
541 1663 633 1697 legere
654 1660 822 1695 permittitur
846 1657 918 1692 apud
933 1656 1007 1688 illos,

227 1726 262 1745 nc
284 1722 334 1747 per
349 1713 420 1740 lianc
434 1709 610 1747 praeceptoris
625 1707 667 1735 sui
691 1705 806 1734 stultitia
830 1707 960 1738 appareat
982 1706 1010 1729 et

226 1764 394 1790 conlutetur.
410 1757 440 1785 ιιι
459 1756 549 1791 capite
563 1753 633 1781 Iona
655 1752 728 1779 enim
743 1751 784 1779 sic
801 1749 910 1785 inquit:
930 1747 1010 1781 Quis-

226 1807 291 1843 quis
307 1804 496 1841 deprehensus
513 1799 597 1827 fuerit
610 1798 683 1833 quod
701 1797 851 1824 Alcorrano
868 1794 1010 1822 contradi-

229 1840 285 1887 cat,
303 1840 400 1880 mortis
425 1847 589 1883 supplicium
612 1844 696 1877 luito,
720 1849 771 1870 nec
799 1841 845 1868 alii
867 1848 947 1875 quam
972 1840 1010 1867 illi

229 1885 353 1927 credant.
368 1897 398 1923 In
410 1894 499 1929 capite
513 1895 604 1919 autem
618 1890 728 1916 Amram
742 1888 799 1914 ait:
815 1886 873 1913 Non
888 1885 934 1912 alii
949 1892 1011 1912 ere-

229 1946 287 1973 dite
301 1943 353 1971 nisi
371 1941 458 1976 legem
473 1943 596 1965 nostram
613 1933 749 1969 sequenti.
763 1932 797 1959 Et
819 1932 864 1965 qui
889 1931 1012 1965 Evange-

229 1992 298 2019 lium
321 1989 436 2016 salutem
461 1990 520 2011 esse
540 1981 607 2009 dicit
637 1984 664 2007 et
687 1979 780 2010 viam,
802 1977 1012 2011 nihilque'esse

231 2030 402 2064 Sarracenos"
412 2029 464 2058 nisi
481 2026 658 2062 Evangelium
672 2024 814 2059 legemque
828 2020 1011 2057 impleverim,

230 2091 265 2112 en
295 2081 386 2108 denuo
411 2076 482 2104 idem
502 2073 579 2109 quasi
605 2070 708 2107 proprii
733 2068 869 2096 sermonis
892 2067 1011 2099 oblitus,

231 2129 259 2156 in
274 2126 370 2154 eodem
384 2127 510 2151 sermone
522 2118 590 2147 dicit
603 2127 610 2144 :
626 2116 691 2144 Mihi
711 2122 770 2142 mea
785 2114 828 2141 lex
842 2113 877 2140 sit
895 2116 923 2140 et
936 2112 1013 2139 vobis

230 2178 335 2202 vestra.
351 2171 406 2198 Vos
426 2169 460 2196 ab
480 2166 522 2194 his
538 2172 599 2200 qua:
615 2164 674 2198 ipse
696 2161 765 2189 facio
782 2160 918 2187 immunes
935 2159 1012 2190 estis,

231 2224 260 2249 et
275 2226 326 2254 ego
343 2217 377 2245 ab
391 2215 426 2243 iis
443 2219 577 2254 quaevos.
592 2209 649 2237 Hoc
667 2209 759 2243 itaque
777 2213 912 2242 perversae
927 2209 954 2232 et
970 2212 1014 2232 er-

1047 285 1095 312 ὲπὶ
1110 284 1157 311 τοῦ
1173 283 1248 318 ὥμου
1268 281 1361 314 αὐτοῦ,
1374 281 1417 312 τίς
1441 280 1522 314 χρεία
1538 279 1619 311 ζώου,
1635 278 1678 304 Eva.
1702 274 1765 304 ἀπο
1779 276 1828 303 τοῦ

1047 330 1145 358 Μακκὲ
1173 328 1323 362 διακομίσῃ
1345 326 1436 352 ἀὑτὸν
1461 325 1514 356 ἕως
1534 323 1737 358 Ίερονσαλὴμς
1756 322 1828 354 Ἔτι,

1047 377 1089 409 τίς
1109 375 1246 412 μετρήσας
1261 373 1291 400 τὸ
1313 372 1362 407 τῆς
1377 370 1437 398 ὀδοῦ
1456 371 1554 406 μῆκος,
1568 369 1598 395 τὸ
1619 368 1674 395 ἀπὸ
1689 367 1736 394 τοῦ
1753 367 1829 401 πρὼ-

1049 431 1096 449 του
1113 420 1228 456 οὐρανοῦ
1257 419 1339 454 μέχρι
1367 418 1414 444 καὶ
1438 416 1484 443 τοῦ
1514 415 1640 450 δευτέρου
1654 434 1661 448 ,
1677 413 1725 440 καὶ
1741 411 1829 447 εὑρὼν

1050 467 1116 495 αὐτὸ
1130 465 1317 494 πεντακοσίων
1343 463 1412 490 ὲτῶν
1436 462 1584 497 διάστημα,
1615 459 1762 495 ἀνήγγειλε
1789 457 1831 492 τῷ

1050 513 1197 548 Μαχούμετ
1207 512 1291 545 ςἘτι,
1306 511 1331 537 εί
1341 510 1389 545 μὲν
1398 509 1441 536 διὰ
1452 508 1582 544 βημάτων
1598 506 1677 537 ποδὸς
1690 503 1830 539 ἐμετρήθη

1050 559 1125 586 τουτὶ
1139 559 1169 585 τὸ
1183 558 1331 593 διάστημα,
1348 557 1407 589 πῶς
1423 555 1612 591 περιεπάτησε
1640 551 1719 586 σῶμα
1742 549 1830 583 nixo;
1884 556 1888 560 '

1050 605 1110 639 ἕχον
1124 603 1157 630 τὰ
1171 603 1301 638 ὑπεράνω
1314 603 1368 630 τῶν
1381 601 1519 636 οὐρανῶν,
1530 599 1567 630 ὡς
1584 597 1668 627 αὐτὸς
1682 593 1831 630 τερατεύε-

1050 638 1116 681 «at;
1132 650 1163 676 Ei.
1187 649 1215 675 δὲ
1228 649 1308 676 τοῦτο
1325 649 1373 683 μὲν
1389 647 1530 676 ἀδύνατον.
1547 643 1659 678 ἄγγελοι
1673 641 1702 668 δὲ
1716 640 1732 675 ἢ
1746 638 1833 674 ψυχαὶ

1050 695 1203 730 ἀνθρώπων
1219 694 1390 729 ἀνέρχονται,
1403 692 1463 724 πῶς
1476 691 1510 718 τὰ
1533 689 1668 724 ἀσώματα
1683 685 1831 722 σωματικῷ

1053 741 1158 777 βήματι
1175 740 1304 776 μετροῦσι
1329 739 1362 766 τὰ
1387 738 1458 773 ὑπὲρ
1483 738 1528 764 τδν
1553 736 1678 772 οὐρανὸν,
1704 734 1786 761 ἅτινα
1802 734 1833 759 ὲν

1054 786 1188 821 ἐλαχίστῳ
1201 785 1287 820 χρόνῳ
1301 784 1431 811 δύνανται
1444 782 1559 810 διελθεῖν
1577 782 1613 809 τὰ
1627 781 1679 808 ὑπὸ
1691 780 1737 806 τδν
1751 780 1834 813 οὐρα-

1054 833 1100 860 νὸν
1116 853 1124 866 ,
1140 833 1209 868 ἀέρα
1229 833 1311 866 λέγω,
1327 831 1496 866 καὶαὶθέρα,
1510 831 1556 858 καὶ
1571 831 1604 856 τὰ
1618 829 1723 859 τούτοις
1738 828 1832 862 ὃμοια;

1055 877 1128 911 Ἔτι,
1154 877 1212 908 πῶς
1225 877 1264 908 εἰς
1288 876 1337 911 μὲν
1357 876 1407 911 τὴν
1421 876 1551 902 ἀνάϐασιν
1576 874 1672 910 ἐδεήθη
1698 873 1835 908 ἀγγέλων,

1055 923 1125 950 ὥστε
1143 922 1306 949 ἀναϐιϐάσαι
1322 922 1404 948 αὐτὸν
1427 921 1465 952 είς
1481 922 1542 954 τοὺς
1559 921 1700 956 οὐρανοὺς,
1715 921 1743 945 ὲν
1757 919 1786 946 δὲ
1800 919 1836 953 τῇ

1056 967 1207 995 καταϐάσει
1224 967 1362 1002 οὐδαμῶς,
1377 966 1443 993 ἀλλὰ
1458 967 1539 1001 μόνου
1552 965 1600 992 τοῦ
1616 966 1685 998 ζῶον
1699 964 1746 991 τοῦ
1768 965 1837 999 Ἐμ-

1056 1015 1161 1048 παρέικ,
1178 1014 1222 1040 ἕνα
1235 1013 1283 1040 καὶ
1299 1013 1380 1039 πάλιν
1395 1011 1477 1039 αὐτὸν
1493 1013 1531 1044 είς
1546 1013 1575 1038 τὸ
1590 1010 1687 1038 Masz
1701 1010 1837 1043 διασώσῃ-

1057 1067 1118 1092 ται;
1131 1059 1188 1086 Καὶ
1203 1058 1245 1086 τίς
1266 1058 1338 1084 οὕτω
1357 1057 1521 1092 παράφρων,
1544 1057 1558 1082 ὸ
1577 1055 1614 1090 μὴ
1635 1055 1690 1081 τῶν
1710 1053 1838 1080 τοιούτων

1056 1104 1238 1140 κατεγνωκὼς
1251 1112 1259 1137 ;
1277 1103 1328 1130 Διά
1353 1112 1394 1130 τοι
1409 1102 1488 1129 τοῦτο
1501 1102 1640 1133 παντελῶς
1664 1101 1799 1127 κωλύουσι
1813 1100 1839 1126 οἱ

1058 1152 1164 1179 ἐκείνου
1197 1149 1339 1177 ἀκόλουθοι
1367 1149 1437 1184 μετά
1465 1157 1546 1175 τινων
1574 1147 1767 1181 διαλέγεσθαι,
1792 1146 1838 1173 τον

1056 1199 1166 1233 ἔλεγχον
1181 1198 1332 1228 δειλιῶντες
1344 1205 1350 1212 ”
1379 1196 1438 1223 οὐδὲ
1463 1197 1517 1230 γὰρ
1543 1194 1702 1228 ἁγνοοῦντές
1717 1193 1771 1219 είσι
1789 1192 1839 1227 τὴν

1056 1245 1103 1272 τοῦ
1116 1244 1279 1271 διδασκάλου
1300 1243 1389 1270 αὐτῶν
1406 1241 1585 1278 μσταιὸτητα.
1609 1241 1679 1268 Ἀλλ’
1699 1241 1773 1276 ὅμως
1790 1241 1839 1267 κά-

1057 1292 1140 1318 κεῖνοι
1165 1290 1326 1324 ἀσύμφωνοι
1346 1288 1414 1323 πρὸς
1438 1287 1569 1323 ἀλλήλους
1599 1287 1778 1322 ὑπάρχουσιν.
1808 1286 1839 1313 Οἱ

1060 1337 1108 1371 μὲν
1124 1336 1178 1370 γὰρ
1192 1335 1231 1371 τῷ
1246 1335 1292 1361 τοῦ
1308 1335 1423 1362 θανάτου
1439 1335 1514 1370 φόϐῳ
1525 1334 1572 1362 καὶ
1584 1333 1697 1364 ἄκοντες
1711 1333 1835 1359 ἕπονται·

1058 1382 1082 1407 εἰ
1105 1380 1128 1407 δ’
1146 1382 1211 1412 ἴσως
1232 1380 1341 1415 ἀφόΰως
1367 1381 1413 1407 καὶ
1436 1381 1464 1407 ἐν
1488 1379 1598 1415 ἐξουσίᾳ
1626 1378 1678 1415 ίδῖςι
1705 1378 1840 1413 ἐγένοντο.

1058 1427 1139 1460 εὐθὺς
1164 1427 1325 1463 Χριστιανοὶ
1351 1426 1476 1460 ἐγένοντο
1505 1426 1553 1452 ἄν·
1581 1426 1606 1452 οἱ
1635 1425 1663 1452 δὲ
1690 1426 1723 1460 τῇ
1752 1423 1843 1460 πλάνῃ

1060 1475 1288 1510 συναπαχθέντες,
1305 1473 1342 1503 ὡς
1359 1473 1454 1508 βέὸαια
1477 1473 1523 1498 καὶ
1555 1471 1642 1506 ἀληθῆ
1668 1471 1716 1497 καὶ
1733 1470 1840 1504 ὡμολο-

1061 1521 1168 1556 γημένα
1184 1521 1275 1554 ἔχουσι
1290 1520 1324 1546 τὰ
1343 1520 1390 1545 τοῦ
1410 1517 1531 1553 Μωάμεϐ
1548 1517 1635 1552 ψεύδη
1647 1516 1694 1543 καὶ
1710 1516 1843 1551 τερατεᾶ-

1062 1574 1144 1602 ματα·
1162 1566 1185 1592 οι
1204 1565 1232 1592 δὲ
1255 1565 1285 1591 οὐ
1301 1564 1439 1600 βούλονται
1457 1563 1608 1598 ἀποστῆναι
1630 1563 1678 1598 τῆς
1701 1570 1844 1596 πατροπα-

1063 1611 1175 1647 ραδότου
1193 1611 1295 1645 πλάνης
1308 1611 1402 1643 αὐτῶν
1417 1611 1487 1636 σιίδοί
1498 1609 1558 1636 ’τῶν
1583 1610 1695 1644 γονέων,
1723 1607 1781 1636 ἀλλ’
1797 1608 1842 1634 ἐπ’

1061 1659 1175 1689 ἐκείνοις
1203 1658 1310 1685 τιοέασι
1332 1657 1380 1693 τὴν
1404 1657 1494 1684 αἰτίαν
1513 1657 1562 1691 τῆς
1586 1656 1653 1691 πρὸς
1667 1656 1732 1683 Θεὸν
1745 1657 1846 1683 ἀπολο-

1064 1705 1139 1740 γίας.
1160 1705 1239 1731 Οἱςδὲ
1256 1703 1298 1730 διὰ
1324 1704 1354 1730 τὸ
1378 1703 1472 1731 ἄνετον
1494 1704 1540 1729 καὶ
1556 1703 1697 1738 ἐλεύθερον
1715 1703 1844 1738 καὶπερὶ

1061 1752 1110 1782 τὰς
1134 1750 1228 1786 ἡδονὰς
1245 1750 1384 1785 ἐνδόσιμον
1410 1750 1440 1776 οὐ
1466 1749 1606 1784 βούλονται
1627 1747 1779 1785 ἀποστῆναι
1793 1740 1845 1784 τῆς

1062 1797 1177 1832 πλάιης,
1195 1796 1263 1824 ἀλλὰ
1280 1797 1329 1832 τὴν
1344 1795 1516 1831 ἀκαθαρσίαν
1535 1796 1581 1823 καὶ
1599 1796 1719 1831 ματαίαν
1736 1796 1844 1823 δίαιταν

1063 1843 1270 1878 προαιροῦνται,
1297 1842 1478 1877 γινώσκοντες
1506 1842 1556 1878 μὲν
1573 1842 1614 1869 ὅτι
1640 1843 1689 1869 οὐκ
1706 1842 1776 1869 εἰσὶν
1791 1843 1846 1870 ἀπὸ

1062 1888 1128 1916 Θεοῦ
1156 1889 1189 1916 τὰ
1213 1887 1370 1922 λεγόμεναί
1384 1888 1491 1921 λέγουσι
1512 1888 1534 1914 δ’
1558 1889 1630 1923 ὅμως
1645 1888 1784 1923 ἄντικρυς.
1807 1889 1846 1919 ὡς

1062 1934 1233 1970 προείρηται,
1248 1934 1288 1960 ὅτι
1306 1942 1314 1958 ι
1325 1933 1408 1961 Ὀδῶν
1427 1933 1541 1960 ὲντολῶν
1559 1927 1605 1960 σου
1624 1934 1724 1967 γνῶναι
1739 1934 1769 1960 οὒ
1783 1933 1846 1968 βού-

1062 1980 1152 2013 λομαι.
1170 1989 1179 2005 ι
1197 1979 1251 2005 Καὶ
1261 1978 1305 2005 διὰ
1331 1978 1408 2004 τοῦτο
1425 1978 1483 2004 οὐδὲ
1514 1978 1722 2013 παραχωροῦσιν
1747 1978 1846 2011 ἀναγι-

1063 2025 1214 2052 νώσκεσθαι
1235 2025 1284 2059 τὴν
1302 2024 1376 2051 οείαν
1391 2023 1501 2060 Γραφὴν
1519 2024 1585 2059 παρ’
1605 2024 1727 2057 ἐκείνοις,
1743 2025 1787 2052 ἵνα
1807 2025 1846 2060 μὴ

1063 2071 1092 2097 τὸ
1108 2069 1154 2096 τοῦ
1175 2069 1334 2096 διδασκάλου
1352 2069 1441 2096 αὐτῶν
1456 2068 1553 2104 ψεῦδος
1575 2070 1615 2101 είς
1641 2069 1750 2105 ἔλεγχον
1769 2069 1844 2105 ἔλθῃ.

1069 2117 1114 2144 Ἐν
1134 2117 1187 2151 γὰρ
1209 2116 1247 2151 τῷ
1270 2115 1408 2151 κεφαλαίῳ
1433 2116 1472 2151 τῷ
1491 2115 1576 2144 Ἰωνᾶ
1591 2115 1663 2143 οὓτω
1684 2116 1776 2151 φησὶν,
1804 2118 1847 2144 ὃτι

1063 2162 1124 2189 Κᾶν
1153 2162 1242 2193 ὁποῖός
1267 2170 1330 2188 ποτε
1357 2161 1471 2197 φωραθῇ
1500 2161 1648 2196 ἀντιλέγων
1671 2162 1701 2188 τὸ
1725 2163 1846 2198 Κοῤῥὰν,

1065 2208 1178 2238 θάνατος
1205 2207 1281 2234 ἔσται
1306 2207 1323 2242 ἡ
1348 2207 1479 2242 τιμωρία,
1503 2206 1570 2242 μηδὲ
1596 2208 1736 2234 πιστεύειν
1752 2208 1848 2244 ἕτερον

231 2251 364 2293 rabunda:
379 2259 479 2289 mentis
496 2251 639 2294 proprium
654 2259 707 2287 est,
723 2258 753 2281 ut
772 2260 827 2280 non
849 2252 883 2280 ab
897 2251 1007 2278 bonestc

1067 2254 1135 2288 πλὴν
1154 2254 1246 2280 αὑτοῦ.
1268 2254 1312 2280 Ἐν
1328 2252 1356 2279 δὲ
1370 2253 1409 2288 τῷ
1424 2253 1563 2288 κεφαλαίῳ
1580 2253 1618 2289 τῷ
1636 2254 1747 2289 Ἀμρὰμ
1769 2255 1848 2290 φησι,

232 2314 339 2338 tantum
359 2311 387 2334 et
409 2306 482 2333 bono
502 2301 656 2333 dissentiat,
672 2299 720 2327 sed
741 2303 770 2325 ut
784 2305 835 2325 nec
850 2304 944 2325 secum
963 2302 1014 2323 un-

232 2362 316 2391 quam
330 2351 476 2381 convenire
499 2347 597 2384 possit,
612 2345 702 2381 qualis
716 2349 744 2372 et
764 2343 900 2371 Mahomct
924 2342 968 2369 hic
987 2342 1014 2368 in

234 2389 292 2430 toto
308 2408 358 2428 suo
373 2404 456 2434 opere
472 2393 700 2430 deprehenditur.
713 2389 933 2418 Christianorum
950 2394 1014 2415 vero

234 2449 335 2482 scripta
350 2452 405 2472 non
421 2443 472 2470 sic.
486 2441 587 2469 Verum
607 2437 697 2466 omnis
714 2443 791 2463 sacra
807 2434 945 2468 Scriptura
960 2437 1016 2459 tam

237 2479 321 2523 Vetus
346 2497 428 2526 quam
453 2487 545 2517 Nova,
572 2483 686 2517 singulae
713 2480 765 2509 sibi
794 2479 911 2506 invicem
932 2484 1014 2512 quam

235 2524 409 2569 exactissime
424 2531 599 2562 consentiunt
613 2537 621 2562 ;
638 2533 666 2556 et
681 2534 790 2554 rursum
807 2530 928 2559 utrasque
945 2524 1017 2551 inter

235 2595 265 2614 se
286 2589 382 2612 mutuo
405 2580 500 2608 eadem
524 2577 626 2605 sentire
648 2574 780 2602 etdicere
805 2566 1017 2605 deprehendun-

237 2639 281 2660 tur
294 2641 302 2665 ;
317 2635 344 2657 et
356 2628 465 2656 merito.
478 2626 550 2653 Deus
563 2623 636 2650 enim
654 2621 711 2655 ipse
725 2624 821 2646 auctor
836 2623 863 2645 ct
880 2617 1017 2652 legislator

236 2683 277 2706 est
295 2663 399 2703 veteris
423 2677 451 2700 et
475 2671 539 2698 novi
563 2666 742 2708 Teslalnenti.
764 2665 820 2699 Ego
844 2669 934 2691 autent
961 2663 1018 2697 ipse

237 2722 363 2752 fortassis
373 2728 433 2747 cum
451 2716 529 2746 Esaia
549 2720 576 2743 et
600 2713 701 2741 Davide
725 2712 820 2739 dixero
835 2720 841 2737 :
863 2720 872 2736 ι
887 2709 986 2742 Quare,
1001 2716 1018 2736 ο

238 2769 363 2802 Domine,
391 2772 433 2793 vna
457 2763 603 2798 impiorum
630 2758 827 2795 prosperatur?
851 2757 902 2784 Mei
927 2760 1017 2783 autem

238 2823 308 2852 pene
318 2814 382 2841 moti
396 2808 460 2839 sunt
474 2810 566 2845 pedes,
576 2815 645 2843 pene
658 2805 738 2833 effusi
752 2808 816 2832 sunt
828 2810 938 2838 gressus
952 2802 1017 2829 ιιιυί.

235 2861 371 2896 Quoniam
391 2858 475 2886 zelavi
495 2863 577 2892 super
595 2854 715 2888 iniquos,
729 2858 824 2887 pacem
845 2854 1018 2885 peccatorum

233 2894 335 2933 videns
361 2902 492 2937 Quoniam
511 2908 565 2928 non
581 2904 623 2928 cst
639 2901 778 2934 respectus
793 2896 821 2924 in
842 2899 928 2923 morte
944 2894 1018 2929 ipso-

1065 2300 1112 2335 Μὴ
1138 2299 1300 2335 πιστεύσητε
1318 2300 1411 2334 ἕτερον
1425 2299 1495 2333 πλὴν
1509 2299 1555 2326 τοῦ
1576 2300 1709 2335 ἑπομένου
1722 2301 1759 2336 τῷ
1777 2302 1850 2336 ἡμε-

1065 2346 1139 2381 τέρῳ
1157 2346 1232 2381 νόμῳ
1246 2366 1254 2378 ,
1273 2346 1360 2372 καίτοι
1389 2354 1420 2380 γε
1442 2345 1472 2372 τὺ
1506 2345 1673 2380 Εὑαγγέλιον
1705 2347 1847 2381 σωτηρίαν

1067 2390 1135 2419 εἶναι
1167 2391 1252 2426 λέγων
1281 2392 1328 2417 καὶ
1349 2391 1476 2426 ὸδηγίαν,
1501 2392 1548 2417 καὶ
1577 2391 1661 2426 μηδὲν
1691 2389 1760 2418 εἶναι
1793 2394 1850 2424 τοί;

1067 2439 1250 2473 Σαρακῃνοῖς,
1267 2437 1304 2473 μὴ
1320 2436 1478 2472 πληρώσασι
1504 2437 1534 2463 τὸ
1558 2437 1723 2472 Εὑαγγέλιον
1740 2438 1788 2464 καὶ
1804 2439 1853 2464 τὸν

1066 2485 1159 2518 νόμον.
1181 2483 1265 2511 Πάλιν
1286 2483 1315 2510 δὲ
1330 2485 1344 2510 ὁ
1363 2484 1452 2516 αὐτὸς,
1471 2483 1566 2518 ὥσπερ
1591 2483 1784 2518 ἐπιλαθόμενος
1796 2485 1853 2512 τῶν

1068 2531 1165 2557 ἑαυτοῦ
1182 2530 1286 2565 λόγων,
1306 2531 1333 2557 ὲν
1350 2529 1388 2566 τῷ
1408 2530 1483 2565 αὑτῷ
1501 2530 1574 2566 λόγῳ
1599 2531 1693 2566 φησὶν,
1708 2532 1749 2557 ὅτι
1774 2531 1854 2565 Ἐμοὶ

1056 2577 1081 2620 ,ὀ
1104 2575 1170 2611 ὲμδς
1182 2576 1273 2620 νόμος,
1295 2576 1342 2603 καὶ
1357 2577 1421 2612 ὑμῖν
1439 2577 1453 2602 ὁ
1469 2576 1621 2620 ὑμέτεροςζ
1635 2576 1728 2611 Ὑμεῖς
1743 2576 1854 2603 ἐλεύθε-

1069 2621 1111 2656 ροί
1128 2622 1187 2647 ἐστε
1214 2619 1250 2647 ὧν
1271 2620 1325 2654 ἐγὼ
1355 2621 1477 2654 πράττω,
1498 2620 1575 2654 κάγὼ
1602 2617 1640 2648 ὧν
1660 2621 1748 2655 ὑμείέ.
1765 2621 1855 2648 Τοῦτο

1057 2665 1134 2699 ¹’γοῦν
1148 2666 1213 2692 ἴδιόν
1227 2667 1285 2692 ἐστι
1303 2665 1349 2691 τοῦ
1370 2666 1635 2701 παρατετραμμένον
1652 2667 1700 2693 καὶ
1714 2666 1854 2701 πεπλανη-

1072 2712 1152 2747 μένον
1177 2711 1253 2744 νοὺς,
1278 2712 1307 2737 τὸ
1334 2712 1371 2745 μὴ
1387 2712 1468 2745 μόνον
1493 2711 1562 2746 μετὰ
1584 2711 1631 2738 τοῦ
1651 2712 1734 2739 καλοῦ
1757 2721 1786 2738 τε
1805 2715 1854 2739 κα)⁸

1070 2756 1174 2790 ἀγαοοῦ
1198 2757 1363 2790 ἀσύμφωνον
1381 2756 1475 2783 τοῦτον
1497 2756 1689 2791 εὑρίσκεσθαι,
1710 2757 1777 2784 ἀλλὰ
1804 2758 1854 2784 καὶ

1071 2802 1138 2837 πρὸς
1161 2802 1256 2828 ἑαυτὸν
1281 2801 1414 2837 μηδέποτε
1449 2804 1602 2841 συμιέωνεῖν
1619 2823 1626 2836 ,
1650 2802 1743 2838 ὥσπερ
1769 2803 1816 2829 καὶ
1833 2804 1848 2829 ὁ

1071 2850 1166 2883 παρὼν
1185 2849 1275 2875 οὑτοσὶ
1293 2848 1414 2882 Μωάμεο
1439 2850 1468 2875 ἐν
1485 2850 1538 2883 ὅλῳ
1555 2849 1593 2883 τῷ
1609 2849 1692 2876 αὑτοῦ
1711 2850 1853 2884 συγγράμ-

1073 2901 1149 2929 tum.
1166 2893 1205 2919 Τὰ
1219 2893 1246 2920 δὲ
1259 2894 1312 2920 τῶν
1329 2894 1500 2928 Χριστιανῶν
1516 2895 1564 2929 οὺχ
1576 2894 1672 2926 οὕτως,
1688 2894 1754 2923 ἀλλὰ
1770 2895 1848 2923 πᾶσα
