1949 3093
102 217 148 249 085

595 211 744 243 CONTRA
765 197 1008 241 MAHOMETEM
1026 211 1168 242 ORATIO
1188 212 1236 244 IV.

1663 213 1716 245 636

102 277 117 310 ὴ
136 261 192 300 θεία
205 272 311 308 Γραῳὴ,
327 272 344 306 ἥ
365 279 394 297 τε
416 270 528 302 παλαιὰ,
544 270 561 304 ἥ
585 277 615 296 τε
633 269 691 300 νέα,
712 269 761 304 μία
776 268 880 303 ἑκάστη

937 275 1002 300 rum,
1015 273 1042 309 et
1058 268 1259 297 ﬁrmamentum
1278 270 1304 296 in
1324 269 1401 304 plaga
1418 270 1551 305 ipsorum.
1567 270 1596 297 ln
1614 271 1716 298 labori-

106 320 167 355 πρὸς
187 319 283 353 αὐτὴν,
301 317 373 344 κατὰ
392 318 481 344 πᾶσαν
495 315 642 351 ἀκρίϐειαν
664 315 815 350 συμφωνεῖ,
833 314 879 340 καὶ

104 366 174 397 αὖθις
187 366 214 393 αἱ
228 364 275 391 δύο
292 364 360 399 ὁμοῦ
380 363 450 390 κατά
466 362 554 389 πάντα
573 361 745 397 εὑρίσκονται
759 361 793 387 τὰ
811 360 879 386 αὐτὰ

104 412 145 438 καὶ
160 410 305 446 φρονοῦσαι
326 409 373 437 καὶ
388 409 527 442 λέγουσαι,
553 407 601 449 καὶ
627 406 751 438 εἰκότως.
779 406 808 432 Ὀ
825 405 879 440 γὰρ

103 458 176 488 αὐτὸς
199 456 264 488 Θεός
288 456 362 481 ἐστιν
384 455 398 481 ό
419 453 533 488 ποιητὴς
554 453 601 480 καὶ
621 452 769 487 νομοδότης
783 452 833 486 τῆς
848 459 877 477 τε

103 502 213 532 παλαιᾶς
231 502 278 527 καὶ
295 501 367 532 νέας.
389 499 460 534 Ἐγὼ
480 499 509 526 δὲ
537 499 606 534 τάχα
622 498 655 525 ἂν
673 499 742 533 μετὰ
764 497 879 524 Ἡσαΐου

102 546 145 571 καὶ
162 544 246 570 Δαδὶδ
264 543 318 570 τῶν
338 543 487 578 προφητῶν
507 540 602 575 εἷπον,
618 552 628 568 ι
648 543 706 570 Ίνα
725 542 761 574 τί,
781 542 878 577 Κύριε,

103 591 155 623 οἰὸς
178 589 284 617 ἀσεϐῶν
304 589 461 618 εὐοδοῦται;
484 598 492 615 ι
510 588 557 615 καὶ
569 589 610 615 ὅτι
625 597 635 614 ‹
662 587 744 622 Ἑμοῦ
760 596 880 622 παραμι-

102 637 164 671 κρῦν
188 635 373 668 ἐσαλεύθησαν
393 635 418 661 ot
440 634 519 666 πόδες
532 654 540 666 ,
565 633 633 668 παρ’
647 633 736 667 ὀλίγον
762 632 878 667 ἐξεχύθη

102 683 133 710 τὰ
150 682 306 718 διαδήματά
330 691 392 718 μου,
417 682 458 708 ὅτι
477 680 601 716 ἐζήλωσα
616 680 662 706 ἐπὶ
683 680 738 711 τοῖς
757 679 877 713 ἀνόμοις,

101 729 207 765 εἰρήνην
222 728 393 762 ἁμαρτωλῶν
415 727 535 764 θεωρῶν,
560 727 601 753 ὅτι
616 725 666 753 οὒκ
682 725 755 752 ἐστιν
768 725 881 752 ἀνάνευ-

102 784 141 807 at;
159 775 187 801 ἐν
201 775 240 808 τῷ
267 775 374 808 θανάτῳ
388 774 488 806 αὐτῶν,
504 773 551 800 καὶ
573 772 716 807 στερέωμα
734 772 762 798 ἐν
778 772 809 806 τῇ
827 771 878 805 μά-

101 828 169 853 στιγι
184 819 285 846 αὐτῶν.
314 820 358 845 Ἐν
380 819 474 849 κόποις
499 818 650 853 ἀνθρώπων
672 816 721 843 οὒκ
744 816 809 848 stat,
832 816 880 842 καὶ

102 865 168 900 μετά
195 865 347 900 ἀνθρώπων
375 863 700 898 οὑ’“μαστιγωθήσονται.
730 862 778 889 Διὰ
801 862 880 889 τοῦτο

100 911 247 946 ἐκράτησεν
271 911 370 942 αὐτοὺς
396 912 413 946 ἡ
436 909 611 945 ὑπερηφανία
627 911 666 941 εἰς
681 909 767 939 τέλος.
783 909 880 943 Περιε-

933 315 984 342 bus
1003 315 1145 342 hominum
1171 323 1225 343 non
1251 320 1325 348 sunt,
1342 321 1370 344 et
1392 324 1454 344 eum
1480 317 1640 344 hominibus
1660 325 1716 345 non

932 359 1113 394 ﬂagellantur.
1130 359 1194 387 ldeo
1217 361 1305 388 tenuit
1328 368 1376 388 eos
1399 361 1530 395 superbia
1547 360 1669 395 ipsorum
1688 361 1715 388 iu

934 405 1026 433 finem.
1053 405 1147 440 Operti
1171 409 1236 432 sunt
1262 406 1406 440 iniquitate
1436 410 1464 433 et
1491 405 1630 441 impietate
1654 413 1714 434 sua.

932 450 1057 478 Prodibit
1068 451 1149 489 quasi
1165 460 1198 479 ex
1222 452 1302 486 adipe
1321 452 1452 487 iniquitas
1468 452 1600 487 ipsorum.
1616 452 1719 480 Trans-

933 497 1024 524 ierunt
1046 497 1071 524 in
1094 497 1219 524 allectum
1238 497 1345 530 cordis,
1373 497 1563 532 cogitaverunt
1581 503 1608 525 et
1631 498 1715 525 locuti

933 545 999 568 sunt
1024 541 1051 568 in
1075 542 1212 576 nequitia.
1234 542 1410 577 Ini1uilatem
1444 542 1472 569 in
1500 543 1608 569 excelso
1633 543 1716 570 locuti

933 591 1008 614 sunt.
1024 587 1179 614 Posuerunt
1193 587 1219 614 in
1235 588 1333 615 coelum
1346 595 1377 614 os
1389 595 1480 619 suum,
1491 593 1519 615 et
1534 588 1625 623 lingua
1639 588 1716 623 ipso-

934 640 994 659 rum
1009 633 1141 660 transivit
1169 634 1195 659 in
1224 638 1335 660 terram.
1351 634 1373 649 “9
1397 643 1406 659 ι
1433 633 1627 661 Verumtamen
1653 641 1715 660 cum

934 677 1027 705 divino
1046 678 1146 706 Davide
1157 678 1237 705 etiam
1251 678 1308 714 ipse
1322 679 1465 706 clamabo:
1488 679 1623 714 «Propter
1639 679 1717 706 dolos

934 724 1055 758 ipsorum
1075 724 1191 759 posuisti
1214 724 1254 752 eis
1280 724 1363 756 mala,
1379 724 1505 757 Domine,
1523 724 1647 759 dejecisti
1671 732 1718 751 eos

934 777 997 797 cum
1015 770 1224 798 extollerentur.
1240 769 1385 803 Quomodo
1402 770 1467 798 facti
1484 775 1548 797 sunt
1568 771 1595 797 in
1611 771 1719 797 desol:-.-

935 814 1056 842 tionem?
1071 814 1168 843 Subito
1190 814 1360 847 defecerunt,
1375 816 1518 851 perierunt
1533 820 1643 850 propter
1667 816 1720 842 ini-

933 861 1066 896 quitatem
1091 869 1168 888 suam
1193 862 1278 889 veluti
1299 861 1436 890 somnium
1459 861 1641 896 casurgentis.
1667 861 1720 888 Do-

935 907 1053 940 mine,in
1067 907 1176 935 civitate
1191 911 1236 935 tua
1252 907 1398 943 imaginem
1415 907 1536 942 ipsorum
1553 907 1586 935 ad
1601 907 1717 934 nihilum

99 956 225 983 6ἁλλοντο
245 956 351 983 ἀδικίαν
376 955 424 983 καὶ
450 956 580 983 ἀσέϐειαν
597 954 711 982 ἑαυτῶν*
735 954 876 987 ἐξελεύσε-
893 953 913 980 Β
928 953 1034 988 rediges
1049 953 1082 980 9°.
1095 962 1105 979 ι

99 1010 141 1029 ται
164 1001 201 1033 ὠς
222 1003 254 1029 ἐκ
277 1002 391 1033 στέατος
411 1002 428 1037 ἠ
449 1000 543 1028 ἀδικία
562 1001 664 1034 αὐτῶν,
695 1000 840 1035 διήλθοσαν
878 1000 918 1031 είς
937 998 1057 1026 διάθεσιν
1091 998 1224 1034 καρδίας,
1249 999 1427 1034 διενοήθησαν
1458 999 1505 1025 καὶ
1530 998 1665 1035 ἐλάλησαν
1690 999 1719 1024 ἐν

101 1049 226 1084 πονηρὶᾳ”
247 1048 354 1075 ἀδικίαν
376 1048 415 1079 εἰς
438 1047 468 1074 τδ
483 1046 549 1082 ὕψος
582 1046 727 1081 ἐλάλησαν,
746 1046 837 1073 ἔθεντο
857 1045 897 1076 εἰς
917 1045 1030 1080 οὐρανὸν
1046 1045 1076 1072 τὸ
1106 1046 1193 1080 στόμα
1206 1046 1307 1079 αὐτῶν,
1320 1047 1367 1072 καὶ
1383 1047 1399 1081 ὴ
1418 1045 1528 1080 γλῶσσα
1543 1045 1633 1072 αὐτῶν
1644 1045 1718 1080 διῆλ-

101 1095 144 1122 θεν
161 1096 206 1122 ἐπὶ
227 1095 276 1130 τῆς
301 1094 378 1129 γῆς.»
401 1103 410 1120 ι
421 1092 503 1120 Ἀλλὰ
527 1093 575 1120 σὺν
590 1092 629 1128 τῷ
645 1092 792 1127 θεοπάτορι
811 1091 894 1117 Δαὸὶδ
912 1091 959 1117 καὶ
988 1091 1069 1122 αὐτὸς
1084 1091 1253 1127 κεκράξομαι
1277 1091 1328 1124 ὅτι,
1345 1101 1353 1117 ι
1366 1091 1415 1118 Διὰ
1431 1093 1479 1123 τὰς
1495 1091 1650 1126 δολιότητας
1669 1091 1720 1118 α”ισ

100 1143 153 1170 τῶν
167 1142 227 1169 ἔθου
242 1142 336 1173 αὐτοῖς
353 1141 438 1174 κακὰ,
469 1140 567 1175 Κύριε,
591 1139 739 1171 κατέϐαλες
756 1139 855 1170 αὐτοὺς
891 1138 920 1165 ἐν
938 1138 978 1173 τῷ
990 1139 1153 1174 ἐπαρθῆναι.
1168 1138 1231 1170 Πῶς
1247 1139 1370 1173 ἐγένοντο
1382 1138 1423 1169 εἰς
1433 1138 1572 1174 ἐρήμωσιν
1587 1139 1718 1170 ἐξάπινας

101 1191 231 1224 ἐξέλιπον,
254 1189 393 1217 ἀπώλοντο
422 1189 466 1216 διὰ
491 1189 541 1224 τὴν
567 1188 682 1224 ἀνομίαν
716 1187 819 1221 αὐτῶν,
851 1187 917 1214 ὡσεὶ
938 1187 1061 1215 ἐνύπνιον
1087 1187 1305 1222 ἐξεγειρομένου.
1335 1188 1441 1223 Κύριε,
1465 1189 1493 1214 ὲν
1517 1188 1550 1222 τῇ
1574 1186 1651 1213 πόλει
1672 1195 1719 1213 σου

99 1237 148 1274 τὴν
165 1237 256 1264 εἰκόνα
279 1236 369 1263 αὐτῶν
391 1235 590 1269 ἐξουδενὼσεις,
609 1244 618 1261 ι

134 1285 167 1320 β’.
189 1284 250 1311 Ἔτι
270 1284 299 1310 ἐν
321 1282 359 1318 τῷ
375 1281 515 1317 κεφαλαίῳ
532 1301 540 1309 .
560 1302 567 1308 .
585 1301 594 1310 .
613 1301 621 1310 .
640 1302 647 1310 .
671 1282 747 1317 λέγει
768 1283 783 1309 ὁ
804 1281 886 1313 Maid-

100 1331 150 1366 μεθ
168 1330 208 1357 ὅτι
231 1330 255 1356 οἱ
269 1329 393 1363 δαίμονες
412 1328 531 1363 σωθῆναι
558 1328 713 1363 μέλλουσιν,
752 1328 884 1364 Ὦριγένει

99 1376 231 1413 αίρετικῷ
254 1375 420 1403 ἀκολουθῶν.
443 1375 499 1403 Καὶ
532 1375 572 1402 ἐτι
596 1370 646 1409 μὲν
661 1376 689 1402 ἐν
703 1375 789 1410 ἑτέρῳ
810 1375 886 1410 τόπῳ

99 1423 184 1458 φησιν
204 1423 217 1448 ὁ
230 1421 312 1453 αὐτὸς
334 1421 376 1447 ὅτι
395 1420 487 1447 πολλοὶ
501 1421 556 1447 τῶν
568 1420 703 1455 δαιμόνων
717 1420 883 1452 ἀκούσαντες

98 1469 128 1495 τὸ
151 1467 198 1494 τοῦ
215 1466 360 1502 Εἷαχοὺμετ
386 1466 497 1501 1(ορρἀ
524 1465 790 1500 ἀναγινωσκόμενον,
813 1464 882 1500 ἐπῄ-

99 1523 181 1542 νεσαν
195 1513 243 1541 καὶ
260 1513 428 1547 ἐθαύμασαν,
446 1511 493 1539 καὶ
511 1512 703 1542 πιστεύσαντες
724 1510 799 1544 αὑτῷ
815 1510 882 1537 ἐσώ-

99 1560 196 1594 θησαν.
214 1558 294 1585 Ἀλλὰ
306 1557 355 1585 νῦν
365 1558 414 1592 οὐχ
427 1556 524 1588 οὕτως,
545 1556 613 1583 ἀλλὰ
628 1556 781 1587 καθολικῶς
793 1555 878 1588 λέγει,

98 1606 144 1631 καὶ
159 1604 337 1638 ἀποφαίνεται
351 1604 392 1630 ὅτι
409 1601 529 1636 σωθῆναι
545 1601 687 1637 μέλλουσιν
699 1602 725 1627 ot
740 1600 880 1635 δαίμονες.

972 1281 1000 1309 2.
1027 1281 1159 1309 Prteterea
1177 1282 1202 1309 in
1219 1283 1308 1317 capite
1329 1304 1335 1311 .
1359 1302 1367 1310 .
1388 1302 1395 1310 .
1417 1303 1424 1310 .
1447 1299 1454 1309 .
1476 1282 1544 1310 dicit
1570 1282 1719 1314 Mahomet,

936 1327 1010 1363 quod
1027 1332 1054 1355 et
1070 1327 1210 1355 dmmones
1224 1329 1340 1356 salutem
1355 1328 1412 1356 sint
1441 1330 1630 1362 consecuturi,
1658 1329 1722 1357 Ori-

936 1373 1014 1409 genis
1033 1374 1157 1401 haeresim
1174 1379 1293 1402 secutus.
1321 1375 1355 1402 Et
1371 1375 1495 1409 quamvis
1522 1375 1576 1402 alio
1602 1376 1629 1402 iit
1652 1377 1720 1404 loco

934 1418 1007 1446 idem
1027 1419 1108 1451 dicat,
1124 1420 1195 1454 quod
1211 1420 1289 1447 mulli
1306 1427 1338 1447 ex
1354 1420 1533 1452 daemonibus,
1550 1428 1613 1448 cum
1628 1421 1721 1449 Maho—

937 1465 1017 1492 metis
1033 1464 1214 1491 Alcorranum
1241 1465 1353 1500 praelegi
1382 1465 1563 1497 audivissent,
1581 1467 1721 1495 collauda-

935 1515 1036 1538 verunt
1049 1514 1076 1537 et
1091 1509 1216 1537 admirati
1234 1516 1308 1543 sunt,
1324 1515 1351 1538 et
1365 1518 1428 1538 cum
1444 1511 1640 1545 credidissent,
1675 1521 1719 1540 sa-

937 1555 1021 1583 lutem
1037 1560 1102 1583 sunt
1118 1556 1276 1588 consecuti;
1307 1563 1379 1583 nunc
1401 1561 1491 1583 tamen
1506 1565 1560 1584 non
1586 1558 1626 1585 sic
1641 1558 1718 1590 dicit,

937 1600 985 1628 sed
1000 1600 1194 1627 universaliter
1209 1600 1345 1628 daemones
1356 1601 1501 1629 salvandos
1515 1603 1574 1630 fore
1587 1602 1718 1631 afﬁrmat.

99 1651 185 1686 Εἴπερ
199 1649 396 1685 γοῦνκδύναται
422 1648 543 1683 σωθῆναι
565 1644 605 1679 είς
620 1647 668 1674 καὶ
683 1647 762 1682 μόνος
779 1647 811 1672 ἐκ
833 1645 881 1672 τοῦ

938 1645 1077 1680 Siquidem
1094 1650 1184 1680 potest
1213 1653 1283 1673 unus
1312 1650 1340 1673 et
1356 1649 1379 1674 is
1394 1647 1469 1674 solus
1494 1655 1528 1674 ex
1544 1647 1653 1675 illorum
1668 1657 1720 1676 nu—

99 1697 239 1730 τάγματος
260 1695 367 1728 αὐτῶν,
389 1694 516 1721 δύνανται
542 1693 664 1729 σωθῆναι
700 1694 746 1720 καὶ
771 1692 882 1723 πάντες.

105 1742 177 1769 Ἀλλ’
194 1741 287 1774 ὥσπερ
303 1741 417 1768 πάντοτε
434 1739 517 1771 αὐτὸς
534 1739 624 1773 ἑαυτῷ
636 1737 818 1770 ἐναντιοῦται,
835 1736 884 1763 οὓ-

98 1795 140 1813 τω
159 1786 207 1812 καὶ
226 1786 297 1812 κατᾶ
321 1785 351 1811 τὸ
368 1784 464 1820 παρόν.
489 1784 576 1816 Αὐτὸς
602 1784 648 1810 καὶ
670 1784 694 1810 ot
722 1782 781 1818 μετ’
801 1782 885 1809 αὐτοῦ

98 1831 173 1858 κατά
203 1831 292 1859 πάντα
311 1831 420 1864 λέγουσι
449 1830 480 1856 τὸ
507 1829 673 1863 Εὑαγγέλιον
704 1829 818 1862 τέλειον,
838 1829 885 1854 καὶ

99 1877 191 1911 ἃγιον,
214 1877 260 1903 καὶ
285 1877 429 1912 σωτήριον,
449 1874 487 1907 ὥς
500 1874 548 1902 τοῦ
563 1874 681 1909 Χριστοῦ
696 1873 791 1908 λόγους
807 1882 815 1890 ·
837 1873 885 1900 νῦν

97 1923 141 1955 δὲ,
159 1922 197 1954 ὡς
210 1923 256 1948 καὶ
275 1922 416 1953 πολλάκις.
433 1921 543 1948 ἐναντία
559 1920 647 1954 τούτῳ
662 1920 777 1948 καθόλου
794 1921 887 1955 λέγου-

100 1978 158 1996 σιν.
179 1969 208 1995 '0
232 1968 286 2004 γὰρ
300 1968 417 2003 Χριστὸς
438 1967 525 1999 οὕτως
545 1967 641 2003 εἴρηκε
657 1966 725 2001 πρὸς
748 1968 811 1999 τοὺς
835 1967 886 2001 τῆς

98 2016 213 2050 γεέννης
242 2015 343 2047 ἀξίους,
376 2023 385 2040 ι
406 2013 556 2050 Πορεύεσθε
568 2013 616 2040 ἀπ’
628 2012 708 2048 ἐμοῦ,
724 2013 748 2039 οἱ
766 2021 886 2048 κατηρα-

101 2062 194 2096 μένοι,
215 2062 254 2093 είς
269 2060 299 2088 τὸ
315 2060 372 2096 πῦρ
387 2061 418 2087 τὸ
433 2060 553 2092 αἰώνιον,
578 2059 608 2086 τδ
623 2060 824 2095 ἡτοιμασμένον
847 2059 886 2094 τῷ

97 2107 221 2141 διαϐόλῳ
244 2107 291 2133 καὶ
311 2107 368 2137 τοῖς
390 2105 516 2140 ἀγγέλοις
538 2105 632 2132 αὐτοῦ.
653 2114 662 2131 t
683 2104 770 2131 Τοῦτο
793 2104 886 2131 τοίνυν

98 2153 199 2185 εἰπὼν,
216 2153 309 2180 οὐδένα
333 2152 385 2179 τῶν
404 2152 540 2186 δαιμόνων
565 2150 672 2185 ἀφῆκεν
686 2151 765 2182 ἐκτὸς
777 2150 827 2185 τῆς
841 2158 887 2176 xo-

97 2201 220 2230 λάσεως.
232 2199 289 2225 Καὶ
300 2198 421 2229 εἰκότως.
442 2197 472 2224 '0
493 2197 547 2232 γὰρ
561 2197 733 2231 σεσωσμένος
748 2196 765 2230 ἢ
782 2196 832 2223 σὺν
851 2197 885 2230 τῇ

97 2246 233 2280 μετανοίᾳ
252 2244 282 2269 τὸ
303 2243 374 2270 κατὰ
388 2243 504 2276 δύναμιν
523 2243 571 2268 καὶ
584 2241 665 2272 αὐτὸς
682 2240 887 2275 συμϐάλλειδιὰ

96 2291 231 2326 πράξεως
250 2290 290 2321 εἰς
310 2289 362 2323 τὴν
387 2289 436 2323 τῆς
455 2287 591 2323 σωτηρίας
607 2287 682 2314 όδόνη
701 2287 747 2313 ἐπὶ
764 2287 819 2323 γὰρ
838 2286 886 2313 τοῦ

98 2319 230 2371 claua»;
258 2319 290 2361 ob
319 2319 433 2360 δόναται
457 2319 600 2368 ἄνθρωπος
629 2332 738 2366 ποιῆσαι
757 2319 788 2358 τὸ
803 2319 885 2359 ’κατὰ
902 2319 922 2347 D

97 2381 243 2417 βούλησιν,
259 2381 321 2416 ἦτοι
337 2380 368 2406 τὸ
385 2379 422 2414 μὴ
438 2379 570 2413 ἐμπεσεῖν
592 2379 632 2410 είς
641 2378 719 2404 νόσον
737 2385 743 2392 ’
762 2378 779 2412 ἢ
798 2378 883 2412 ἐμπε-

97 2428 171 2460 σὼν,
188 2427 245 2462 ἔχει
257 2426 301 2453 ἐπ’
320 2425 445 2457 ἐξουσίας
458 2424 616 2451 ἐπανελθεῖν
629 2424 670 2455 είς
684 2423 734 2459 τὴν
749 2423 888 2459 προτέραν

95 2473 225 2507 ὑγίειαν.
258 2471 320 2498 Ἐπὶ
336 2471 363 2498 δὲ
389 2472 440 2505 τῆς
456 2469 546 2506 ψυχῆς
560 2469 611 2504 οὐχ
624 2468 712 2501 οὕτως
728 2476 736 2484 ·
750 2468 819 2495 ἀλλὰ
835 2469 889 2500 πᾶς

95 2527 144 2550 τις
172 2518 316 2552 ἄνθρωπος
331 2516 374 2543 ἐπ’
398 2516 523 2548 ἐξουσίας
541 2515 626 2550 εχει,,
635 2515 679 2542 ἵνα
703 2513 742 2549 μὴ
766 2513 888 2550 ἁμάρτῃ,

93 2565 173 2600 ὅπερ
205 2565 279 2591 ἐστὶν
292 2563 419 2590 ἀσθένεια
449 2562 548 2597 ψυχῆς.
572 2560 717 2596 ’Ᾱμαρτὼν
738 2560 767 2586 δὲ
783 2561 822 2591 εις
837 2560 887 2595 τὴν

95 2611 188 2638 αὑτοῦ
211 2610 320 2644 θέλησίν
341 2611 426 2641 ἔστιν,
452 2609 495 2636 ἵνα
511 2608 558 2635 καὶ
584 2605 662 2640 αὖθις
686 2607 888 2642 ἁνακαλέσηται

95 2656 213 2688 ἑαυτὸν,
231 2656 278 2682 καὶ
294 2655 424 2691 μὴμόνον
443 2655 482 2686 εἰς
499 2655 548 2689 τὴν
562 2655 698 2689 προτέραν
714 2654 821 2688 ὑγίειαν
836 2653 887 2687 τῆς

93 2701 195 2736 ψυχῆς
215 2701 369 2732 ἐπανέλθοι,
384 2700 451 2727 ἀλλὰ
470 2699 517 2726 καὶ
532 2699 621 2734 πολλῴ
638 2700 676 2734 τῷ
691 2699 783 2733 μέτρῳ
803 2699 890 2733 ὑπερ-

94 2748 150 2783 ϐῇ,
167 2747 216 2774 καὶ
229 2746 246 2781 ἢ
259 2747 307 2773 σὺν
322 2748 356 2781 τῇ
372 2745 510 2781 μετανοίᾳ,
529 2744 567 2776 ὡς
579 2745 698 2780 εἴρηται,
717 2746 819 2780 ποιήσῃ
841 2745 888 2770 καὶ

93 2794 172 2829 ἔργα
187 2791 354 2827 ἀξιόχρεα,ἢ
373 2792 444 2818 κατὰ
462 2791 598 2825 δεύτερον,
611 2791 625 2818 ὃ
643 2799 720 2825 φασι,
734 2790 817 2818 πλοῦν
841 2790 889 2825 μό-

92 2847 146 2866 νον
174 2837 313 2874 μετανοῶν
331 2838 501 2873 εὑρίσκηται.
526 2838 579 2864 Καὶ
604 2838 618 2864 ό
639 2837 794 2872 πανάγαθος
809 2836 885 2868 Θεὸς,

937 1698 1014 1718 mero
1033 1691 1143 1723 salvari,
1162 1698 1259 1718 omnes
1283 1691 1366 1719 etiam
1389 1692 1487 1719 salvari
1504 1695 1631 1728 possunt.
1665 1694 1719 1722 Sed

936 1736 1163 1771 quemadmodum
1193 1737 1250 1771 ipse
1275 1737 1327 1764 sibi
1355 1737 1457 1773 ubique
1489 1740 1645 1766 contrarius
1665 1744 1717 1771 est,

937 1782 975 1809 ita
1003 1781 1084 1809 etiam
1109 1782 1162 1809 hoc
1186 1782 1255 1809 loco.
1286 1782 1335 1811 llic
1358 1783 1444 1816 enirn,
1472 1791 1622 1818 omnesque
1634 1784 1718 1819 hujus

937 1830 1057 1861 asseelzr,
1071 1828 1248 1863 Evangelium
1259 1836 1309 1863 per
1323 1827 1413 1855 omnia
1421 1829 1583 1863 perfectum,
1593 1835 1718 1857 sanctum

936 1881 964 1904 et
980 1877 1110 1909 salutare,
1141 1880 1235 1910 utpote
1262 1875 1366 1904 Christi
1391 1884 1544 1910 sermones,
1573 1883 1718 1909 asserunt;

937 1931 1012 1951 nttttc
1027 1930 1102 1956 vero,
1122 1926 1152 1949 ut
1167 1928 1196 1950 et
1207 1922 1274 1949 alias
1283 1924 1392 1957 smpius,
1407 1922 1472 1950 huic
1480 1923 1592 1951 omnino
1607 1928 1720 1951 contra-

938 1969 1042 1997 dicunt.
1059 1969 1186 1997 Christus
1198 1968 1271 1996 enim
1286 1969 1320 1996 ad
1333 1969 1456 2004 gehenna
1469 1969 1566 2005 dignos
1581 1970 1620 1997 sic
1632 1970 1718 1998 dixit:

941 2025 950 2042 ι
965 2016 1044 2043 Abite
1058 2023 1073 2042 a
1093 2023 1146 2047 me,
1174 2014 1331 2047 maledicti,
1357 2016 1385 2042 in
1406 2015 1494 2050 ignem
1510 2021 1653 2048 mternum,
1671 2017 1719 2051 qui

938 2067 1050 2097 paratus
1062 2065 1105 2089 est
1121 2062 1231 2090 diabolo
1249 2066 1275 2089 et
1291 2061 1395 2096 angelis
1410 2061 1548 2095 ipsius’m
1566 2061 1615 2091 His
1628 2063 1721 2098 itaque

937 2106 1027 2133 verbis
1038 2102 1142 2133 nullum
1155 2105 1307 2133 daemonum
1321 2113 1335 2133 a
1346 2112 1426 2140 pmna
1436 2106 1559 2141 excepit;
1569 2110 1597 2135 et
1610 2107 1719 2135 merito.

937 2153 988 2186 Qui
1001 2154 1074 2181 enim
1090 2154 1209 2181 salvatus
1222 2158 1265 2181 est
1278 2161 1340 2181 cum
1352 2153 1522 2189 paenitentia,
1536 2155 1616 2182 simul
1633 2155 1717 2182 etiam

938 2199 995 2234 ipse
1017 2206 1068 2234 pro
1084 2199 1157 2227 virili
1184 2199 1281 2227 salutis
1306 2199 1380 2227 viam
1404 2207 1453 2235 per
1467 2207 1551 2235 opera
1579 2201 1719 2229 observat.

938 2245 966 2272 ln
980 2252 1094 2279 corpore
1106 2245 1178 2272 enim
1194 2252 1249 2272 non
1274 2249 1366 2279 potest
1389 2245 1472 2273 homo
1500 2254 1550 2281 pro
1574 2246 1616 2274 sui
1633 2247 1717 2274 animi

937 2291 1080 2318 voluntate
1108 2291 1151 2318 vel
1173 2291 1202 2318 in
1219 2290 1347 2319 morbum
1373 2299 1429 2318 non
1442 2291 1577 2325 incidere,
1593 2297 1640 2320 aut
1655 2301 1718 2320 eum

938 2336 1083 2369 inciderit,
1102 2343 1150 2364 sua
1169 2341 1305 2372 potestate
1328 2337 1362 2364 ad
1379 2337 1719 2374 pristinamlvaletudinem

938 2382 1057 2415 reverti;
1086 2382 1183 2410 anima:
1194 2389 1260 2409 vero
1273 2382 1414 2418 negotium
1432 2383 1513 2419 longe
1528 2391 1608 2412 secus
1627 2385 1719 2412 habet.

938 2427 1034 2455 Omnis
1054 2429 1125 2455 enim
1143 2428 1225 2456 homo
1241 2428 1270 2455 in
1287 2435 1336 2455 sua
1362 2432 1495 2463 potestate
1516 2429 1619 2463 habet,
1638 2437 1672 2458 ne
1693 2431 1721 2457 in

939 2479 1082 2511 peccatum
1100 2473 1108 2507 (
1122 2473 1169 2508 qui
1183 2473 1282 2501 animae
1297 2474 1411 2501 morbus
1428 2478 1470 2502 est
1487 2475 1495 2506 )
1510 2475 1631 2508 incidat;
1657 2483 1719 2503 eum

939 2526 1004 2546 vero
1017 2520 1182 2554 peccaverit,
1196 2519 1238 2547 sui
1254 2520 1361 2548 arbitrii
1377 2525 1432 2552 est.
1445 2525 1475 2548 ut
1491 2521 1614 2557 seipsurn
1629 2521 1701 2549 denti
1714 2532 1720 2548 ι

937 2570 1058 2598 revocet,
1074 2569 1158 2600 utque
1173 2573 1229 2594 non
1243 2566 1325 2594 modo
1345 2567 1379 2594 ad
1399 2567 1545 2602 pristinam
1562 2568 1661 2596 animae
1677 2576 1720 2596 sa-

937 2609 1049 2637 nitatem
1066 2614 1228 2643 revertatur,
1242 2610 1290 2638 sed
1302 2611 1385 2639 etiam
1400 2615 1431 2638 ut
1446 2611 1538 2639 multis
1550 2612 1638 2640 modis
1647 2612 1719 2640 hanc

938 2660 1059 2690 superet,
1073 2660 1102 2683 et
1116 2656 1156 2683 vel
1168 2652 1218 2691 per
1227 2657 1417 2691 paenitentiam
1431 2657 1513 2685 faciat
1524 2657 1576 2685 [ide
1591 2658 1671 2693 digna
1691 2664 1720 2686 et

941 2701 1050 2733 idonea,
1069 2701 1113 2728 vel
1131 2706 1193 2736 post
1208 2702 1374 2735 secundam,
1391 2703 1463 2738 quod
1478 2703 1590 2737 dicitur,
1604 2705 1720 2739 naviga-

943 2747 1044 2774 tionem
1059 2747 1231 2775 solummodo
1256 2748 1446 2784 pcenitentiam
1467 2756 1548 2784 agere
1564 2748 1720 2783 deprehen-

946 2791 1030 2819 ditur.
1050 2792 1082 2819 Et
1093 2793 1165 2820 Deus
1183 2794 1423 2827 clementissimus,
1446 2795 1493 2829 qui
1506 2799 1617 2829 propter
1630 2795 1720 2833 homi-

944 2845 1009 2864 ttum
1026 2838 1139 2866 salutem
1158 2839 1241 2867 ccclos
1256 2839 1407 2875 inclinavit,
1421 2844 1449 2868 ct
1459 2839 1627 2868 descendens
1636 2840 1719 2867 homo

135 2917 162 2933 "
174 2917 248 2945 Psal.
266 2925 349 2951 Lxxtt,
362 2917 419 2944 2—9.
457 2917 479 2934 ⁹⁰
497 2917 563 2946 ihid.
584 2915 674 2943 18-20.
713 2915 735 2931 ⁹¹
752 2914 834 2943 Matth
864 2923 925 2948 λῃ,
942 2915 984 2943 Η.
