1949 3093
239 200 292 233 68'!

838 198 998 229 JOANNIS
1018 198 1278 230 CANTACUZENI

1804 199 1850 233 €83

239 256 329 282 factus
342 257 394 287 est,
412 253 511 282 effudit
527 253 745 282 misericordiam
759 260 846 286 suam,
862 260 923 287 quze
938 259 1025 286 major

1078 252 1090 279 ΰ
1105 252 1149 279 διὰ
1164 261 1213 288 την
1230 252 1368 287 σωτηρίαν
1382 252 1437 280 τῶν
1453 252 1604 288 ἀνθρώπων
1619 251 1714 286 κλίνας
1736 256 1796 284 τοὺς
1813 256 1852 282 οὐ-

239 306 282 329 est
309 301 382 328 omni
410 308 494 335 opere
524 301 682 336 angelorum
709 300 790 328 simul
821 305 849 328 et
868 300 1023 330 hominum,

241 355 323 383 quam
337 348 418 375 etiam
433 348 562 375 omnibus
577 347 718 382 anteponit
745 347 907 378 virtutibus,
939 352 967 373 et
990 344 1024 372 ad

241 401 270 420 sc
287 400 383 420 omnes
407 392 534 425 advocat,
556 393 714 427 amicosque
733 399 800 419 suos
821 390 974 419 constituit.
994 390 1024 417 ln

240 439 349 467 diabolo
366 444 455 466 autem
471 439 517 466 ubi
536 438 714 473 paenitentia?
742 438 788 466 ubi
805 437 964 465 humilitas?
989 444 1024 464 ex

241 485 292 512 hac
300 485 373 511 enim
384 484 544 519 pmniteutia
560 483 710 511 enascitur.
727 483 806 511 Prius
818 483 892 510 enim
903 483 1024 517 seipsum

241 528 322 556 homo
339 536 388 556 ceu
405 528 559 555 maleﬁcum
580 528 756 559 condemnat,
771 527 871 554 deinde
899 531 1026 562 peccato-

240 582 301 601 rum
319 582 334 601 a
348 582 377 602 sc
387 574 597 601 commissorqu
612 573 876 609 agitpaznitenliam.
895 572 1025 600 Diabolus

239 625 330 648 autem
358 625 463 647 contra.
497 620 568 653 Quin
597 620 691 655 potius
708 625 782 647 amat
795 623 937 654 peceatum
951 618 1025 653 quod

239 666 360 699 admisit,
372 670 405 705 _et
418 673 468 700 pro
483 666 554 692 virili
567 666 694 693 humanae
715 665 878 701 perditionis
894 664 1024 699 propina—

240 719 284 741 tor
310 718 338 740 et
365 713 546 748 cooperarius
571 720 631 740 esse
645 713 765 739 videtur.
799 712 864 745 Qua
877 711 963 745 igitur
979 710 1026 737 Dei

239 768 302 787 cum
317 759 427 786 diabolo
437 765 480 786 est
492 759 670 786 communio?
685 758 773 786 Stulte
783 758 867 793 igitur
890 756 1026 784 lilahomet

239 806 322 833 ctiam
339 806 479 832 daemones
495 804 597 832 salvari
615 805 747 832 asseruit.

239 854 299 889 Θεῷ
329 861 359 879 τε
388 853 434 879 καὶ
474 852 610 888 διαὸὁλῳ;
631 852 703 887 ’Λρα
734 850 857 886 ματαίως
894 849 1024 885 ἐλάλησεν

241 910 331 938 μονες.
623 928 625 931 .

275 949 303 976 5.
322 947 407 974 Porro
419 946 501 973 etiam
516 945 569 972 hoc
584 945 619 972 dc
633 945 783 972 Alcon-ano
797 944 932 971 Mahomct
947 943 1024 976 dicit,

239 993 377 1021 neminem
394 991 565 1023 mortalium,
580 998 630 1018 nec
648 991 768 1025 seipsum
798 997 908 1025 quoque
938 989 1025 1016 inter—

240 1039 425 1074 pretationem
444 1042 472 1065 ct
499 1044 611 1064 sensum
630 1037 712 1071 hujus
737 1036 891 1071 percipere,
925 1039 1025 1070 praeter

239 1085 327 1111 solum
344 1084 440 1111 Dcum.
461 1082 540 1115 Quod
554 1082 576 1109 si
593 1082 644 1109 huc
658 1089 753 1108 verum
769 1085 810 1108 est
822 1100 830 1113 ,
845 1088 970 1116 quaenam
983 1083 1026 1106 est

239 1130 382 1156 Alcorrani
413 1127 535 1156 utilitas?
562 1127 698 1154 Fortassis
723 1127 796 1154 cnim
828 1126 868 1154 sic
893 1125 1025 1161 prodesse

239 1179 358 1211 poterat,
383 1175 406 1202 si
430 1181 491 1209 qum
515 1173 600 1201 aDeo
630 1173 703 1201 dicta
724 1177 799 1206 sunt,
830 1172 1024 1207 intelligerent.

239 1221 308 1249 Cum
323 1227 388 1247 vero
401 1219 461 1254 ipse
474 1218 558 1245 etiam
573 1218 712 1245 Mahomet
728 1221 857 1249 testetur,
883 1217 1024 1244 neminem

239 1265 396 1293 mortalium
412 1271 444 1291 ea
466 1270 527 1298 qua).
543 1262 693 1290 Alcorrano
717 1261 894 1289 continentur
921 1261 1025 1288 intelli-

241 1319 318 1347 gere,
342 1317 468 1345 quamam
496 1309 578 1344 hujus
609 1311 652 1336 est
665 1308 786 1335 utilitas?
810 1307 888 1334 Nulla
901 1314 1023 1342 prorsus.

239 1358 274 1385 tit
288 1363 413 1392 quaenam
427 1355 625 1383 demonstratio
642 1353 694 1381 hac
707 1353 863 1381 evidentior
874 1357 933 1392 est,
950 1352 1024 1387 quod

240 1404 284 1431 lex
303 1411 318 1430 ιι
331 1402 485 1430 lilahomete
501 1402 558 1428 lata
574 1401 660 1428 Deum
678 1407 733 1427 non
749 1399 850 1427 habeat
864 1398 1026 1426 auctorem?

238 1450 312 1477 Deus
325 1449 397 1476 enim
413 1448 486 1482 leges
497 1455 551 1474 non
567 1446 667 1474 frustra
682 1445 779 1473 sancit.
811 1445 851 1472 En
867 1445 949 1479 igitur
969 1451 1026 1471 ma-

241 1495 339 1523 nifeste
355 1497 472 1526 constat,
487 1492 668 1520 Alcorranum
681 1499 695 1518 a
708 1490 762 1518 Deo
775 1498 829 1518 non
844 1492 1024 1524 esse,"verum

241 1542 399 1577 ﬂgt.cnluttl
428 1538 546 1566 rationis
574 1538 657 1573 hujus
687 1537 918 1564 infelicissimum.
947 1535 1026 1568 Quod

241 1588 322 1614 etiam
337 1594 370 1613 ex
388 1587 448 1620 ipso
463 1584 614 1612 Alcorrauo
631 1588 717 1618 patet,
732 1590 794 1610 cum
806 1590 856 1609 nec
870 1582 960 1609 Veteri
975 1588 1025 1608 nec

239 1633 316 1660 Novo
333 1631 509 1658 Tcstamento
532 1630 698 1661 consentiat,
721 1629 781 1663 ipso
803 1627 914 1655 interim
929 1626 1023 1654 Mabo-
1038 1618 1060 1646 (ἶ

241 1684 313 1706 metc
341 1677 510 1709 eonlitcnte,
530 1675 685 1710 Scripturas
712 1679 740 1701 et
765 1679 874 1702 sanctas
898 1677 926 1700 et
940 1674 1026 1701 bonas

239 1733 316 1758 esse,
351 1729 379 1752 ct
397 1723 514 1751 asseclas
530 1721 617 1756 ipsius
645 1721 727 1756 pretii
751 1720 855 1747 nullius
873 1727 943 1750 esse,
972 1719 1024 1746 nisi

241 1776 270 1799 et
286 1771 372 1805 legem
392 1774 419 1796 et
435 1768 611 1802 Evangelium
642 1765 829 1801 implererint.
859 1765 936 1797 ltem,
968 1765 1026 1799 ipse

240 1816 292 1844 sibi
316 1816 372 1842 fere
389 1822 437 1848 per
457 1815 549 1841 omnia
563 1811 737 1839 contradicit.
751 1810 830 1843 ltcm,
860 1809 1025 1836 miraculum

242 1861 348 1888 nullum
370 1859 459 1887 edidit
476 1859 503 1886 iu
521 1858 658 1885 dictarunt
686 1863 799 1892 suorum
826 1854 1028 1890 comprobatio-

240 1915 313 1934 ncm.
326 1906 404 1937 Item,
422 1904 564 1932 mendacia
583 1903 708 1931 continet
739 1901 897 1934 manifesta,
923 1900 996 1935 quod
1011 1908 1026 1927 a

241 1953 297 1980 Deo
309 1952 430 1979 alienum
449 1955 501 1978 est.
525 1949 605 1982 Item,
617 1948 770 1975 violentutn
787 1951 839 1979 est,
866 1951 894 1974 et
910 1947 1026 1973 liberum

242 1999 359 2026 destruit
383 1996 543 2028 arbitrium,
556 1994 631 2030 quod
651 2001 702 2021 nec
722 1993 793 2020 Deus
823 1992 881 2026 ipse
906 1999 1025 2027 unquam

241 2044 379 2073 subvertit
405 2043 473 2070 Tum
485 2042 578 2074 etiam,
604 2041 682 2069 nullo
697 2039 795 2068 ordine
809 2039 955 2067 confusum
971 2043 1024 2066 est.

241 2090 318 2125 Quod
344 2095 435 2117 autem
454 2088 551 2115 ordine
565 2093 662 2119 caret,
690 2094 705 2114 a
723 2086 779 2114 Deo
806 2086 888 2121 longe
916 2085 1026 2119 lateque

241 2137 389 2171 discrepat.
403 2135 476 2162 Deus
489 2133 563 2161 enim
588 2139 760 2168 nequaquam
772 2131 941 2159 confusionis
956 2130 1028 2158 Deus

243 2188 296 2211 est.
310 2183 389 2214 ltcm,
408 2180 552 2208 manifeste
573 2179 673 2206 malum
697 2186 757 2206 esse
770 2183 892 2213 apparet.
914 2177 948 2204 Et
962 2184 1027 2212 quo-

242 2229 324 2257 modo
336 2237 350 2255 a
367 2228 422 2255 Deo
437 2226 571 2262 originem
595 2225 721 2254 duceret.
743 2224 789 2259 qui
806 2214 1027 2258 omnem'probi-

243 2266 325 2302 tatcin
339 2272 586 2308 ctsimplicitatem
601 2269 730 2298 excedit?
755 2270 832 2302 item,
850 2268 982 2296 conﬁctas
998 2273 1027 2295 ct

243 2321 417 2357 pradigiosas
441 2319 562 2346 visiones
580 2316 714 2345 continet.
747 2315 779 2342 Et
793 2315 931 2351 quomodo
961 2314 988 2341 id
1011 2322 1027 2342 a

246 2369 302 2396 Deo
317 2370 391 2394 esset
404 2364 528 2393 veritatis
545 2368 669 2391 creatore
691 2367 719 2390 et
740 2362 869 2397 largitore
879 2362 890 2388 ?
900 2361 1028 2389 Omnium

244 2422 308 2441 vero
329 2413 462 2439 mulorum
479 2415 633 2437 extremum
658 2414 686 2435 et
703 2408 820 2443 primum
840 2411 894 2441 est,
915 2408 988 2442 quod
1012 2414 1028 2434 a

245 2461 299 2487 Deo
316 2459 496 2485 Alcon-anum
515 2456 600 2482 latum
619 2462 680 2482 esse
701 2454 808 2481 tradant
824 2454 886 2488 ipsi,
914 2453 970 2480 Deo
984 2460 1030 2480 ca-

244 2505 376 2533 lumniam
408 2500 673 2535 struentes.|Miror
701 2507 767 2526 sane
791 2503 819 2526 et
851 2499 1026 2533 obstupesco,

245 2551 357 2586 quinam
376 2547 480 2578 miseri,
491 2546 602 2574 Christo
622 2550 651 2573 et
665 2545 790 2572 doctrina
806 2544 880 2572 illius
893 2544 1028 2579 neglecta,

246 2598 427 2625 Mahomctem
444 2593 531 2621 secuti
544 2592 610 2620 sint.
627 2591 714 2627 Hujus
722 2591 795 2618 enim
808 2591 861 2623 lex,
885 2598 966 2625 quam
980 2590 1027 2618 Al-

246 2648 395 2670 corranum
415 2643 524 2670 vocant,
539 2638 591 2665 hoc
605 2637 677 2665 idem
695 2636 790 2669 tradit,
822 2637 894 2672 quod
914 2636 967 2664 hoc
981 2644 1029 2671 per

245 2687 372 2723 angelum
394 2685 475 2712 matri
491 2685 553 2712 Jesu
568 2683 761 2710 annuntiatum
775 2683 822 2714 sit,
835 2686 862 2709 et
876 2681 950 2716 quod
965 2681 1028 2716 Spi—

246 2736 300 2762 ritu
317 2738 412 2761 sancto
426 2732 461 2758 sit
489 2730 670 2761 sanctificata,
693 2734 721 2756 et
737 2729 839 2756 virtute
856 2729 947 2756 divina
963 2736 1030 2756 eon-

244 2784 365 2814 cepertt,
383 2785 474 2812 neque
504 2781 609 2802 natura:
624 2775 758 2806 efﬁcacia,
791 2779 818 2802 ct
844 2774 983 2802 Christum
998 2783 1032 2802 cx

243 2826 415 2854 sanctissinu
439 2824 542 2858 virgine
565 2822 744 2854 omniumque
770 2821 917 2848 mulierum
937 2821 1032 2848 castis-

245 2874 314 2900 sima
330 2879 392 2899 esse
409 2870 544 2906 genitum.
557 2868 587 2894 ln
603 2867 692 2902 capite
707 2868 780 2894 enim
797 2867 928 2894 {Encssun
946 2867 1029 2895 dicit:

237 2920 265 2947 0
285 2919 391 2946 sodales
420 2916 493 2949 libri,
529 2923 556 2946 ια
593 2920 643 2947 est,
671 2922 688 2942 ο
711 2913 814 2952 lidtles,
839 2915 905 2942 nihil
921 2915 954 2942 de
975 2915 1030 2943 Deo

1080 298 1193 332 ρανοὺς,
1228 299 1275 324 καὶ
1305 298 1463 331 κατελθὼν,
1500 300 1546 325 καὶ
1566 300 1687 334 γεγονὼς
1711 300 1851 336 ἄνθρωπος,

1079 343 1170 378 ἑκχὲει
1186 344 1216 370 τὸ
1231 344 1305 375 ἕλεος
1317 344 1410 376 αὑτοῦ,
1422 345 1490 380 ὅπερ
1508 345 1567 371 ἐστὶ
1584 346 1676 380 μεῖζον
1690 346 1780 381 πάσης
1792 347 1851 381 πρά·

1080 388 1147 421 ξεως
1161 389 1285 424 ἀγγέλων
1309 399 1339 417 τε
1358 391 1404 417 καὶ
1424 391 1591 426 ἀνθρώπων,
1610 392 1658 419 καὶ
1680 393 1742 420 ἀντὶ
1768 392 1850 419 πασῶι

1079 435 1184 470 ἀρετῶν
1199 436 1278 462 τοῦτο
1299 436 1436 470 λογίζεται
1450 445 1457 452 ·
1478 438 1525 463 καὶ
1542 437 1611 473 πρὸς
1626 437 1721 464 ἑαυτὸν
1740 447 1851 473 προσκα-

1078 481 1165 508 λεῖται
1184 482 1291 515 αὐτοὺς,
1307 482 1355 509 καὶ
1371 482 1462 516 φίλους
1489 483 1571 509 αὑτοῦ
1594 482 1764 518 καθίστησιν.
1797 483 1853 509 Ἐπὶ

1077 528 1107 554 δὲ
1122 528 1170 554 τοῦ
1189 528 1312 554 διαὸόλου
1341 528 1392 555 ποῦ
1409 529 1555 563 μετάνοιας
1579 528 1630 555 ποῦ
1647 529 1853 564 ταπείνωσις;ἡ

1079 574 1133 608 γὰρ
1157 574 1287 609 μετάνοια
1307 575 1341 601 ὲκ
1366 574 1559 606 ταπεινώσεως
1578 576 1696 609 γίνεται.
1727 575 1854 610 Πρότερον

1079 620 1133 655 γὰρ
1146 620 1348 653 καταγινώσκει
1365 629 1407 651 τις
1421 620 1517 647 ἑαυτοῦ
1532 620 1569 651 ὡς
1591 621 1685 652 κακῶς
1701 621 1854 656 πράξαντος,

1077 665 1175 692 ἔπειτα
1201 666 1328 700 μετανοεῖ
1344 665 1387 700 ἐφ’
1421 663 1461 697 οἷς
1488 666 1624 700 ἥμαρτεν.
1646 666 1676 692 'U
1695 667 1723 693 δὲ
1739 666 1854 696 διάϐολος

1077 710 1244 738 τούναντίον.
1272 711 1386 746 Στέργει
1413 712 1462 747 μὲν
1480 713 1529 747 τὴν
1544 711 1682 747 ἁμαρτίαν
1695 713 1727 747 ἣν
1742 712 1854 747 ἦμαρτε,

1077 757 1164 783 καὶτὸ
1176 757 1247 783 κατὰ
1262 756 1378 792 δύναμιν
1392 757 1521 792 πρόξενος
1538 759 1584 784 καὶ
1603 758 1732 792 συνεργὸς
1745 758 1792 792 τῆς
1807 758 1856 784 τῶν

1079 801 1232 837 ἀνθρώπων
1249 803 1388 834 ἀπωλείας
1400 803 1564 838 εὑρίσκεται.
1581 804 1628 835 Τίς
1645 803 1712 837 γοῦν
1737 803 1858 830 κοινωνία

1056 850 1070 876 ὁ
1097 849 1232 885 Μωάμεο,
1263 849 1348 877 εἰπὼν
1375 851 1416 877 ὅτι
1445 850 1572 878 δύνανται
1610 851 1729 886 σωθῆναι
1760 851 1784 877 oi
1805 850 1859 877 δαῖ-

1043 949 1063 976 B
1112 946 1148 978 γ’.
1181 943 1242 970 Ἔτι
1254 944 1268 972 ὁ
1283 943 1364 975 αὐτὸς
1381 936 1502 979 Μωάμεο
1533 945 1599 979 φησὶ
1611 945 1676 980 περὶ
1688 944 1735 971 τοῦ
1753 945 1858 980 Κορρὰν

1077 990 1120 1016 ὅτι
1144 990 1233 1021 οὐδεὶς
1254 990 1309 1018 τῶν
1331 990 1495 1025 ἀνθρώπων,
1517 991 1572 1017 οὐδ’
1599 991 1680 1022 αὐτὸς
1696 992 1710 1017 ὁ
1742 991 1859 1026 Μωάμείλ

1077 1035 1207 1070 γινώσκει
1225 1035 1275 1071 τὴν
1286 1035 1381 1063 τούτου
1396 1036 1539 1072 ἐξήγησιν,
1555 1036 1613 1062 ἀλλ’
1629 1036 1645 1072 ἢ
1665 1037 1744 1071 μόνος
1759 1038 1773 1063 ὁ
1785 1038 1858 1068 Θεός.

1076 1082 1129 1108 Καὶ
1143 1081 1259 1108 εἰτοῦτὸ
1276 1082 1351 1109 ἐστιν
1366 1082 1493 1117 ἀλὴοεια,
1511 1082 1575 1108 ποία
1602 1082 1677 1108 ἐστὶν
1691 1083 1706 1117 ὴ
1724 1082 1772 1109 τοῦ
1790 1083 1860 1118 Κοῤ-

1077 1128 1127 1162 pm
1142 1127 1260 1161 ὠφέλεια
1275 1136 1282 1160 ;
1299 1127 1378 1159 Ἴσως
1402 1127 1456 1162 γὰρ
1474 1127 1560 1159 οὕτως
1575 1127 1691 1162 ἠδύνατο
1712 1127 1860 1162 ὠφελῆσαι,

1076 1173 1155 1208 ειπερ
1170 1173 1319 1206 ἐγίνωσκον
1334 1174 1367 1200 τὰ
1380 1173 1454 1208 παρὰ
1468 1172 1515 1199 τοῦ
1531 1173 1599 1199 Θεοῦ
1616 1173 1762 1209 λεγόμενα.
1785 1173 1860 1200 Ἐπεὶ

1076 1219 1100 1246 δ’
1125 1219 1206 1250 αὐτὸς
1231 1219 1244 1245 ὀ
1261 1219 1383 1253 Μωάμεϐ
1415 1218 1562 1254 μαρτυρῶν
1576 1218 1734 1253 εὑρίσκεται
1750 1219 1792 1246 ὅτι
1817 1219 1863 1246 οὗ·

1077 1265 1132 1297 δεὶς
1148 1265 1202 1292 τῶν
1217 1264 1386 1300 ἀνθρώπων,
1408 1264 1538 1297 γινώσκει
1557 1264 1592 1291 τὰ
1605 1265 1633 1290 ὲν
1647 1264 1686 1299 τῷ
1700 1265 1810 1301 Κορῤὰν
1823 1265 1861 1292 λε-

1078 1312 1192 1347 γόμενα,
1217 1312 1258 1343 τίς
1284 1312 1301 1347 ἡ
1327 1310 1424 1338 τούτου
1441 1310 1580 1345 ὠφέλειας
1603 1311 1716 1343 Πάντως
1738 1311 1861 1347 οὐδεμία.

1079 1358 1132 1384 Καὶ
1155 1358 1197 1389 τίς
1220 1358 1288 1393 ἄλλη
1311 1356 1411 1392 μείζων
1428 1357 1564 1389 ἀπόδειξις
1585 1356 1627 1383 ὅτι
1644 1357 1694 1383 οὐκ
1709 1356 1782 1383 ἔστιν
1807 1357 1861 1384 ἀπὸ

1079 1403 1147 1430 Θεοῦ
1166 1404 1180 1429 ὁ
1196 1402 1271 1437 παρὰ
1287 1402 1333 1429 τοῦ
1359 1402 1481 1436 Μωάμεθ
1494 1402 1581 1434 δοθεὶς
1595 1402 1697 1438 νόμοςς
1715 1404 1746 1429 οὐ
1760 1403 1814 1438 γὰρ
1829 1403 1861 1438 δὴ

1082 1449 1205 1485 ματαίως
1225 1449 1364 1484 νομοδοτεῖ
1385 1448 1399 1474 ὁ
1414 1447 1489 1479 Θεός.
1512 1447 1577 1474 Ἰδοὺ
1598 1448 1688 1474 τοίνυν
1709 1449 1865 1483 καταφανές

1079 1496 1138 1522 ἐστι
1152 1495 1184 1521 τὸ
1200 1494 1320 1530 Κορῤὰν,
1346 1494 1387 1520 ὅτι
1402 1493 1454 1520 οὐκ
1477 1493 1550 1519 ἔστιν
1565 1493 1619 1519 ἀπὸ
1636 1493 1715 1525 Θεοῦ,
1730 1493 1799 1521 ἀλλὰ
1818 1494 1865 1520 καὶ

1080 1539 1249 1574 ἀνάπλασμά
1263 1540 1320 1576 εστι
1334 1537 1451 1569 διανοίας
1464 1538 1546 1565 αὐτοῦ
1569 1538 1792 1574 κακοδαίμονο;.Ξ
1809 1539 1866 1566 Καὶ

1079 1585 1212 1621 πρόδηλον
1226 1584 1256 1617 ἐξ
1271 1583 1355 1610 αὑτοῦ
1372 1583 1419 1610 τοῦ
1436 1585 1546 1620 Κοῤῥὶν
1575 1584 1617 1611 ὃτι
1638 1583 1700 1612 οὔτε
1713 1586 1746 1620 τῇ
1760 1585 1868 1621 παλαιᾷ

1076 1632 1171 1668 Γραφῇ
1201 1631 1352 1665 συμφωνεῖ,
1371 1629 1434 1657 οὒτε
1463 1632 1496 1665 τῇ
1512 1630 1560 1666 νέᾳ
1584 1631 1715 1667 Διαθὴκῃ,
1731 1632 1821 1658 καίτοι
1835 1640 1867 1666 γε

1076 1676 1271 1712 ὁμολογοῦντος
1292 1676 1339 1703 τοῦ
1366 1676 1490 1712 Μωάμεθ
1508 1677 1550 1703 ὅτι
1567 1676 1643 1710 ἅγιαι
1665 1678 1711 1704 καὶ
1727 1677 1810 1705 καλαί
1826 1679 1867 1705 εί-

1078 1731 1119 1750 σιν
1145 1723 1173 1750 αἱ
1189 1723 1309 1758 Γραφαὶ,
1333 1722 1380 1749 καὶ
1393 1723 1433 1749 ὅτι
1448 1721 1524 1748 οὐδέν
1550 1723 1619 1750 εἰσιν
1634 1723 1659 1749 οἱ
1679 1723 1786 1750 ἐκείνου
1800 1724 1868 1751 ὰκό·

1077 1769 1178 1802 λουοοι,
1194 1769 1218 1796 εί
1235 1769 1273 1804 μὴ
1294 1768 1471 1804 πληρώσαιεν
1492 1769 1537 1795 τόν
1563 1778 1593 1795 τε
1610 1770 1691 1805 νόμον
1706 1770 1799 1796 καὶτὸ
1816 1771 1869 1797 Εὑ-

1077 1815 1217 1849 σγγέλιον.
1239 1814 1313 1847 Ἔτι,
1345 1814 1440 1849 σχεδὸν
1464 1814 1551 1841 διόλου
1568 1815 1648 1846 αὐτὶες
1672 1814 1762 1850 ἑαυτῷ
1792 1817 1869 1842 ἐστιν

1077 1861 1239 1895 ἀντιλέγων.
1257 1861 1329 1894 Ἐτι,
1342 1860 1418 1887 οὐδὲν
1430 1860 1522 1896 Θαῦμα
1533 1861 1660 1895 εποίησεν
1675 1861 1714 1892 είς
1730 1861 1870 1888 πίστωσιν

1077 1907 1132 1934 τῶν
1147 1907 1313 1942 λεγομένων.
1327 1907 1400 1939 Ἔτι,
1410 1906 1616 1942 ὁμολογούμενα
1630 1907 1716 1943 ψεύδη
1730 1908 1870 1943 περιέχει,

1077 1954 1146 1989 ὅπερ
1164 1953 1222 1980 ἐστὶ
1244 1953 1293 1979 τοῦ
1318 1952 1386 1979 Θεοῦ
1404 1953 1545 1988 ἀλλότριον
1569 1953 1670 1988 πάντη.
1697 1954 1759 1980 Ἔτι
1777 1953 1870 1989 βίαιόν

1077 1999 1148 2031 ὲστι,
1161 1998 1208 2025 καὶ
1220 1997 1352 2024 καταλύει
1362 1998 1392 2024 τὸ
1420 1997 1607 2030 αὐτεξούσιον,
1623 1998 1692 2034 ὅπερ
1706 1998 1842 2025 οὐδέποτε
1857 1999 1872 2025 ὁ

1078 2046 1323 2082 Θεδςπζὰνέτρεψεν.
1344 2046 1418 2078 Ἔτι,
1434 2046 1576 2078 παντελῶς
1593 2046 1667 2072 ἐστιν
1679 2046 1809 2079 ἄτακτον,
1822 2048 1873 2073 καὶ

1077 2093 1108 2120 τὸ
1123 2093 1240 2121 ἄτακτον
1256 2093 1365 2128 μαγρὰν
1382 2093 1441 2119 ἐστι
1462 2091 1509 2118 τοῦ
1526 2091 1594 2118 Θεοῦ
1606 2099 1614 2106 ·
1635 2092 1666 2119 οὺ
1690 2092 1744 2127 γάρ
1764 2093 1845 2119 ἐστιν
1859 2093 1874 2118 ὁ

1080 2138 1148 2172 Θεὸς
1165 2139 1278 2172 ἀταξίας
1292 2138 1369 2170 Θεός.
1387 2138 1447 2165 Ἔτι
1470 2139 1587 2174 πονηρὸν
1606 2139 1797 2172 ἀναφαίνεται,
1822 2139 1874 2165 καὶ

1079 2187 1139 2218 πῶς
1151 2186 1206 2213 ἀπὺ
1219 2186 1300 2219 Θεοῦ,
1316 2185 1363 2212 τοῦ
1376 2186 1468 2220 πάσης
1496 2186 1626 2212 ἐπέκεινα
1643 2185 1793 2221 εὐθύτητος
1820 2186 1873 2212 καὶ

1080 2233 1249 2268 ἁπλότητος,;
1280 2232 1364 2264 "Eri,
1392 2231 1588 2267 πεπλασμένας
1619 2231 1667 2258 καὶ
1701 2231 1877 2267 τερατώδεις

1044 2287 1066 2316 ι)
1081 2278 1197 2314 θεωρίας
1224 2277 1357 2313 περιέχει.
1374 2277 1427 2304 Καὶ
1452 2277 1510 2308 πῶς
1535 2277 1615 2304 τοῦτο
1637 2277 1691 2305 ἀπὸ
1716 2278 1799 2312 Θεοῦ,
1824 2279 1879 2306 τοῦ

1081 2323 1194 2359 ποιητοῦ
1222 2323 1269 2350 καὶ
1289 2322 1402 2358 δοτῆρος
1429 2323 1479 2357 τῇς
1504 2322 1655 2357 ἁληΘείας;
1681 2323 1718 2349 Τὸ
1741 2323 1771 2350 δὲ
1803 2325 1881 2352 πάν-

1081 2379 1135 2397 των
1150 2370 1204 2396 τῶν
1218 2367 1310 2396 κακῶν
1325 2368 1441 2403 ἔσχατον
1453 2368 1501 2395 καὶ
1518 2368 1638 2403 πρῶτον,
1653 2371 1695 2396 ὅτι
1715 2370 1794 2406 παρὰ
1811 2370 1883 2398 δαί-

1082 2423 1162 2449 μονος
1195 2413 1301 2448 ὲξεδόδη
1326 2413 1356 2440 τὸ
1381 2413 1486 2440 τοιοῦτο
1512 2413 1640 2449 Κορράν·
1675 2414 1726 2440 κᾶν
1749 2417 1802 2442 καὶ
1830 2417 1884 2443 τὸν

1080 2459 1146 2487 Θεὸν
1173 2459 1361 2491 διαὸἀλλοντες
1392 2459 1508 2493 λέγωσιν
1535 2459 1577 2486 ὅτι
1594 2459 1649 2488 ἀπὸ
1673 2460 1742 2488 Θεοῦ
1777 2462 1871 2499 ἐδόοη

1081 2506 1219 2541 Θαυμάζω
1242 2505 1297 2541 γὰρ
1316 2505 1409 2543 ἔγωγε
1440 2506 1487 2532 καὶ
1507 2506 1708 2541 ὲκπλήττομαι,
1735 2508 1800 2540 πῶς
1830 2511 1884 2536 τὸν

1081 2551 1199 2587 Χριστὸν
1215 2551 1263 2578 καὶ
1286 2550 1334 2586 τὴν
1350 2550 1434 2577 αὑτοῦ
1453 2551 1630 2578 διδασκαλίαν
1653 2553 1768 2587 ἀφέντες
1783 2555 1815 2582 οἱ
1831 2557 1887 2583 τά,

1082 2598 1171 2630 λανες,
1185 2596 1373 2632 ἠκολούθησαν
1395 2596 1434 2632 τῷ
1449 2597 1585 2632 Μωάμεθ.
1613 2598 1699 2630 Δῦτδς
1722 2601 1771 2627 καὶ
1790 2602 1856 2637 γὰρ
1871 2604 1888 2629 ὁ

1082 2643 1130 2669 τοῦ
1157 2642 1278 2677 Μωάμεθ
1315 2643 1407 2677 νόμος,
1451 2643 1573 2670 τουτέστι
1601 2643 1632 2670 τδ
1655 2644 1778 2680 Κορῤὰν,
1810 2648 1890 2674 αὐτὸ

1082 2688 1162 2714 τοῦτὸ
1177 2695 1268 2722 φησιν,
1285 2687 1325 2713 ὅτι
1340 2686 1374 2713 δι’
1387 2687 1503 2721 ἀγγέλου
1523 2687 1706 2723 εὐηγγελίσθη
1730 2691 1763 2724 τῇ
1787 2691 1888 2725 μητρὶ

1081 2734 1128 2761 τοῦ
1150 2733 1248 2773 Ἰησοῦ,
1266 2733 1313 2759 καὶ
1327 2732 1372 2758 διὰ
1389 2733 1546 2768 ῐΙνεύματος
1565 2734 1644 2767 ἁγίου
1672 2735 1809 2770 ἡγιάσθη,
1831 2737 1890 2762 aut

1082 2782 1114 2816 τῇ
1133 2780 1247 2815 δυνάμει
1279 2779 1326 2806 τοῦ
1343 2782 1410 2808 Θεοῦ
1442 2780 1610 2815 συνελήφθη,
1631 2781 1688 2808 ἀλλ’
1714 2782 1744 2808 οὐ
1760 2782 1892 2816 φύσεω;

1081 2827 1215 2862 ἐνεργείᾳ,
1242 2827 1333 2853 καὶξκ
1360 2827 1498 2862 Παρθένου
1526 2828 1692 2862 ἁγιωτάτης,
1721 2828 1767 2855 καὶ
1806 2830 1894 2860 ὑπὲρ

1080 2875 1170 2904 πασας
1186 2872 1267 2904 ἄλλοις
1284 2874 1416 2906 γυναῖκας
1430 2873 1554 2908 καθαρᾶς
1565 2873 1738 2908 γεννηθῆναι.
1755 2873 1809 2901 Ἐν
1826 2876 1894 2910 γὰρ

1080 2918 1116 2952 τῷ
1138 2917 1278 2953 κεφαλαίῳ
1290 2917 1328 2953 τῷ
1342 2917 1475 2946 Δίνεσάν
1498 2927 1591 2953 φησιν,
1617 2917 1652 2945 Ὦ
1675 2919 1807 2954 ἑταιρεία
1832 2920 1893 2956 τῆς
