1949 3093
126 92 172 123 689

608 91 758 121 CONTRA
778 89 1021 121 MAHOMETEM
1044 91 1187 121 ORATIO
1207 91 1256 121 ιν.

1682 89 1737 121 L90

126 146 221 181 βίὸλου,
247 147 385 174 τουτέστιν
407 147 431 173 οἱ
452 147 554 178 πιστοὶ,
584 147 622 182 μὴ
637 147 732 180 λέγετε
757 147 822 182 περὶ
854 146 901 172 τοῦ

964 147 1024 173 :itra
1050 147 1193 173 veritatem
1227 146 1329 178 dicite,
1353 147 1484 180 quoniam
1501 147 1628 175 tlliris'us
1659 148 1738 176 Jesus

125 192 186 218 Θεοῦ
202 192 272 227 πλὴν
282 192 485 227 τῆςᾶληθείας,
501 193 541 219 ὅτι
557 194 570 219 6
582 193 699 227 Χριστος
719 192 825 227 Ἰησοῦς
838 192 902 224 Υἱός

125 239 177 263 ἐστι
202 238 252 271 τῆς
274 238 396 273 Μαρίας,
420 239 468 264 καὶ
493 239 643 270 ἀπόστολος
660 238 800 272 Θεοῦνκαὶ
817 239 904 272 Λόγος

125 283 196 314 Θεοῦ,
208 283 238 310 ὃν
247 284 276 310 ὲν
290 284 358 318 αὐτῇ
372 283 455 318 ἔθηκε
467 283 511 310 διὰ
522 283 567 310 τοῦ
583 283 801 317 Πνεύματοςιτοῦ
813 284 901 318 ἁγίου.

131 328 191 355 Ἰδοὺ
219 329 284 363 γοῦν
300 329 369 355 Θεὸν
392 329 541 364 ὀνομάσας,
572 330 619 356 καὶ
638 330 724 364 Λόγον
749 331 829 363 Θεοῦ,
857 330 906 357 καὶ

128 373 231 408 Πνεῦμα
246 373 324 408 ἅγιον
350 374 400 409 τὴν
426 375 643 409 τρισυπόοτατον
660 375 763 411 Τριάδα
777 376 791 401 6
802 375 905 407 ἄθλιος,

127 418 172 444 οὐκ
190 418 279 453 ἠνοιξε
294 419 357 450 τοὺς
377 422 427 453 τῆς
443 420 531 454 ψυχῆς
548 420 706 462 ὀφθαλμοὺς
723 420 787 447 ίδείν
801 421 831 446 τὸ
848 421 907 454 φῶς

127 464 170 498 τῆς
200 464 326 499 Τριάδος.
342 465 398 491 Καὶ
413 465 538 496 εἰκότως.
564 465 670 500 Ὠσπερ
694 466 748 501 γὰρ
770 466 804 493 τὰ
830 467 858 493 ὲν
873 468 907 502 τῇ

127 509 210 543 κοιλίᾳ
233 510 282 544 τῆς
298 510 400 545 μητρὸς
420 511 605 546 εὑρισκόμενα
619 511 671 546 πρὸ
686 512 736 544 τῆς
753 512 907 547 γεννήσεως

128 555 211 582 αὑτῶν
225 555 298 590 ζωὴν
314 556 364 590 μὲν
391 555 508 591 ἔχουσιν,
536 556 665 592 ἀνωφελῆ
696 557 726 583 δὲ
753 558 797 584 καὶ
826 558 909 592 ἀνόη-

128 607 180 632 τον,
197 600 245 626 καὶ
264 598 406 636 ψυχὴψμῆ
426 602 565 637 διακρῖναι
585 602 743 638 δυναμένην
755 602 802 630 τοῦ
819 605 909 639 κρείτ-

128 653 198 677 τονος
212 646 242 672 τὺ
261 648 362 682 χεῖρον,
383 648 400 682 ἢ
421 649 497 683 παρὰ
514 649 611 684 καιρὸν
628 649 794 684 γεννηθέντα
808 650 856 676 οὐκ
868 650 908 676 εί-

130 691 168 716 σὶν
190 691 338 726 ἄνθρωποι,
366 693 424 719 ἀλλ’
454 694 620 730 ἐκτρώματα
644 695 691 721 καὶ
716 695 907 730 ἀμϐλώματα·

127 736 194 763 οὓτω
217 737 264 763 καὶ
281 739 334 769 πᾶς
348 739 449 774 ἀσεϐὴς
461 740 474 766 6
491 740 528 774 μὴ
539 740 679 774 γεννηθεὶς
701 740 735 766 δι’
753 740 847 772 ὓδατος
862 740 909 767 καὶ

130 782 303 817 Πνεύματος,
328 785 451 811 τουτέστι
479 785 524 812 διὰ
544 785 592 812 τοῦ
616 786 693 819 ἁγίου
711 786 908 820 βαπτίσματος,

127 828 156 855 οὺ
182 828 293 856 δύναται
310 829 372 855 ἰδεῖν
387 830 416 855 τὸ
430 830 556 865 οὐράνιον
575 831 634 864 φῶς
651 831 698 857 καὶ
711 831 761 866 τὴν
775 832 823 865 τῆς
841 832 907 867 ἀλη-

130 873 200 904 θείας
215 873 374 907 ἐπίγνωσιν.
391 875 445 901 Καὶ
458 875 502 901 διὰ
515 875 596 902 τοῦτο
614 875 703 910 μύσας
717 876 779 906 τοὺς
798 876 848 910 τῆς
860 876 911 910 ψυ-

128 919 176 953 χῆς
197 919 280 945 αὐτοῦ
297 919 453 954 ὀφθαλμοὺς
469 921 482 947 ό
500 919 628 953 δείλαιος,
661 921 798 953 σκοτεινὸς
814 923 911 948 ἐναπε-

128 964 232 998 λείφθη,
249 965 285 996 ὡς
298 966 312 991 6
324 966 414 1000 πατὴρ
428 965 510 992 αὐτοῦ
524 967 538 992 6
552 966 686 997 διάϐολος.
706 967 775 1002 Περὶ
794 966 848 1001 γὰρ
862 966 910 993 τοῦ

128 1009 204 1042 ἁγίου
223 1010 378 1043 Πνεύματος
404 1011 523 1045 συνεχῶς
537 1012 566 1038 ἐν
582 1011 619 1046 τῷ
635 1012 746 1047 Κορῤὰν
762 1013 909 1046 μέμνηται.

128 1055 195 1089 Φησὶ
210 1055 263 1089 γὰρ
278 1057 306 1082 ἐν
321 1056 359 1090 τῷ
376 1057 514 1091 κεφαλαίῳ
535 1057 574 1091 τῷ
589 1057 712 1092 Ἐμπιᾶ,
726 1057 764 1089 ὼς
781 1058 813 1084 ἐκ
827 1067 911 1093 προσ-

129 1101 201 1127 ώπου
229 1101 277 1128 τοῦ
307 1102 395 1135 Θεοῦ,
427 1103 468 1130 ’ότι
503 1103 571 1137 Περὶ
600 1105 648 1139 τῆς
675 1105 784 1138 Μαρίας
815 1106 909 1138 ἐγεφυ-

129 1147 250 1182 σήσαμεν
290 1149 330 1180 εἰς
372 1149 456 1184 αὐτὴν
491 1150 523 1175 ὲκ
563 1149 610 1176 τοῦ
662 1150 820 1184 ιΙνεύματος
863 1149 910 1176 τοῦ

127 1194 215 1228 ἁγίου.
259 1195 312 1222 Καὶ
359 1196 465 1228 πάντως
507 1197 537 1223 οὐ
575 1196 685 1224 δύναται
729 1198 817 1224 εἰπεῖν
869 1199 910 1224 ὁτι

127 1242 190 1276 περὶ
226 1242 341 1274 ἀγγέλου
379 1240 439 1269 εἶπε
472 1242 552 1269 τοῦτο
588 1245 602 1269 6
642 1242 720 1275 Θεός.
762 1244 819 1270 Καὶ
847 1244 911 1279 περὶ

129 1287 176 1321 μὲν
198 1288 246 1313 τοῦ
273 1287 392 1321 Χριστοῦ
417 1288 541 1315 τοιαῦτα·
574 1288 640 1324 περὶ
667 1288 696 1315 δὲ
715 1289 762 1315 τοῦ
788 1289 911 1323 Ιιίωοὶμεθ

126 1333 201 1359 οὐδὲν
215 1333 335 1360 τοιοῦτόν
350 1343 442 1370 φησιν,
464 1335 522 1362 ἀλλ’
538 1336 578 1362 ὃτι
600 1333 634 1370 ἦν
653 1335 770 1370 ὀρφανὸς
783 1336 832 1362 καὶ
845 1336 912 1362 πλα-

128 1381 211 1416 νήτης
233 1382 285 1408 ὑπὸ
310 1381 377 1408 Θεοῦ
394 1383 548 1417 συναχθείς.
577 1383 638 1409 Ἐτι
663 1383 708 1409 τὸν
723 1382 840 1418 Χριστὸν
863 1382 912 1410 Λό-

128 1435 174 1460 γον
201 1425 268 1453 Θεοῦ
297 1427 436 1462 ὀνομάζει,
461 1429 498 1458 ώ;
524 1427 642 1463 εἴρηται,
659 1429 706 1455 καὶ
727 1428 816 1463 ψυχὴν
831 1427 910 1460 Θεοῦ,

954 191 1027 218 filins
1053 196 1095 219 est
1120 191 1222 223 Maria),
1253 192 1392 226 apostolus
1422 192 1480 224 Dei,
1497 197 1524 219 et
1555 192 1601 220 Dei
1630 193 1736 227 Sermo,

954 244 1037 270 quem
1058 237 1122 264 huic
1148 231 1248 272 virgini
1263 236 1361 263 indidit
1381 244 1430 271 per
1448 237 1580 271 Spiritum
1600 243 1737 266 sanctum.

955 282 996 309 Eu
1010 282 1093 317 igitur
1106 289 1168 309 cum
1197 282 1282 309 Deum
1298 282 1501 314 nominaverit,
1526 286 1553 310 et
1576 282 1739 311 Sermonem

957 328 1015 360 Dei,
1045 333 1072 355 et
1087 332 1212 355 sanctum
1232 327 1366 362 Spiritum
1396 327 1579 361 (Trinitatem
1597 328 1739 359 nimirum.

951 380 1017 409 quae
1031 375 1119 402 tribus
1131 374 1256 409 personis
1264 373 1398 406 constat),
1417 382 1472 400 non
1487 378 1577 402 tamen
1596 375 1679 401 miser
1696 375 1741 401 hic

957 420 1055 448 animae
1069 421 1164 447 oculos
1180 420 1298 455 aperuit,
1314 420 1498 447 utTrinitatis
1512 421 1606 448 lumen
1622 420 1742 447 intuere-

959 470 1021 498 tur;
1050 473 1100 493 nec
1112 465 1261 493 immerito.
1291 465 1526 498 Quemadmodum
1544 465 1618 492 enim
1639 465 1685 500 qui
1714 465 1742 492 iu

959 516 1040 540 utero
1066 517 1192 540 materno
1206 512 1363 547 priusquam
1389 512 1417 539 in
1430 512 1518 539 lucem
1533 512 1649 539 edantur
1672 512 1742 539 fetus

959 558 1132 590 delitescunt,
1156 558 1239 586 vitam
1258 557 1368 592 quidem
1396 558 1508 590 habent,
1527 557 1652 584 inutilem
1677 565 1742 584 vero

958 609 987 632 et
1005 604 1203 636 irrationalcm,
1220 605 1395 638 animamque
1417 612 1478 639 qua;
1506 604 1607 631 bonum
1633 611 1648 630 a
1671 603 1742 630 malo

961 651 1056 685 nequit
1069 650 1238 682 discernere,
1252 654 1280 678 et
1296 655 1360 678 ante
1381 651 1533 685 legitimum
1546 655 1652 683 tempus
1663 649 1741 680 editi.

960 703 1015 722 non
1032 695 1170 730 homines,
1197 695 1245 722 sed
1262 696 1378 723 abortus
1394 701 1459 722 sunt
1477 703 1484 722 :
1502 695 1541 722 sic
1553 695 1635 722 etiam
1652 694 1743 721 omnis

962 741 1071 777 impius,
1099 742 1145 776 qui
1172 750 1226 769 non
1250 746 1427 777 regeneralus
1456 746 1498 769 est
1527 749 1575 776 per
1591 748 1690 775 aquam
1715 745 1743 767 et

962 787 1105 822 Spiritum,
1120 787 1147 814 id
1163 792 1205 814 est
1218 794 1266 822 per
1275 792 1399 814 sanctum
1413 786 1589 821 baptismum,
1603 786 1743 813 caelestem

961 832 1050 859 lucem
1070 832 1162 860 videre
1182 840 1236 860 non
1253 836 1345 867 potest
1368 836 1395 860 ct
1407 832 1531 859 veritatis
1548 832 1742 866 cognitionem.

961 877 1134 912 Quapropter
1149 877 1270 905 occlusis
1285 877 1383 905 animae
1404 885 1460 904 sua:
1473 878 1561 904 oculis
1571 898 1578 910 ,
1599 878 1683 904 miser
1700 878 1744 904 hie

961 923 989 950 in
1004 923 1125 950 tenebris
1135 923 1283 950 derelictus
1296 927 1348 954 est.
1363 928 1432 951 utet
1447 929 1524 958 pater
1538 924 1596 958 ejus
1609 923 1743 950 diabolus.

961 969 1081 1004 Spiritus
1107 970 1196 997 sancti
1220 970 1294 997 enim
1323 970 1516 997 indesinenter
1539 970 1566 996 iu
1595 969 1745 996 Aleorrano

962 1016 1097 1043 meminit.
1114 1016 1184 1043 Dicit
1197 1017 1271 1043 enim
1287 1016 1314 1043 in
1328 1017 1416 1050 capite
1434 1016 1540 1051 Empia,
1564 1016 1615 1043 sub
1629 1022 1745 1053 persona

962 1062 1036 1089 Dei:
1061 1061 1194 1095 Quoniam
1222 1061 1250 1089 in
1279 1061 1362 1088 Maria
1390 1061 1569 1096 produximus
1595 1068 1611 1087 e
1641 1060 1744 1094 Spiritu

963 1112 1067 1135 sancto.
1091 1108 1146 1136 Nec
1160 1108 1272 1135 omnino
1289 1108 1382 1135 dicere
1407 1111 1515 1142 potest,
1544 1108 1628 1133 Deum
1642 1108 1698 1133 hare
1712 1108 1746 1133 de

964 1153 1060 1185 angelo
1078 1152 1207 1187 quopiam
1235 1152 1348 1180 dixisse.
1380 1151 1411 1179 Et
1439 1152 1475 1178 de
1496 1151 1606 1179 Chrile
1634 1151 1746 1185 quidem

966 1197 1028 1224 talia
1040 1217 1047 1229 ,
1063 1197 1095 1224 de
1107 1197 1264 1224 Malmmetc
1293 1205 1359 1224 vero
1386 1198 1438 1224 tale
1455 1197 1524 1224 nihil
1540 1197 1607 1224 dicit
1620 1218 1626 1228 ,
1651 1205 1746 1223 verum

965 1241 1037 1276 quod
1052 1241 1194 1276 orphanus
1211 1242 1303 1274 fuerit,
1338 1245 1366 1269 et
1388 1249 1463 1273 erro,
1487 1249 1502 1269 a
1527 1242 1580 1268 Deo
1604 1242 1746 1270 collectus.

963 1287 1096 1314 Praeterea
1105 1286 1244 1313 Christum
1253 1286 1414 1313 Sermonem
1427 1286 1474 1313 Dei
1485 1286 1618 1318 nominat,
1627 1290 1657 1312 ut
1667 1286 1748 1313 modo

963 1332 1093 1362 diximus,
1109 1336 1136 1358 et
1151 1331 1269 1358 animam
1283 1330 1341 1363 Dei,
1357 1335 1439 1365 atque
1450 1331 1610 1366 prophetam
1623 1334 1746 1358 omniuut

963 1378 1159 1413 prophetarum
1173 1377 1321 1404 maximum
1334 1386 1341 1410 ;
1358 1377 1539 1404 Mahomewm
1550 1385 1615 1404 vero
1628 1377 1747 1411 prophe-

963 1428 1018 1450 tam
1033 1422 1099 1449 dicit
1113 1421 1281 1457 simpliciter.
1301 1421 1368 1449 item
1385 1422 1524 1449 Christum
1549 1431 1580 1450 ex
1595 1423 1746 1451 Abraham.

128 1475 175 1500 καὶ
203 1476 346 1509 προφήτην
371 1475 482 1500 πάντων
507 1474 562 1500 τῶν
593 1473 742 1509 προφητῶν
768 1474 910 1508 μέγιστον,

964 1468 1038 1495 Isaac
1053 1473 1080 1495 et
1094 1467 1179 1495 Iacob
1194 1468 1316 1502 genitum
1330 1472 1477 1499 testantur,
1488 1468 1535 1502 qui
1552 1468 1748 1502 promissione:

127 1519 173 1545 τὸν
184 1519 212 1545 δὲ
227 1519 376 1554 Μαχούμετ
389 1518 460 1545 οὕτω
478 1519 557 1554 μόνον
573 1520 719 1554 προφήτην
733 1519 835 1551 ἁπλῶς.
852 1520 912 1545 Ἔτι

126 1564 172 1590 τὴν
191 1564 309 1598 Χριστὸν
332 1564 365 1590 ὲκ
383 1564 430 1590 τοῦ
451 1565 577 1598 ’Λῦραὰμ
601 1564 648 1590 καὶ
667 1564 762 1591 Ἰσαὰκ
785 1565 833 1590 καὶ
859 1565 913 1591 Ἰα-

129 1609 186 1635 κὼὸ
215 1609 391 1645 ὁμολογοῦσιν
416 1608 495 1643 εἶναι,
516 1610 563 1636 τοῦ
592 1610 701 1645 ἔχοντος
720 1611 768 1640 τὰς
794 1610 914 1644 ἐπαγγε-

127 1655 198 1686 λίας.
218 1655 248 1681 ’0
269 1655 297 1681 δὲ
315 1655 436 1690 Μωάμεθ
461 1655 492 1681 ἐκ
515 1653 561 1681 τοῦ
593 1655 706 1690 Ἱσμαήλ
729 1655 814 1688 ἐστιν,
838 1655 912 1686 ὅστις

127 1699 259 1735 ἐξεϐλήθη
284 1700 353 1734 μετὰ
370 1701 420 1734 τῆς
447 1700 549 1735 μητρὸς
577 1700 660 1726 αὑτοῦ
690 1699 741 1735 τῆς
768 1700 913 1736 παιδίσκης

128 1745 222 1780 ’Λγαρ
246 1746 279 1772 ὲκ
302 1745 348 1773 τοῦ
367 1745 442 1772 οἴκου
455 1746 502 1772 τοῦ
524 1746 660 1780 ’Λὸραάμ.
684 1746 744 1772 Ἔτι
760 1747 773 1773 6
795 1747 913 1781 Χριστὸς

126 1791 254 1818 οὐδέποτε
277 1791 406 1826 ἐποίησεν
427 1791 577 1825 ἁμαρτίαν·
604 1790 691 1824 Λόγος
710 1791 764 1826 γὰρ
777 1791 844 1817 Θεοῦ
867 1791 915 1818 καὶ

127 1835 237 1870 πνεῦμα
251 1835 319 1862 Θεοῦ
333 1835 362 1862 οὐ
375 1835 487 1862 δύναται
501 1835 679 1870 πλανηθῆναι.
703 1834 776 1868 Ὀξδὲ
805 1835 914 1870 Μαχού-

127 1889 179 1914 μετ
194 1880 393 1916 εἰδωλολάτρης
410 1881 531 1915 ἐγένετο,
555 1881 602 1908 καὶ
618 1881 728 1915 φονεὺς,
745 1883 793 1908 καὶ
810 1883 913 1917 ἅρπαξ,

126 1926 177 1951 καὶ
201 1926 329 1962 ἀσελγὴς,
359 1925 407 1953 καὶ
440 1927 548 1958 πολλοῖς
577 1927 683 1962 ἑτέροις
715 1928 914 1964 ἁμαρτήμασιν

124 1972 220 2006 ἔνοχος
248 1973 366 2006 ἐγένετο,
394 1972 438 2007 ἐφ’
457 1971 496 2004 οἷς
526 1973 539 1999 ὁ
555 1973 630 2005 Θεὸς,
649 1972 686 2004 ὥς
711 1982 804 2008 φασιν,
833 1975 915 2001 αὑτὸν

127 2018 328 2053 συνεπάθηςεν.
346 2019 407 2044 Ἔτι
433 2019 447 2044 6
470 2018 586 2052 Χριστὸς
613 2020 716 2054 φρικτὰ
745 2020 791 2046 καὶ
808 2019 915 2051 ἐξαίσια

127 2064 263 2097 πεποίηκε
299 2063 437 2098 θαύματα,
465 2064 502 2095 ὡς
533 2064 580 2090 καὶ
608 2065 637 2091 ὲν
653 2064 691 2099 τῷ
708 2065 848 2100 κεφαλαίῳ
875 2065 915 2101 τῷ

130 2108 269 2143 Ἐλμαδᾶ.
300 2110 521 2145 μεμαρτύρηται,
545 2110 586 2136 ὅτι
616 2111 630 2136 6
648 2110 767 2145 Χριστὸς
797 2111 915 2145 τυφλοὺς

966 1515 1121 1541 habuerunt
1136 1523 1143 1542 :
1162 1513 1300 1542 Mahomet
1314 1521 1379 1541 vero
1398 1521 1432 1542 cx
1449 1513 1563 1542 lsmaele
1580 1519 1634 1546 est.
1649 1515 1695 1549 qui
1714 1522 1749 1541 ex

963 1561 1046 1588 domo
1060 1560 1178 1588 Abrahae
1194 1568 1247 1587 una
1264 1568 1326 1587 cum
1358 1564 1446 1587 matre
1478 1568 1526 1587 sua
1554 1561 1655 1587 ancilla
1675 1561 1748 1594 Agar
1768 1560 1772 1563 '

963 1606 1123 1641 ejectusest.
1134 1605 1174 1632 Ad
1189 1606 1245 1633 haec
1253 1605 1376 1633 Christus
1386 1614 1524 1640 nunquam
1543 1605 1749 1641 peceavittSer—

965 1659 1009 1678 mo
1027 1651 1100 1678 enim
1118 1651 1212 1684 Dei,et
1223 1651 1294 1678 illitis
1302 1651 1424 1685 spiritus,
1435 1658 1546 1684 peccare
1567 1659 1619 1678 non
1635 1651 1746 1685 potest),

965 1697 1101 1724 Mahomet
1113 1704 1179 1723 vero
1191 1696 1330 1723 idololatra
1342 1696 1402 1728 fuit,
1416 1696 1657 1730 homicida,pra:do
1668 1701 1695 1723 et
1706 1696 1748 1722 in-

967 1748 1131 1778 tcmperans,
1142 1742 1289 1777 multisque
1304 1742 1364 1770 aliis
1382 1742 1502 1775 peccatis
1512 1742 1673 1774 adobrutus,
1684 1750 1748 1777 pro-

965 1794 1025 1824 pter
1033 1796 1104 1823 quae,
1117 1793 1146 1815 ut
1156 1788 1214 1823 ipse
1224 1788 1334 1821 fatetur,
1342 1788 1413 1815 Deus
1420 1788 1460 1815 sui
1471 1788 1598 1815 misertus
1608 1793 1659 1815 est.
1669 1788 1747 1821 ιιυιιι,

964 1835 1090 1863 Christus
1104 1835 1240 1862 horrenda
1258 1838 1284 1862 et
1300 1834 1435 1869 stupenda
1451 1834 1538 1862 edidit
1558 1834 1700 1866 miracula,
1719 1839 1750 1861 ut

966 1882 1047 1909 etiam
1060 1882 1085 1908 in
1100 1881 1189 1916 capite
1199 1880 1340 1908 Ilelmaida
1354 1880 1571 1908 demonstratum
1600 1885 1651 1912 est,
1675 1880 1748 1914 quod

965 1927 1092 1955 Christus
1103 1934 1189 1954 cureos
1203 1926 1409 1957 illuminarerit,
1426 1926 1549 1961 leprosos
1563 1927 1748 1959 mundavcril,

967 1978 1092 2000 mortuos
1108 1972 1260 2006 suscitarit,
1274 1972 1382 2006 aliaque
1398 1972 1495 2000 fecerit
1510 1972 1633 2004 infinita;
1649 1972 1750 1999 Maho—

968 2025 1024 2048 met
1038 2027 1103 2046 vero
1122 2019 1228 2046 nullum
1252 2019 1280 2045 in
1297 2018 1440 2045 Alcorrani
1458 2018 1649 2053 probationem
1663 2018 1748 2045 mira-

967 2065 1059 2092 culum
1073 2065 1169 2098 cdidit,
1183 2071 1283 2099 praeter
1296 2064 1363 2091 illud
1377 2063 1484 2090 deluna
1499 2064 1662 2098 expositum,
1675 2064 1748 2098 quod

968 2110 1112 2138 manifeste
1132 2110 1229 2138 falsum
1246 2115 1288 2137 est;
1301 2131 1308 2142 ,
1329 2115 1357 2137 et
1380 2110 1430 2137 alia
1450 2110 1572 2144 quzedam
1588 2109 1670 2141 foeda.
1687 2118 1749 2145 qua:

127 2155 259 2188 ἐφώτισε,
291 2156 408 2190 λεπροὺς
433 2155 591 2190 ἐκιθάρισε,
618 2144 733 2191 νεκροὺς
766 2144 912 2191 ἀνέστησε,

970 2162 1081 2193 propter
1101 2164 1235 2184 summam
1251 2156 1373 2190 ipsorum
1397 2156 1536 2183 infamiam
1555 2156 1665 2184 silentio
1680 2163 1750 2190 prai-

128 2201 260 2228 x21&l.).1
281 2201 438 2236 εἰργάσατο.
465 2201 494 2227 ’0
519 2201 545 2228 δὲ
566 2201 690 2236 Μωάμεθ
723 2202 801 2229 οὐδὲν
825 2202 917 2238 θαῦμα

128 2247 266 2282 πεποίηκε
283 2247 354 2274 κατὰ
366 2248 397 2273 τὺ
412 2248 535 2283 Κοῤῥὰν,
558 2247 645 2282 ἀλλ’ἢ
668 2247 748 2283 μόνον
759 2249 790 2275 τὸ
806 2250 854 2284 τῆς
873 2257 917 2276 σε·

127 2293 227 2327 λήνης,
255 2294 323 2327 ὅπερ
339 2293 399 2319 ἐστὶ
420 2293 516 2328 ψεῦδος
533 2293 674 2329 ἄντικρυς,
701 2295 748 2321 καὶ
761 2295 843 2329 ἓτερά
856 2303 917 2322 τινα

127 2339 246 2373 αἰσχρὰ,
266 2339 339 2374 ἅπερ
362 2340 409 2366 καὶ
431 2340 694 2375 παρεσιωπήθησαν,
723 2341 769 2366 καὶ
793 2342 826 2376 τῇ
852 2342 916 2375 σιγῇ

128 2384 323 2419 παρεδόθησαν
347 2384 393 2411 διὰ
415 2384 445 2411 τὸ
465 2385 616 2420 δύσφημον.
642 2385 702 2412 Ἐτι
728 2387 797 2412 κατὰ
822 2385 872 2419 μὲν
887 2385 918 2412 τὺ

129 2430 302 2464 Εὖαγγέλιον
332 2431 379 2458 καὶ
410 2431 494 2466 αὐτὴν
528 2431 576 2466 τὴν
609 2430 740 2466 ἀλήθειαν
759 2432 773 2458 6
799 2432 918 2466 Χριστὸς

130 2475 317 2510 ἐσταύρωται,
345 2476 392 2503 καὶ
407 2475 532 2510 τέθνηκε,
560 2476 606 2502 καὶ
622 2476 719 2510 ἐτάφη,
737 2476 784 2502 καὶ
805 2476 918 2511 ἀνέστη,

128 2522 182 2547 καὶ
206 2522 356 2556 ἀνελήφθη,
383 2522 430 2548 καὶ
448 2522 476 2547 ὲν
501 2522 576 2556 δεξιᾷ
598 2521 645 2548 τοῦ
661 2522 766 2556 [ἰατρὸς
791 2522 918 2551 κάθηται.

130 2568 210 2595 Κατὰ
226 2568 253 2594 δὲ
267 2569 297 2595 τὸ
314 2568 435 2603 Κορῤὰν,
450 2568 486 2598 ὡς
506 2567 586 2604 δῆθεν
600 2567 735 2600 τιμῶντες
762 2567 856 2600 αὐτὸν,
874 2567 919 2593 λέ-

130 2623 231 2647 γουσιν
245 2614 286 2641 ὅτι
299 2615 348 2640 οὐκ
364 2613 509 2644 ἀπέθανεν,
523 2613 661 2647 ἀνελήφθη
669 2612 691 2638 δ’
704 2613 789 2647 ὅμως.
801 2613 852 2639 Kc."
864 2613 918 2639 ἰδοὺ

130 2660 199 2685 ἰσον
214 2659 268 2684 ἀπὺ
283 2660 331 2693 τῆς
340 2658 387 2685 τοῦ
404 2658 571 2691 Εὑαγγελίου
584 2658 723 2692 ἀληθείας,
740 2658 786 2683 καὶ
801 2657 856 2683 ἀπὺ
871 2657 919 2691 τῆς

129 2703 184 2729 τοῦ
208 2703 329 2736 Μωάμεθ
363 2703 540 2737 ψευδολογίας
559 2703 572 2728 6
594 2702 710 2735 Χριστὸς
734 2700 788 2732 ζῶν
805 2701 921 2735 ἀναφαί-

130 2757 215 2778 νεται
231 2751 278 2775 καὶ
306 2748 489 2783 ὁμολογεῖται.
510 2748 539 2774 ’0
553 2748 581 2774 δὲ
595 2747 745 2782 Μαχούμετ
764 2747 866 2782 οὑτοσὶ,
883 2746 921 2777 ὡς

131 2796 239 2828 navas;
257 2795 281 2821 οἱ
305 2795 338 2822 τὰ
366 2795 469 2822 ἐκείνου
486 2794 644 2830 φρονοῦντες
670 2793 856 2828 ὁμιιλογνιῦιιν,
881 2793 921 2819 ὅτι

969 2204 1114 2231 lerierunt.
1133 2203 1267 2230 Praeterea
1280 2202 1355 2235 juxta
1371 2202 1513 2237 Evangelii
1530 2207 1558 2229 et
1580 2202 1665 2237 ipsius
1679 2203 1751 2229 reri-

969 2250 1032 2277 tatis
1047 2249 1232 2277 tcstimonium
1245 2247 1372 2275 Christus
1384 2248 1531 2275 cruciﬁxus
1544 2253 1596 2279 est,
1625 2253 1751 2275 mortuus

969 2300 998 2322 et
1010 2294 1146 2329 sepultus,
1163 2293 1325 2326 resurrexit,
1355 2297 1382 2320 et
1396 2299 1555 2328 assumptus
1573 2293 1606 2320 ad
1627 2293 1750 2321 dextram

971 2341 1060 2368 Patris
1078 2340 1172 2373 sedet;
1184 2340 1262 2374 juxta
1273 2339 1413 2367 Διί-οη.ιηὶ
1429 2347 1494 2366 vero
1508 2339 1684 2371 sententiam,
1700 2347 1750 2367 C(‘tl

970 2384 1132 2412 honoratnri
1147 2391 1209 2411 eum
1224 2383 1329 2416 dicunt,
1347 2385 1420 2418 quod
1442 2391 1495 2411 non
1511 2389 1637 2412 mortuus
1650 2385 1695 2416 sit,
1710 2392 1753 2412 as-

969 2434 1095 2465 sumptus
1109 2434 1199 2456 tameu
1216 2429 1328 2457 dicitur.
1343 2429 1377 2457 Et
1392 2437 1456 2456 ecce
1477 2430 1617 2464 quomodo
1633 2438 1752 2465 evange-

970 2475 1022 2502 liea
1038 2476 1163 2507 veritate,
1182 2480 1210 2502 et
1223 2475 1311 2509 ipsius
1324 2475 1487 2504 Mahometis
1503 2477 1619 2504 fallaciis
1639 2477 1754 2504 demon—

969 2525 1081 2551 stratur,
1101 2520 1239 2547 Christum
1261 2520 1368 2552 vivere;
1401 2521 1537 2549 Mahomct
1566 2530 1631 2548 vero
1647 2522 1701 2554 hic,
1723 2527 1755 2548 ut

970 2571 1106 2593 ctomncs
1136 2565 1209 2593 illius
1231 2565 1341 2593 assecla:
1370 2565 1488 2592 fatentur
1513 2571 1650 2594 mortuum
1680 2573 1753 2596 esse.

970 2615 998 2638 at
1012 2617 1064 2636 non
1095 2610 1288 2638 resnrrexisse.
1315 2610 1428 2645 Oportet
1455 2611 1536 2645 igitur
1561 2615 1671 2645 propter
1697 2611 1754 2638 haec

972 2655 1064 2683 omnia
1079 2655 1219 2682 Christum
1235 2656 1361 2688 adorare,
1382 2664 1431 2684 nec
1442 2656 1588 2683 Mahometi
1602 2656 1754 2683 adh-terere.

971 2700 1114 2738 Quomodo
1132 2700 1206 2727 enim
1225 2700 1270 2727 Dei
1297 2701 1408 2728 oracula
1435 2701 1550 2733 homini,
1577 2700 1685 2728 diabolo
1706 2709 1754 2736 per

973 2745 1064 2772 omnia
1080 2745 1172 2778 simili,
1188 2745 1442 2773 coucrcderentur?
1459 2745 1525 2773 Etsi
1540 2746 1624 2778 voles,
1645 2747 1754 2778 collatis

975 2792 1098 2827 utri:que
1113 2791 1294 2827 proprietates
1314 2791 1411 2819 horum
1428 2798 1631 2827 cognoscamus.
1657 2792 1756 2821 Diabo-
