1949 3093
219 114 272 148 691

813 113 936 144 JOANN
943 113 977 143 lS
996 112 1261 145 CANTACUZENI

1789 112 1846 145 692

219 172 264 200 Itis
278 173 369 200 elatus
381 176 424 200 est
441 175 469 199 et
483 178 626 207 arrogans,
652 170 779 199 similiter
803 175 832 198 et
855 171 1001 198 Mahometi

1059 172 1178 199 ἀπέθανε
1193 172 1240 199 καὶ
1256 172 1307 199 οὐκ
1324 171 1435 206 ἀνέστη.
1457 171 1554 199 Τοῖνυν
1573 171 1618 198 διὰ
1642 169 1731 198 ταῦτα
1750 170 1842 197 πάντα

219 218 287 252 Quis
301 219 374 246 enim
389 217 546 245 'Mahomete
561 217 647 252 major
661 221 713 249 est,
729 217 776 252 qui
789 217 867 245 caelis
883 224 999 252 supera-

220 265 266 296 tis,
281 268 312 291 ut
326 263 384 298 ipse
397 263 432 290 de
445 269 474 290 se
489 262 570 295 dixit,
595 267 623 290 et
639 262 767 290 omnibus
798 261 930 297 angelicis
953 269 1003 296 po-

220 309 377 342 testatibus,
393 316 457 347 cum
472 308 526 336 Deo
537 308 690 336 collocutus
705 312 759 339 est,
778 311 815 335 et“
836 308 1002 335 intercessor

219 359 410 390 patronusque
425 354 596 389 angelorum,
624 354 670 388 qui
694 354 866 386 ceciderunt,
901 353 1000 385 factus,

219 400 285 435 quin
301 399 385 427 etiam
404 401 488 427 totius
504 398 599 426 mundi
615 398 783 426 advocatus?
802 398 934 426 Diabolus
951 398 1001 424 ho-

220 445 320 474 micida
335 449 388 477 est,
405 449 431 473 ct
441 444 578 472 Mahomet
587 444 695 480 legibus
709 445 767 472 suis
781 451 836 483 non
850 444 1003 479 morigeros

220 491 303 530 morti
317 490 495 526 adjudicavit.
515 490 645 518 Diabolus
659 490 788 518 seductor
802 494 855 523 est,
869 495 896 517 et
911 489 1004 516 Mallo-

221 542 276 564 met
290 536 479 572 voluptatibus
495 536 635 564 concessis
650 540 678 563 et
691 543 740 563 ceu
756 543 818 563 esca
831 535 911 562 hamo
923 534 1002 561 allisa

222 582 366 610 stultiores
382 582 434 610 sibi
450 582 620 609 conciliavit.
646 581 778 608 Diabolus
808 580 924 608 mendax
948 583 1000 612 est,

222 634 277 653 non
291 630 381 653 tamen
398 625 425 653 in
439 631 545 654 tantum
565 631 698 661 quantum
715 625 852 652 Maliomet
863 644 871 656 ,
904 629 934 651 ut
955 631 1003 657 per

225 677 312 700 t0lum
327 673 507 700 Alcorranum
523 672 597 700 clare
613 671 779 699 ostenditur.
793 670 922 698 Diabolus
936 677 1002 704 sup-

222 718 349 753 putridus
368 723 421 752 est,
436 723 464 746 et
475 718 636 754 hypocrita;
651 721 677 744 et
687 717 750 751 quis
761 717 813 744 hoc
826 716 910 751 magis
921 723 1001 750 quam

221 764 371 797 Mahomct,
393 764 439 799 qui
460 763 615 791 humilitate
637 763 764 790 simulata
780 762 864 789 animi
879 761 1003 789 sublimi-

222 813 305 835 tatem
320 808 461 842 amplexus
477 808 538 836 est?
558 807 688 835 Diabolus
699 807 847 835 vetitorum
862 806 1003 833 consultor

1055 219 1101 244 τὸν
1123 218 1242 252 Χριστὸν
1262 217 1315 244 ἔδει
1338 217 1513 252 προσκυνεῖν,
1537 216 1585 243 καὶ
1606 215 1643 251 μὴ
1659 215 1699 249 τῷ
1715 215 1838 249 Maidch

1055 263 1222 291 ἀκολουθεῖν.
1239 264 1300 294 Πῶς
1315 262 1370 297 γὰρ
1386 262 1441 289 ἔδει
1455 262 1634 296 πιστευθῆναι
1650 261 1684 288 τὰ
1698 259 1746 287 τοῦ
1771 259 1840 286 Geo-3

1055 307 1299 344 λόγιαζὰνθρώπῳ
1328 308 1413 343 ὁμοίῳ
1444 308 1515 334 κατὰ
1544 308 1633 336 πάντα
1647 306 1686 341 τῷ
1711 305 1837 341 δαίμονι;

1056 354 1107 380 Καὶ
1124 355 1148 381 εί
1160 354 1260 389 βούλει,
1278 353 1494 389 παραϐάλλωμεν
1506 353 1695 388 ἀμφοτέρους,
1714 352 1760 378 καὶ
1773 360 1841 385 γνω-

1057 400 1158 435 σόμεθα
1183 401 1218 426 τά
1234 399 1336 426 τούτων
1361 398 1504 433 ἰδιώματα,
1526 398 1558 425 '0
1572 397 1694 429 διάϐολος
1719 396 1841 432 emptici-

1056 455 1100 476 νος
1112 447 1158 472 καὶ
1179 444 1298 477 ἀλαζὼν,
1315 445 1329 471 ὁ
1350 443 1500 480 Μαχούμετ
1524 444 1680 479 ἐπηρμένος
1712 443 1760 470 καὶ
1777 443 1841 469 ἀλα-

1056 491 1122 524 ζών.
1140 490 1188 522 Τίς
1209 491 1264 525 γὰρ
1285 491 1385 526 μείζων
1399 490 1447 517 τοῦ
1469 490 1604 525 Μωάμεθ,
1619 490 1649 521 ὃς
1665 488 1840 524 ὑπεραναϐἀς

1056 538 1118 568 τοὺς
1140 537 1280 571 οὐρανοὺς,
1308 536 1346 568 ὡς
1369 536 1450 568 αὐτὸς
1477 535 1547 570 ὑπὲρ
1563 534 1648 562 αὐτοῦ
1670 535 1777 569 εἴρηκε,
1793 535 1841 561 καὶ

1055 583 1138 614 αὑτὰς
1151 583 1200 614 τὰς
1215 582 1361 617 (inﬂixit;
1378 583 1469 614 πάσας
1485 582 1614 617 δυνάμεις
1628 580 1667 616 τῷ
1674 580 1734 614 Θεῷ
1751 581 1838 615 πρόσ-

1056 628 1164 664 ωμίλει,
1179 628 1225 654 καὶ
1242 629 1357 662 μεσίτης
1370 628 1424 654 τῶν
1441 627 1610 655 ἐπταικότων
1630 626 1753 661 ἀγγέλων
1781 626 1842 660 ἐγέ-

1057 682 1128 706 νετο,
1154 674 1224 700 ἀλλὰ.
1250 674 1297 701 καὶ
1322 673 1423 705 παντὸς
1453 673 1501 700 τοῦ
1532 673 1635 708 κόσμου
1659 672 1841 708 προστάτης;

1063 720 1092 746 Ὀ
1109 719 1230 750 διάϐολος
1254 718 1480 754 ἀνθρωποκτόνος
1509 718 1578 750 ἐστὶ,
1604 718 1650 744 καὶ
1673 719 1686 744 ό
1716 716 1841 751 Μωέιμεθ

1055 766 1118 796 τοὺς
1139 765 1176 800 μὴ
1189 765 1367 799 πειθομένους
1384 766 1440 796 τοῖς
1463 764 1597 798 δόγμασιν
1619 763 1703 790 αὐτοῦ
1732 763 1841 797 θανάτῳ

1056 811 1244 838 κατεδίκασεν.
1267 811 1297 837 Ὁ
1304 810 1425 842 διάϐολος
1440 809 1569 836 ἀπατεὼν
1583 810 1651 841 ἐστι,
1669 808 1716 836 καὶ
1729 809 1743 834 ὁ
1758 807 1842 836 Μωα-

221 858 273 886 cst,
287 853 359 888 quod
371 854 398 880 in
410 853 506 888 primis
517 853 582 880 facit
591 853 727 880 Mahomet
737 852 826 886 ;nihil
846 852 919 879 enim
931 852 1001 883 sani,

1058 856 1108 890 μεθ
1138 856 1186 887 τὰς
1205 855 1302 890 ἡδονὰς
1327 855 1429 887 ἐνδοὺς,
1454 855 1502 881 καὶ
1529 850 1624 889 ὥσπερ
1644 862 1671 880 τι
1696 854 1792 888 δέλεαρ
1812 853 1841 879 ὲν

221 899 289 926 nihil
304 899 452 932 commodi,
470 899 539 926 nihil
551 900 607 926 Deo
620 899 741 934 placens,
772 898 819 925 sed
834 898 926 924 omnia
947 898 1002 924 Deo

220 943 330 978 legique
340 944 439 971 divina:
449 945 588 972 contraria
601 944 706 972 docuit.
723 944 854 980 Diabolus
865 943 911 970 Dei
927 943 1002 969 nulla

221 988 353 1024 religione
369 994 493 1022 tenetur;
511 993 538 1016 ct
553 997 601 1024 per
616 989 706 1017 omnia
724 989 763 1016 illi
791 989 892 1016 similis
907 988 1001 1024 perdi-

224 1034 307 1062 tionis
323 1035 396 1061 lilius
408 1032 554 1062 ilahomet.
584 1034 668 1062 Deum
684 1034 758 1061 enim
779 1034 875 1062 adorat
890 1038 918 1061 et
931 1041 1001 1069 prae—

221 1079 296 1106 dicat
317 1079 492 1114 spintericum,
511 1079 554 1106 vel
567 1079 722 1114 globosum,
739 1083 766 1106 et
782 1079 1000 1114 frigidissimum.

222 1125 320 1155 Deum.
336 1125 462 1160 inquam,
484 1125 598 1157 adorat,
626 1125 673 1159 qui
699 1132 749 1152 nec
764 1125 872 1159 genitus
887 1128 938 1155 est,
952 1131 1002 1151 nec

220 1173 354 1204 generat;
379 1177 434 1196 non
464 1169 628 1204 intelligens,
654 1168 759 1201 infelix,
791 1168 864 1202 quod
891 1175 1000 1202 σοι-ρας,

220 1222 276 1241 non
295 1214 380 1241 Deum
397 1213 503 1241 adoret.
522 1213 634 1249 Sphaera
655 1214 728 1241 cnim
745 1214 868 1248 corporis
883 1213 1000 1248 species,

221 1265 248 1286 ori.
261 1259 397 1294 lrigiditas
411 1259 536 1294 corporis
548 1259 666 1294 qualitas
679 1264 729 1287 est.
745 1259 822 1292 Quod
838 1267 904 1286 vero
916 1259 1000 1286 Deum

221 1310 302 1332 vocat
316 1313 366 1333 ncc
383 1310 569 1340 generantcm,
585 1313 634 1332 “(‘C
648 1309 820 1340 generatum,
838 1312 888 1332 nec
901 1312 1001 1339 corpus

220 1351 327 1382 adorat,
344 1357 396 1378 nec
407 1350 492 1377 Deum
506 1351 698 1384 incorporeum
730 1355 835 1379 verum.
854 1348 901 1376 sed
915 1349 1000 1375 Deum

221 1395 296 1428 colit,
320 1403 400 1430 quem
419 1395 564 1430 impiorum
581 1394 683 1429 lingunt
705 1394 820 1422 somnia.
843 1393 1000 1421 Ridiculum

220 1440 294 1468 cnim
311 1441 423 1468 omnino
437 1445 490 1474 est,
504 1440 591 1468 solem
601 1440 719 1474 aliquem
737 1431 877 1467 celebrare
894 1439 998 1468 lumine

220 1491 372 1520 carentem,
385 1491 412 1513 et
425 1486 528 1513 fontem
545 1486 624 1520 aquis
637 1485 809 1519 destitutum,
835 1489 863 1513 et
880 1489 999 1513 tuentem

1056 903 1196 937 ἀγκίστρῳ
1215 901 1303 932 ἐνθεὶς
1316 921 1324 932 ,
1342 901 1405 932 τοὺς
1420 901 1548 936 ἀνοήτους
1566 900 1634 935 πρὸς
1653 899 1749 926 ἑαυτὸν
1761 897 1844 933 ἐφελ-

1057 947 1168 973 κύσατο.
1199 947 1228 973 '0
1257 946 1378 977 διάϐολος
1408 945 1529 980 ψεύστης
1552 945 1638 978 ἐστὶν,
1661 945 1718 972 ἀλλ’
1739 945 1770 971 οὐ
1797 953 1842 970 το-

1057 993 1150 1020 σοῦτον
1178 993 1215 1024 ὡς
1237 994 1250 1019 ὁ
1266 992 1399 1026 Μωάμεθ,
1426 991 1517 1022 καθὼς
1537 992 1565 1018 ὲν
1586 991 1639 1025 ὅλῳ
1666 990 1706 1025 τῷ
1729 990 1843 1025 Κοῤῥάνν

1055 1038 1161 1073 τρανῶς
1177 1037 1365 1071 ἀναφαίνεται,
1390 1036 1419 1063 '0
1437 1035 1559 1067 διάϐολος
1580 1034 1696 1066 ὕπουλός
1710 1034 1780 1066 ἐστι,
1792 1034 1841 1060 καὶ

1055 1084 1098 1114 τίς
1122 1083 1199 1113 ἄλλος
1225 1083 1262 1114 ὡς
1283 1080 1445 1116 ὁΜωάμεθ,
1470 1080 1638 1107 ταπείνωσιν
1669 1077 1840 1113 ὑποκριθεὶς,

1055 1127 1105 1162 τὴν
1130 1125 1353 1162 ὑψηλοφροσύνην
1369 1125 1530 1160 ὴσπάσατος
1561 1124 1590 1151 '0
1621 1122 1744 1154 διάϐολος
1773 1122 1844 1156 σύμ-

1057 1172 1150 1203 ϐουλός
1165 1172 1224 1198 ἐστι
1240 1171 1293 1198 τῶν
1305 1170 1550 1205 ἀπηγορευμένων,
1560 1169 1608 1196 καὶ
1616 1168 1686 1203 ὑπὲρ
1708 1168 1812 1198 πάντας
1827 1168 1843 1193 ό

1056 1217 1192 1252 Μωάμεθ.
1203 1216 1284 1243 Οὐδὲν
1293 1216 1347 1250 γὰρ
1359 1215 1444 1249 ὑγιὲς,
1455 1215 1530 1241 οὐδὲν
1538 1214 1686 1249 ὠφέλιμον,
1696 1213 1770 1239 οὐδὲν
1779 1212 1841 1248 Θεῷ

1055 1263 1158 1295 δεκτὸν,
1175 1261 1241 1288 ἀλλὰ
1251 1262 1285 1288 τὰ
1303 1261 1388 1287 πάντα
1405 1260 1475 1286 κατὰ
1490 1259 1537 1286 τοῦ
1553 1258 1622 1285 Θεοῦ
1637 1259 1685 1285 καί
1702 1258 1748 1284 τοῦ
1765 1258 1840 1284 θείου

1055 1308 1140 1343 νόμου
1155 1307 1286 1340 ἐδίδαξεν.
1307 1306 1338 1333 ’0
1354 1305 1477 1337 διάϐολος
1489 1304 1578 1338 ἄθεος,
1598 1305 1646 1331 καὶ
1664 1304 1735 1331 κατὰ
1750 1304 1840 1330 πάντα

1054 1353 1147 1388 ὅμοιος
1163 1352 1237 1387 αὺτῷ
1250 1353 1263 1379 ό
1281 1352 1329 1387 τῆς
1341 1351 1477 1381 ἀπωλείας
1494 1350 1552 1382 υἱὸς
1566 1351 1580 1377 ὁ
1597 1349 1758 1385 Μαχούμετ.
1772 1349 1839 1375 Θεὸν

1054 1399 1107 1434 γὰρ
1120 1399 1268 1433 προσκυνεῖ
1284 1397 1332 1424 καὶ
1349 1396 1481 1431 κηρύττει
1496 1396 1658 1431 όλόσφαιρον
1676 1395 1723 1422 καὶ
1739 1395 1842 1430 ψυχρό-

1054 1453 1142 1476 τατον,
1171 1443 1237 1470 Θεὸν
1254 1443 1411 1478 προσκυνεῖ,
1435 1442 1481 1468 τὸν
1503 1442 1570 1477 μήτε
1593 1441 1770 1475 γεννηθέντα,
1785 1441 1839 1475 μή·

1053 1499 1082 1516 τε
1093 1490 1269 1526 γεννήσαντα.
1285 1489 1323 1524 μὴ
1337 1489 1434 1522 νοήσας
1444 1489 1457 1514 δ
1469 1487 1583 1520 δείλαιος
1602 1487 1642 1514 ὅτι
1661 1487 1740 1522 σῶμα
1750 1495 1841 1521 προσ-

220 1532 328 1559 ratione
343 1532 415 1559 nulla
428 1532 581 1567 praeditam.
599 1531 694 1559 Pereat
713 1532 803 1566 itaque
821 1531 892 1559 Deus
905 1532 1000 1567 hujus-

1054 1537 1136 1568 ttuvs't',
1163 1535 1208 1563 καὶ
1224 1536 1255 1562 οὐ
1279 1535 1353 1561 Θεόν.
1387 1535 1418 1560 'H
1441 1534 1494 1569 γὰρ
1511 1535 1613 1569 σφαῖρα
1641 1531 1710 1564 εἶδος
1747 1532 1841 1567 σώμα-

219 1578 304 1617 modi.
319 1577 539 1605 Christianorum
553 1585 618 1605 vero
631 1574 703 1605 Deus
719 1585 792 1605 unus
805 1581 858 1609 est,
873 1578 920 1612 qui
935 1582 1000 1605 ante

219 1623 311 1650 omnia
326 1624 358 1651 de
375 1624 513 1655 omnibus,
531 1624 558 1651 in
583 1623 722 1656 omnibus,
753 1627 781 1650 et
809 1630 892 1657 super
907 1622 1000 1649 omnia

219 1673 262 1696 est
278 1669 309 1696 ἰυ-
319 1669 431 1696 nomine
448 1669 547 1702 Patris,
564 1669 624 1696 Filii
640 1673 667 1696 et
676 1668 800 1703 Spiritus
828 1668 915 1695 sancti
939 1675 1001 1695 cre-

219 1715 295 1742 ditus
309 1719 338 1742 et
352 1715 515 1753 honoratus,
534 1715 628 1743 Unitas
643 1715 670 1742 in
682 1714 826 1746 Triuitatc,
844 1719 871 1741 et
882 1713 1002 1741 Trinitas

219 1763 247 1789 in
263 1762 371 1790 Unitate
384 1762 526 1790 inconfuse
537 1762 623 1794 unita,
634 1766 662 1789 et
674 1761 848 1795 inseparatim
861 1762 1000 1795 distincta,

220 1808 328 1841 eadem,
359 1809 482 1843 inquam,
508 1808 608 1835 Unitas
621 1811 649 1834 et
668 1807 788 1835 Trinitas
810 1807 1000 1842 omnipotens;

220 1855 301 1882 Pater
315 1854 450 1888 principio
470 1861 578 1886 carens,
598 1860 653 1880 non
673 1853 756 1880 modo
782 1858 902 1888 tempore
919 1853 1003 1881 incir-

222 1899 416 1933 cumscriptus,
444 1899 490 1926 sed
507 1899 580 1926 omni
598 1899 679 1926 modo
692 1898 775 1926 etiam
788 1906 868 1926 causa
883 1906 979 1926 carens
993 1906 999 1925 :

220 1946 296 1973 solus
312 1945 369 1979 ipse
384 1952 476 1976 causa,
487 1944 574 1976 radix,
591 1948 619 1971 et
635 1944 695 1972 fons
711 1944 876 1974 Divinitatis.
900 1951 960 1979 qua:
973 1945 1001 1971 in

220 1992 289 2018 Filio
303 1995 331 2018 et
343 1990 445 2025 Spiritu
460 1995 554 2018 sancto
572 1991 695 2018 cernitur
710 2000 717 2018 :
731 1990 788 2024 qui,
806 1997 915 2025 precor,
938 1998 1003 2025 pro—

221 2037 306 2070 pitius
320 2036 401 2063 nobis
412 2035 458 2067 sit,
476 2040 503 2063 et
527 2036 655 2063 omnibus
668 2035 833 2063 Christianis
852 2035 879 2063 in
898 2036 941 2063 die
957 2035 1001 2069 ju-

221 2081 296 2112 dicii.
313 2081 511 2108 intercessione
524 2080 676 2109 benedictae
687 2081 806 2109 domina:
824 2086 924 2109 nostra:
938 2081 1002 2108 Dei-

220 2134 293 2161 νει-ω
318 2130 346 2153 et
363 2126 476 2161 virginis
502 2127 602 2161 Mariae,
628 2128 806 2163 omniumque
829 2132 998 2155 sanctorum.

219 2174 318 2199 Amen.

1052 1582 1098 1614 τός
1113 1583 1195 1614 seu"
1213 1580 1261 1608 καὶ
1277 1581 1292 1615 ή
1306 1580 1387 1614 ψύξις
1409 1580 1520 1614 ποιότης
1535 1579 1671 1614 σώματος.
1685 1578 1722 1604 Τὸ
1733 1578 1760 1604 δὲ
1773 1577 1842 1603 Θεὸν

1051 1627 1097 1654 τὸν
1123 1628 1190 1662 μήτε
1205 1626 1372 1661 γεννήσαντα
1388 1626 1456 1661 μήτε
1492 1625 1656 1660 γεννηθέντα
1680 1623 1742 1650 οὔτε
1759 1624 1842 1658 σῶμα

1053 1673 1211 1707 προσκυνεῖ,
1233 1671 1295 1698 οὔτε
1312 1671 1378 1698 Θεὸν
1407 1672 1552 1706 ἀσώματον
1580 1672 1628 1698 καὶ
1655 1669 1753 1704 ἀληθῆ.
1772 1669 1843 1695 ἀλλὰ

1051 1718 1117 1744 Θεὸν
1142 1717 1301 1752 προσκυνεῖ,
1315 1716 1366 1751 rat
1383 1717 1485 1752 ὄνειροι
1510 1716 1564 1742 τῶν
1584 1715 1691 1743 ἀσεϐῶν
1709 1715 1844 1742 διαπλάτ-

1052 1771 1137 1790 τουσι.
1151 1762 1257 1789 Γελοϊον
1277 1762 1330 1798 γὰρ
1353 1762 1462 1794 πάντως
1479 1763 1537 1789 ἐστὶ
1552 1761 1673 1794 δοξάζειν
1686 1762 1746 1788 τινὰ
1764 1761 1843 1796 ἥλιον

1054 1810 1091 1844 μὴ
1111 1808 1206 1844 ἔχοντα
1222 1809 1289 1843 φῶς,
1305 1809 1353 1835 καὶ
1372 1809 1463 1844 πηγὴν
1491 1809 1557 1835 ἄνευ
1587 1808 1696 1841 ὓδατος,
1717 1809 1763 1835 καὶ
1776 1807 1843 1834 νοῦν

1053 1855 1132 1889 λόγον
1149 1854 1186 1890 μὴ
1201 1855 1306 1890 ἔχοντα,
1330 1854 1368 1885 ὡς
1383 1855 1509 1880 ἀπόλοιτο
1523 1855 1537 1880 ὁ
1551 1862 1674 1885 τοιουτος
1699 1854 1776 1885 Θεός.
1809 1854 1843 1880 ⁷0

1052 1900 1080 1926 δὲ
1107 1901 1171 1935 παρ’
1188 1900 1265 1935 ἡμῶν
1282 1900 1338 1926 τῶν
1369 1900 1540 1935 Χριστιανῶν
1570 1900 1637 1931 Θεὸς
1664 1897 1704 1932 εἷς
1722 1900 1806 1932 ἐστιν,
1826 1899 1842 1924 ὸ

1053 1947 1106 1981 πρὸ
1136 1947 1257 1979 πάντων,
1288 1946 1337 1973 καὶ
1367 1947 1413 1972 ἐπὶ
1430 1946 1550 1979 πάντων,
1580 1946 1628 1972 καὶ
1650 1945 1680 1972 ἐν
1696 1946 1774 1976 πᾶσι,
1792 1946 1841 1972 καὶ.

1053 1992 1124 2027 ὑπὲρ
1143 1992 1173 2019 τὸ
1191 1994 1254 2024 πᾶν,
1270 1993 1299 2019 ὲν
1322 1992 1409 2027 [lupi
1436 1993 1483 2019 καὶ
1509 1992 1566 2026 Υίῷ
1590 1992 1638 2018 καὶ
1662 1992 1731 2026 ἁγίῳ
1751 1991 1840 2017 11νεὺα

1055 2047 1120 2072 ματι
1140 2038 1335 2073 πιστευόμενός
1360 2047 1390 2065 τε
1406 2038 1454 2065 καὶ
1470 2037 1721 2072 προσκυνούμενος,
1754 2036 1841 2070 μονὰς

1053 2085 1082 2111 ὲν
1093 2084 1200 2119 Τριάδι,
1214 2085 1260 2111 καὶ
1270 2084 1355 2119 Τριάς
1367 2085 1396 2110 ὲν
1407 2083 1510 2119 μονάδι,
1522 2083 1683 2118 ἀσυγχύτως
1693 2082 1840 2117 ἑνουμένη,

1053 2129 1101 2156 καὶ
1127 2129 1283 2165 ἀμερίστως
1303 2129 1490 2165 διαιρουμένη.
1523 2129 1615 2160 Μονὰς
1642 2130 1658 2162 ἠ
1687 2128 1766 2162 αὐτὴ,
1791 2128 1841 2154 καὶ

1052 2175 1137 2210 Τριὰς
1155 2175 1370 2210 παντοδύναμος.
1393 2174 1487 2210 Πατὴρ
1502 2175 1633 2210 ἄναρχος,
1659 2174 1689 2201 οὺ
1704 2174 1784 2208 μόνον
1799 2173 1839 2203 ὡς

185 2235 195 2251 κ
218 2217 343 2252 ἀχρονος,
357 2217 425 2245 ἀλλὰ
439 2220 485 2245 καὶ
504 2218 541 2249 ὡς
557 2217 626 2245 κατᾶ
643 2218 731 2245 πάντα
762 2218 861 2253 τρόπον
878 2218 1008 2251 ἀναίτιος.
1028 2219 1116 2251 Μόνος
1147 2219 1232 2252 αἰτία,
1247 2219 1294 2246 καὶ
1314 2219 1389 2254 ῥίζα,
1415 2220 1462 2246 καὶ
1484 2220 1560 2255 πηγὴ
1584 2220 1633 2254 τῆς
1664 2221 1692 2246 ὲν
1706 2219 1764 2253 Υἱῷ
1791 2220 1841 2245 καὶ

220 2263 291 2298 ἁγίῳ
323 2264 462 2300 "vatiuati.
489 2264 678 2300 θεωρουμένης
706 2265 853 2300 Θεότητος,
875 2266 904 2298 ὃς
927 2266 1005 2298 ἵλεως
1024 2267 1130 2301 γένοιτο
1157 2267 1224 2302 ἡμῖν
1252 2267 1299 2294 καὶ
1332 2267 1401 2294 πᾶσι
1427 2268 1602 2302 Χριστιανοϊς
1625 2268 1654 2294 ὲν
1686 2267 1718 2302 τῇ
1746 2266 1841 2301 ἡμέρᾳ

219 2310 270 2343 τῆς
303 2310 430 2346 γρίσεως,
455 2311 615 2346 πρεσϐείαις
637 2311 687 2346 τῆς
715 2312 973 2348 ὕπερευλογημένης
1006 2312 1150 2348 δεσποίηνς
1180 2312 1258 2348 ἡμῶν
1283 2312 1408 2341 θεοτόκου
1446 2315 1492 2341 καὶ
1521 2313 1702 2349 ἀειτῖαρθένου
1725 2313 1842 2348 Μαρίας

219 2359 269 2386 καὶ
290 2360 399 2386 πάντων
420 2359 473 2386 τῶν
491 2359 587 2399 ἁγίων.
621 2359 719 2394 ’Λμήν.
