1949 3093
123 96 170 129 θςῖ
589 94 738 126 CONTRA
757 94 938 124 BARLAAM
957 93 1005 123 ET
1022 92 1257 125 ACINDYNUM.
1676 93 1730 126 695

726 242 1118 303 PROOEMIUM

295 361 450 411 TOMI
491 363 723 412 CONTRA
768 363 1040 409 BABLAAM
1075 363 1151 408 ET
1191 363 1548 410 ACINDYNUM

551 461 749 494 AUCTORE
775 461 1073 495 CHRISTODULO
1093 461 1313 493 MONACHO.

595 619 880 666 MONITUM
918 619 1257 666 EDITORUM.

161 768 224 800 Sub
239 768 348 800 ﬁclitio
369 770 512 802 monachi
533 772 732 805 Chrisroduli
753 775 883 806 nomine
902 776 978 807 latet
1005 777 1143 808 Joannes
1168 777 1419 812 Cantacuzenus,
1442 775 1496 815 qui
1516 783 1533 807 e
1552 774 1635 807 solio
1650 775 1735 806 Con-

127 819 406 858 stantinopolitano
425 822 567 861 dejectus
583 824 727 855 habitum
743 825 959 857 monachalem
986 826 1103 857 induit.
1117 826 1328 857 Doctissimus
1344 826 1489 862 Bandini,
1508 825 1542 856 in
1559 825 1659 856 Catal.
1679 825 1738 855 Bi-

126 866 231 899 blioth.
256 869 404 901 Laurent.
425 875 446 902 t.
469 873 492 907 l,
513 881 542 911 p.
561 873 629 910 342,
652 875 801 906 volumen
818 876 876 907 hoc
891 871 922 907 et
935 879 1088 908 memorat
1113 879 1143 907 et
1159 876 1320 915 expendit,
1337 876 1435 907 veluti
1451 876 1569 906 librum
1584 883 1602 906 a
1617 876 1738 906 Joanne

125 918 337 950 Cantacuzeno
354 921 386 952 in
402 922 554 953 Barlaami
578 927 609 954 et
626 924 788 963 Acindyni
821 925 968 956 haeresim
996 925 1195 956 refutandam
1214 925 1350 962 editum;
1379 933 1414 955 ac
1437 925 1532 956 simul
1558 923 1740 963 suppeditat

125 970 266 1002 notitiam
286 973 376 1003 Tomi
403 982 498 1013 quem
521 975 660 1006 Joannes
678 976 853 1014 patriarcha
878 977 937 1008 CP.
954 977 988 1008 in
1004 977 1132 1008 eosdem
1150 976 1346 1007 Barlaamum
1363 979 1394 1006 et
1408 976 1614 1014 Acindynum
1634 977 1741 1013 protu-

125 1020 176 1057 lit;
191 1021 247 1052 sed
264 1022 340 1054 mira
356 1023 587 1056 inadvertentia
604 1026 715 1056 scribit
731 1026 814 1057 hunc
831 1028 966 1058 Tomum
992 1026 1089 1066 dirigi
1107 1026 1256 1057 adversus
1283 1025 1453 1062 Palamam,
1485 1025 1686 1056 Barlaamum
1713 1029 1741 1054 et

123 1070 328 1111 Acindynum,
358 1075 448 1113 quasi
476 1077 619 1115 synodus
651 1086 723 1117 quae
749 1077 781 1108 in
811 1078 930 1109 tuenda
956 1077 1115 1109 sententia
1139 1077 1270 1108 Palamae
1298 1079 1375 1114 erat,
1406 1084 1474 1107 eam
1502 1076 1693 1111 damnasset,
1710 1079 1742 1105 et

125 1121 300 1154 Barlaamus
318 1132 390 1155 cum
402 1125 585 1166 Acindyno,
605 1127 662 1167 qui
678 1128 869 1159 sententiam
887 1127 1019 1160 Palamw
1032 1128 1146 1159 acriter
1161 1127 1401 1167 impugnarunt,
1417 1130 1447 1157 et
1461 1134 1477 1157 a
1493 1125 1618 1157 Palama
1635 1125 1742 1164 impu-

124 1173 205 1211 gnati
218 1177 304 1211 sunt,
323 1176 457 1208 Palamaa
484 1178 679 1209 adamussim
696 1180 925 1210 consensisset.
939 1180 1061 1216 Postea,
1077 1187 1149 1218 pag.
1165 1178 1216 1215 23,
1233 1185 1374 1209 errorem
1391 1176 1570 1215 suum,jam
1586 1174 1742 1214 agnitum,

124 1224 282 1263 corrigere
298 1227 410 1258 volens
424 1228 457 1258 in
474 1229 574 1260 alium
592 1230 762 1269 prolapsus
782 1234 840 1262 est.
863 1232 1035 1262 Contendit
1059 1239 1173 1270 nempe
1187 1231 1341 1261 Joannem
1356 1229 1609 1260 Cantacuzenum
1625 1226 1745 1258 nedum

124 1273 276 1305 l‘alamam
290 1276 461 1315 refelleret,
475 1279 543 1317 ejus
558 1279 711 1312 doctrinae
726 1280 866 1320 apprime
885 1281 1015 1316 favisse,
1032 1281 1119 1320 quod
1144 1288 1253 1311 verum
1269 1283 1317 1310 est
1333 1290 1341 1309 :
1361 1279 1417 1310 sed
1436 1281 1555 1310 temere
1567 1277 1742 1317 conjiciens

123 1324 277 1357 Palama-m
296 1327 329 1358 in
341 1327 403 1364 illa
417 1329 603 1367 praefatione
621 1330 816 1371 impugnari,
833 1332 917 1370 quod
932 1330 1047 1362 falsum
1064 1334 1123 1367 est,
1142 1330 1256 1361 asserit
1272 1329 1431 1360 rubricam
1447 1327 1567 1359 codicis
1583 1334 1664 1366 pene
1680 1323 1737 1356 de'-

124 1373 231 1416 ictam,
248 1378 289 1408 ita
320 1379 484 1418 legendam
513 1389 583 1412 esse
600 1390 607 1413 :
624 1383 759 1413 Joannis
795 1382 1018 1422 Cyparissiotw
1051 1386 1164 1412 contra
1186 1379 1345 1410 Palamam
1369 1378 1550 1410 hareticum
1573 1384 1742 1407 sermones.

124 1425 232 1457 Utrum
248 1429 372 1461 rubrica
389 1439 468 1469 pene
480 1432 886 1472 obliteratafuerit,necne,
897 1433 1100 1473 ignoramus;
1122 1433 1154 1463 id
1171 1435 1276 1463 autem
1290 1433 1375 1462 certo
1392 1430 1510 1461 certius
1527 1428 1656 1464 Scimus,
1674 1436 1744 1459 eam

125 1478 217 1510 Verba
227 1488 244 1511 a
254 1481 438 1513 doctissimo
450 1484 592 1515 Bandino
602 1485 719 1524 prolata
731 1486 847 1517 referre
858 1494 921 1517 non
935 1486 1076 1524 potuisse
1087 1495 1094 1522 ;
1105 1482 1403 1523 siquidem,nedum
1412 1481 1569 1512 Palamam
1580 1482 1744 1520 impugnat

124 1534 244 1569 auctor,
275 1539 292 1561 θ
319 1536 425 1564 contra
439 1535 659 1573 Hesychiastas
683 1535 853 1566 Palamitas
876 1545 914 1567 ex
940 1534 1098 1566 industria
1117 1533 1270 1564 defendit.
1300 1533 1366 1562 Hos
1394 1534 1498 1562 autem
1514 1530 1739 1570 Hesychiastas

124 1583 254 1611 strenue
275 1583 414 1622 aggressi
435 1589 509 1614 sunt
538 1586 677 1617 Joannes
707 1587 939 1626 Cyparissiotes
955 1590 986 1618 et
1007 1586 1161 1620 Barlaam,
1186 1583 1319 1614 Palamm
1335 1581 1522 1614 adversarii.
1540 1582 1666 1613 Falsum
1695 1585 1745 1613 est

124 1632 225 1671 igitur
241 1634 394 1665 Joannem
411 1634 658 1675 Ciparissiotem
676 1638 771 1678 hujus
789 1639 896 1678 operis
912 1642 1074 1670 auctorem
1101 1644 1182 1667 esse.
1199 1635 1308 1674 Itaque
1324 1633 1422 1665 codex
1438 1633 1494 1665 ille
1510 1634 1650 1666 continet
1666 1634 1745 1665 scri-

125 1686 214 1722 ptum
238 1693 303 1723 quo
321 1686 461 1718 Joannes
491 1688 743 1729 Cantacuzenus,
758 1691 892 1722 Palamaa
918 1691 1050 1727 assecla,
1066 1689 1101 1720 in
1130 1689 1327 1720 Barlaamum
1344 1691 1374 1719 et
1388 1687 1592 1727 Acindynum
1611 1685 1744 1716 Palamsa

124 1734 323 1767 adversarios
349 1738 541 1777 composuit.
558 1740 593 1770 In
617 1740 678 1771 ﬁne
705 1742 825 1773 notitiae
852 1741 1000 1778 Bandini,
1016 1750 1049 1780 p.
1064 1740 1134 1776 3&9,
1152 1740 1254 1779 liquet
1269 1743 1430 1771 auctorem
1448 1737 1521 1768 libri
1547 1736 1744 1776 olimimpe-

125 1785 260 1814 ratorem
273 1792 308 1816 ac
324 1785 440 1817 deinde
466 1788 653 1819 monachum
675 1788 788 1827 fuisse,
807 1799 879 1831 quae
905 1793 987 1821 notua
1002 1789 1115 1821 Joanni
1134 1790 1355 1820 Cantacuzeno
1378 1787 1470 1819 facile
1486 1791 1644 1827 aptantur.

1291 1839 1371 1870 J.-B.
1385 1839 1428 1870 M.

488 1975 604 2002 ΤΟΜΟΣ
624 1957 776 2002 ΙἚΓΟΝΩξ
796 1975 887 2002 ΠΔΡΔ
909 1975 978 2002 ΤΟΥ
997 1973 1221 2002 ΠΑΤΡΙΑΡΧΟΥ
1241 1972 1394 2002 ΙΩΑΝΝΟΥ

772 2046 834 2072 ΚΑΙ
851 2046 919 2074 ΤΗΣ
939 2046 1098 2074 ΣΥΝΟΔΟΥ

590 2115 771 2153 ΚΑΤΑζΤΗΣ
786 2116 855 2143 ΤΟΥ
870 2115 1035 2144 ΒᾹΡΛᾹΑΜ
1055 2115 1288 2146 ΚΑΚΟΔΟΞΙΑΣκ

529 2253 666 2284 TOMUS
693 2252 844 2285 FACTUS
867 2253 893 2283 Α
916 2250 1176 2283 PATRIARCHA
1196 2248 1354 2285 J‘OANNE‘,

815 2329 867 2360 ΕΤ
891 2327 1055 2359 SYNODO

465 2404 655 2436 CONTRA
677 2404 867 2435 FALSAM
889 2402 1154 2435 OPINIONEM
1169 2402 1409 2434 BARLAAM;

125 2481 223 2513 (mdes
235 2481 333 2507 Graecus
345 2480 563 2513 charlaceus_ms.,
583 2479 607 2503 in
624 2479 668 2513 fol.
690 2480 882 2513 maximo,_saec.
903 2484 953 2503 xw.
970 2479 1069 2513 Constat
1088 2477 1154 2513 foliis
1167 2478 1265 2513 scriptis
1277 2476 1592 2513 _579‘._quemjiol_stenius
1605 2479 1631 2504 in
1645 2478 1745 2504 schedis

372 2497 677 2536 ἕὲἕῗέῖᾞὲἱῗίίηὰἓοὶιῖἱὶε
690 2497 928 2541 Β¹ξεὲἑὶὲἶιίίὲεῒῶὐιῐι’
935 2497 1154 2540 ἓιὸοῖιᾘίῗῑὲιὶὄίἱὶἔ
1166 2497 1295 2534 εἶέίὲτὶῗῶ
1302 2497 1500 2540 ἰἶέιιῖἷόὖάἰίἰῑ

1776 2530 1797 2566 ξ

161 2650 292 2678 Continet
307 2651 352 2679 hic
366 2652 491 2679 maximae
506 2652 585 2680 molis
609 2652 695 2680 codex
711 2652 826 2680 Joannis
837 2651 910 2679 Can—
965 2650 1062 2682 mium,
1080 2650 1152 2685 quod
1167 2658 1230 2678 cum
1252 2650 1310 2678 fere
1324 2654 1411 2678 totum
1426 2650 1461 2678 sit
1476 2649 1646 2683 historicum,
1669 2650 1748 2678 exitio

122 2695 256 2722 tacuzeni
288 2695 390 2731 scripta
418 2700 515 2724 contra
542 2697 690 2728 Palamam,
719 2696 853 2728 Barlaam,
884 2699 912 2722 et
965 2696 1084 2724 bendum
1108 2696 1243 2732 integrum
1269 2696 1392 2724 arbitrati
1416 2702 1521 2730 sumus,
1539 2695 1611 2730 quod
1628 2703 1748 2731 sequens

119 2740 302 2780 Acindynum
321 2741 476 2774 haereticos,
495 2749 549 2768 una
564 2749 624 2769 cum
640 2741 766 2769 omnibus
782 2741 824 2772 iis.
852 2749 913 2775 quae
966 2747 1018 2770 est.

120 2788 181 2816 hac
196 2797 280 2825 super
296 2798 325 2818 rc
340 2794 414 2825 gesta
429 2795 502 2818 sunt.
529 2789 660 2818 l’rucccdil
677 2789 805 2818 omnibus
819 2789 889 2817 Proo

1001 2789 1022 2816 1.
1044 2796 1103 2824 pag.
1133 2789 1159 2815 1.
1194 2788 1341 2824 Προοίμιον
1363 2787 1403 2820 εἰς
1415 2788 1477 2820 τοὺς
1506 2788 1580 2824 παρὰ
1598 2787 1645 2814 τοῦ
1661 2795 1743 2823 μανα-
