1949 3093
147 80 196 112 701

620 82 771 114 CONTRA
790 82 971 115 BARLAAM
990 85 1039 116 ET
1057 84 1291 117 ACINDYNUM.

1709 85 1765 116 702

146 135 229 169 τόμου
247 133 322 169 παρὰ
338 134 388 170 τῆς
409 133 484 167 θείας
502 136 610 164 συνόδου
630 144 848 172 κατατρεχοντας
864 135 933 164 Emi
946 138 971 168 Α
984 139 1060 175 παρά
1076 140 1167 166 πᾶσαν
1181 138 1378 174 Χριστιανικὴν
1391 137 1560 166 κατάστασιν
1575 138 1592 172 ἡ
1609 138 1663 165 τῶν
1675 139 1763 165 Παλα-

146 180 301 214 λέγχοντες,
326 179 387 206 καθ’
403 180 519 207 ἕκαστον
545 181 598 208 τῶν
623 182 751 210 ἐναντίων
776 182 931 217 κεφαλαίων

146 225 327 259 ἐκτιθέμενοι,
350 226 397 252 καὶ
418 226 468 261 τὴν
489 227 644 261 ἀνασκευὴν
665 228 746 260 εὐθὺς
765 228 932 260 ἅντε-κάπνη

146 279 200 302 τες.
226 270 364 299 Sermones
388 273 553 300 antirrltetici
576 282 592 300 a
615 273 780 301 Christodulo
805 275 932 302 monacho

147 318 297 352 conscripti.
313 326 366 349 eos,
385 319 429 353 qui
446 318 592 346 Ecclesium
608 319 665 353 Dei,
680 328 784 354 unaque
799 321 932 347 sanctissi-

147 370 219 389 mum
247 363 429 397 patriarcham
457 363 643 397 Philol/tcum,
672 366 932 401 sacratissimumque

149 407 381 442 metropolitanum
402 408 594 437 Thessalonica:
615 410 756 438 Palamam
768 430 775 442 ,
792 419 851 438 cum
871 412 933 446 ipsis

149 458 237 479 autem
252 458 275 479 et
290 453 397 480 Tantum
413 463 428 480 α
441 460 536 482 sancta
565 456 664 491 synodo
676 461 768 483 contra
795 456 934 483 Barlaami

149 503 172 526 et
187 499 316 534 Acindym'
332 501 454 527 Itwresim
471 502 655 528 concinnatum
672 503 839 537 impugnant,
855 502 934 536 refel-

150 544 240 577 lcnm,
262 545 374 580 singulis
403 546 615 574 adversariorum
642 548 771 582 capitibus
796 548 931 582 expositis,

148 599 249 624 suaque
275 591 307 618 iis
325 593 414 619 statim
433 592 614 626 confutatione
629 593 758 627 subjecta.
774 592 852 621 Hunc
868 593 934 620 tilu’

148 637 205 664 lum
227 637 319 663 statim
343 637 460 672 ex¢ipit,
480 637 640 673 Προοεωρία
657 639 711 665 τῶν
728 639 756 665 ἐν
772 638 812 673 τῷ
833 639 933 674 πρώτῳ

150 682 244 717 βιϐλίῳ
256 683 310 708 τῶν
325 676 734 718 ἐναντίωνδιαλαμϐανομὲνων,
750 683 860 714 Eorum.
874 691 933 718 qua:

113 761 116 765 ἴ
150 729 176 755 in
191 729 277 764 primo
292 728 358 755 libro
374 728 583 755 aduersariorum
597 729 775 761 continentur,
792 729 931 763 praemedi<

150 775 225 801 latio.
244 773 328 809 Cujus
348 774 455 801 initium
476 778 517 801 est
537 783 544 801 :
565 774 602 800 Τὸ
622 774 730 809 πρῶτον
747 775 848 809 βιϐλίον
865 775 933 809 πρὸς

984 183 1079 218 μητῶν
1098 183 1217 219 σήμερον
1233 182 1364 217 ἐκκλησία
1379 184 1507 217 συνέστη,
1528 184 1592 217 περὶ
1608 182 1621 208 δ
1636 182 1760 223 ζητεῖται

982 229 1056 256 δέκα.
1075 229 1195 256 Primum
1213 233 1311 264 jcaput
1327 233 1369 255 est
1386 237 1392 254 :
1422 227 1470 260 Τίς
1498 228 1571 254 ἐστιν
1586 230 1599 254 ὸ
1611 229 1693 264 λογρς
1711 228 1762 262 τῆς

982 274 1028 300 τοῦ
1049 273 1115 300 Θεοῦ
1131 273 1210 308 ἁγίας
1232 273 1405 309 Ἑκκλησίας.
1425 273 1498 300 [nc.:
1525 271 1604 299 Μετὰ
1627 271 1763 300 τοσούτων

983 320 1080 347 οὐκοῦν
1097 321 1152 346 τῶν
1168 320 1312 355 αἱρέσεων,
1328 319 1374 345 καὶ
1388 318 1516 352 τοιαύτης
1531 317 1580 352 τῆς
1595 317 1762 349 ἀποστασίας

984 364 1150 401 εἰσπηδήσας
1163 365 1308 400 Παλαμᾶς,
1331 373 1358 393 κ,
1373 363 1398 390 λ.
1413 362 1564 394 Decimum,
1581 363 1612 388 Εἰ
1638 362 1703 395 ἁγία
1715 362 1763 388 τοῦ

983 411 1050 438 Θεοῦ
1067 413 1140 438 ἐστιν
1154 410 1303 446 Ἐκκλησία
1316 411 1333 445 ή
1349 408 1486 442 διαθηκῶν
1495 408 1705 442 κατατολμῶσα,
1715 407 1764 434 καὶ

985 457 1037 483 τῶν
1048 457 1128 483 θείων
1142 457 1247 490 ἀνδρῶν
1265 457 1377 492 νεκροὺς
1391 457 1512 491 ἀτάφους
1529 456 1657 492 ἐρρῖφθαι
1674 464 1765 491 παρα-

984 502 1165 535 σκευάζουσα.
1181 503 1244 530 Des.
1272 503 1322 530 Δια
1346 503 1424 529 τοῦτο
1450 502 1498 528 καὶ
1522 502 1571 536 τῆς
1585 501 1630 528 τοῦ
1646 499 1764 535 Χριστοῦ

985 548 1092 582 μερίδος
1107 547 1316 582 ὴλὶοτριώθητε,
1332 547 1378 573 καὶ
1394 546 1470 573 ἄθεοι
1487 546 1557 572 κατά
1577 545 1607 571 τὸ
1619 544 1764 571 ἀκόλουθον

983 591 1174 626 ἀναφαίνεσθε.
1606 622 1611 624 _

1021 638 1078 665 νιι.
1098 646 1124 672 p.
1141 638 1175 664 89
1206 639 1229 664 ό.
1261 637 1419 673 Προοεωρία
1448 637 1502 663 τῶν
1526 638 1555 663 ἐν
1581 635 1621 669 τῷ
1647 635 1765 670 δευτέρῳ

986 684 1081 719 βιϐλίῳ
1095 683 1363 718 διαλαμϐανομένων.
1380 683 1436 710 Inc.
1452 691 1458 709 :
1476 682 1512 708 Τὸ
1525 682 1651 716 δεύτερον
1663 680 1766 716 βιϐλίον

984 729 1051 764 πρὸς
1066 729 1114 764 τὴν
1125 729 1172 755 τοῦ
1194 728 1354 764 Παλαμιχοῦ
1368 728 1452 762 τόμου
1472 727 1664 758 συντέτακται,
1693 734 1721 753 κ.
1738 726 1764 752 λ.

989 774 1051 801 Des,
1069 774 1124 800 Καὶ
1139 774 1192 800 τῶν
1208 774 1320 800 ἀπασῶν
1333 773 1401 808 ὁμοῦ
1419 774 1614 808 χαλεπωτάτην
1631 772 1766 806 ἀναφανῆ-

149 821 200 851 τὰς
214 820 259 846 τοῦ
277 820 394 853 Παλαμᾶ
409 820 578 854 παραϐάσεις
593 820 787 852 συντέτακται,
804 829 832 848 κ.
847 821 872 847 λ.
889 820 933 847 Fi-

991 828 1038 846 tat.
1053 819 1195 847 Secundus
1212 820 1257 846 hic
1273 819 1343 846 liber
1364 820 1391 846 in
1424 826 1570 846 sermones
1589 822 1653 845 octo
1672 816 1767 844 dislri»

152 866 194 893 nis
210 874 218 894 :
237 866 293 892 Οὐκ
304 865 377 892 ἔστιν
391 867 405 891 ὀ
419 866 520 892 τούτων
535 866 629 901 δχλος,
647 866 684 897 ὡς
701 866 776 892 αὐτοὶ
793 865 929 900 καταψεύ-

150 912 252 939 δονται.
270 911 379 939 Primus
398 911 481 942 liber.
499 911 544 938 cui
567 911 674 945 titulus,
692 911 800 938 Βιϐλίον
818 911 934 945 πονηθὲν

152 957 221 983 κατὰ
244 956 291 982 τοῦ
315 955 514 990 Θεσσαλονίκης
539 956 691 990 Γρηγορίου
718 956 793 990 παρὰ
816 956 864 989 τῆς
887 954 934 981 τοῦ

151 1003 259 1029 Σατανᾶ
276 1001 448 1036 συναγωγῆς,
475 1001 528 1027 τῶν
546 1002 593 1027 τοῦ
615 1001 732 1036 Παλαμᾶ
751 1001 935 1036 παραϐάσεων

151 1048 230 1082 λόγος
252 1049 371 1081 πρῶτος,
393 1049 420 1076 in
445 1054 563 1084 quatuor
584 1048 760 1076 distribuitur
782 1055 933 1075 sermones.

151 1093 234 1122 Primi
254 1094 391 1121 sermonis
411 1095 498 1129 capita
518 1097 583 1122 sunt
602 1101 660 1127 sex,
677 1100 795 1128 quorum
815 1094 934 1128 primum

153 1141 195 1164 est
212 1147 219 1164 :
238 1137 305 1172 Περὶ
320 1137 443 1173 ειρήνης.
460 1138 507 1164 καὶ
521 1138 594 1169 ὅπως
608 1137 710 1171 ταύτην
724 1137 860 1171 παρέλυσε
878 1136 935 1163 Πα-

151 1183 251 1218 λαμᾶς,
267 1183 336 1218 πρὸς
353 1182 447 1217 καιρὸν
465 1183 662 1218 συγχωρηοεὶς,
678 1182 724 1209 καὶ
737 1182 780 1213 τίς
795 1182 811 1216 ἡ
826 1181 880 1208 τῶν
894 1181 937 1208 λό-

151 1239 207 1264 γων
218 1230 302 1256 αίτία.
312 1229 370 1256 Inc.
381 1229 500 1264 Εἰρήνης
511 1229 587 1255 οὐδὲν
599 1227 674 1263 οἶμαι
686 1219 831 1262 θειότερον,
842 1228 936 1263 ὥσπερ

151 1274 183 1310 δὴ
195 1275 242 1301 καὶ
257 1274 376 1308 πολέμου
394 1273 439 1300 καὶ
456 1274 545 1309 μάχης
560 1274 635 1300 οὐδὲν
652 1273 853 1308 χαλεπώτερον,
867 1280 895 1300 κ.
909 1272 934 1299 λ.

152 1320 280 1349 Ultimum
301 1328 308 1347 :
323 1320 417 1351 Ὅπως
433 1320 466 1346 ἐκ
481 1320 530 1354 τῆς
548 1319 757 1353 ἐπισυναγωγῆς
773 1318 828 1344 τῶν
845 1317 934 1344 τοιού-

151 1375 205 1393 των
221 1366 307 1400 λόγων
323 1367 337 1392 ό
353 1365 391 1399 τῷ
409 1366 527 1400 Παλαμᾷ
546 1365 710 1400 φαντασθεὶς
730 1364 854 1396 ἀνούσιος
870 1364 937 1396 Θεὸς

151 1411 319 1447 δημιουργὸς
339 1411 387 1438 καὶ
408 1411 545 1446 διοικητὴς
567 1411 744 1445 ἀναφαίνεται
765 1411 856 1445 πάσης
878 1410 937 1437 κτί-

153 1465 232 1505 σεως,
244 1457 290 1483 καὶ
301 1457 376 1488 τέλος
388 1457 480 1492 πάσης
494 1457 703 1493 μακαριότητος.
714 1456 774 1485 Des.
789 1457 832 1489 Ὠς
845 1457 934 1490 ἔγωγε
950 1475 973 1505 C

152 1500 237 1537 οἶμαι,
251 1503 300 1538 τὴν
313 1502 460 1536 ἀπολογίαν
470 1502 628 1537 δεδώκαμεν
638 1511 645 1518 ·
660 1503 706 1529 ἐπὶ
717 1502 751 1529 τὰ
764 1502 826 1536 ἑξῆς
840 1501 935 1536 ι’ωμεν.

187 1547 232 1575 ιν.
263 1554 289 1581 p.
308 1547 344 1573 25
369 1547 394 1574 Ι).
424 1547 567 1575 Secundus
598 1555 688 1574 sermo
713 1553 817 1582 septem
848 1547 937 1581 capita

155 1592 358 1628 complectitur,
374 1600 493 1627 quorum
520 1592 663 1627 primum:
682 1591 778 1624 Ὅπως
805 1592 937 1626 Παλαμᾶς

155 1638 309 1672 σωματικὸν
332 1639 437 1673 εἰσάγει
451 1639 495 1666 τὸν
512 1638 607 1665 ἐαυτοῦ
624 1638 748 1674 δεύτερον
763 1638 839 1665 Θεόν.
858 1638 912 1665 lnc.
928 1646 934 1664 :

154 1684 291 1720 Πρόδηλον
310 1686 359 1719 μὲν
372 1684 429 1718 οὖν¹
445 1684 482 1716 ὡς
504 1685 518 1710 ὀ
535 1684 667 1718 [ῐαλαμᾶς
695 1684 725 1711 τὸ
753 1683 938 1717 σπουδαζόμε-

154 1738 200 1756 νον
215 1729 280 1765 τιαρ¹
295 1729 377 1756 αὑτοῦ
396 1730 454 1763 φῶς
470 1729 507 1764 μὴ
522 1727 591 1756 εἷναι
605 1729 655 1765 τὴν
673 1728 721 1756 τοῦ
749 1728 817 1755 Θεοῦ
843 1728 938 1754 οὺσῖαν

154 1776 256 1810 φήσας,
270 1783 298 1802 κ.
311 1775 337 1802 λ.
353 1775 502 1802 Ultimum:
520 1774 581 1802 Ὅτι
607 1775 637 1801 οὐ
669 1775 749 1809 μόνον
777 1774 859 1808 μέχρι
877 1773 938 1800 τού-

155 1829 210 1847 των
224 1820 277 1847 τῶν
306 1821 471 1847 ἀντιθέσεων
498 1820 606 1847 ἵσταται
622 1820 766 1854 Παλαμᾶς,
798 1818 857 1845 ἀλλ’
886 1819 937 1845 ὅσα

156 1867 214 1893 ἐστὶ
228 1867 288 1893 κατ’
303 1864 372 1897 εἶδος
387 1866 420 1893 τὰ
434 1866 507 1899 ὄντα,
521 1866 650 1893 τοσαῦται
676 1866 722 1892 καὶ
735 1865 866 1900 διαφοραὶ
884 1863 938 1890 τῶν

154 1912 201 1939 δύο
211 1912 313 1938 τούτων
325 1912 398 1946 αὐτῷ
413 1911 548 1946 οεοτήτων
563 1911 790 1938 ἀναπλάττονται.
805 1909 880 1937 Des.:
893 1907 938 1943 Τῷ

154 1958 183 1984 δὲ
206 1958 275 1993 πρὸς
288 1957 421 1992 Παλαμᾶν
441 1957 516 1992 μίσει
532 1956 647 1984 καὶτῶν
666 1956 800 1990 Θεολόγων
820 1954 938 1990 ἐπιλαμ-

155 2002 284 2030 ϐάνεσθε.

190 2048 222 2076 ν.
238 2055 299 2083 pag.
314 2047 359 2075 40.
386 2047 471 2075 Tertii
498 2047 633 2075 sermonis
646 2047 734 2081 capita
749 2051 813 2074 sunt
839 2054 886 2074 sex
911 2051 939 2074 et

155 2094 263 2128 viginti.
281 2093 363 2119 Primi
387 2098 578 2128 argumentum
596 2097 654 2120 est:
674 2093 769 2124 Ὅπως
797 2093 868 2128 ἀρχὴ
884 2093 939 2119 τῶν

986 865 1093 896 buitur,
1111 873 1228 900 quorum
1249 865 1355 899 primus
1373 865 1463 899 capita
1482 864 1606 891 continet
1622 862 1765 890 tredecim.

986 909 1049 937 Post
1065 910 1173 936 titulum
1194 910 1340 942 sermonis,
1370 910 1416 944 qui
1444 909 1484 936 sic
1515 908 1607 940 habet,
1635 908 1695 934 Τῶν
1718 907 1765 933 τοῦ

986 955 1147 989 Παλαμικοῦ
1163 955 1247 989 τόμου
1264 955 1426 990 διακρίσεων
1442 954 1488 981 καὶ
1504 953 1626 980 ἐνώσεων
1646 953 1676 980 τὸ
1689 952 1767 987 πρῶ-

986 1009 1050 1034 τον,
1069 1005 1150 1036 caput
1167 1001 1286 1035 primum
1305 1001 1477 1035 inscriptum,
1510 1001 1557 1031 Τις
1572 1000 1587 1026 ὁ
1612 999 1659 1026 τοῦ
1687 998 1768 1033 λόγου

987 1046 1100 1078 σκοπὸς,
1114 1045 1170 1072 inc.
1191 1053 1199 1072 :
1223 1045 1267 1076 Ὠς
1296 1045 1328 1072 ἂν
1352 1045 1380 1072 δὲ
1407 1045 1455 1071 καὶ
1473 1044 1507 1071 δι’
1539 1043 1577 1072 ὦν
1605 1045 1768 1074 ἐπίστευσας

985 1092 1061 1126 κοινῇ
1076 1091 1125 1126 τὴν
1139 1091 1229 1117 πᾶσαν
1242 1090 1304 1125 περὶ
1317 1091 1448 1123 ἐνώσεως,
1462 1091 1510 1118 καὶ
1532 1089 1693 1124 διακρίσεως
1721 1088 1764 1114 δι-

986 1136 1140 1172 εξέλθωμεν
1152 1137 1257 1172 ἀνδρῶν
1270 1136 1371 1164 τούτων
1387 1136 1542 1171 θρησκείαν,
1552 1144 1580 1162 κ.
1591 1134 1616 1162 λ.
1625 1134 1769 1165 Ultimum.

986 1182 1049 1212 Πῶς
1077 1181 1243 1216 ἐκφεύγουσι
1270 1181 1391 1217 νομίζειν
1422 1181 1547 1208 σύνθεσιν
1576 1180 1622 1206 ἐπὶ
1644 1178 1711 1205 Θεοῦ
1725 1178 1770 1204 διὰ

985 1228 1087 1260 ταύτας
1104 1230 1153 1260 τὰς
1170 1227 1322 1263 διακρίσεις
1335 1227 1384 1254 καὶ
1411 1226 1532 1259 ἐνώσεις,
1548 1226 1609 1253 des.
1633 1225 1728 1259 Ὑμεῖς
1741 1224 1770 1250 δὲ

989 1274 1033 1301 διὰ
1061 1274 1108 1300 τὸν
1134 1273 1267 1309 Παλαμᾶν
1293 1273 1390 1308 μικρὸν
1406 1272 1495 1299 οἴεσθε
1521 1271 1567 1298 καὶ
1584 1271 1616 1297 τδ
1642 1269 1770 1304 πολεμεῖν

986 1320 1042 1351 τοῖς
1058 1318 1159 1353 ἁγίοις.
1653 1322 1658 1324 “

1028 1365 1097 1393 νιιι.
1113 1373 1175 1401 pag.
1192 1365 1254 1392 101.
1271 1364 1397 1393 Secundo
1411 1364 1530 1392 sermoni
1547 1363 1639 1391 nullus
1651 1362 1771 1398 capitum

988 1412 1071 1440 index
1087 1412 1242 1447 praeurrit.
1263 1420 1323 1446 qua:
1338 1416 1428 1439 tamen
1448 1418 1547 1438 novem
1577 1418 1638 1438 esse
1651 1417 1684 1438 ex
1699 1410 1773 1444 ipso-

990 1465 1051 1484 rum
1065 1458 1206 1492 marginali
1217 1457 1410 1484 numeratione
1421 1461 1568 1484 eruuntur.
1583 1455 1748 1483 lnscribitur
1762 1463 1770 1482 :

989 1503 1049 1529 Τῶν
1065 1503 1111 1529 ἐπὶ
1128 1503 1194 1529 Θεοῦ
1213 1503 1307 1534 οὐσίας
1339 1503 1386 1529 καὶ
1411 1502 1551 1537 ἐνεργείας
1577 1501 1700 1528 ἐνὼσεων
1724 1500 1773 1528 καὶ

988 1548 1153 1583 διακρίσεων
1169 1549 1199 1573 τὸ
1214 1547 1351 1583 δεύτερον.
1379 1547 1500 1574 Primum
1525 1544 1607 1581 caput
1629 1545 1773 1580 εειεῐιερὶ

987 1593 1041 1619 τῶν
1056 1592 1149 1625 ἁπλῶς
1164 1593 1429 1624 κατασκευαζόντων
1455 1591 1545 1627 ῥητῶν
1561 1591 1610 1623 τὴν
1634 1591 1769 1626 διαφορὰν

987 1637 1038 1673 τῆς
1053 1637 1130 1670 θείας
1157 1638 1250 1669 οὐσίας
1277 1639 1325 1664 καὶ
1349 1637 1501 1673 ἐνεργείας.
1519 1637 1575 1665 Inc.
1598 1637 1631 1663 Ἠ
1650 1638 1698 1672 μέν
1723 1635 1772 1663 οὖν

989 1682 1122 1718 σύμπασα
1137 1683 1191 1709 τῶν
1207 1683 1311 1719 ἀνδρῶν
1331 1683 1434 1710 τούτων
1461 1684 1526 1718 περὶ
1543 1683 1574 1710 τδ
1596 1683 1673 1710 Θεῖον
1701 1682 1772 1708 ἐνω-

989 1739 1029 1761 σις
1049 1730 1096 1756 καὶ
1121 1729 1264 1764 διάκρισις.
1298 1729 1425 1756 Nonum:
1446 1729 1514 1763 Περὶ
1541 1728 1596 1756 τῶν
1628 1726 1772 1762 ἀναιρούν-

987 1785 1041 1803 των
1067 1775 1191 1802 ούνθεσιν
1216 1776 1263 1802 ἐπὶ
1281 1776 1350 1802 Θεοῦ
1367 1775 1492 1810 γίνεσθαι
1507 1774 1552 1802 διὰ
1565 1774 1615 1809 τὴν
1632 1774 1680 1809 τῆς
1696 1773 1773 1804 Θείας

988 1822 1082 1854 οὐσίας
1099 1824 1147 1850 καὶ
1164 1822 1302 1857 ἐνεργείας
1331 1822 1473 1857 διαφοράν.
1501 1820 1582 1849 Des.:
1604 1820 1669 1848 Ἀπὸ
1688 1821 1773 1855 ἀκοῆς

989 1876 1056 1902 πονη
1062 1869 1110 1904 ρᾶς
1130 1868 1159 1894 οὺ
1181 1858 1406 1904 φοϐηθησόμεθα.

1024 1913 1071 1940 ΙΧ.
1087 1921 1147 1949 pag.
1167 1914 1230 1941 106.
1247 1913 1334 1941 Terti‘t
1360 1914 1496 1942 sermonis
1512 1913 1602 1949 capita
1627 1917 1693 1941 sunt
1704 1912 1773 1939 duo-

989 1958 1089 1992 decim,
1105 1966 1221 1993 quorum
1240 1958 1358 1993 primum
1374 1967 1382 1986 :
1398 1959 1460 1986 "Ott
1475 1958 1609 1994 διάκρισις
1638 1957 1685 1984 ἐπὶ
1704 1956 1772 1982 Θεοῦ

989 2006 1036 2031 καὶ
1048 2004 1144 2036 ἓνωσις
1160 2003 1229 2038 αὕτη
1245 2004 1293 2031 καὶ
1321 2004 1388 2039 μόνη
1405 2004 1489 2037 ἐστὶν,
1518 2004 1552 2039 ἣν
1567 2003 1644 2037 παρὰ
1656 2001 1704 2028 τοῦ
1723 2009 1774 2037 με-

991 2050 1074 2085 γάλου
1102 2051 1171 2076 Θεοῦ
1204 2050 1252 2077 καὶ
1279 2050 1406 2085 Σωτῆρος
1434 2050 1513 2084 ⁴ἡμῶν
1542 2048 1629 2084 Ἰησοῦ
1652 2047 1772 2084 Χριστοῦ

990 2096 1132 2130 ὁμολογεῖν
1145 2095 1347 2130 παρελάϐομεν.
1361 2095 1433 2129 Inc.::
1446 2096 1478 2121 Ἀ
1487 2095 1537 2130 μὲν
1552 2093 1600 2121 οῦν
1613 2092 1685 2122 οῦτοι
1699 2094 1772 2121 πάνυ

160 2138 206 2164 τοῦ
224 2139 344 2173 Παλαμᾶ
360 2138 513 2172 δογμάτων,
529 2139 576 2165 καὶ
592 2137 732 2173 ὑποῦἀορα
747 2137 840 2164 πασῶν
854 2137 936 2164 αὑτοῦ
955 2147 975 2174 D
987 2151 1022 2169 τα
1055 2142 1308 2176 συκοφαντήσαντες
1350 2141 1475 2174 θεολόγον
1517 2141 1557 2171 εις
1588 2139 1638 2174 τὴν
1679 2147 1774 2165 καινο-

158 2184 292 2219 αἱρέσεων
308 2184 324 2216 ὴ
336 2183 390 2209 τῶν
407 2183 607 2210 Μασσαλιανῶν
620 2184 677 2209 ἐστι
689 2183 844 2209 δυσσέϐεια.
865 2182 934 2209 lnc.:

157 2230 227 2256 Ὅσα
241 2230 291 2262 μὲν
308 2227 356 2255 οὖν
377 2229 537 2262 ἐγκυμονῶν
549 2229 681 2263 Παλαμᾶς
701 2229 748 2254 καὶ
763 2227 874 2260 ὠδίνων,
891 2227 938 2253 καὶ

155 2276 256 2302 τίκτων
267 2275 314 2301 τὸν
331 2274 390 2301 νέον
408 2275 552 2309 προήγαγε
569 2275 646 2304 Θεὸν.
661 2275 690 2301 δν
713 2275 759 2301 καὶ
774 2273 938 2308 δημιουργὸν

156 2319 226 2348 εἶναι
239 2320 315 2347 τοῦδε
330 2320 378 2347 τοῦ
395 2320 493 2352 παντὸς
508 2320 704 2354 κατεψεύσατο,
721 2329 748 2347 κ.
765 2321 790 2346 λ.
808 2319 846 2346 En
858 2327 940 2354 argu-

157 2371 280 2394 mentum
291 2366 379 2394 ultimi
391 2375 398 2393 :
414 2366 562 2398 Ίδιάζηυσσ.
575 2366 681 2401 αἵρεσίς
695 2367 752 2392 ἐστι
763 2365 809 2392 τοῦ
822 2365 940 2400 Παλαμᾶ

155 2413 186 2439 τὸ
200 2412 290 2446 λέγειν
307 2411 449 2445 ἀνάλογον,
467 2411 561 2446 ὥσπερ
576 2412 610 2438 τὰ
628 2412 658 2438 ἐν
674 2411 712 2446 τῷ
736 2411 810 2446 νόμῳ
837 2405 940 2446 μυστή-

158 2465 204 2492 ρια
220 2454 254 2492 ἦν
270 2456 317 2483 τοῦ
332 2456 510 2491 Εὑαγγελίου,
525 2457 595 2484 οὕτω
614 2459 660 2485 καὶ
686 2458 720 2484 τὰ
747 2458 775 2483 ἐν
791 2458 829 2492 τῷ
848 2457 939 2491 Εὐαγ-

157 2503 239 2538 γελίῳ
255 2503 394 2537 μυστήρια
412 2500 446 2537 ἦν
461 2503 514 2529 τῶν
529 2504 611 2530 αὐτοῦ
627 2503 778 2538 δογμάτων.
798 2503 859 2531 Des.
874 2511 882 2530 :
909 2502 938 2528 '0

156 2550 185 2576 δέ
203 2549 263 2580 ταῖς
277 2548 405 2575 ἀπάντων
420 2548 449 2574 οὐ
469 2549 616 2584 παρέργως
646 2550 763 2580 ἐννοίαις
786 2549 939 2576 ἐπιστατῶν

156 2593 211 2621 οἶδε
227 2594 317 2624 καλῶς
336 2593 385 2628 τὴν
399 2593 485 2629 ἀληθῆ
496 2594 607 2630 τάνδρὸς
622 2596 670 2622 καὶ
681 2595 830 2622 ἄπταιστον
839 2595 868 2622 ἐν
882 2596 939 2626 τοῖς

156 2640 288 2671 τοιούτοις
301 2639 430 2666 διάνοιαν.

191 2685 237 2714 Vl.
258 2693 319 2721 pag.
338 2685 381 2713 75.
406 2686 522 2718 Quartus
537 2694 627 2714 sermo
642 2695 668 2714 ιη
681 2693 768 2722 capita
790 2688 883 2715 decem
897 2691 939 2715 est

156 2733 330 2762 distributus.
356 2732 441 2760 ludici
472 2741 535 2760 vuro
550 2733 684 2768 capitum.
703 2734 787 2761 totius
804 2734 939 2762 sermonis

160 2785 353 2815 argumentum
385 2779 568 2812 praemittitur,
593 2779 665 2813 quod
695 2779 730 2806 ita
759 2778 860 2806 habet:
878 2779 938 2805 "Ott

989 2187 1087 2222 τομίαν
1102 2187 1152 2222 τῆς
1170 2187 1289 2217 πίστεως
1321 2186 1518 2221 παρειλήφασι,
1534 2194 1562 2213 κ.
1595 2185 1620 2212 λ.
1638 2184 1774 2212 Duodeci-

990 2240 1084 2260 mum:
1105 2233 1167 2258 Ὀτι
1181 2232 1284 2263 διπλῶς
1296 2231 1406 2265 λέγεται
1425 2233 1442 2266 ἡ
1463 2232 1492 2258 ἐν
1521 2231 1587 2266 ἡμῖν
1602 2231 1679 2265 παρὰ
1704 2229 1773 2256 Θεοῦ

991 2278 1083 2312 σοφία,
1099 2277 1115 2312 ἢ
1131 2278 1280 2312 ἀγαθότης,
1294 2277 1311 2313 ἢ
1331 2277 1398 2312 ζωὴ,
1414 2277 1430 2312 ἦ
1448 2276 1572 2312 δύναμις,
1602 2276 1618 2311 ἢ
1636 2276 1773 2310 ἐνέργεια.

990 2323 1167 2351 Βεε.;Σύνετε
1179 2323 1221 2356 δὴ,
1233 2323 1347 2358 ἄφρονες
1363 2323 1392 2349 ἐν
1406 2322 1444 2357 τῷ
1457 2321 1524 2357 λαῷ,
1539 2322 1585 2348 καὶ
1598 2320 1695 2356 μωροὶ,
1707 2321 1774 2347 ποτὲ

991 2378 1009 2404 φ
1014 2370 1157 2404 ρονήσατε;

1025 2414 1059 2442 Χ.
1077 2422 1139 2450 pag.
1156 2414 1216 2442 “8.
1237 2413 1333 2447 Quarti
1346 2413 1437 2449 capita
1449 2416 1513 2454 sunt
1528 2415 1644 2448 septem,
1655 2418 1773 2446 quorum

991 2462 1110 2497 primum
1125 2465 1186 2488 est:
1214 2460 1281 2487 Τίνα
1305 2460 1385 2493 δόξαν
1400 2460 1479 2494 ἐσχον
1509 2458 1574 2493 περ)⁹
1590 2457 1638 2484 τοῦ
1663 2457 1772 2491 πρώτου

991 2507 1196 2542 σημαινομένου
1210 2507 1259 2541 τῆς
1279 2505 1420 2540 ἐνεργείας
1443 2505 1490 2532 καὶ
1505 2505 1528 2531 οἱ
1542 2503 1594 2536 ἔξω
1617 2502 1772 2537 φιλόσοφοι.

990 2552 1047 2580 Inc.
1059 2562 1067 2579 :
1084 2552 1186 2578 Τοῦτον
1198 2551 1296 2578 οὐκοῦν
1312 2552 1358 2578 τὸν
1367 2551 1467 2586 τρόπον
1475 2550 1523 2584 τῆς
1538 2549 1620 2576 ἕνεκα
1629 2548 1676 2575 τοῦ
1691 2548 1773 2582 ἔργου

990 2597 1132 2633 ἐνεργείας
1152 2597 1338 2631 δεδειγμένης.
1353 2595 1505 2623 Ultimum:
1521 2595 1584 2626 Πῶς
1596 2594 1626 2621 τὸ
1642 2593 1714 2628 ἔχειν
1725 2593 1774 2619 ἐπὶ

991 2642 1058 2669 Θεοῦ
1073 2643 1193 2676 λέγεται,
1205 2644 1252 2669 καὶ
1267 2643 1326 2674 πῶς
1349 2642 1379 2669 τὸ
1391 2641 1471 2674 εἶναι,
1487 2641 1534 2668 καὶ
1549 2641 1580 2666 τὸ
1607 2639 1647 2672 ἓν,
1665 2639 1713 2666 καὶ
1740 2637 1774 2664 τὸ

990 2688 1055 2720 Θεὸς
1072 2688 1168 2724 δνομα.
1186 2689 1260 2717 Des.:
1273 2689 1328 2716 Καὶ
1343 2689 1392 2724 ζῇν
1408 2689 1480 2723 ἡμᾶς
1489 2689 1518 2714 ἐν
1529 2686 1613 2720 αὐτῷ,
1625 2687 1673 2713 καὶ
1687 2682 1775 2719 εἶναιμ

990 2733 1037 2760 καὶ
1055 2733 1187 2760 κινεῖσθαι
1197 2733 1382 2768 παρέστησεν.

1028 2779 1069 2805 XI.
1092 2787 1116 2813 p.
1140 2779 1189 2807 1'26
1203 2780 1226 2806 b.
1245 2779 1336 2812 Quinti
1353 2779 1441 2814 capita
1455 2783 1517 2807 sum
1536 2782 1590 2807 tres
1613 2782 1641 2807 et
1662 2773 1772 2813 viginti.
