1949 3093
174 88 228 121 ’103

775 86 936 119 JOANNIS
954 86 1214 118 CANTACUZENI

1740 85 1794 118 704

175 143 314 172 Primum:
345 143 414 178 Περὶ
442 143 498 171 τῶν
513 143 542 171 ἒν
562 142 600 178 τῷ
624 143 683 179 Θεῷ
710 143 898 180 ἀναφορικῶν,
916 144 963 171 καὶ
979 145 1001 174 Α
1016 144 1070 171 ἴδια
1092 144 1140 171 τοῦ
1157 144 1247 179 (pm-rb:
1273 143 1321 178 τῆς
1339 143 1483 178 θειοτάτης
1497 142 1544 169 τοῦ
1571 142 1676 177 Κυρίου
1711 150 1792 176 μετα-

173 189 235 215 τῖνα
250 188 291 215 δεῖ
307 189 399 224 ζητεῖν
414 190 479 224 περὶ
501 190 606 217 τούτων
623 191 764 225 πρότερον.
783 191 858 218 lne.:
883 190 959 216 Ἐπεὶ

174 234 203 259 δὶ
223 234 269 260 καὶ
278 233 312 260 τὰ
326 233 376 268 μὲν
395 234 604 268 ἀπολελυμένως
620 236 654 270 τῇ
681 235 776 270 Γραφῇ
807 235 871 270 περὶ
890 234 959 261 Θεοῦ

175 279 297 312 λέγεται,
320 287 348 305 κ.
367 278 392 306 λ.
412 279 566 307 Ultimum:
592 280 655 307 Ὀτι
671 281 739 315 μόνη
756 281 773 315 ὴ
799 280 877 307 οὐσία
910 280 958 308 τοῦ

175 325 244 351 Θεοῦ
263 324 429 359 δημιουργός
449 325 523 351 ἐστιν
538 320 612 352 αἰτία
629 326 749 358 πάντων,
767 326 815 353 καὶ
832 327 874 353 ὃτι
889 326 959 362 μόνη

175 369 311 401 ᾶκτιστος.
339 369 423 397 Des.:
440 370 532 397 Ταῦτα
549 370 576 397 δι
604 371 739 406 λαμπρῶς
765 373 794 398 ὲν
819 373 876 404 τοῖς
893 371 959 408 πρὶν

174 414 379 450 ἐξελήλεγκται,
404 415 450 442 τὸν
476 415 556 450 λόγον
585 417 632 444 ἐπὶ
657 417 742 444 ¹τᾶλλα
772 417 961 453 μεταϐιϐάσω-

177 469 237 496 μεν.

210 507 269 536 XII.
282 517 342 545 pag.
360 509 422 538 I45.
438 510 521 538 Sexto
537 515 565 538 et
595 511 716 546 septimo
728 511 822 539 nullus
838 511 959 546 capitum

177 554 257 582 index
277 556 431 590 praecurrit,
446 563 507 591 quae
521 560 611 584 tamen
626 557 709 584 multa
721 564 781 584 esse
795 565 829 584 ex
839 557 960 592 ipsorum

177 601 392 634 pertractatione
418 602 675 636 deprehenduntur.
698 602 797 630 Sextus
831 603 962 631 inscribi-

176 652 241 672 tur:
259 645 389 681 Ἔλεγχος
405 646 456 681 τῆς
474 646 540 682 περὶ
555 647 589 674 τὰ
604 647 673 682 ρητέι
698 647 877 683 κακουργίας.
904 647 962 676 Hu-

174 693 221 728 jus
248 696 331 727 caput
355 692 487 727 primum:
518 694 587 728 Περὶ
614 693 668 720 τῶν
686 693 837 721 δοκούντων
865 695 961 728 ἁπλῶς

177 737 254 769 θείας
277 737 372 770 οὐσίας
398 738 445 764 καὶ
478 738 553 770 θείας
580 739 720 774 ἐνεργείας
744 740 962 771 κατασκευάζειν

175 783 317 818 διαφοράν.
331 783 389 810 Inc.
403 791 410 810 :
424 783 498 810 ⁹Αλλ⁵
512 783 562 810 ὅσα
579 784 628 819 μὲν
643 784 781 820 προσῆκεν
796 786 836 816 είς
852 785 960 811 ἀπόδει-

177 828 218 860 ειν
227 828 370 861 διελέσθαι,
380 837 408 856 κ.
419 828 445 856 λ.
458 829 603 857 Ultimum:
620 830 667 862 Et;
682 830 712 856 τδ
729 831 811 865 ῥητὸν
825 831 855 857 τὸ
870 830 959 864 λέγον,
975 821 998 851 Β

182 873 215 899 Ἦ
230 873 291 900 θεία
305 873 438 908 εὶλαμψις
452 874 499 900 καὶ
513 875 651 909 ἐνέργεια,
665 875 714 910 μία
727 875 796 902 οὖσα
809 876 858 902 καὶ
875 876 960 911 ἁπλῆ,

177 918 225 945 καὶ
235 919 350 954 ἀμερής.
362 920 426 947 Des.
439 919 486 947 :'H
500 919 528 946 δὲ
545 920 667 955 μακαρία
682 921 760 947 οὐσία
774 921 874 956 ὁμοίως
889 922 963 948 ἐστὶν

177 963 206 989 ἐν
217 972 247 990 τε
259 965 313 995 τοῖς
330 964 483 1000 Χερουσὶμ,
506 965 554 992 καὶ
572 965 628 996 τοῖς
647 965 814 1000 ἀνθρώποις,
831 966 877 992 καὶ
905 967 962 998 τοῖς

177 1008 274 1041 λίθοις,
289 1009 338 1036 καὶ
350 1009 406 1036 τῶν
424 1010 582 1044 κτισμάτων
597 1010 652 1041 τοῖς
670 1010 860 1044 φαυλοτάτοις.

212 1053 283 1081 XIII.
299 1062 359 1090 pag.
393 1055 453 1083 ΠΙ.
477 1055 619 1091 Septimus
637 1063 728 1084 sermo
753 1056 827 1084 hunc
852 1056 961 1084 titulum

177 1101 308 1135 praefert:
325 1101 455 1136 Ἔλεγχος
469 1101 524 1128 τῶν
548 1101 720 1137 διακρίσεων.
738 1101 858 1129 Primum
881 1106 964 1137 caput

176 1151 238 1173 est:
253 1147 321 1182 Περὶ
335 1147 393 1179 τοῦ,
408 1148 434 1173 τί
457 1147 516 1173 ἐστι
544 1147 671 1182 διαφορὰ,
690 1148 737 1174 καὶ
755 1148 894 1182 ἑτερότης,
915 1147 963 1174 καὶ

178 1193 362 1226 ἀνομοιότης;
381 1193 439 1220 Inc.
456 1201 463 1219 :
487 1193 565 1220 Ἐπεὶ
590 1193 682 1220 τοίνυν
696 1192 788 1224 ἁπλῶς
810 1193 963 1220 ἐκτίθενται

179 1237 310 1272 διαφορὰν
326 1237 401 1269 θείας
418 1237 523 1270 οὐσίας,
550 1237 598 1264 καὶ
623 1237 776 1272 ἐνεργείας,
792 1246 819 1265 κ.
840 1237 865 1265 λ.
892 1237 963 1265 Ulti-

179 1290 252 1309 mum
274 1291 281 1312 :
304 1283 351 1314 Είς
368 1283 418 1318 τὴν
432 1283 567 1309 ἀντίθεσιν
584 1283 633 1317 τὴν
652 1282 793 1316 λέγουσαν,
808 1283 849 1309 ὃτι
875 1284 891 1317 ἡ
915 1282 962 1309 τοῦ

178 1327 246 1353 Θεοῦ
269 1327 426 1362 ὲνέργειαῆ
453 1336 482 1354 τε
504 1328 675 1362 μακαριότης
701 1328 749 1354 καὶ
762 1329 792 1354 τὸ
805 1327 882 1360 τέλος
908 1328 963 1354 τῶν

178 1372 283 1406 ἐφετῶν
312 1373 406 1399 ἔστιν·
423 1374 439 1407 ἡ
467 1373 495 1399 δὲ
522 1373 602 1400 οὐσία
625 1373 708 1399 αὐτοῦ
739 1373 963 1407 ἀπροσπέλαστος

180 1419 268 1454 πάντη
295 1418 343 1446 καὶ
357 1418 497 1453 ἀνέπαφος
524 1419 554 1446 ὲν
568 1419 674 1451 τούτοις
686 1419 867 1454 διατηρεῖται.
898 1419 961 1446 Des.

178 1463 336 1498 Τηνικαῦτα
347 1464 394 1490 καὶ
409 1465 490 1499 ἡμεῖς
506 1464 554 1500 τὴν
569 1464 647 1500 ὑμῶν
663 1465 710 1491 καὶ
724 1464 804 1496 αὖθις
816 1463 962 1491 κακόνοιαν

178 1509 377 1544 ἁπελέγξομεν.
511 1511 513 1514 ⁴

213 1553 282 1582 XIV.
313 1561 375 1589 pag.
403 1553 464 1582 I83.
501 1553 598 1582 Sermo
630 1559 743 1582 octavus
778 1555 962 1584 inscribitur:

180 1599 307 1635 Ἔλεγχοι
319 1600 373 1627 τῶν
397 1601 532 1627 ὲνώσεων.
558 1600 645 1636 Hujus
673 1601 762 1635 capita
785 1607 850 1629 sunt
865 1602 963 1637 viginti

177 1651 306 1680 quatuor,
323 1653 439 1680 quorum
456 1646 591 1681 primum:
607 1645 669 1672 Ὅτι
681 1647 791 1673 ἐναντία
806 1647 912 1679 ἑαυτοῖς
922 1647 964 1674 λέ-

177 1699 283 1725 γουσιν,
297 1692 325 1718 ἐν
337 1690 378 1723 οἷς
392 1692 548 1728 ἀδιαίρετον
562 1691 612 1726 τῆς
628 1691 703 1723 θείας
727 1691 821 1723 οὐσίας
838 1692 888 1727 τὴν
902 1693 965 1718 ἐαυ-

177 1739 228 1772 ei);
243 1738 362 1765 τίθενται
386 1738 539 1773 δνέργειαν.
553 1737 627 1765 Inc.:
656 1736 729 1763 Ἀλλ’
744 1737 760 1772 ἡ
778 1737 827 1772 μὲν
843 1737 898 1764 τῶν
918 1738 964 1764 δύο

179 1784 316 1819 θωτήτων
344 1785 416 1811 κατὰ
430 1783 572 1819 δαιμονίαν
588 1783 726 1810 ἀντίθεσιν
740 1783 866 1818 διαφορά.
895 1783 964 1810 Ulti-

178 1837 263 1862 mum,
292 1829 366 1864 quod
389 1829 550 1856 inscribitur
579 1828 731 1862 Ἐπίλογος,
748 1827 827 1855 des.:
845 1827 876 1854 Εί
890 1828 919 1854 δέ
936 1836 964 1854 τι

180 1880 257 1913 παρὰ
281 1878 355 1905 τοῦτ’
371 1877 483 1904 ἔλαττον
510 1875 654 1910 ἀπαντῴη,
685 1875 739 1901 τῶν
770 1874 837 1908 γοῦν
860 1875 893 1901 ὲκ
916 1874 964 1900 τοῦ

179 1925 403 1961 προτεθυμῆσθαι
419 1923 593 1958 πεποίθαμεν
610 1923 647 1957 μὴ
663 1923 792 1949 ἐκπεσεῖν
807 1921 928 1956 ἀγαθῶν.
986 1956 992 1961 κ

215 1971 272 1999 XV.
289 1979 350 2006 pag.
377 1970 439 1998 209.
457 1969 589 2007 Sequitur
613 1969 684 1996 liber
698 1969 806 2000 tertius,
822 1974 965 1996 sermones

180 2015 275 2043 itidem
303 2019 366 2043 octo
397 2015 595 2048 complectens.
629 2012 763 2040 Prmccdit
792 2013 964 2048 Προθεωρὶα,

180 2061 259 2097 cujus
276 2060 404 2088 initium:
422 2060 459 2086 Τὸ
484 2059 576 2094 τρίτον
602 2058 705 2094 βιϐλίον
723 2058 792 2093 πρὸς
822 2059 871 2090 τὰς
903 2058 965 2085 καθ’

180 2107 259 2141 ἡμῶν
273 2106 348 2140 παρὰ
365 2104 412 2132 τοῦ
429 2104 547 2140 Παλαμᾶ
565 2103 630 2139 περὶ
645 2103 693 2130 τοῦ
722 2103 811 2138 φωτὸς
834 2103 966 2138 ἐπηρείας

977 1486 998 1516 C

1012 189 1190 224 μορφώσεως,
1208 189 1255 216 καὶ
1267 189 1327 215 τίνα
1342 188 1396 215 ἴδια
1410 189 1459 223 τῆς
1471 188 1621 222 φαντασίας
1630 187 1794 225 καῖ’-πλάνης

1009 235 1058 261 τοῦ
1072 234 1231 269 Παλαμικοῦ
1248 235 1346 268 φωτός.
1361 234 1436 261 lnc.:
1456 234 1534 260 Ἐπεὶ
1549 233 1642 260 τοίνυν
1655 233 1794 259 ἀποδέδει-

1011 289 1074 308 κται
1084 281 1164 316 μόνον
1180 281 1224 307 τὸν
1237 280 1354 316 Χριστὸν
1367 278 1436 306 εῖναι
1451 279 1481 306 τδ
1496 279 1564 313 φῶς,
1576 287 1603 306 κ.
1615 278 1792 307 λ.Ι]Ιιὶη1υῐιι;

1011 327 1043 353 Εί
1057 327 1148 362 ὀρθῶς
1173 326 1207 353 ἂν
1231 326 1302 353 είποι
1319 325 1462 360 Παλαμᾶς,
1485 325 1516 352 τὸ
1542 326 1600 356 τοῖς
1627 325 1794 360 σωματικοῖς

1010 372 1159 407 ὀφθαλμοῖς
1182 372 1236 398 τῶν
1265 371 1397 406 μαθητῶν
1416 371 1552 398 ὑποπεσὸν
1573 371 1632 405 φῶς
1650 371 1688 405 μὴ
1719 366 1791 396 εἶναι

1010 419 1060 452 τῆς
1081 417 1182 452 ὁρατῆς
1196 416 1278 443 αὑτοῦ
1295 416 1456 449 θεοφανείας
1482 415 1552 449 φῶς,
1570 415 1640 441 ἀλλὰ
1665 415 1715 449 τῆς
1730 423 1795 448 νοη-

1010 463 1061 498 τῆς
1075 462 1158 489 αὑτοῦ
1171 462 1308 497 θεότητος.
1324 462 1399 490 Des.:
1421 460 1456 488 Τδ
1475 462 1533 496 φῶς
1555 459 1625 488 εἷναι
1639 460 1688 495 τῆς
1711 469 1794 495 μεταο

1013 508 1177 544 μορφώσεως
1185 508 1286 542 λέγειν.
1342 511 1348 517 “

1047 554 1128 582 XVII.
1144 562 1204 590 pag.
1217 554 1270 582 225
1279 554 1304 581 ὁ.
1326 553 1410 581 Tcrtii
1431 553 1519 588 capita
1535 557 1664 587 quatuor,
1677 559 1794 588 quorum

1011 600 1130 632 primum
1146 608 1153 626 :
1171 600 1201 626 Et
1216 599 1324 635 εἴρηταί
1343 607 1398 625 τινι
1415 598 1469 625 τῶν
1483 598 1617 632 θεολόγων
1626 598 1677 632 τῆς
1692 597 1796 634 ἀνθρω-

1013 647 1129 681 πότητος
1141 643 1210 673 εἶναι
1232 646 1279 672 τοῦ
1295 645 1421 680 Σωτῆρος
1445 645 1476 671 τὸ
1496 645 1554 679 φῶς
1582 644 1633 679 τῆς
1653 643 1796 679 θειοτάτης

1014 691 1098 720 αὐτοῦ
1116 691 1367 726 μεταμορφώσεως.
1384 691 1442 718 Inc.
1457 699 1463 717 ε
1478 691 1517 717 Δι’
1534 691 1604 717 ὅσων
1622 691 1670 726 μὲν
1688 690 1735 716 οὖν
1763 690 1797 717 ἄν

1012 745 1054 769 τις
1069 738 1118 769 τὰς
1136 737 1317 772 εὖαγγελικὰς
1332 738 1513 764 ἀναπτύσσων
1527 737 1601 768 θείας
1627 737 1729 772 φωνάς.
1747 736 1796 765 Ul-

1014 783 1107 810 timum
1122 792 1129 810 :
1149 783 1179 809 Et
1195 783 1306 810 δυνατὸν
1323 783 1409 818 ὀρθῶς
1423 783 1509 809 εἰπεῖν
1530 783 1575 809 τόν
1589 783 1737 816 Παλαμᾶν,
1757 783 1796 817 μὴ

1013 825 1082 854 εῖναι
1097 828 1148 862 τῆς
1163 828 1339 864 ἀνθρωπίνης
1358 828 1465 863 φύσεως
1494 828 1544 862 τὴν
1571 827 1736 863 ὡραιότητα,
1762 828 1798 862 ἢν

1014 873 1152 906 ὑπέδειξεν
1177 875 1192 900 ὁ
1218 875 1337 909 Χριστὸς
1365 874 1394 901 ὲν
1415 873 1454 909 τῷ
1479 874 1539 909 lipsi.
1569 873 1797 909 μεταμορφωθεὶς

1013 919 1124 946 ἐπὶτῶν
1136 919 1276 955 μαθητῶν.
1294 919 1358 947 Des.
1373 928 1380 946 :
1398 919 1452 946 Καὶ
1464 919 1571 946 κτιστδν
1582 919 1612 946 τὺ
1626 918 1698 946 θεῖον
1710 919 1798 945 ἐκεῖνο

1014 964 1070 999 φῶς
1081 964 1197 992 οίεσθαι.

1049 1011 1143 1039 XVIII.
1165 1019 1191 1046 p.
1207 1010 1271 1038 250.
1293 1010 1388 1044 Quarti
1399 1010 1534 1038 sermonis
1546 1011 1634 1045 capita
1651 1010 1716 1038 item
1731 1018 1798 1045 qua-

1014 1061 1087 1090 tuor,
1107 1065 1224 1092 quorum
1240 1058 1356 1092 primum
1371 1065 1378 1084 :
1394 1057 1426 1083 Et
1443 1056 1480 1091 μὴ
1492 1057 1539 1083 καὶ
1556 1057 1588 1082 ἐκ
1599 1056 1653 1082 τῶν
1666 1065 1799 1092 προειρη-

1015 1103 1104 1138 μένων
1116 1103 1296 1137 ἀναφαίνεται
1323 1102 1437 1136 φυσικὴν
1465 1099 1535 1128 εἶναι
1552 1101 1631 1128 τοῦτο
1653 1101 1685 1128 τὸ
1698 1101 1800 1134 κάλλος

1013 1150 1064 1184 τῆς
1081 1149 1135 1184 πρὸ
1148 1150 1198 1184 τῆς
1215 1149 1359 1184 παρακοῆς
1387 1148 1433 1175 τοῦ
1461 1148 1546 1182 ’Δδὰμ
1573 1147 1797 1183 ἀνθρωπότητος.

1013 1195 1085 1222 Inc.:
1113 1194 1307 1229 ’Δναφαίνεται
1332 1194 1360 1220 δὲ
1377 1194 1424 1220 καὶ
1450 1194 1483 1220 ἐκ
1502 1193 1557 1220 τῶν
1578 1193 1798 1228 προειρημένων,

1014 1250 1041 1268 κ.
1057 1241 1082 1267 λ.
1097 1240 1228 1268 Ultimum
1243 1250 1251 1267 :
1268 1241 1298 1267 Et
1312 1240 1401 1274 ὀρθῶς
1425 1240 1459 1267 ἂν
1486 1240 1559 1266 εῖποι
1589 1239 1731 1274 Παλαμᾶς,
1760 1240 1799 1275 μὴ

1013 1286 1134 1312 τοιοῦτον
1148 1284 1216 1312 εἶναι
1233 1286 1263 1312 τδ
1278 1285 1392 1320 φυσικὸν
1405 1285 1502 1317 κάλλος
1513 1285 1559 1312 τοῦ
1575 1286 1628 1321 πρὸ
1641 1286 1690 1320 τῆς
1708 1295 1800 1321 παρα-

1014 1332 1078 1366 κοῆς
1098 1331 1254 1367 ἀνθρώπου.
1281 1332 1343 1359 Des.
1361 1339 1369 1359 :
1385 1332 1439 1358 Καὶ
1460 1331 1520 1367 μηδ’
1538 1331 1683 1358 ὁποσονοῦν
1705 1332 1800 1366 δφελος

1017 1377 1074 1408 τοῖς
1090 1376 1269 1411 ζητουμένοις
1284 1377 1447 1411 είσφέροντα
1463 1376 1611 1412 παρῶπται
1623 1376 1746 1404 δικαίως.

1049 1422 1120 1449 XIX.
1138 1430 1200 1457 pag.
1221 1422 1284 1451 235.
1301 1422 1393 1456 Quinti
1422 1422 1560 1450 sermonis
1589 1422 1679 1457 capita
1704 1429 1801 1449 nume-

1015 1473 1110 1496 rantur
1120 1468 1252 1504 quinque,
1269 1476 1386 1504 quorum
1399 1469 1518 1503 primum
1534 1476 1540 1495 :
1565 1468 1597 1494 Ei
1616 1468 1724 1502 εἴρηταί
1746 1476 1800 1494 τινι

1016 1515 1070 1542 τῶν
1081 1515 1214 1549 θεολόγων
1229 1515 1270 1546 είς
1286 1514 1386 1549 δεῖγμα
1399 1514 1448 1548 τῆς
1476 1512 1609 1548 ἐσομένης
1624 1512 1679 1540 τῶν
1696 1512 1803 1547 ανθρώ-

1018 1569 1077 1587 πων
1093 1560 1164 1596 μετὰ
1178 1560 1256 1595 δόξης
1276 1560 1429 1594 ὲναλλαγῆς
1444 1559 1473 1585 ὲν
1488 1559 1521 1594 τῇ
1538 1558 1584 1585 τοῦ
1607 1558 1726 1593 Χριστοῦ
1740 1558 1801 1584 δευ-

1015 1606 1084 1641 τέρᾳ
1098 1606 1234 1641 παρουσίᾳ.
1250 1605 1280 1631 τδ
1291 1605 1348 1639 φῶς
1363 1604 1580 1640 πιραδειχθῆναι
1595 1604 1644 1638 τῆς
1659 1612 1802 1639 μεταμορ-

1017 1650 1138 1684 φώσεως.
1155 1650 1213 1677 Inc.
1228 1657 1236 1676 :
1251 1649 1357 1676 Γίνεται
1378 1649 1407 1675 δὲ
1437 1649 1486 1676 καὶ
1500 1649 1531 1676 ὲκ
1543 1649 1645 1676 τούτων
1672 1649 1800 1683 φανερόν.

1018 1695 1151 1724 Ultimum
1167 1703 1175 1721 :
1194 1695 1225 1721 Ei
1241 1693 1409 1721 ἐναντιοῦταί
1423 1703 1476 1721 τινι
1492 1694 1547 1721 τῶν
1573 1693 1799 1728 προειρημένων,

1016 1743 1058 1769 ὅτι
1072 1742 1134 1775 δόξα
1147 1741 1256 1775 λέγεται
1275 1740 1356 1772 Θεοῦ,
1387 1741 1435 1767 καὶ
1455 1740 1579 1775 βασιλεία
1603 1739 1736 1775 οὐρανῶν,
1754 1739 1803 1766 καὶ

1021 1788 1117 1822 θεότης
1134 1788 1164 1814 τὸ
1193 1787 1252 1822 φῶς
1273 1787 1324 1822 τῆς
1351 1786 1398 1814 τοῦ
1420 1787 1522 1821 Κυρίου
1550 1785 1801 1821 μεταμορφώσεως.

1018 1834 1092 1860 l)es.:
1109 1833 1163 1866 Τῆς
1173 1833 1300 1868 ἀληθείας
1313 1832 1505 1866 περιγενέσθαι
1522 1832 1674 1867 προσδοκᾷν
1690 1832 1802 1866 φαίητε.

1055 1879 1113 1906 XX.
1127 1887 1188 1914 pag.
1205 1877 1258 1905 246
1275 1879 1300 1906 b.
1317 1877 1416 1905 Sextus
1425 1885 1514 1905 sermo
1530 1878 1618 1912 capita
1644 1878 1804 1913 complecti-

1019 1929 1063 1952 tur
1074 1924 1225 1958 sexdecim,
1239 1930 1356 1959 quorum
1368 1922 1503 1958 primum:
1518 1923 1550 1949 Εἰ
1563 1923 1610 1950 καὶ
1621 1923 1710 1954 ἄλλοις
1725 1924 1803 1958 αἰρε-

1018 1972 1104 2002 τικοῖς
1115 1971 1225 2004 ἐγένετο
1236 1970 1372 2004 πρόφασις
1387 1968 1434 1995 τοῦ
1450 1968 1622 2004 βλασφημεῖν
1638 1968 1668 1995 τὺ
1683 1968 1740 2008 φῶς
1752 1970 1804 2004 τῆς

1018 2015 1160 2050 θειοτάτης
1172 2015 1219 2042 τοῦ
1236 2015 1338 2052 Κυρίου
1355 2014 1682 2050 μεταμορφώσεως.1ιιο.;
1695 2014 1804 2049 Ὠσπερ

1016 2063 1107 2089 τοίνυν
1121 2062 1138 2096 ὴ
1155 2061 1214 2087 θεία
1229 2061 1366 2097 σάρχωσις
1381 2060 1428 2087 τοῦ
1443 2061 1577 2095 Σωτῆρος.
1595 2060 1727 2088 Ultimum
1744 2068 1751 2087 :
1767 2060 1802 2087 Et

1019 2108 1066 2135 καὶ
1080 2108 1115 2134 δι’
1138 2108 1242 2143 ἑτέρων
1270 2106 1433 2141 θεολογικῶν
1471 2105 1630 2140 ἐξηγήσεων
1657 2106 1673 2140 ή
1699 2106 1803 2141 φυσικὴ

180 2151 374 2186 ἀπολογεῖσθαι
406 2150 597 2177 συντέτακται.
632 2150 708 2177 Finis
726 2158 732 2177 ε
762 2149 817 2176 Καὶ
831 2149 967 2176 τελευτῶν
983 2157 1005 2185 ι)
1017 2154 1154 2190 ὡραιότης
1179 2153 1226 2180 καὶ
1242 2153 1394 2187 εὐπρέπεια
1424 2153 1472 2178 τοῦ
1487 2151 1643 2186 ζωαρχικοῠ
1666 2152 1712 2178 καὶ
1728 2151 1801 2178 θείου

181 2198 376 2226 Μασσαλιανὸν
391 2196 592 2232 ἀκριϐέστατον
606 2195 687 2222 αὐτόν
700 2193 770 2222 εῖναι
787 2196 964 2230 παρίστησιν.

182 2244 291 2271 I'rimus
309 2250 399 2270 scrmo
417 2241 596 2269 inscribitur:
616 2241 660 2267 Ἑν
676 2242 732 2272 τοῖς
761 2241 827 2276 περὶ
841 2240 889 2268 τοῦ
911 2249 967 2275 φω-

180 2291 226 2322 τδς
239 2290 395 2325 ζητήμασιν
410 2288 567 2322 ὰπολογιῶν
582 2287 687 2323 πρώτη.
706 2287 758 2320 Qui
774 2287 884 2322 quidem
900 2287 967 2314 titu—

180 2339 225 2364 Ius
255 2337 370 2371 reliquis
383 2335 465 2363 etiam
483 2334 660 2363 sermonibus
691 2334 851 2369 przcllgilur.
881 2334 967 2370 Hujus

182 2382 272 2418 capita
289 2386 354 2410 sunt
380 2387 451 2409 octo.
468 2381 590 2409 Primum
613 2384 674 2408 est:
693 2380 724 2406 Et
755 2379 893 2414 ἐνδέχεται
920 2379 967 2406 δύο

182 2429 231 2456 καὶ
252 2428 337 2455 πολλὰ
352 2428 430 2463 φῶτα
444 2427 560 2462 ἀληθινὰ
589 2424 670 2454 εἷναι.
686 2426 755 2454 Inc.:
775 2427 819 2452 Ἐν
833 2426 905 2457 ὅσοις
919 2426 968 2461 μὲν

182 2473 217 2510 ἦν
231 2474 344 2500 δυνατὸν
362 2473 531 2508 [Ιαλαμὴτας
546 2471 696 2505 ἀπελέγξαι
710 2471 806 2506 ψευδῆ.
823 2471 965 2498 Ultimum:

183 2523 216 2549 Εἰ
233 2522 269 2557 μὴ
288 2522 334 2548 καὶ
344 2521 393 2556 τὴν
410 2520 543 2556 ἐνσαρκον
557 2519 604 2546 τοῦ
620 2520 688 2546 Θεοῦ
701 2519 795 2554 Λόγου
813 2518 970 2553 οίκονομίαν

183 2567 334 2603 ἀνατρέποι
360 2567 504 2602 ίιαλαμᾶς,
524 2567 554 2594 ὲν
586 2563 627 2596 οἷς
656 2565 810 2599 ἀνίστησιν,
841 2564 883 2590 ὅτι
912 2563 970 2598 φῶς

185 2616 261 2640 ἐστιν
271 2614 366 2649 ἓτερον
382 2614 458 2648 παρὰ
472 2613 523 2646 τὴν
540 2612 635 2643 οὐσίαν
649 2610 697 2637 τοῦ
714 2610 782 2637 Θεοῦ
797 2610 827 2636 τὸ
851 2609 970 2644 φωτίζον

184 2662 231 2687 τὴν
244 2661 355 2695 κόσμον.
369 2660 443 2687 Des.:
456 2659 536 2693 Παρά
553 2658 583 2685 τὸ
599 2657 645 2692 ὑφ’
662 2657 789 2684 ἁπάντων
807 2656 853 2682 καὶ
870 2664 972 2691 κηρυτ-

185 2705 310 2742 τόμενον,
318 2706 365 2732 καὶ
373 2714 398 2732 τι
402 2705 444 2740 μώ
448 2713 537 2740 μενον.

223 2751 294 2779 XVI.
305 2759 368 2787 pag.
379 2751 433 2779 215
450 2751 477 2778 b.
495 2750 613 2778 Secundi
630 2749 765 2778 sermonis
788 2748 876 2783 capita
897 2751 970 2780 octo,

187 2805 306 2834 quorum
336 2798 474 2834 primum:
502 2797 532 2825 Et
554 2797 595 2824 δεῖ
623 2795 834 2831 ἐπισκέψασθαι,
857 2793 916 2821 τίνα
942 2803 957 2821 τ

1018 2200 1065 2226 τοῦ
1096 2200 1223 2234 Σωτῆρος
1251 2198 1424 2233 ἀνθρωπίνου
1448 2197 1480 2224 τὸ
1507 2198 1536 2224 ὲν
1568 2196 1702 2232 Θαῦωρίῳ
1732 2197 1803 2230 ὑπὲρ

1017 2246 1145 2281 αἴσθησιν
1155 2245 1185 2278 ἐξ
1200 2245 1282 2272 αὑτοῦ
1297 2244 1408 2279 λάμψαν
1422 2243 1559 2271 δείκνυται
1575 2243 1642 2278 φῶς.
1656 2243 1716 2270 Des.
1732 2251 1740 2271 :
1754 2243 1803 2269 Δια

1018 2293 1046 2319 δὲ
1060 2292 1110 2327 τὴν
1126 2291 1263 2326 ἁμαρτίαν
1276 2290 1396 2317 ὀλέσθαι.

1054 2336 1126 2364 XXI.
1139 2341 1202 2371 pag.
1222 2335 1286 2363 258.
1304 2334 1419 2369 Septimi
1434 2333 1523 2368 capita
1535 2337 1599 2360 sunt
1610 2339 1719 2365 novem,
1732 2339 1804 2367 quo-

1020 2390 1081 2411 rum
1095 2382 1214 2418 primum
1230 2389 1237 2408 :
1254 2381 1285 2408 EI
1298 2380 1407 2416 εῐρηταί
1418 2387 1471 2406 τινι
1486 2378 1540 2405 τῶν
1556 2378 1689 2413 θεολόγων
1711 2378 1805 2412 θαῦμα

1019 2426 1090 2455 εἷναι
1104 2429 1134 2454 τὸ
1147 2427 1219 2454 θεῖον
1233 2427 1330 2462 χρῆμα
1344 2426 1394 2460 τῆς
1408 2424 1657 2460 μεταμορφώσεως.
1671 2423 1740 2450 lnc.:
1757 2424 1804 2454 Ὧς

1021 2472 1123 2508 μὲίξοῦν
1135 2472 1288 2499 τελεώτατα
1298 2472 1431 2506 Παλαμᾶς
1445 2464 1643 2497 ὲίιτετόπισται.
1654 2469 1783 2497 Ultimum
1796 2479 1803 2497 :

1020 2520 1052 2547 Ei
1067 2519 1105 2555 μὴ
1120 2518 1164 2545 διὰ
1193 2518 1295 2545 τούτων
1317 2526 1347 2544 τε
1364 2517 1414 2544 καὶ
1436 2517 1486 2552 τῆς
1512 2516 1566 2542 τῶν
1594 2514 1805 2551 προειρημένων

1021 2563 1285 2599 ἀνακεφαλαιώσεως
1318 2563 1358 2594 είς
1394 2563 1484 2589 πᾶσαν
1513 2561 1610 2588 ἐλάσαι
1644 2561 1805 2588 δυσσέϐειαν

1021 2610 1177 2645 εὑρίσκεται
1190 2609 1331 2644 Παλαμᾶς.
1348 2608 1410 2636 Des.
1425 2607 1523 2635 ε’Λλλὰ
1541 2607 1620 2634 ταῦτ’
1639 2607 1693 2633 εἰσὶ
1707 2606 1742 2633 τὰ
1753 2607 1806 2642 τῆς

1021 2655 1099 2690 ὑμῶν
1111 2655 1207 2690 σοφίας
1225 2654 1353 2689 γλαφυρὰ
1367 2653 1578 2688 ἀναπλάσματα.

1057 2700 1141 2728 XXII.
1158 2708 1220 2735 pag.
1241 2699 1305 2727 266.
1326 2698 1429 2726 Octavo
1452 2705 1579 2726 sermone
1606 2697 1694 2732 capita
1717 2697 1807 2724 conti-

1023 2751 1122 2775 nentur
1134 2744 1354 2781 quatuordeeim,
1365 2751 1483 2779 quorum
1496 2743 1625 2778 primum:
1638 2743 1668 2769 Et
1679 2742 1716 2778 μὴ
1724 2742 1804 2768 ἄκτι-

1025 2801 1087 2821 στον
1099 2791 1146 2821 καὶ
1163 2792 1195 2820 ὲκ
1207 2791 1309 2819 τούτων
1325 2790 1499 2827 τερατεύεται
1514 2789 1647 2824 Παλαμᾶς
1658 2789 1687 2816 τὺ
1701 2788 1805 2824 ἀνθρὼ-
