1949 3093
148 139 202 171 725

676 143 718 174 IN
737 144 1033 175 EXALTATIONEM
1054 146 1082 176 S.
1102 147 1248 177 CilUCiS.

1706 150 1760 182 7‘26

147 196 255 231 ὄληται.
273 197 322 224 Διὰ
348 197 396 224 τοῦ
425 197 534 233 δένδρου
561 199 666 226 ἐκείνου
693 201 898 235 κατηγωνίσατο
916 201 930 226 ὁ

986 209 1030 235 per
1044 209 1153 229 crucem
1181 202 1320 237 superavit
1350 202 1474 230 Christus
1504 204 1619 232 hostem.
1644 204 1761 240 Lignum

147 243 244 278 ἐχθρὸς
264 242 309 269 τὸν
325 243 421 278 Ἀδὰμ,
437 243 481 271 διὰ
494 244 542 271 τοῦ
556 244 673 280 σταυροῦ
689 245 873 272 κατεπάλαισε
885 246 930 271 τὸν

148 288 245 323 ἐχθρὸν
259 289 272 315 ὁ
289 289 416 324 Χριστός.
437 290 542 318 Ἐκεῖνο
559 290 608 325 μὲν
633 291 663 317 τὸ
679 291 756 324 ξύλον
770 292 817 318 τοῦ
839 300 931 326 παρα-

147 335 235 361 δείσου
254 335 371 362 θανάτου
387 335 516 370 πρόξενον
530 337 638 370 γέγονε,
652 337 698 364 καὶ
710 338 750 369 εἰς
763 337 829 373 ᾅδην
844 338 930 372 παρέ-

150 381 241 416 πεμψε
254 389 261 397 ·
282 382 312 408 τὸ
326 382 403 414 ξύλον
418 383 445 409 δὲ
466 383 513 409 τοῦ
527 384 643 418 σταυροῦ
659 385 705 411 καὶ
722 385 785 417 τοὺς
798 385 931 412 ἀπελθόν-

148 436 198 459 τας
213 428 252 459 εἰς
268 427 335 463 ᾅδην
345 428 540 456 ἀνεκαλέσατο.
555 429 591 456 Τὸ
608 429 685 462 ξύλον
702 430 750 457 τοῦ
767 431 930 465 παραδείσου

149 473 322 508 αίχμὰλωτον
337 475 383 501 καὶ
399 476 501 509 γυμνὴν
517 476 628 511 ἐποίησε
643 476 793 511 τὸνἏδὰμ,
810 476 856 503 καὶ
866 485 931 512 κρυ-

151 520 229 553 ϐῆναι
244 521 325 547 αὑτὸν
339 523 531 556 παρεσκεύασε
545 531 552 538 ·
568 523 598 549 τὸ
618 523 698 555 ξύλον
713 523 740 549 δὲ
753 523 800 549 τοῦ
814 523 931 558 σταυροῦ

152 565 195 591 τὸν
218 567 332 600 νικητὴν
357 568 475 602 Χριστὸν
503 568 546 602 ἐφ’
561 568 663 602 ὑψηλοῦ
680 569 763 595 πᾶσιν
784 569 929 596 ἐδείκνυεν.

157 610 279 645 Ἀπάσης
295 612 348 646 γὰρ
361 612 411 646 τῆς
427 613 589 646 οἰκουμένης
600 612 719 647 ὁρώσης,
731 613 858 647 καθάπερ
870 622 933 647 γεν-

151 656 224 686 ναῖος
241 655 369 690 ἀθλητὴς,
391 657 442 688 τὰς
455 658 648 692 ἀντικειμένας
664 657 792 693 δυνάμεις
815 658 932 685 κατεϐα-

151 700 196 726 λεν
212 701 227 726 ὁ
242 701 360 736 Χριστὸς
382 702 429 729 ἐπὶ
448 703 493 729 τοῦ
519 703 596 735 ξύλου
614 703 776 738 ἀνυψωθείς.
795 704 825 731 '0
839 704 867 730 δὲ
882 704 931 731 θά-

151 754 231 776 νατος
246 746 292 773 τοῦ
314 747 400 782 Ἀδὰμ
418 748 466 774 καὶ
490 749 552 780 τοὺς
571 748 640 782 μετὰ
659 749 746 775 ταῦτα
770 749 931 784 ἀνθρώπους

151 791 323 821 κατεδίκασε,
350 792 396 818 καὶ
418 792 584 824 ἐθανάτωσε.
603 796 651 820 καὶ
668 793 845 828 κατέκρινεν·
866 796 879 821 ὁ
902 795 931 821 δὲ

152 837 264 868 θάνατος
287 837 333 864 τοῦ
349 838 466 872 Χριστοῦ
486 839 533 866 καὶ
548 839 609 871 τοὺς
632 840 684 874 πρὸ
698 839 782 867 αὑτοῦ
799 841 930 872 πεσόντας

151 883 199 908 καὶ
211 883 415 915 θανατωθέντας
436 883 578 918 ἀνέστησε,
593 885 640 912 καὶ
655 884 764 916 ὲζώωσε
774 905 782 917 ,
800 886 846 912 καὶ
862 887 930 913 πᾶσι

151 927 206 957 τοῖς
221 926 375 961 ἀνθρώποις
391 927 527 962 σωτηρίας
544 928 602 955 ὁδὸν
619 921 778 963 ὲχαρίσατοξ

188 971 304 1004 Χριστὸς
317 971 391 1005 ἡμᾶς
406 971 573 1006 ἐξηγόρασεν
585 974 617 1000 ὲκ
628 975 679 1008 τῆς
696 974 816 1008 κατάρας
831 974 878 1001 τοῦ
890 975 932 1001 v6-

154 1025 215 1049 μου,
233 1018 377 1051 γενόμενος
402 1018 472 1053 ὑπὲρ
499 1018 578 1053 ἡμῶν
604 1019 721 1055 κατάρα.
749 1022 932 1057 Προσέχωμεν

153 1063 269 1095 ἑαυτοῖς,
290 1064 438 1097 ἀγαπητοὶ,
459 1063 496 1099 μὴ
519 1064 597 1091 πάλιν
623 1065 676 1092 ὑπὸ
699 1067 821 1101 κατάραν
846 1068 932 1102 γενώ-

155 1108 235 1140 μεθα,
250 1108 297 1134 τοῦ
313 1108 385 1135 θείου
401 1109 485 1143 φόϐου
516 1112 564 1138 καὶ
589 1111 643 1137 τῶν
660 1113 801 1147 σωτηρίων
821 1113 933 1140 ἐντολῶν

152 1152 199 1178 τοῦ
215 1153 334 1188 Χριστοῦ
348 1155 535 1190 ἀμελήσαντες
550 1156 690 1183 .“Ελουσεν
705 1158 777 1191 ἡμᾶς
790 1159 803 1184 ὁ
817 1158 933 1192 Χριστὸς

153 1199 182 1224 ἐν
195 1199 232 1233 τῷ
248 1199 415 1234 βαπτίσματι
433 1199 480 1227 διὰ
493 1202 621 1234 λουτροῦ
641 1203 874 1238 παλιγγενεσίας
887 1205 933 1230 καὶ

154 1246 350 1275 ἀνακαινίσεως
365 1246 521 1280 Πνεύματος
534 1247 612 1280 ἁγίου
623 1255 630 1263 ⁸
648 1249 686 1284 μὴ
701 1249 782 1276 πάλιν
803 1250 934 1285 ὑποστρέ-

152 1288 248 1322 ψωμεν
267 1289 316 1316 ἐπὶ
341 1291 394 1316 τὸν
411 1290 488 1317 Ζὸιυν
506 1291 621 1325 ἔμετον.
641 1292 822 1328 Συμμόρφους
845 1295 934 1330 ἑαυτῷ

153 1333 201 1360 καὶ
216 1334 374 1369 συσσώμου;
390 1336 515 1370 ἐποίησεν
529 1338 542 1363 ὁ
552 1338 666 1372 Χριστός
679 1346 686 1354 ”
701 1337 738 1372 μὴ
751 1339 840 1366 τοίνυν
852 1340 935 1367 nou?)-

156 1388 205 1414 μεν
235 1381 267 1406 τὰ
291 1381 358 1414 μέλη
374 1380 422 1407 τοῦ
444 1381 561 1415 Χριστοῦ
577 1383 644 1416 μέλη
669 1383 781 1418 πόρνης,
799 1384 830 1410 τδ
855 1385 936 1420 σῶμα

155 1426 397 1459 καταμολύνοντες,
414 1427 460 1453 καὶ
479 1429 527 1462 τὴν
554 1428 695 1462 βασιλικὴν
717 1431 807 1457 εἰκόνα
821 1432 936 1463 κατα.ζο-

155 1471 277 1503 φοῡντες.
297 1471 425 1506 Ἠγίασεν
444 1474 517 1507 ἡμᾶς
543 1474 558 1499 ὀ
581 1474 708 1509 Χριστὸς,
734 1477 782 1503 καὶ
799 1477 934 1511 ἐκάθηρεν

982 246 1047 273 illud
1064 252 1178 274 mortem
1195 248 1349 282 progenuit,
1360 252 1387 275 et
1401 249 1434 275 ad
1447 249 1549 277 inferos
1561 251 1760 285 praecipitavit:

981 297 1008 319 at
1024 293 1125 328 lignum
1153 295 1242 321 crucis
1268 301 1315 321 eos
1337 294 1430 327 etiam,
1456 295 1502 328 qui
1525 295 1579 330 jam
1607 295 1648 329 ad,
1668 303 1762 322 manes

981 338 1189 369 descenderant,
1211 339 1359 366 revocavit.
1382 339 1495 374 Lignum
1520 340 1638 374 paradisi
1662 341 1688 367 in
1704 348 1763 367 ser-

981 384 1094 424 vitutem
1121 384 1245 417 abduxit,
1273 385 1481 420 nuditatemque
1511 385 1616 413 Adamo
1642 385 1761 417 induxit,

981 435 1008 457 ct
1025 435 1054 458 ut
1081 438 1142 461 sese
1166 431 1314 465 occuleret,
1342 431 1443 460 eﬂ‘ceit.
1481 432 1514 459 At
1543 432 1645 467 lignum
1673 432 1762 458 crucis

980 475 1116 503 Christum
1137 476 1163 502 in
1190 477 1296 503 excelso
1317 477 1398 504 silum
1423 477 1550 504 omnibus
1582 477 1760 511 spectandum

981 521 1115 549 exhibuit.
1141 522 1208 548 Nam
1235 526 1292 548 toto
1324 526 1457 548 terrarum
1485 522 1551 549 orbe
1582 523 1762 556 inspectante,

983 572 1110 601 tanquam
1137 574 1286 601 generosus
1318 567 1429 602 quidam
1457 568 1569 596 athleta.
1594 567 1763 594 adversarios

980 613 1098 640 virtutes
1117 612 1254 646 Christus,
1269 613 1396 640 sublimis
1409 620 1442 639 ex
1459 613 1532 645 ligno
1549 612 1681 647 pendens,
1698 620 1763 638 con-

982 659 1058 686 trivit
1080 663 1109 686 et
1132 658 1249 693 disjecit.
1272 659 1344 685 Mors
1376 659 1471 685 Adami
1502 663 1624 693 posteros
1653 666 1763 692 quoque

981 704 1132 736 damnavit,
1147 705 1297 739 mortisque
1315 705 1470 732 necessitati
1489 705 1619 739 subjecit;
1637 708 1664 730 at
1689 711 1763 730 mors

980 750 1082 778 Christi
1120 751 1202 778 etiam
1226 755 1305 777 antea
1326 750 1418 784 lapsos
1439 754 1466 777 et
1494 755 1617 777 mortuos
1632 749 1762 780 restituit,

982 796 1090 830 vitaque
1105 796 1225 829 donavit,
1240 800 1268 823 et
1277 796 1404 824 omnibus
1416 796 1573 824 hominibus
1585 796 1682 823 salutis
1692 796 1763 823 viam

982 841 1122 876 patefecit.

1017 975 1142 1004 Christus
1166 984 1216 1005 nos
1232 977 1347 1004 redemit
1370 984 1384 1004 a
1410 976 1555 1004 maledicto
1579 975 1657 1010 legis,
1683 975 1765 1002 male.

983 1022 1085 1050 dictum
1104 1030 1153 1057 pro
1172 1022 1253 1050 nobis
1269 1021 1366 1049 factus.
1393 1021 1585 1052 Attendamus,
1599 1019 1763 1051 charissimi,

983 1076 1018 1095 ne
1045 1076 1141 1095 rursus
1171 1067 1354 1095 cxsecrationi
1385 1067 1575 1102 subjiciamur,
1608 1065 1702 1092 divino
1731 1065 1765 1090 ti-

985 1121 1059 1140 more
1081 1113 1300 1148 salutaribusque
1324 1113 1425 1140 Christi
1456 1111 1599 1147 praeceptis
1622 1110 1763 1144 neglectis.

984 1158 1062 1185 Lavit
1075 1166 1124 1185 uos
1138 1158 1264 1185 Christus
1287 1158 1312 1184 in
1332 1157 1496 1192 baptismate
1514 1165 1559 1192 per
1574 1155 1709 1182 lauacrum
1725 1163 1765 1181 re-

983 1203 1176 1238 generationis’
1198 1207 1227 1230 ct
1258 1202 1443 1229 renovatiouis
1466 1201 1585 1236 Spiritus
1606 1201 1705 1232 sancti,
1730 1208 1765 1228 ne

985 1254 1154 1278 revertamur
1173 1249 1207 1275 ad
1225 1249 1357 1283 proprium
1381 1248 1507 1274 vomitum
1521 1248 1553 1275 '°.
1576 1247 1704 1282 Ejusdem
1722 1254 1765 1274 se-

985 1304 1047 1323 cum
1065 1295 1253 1322 similitudinis
1266 1299 1293 1321 et
1317 1294 1441 1327 corporis
1464 1293 1590 1320 Christus
1613 1301 1662 1320 nos
1676 1293 1740 1320 fecit
1756 1301 1763 1319 ι

985 1350 1020 1370 ne
1043 1342 1126 1377 igitur
1145 1341 1274 1368 faciamus
1297 1339 1419 1366 membra
1435 1339 1536 1366 Christi
1566 1339 1689 1366 membra
1710 1339 1767 1366 dia-

985 1388 1059 1420 boli,
1078 1395 1193 1421 corpore
1208 1385 1405 1417 contaminato.
1426 1390 1454 1412 et
1475 1385 1557 1420 regali
1577 1385 1694 1420 imagine
1715 1385 1764 1411 ob-

985 1425 1102 1459 scurata.
1121 1430 1306 1458 Sanctiﬁcavit
1329 1437 1378 1457 nos
1392 1430 1529 1461 Christus.
1554 1434 1582 1457 et
1607 1430 1768 1457 emendavit

985 1486 1000 1505 a
1016 1478 1136 1513 peccatis
1156 1477 1257 1504 nostris
1271 1484 1321 1511 per
1336 1476 1487 1510 pretiosum
1510 1480 1538 1502 et
1561 1476 1764 1503 immaculatum

156 1518 210 1544 ἀπὸ
225 1518 279 1544 τῶν
299 1517 440 1553 ἁμαρτιῶν
456 1519 536 1553 ἡμῶν
549 1519 592 1546 διὰ
602 1520 650 1546 τοῦ
663 1521 754 1555 τιμίου
772 1522 818 1547 καὶ
832 1522 933 1556 ἀχράνο

986 1524 1144 1558 sanguinem
1167 1530 1259 1554 suum,
1282 1527 1311 1549 ut
1325 1522 1398 1548 omni
1426 1521 1529 1548 macula
1553 1526 1580 1548 et
1596 1529 1661 1555 ruga
1675 1528 1759 1548 carea-

155 1573 202 1590 του
216 1565 328 1598 αἳματος
340 1564 433 1597 αὑτοῦ,
447 1564 516 1592 ὥστε
538 1565 575 1599 μὴ
589 1565 661 1600 ἔχειν
674 1567 768 1593 σπῖλόν
782 1575 843 1594 τινα
857 1567 873 1602 ἢ
887 1568 934 1601 ρυ-

155 1610 226 1642 τίόα,
247 1611 313 1645 μηδέ
334 1619 359 1637 τι
375 1612 429 1638 τῶν
453 1611 589 1646 ἀμορφίαν
608 1613 656 1638 καὶ
670 1612 818 1648 εἰδὲχθειαν
839 1614 936 1646 ἐμποι-

156 1656 257 1682 ούντων
269 1664 276 1672 ·
297 1657 333 1692 μὴ
348 1657 428 1683 πάλιν
447 1657 679 1692 σὺτομολήσωμεν
702 1658 768 1693 πρὸς
786 1658 835 1692 τὴν
848 1658 936 1692 ἁμαρ-

155 1702 226 1734 τίαν,
255 1702 321 1736 μηδὲ
336 1702 524 1737 ἀγαπήσωμεν
544 1704 592 1738 τὴν
615 1703 745 1729 δυσωδίαν
759 1703 814 1730 τῶν
830 1703 934 1734 παθῶν,

156 1748 203 1773 καὶ
219 1747 267 1782 τὴν
283 1747 407 1773 ἐντεῦθεν
417 1747 586 1782 ἀκαθαρσίαν
599 1748 646 1774 τοῦ
658 1748 690 1784 ρύ
697 1757 744 1774 που
754 1748 808 1774 τῶν
823 1748 934 1783 ἡδονῶν.

158 1794 295 1828 Ἔπλησεν
322 1795 392 1828 ἡμᾶς
408 1795 422 1819 ὁ
438 1795 553 1829 Χριστὸς
569 1795 656 1828 φωτὸς
676 1795 870 1829 λαμπροτάτου
889 1796 935 1821 καὶ

157 1840 289 1876 καθαροῦ·
307 1841 344 1875 μὴ
360 1840 441 1868 πάλιν
457 1840 487 1867 τὸ
501 1840 615 1874 ζοφερὸν
633 1841 682 1874 τῆς
698 1840 834 1875 ἁμαρτίας
861 1841 937 1866 ἐκλε-

157 1886 265 1920 ξώμεθα
293 1887 397 1918 σκότος.
416 1886 559 1921 Ἐποίησεν
571 1887 644 1921 ἡμᾶς
667 1887 681 1912 ὸ
699 1886 764 1918 Θεὸς
787 1887 935 1921 συσκήνονς

156 1935 211 1965 τοῖς
224 1934 312 1968 ἁγίοις
328 1933 464 1967 ἀγγέλοις,
479 1934 527 1960 καὶ
548 1933 783 1967 συγκληρονὸμους
800 1933 853 1958 τῶν
869 1933 935 1959 αἰω-

156 1979 219 2004 νίων
235 1978 316 2004 αὑτοῦ
338 1978 446 2011 ἀγαθῶν
459 1977 559 2012 ἠξίωσε
574 1977 791 2011 γενέσθαιήμᾶς·
807 1977 844 2012 μὴ
856 1978 936 2004 πάλιν

156 2023 359 2057 αἱρετισώμεθα
372 2024 420 2056 τὴν
438 2023 561 2057 ἀτιμίαν,
579 2023 625 2048 καὶ
635 2024 684 2056 τὴν
697 2022 810 2057 φθορὰν,
825 2023 871 2048 καὶ
886 2022 936 2056 τὴν

157 2068 315 2102 καταδίκην,
343 2067 410 2094 ἀλλὰ
434 2067 493 2103 τὴν·
508 2067 663 2101 ἐλευθερίαν
727 2068 843 2102 Χριστὸς
863 2068 936 2102 ἡμᾶς

157 2114 274 2146 ἐδόξασε,
286 2113 521 2146 διαφυλάττωμεν,
530 2112 575 2138 καὶ
592 2112 665 2147 πάσῃ
679 2111 779 2145 σπουδῇ
794 2112 840 2138 καὶ
850 2120 935 2146 προσ-

156 2160 206 2192 οχῇ
231 2157 407 2192 χρησώμεθα,
438 2157 547 2190 ἀδελφοί
575 2165 635 2191 μου,
659 2156 701 2182 ἵνα
718 2153 757 2187 οἷς
780 2156 936 2190 ἐκλήθημεν

985 1577 1056 1599 mus.
1072 1573 1100 1596 et
1124 1568 1198 1595 onml
1219 1569 1275 1599 illo,
1302 1567 1373 1601 quod
1395 1566 1594 1593 deformitatem
1617 1566 1765 1600 fonuazquz

986 1614 1182 1648 turpitudinem
1199 1612 1296 1642 aii‘ert:
1324 1620 1357 1639 ne
1384 1612 1474 1638 denuo
1499 1611 1532 1638 ad
1562 1611 1662 1646 ﬂagitia
1693 1612 1765 1638 ultro

986 1660 1156 1690 accedamus,
1178 1665 1266 1692 neque
1289 1657 1434 1692 diligamus
1463 1656 1576 1683 fetorem
1599 1656 1765 1683 immodera-

988 1710 1075 1732 larum
1099 1703 1291 1738 cupiditatum,
1314 1703 1426 1737 ejusque
1450 1701 1625 1735 impuritatis,
1652 1709 1712 1734 qua:
1731 1709 1765 1728 cx

986 1751 1153 1784 voluptatum
1168 1755 1246 1775 cinno
1275 1747 1392 1774 exsistit.
1422 1747 1547 1781 Replevit
1565 1754 1613 1773 nos
1639 1746 1766 1773 Christus

986 1795 1046 1823 luce
1063 1793 1280 1828 splendidissima
1298 1798 1325 1819 et
1343 1791 1509 1827 purissima;
1527 1797 1561 1817 ue
1587 1791 1670 1826 igitur
1689 1795 1765 1816 tene—

987 1841 1094 1868 brosam
1110 1839 1184 1866 illam
1209 1837 1390 1872 improbitatis
1405 1836 1546 1870 caliginem
1569 1835 1725 1863 subeamus.
1736 1835 1765 1862 lu

986 1887 1142 1920 angelorum
1176 1883 1388 1911 contubernium
1413 1882 1510 1909 ascivit
1543 1889 1592 1908 nos
1625 1881 1766 1913 Dominus,

986 1931 1162 1964 limredcsque
1189 1933 1353 1956 aeternorum
1383 1928 1517 1955 bonorqu
1548 1926 1705 1959 constituit;
1733 1934 1767 1953 ne

987 1977 1070 2012 igitur
1089 1975 1205 2010 amplius
1229 1975 1256 2001 in
1276 1973 1463 2008 ignominiam,
1478 1978 1506 2000 et
1526 1971 1678 2003 interitum,
1695 1976 1722 1998 et
1739 1972 1765 1998 in

986 2021 1188 2048 damnationem
1204 2027 1253 2046 nos
1267 2018 1456 2053 conjiriamus,
1470 2018 1516 2044 sed
1532 2017 1697 2050 libertatem,
1712 2024 1765 2051 qua

986 2067 1112 2094 Christus
1128 2074 1179 2093 nos
1207 2065 1309 2092 clarere
1326 2064 1422 2095 voluit,
1450 2063 1648 2093 custodiamus,
1678 2062 1767 2089 omni—

987 2121 1040 2148 que
1054 2111 1194 2146 diligentia
1211 2115 1238 2137 et
1252 2109 1403 2137 attentione
1419 2109 1566 2139 enitamur,
1585 2108 1683 2134 fratres
1701 2107 1766 2139 mei,

987 2158 1057 2185 utin
1075 2157 1129 2188 his.
1152 2156 1179 2183 in
1201 2155 1301 2190 quibus
1323 2155 1412 2181 vocali
1439 2157 1466 2180 et
1490 2152 1630 2188 iustificati
1662 2160 1765 2182 sumus.

157 2205 204 2230 καὶ
217 2203 428 2237 ὲδικαιὼθημεν,
444 2202 589 2236 μείνωμεν.
602 2202 662 2228 Κᾶν
676 2202 729 2235 γὰρ
746 2201 782 2236 μὴ
799 2202 933 2236 μείνωμεν

989 2207 1155 2228 maneamus.
1171 2199 1237 2225 Nam
1263 2198 1285 2224 si
1310 2198 1386 2224 firmo
1409 2197 1477 2231 pede
1499 2205 1551 2224 non
1576 2197 1765 2228 consistamus,

156 2250 252 2281 οὕτως,
271 2249 328 2275 ἀλλ’
343 2249 382 2279 εἰς
397 2249 430 2274 τὰ
455 2248 542 2274 ὀπίσω
565 2248 790 2281 ὑποστρέψωμεν,
808 2246 936 2273 κολάσεσι

158 2297 203 2322 καὶ
218 2295 361 2330 τιμωρίαις
379 2293 633 2328 ὑπιῆληθησόμεθα,
647 2294 710 2318 ὅταν
727 2293 789 2327 ἔλθῃ
805 2293 818 2318 ό
836 2291 936 2326 Κύριος

157 2343 202 2369 τοῦ
221 2343 311 2376 κρῖναι
328 2341 418 2367 πᾶταν
433 2342 482 2373 τὴν
495 2340 557 2374 γῆν.
575 2339 643 2365 1Αλλ¹
657 2339 700 2365 ενα
717 2339 754 2373 μὴ
765 2338 843 2364 τοῦτο
858 2339 936 2372 γένη-

157 2397 212 2418 ται,
227 2387 315 2418 καλῶς
338 2384 570 2419 πολιτευσὼμεθα,
585 2385 630 2410 καὶ
641 2384 678 2414 ὡς
691 2384 804 2417 ἀρεστὸν
822 2383 859 2417 τῷ
876 2382 936 2417 Θεῷ

158 2433 235 2468 ἡμῶν
247 2433 421 2468 καθαρότητα
433 2431 628 2465 ἀσπαζόμενοι,
644 2430 749 2464 δὰκρυα
763 2429 934 2464 προχέοντες,

158 2480 302 2512 κατάνυξιν
317 2479 498 2513 πηγάζοντες,
525 2477 554 2503 τὸ
570 2477 648 2510 σῶμα
670 2476 875 2506 ὑποτάσσοντες,
888 2474 935 2500 καὶ

157 2527 194 2557 ὡς
218 2526 308 2552 δοῦλον
323 2526 445 2558 ἄγοντες,
473 2524 521 2558 τὴν
542 2523 631 2557 ψυχὴν
658 2524 712 2553 τοῖς
738 2522 935 2555 πνευματικοῖς

157 2573 245 2604 λύγοις
267 2571 314 2597 καὶ
329 2572 419 2605 ἔργοις
437 2568 632 2602 ζωογονοῦντες
661 2569 708 2594 καὶ
733 2567 935 2601 δια-τρέφοντες,

157 2619 191 2642 ti
202 2616 268 2650 ἔργα
283 2615 329 2642 τοῦ
347 2615 413 2641 Θεοῦ
429 2614 595 2650 ὰῤῥᾳθύμως
612 2612 808 2643 ἐπιτελοῦντες,
823 2612 868 2637 καὶ
885 2619 937 2646 μη-

157 2663 237 2693 δόιως
250 2661 490 2692 ἀπονυστάςοντες.

197 2748 276 2780 ζ¹.,Εἱ
290 2748 318 2774 δὲ
343 2749 389 2774 καὶ
406 2747 603 2782 ρᾳθυμήπομεν
630 2747 676 2772 καὶ
691 2745 876 2779 ἀμελήσομεν,
898 2743 938 2769 ὅτι

194 2837 204 2851 ⁸
225 2835 323 2870 Ephes.
359 2844 384 2867 ν,
419 2835 462 2862 Ξῦ,
503 2835 523 2850 ¹⁰
545 2834 564 2861 ll
586 2835 657 2862 I‘ctr.
692 2841 719 2864 ιι,
744 2833 787 2860 '2'2.

988 2245 1034 2273 sed
1049 2249 1200 2272 retrorsum
1220 2246 1405 2277 respectcmus
1426 2247 1454 2269 et
1475 2242 1639 2274 resiliamus,
1662 2242 1768 2268 crucia-

987 2291 1061 2317 tibus
1084 2293 1111 2317 et
1133 2288 1273 2323 suppliciis
1302 2287 1488 2321 subjiciemur.
1519 2287 1629 2321 quando
1660 2287 1767 2314 venerit

987 2334 1130 2366 Dominus,
1149 2334 1312 2360 universum
1324 2332 1418 2359 orbem
1435 2336 1567 2359 terrarum
1583 2331 1764 2366 iudicaturus.

987 2381 1088 2407 Verum
1101 2386 1135 2406 ne
1155 2379 1207 2406 hoc
1222 2377 1339 2410 eveniat,
1356 2382 1429 2404 recte
1449 2377 1531 2403 vitam
1546 2381 1665 2403 nostram
1686 2377 1765 2403 insti-

987 2431 1106 2456 tuamus,
1126 2429 1195 2452 etut
1211 2423 1265 2450 Deo
1279 2428 1386 2458 gratum
1408 2426 1606 2456 acceptumque
1621 2426 1673 2454 est,
1689 2423 1765 2456 puri-

987 2475 1069 2498 tatem
1086 2468 1291 2503 amplectamur.
1309 2467 1442 2499 lacrymas
1457 2467 1612 2498 fundamus,
1625 2467 1766 2494 contritio-

987 2523 1049 2542 nem
1067 2519 1095 2542 ct
1113 2513 1298 2548 paenitentiam
1318 2512 1395 2547 quasi
1415 2512 1558 2543 stillcmus,
1571 2519 1669 2546 corpus
1683 2512 1767 2546 subji-

988 2561 1091 2589 ciamus
1105 2566 1132 2588 et
1148 2559 1219 2587 servi
1243 2559 1327 2585 instar
1359 2562 1517 2589 tractemus,
1538 2558 1656 2584 animam
1685 2557 1766 2590 spiri-

988 2606 1109 2633 tualibus
1131 2603 1303 2632 documentis
1326 2608 1353 2630 et
1379 2603 1457 2630 factis
1482 2602 1570 2628 vivam
1596 2607 1624 2628 et
1644 2606 1765 2635 vegetam

988 2652 1136 2679 etliciamus
1151 2656 1178 2677 et
1193 2651 1307 2682 alamus,
1327 2657 1409 2684 opera
1429 2649 1475 2675 Dei
1501 2648 1616 2682 impigre
1634 2655 1766 2681 exsequa.

991 2705 1061 2729 mur,
1078 2705 1165 2731 neque
1181 2703 1299 2728 unquam
1314 2695 1496 2723 somniculose
1510 2702 1631 2729 agamus.
1694 2724 1700 2729 Γ

1026 2744 1051 2769 7.
1063 2742 1139 2775 Quod
1150 2743 1171 2770 si
1183 2742 1343 2777 pigritemur
1355 2747 1382 2769 et
1395 2742 1422 2770 in
1440 2740 1592 2768 socordiam
1605 2740 1766 2770 incidamus.
