1949 3093
159 108 211 141 ’741

717 110 766 140 DE
788 109 982 140 MANDATIS
1004 110 1036 141 D.
1059 109 1094 138 N.
1114 109 1144 138 Ι.
1167 108 1198 138 C.

1728 108 1781 139 742

165 167 327 201 εστήκασιν.
358 167 391 194 '0
406 167 433 193 δὲ
456 167 576 199 τοιοῦτος
593 167 638 194 καὶ
653 168 700 199 τὰς
715 168 812 199 λοιπὰς
836 168 879 194 διὰ
896 167 948 194 τῶν

1005 168 1059 202 pria
1078 167 1179 202 quippe
1207 167 1332 202 puritatis
1354 171 1396 194 est
1422 167 1572 199 humilitas,
1587 167 1665 203 cujus
1684 167 1782 195 chara-

161 212 208 238 δύο
224 213 328 238 τούτων
352 213 457 248 ἀρετῶν
473 214 652 248 εὑρεθήσεται
672 213 815 246 φυλάττων
828 222 834 230 ·
853 215 866 239 ὁ
895 214 948 247 γὰρ

161 258 288 289 ταπεινὸς
311 259 372 284 οὔτε
397 259 458 293 εἰκῆ
479 260 630 294 ὀργίζεται,
646 259 706 285 οὒτε
730 260 840 295 ἑτέραις
856 259 950 293 ὕϐρεσι

162 303 323 336 περιὸάλλει
339 304 386 330 τὸν
413 304 540 338 ἀδελφόν.
567 305 603 330 Τὸ
624 304 650 330 δὲ
666 304 872 338 καταλλαγῆναι
897 304 950 338 πρὸ

161 348 208 375 τοῦ
229 348 314 383 δώρου
342 350 401 375 κατ’
416 350 526 384 ἐντολῆς
551 350 670 384 ποίησιν,
693 350 737 376 ὅτε
756 350 802 376 καὶ
820 351 949 384 γένηται,

164 394 264 428 μᾶλλον
284 394 348 420 ῐδιον
362 395 409 420 τοῦ
425 395 568 427 ταπεινοῦ,
583 395 612 426 ὃς
626 395 720 422 δοῦλον
747 394 861 429 ἔσχατον
884 395 950 421 πάν-

163 446 218 464 των
230 438 311 464 αὐτὸν
323 439 440 472 ἡγεῖται,
457 439 504 465 καὶ
523 439 591 474 πρὸς
604 439 734 474 ἀλήθειαν
750 440 811 473 γῆν,
828 440 875 465 καὶ
886 447 951 465 σπο-

163 483 220 516 δῖν,
236 485 282 510 καὶ
298 483 445 519 κὲ.θαρ’μα·
460 485 488 516 ὃς
509 485 594 519 πρᾶός
606 485 635 511 τέ
653 487 710 511 ἐστι
725 485 772 511 καὶ
786 485 891 512 πενθῶν
905 485 951 511 κα).

165 529 266 555 πεινῶν
288 531 336 564 τὴν
351 530 533 565 δικαιοσύνην,
561 531 637 562 Θεὸν,
655 531 701 557 καὶ
721 532 840 565 ἀρετήν·
856 532 902 557 καὶ
919 531 951 566 δὴ

165 575 212 601 κλὶ
221 575 282 609 ἑλεή
288 584 345 609 μων
356 583 363 591 ·
376 575 402 601 εἴ
411 584 441 610 γε
452 576 569 610 χορηγός
579 576 637 602 ἐστι
646 576 738 609 πάσης.
746 576 876 610 ἐργασίας
885 576 952 610 ἀγα-

165 620 242 655 οῆςή
258 622 380 654 μακαρία
390 621 565 652 ταπείνωσις.
577 622 704 656 Καθαρὸς
714 621 741 647 δὲ
762 622 901 656 τῇκαρδῐᾳ
910 621 951 652 τίς

167 665 268 698 μᾶλλον
286 664 332 691 τοῦ
354 665 579 700 χθιμαλόφρονος
601 665 679 695 ἄλλος
698 666 789 692 πλεῖον
805 666 952 701 εὑρεθήσε-

165 717 211 735 ται
226 717 233 741 ;
255 710 311 742 εῐγε
325 709 359 736 δι’
378 709 606 744 ὑψηλοφροσύνην
629 711 675 735 καὶ
691 710 780 736 Σατὰν
795 711 952 745 ἀκάθαρτος

166 755 181 779 ὁ
200 755 355 786 ἀσώματος.
372 755 402 781 El
422 756 451 782 δὲ
476 756 523 782 καὶ
542 756 643 788 πάντες
672 756 807 786 ἐθέλοντες
833 756 952 788 εὐσεϐῶς

167 800 217 834 ζῇν
247 800 276 826 ὲν
294 801 404 835 Χριστῷ
425 800 512 836 Ἰησοῦ
529 801 735 835 διωχθήσονται,
764 800 802 831 ὥς
827 809 909 835 φησιν
933 801 950 834 ἡ

1001 218 1089 241 cteres
1114 219 1142 240 et
1168 214 1244 247 signa
1264 214 1335 240 ttnde
1362 213 1555 248 dignoscantur
1578 218 1642 241 sunt
1665 213 1782 240 Charitas

1002 259 1028 285 in
1048 259 1131 285 Deum
1162 258 1235 285 dulci
1262 259 1361 285 amictu
1385 259 1542 293 conjuncta,
1555 264 1582 286 ct
1596 258 1717 291 ejusdem
1735 258 1784 284 ali-

1003 304 1113 338 quando
1131 304 1237 330 fruendi
1265 305 1365 330 ardens
1390 304 1569 331 desiderium.
1599 304 1673 330 Talis
1701 311 1784 338 porro

1002 350 1047 385 qui
1077 350 1171 379 luerit.
1190 350 1257 377 alias
1283 357 1393 384 quoque
1422 350 1538 376 virtutes
1559 357 1591 375 ex
1620 350 1661 375 his
1680 342 1785 375 duabus

1001 400 1078 429 aptas
1095 395 1248 428 reperietur
1263 394 1413 421 custodire.
1427 394 1492 419 Nam
1511 393 1623 419 humilis
1639 394 1709 419 haud
1726 393 1784 419 sine

1001 447 1083 467 causa
1102 440 1238 471 irascitur,
1263 447 1350 474 neque
1379 440 1520 466 ulciscitur
1536 439 1562 466 in
1580 439 1690 465 fratrem
1717 439 1786 472 inju-

1002 486 1059 513 rias
1077 485 1110 512 ab
1125 493 1158 512 eo
1176 490 1313 520 acevptas,
1330 485 1442 519 paribus
1468 485 1660 519 repeudettdis.
1678 485 1785 511 Mandu-

1003 536 1059 558 tum
1085 531 1167 557 etiam
1191 530 1269 561 illud.
1299 530 1493 557 recnnciliandi
1514 530 1565 556 sibi
1586 530 1694 556 fratrem
1723 535 1786 556 ante

1001 575 1104 602 donum
1121 575 1302 606 offerendum,
1315 575 1376 609 quis
1402 575 1554 609 promptius
1571 579 1597 601 et
1622 575 1718 601 melius
1737 575 1786 600 hu-

1003 622 1059 648 mili
1093 622 1203 649 homine
1229 622 1363 656 implebit,
1392 622 1438 656 qui
1467 629 1496 648 se
1525 622 1649 648 ultimtun
1664 621 1784 647 omnium

1003 672 1121 702 repulal,
1148 675 1213 694 vere
1238 675 1385 702 persuasus
1400 675 1461 694 esse
1489 675 1518 695 se
1546 668 1695 702 pulverem,
1712 668 1787 694 cine-

1003 720 1071 744 rem,
1087 713 1398 747 purgamentum?ldcm
1423 717 1552 747 przeterea
1584 714 1657 739 milis
1686 717 1737 739 est.
1760 717 1787 738 ct

1003 758 1108 792 lugens.
1122 765 1148 785 ct
1169 759 1294 786 esuriens
1315 759 1462 793 justitiam,
1481 758 1563 785 Deum
1585 763 1613 785 et
1638 758 1785 789 \irtutem;

1004 804 1074 830 idem
1089 805 1254 834 misericors.
1267 805 1357 838 largus
1380 805 1508 838 prmi-iter
1524 804 1644 830 omnium
1660 811 1720 838 qua:
1737 803 1786 830 lut-

168 845 273 880 Γραφὴ,
286 845 328 876 τίς
343 845 397 880 ἄρα
413 846 460 872 τοῦ
475 846 546 872 κατὰ
560 847 678 880 Χριστὸν
697 845 825 873 ταπεινοῦ
840 846 950 872 εὐσεϐέ-

1005 849 1051 876 bet
1065 854 1112 876 aut
1131 854 1220 883 potest
1249 850 1417 876 ministrare.
1435 850 1504 883 Quid
1535 850 1607 877 enim
1631 850 1786 876 beneficen-

169 898 264 925 στερος
279 891 293 926 ἧ
308 891 500 925 δεδιωγμένος,
513 891 551 922 ὡς
559 891 611 926 ἔφη
627 893 641 917 ὁ
657 892 761 926 Σωτὴρ,
777 892 810 918 τὰ
825 891 952 926 ἐξαίρετα

167 936 215 962 τοῦ
236 936 322 970 Ἰησοῦ
339 937 395 971 βίου
407 937 436 963 ὲν
449 938 489 971 τῷ
505 937 612 971 σώματι
628 937 770 972 βαστάσει,
782 937 851 968 εἴγε
869 938 906 973 μὴ
918 938 942 964 δι

167 981 392 1017 ὑψηλοφροσύνην
406 983 586 1013 κατάστικτος
602 980 753 1017 ἁμαρτίαις
765 992 772 1014 ;

1005 895 1060 922 tius
1080 895 1158 922 beata
1189 895 1364 922 humilitate?
1387 896 1502 922 Mundus
1530 903 1596 922 vero
1623 895 1705 921 corde
1725 895 1787 927 quis

1005 948 1124 975 unquam
1165 939 1236 967 alius
1271 941 1363 968 verius
1401 941 1603 975 perfectiusque
1635 942 1786 974 I'l‘liCl'il‘lllI'

1002 993 1084 1020 quam
1110 986 1191 1013 homo
1207 985 1346 1014 humiliter
1371 987 1404 1014 de
1429 996 1457 1014 se
1474 987 1615 1014 sentiens?
1632 987 1697 1014 Nam
1714 987 1786 1013 unde

167 1029 251 1054 Satan
276 1035 376 1062 expers
411 1029 535 1063 corporis
564 1028 722 1056 immundus
750 1029 838 1057 factus
861 1034 918 1063 est,
936 1031 988 1059 nisi
1009 1039 1042 1059 ex
1056 1032 1206 1067 superbia?
1224 1033 1252 1060 Si
1279 1037 1369 1059 autem
1387 1040 1481 1060 omnes
1501 1033 1546 1068 qui
1569 1033 1612 1067 pie
1636 1033 1731 1059 volunt
1745 1032 1786 1058 vi—

168 1081 232 1100 vere
261 1074 288 1100 in
322 1074 433 1102 Christo
452 1075 515 1102 Jesu
541 1076 759 1109 persecutionem
788 1078 938 1111 patientur.
953 1082 983 1105 ut
1002 1079 1041 1105 ait
1067 1078 1210 1113 Scriptura
1234 1087 1241 1106 :
1269 1079 1393 1113 quisnam
1420 1087 1486 1106 vero
1511 1080 1536 1106 iu
1552 1079 1662 1106 Christo
1676 1078 1784 1109 humili,

168 1125 215 1147 aut
232 1121 344 1155 justior,
367 1125 415 1148 aut
452 1122 538 1155 magis
560 1122 779 1156 persecutionem
801 1123 972 1157 patiens?ut
992 1124 1116 1152 Salvator
1147 1125 1205 1158 ait;
1233 1129 1326 1159 utpote
1354 1133 1415 1152 cum
1436 1125 1459 1152 is
1480 1133 1539 1159 qum
1569 1129 1634 1152 sunt
1644 1124 1741 1152 eximia
1759 1125 1785 1150 in

167 1167 223 1193 vita
240 1167 304 1194 Jesu
333 1168 360 1194 in
375 1175 491 1202 corpore
511 1176 561 1195 suo
577 1168 777 1195 cin-umferat:
801 1170 847 1204 qui
880 1176 971 1198 autem
992 1179 1046 1198 non
1076 1175 1118 1199 est
1153 1172 1274 1202 humilis,
1300 1177 1412 1206 propter
1440 1172 1595 1206 superbiam
1625 1177 1697 1197 totus
1713 1180 1787 1197 com-

167 1218 287 1248 punt'tus
300 1213 473 1248 stigmalibus
488 1220 661 1249 peccatorum
681 1221 820 1249 appareat.

205 1261 245 1288 ιδ’.
255 1259 331 1291 Εἶδες
347 1262 464 1295 δύναμιν
477 1261 556 1288 θείων
563 1262 728 1295 εὐγγελικῶν
738 1263 878 1298 ῥημάτων,
888 1262 957 1295 εἶδες

169 1308 257 1343 ἀλκὴν
272 1309 321 1342 ὅση
341 1307 383 1339 τίς
411 1308 471 1334 ἐστι
495 1307 604 1343 νήψεώς
628 1317 659 1334 τε
685 1309 730 1335 xui.
746 1310 954 1343 ταπεινώσεωςς

168 1353 261 1383 Οὕτως
278 1354 332 1386 ἄρα
347 1353 469 1387 πέφυκεν
479 1355 496 1388 ὴ
514 1354 664 1388 πανάρετο;
679 1355 759 1389 στολὴ
775 1355 894 1389 Χριστοῦ
907 1357 955 1382 τοῦ

170 1398 236 1424 Υίοῦ
251 1399 330 1431 Θεοῦ,
348 1399 365 1433 ἡ
381 1399 516 1434 μακαρία,
533 1400 614 1433 λέγω,
626 1400 800 1432 ταπείνωσις,
815 1403 863 1428 καὶ
871 1403 954 1436 ἀγγε-

169 1445 231 1478 λικὴ
253 1444 408 1480 καθαρότης
425 1445 474 1479 τῆς
497 1445 617 1477 διανοίας
644 1446 810 1479 φυλακτικαὶ
835 1446 904 1473 εἷναί
923 1456 952 1473 τε

169 1491 216 1516 καὶ
231 1490 354 1524 γίνεσθαι
374 1492 403 1516 ὲν
415 1493 471 1522 τοῖς
489 1491 661 1526 βουλομένοις
681 1492 836 1526 φιλοπονεῖν
858 1494 953 1519 πασῶν

169 1536 224 1562 τῶν
237 1535 282 1562 τοῦ
299 1535 366 1562 Θεοῦ
390 1535 504 1562 ἐντολῶν
517 1544 525 1553 ·
545 1536 678 1571 ἄρχουσαι
691 1537 746 1572 γάρ
768 1537 837 1563 εἰσιν
854 1537 951 1572 ἀρχου-

170 1582 236 1613 σῶν,
256 1582 390 1616 βασιλίδες
403 1582 518 1608 ἐντολῶν
534 1582 550 1616 ἢ
567 1583 671 1618 ἀρετῶν
683 1591 690 1598 ·
717 1579 797 1609 αὗται
823 1584 878 1616 γὰρ
902 1592 952 1617 φυ-
965 1586 986 1614 C

170 1627 336 1662 λασσῦμεναι
354 1627 535 1661 περιεκτικῶς
555 1628 721 1661 φυλάττουσι
745 1627 806 1654 καθ’
828 1627 858 1654 ὃν
878 1628 953 1663 εἰρη-

170 1681 257 1707 καμεν
271 1673 370 1707 τρόπον
398 1673 448 1705 τὰς
465 1673 562 1705 λοιπὰς
587 1674 698 1704 ἐντολὰς
725 1674 774 1705 τὰς
799 1673 861 1706 ἑξῆς
877 1673 954 1708 παρὰ

170 1718 325 1749 Ματθαίου,
341 1718 440 1752 μᾶλλον
454 1719 484 1745 δὲ
499 1719 574 1754 παρά
593 1719 711 1754 Χριστοῦ
727 1716 892 1754 λεγομένας·
907 1719 955 1746 καὶ

170 1764 256 1795 οὕτως
274 1765 432 1799 εὑρίσκεται
447 1766 460 1791 ὀ
475 1765 612 1796 ταπεινὸς,
630 1765 644 1791 ὅ
656 1773 686 1792 τε
700 1765 819 1800 καθαρὸς
840 1767 873 1800 τῇ
888 1774 955 1801 καρ-

169 1811 213 1846 δία
228 1810 404 1845 ὲνταλμὰτων
425 1811 553 1837 ἁπάντων
569 1811 678 1846 ἄριστος
692 1812 778 1846 φύλαξ
794 1811 839 1838 τοῦ
857 1811 954 1838 ἑαυτοῦ

169 1858 307 1884 Δεσπότου
333 1866 362 1883 τε
376 1858 423 1883 καὶ
439 1857 506 1883 Θεοῦ
518 1865 526 1872 '
542 1854 572 1883 οὗ
584 1858 675 1883 ἕνεκεν
699 1857 746 1884 καὶ
769 1857 895 1883 xii-trtiost
914 1858 955 1887 εἰς

169 1903 216 1929 τὸν
237 1903 322 1929 αἰῶνα
337 1903 441 1934 τοῦτον,
470 1903 516 1929 καὶ
541 1903 653 1937 ζήσεται
678 1904 718 1934 εἰς
741 1903 882 1937 μέλλοντα,
908 1902 955 1929 καὶ

172 1949 407 1984 μακαρισθήσεται
421 1949 497 1983 παρὰ
522 1948 624 1983 Κυρίου
647 1949 676 1975 ὲν
693 1950 726 1984 τῇ
748 1950 893 1983 ἀπεραντῳ
909 1949 955 1975 καὶ

171 1994 273 2028 αἰωνίῳ
288 1994 343 2028 ζωῇ
362 1994 390 2019 ὲν
407 1994 517 2029 Χριστῷ
538 1994 627 2028 Ἰησοῦ
645 1994 685 2029 τῷ
699 1995 792 2030 Κυρίῳ
811 1995 900 2030 ἡμῶν.

211 2043 252 2067 ιε’.
268 2040 318 2072 Θὲς
333 2040 478 2075 τοιγαροῦν
494 2040 539 2065 τὸν
553 2040 616 2066 νοῦν
633 2049 679 2066 σου
699 2042 738 2071 εἰς
752 2041 785 2066 τὰ
801 2041 935 2074 λεγόμενα
946 2050 953 2057 ·

172 2085 369 2112 εἰσελθέτωσαν
384 2085 423 2116 εις
436 2085 484 2115 τὰς
496 2085 580 2116 ἀκοάς
593 2093 639 2110 σου
654 2086 687 2111 τὰ
702 2086 777 2120 παρὰ
790 2085 836 2111 τοῦ
853 2086 956 2120 Κυρίου

172 2132 320 2167 εἰρημένα,
337 2132 364 2157 εἴ
378 2139 409 2165 γε
426 2131 564 2162 πιστεύεις
574 2131 647 2165 αὐτῷ
659 2139 666 2146 ·
682 2131 732 2166 ἔφη
761 2133 815 2166 γὰρ
843 2131 884 2157 ὅτι
909 2132 956 2157 καὶ

172 2179 239 2212 περὶ
263 2177 349 2213 ἀργοῦ
367 2178 447 2211 λόγου
465 2177 543 2211 λόγον
566 2177 743 2211 ἀποδώσομεν
764 2178 793 2202 ἐν
811 2177 901 2212 ἐκείνῃ
923 2178 954 2211 τῇ

172 2224 283 2258 ἡμέρᾳ·
304 2223 396 2254 ἱκανὸς
417 2223 445 2249 δὲ
459 2220 536 2254 οὗτος
554 2223 568 2248 ὁ
592 2223 681 2255 λόγος,
695 2223 743 2249 ἐὰν
757 2224 828 2258 νήφῃ
846 2223 924 2258 ἡμῶν
939 2223 955 2257 ή

172 2269 287 2295 διάνοια.
305 2269 352 2300 Ὀς
379 2269 409 2294 δὲ
436 2269 471 2295 τὰ
487 2269 668 2304 γεγραμμένα
698 2268 728 2294 οὐ
753 2269 877 2302 συνίησι,
893 2268 954 2294 οὔτε

173 2314 227 2347 μὴν
243 2313 297 2339 τῶν
309 2312 464 2348 λεγομένων
479 2312 584 2346 ἀκούει,
598 2313 685 2339 ἔοικεν
697 2314 711 2339 ό
724 2313 843 2344 τοιοῦτος
855 2313 954 2347 σωλῆνι

171 2359 308 2393 δεχομένῳ
323 2358 395 2393 ὕδωρ
414 2359 462 2385 καὶ
477 2359 515 2394 μὴ
541 2359 729 2393 αἰσθανομένῳ
756 2359 797 2385 ὃτι
814 2359 846 2385 δι’
871 2358 953 2385 αὐτοῦ

172 2404 351 2438 παρέρχεται.
370 2403 418 2435 Τίς
436 2403 482 2431 οὖν
497 2405 550 2438 ἄρα
566 2404 604 2439 μὴ
629 2404 744 2440 κλαύσῃ,
766 2405 807 2435 τίς
821 2405 851 2430 οὐ
865 2403 952 2438 λυπη-

172 2449 206 2484 θῇ
222 2449 270 2476 καὶ
289 2449 464 2484 καταπλαγῇ,
483 2450 524 2476 ὅτι
538 2450 552 2476 ὁ
578 2451 715 2482 Δεσπότης
726 2451 776 2484 τῆς
790 2449 952 2484 οἰκουμένης

171 2494 204 2521 δι’
221 2495 318 2521 ἑαυτοῦ
333 2503 363 2521 τι
377 2496 424 2521 καὶ
445 2496 498 2522 τῶν
512 2495 614 2522 δούλων
628 2495 710 2521 αὑτοῦ
727 2495 781 2521 τῶν
804 2495 953 2530 προφητῶν

171 2540 218 2566 καὶ
233 2540 389 2567 ἀποστόλων
404 2540 463 2575 βοᾷ,
484 2541 531 2567 καὶ
545 2540 596 2567 οὐκ
612 2540 686 2566 ἐστιν
703 2541 717 2566 ό
740 2541 867 2573 ἀκούωνς
886 2541 953 2567 Τίνα

171 2585 200 2612 δέ
215 2585 272 2612 ἐστι
290 2585 324 2612 τὰ
340 2586 527 2621 κηρυττόμενι
544 2585 591 2612 ὑπ’
609 2585 717 2619 αὺτῶν;
734 2586 762 2611 Ὀ
782 2586 874 2620 γάμος
885 2586 954 2612 ἕτοι-

173 2640 234 2667 μος,
251 2632 330 2666 φησὶ,
345 2633 392 2658 καὶ
406 2632 441 2658 τὰ
455 2632 606 2667 σιτεύματά
620 2641 672 2666 μου
686 2633 821 2666 τεθυμένα
831 2640 838 2648 ·
857 2633 871 2657 ὁ
889 2641 954 2666 νυμ-

175 2677 234 2710 ρίος
251 2676 322 2711 μετὰ
333 2677 413 2711 δόξης
429 2677 476 2703 xui.
490 2677 728 2711 μεγαλοπρεπείας
744 2677 862 2711 κάθηται
876 2677 904 2703 ἐν
915 2677 954 2712 τῷ

171 2720 310 2754 νυμφῶνι,
326 2723 373 2747 καὶ
383 2720 490 2755 δέχεται
500 2721 561 2751 τοὺς
576 2721 739 2756 ἐρχομένους
759 2723 828 2755 μετὰ
849 2723 934 2756 χαρᾶς
947 2730 954 2737 ·

171 2765 188 2798 ἡ
203 2765 273 2799 θύρα
287 2765 435 2801 ἀνέῳκται,
449 2767 474 2792 οἱ
489 2766 623 2801 ὑπηρέται
636 2766 828 2798 σπουδάζουσι.
842 2767 898 2802 Πρὸ
910 2768 956 2794 τοῦ

172 2808 329 2845 κλεισθῆναι
354 2810 403 2846 τὴν
430 2807 525 2846 θύραν,
554 2810 741 2843 ἑξυποδίσατε,
762 2812 799 2846 μή
817 2820 880 2839 ποτε
905 2812 958 2844 ἔξω

1045 1266 1087 1293 Μ.
1103 1265 1200 1293 Vidisti
1219 1266 1273 1292 vim
1296 1265 1450 1292 divinortun
1468 1266 1604 1300 Evangelii
1630 1267 1786 1296 verborum.

1004 1311 1101 1338 vidisti
1119 1316 1250 1345 quantum
1274 1312 1357 1338 robur
1375 1312 1411 1338 sit
1432 1312 1592 1338 attentionis
1605 1316 1632 1338 et
1649 1312 1789 1338 humilita-

1007 1355 1055 1382 tis?
1075 1356 1120 1382 Sic
1145 1357 1225 1390 plane
1255 1360 1353 1382 natura
1371 1356 1412 1387 l'it,
1431 1360 1461 1383 ut
1481 1357 1630 1383 virtutibus
1643 1357 1789 1391 splendens

1003 1401 1132 1428 omnibus
1161 1402 1228 1428 stola
1254 1401 1355 1429 Christi
1384 1401 1444 1428 Filii
1475 1402 1542 1434 Dei,
1564 1402 1616 1428 hoc
1642 1407 1694 1432 est,
1710 1402 1787 1428 licata

1004 1446 1156 1478 humilitas,
1173 1451 1201 1473 et
1226 1447 1347 1481 angelica
1369 1447 1474 1480 puritas
1496 1447 1747 1480 mentis,custodcs
1763 1453 1790 1473 (Ἰ.

1004 1499 1077 1519 nunc
1092 1492 1158 1523 sint,
1173 1497 1200 1519 et
1214 1493 1312 1519 iuturte
1328 1500 1437 1527 semper
1451 1493 1518 1526 sitit,
1534 1493 1691 1520 volentibus
1707 1494 1732 1519 in
1745 1495 1788 1520 via

1003 1536 1122 1571 Spiritus
1152 1537 1338 1569 contendere,
1364 1538 1486 1564 omnium
1513 1537 1559 1564 Dei
1587 1538 1786 1564 mandaturum.

1004 1583 1144 1616 Priutnpes
1158 1582 1260 1617 quippe
1274 1582 1326 1610 illa:
1342 1583 1497 1618 principum
1509 1588 1582 1614 sunt.
1596 1585 1695 1617 regina:
1714 1591 1790 1609 man—

1005 1627 1129 1654 datorum
1151 1635 1183 1654 ac
1207 1628 1349 1654 virtutum.
1377 1629 1443 1663 Ipsa:
1458 1628 1531 1656 enim
1546 1629 1610 1656 dum
1627 1629 1788 1656 custodiun-

1005 1677 1059 1705 tur,
1078 1673 1310 1707 comprehcnsive
1333 1674 1503 1706 custodiunt,
1520 1681 1554 1701 eo
1576 1681 1657 1708 quem
1672 1674 1790 1700 diximus

1005 1718 1096 1750 modo,
1116 1723 1214 1745 cretera
1243 1717 1379 1749 mandata,
1404 1718 1534 1753 deinceps
1555 1726 1570 1745 ο
1587 1718 1713 1746 Matthaeo
1747 1720 1790 1745 wl

1005 1765 1097 1798 potius
1111 1772 1125 1790 ιι
1139 1764 1249 1791 Christo
1264 1765 1396 1798 exposita.
1421 1764 1449 1791 In
1465 1764 1540 1792 hunc
1557 1765 1668 1792 modum
1684 1766 1789 1799 reperi-

1006 1815 1050 1837 tur
1065 1810 1175 1837 humilis
1201 1815 1228 1838 et
1257 1812 1376 1838 mundus
1392 1811 1476 1838 corde
1501 1811 1620 1846 optinms
1644 1817 1789 1838 exsecutor

1005 1856 1127 1882 omnium
1157 1855 1346 1883 mandatorum
1379 1856 1485 1885 Domini
1510 1857 1615 1883 ac‘liei
1642 1857 1695 1888 sui,
1711 1857 1789 1891 cuius

1005 1908 1086 1928 causa
1115 1901 1221 1928 laborat
1245 1901 1273 1928 iu
1299 1902 1351 1929 hoc
1378 1901 1489 1932 saculo,
1507 1906 1536 1929 et
1549 1902 1621 1928 viret
1644 1902 1670 1928 in
1686 1902 1786 1928 futuro.

1005 1946 1177 1973 beatideatus
1203 1953 1217 1972 ιι
1246 1946 1361 1973 Domino
1376 1947 1402 1973 iu
1423 1946 1538 1981 perenni
1556 1951 1584 1973 et
1596 1951 1697 1973 aeterna
1724 1947 1789 1975 vita.

1005 1990 1032 2017 in
1049 1990 1159 2017 Christo
1171 1991 1233 2018 Jcsu
1249 1991 1365 2017 Domino
1384 1995 1489 2018 nostro.

1042 2036 1084 2064 15.
1100 2036 1206 2063 Adhibe
1222 2036 1304 2070 igitur
1314 2042 1433 2063 mentem
1449 2036 1482 2063 ad
1499 2036 1557 2064 haac
1573 2035 1633 2070 qua:
1650 2037 1791 2069 dicuntur;

1006 2081 1194 2116 ingrediantur
1209 2082 1234 2108 in
1250 2090 1330 2109 aures
1351 2087 1410 2109 tuas
1426 2089 1487 2117 qua:
1508 2082 1579 2109 dicta
1593 2087 1656 2109 sntit
1671 2090 1685 2109 a
1701 2083 1792 2108 Domi.

1006 2134 1052 2157 no.
1068 2127 1089 2153 si
1108 2127 1131 2154 ei
1149 2128 1249 2154 credis.
1261 2129 1299 2154 An
1311 2128 1383 2154 enim
1398 2128 1481 2162 {quod
1499 2127 1555 2162 ipse
1564 2127 1644 2156 dixit)
1658 2128 1691 2154 de
1705 2128 1789 2154 verbo

1006 2173 1095 2198 otioso
1118 2180 1133 2199 a
1160 2172 1241 2199 nobis
1266 2173 1371 2206 prolato
1393 2172 1538 2199 reddemus
1552 2174 1686 2199 rationein
1703 2173 1728 2199 in
1746 2174 1790 2199 die

1005 2218 1155 2253 judicii,et
1187 2226 1240 2244 nou
1267 2218 1414 2245 reddi-mus
1437 2218 1472 2246 de
1496 2219 1581 2246 verbo
1599 2227 1612 2245 a
1639 2220 1693 2246 Deo
1711 2220 1791 2247 nobis

1008 2264 1094 2295 dicto.
1113 2272 1127 2290 a
1150 2264 1230 2291 nobis
1256 2265 1380 2298 neglecto
1404 2268 1431 2291 et
1447 2265 1537 2292 otioso
1555 2265 1668 2292 relicto?
1691 2265 1788 2300 Vigith

1003 2316 1068 2344 ergo
1083 2316 1162 2337 meus
1178 2315 1271 2336 nostra
1290 2310 1461 2338 contendens
1473 2310 1506 2337 ad
1523 2310 1634 2337 verbum
1651 2313 1724 2337 omni
1742 2319 1788 2337 ac-

1003 2356 1129 2390 ceptione
1151 2357 1263 2392 dignum
1293 2357 1473 2396 implendum.
1486 2357 1537 2390 Qui
1560 2358 1661 2392 scripta
1680 2366 1733 2385 non
1749 2358 1785 2384 iti-

1004 2403 1111 2439 telligit.
1128 2410 1178 2430 nec
1197 2410 1228 2430 ea
1251 2411 1312 2436 qua:
1333 2403 1463 2430 dicuntur
1491 2403 1577 2431 audit.
1593 2403 1667 2430 Talis
1691 2404 1790 2431 similis

1005 2454 1048 2478 est
1075 2449 1162 2477 canali
1191 2449 1232 2476 sic
1262 2456 1359 2483 aquam
1383 2449 1541 2484 accipienti,
1558 2454 1588 2476 ut
1613 2457 1671 2477 eam
1698 2457 1746 2484 per
1760 2458 1790 2477 se

1006 2496 1125 2522 transire
1154 2502 1208 2521 non
1233 2495 1345 2521 sentiat.
1367 2494 1433 2527 Quis
1462 2503 1528 2530 ergo
1552 2503 1606 2522 non
1630 2495 1703 2528 ﬂeat,
1736 2503 1789 2522 nun

1006 2542 1124 2577 plangat.
1147 2549 1200 2568 non
1232 2541 1418 2575 Obstupescat.
1449 2541 1522 2576 quod
1549 2542 1680 2569 Dominus
1713 2542 1789 2569 orbis

1007 2587 1125 2614 universi
1154 2595 1215 2614 culti
1234 2591 1261 2613 et
1284 2595 1333 2621 per
1350 2594 1410 2614 sese
1424 2592 1452 2614 et
1466 2595 1515 2622 per
1534 2595 1627 2615 servos
1644 2595 1708 2614 suos
1726 2595 1789 2621 pro-

1006 2633 1103 2666 phetas
1114 2636 1141 2658 et
1158 2632 1294 2667 apostolos
1307 2633 1417 2665 clamet,
1433 2640 1487 2659 non
1504 2636 1545 2659 est
1562 2637 1651 2659 tamen
1665 2633 1711 2666 qui
1725 2641 1788 2660 cum

1005 2677 1120 2703 audiat?
1135 2676 1204 2709 Quid
1234 2682 1325 2704 autem
1354 2677 1391 2704 illi
1419 2677 1587 2712 praedicant?
1606 2677 1725 2712 Nupliw,
1746 2678 1789 2705 in-

1009 2722 1117 2756 quiunt.
1132 2727 1231 2756 parata:
1257 2726 1332 2754 sunt,
1349 2723 1433 2750 altilia
1461 2723 1561 2750 occisa.
1577 2722 1698 2757 Sponsus
1725 2731 1787 2751 cum

1007 2767 1092 2802 gloria
1110 2772 1138 2794 et
1151 2767 1350 2802 magniﬁcentia
1365 2768 1443 2796 sedet
1465 2768 1492 2796 in
1507 2768 1636 2801 thalamo,
1649 2773 1675 2797 et
1687 2769 1787 2802 excipit

1007 2813 1146 2841 venientes
1174 2821 1235 2840 cum
1268 2814 1379 2848 gaudio.
1415 2813 1498 2844 Fores
1545 2817 1647 2847 patent.
1670 2812 1786 2841 Ministri
