1942 3091
227 110 280 142 779

761 110 970 143 PHILOTHEI
989 111 1044 142 (ΣΡ.
1066 111 1322 143 ΡΑΤΒΙΑΒΟΗΕ

1795 113 1852 149 780

227 171 315 198 mines
333 170 487 205 tyrannide,
504 167 606 198 Christi
627 170 729 198 virtute
746 179 796 206 per
810 177 921 199 sanctos
942 178 1007 206 apo-

1061 169 1213 205 ἀνϐρώττων
1234 171 1394 206 τυραννίδος
1413 171 1460 199 καὶ
1490 172 1561 207 βίας,
1583 160 1697 208 δυνάμει
1727 175 1849 209 Χριστοῦ

224 217 310 243 stolas
327 215 514 250 pulcherrime
533 216 567 243 de
582 216 671 243 medio
686 216 801 244 sublatis
815 236 823 248 ,
838 217 919 244 aliam
934 217 1006 243 viam

224 266 312 289 lentat
325 266 494 296 persecutor,
513 269 568 288 non
592 263 647 297 jam
661 262 750 296 palam
771 267 798 289 et
813 266 905 297 aperte
922 261 1007 295 (haud

223 306 298 333 enim
323 306 477 334 istiusmodi
493 307 674 334 certaminum
685 326 692 337 ,
711 311 740 334 ut
755 307 876 342 undique
893 306 1007 341 expulso

223 359 256 378 ac
274 351 382 378 devicto
393 371 401 383 ,
417 351 495 378 locus
509 352 534 379 ei
554 352 587 379 de
607 352 715 388 integro
729 352 869 385 dabatur),
886 353 932 379 sed
944 352 1007 379 dolo

224 397 409 432 complurium
423 400 537 426 deorum
555 399 672 430 cultum,
687 404 715 426 et
734 399 827 426 ἀΘεΐαν
851 406 946 426 rursus
963 399 1007 425 in-

224 443 329 471 ducens
346 453 352 471 :
377 451 459 478 quam
484 451 546 471 cum
563 451 577 471 a
593 444 729 479 principio
749 444 886 480 quondam
911 448 1007 471 contra

224 489 409 524 protoplastos
433 490 461 516 in
479 490 605 523 paradiso
627 490 817 518 fraudulenter
835 490 1006 525 peperisset,

225 535 376 570 multisque
401 535 508 563 saeculis
528 540 654 562 naturam
679 541 801 563 nostram
817 543 848 562 ea
862 535 1007 571 tyrannide

223 588 382 615 oppressam
400 581 546 613 tenuisset,
568 581 600 608 ad
614 573 748 608 se‘denuo
763 581 886 608 divinum
902 581 1005 608 cultum

221 627 411 661 honoremque
427 634 554 654 revocare
569 626 711 661 impudens
721 627 866 660 laboravit,
882 634 932 654 nec
945 634 1008 654 eru-

222 678 292 702 cem,
314 679 365 698 nec
389 671 436 699 Dei
454 672 615 706 sanguinem
641 673 788 704 reveritus,
807 681 856 708 per
869 680 930 708 qua:
945 680 1005 700 cru-

222 716 283 744 dele
299 719 359 752 ejus
375 717 520 752 imperium
538 717 708 746 destructum
727 725 787 752 est;
803 720 849 746 sed
873 723 937 754 post
959 719 1007 746 de-

222 763 403 790 structionem
429 764 519 791 adhuc
547 766 634 793 cauda
661 765 794 800 palpitans
812 765 912 798 draco,
930 769 959 792 et
971 764 1005 791 ad

224 808 356 835 ultionem
390 809 546 844 luctamque
571 818 684 843 amens,
711 816 738 837 et
765 811 865 845 impius
887 811 1004 843 seipsum

221 854 380 888 turpissime
408 856 590 883 exsuscitans.
612 856 669 883 Hoc
683 860 774 883 autem
793 856 859 882 nihil
877 855 950 882 aliud
964 859 1006 881 est

222 907 303 932 quam
335 899 602 935 improbissimarum
631 901 764 929 hmrcsutu
782 906 875 928 contra
903 901 1004 928 Christi

222 945 373 973 Ecclesiam
386 954 455 974 nova
471 949 605 982 tyrannis,
618 952 645 974 et
661 947 749 975 inanis
761 947 824 974 lidei
840 947 1005 981 persecutio;

220 994 284 1024 post
308 990 448 1023 Nerones,
475 992 599 1026 inquam,
616 991 758 1027 Trajanos,
776 992 884 1024 llecios,
902 991 1007 1018 Diocle-

220 1037 322 1068 tianos,
353 1037 531 1065 )laximianos
560 1043 588 1066 et
612 1038 793 1070 Maximiuos,
810 1043 837 1065 et
872 1042 1008 1072 quotquot

220 1081 317 1116 prima:
335 1082 484 1116 impietatis
497 1087 524 1110 et
537 1082 631 1114 ἀοιϊας
643 1083 773 1118 praesides
786 1090 817 1110 ac
831 1082 915 1109 duces
925 1082 1008 1109 exsti-

221 1131 337 1159 terunt,
355 1127 512 1160 Sabellios,
532 1129 631 1161 Arios,
657 1128 856 1163 Apollinarios,
879 1128 1007 1156 secundm

220 1173 315 1204 ἁοεῖας
345 1173 504 1204 defensores
533 1174 613 1202 nobis
643 1175 786 1206 excitans.
820 1178 848 1202 et
876 1174 1006 1202 Ecclesiae

221 1219 323 1247 Christi
345 1226 543 1255 persecutores,
570 1228 625 1248 non
652 1221 744 1248 minus
762 1228 843 1255 quam
866 1221 936 1254 illos,
950 1221 1004 1248 ni:i

220 1266 303 1293 etiam
319 1266 477 1293 acerbiores
495 1274 502 1293 :
519 1266 592 1301 quod
623 1274 685 1294 cum
702 1266 804 1294 Christi
830 1274 928 1294 nomen
951 1267 1006 1294 ler-

220 1316 293 1343 rent,
310 1311 399 1345 inquit
425 1311 629 1346 (magistrorum
661 1312 735 1338 enim
770 1319 894 1339 meorum
922 1311 1006 1338 verba

221 1355 323 1383 iterum
342 1356 500 1391 usurpabo),
518 1356 721 1391 pscudochristi
747 1363 775 1384 et
788 1357 1005 1384 Christianorum

222 1402 369 1436 opprobria
393 1407 493 1434 erant;
522 1402 623 1437 quibus
642 1408 670 1430 et
699 1404 790 1430 lacere
815 1403 957 1438 impietas,
978 1408 1007 1430 et

223 1448 279 1482 pati
303 1447 424 1475 dedecus
450 1448 607 1481 videbatur;
633 1448 705 1483 quod
731 1456 785 1476 non
809 1452 936 1483 putarent
956 1456 1007 1475 nos

222 1493 292 1520 allici
310 1493 412 1527 injuria
442 1501 531 1528 neque
559 1493 587 1520 in
615 1501 665 1521 nos
691 1494 865 1529 magniﬁcum
883 1495 1005 1530 martyrii

222 1546 324 1566 nomen
340 1539 499 1573 convenire,
528 1541 574 1568 sed
590 1549 640 1568 nos
654 1541 736 1568 etiam
767 1541 811 1568 hic
828 1541 914 1568 furari
937 1549 1006 1576 quo-

222 1585 371 1614 dammodo
387 1586 541 1618 veritatem,
561 1592 590 1613 et
604 1587 658 1621 pati
679 1591 708 1614 ut
733 1586 903 1614 Christianos
916 1606 924 1619 ,
943 1594 1005 1613 cum

204 1634 331 1670 ‘i.terim
360 1638 390 1660 ut
412 1633 487 1668 impii
509 1641 605 1668 pcenas
631 1634 844 1661 exsolvere-mus.
859 1633 947 1668 Atque
966 1633 1006 1660 id-

221 1682 297 1708 circo
312 1681 461 1708 excitatum
477 1685 519 1707 est
538 1680 628 1712 nobis,
645 1680 745 1715 inquit,
759 1687 844 1707 cornu
856 1679 962 1712 salutis,
977 1683 1006 1706 et

220 1727 292 1762 lapis
307 1726 458 1762 angularis,
475 1725 527 1753 sibi
555 1732 606 1752 nos
625 1728 654 1752 et
668 1729 775 1752 nosmet
800 1729 895 1752 mutuo
906 1724 1005 1752 eadem

221 1781 354 1808 couipage
373 1773 552 1807 conjungens.
566 1771 690 1798 [inmissa
705 1776 807 1798 estsuo
821 1776 942 1806 tempore
958 1770 1006 1798 ad~
1024 1787 1028 1792 ι

220 1818 348 1846 miranda
378 1817 437 1844 hate
471 1817 660 1852 theologorum
700 1817 823 1850 trinitas;
852 1821 900 1843 aut
936 1817 1006 1851 ignis

221 1870 343 1898 purgans
361 1862 441 1889 faeces
470 1869 501 1888 ac
527 1861 634 1893 sordes,
651 1865 699 1888 aut
717 1860 900 1888 ventilabrum
925 1861 1007 1888 rusti-

220 1917 296 1941 cum,
309 1916 364 1943 quo
377 1908 474 1935 levltas
494 1912 522 1934 et
536 1907 655 1941 gravitas
671 1906 829 1941 dogmatum
843 1906 1005 1938 secernitur;

221 1960 269 1982 aut
299 1954 423 1986 ferrum,
449 1953 602 1988 nequitiam
629 1952 762 1979 radicitus
785 1952 956 1980 exscindens.
975 1953 1008 1980 Et

220 2000 344 2028 Verbum
369 2006 436 2027 suos
452 1999 505 2026 sibi
524 1998 666 2033 adjutores
689 1998 812 2030 invenit;
838 2004 866 2026 et
888 1998 1008 2034 Spiritus

221 2047 269 2081 qui
285 2054 335 2081 pro
352 2046 412 2081 ipso
434 2045 541 2080 spirare
565 2045 666 2077 velint,
683 2045 862 2072 nanciscitur.
884 2046 953 2074 llinc
966 2054 1008 2074 sc-

225 2093 314 2120 cuuda
330 2092 439 2120 vocatio
464 2096 492 2119 et
513 2091 702 2125 apostolatus,
728 2095 757 2118 et
784 2091 922 2126 Evangelii
939 2100 1007 2120 nova

221 2139 394 2175 praedicatio,
412 2138 490 2166 chori
508 2137 619 2164 Patrum
639 2137 845 2172 theologorum,
873 2137 985 2173 inquam
998 2159 1007 2172 ,

1063 215 1193 243 κάλλιστα
1216 218 1368 250 γεγονότων
1385 218 1417 244 ὲκ
1442 218 1526 252 μέσον
1547 219 1591 245 διὰ
1607 220 1662 246 τῶν
1680 220 1760 255 ίερῶν
1777 222 1849 248 ἁπο-

1062 262 1173 295 στόλων,
1193 263 1276 298 ἄλλην
1301 263 1411 298 ἔρχεται
1432 265 1532 299 πείρας
1550 265 1610 292 ὁδὸν
1622 266 1636 291 ὁ
1648 266 1783 300 διώκτης·
1796 268 1849 293 οὐκ

1060 306 1100 333 ἔτι
1119 308 1168 342 μὲν
1187 309 1330 344 παρρησίᾳ
1358 309 1430 341 (οὐδὲ
1450 310 1504 345 γὰρ
1530 308 1563 344 ἦν
1587 310 1663 346 αὐτῷ
1685 310 1760 346 χώρα
1792 311 1849 337 τῶν

1059 354 1190 380 τοιούτων
1208 351 1286 386 αὖθις
1313 353 1436 388 ἀγώνων,
1458 355 1629 390 πανταχόθεν
1657 356 1849 392 ἑξεληλαμένῳ

1059 399 1108 425 καὶ
1131 400 1300 434 ἡττημένῳ),
1327 400 1396 435 δόλῳ
1410 401 1438 428 δὲ
1454 402 1513 435 τῆν’
1528 401 1610 436 φίλην
1626 401 1784 436 πολυθεῖαν,
1801 405 1849 429 καὶ

1059 444 1154 471 ἁθεῖαν
1170 445 1217 470 καὶ
1243 446 1324 472 πάλιν
1352 446 1482 480 είσάγων,
1497 446 1584 481 ἥνπερ
1598 445 1628 478 ἐξ
1642 447 1729 482 ἀρχῆς
1743 447 1849 474 ἄνωθεν

1059 490 1087 516 ιν
1102 489 1257 525 παραδείσῳ
1273 490 1368 522 δολίως
1378 491 1512 526 ὼδινήσας
1527 492 1597 519 κατὰ
1611 492 1665 518 τῶν
1685 493 1849 527 πρωτοπλά-

1059 543 1142 568 στων,
1160 535 1206 562 καὶ
1224 536 1311 571 ταύτῃ
1327 537 1498 571 τυραννήσας
1513 537 1560 563 ἐπὶ
1582 537 1687 572 μακρὸν
1699 538 1749 574 τὴν
1765 539 1848 573 ἡμῶν

1058 579 1151 614 φύσιν,
1165 582 1205 612 είς
1221 581 1317 607 ἑαυτὸν
1337 581 1417 608 πάλιν
1437 582 1466 608 τὸ
1478 581 1545 617 πρὸς
1556 582 1622 608 Θεὶν
1639 582 1720 613 σέϐας
1736 585 1781 608 καὶ
1796 582 1848 618 τὴν

1056 626 1139 661 τιμὴν
1155 626 1320 654 ἐσπούδασεν
1345 627 1444 660 ἕλκειν,
1461 627 1529 662 μηδὲ
1546 628 1592 654 τὸν
1615 628 1740 662 σταυρὸν,
1756 629 1801 654 καὶ
1818 629 1849 654 τὸ

1057 671 1125 698 Θεοῦ
1142 672 1261 706 φρίττων
1280 673 1294 699 ὁ
1322 673 1435 707 ἀναιδὴς
1461 671 1541 708 αἷμα,
1556 673 1590 699 δι’
1615 669 1652 699 ὧν
1672 674 1688 707 ἠ
1715 675 1850 707 τυραννὶς

1057 718 1140 744 αὐτοῦ
1158 718 1309 753 κατελύθη’
1326 718 1394 744 ἀλλὰ
1424 719 1471 745 καὶ
1496 719 1566 753 μετὰ
1582 719 1631 752 τὴν
1650 719 1792 753 ἀναίρεσιν
1807 719 1849 744 ἔτι

1057 763 1096 798 τῷ
1113 764 1216 799 οὐραίῳ
1241 763 1364 798 σπαίρων
1391 765 1406 790 ὁ
1431 764 1549 799 δράκων,
1567 765 1614 791 καὶ
1646 765 1714 798 πρὸς
1742 764 1850 798 ἄμυναν

1058 810 1139 844 δῆθεν
1158 811 1205 836 καὶ
1223 810 1337 846 πάληνὸ
1355 811 1434 842 ἄνους
1450 811 1497 837 καὶ
1512 811 1590 842 ἄθεος
1610 810 1706 836 ἑαυτὸν
1718 810 1850 845 αἴσχιστα

1020 843 1043 872 Β
1057 843 1210 890 διεγείρων.
1227 843 1385 882 Καὶ-τοῦτο
1416 857 1463 883 καὶ
1487 856 1542 882 τῶν
1562 856 1700 883 κακίστων
1714 843 1850 890 αἱρέσεων

1059 901 1130 927 κατὰ
1145 901 1195 935 τῆς
1219 901 1386 935 Ἐκκλησίας
1404 901 1522 937 Χριστοῦ
1539 903 1667 937 τυραννὶς
1691 899 1782 934 αὖθις,
1798 903 1848 928 καὶ

1057 947 1071 972 ὁ
1089 947 1167 978 κενὸς
1181 946 1229 979 τῆς
1248 947 1366 977 πίστεως
1390 946 1518 980 διωγμὸς,
1537 946 1605 981 μετὰ
1620 947 1748 981 Νέρωνάς
1764 955 1848 981 φημι,

1058 993 1104 1017 καὶ
1121 991 1285 1026 Τραϊανοὺς.
1309 991 1356 1018 καὶ
1381 991 1537 1027 Δεκίονς,ἢ
1560 991 1778 1026 Διοκλητιανοὺς,
1801 992 1850 1017 καὶ

1058 1037 1248 1071 Μαξιμιανούς
1263 1045 1294 1063 τε
1309 1037 1356 1063 καὶ
1380 1037 1564 1072 Μαξιμίνους·
1579 1038 1623 1063 καὶ
1640 1038 1696 1064 ὅσοι
1710 1037 1760 1071 τῆς
1772 1036 1850 1071 πρώ-

1058 1091 1108 1116 της
1121 1082 1248 1114 ὰσεεείας
1265 1082 1312 1108 καὶ
1340 1082 1434 1113 ἁθεῖας
1449 1082 1611 1117 προστάται,
1628 1080 1790 1111 Σαϐελλίους
1806 1087 1848 1110 τε,

1058 1127 1106 1153 καὶ
1125 1127 1258 1161 ’Λρείου;,
1272 1126 1318 1152 καὶ
1344 1126 1539 1158 Μακεδονίους,
1556 1126 1602 1152 καὶ
1623 1125 1849 1159 Ἀπολλιναρίους

1059 1173 1124 1208 ἡμῖν
1150 1172 1302 1207 ἐξεγείρας,
1324 1173 1388 1203 τοὺς
1411 1172 1462 1207 τῆς
1487 1172 1614 1206 δευτέρας
1629 1171 1720 1202 ἁθεῖας
1736 1171 1850 1204 προμά-

1059 1227 1133 1254 χους,
1154 1219 1202 1245 καὶ
1219 1217 1338 1248 διώκτας
1362 1218 1413 1252 τῆς
1433 1218 1550 1253 Χριστοῦ
1573 1217 1746 1251 Ἑκκλησίας,
1769 1216 1850 1242 οὐδὲν

1058 1261 1140 1298 ἧττον
1155 1263 1278 1296 ἐκείνων,
1291 1264 1315 1289 εἰ
1331 1262 1368 1298 μὴ
1386 1263 1433 1289 καὶ
1459 1263 1559 1297 μᾶλλον
1572 1271 1579 1278 ·
1592 1263 1646 1297 ὅσῳ
1657 1261 1703 1288 τοῦ
1715 1261 1848 1297 Χριστοῦ,

1058 1309 1138 1344 φησὶ,
1154 1308 1282 1343 φέροντες
1297 1308 1382 1343 ὄνομα
1397 1308 1443 1342 (τὰ
1458 1309 1512 1342 γὰρ
1523 1308 1577 1334 τῶν
1591 1307 1666 1341 ἐμῶν
1678 1306 1850 1333 διδασκάλων

1058 1355 1106 1381 καὶ
1135 1355 1216 1382 πάλιν
1238 1354 1408 1389 φθέγξομαι)
1433 1354 1622 1389 ψευδόχριστοι
1650 1354 1697 1380 καὶ
1713 1353 1849 1387 Χριστια-

1058 1402 1115 1432 νοῖς
1133 1401 1235 1432 ὄνειδος
1259 1399 1331 1436 ἦσαν
1343 1408 1349 1416 ·
1366 1398 1407 1432 οἷς
1424 1401 1470 1428 καὶ
1489 1401 1520 1427 τὸ
1546 1401 1634 1426 ποιεῖν
1648 1399 1737 1431 ἄθεον,
1755 1399 1804 1425 καὶ
1818 1399 1850 1424 τδ

1061 1448 1176 1482 πάσχειν
1202 1446 1306 1479 ἄδοξον,
1331 1447 1370 1482 τῷ
1403 1446 1471 1481 μηδὲ
1492 1445 1646 1472 ἀδικεῐσθαι
1666 1445 1766 1476 δοκεῖν,
1780 1444 1850 1479 μηδε

1021 1510 1043 1541 C
1061 1492 1090 1518 τὸ
1104 1491 1313 1526 μεγαλοπρεπὲς
1331 1490 1417 1525 ὄνομα
1438 1491 1580 1525 προσεῖναι
1596 1489 1647 1524 τὴν
1679 1489 1848 1524 μαρτυρίαν,

1058 1536 1126 1563 ἀλλά
1142 1535 1281 1563 κάνταῦθα
1300 1535 1463 1562 κλέπτεσθαι
1478 1537 1527 1571 τὴν
1540 1535 1678 1570 ἀλήθειαν,
1693 1536 1851 1568 πάσχοντας

1056 1583 1093 1615 ὡς
1104 1583 1286 1618 Χριστιανοὺς
1300 1582 1336 1614 ὡς
1347 1582 1455 1613 ἀσεϐεῖς
1465 1581 1638 1613 κολάζεσθαι.
1649 1580 1704 1607 Καὶ
1715 1579 1758 1606 διὰ
1769 1579 1853 1605 τοῦτο

1056 1628 1172 1663 ἠγέρθη,
1186 1628 1264 1662 φησὶ,
1276 1628 1359 1662 κέρας
1375 1628 1511 1662 σωτηρίας
1527 1628 1592 1662 ἡμῖν
1607 1626 1791 1662 ἠδικημένοις,
1803 1625 1853 1651 καὶ

1055 1674 1128 1706 λίθος
1144 1674 1350 1708 ὰκρογωνιαῖος,
1370 1674 1486 1700 συνδέων
1510 1672 1599 1707 ἑαυτῷ
1612 1680 1641 1698 τε
1660 1672 1708 1698 καὶ
1721 1670 1853 1705 ἀλλήλοις

1055 1719 1297 1756 ἠμᾶς.Ἐνεϐλήθη
1315 1719 1385 1746 κατὰ
1396 1719 1516 1754 καιρὺνή
1530 1717 1684 1753 θαυμαστὴ,
1696 1717 1779 1752 φημὶ,
1795 1716 1852 1742 τῶν

1057 1767 1190 1800 θεολόγων
1207 1765 1276 1801 αὕτη
1293 1766 1387 1800 τριάςο
1401 1765 1418 1800 ἢ
1437 1765 1493 1800 πῦρ
1519 1764 1701 1798 καθαρτήριον
1715 1763 1764 1797 τῆς
1781 1761 1854 1796 φαῦ-

1057 1813 1107 1848 λης
1137 1812 1203 1847 ὕλης
1220 1813 1267 1839 καὶ
1292 1811 1433 1846 μοχθηρᾶς
1444 1810 1483 1845 ’ἢ
1498 1810 1582 1836 πτιὶ-ον
1608 1808 1770 1844 γεωργικὸν,
1787 1805 1810 1841 ᾧ
1822 1808 1855 1834 τὺ

1057 1858 1160 1892 κοῦφον
1185 1858 1240 1884 τῶν
1255 1857 1411 1892 δογμάτων,
1433 1857 1479 1883 καὶ
1493 1856 1523 1882 τὸ
1539 1855 1608 1890 βαρὺ
1625 1854 1797 1889 διακρίνεται
1809 1861 1816 1867 ·
1834 1855 1851 1888 ἦ

1059 1905 1184 1940 μάχαιρα
1199 1904 1247 1935 τὰς
1263 1903 1312 1938 τῆς
1330 1902 1430 1933 κακίας
1447 1902 1526 1937 ῥίζας
1551 1901 1730 1932 ἑκτέμνουσα.
1760 1899 1816 1926 Καὶ
1839 1900 1855 1925 δ

1060 1952 1146 1986 Λόγος
1160 1951 1284 1985 εὑρίσκει
1300 1948 1363 1980 τοὺς
1377 1948 1458 1979 ἰδίους
1470 1947 1644 1982 συμμάχους,
1658 1946 1706 1973 καὶ
1717 1946 1748 1972 τὸ
1762 1945 1854 1972 Πνεῦ-

1060 2007 1098 2033 μα
1114 1995 1324 2032 παραλαμϐάνει
1336 1994 1400 2025 τοὺς
1420 1994 1490 2028 ὑπὲρ
1513 1993 1596 2020 αὑτοῦ
1615 1992 1790 2022 πιιεύσοντας.
1803 1992 1854 2018 Διὰ

1057 2044 1144 2072 ταῦτα
1161 2044 1178 2079 ἡ
1193 2043 1308 2078 δευτέρα
1322 2041 1430 2076 κλῆσις,
1444 2042 1490 2067 καὶ
1502 2039 1649 2073 ἀποστολὴ,
1666 2039 1714 2064 καὶ
1728 2038 1758 2064 τὸ
1771 2038 1856 2071 suar-

1059 2089 1169 2124 τελικὸν
1180 2086 1258 2120 αὖθις
1283 2089 1426 2122 κήρυγμα,
1442 2086 1489 2113 τοῦ
1509 2085 1603 2120 χοροῦ,
1620 2086 1702 2120 φημὶ.
1721 2084 1775 2127 τῶν
1791 2084 1854 2110 θεο-

1059 2135 1148 2169 λόγων
1169 2134 1311 2169 Πατέρων,
1327 2132 1399 2159 κατὰ
1418 2131 1469 2166 τῆς
1487 2131 1616 2166 δευτέρας
1646 2129 1775 2160 ἀσεϐείας
1805 2128 1855 2154 καὶ

223 2190 320 2211 contra
336 2184 484 2218 secundam
501 2183 670 2217 impietatem
697 2187 725 2210 et
743 2183 848 2215 ἀοεῖαν,
867 2185 1005 2219 apostolo-

1061 2181 1168 2214 ἀθεῖας,
1186 2181 1242 2207 τῶν
1260 2181 1330 2216 μετὰ
1353 2181 1415 2211 τοὺς
1435 2178 1600 2209 ἀποστόλους
1618 2176 1787 2208 ἀποστόλων,
1803 2176 1854 2202 καὶ

224 2238 284 2257 rum
302 2229 408 2257 scilicet
421 2234 482 2264 post
502 2228 651 2263 apostolos,
665 2232 694 2255 ct
708 2229 937 2263 evangelistarum
947 2234 1009 2264 post

222 2277 420 2311 evangelistas,
441 2280 469 2302 et
494 2275 685 2309 theologorum
709 2280 770 2309 post
796 2275 956 2310 theologos;
982 2280 1010 2303 et

224 2323 334 2354 Petrus,
347 2325 375 2348 et
391 2321 520 2354 Joannes,
535 2321 582 2356 qui
597 2321 725 2348 videntur
748 2325 775 2347 et
789 2327 854 2348 sunt
877 2321 1011 2348 columnae

224 2367 356 2395 Ecclesiae
373 2367 474 2394 Christi
487 2374 501 2393 τ
513 2371 541 2394 et
558 2372 620 2401 post
638 2366 698 2393 illos
714 2366 812 2393 tertius
826 2366 880 2393 illis
897 2366 1011 2401 conglu-

226 2414 341 2445 tinatus,
355 2418 468 2447 etis-que
490 2411 668 2439 honorandus
688 2411 789 2439 Paulus
799 2432 805 2444 ,
819 2412 924 2439 tametsi
941 2415 1012 2439 tent-

225 2468 293 2495 pore
309 2459 390 2494 paulo
408 2459 556 2493 posterior;
573 2457 631 2485 zelo
647 2463 748 2488 tamen,
773 2457 882 2490 studio,
896 2462 965 2490 arte,
983 2461 1011 2484 et

225 2504 392 2539 evangelicis
405 2504 604 2532 certaminibus
623 2511 682 2538 par,
698 2503 858 2538 eisdemque
870 2507 897 2530 et
910 2502 1012 2530 conlo:-

225 2551 354 2582 deratus;
369 2550 420 2585 ipsi
433 2550 551 2577 vertices
564 2553 591 2576 et
608 2549 737 2584 praesides
753 2549 831 2576 chori
850 2549 942 2584 hujus,
955 2549 1012 2576 sic-

226 2601 255 2624 ut
268 2602 331 2624 ante
344 2595 467 2623 memini.

260 2643 360 2670 Verum
382 2641 522 2669 enimvero
559 2639 711 2674 primorum
748 2639 943 2674 discipulorum
985 2644 1011 2668 et

225 2689 412 2725 apostolorum
441 2687 526 2714 robur
544 2686 570 2712 in
588 2685 673 2721 signis
693 2693 724 2712 ac
740 2686 884 2719 portentis.
901 2685 928 2712 in
956 2685 1010 2712 lin~

227 2735 289 2770 guis
302 2754 309 2765 ,
336 2732 551 2760 revelationtbus
564 2751 571 2764 ,
595 2730 733 2758 vaticiniis
759 2730 925 2758 consistebat
939 2750 946 2763 ,
962 2739 1012 2765 per

225 2788 287 2815 qua:
310 2779 467 2806 universum
484 2778 535 2804 suh
552 2777 609 2804 sole
633 2776 764 2803 mundum
785 2776 965 2808 vivilicaruut,
983 2781 1011 2804 et

225 2827 259 2854 ad
271 2835 302 2854 ca
315 2825 406 2853 verbis
419 2831 473 2851 non
504 2823 597 2850 multis
615 2829 684 2857 opus
708 2821 875 2854 habuerunt,
897 2821 923 2849 id
942 2821 1014 2856 quod

1061 2225 1263 2260 εὐαγγελιστῶν
1277 2225 1347 2260 μετὰ
1356 2225 1419 2256 τοὺς
1433 2222 1642 2258 εὐαγγελιστάς,
1657 2222 1704 2249 καὶ
1718 2221 1854 2255 θεολόγων

1063 2273 1131 2307 μετὰ
1154 2272 1217 2302 τοὺς
1239 2271 1390 2305 ϐεολόγους,
1404 2271 1451 2297 καὶ
1469 2271 1583 2305 Πέτρος,
1603 2270 1651 2296 κα)⁵
1669 2268 1808 2302 Ἰωάννης,
1827 2268 1852 2293 οἱ

1060 2315 1200 2347 δοκοῦντες
1212 2314 1259 2342 καὶ
1272 2315 1347 2346 ὄντες
1362 2314 1452 2341 στῦλοι
1474 2315 1522 2349 τῆς
1539 2312 1658 2348 Χριστοῦ
1677 2311 1853 2346 Ἐκκλησίας,

1061 2363 1108 2388 καὶ
1119 2363 1209 2396 τρίτος
1221 2361 1278 2395 μετ’
1287 2361 1408 2393 ἐκείνους
1417 2361 1430 2386 ὁ
1443 2359 1569 2395 συμφυὴς
1577 2360 1624 2385 καὶ
1635 2358 1764 2393 ὁμότιμος
1779 2356 1855 2383 Παῦ-

1062 2407 1119 2439 λος,
1135 2408 1159 2433 εί
1171 2408 1218 2434 καὶ
1235 2407 1273 2442 τῷ
1296 2407 1385 2442 χρόνῳ
1397 2406 1482 2441 βραχῦ
1502 2405 1561 2440 μετ’
1579 2404 1716 2435 ἐκείνους,
1728 2402 1800 2429 ἀλλὰ
1814 2401 1855 2437 τῷ

1063 2454 1150 2488 ζήλῳ,
1166 2455 1211 2480 καὶ
1226 2455 1258 2489 τῇ
1281 2453 1394 2488 σπουδῇ,
1411 2453 1458 2479 καὶ
1477 2453 1510 2486 τῇ
1527 2451 1620 2486 τέχνῃ,
1636 2450 1682 2476 καὶ
1697 2450 1752 2480 τοις
1784 2448 1856 2483 ὑπὲρ

1063 2499 1109 2526 τοῦ
1125 2500 1296 2534 Εὕα-Πελίου
1314 2500 1417 2533 ἀγῶσιν
1432 2498 1487 2530 ἴσος
1512 2499 1559 2525 καὶ
1571 2496 1709 2532 ὸμοταγὴς
1726 2495 1855 2526 ἐκείνοις,

1064 2548 1111 2574 καὶ
1125 2547 1264 2581 σύμπνους
1275 2555 1281 2562 ·
1301 2547 1325 2572 oi
1347 2547 1490 2581 κορυφαῖοι
1520 2545 1568 2571 καὶ
1583 2542 1788 2579 προκαθήμενοι
1805 2541 1854 2568 τοῦ

1063 2593 1144 2629 χοροῦ
1159 2593 1266 2626 τούτου,
1286 2593 1357 2620 καθὰ
1372 2592 1404 2627 δὴ
1415 2592 1461 2618 καὶ
1476 2590 1612 2626 ﬁgebat-qv.

1106 2638 1186 2664 ’Δλλὰ
1206 2639 1262 2668 τοῖς
1280 2638 1329 2671 μὲν
1342 2637 1460 2671 πρώτοις
1477 2636 1613 2671 μαθηταῖς
1626 2644 1655 2662 τε
1674 2636 1721 2662 καὶ
1736 2637 1855 2665 ἀποστό-

1065 2684 1120 2715 λοις
1138 2684 1166 2709 ὲν
1182 2683 1306 2718 σημείοις
1321 2692 1354 2709 τε
1371 2683 1418 2709 καὶ
1435 2681 1566 2717 θαύμασι,
1583 2682 1631 2708 καὶ
1641 2683 1788 2716 γλώσσαις,
1806 2684 1854 2710 καὶ

1065 2729 1262 2763 ἁποκαλύψεσι,
1287 2729 1334 2755 καὶ
1364 2727 1544 2764 προφητείαις
1569 2729 1600 2754 τὸ
1624 2728 1724 2762 κράτος
1751 2726 1797 2764 ἦν,
1818 2728 1853 2754 δι’

1065 2776 1154 2802 αὐτῶν
1171 2776 1330 2811 ζωῖρὴσατι
1356 2775 1406 2809 τὴν
1438 2774 1482 2808 ὑφ’
1499 2774 1575 2808 ἣλιον
1595 2775 1700 2800 πᾶσαν·
1717 2775 1762 2799 καὶ
1784 2774 1853 2807 βρα-

1066 2823 1114 2857 χέα
1132 2823 1192 2848 τινα
1219 2821 1286 2856 προς
1314 2821 1404 2848 ἐκεῖνα
1420 2820 1538 2856 δεηθεῑει
1556 2820 1602 2847 τοῦ
1619 2820 1709 2854 λόγου,
1728 2822 1853 2854 καίλαπερ
