1942 3091
155 102 204 134 781

680 105 873 136 LAUDATlO
893 105 1019 136 TRIUM
1040 106 1255 142 DOC'I‘OBUM.

1719 113 1773 144 7‘32

152 160 238 186 ιίπὼν
252 160 337 196 ἔφθην
346 170 354 177 ·
364 162 417 194 τοῖς
428 162 456 188 δέ
463 171 494 196 γε
506 163 664 198 κορυφαίοις
678 165 792 196 τούτοις,
804 165 860 196 τοῖς
875 163 937 198 μετὸ

993 174 1074 202 supra
1093 168 1179 203 tetigi.
1197 170 1231 196 At
1243 169 1304 196 istis
1317 169 1496 205 principibus,
1508 171 1694 205 apostolorum
1709 179 1775 199 suc-

153 207 217 236 τοὺς
242 206 409 238 ἀποστόλους
437 208 603 240 ἀποστόλοις,
618 210 666 235 καὶ
693 209 840 243 θεολόγοις,
873 209 941 244 μηδὲ

152 251 256 278 τούτων
272 252 370 284 ὲνδεῶς
400 254 607 287 μηδοπωστιοῦν
631 255 785 290 ἐσχηκόσιν,
799 255 828 281 ὲν
851 255 941 288 λόγοις

153 297 203 323 καὶ
219 297 283 332 περὶ
304 297 400 330 λόγους
416 296 449 333 ἦν
461 299 475 325 ὁ
493 299 566 333 ἀγὼν
580 300 627 326 καὶ
643 300 674 326 τὸ
695 301 805 335 κράτος.
826 300 938 334 Ἐπειδὴ

152 342 206 376 γὰρ
218 343 249 368 οὐ
260 343 430 376 πρδςείδωλα
451 345 498 370 καὶ
509 345 628 380 φανερὰν
639 345 795 379 κτισμάτων
803 345 939 380 λατρείαν,

151 388 220 415 ἀλλὰ
233 389 301 424 πρὸς
313 389 413 423 ὖφαλόν
428 399 489 417 τινα
500 391 547 417 καὶ
560 393 753 426 κεκρυμμένην
776 391 869 418 ἀθεΐαν
894 390 941 416 καὶ

153 434 276 460 δουλείαν
289 433 366 466 αὖθις
375 435 534 471 κτισμάτων
542 437 556 462 ό
566 435 641 469 ἀγὼν
652 434 686 471 ἦν
696 438 750 467 τοῖς
758 437 939 471 κυσερνήταις

151 480 256 511 τούτοις
272 480 318 506 τοῦ
334 481 504 515 παγκοσμίου
518 481 636 515 σκάφους
649 481 699 516 τῆς
721 481 890 516 Ἑκκλησίας.
908 480 940 506 Τί

151 527 206 562 γὰρ
214 528 261 553 καὶ
274 527 399 553 ὲὸούλετο
407 528 462 558 τοῖς
473 526 599 558 διώκταις
611 527 640 553 τὸ
653 527 718 553 Θεὸν
728 527 777 562 μὲν
784 526 936 561 ὁμωνύμως

152 572 245 599 καλεῖν
268 573 313 599 τὸν
340 574 480 607 μονογενῆ,
497 572 543 599 καὶ
573 573 726 606 ὁμοοὺσιον,
745 573 793 599 καὶ
808 573 938 607 ὁμότιμον

151 617 198 644 τοῦ
214 616 282 643 Θεοῦ
301 617 398 650 Λόγον,
416 617 456 648 εἰς
477 616 579 651 κτίσμα
595 617 622 643 δὲ
635 617 730 644 τοῦτον
743 619 887 651 κατάγειν·
907 618 938 645 τὸ

150 662 179 689 δὲ
194 663 319 697 συμφυές
346 670 375 688 τε
403 662 451 688 καὶ
467 661 617 697 σύνθρονον
640 663 722 689 αὐτοῦ
743 663 855 698 Πνεῦμα
869 663 938 698 μήτε

148 708 217 735 Θεδν
234 707 391 742 ὀνομάζειν,
403 708 450 734 καὶ
461 709 502 739 εἰς
518 708 607 734 κτίσιν
621 709 764 744 κατασπᾷν
775 709 876 744 ὁμοίως
890 709 938 735 καὶ

150 753 231 779 τοῦτο
243 761 249 785 ;
261 753 277 787 ἠ
291 753 409 787 πονηρὰ,
426 752 507 786 φημὶ,
521 752 654 787 διαίρεσις
671 753 778 786 Ἀρείου
794 754 839 779 καὶ
850 753 938 782 deﬁat.

152 798 186 825 Τί
200 798 227 824 δὲ
252 799 268 832 ἠ
296 797 454 828 Σασέλλειος
485 797 631 832 συναλοιφὴ
658 799 703 824 καὶ
726 798 855 833 σύγχυσις
884 799 938 825 τῶν

151 844 236 880 τριῶν
252 844 293 875 είς
307 843 338 869 τὸ
356 843 402 876 ἐνς
417 843 456 873 ὡς
473 843 544 878 μήτε
570 843 646 878 τρία,
663 844 731 878 μήτε
747 845 776 870 ἓν
791 845 851 870 κατ’
867 845 939 871 ὲκεί-

148 898 215 921 νους
227 889 257 915 τὸ
273 887 512 923 προσκυνούμενον
536 885 619 920 εἶναι,
635 889 652 923 ἡ
670 889 750 924 καινὴ
766 889 812 915 καὶ
829 889 939 916 ἀλλόκο-

151 943 198 966 τος
220 935 309 962 ὰθεία.
326 934 363 961 Οὐ
389 934 441 969 μὴν
464 934 531 960 ἀλλὰ
547 935 640 960 καὶτὸ
664 927 783 969 Χριστοῦ
810 934 939 969 φέροντες

147 981 248 1015 δνομα,
267 981 291 1007 οί
308 979 433 1015 πολέμιοι
448 979 566 1014 Χριστοῦ
594 980 642 1006 καὶ
664 980 714 1014 τῆς
726 980 807 1006 αὑτοῦ
825 980 939 1016 Ἐκκλη-

151 1027 225 1058 σίας,
243 1025 395 1060 ἀμφίϐολόν
425 1034 484 1056 πως
508 1025 690 1060 Χριστιανοϊς,
717 1025 734 1060 ἢ
760 1026 937 1060 Χριστιανῶν

151 1073 207 1103 τοῖς
233 1071 426 1106 ἁπλουστέροις
453 1079 484 1097 τε
510 1071 559 1097 καὶ
573 1071 697 1105 ἀτέχνως
714 1071 760 1098 τὸν
773 1072 866 1104 ἀγῶνα
892 1072 939 1098 καὶ

151 1119 201 1153 τὴν
216 1119 268 1152 τῆς
291 1117 419 1152 ἀληθείας
444 1117 588 1151 ἀνεύρεσιν
608 1117 757 1144 ἐνεποίουν.
785 1117 835 1144 Διὰ
861 1117 939 1144 τοῦτο

151 1166 208 1195 τοῖς
225 1164 384 1199 κορυφαίοις
402 1163 456 1189 τῶν
469 1163 638 1190 διδασκάλων
653 1164 717 1198 περὶ
735 1163 781 1190 τὸν
796 1163 873 1197 λόγον
885 1164 940 1195 πᾶς

151 1210 166 1236 ό
180 1209 255 1243 ἁγὼν
270 1207 313 1244 ἦν,
331 1209 399 1244 ὅπερ
415 1209 494 1244 ἔφην,
512 1210 558 1235 καὶ
586 1210 632 1235 τὸν
660 1209 741 1236 αὑτὸν
768 1209 821 1236 ἔδει
841 1210 889 1236 καὶ
909 1209 940 1236 τὸ

148 1257 252 1283 οἰκεῖον
270 1255 418 1286 παιδεύειν,
434 1255 484 1282 καὶ
509 1255 625 1286 πείθειν,
642 1256 689 1282 καὶ
713 1255 781 1290 πρὸς
798 1255 939 1287 εὐσεϐείας

151 1302 339 1338 καταρτίξειν,
353 1302 401 1328 καὶ
411 1302 442 1328 τὸ
453 1301 592 1335 ἀλλότριον
604 1301 840 1333 ἀποσκευάζεσθαι
851 1309 857 1316 ·
871 1297 940 1335 μᾶλὲ

153 1349 199 1375 λον
215 1348 243 1375 δὲ
256 1349 302 1374 καὶ
321 1348 386 1379 τοὺς
406 1348 456 1382 τῆς
481 1346 642 1379 κακοδοξίας
661 1347 810 1381 ἐξελέγχειν
825 1346 942 1382 προστά.

150 1403 212 1426 τας,
227 1393 403 1430 βλασφημίας
425 1394 465 1427 είς
496 1392 527 1419 τὸ
555 1392 623 1427 ὕψος
645 1393 803 1423 λαλοῦντας.
817 1393 941 1419 Ἐθεντο

152 1441 206 1475 γὰρ
222 1440 271 1467 καὶ
286 1441 330 1473 είς
346 1439 478 1473 οὐρανὸν
489 1439 521 1465 τὸ
534 1439 642 1473 στόμα,
658 1438 728 1465 κατὰ
741 1438 785 1464 τὸν
802 1438 937 1473 μακάριον

993 214 1148 241 cessoribus
1164 222 1195 242 ac
1211 215 1353 250 theologis,
1366 224 1400 243 ne
1413 216 1458 243 hic
1469 217 1579 251 quidem
1591 217 1644 244 ulla
1664 218 1771 245 ratione

993 260 1168 293 pauperibus,
1183 260 1210 287 in
1237 268 1364 288 sermone
1375 282 1382 294 ,
1397 266 1425 289 et
1440 262 1511 290 circa
1537 270 1676 290 sermones
1689 268 1771 298 atque

992 304 1145 332 doctrinam
1160 314 1241 333 omne
1257 313 1395 335 certamen
1417 315 1448 335 ac
1465 309 1548 335 robur
1560 308 1621 335 fuit.
1638 309 1774 341 Quoniam

992 357 1046 376 non
1064 351 1196 380 adversus
1212 352 1283 379 idola
1297 373 1304 385 ,
1334 353 1563 388 manifestumque
1587 359 1773 381 creaturarum

991 395 1107 427 cultum,
1134 397 1181 424 sed
1198 402 1293 425 contra
1308 398 1451 425 subdolam
1467 398 1622 433 quamdam.
1635 403 1663 426 et
1679 399 1773 426 occul-

992 447 1045 468 tam
1063 443 1088 469 in
1103 443 1188 470 Deum
1202 443 1381 478 impietatem.
1400 449 1428 472 et
1445 453 1541 472 novam
1555 453 1618 480 erga
1633 450 1774 472 creaturas

991 487 1154 515 servitutem
1173 488 1315 516 conﬂictus
1334 497 1348 516 a
1369 489 1599 524 gubernatoribus
1622 490 1681 517 istis
1697 491 1773 518 navis

992 532 1119 560 Ecclesiae
1153 534 1236 561 totius
1256 535 1350 562 mundi
1380 536 1590 570 suscipiebatur.
1612 535 1681 568 Quid
1700 536 1772 563 enim

989 578 1042 605 sibi
1063 580 1194 607 volebant
1220 585 1430 615 persecutores,
1459 589 1521 608 cum
1549 582 1730 616 unigenitum,
1745 587 1774 609 et

988 625 1237 659 eonsubstautiale,
1264 631 1292 654 et
1317 627 1421 654 honore
1448 628 1551 662 aequale
1578 628 1625 655 Dei
1651 628 1771 655 Verbum

989 671 1129 697 communi
1143 672 1255 699 nomine
1269 672 1353 699 Deum
1369 673 1550 707 appellarent.
1564 678 1592 701 et
1607 673 1678 701 idem
1698 674 1772 700 nihi-

989 715 1110 742 lominus
1127 716 1160 743 ad
1175 723 1327 744 creaturam
1341 726 1428 753 usque
1450 718 1634 754 deprimerent
1645 723 1772 752 ;'conna-

989 761 1104 788 turalem
1120 770 1219 797 porro,
1238 767 1265 790 et
1277 764 1399 799 ejusdem
1420 765 1511 792 throni
1525 766 1629 792 sociutn
1644 765 1769 800 spiritum

989 813 1040 832 nec
1054 806 1100 834 Dei
1118 807 1252 836 vocabulo
1276 809 1464 843 nominarent,
1484 815 1513 838 et
1527 811 1560 838 ad
1584 817 1771 838 creaturarum

991 851 1114 879 ordinem
1132 853 1258 881 similiter
1272 854 1471 882 detraherent?
1488 863 1617 891 perversa
1628 877 1635 890 ,
1650 857 1772 891 inquam,

990 897 1089 925 divisio
1111 904 1139 925 et
1155 899 1232 926 ἀθετα
1254 900 1321 928 Arii.
1339 901 1408 934 Quid
1429 901 1582 929 Sabelliana
1606 902 1771 931 commistio.

989 946 1017 969 et
1034 943 1117 969 trium
1132 943 1159 970 in
1175 951 1260 971 unum
1277 944 1423 972 confusio?
1438 950 1467 972 ut
1484 946 1635 973 secundum
1652 947 1713 974 illos
1725 954 1773 974 ηο-

989 995 1042 1022 que
1059 988 1110 1015 tria
1130 996 1219 1024 neque
1235 998 1319 1017 unum
1348 995 1431 1022 esset,
1449 990 1521 1025 quod
1546 991 1676 1018 adoratur
1703 998 1772 1018 nova

990 1037 1019 1060 et
1034 1033 1151 1060 absurda
1169 1033 1258 1062 ἅθεῖα.
1277 1033 1348 1067 Quin
1378 1035 1460 1062 etiam
1484 1035 1587 1063 Christi
1613 1041 1711 1062 nomen
1727 1042 1773 1069 ge-

990 1083 1102 1109 rentes.
1130 1078 1243 1106 dubium
1271 1079 1447 1112 Christianis,
1475 1079 1533 1107 sive
1553 1079 1772 1107 Christianorum

995 1124 1211 1158 simplicioribus
1240 1129 1268 1152 et
1294 1125 1409 1152 rudibus
1435 1129 1572 1152 certamen
1598 1131 1626 1152 et
1650 1125 1773 1152 veritatis

991 1169 1167 1197 inventioncn
1183 1170 1331 1198 faciebant.
1342 1171 1474 1204 Quocirca
1490 1171 1524 1198 ab
1548 1170 1614 1206 ipsis
1627 1171 1772 1206 magistro-

990 1222 1051 1242 rum
1065 1215 1217 1250 eoryphazis
1233 1223 1317 1250 opera
1342 1215 1432 1243 omnis
1449 1216 1476 1243 in
1496 1224 1649 1244 sermonem
1671 1221 1700 1244 et
1724 1216 1774 1243 do-

991 1259 1108 1286 ctrinam
1122 1259 1220 1286 collata
1234 1264 1285 1292 est,
1296 1264 1326 1287 ut
1337 1260 1404 1293 dixi,
1418 1261 1599 1295 eumdemque
1609 1260 1774 1288 ctdomcsti—

989 1311 1038 1332 eos
1061 1305 1172 1332 erudire
1189 1324 1197 1338 ,
1223 1305 1420 1340 suadendoque
1444 1305 1477 1333 ad
1502 1306 1612 1340 pietatis
1643 1314 1773 1333 numeros

991 1357 1167 1385 componere,
1186 1356 1215 1378 et
1229 1351 1335 1379 alienos
1348 1351 1455 1379 amoliri
1468 1352 1626 1386 oportebat;
1642 1351 1699 1378 imo
1708 1358 1773 1378 vero

991 1396 1179 1431 improbarum
1218 1397 1379 1432 opinionum
1416 1402 1548 1431 patronos
1580 1397 1744 1432 redarguere
1763 1417 1771 1428 .

991 1442 1175 1476 blasphemias
1189 1443 1216 1469 in
1235 1443 1320 1470 altum
1336 1443 1479 1477 loquentes
1492 1452 1499 1470 :
1516 1443 1663 1470 Posuerunt
1678 1443 1773 1477 quippe

151 1487 233 1521 φάναι
249 1486 340 1518 Δαῦὶδ,
357 1485 406 1512 καὶ
423 1485 442 1518 ἠ
461 1484 587 1519 γλῶσσα
610 1483 709 1511 αὐτῶν
734 1483 860 1518 διῆλθεν
888 1483 937 1510 ἐπὶ

990 1488 1018 1513 in
1033 1487 1126 1513 cretum
1139 1495 1167 1513 os
1180 1495 1267 1519 suum,
1282 1491 1312 1514 ut
1326 1486 1422 1514 beatus
1437 1487 1522 1514 David
1539 1488 1578 1515 ait
1592 1488 1614 1519 ',
1634 1491 1659 1513 et
1681 1487 1771 1522 lingua

150 1532 207 1567 τῆς
222 1532 288 1567 τῆς.
307 1532 353 1558 τὸν
374 1531 489 1566 οὐρανὸν
511 1531 655 1558 κλινόντων
667 1531 707 1562 είς
721 1530 784 1564 γῆν,
805 1529 851 1557 καὶ
863 1529 934 1562 μετὰ

150 1577 199 1612 τῆς
230 1577 345 1608 κλίσεως
361 1575 554 1611 ἀριθμούντων
568 1575 648 1610 φύσιν
664 1574 713 1609 τὴν
730 1575 932 1610 ὑπερκόσμιονο

151 1625 185 1659 ἢν
199 1623 259 1650 οὐδὲ
275 1623 374 1658 χωρεῖν
392 1623 408 1658 ἡ
424 1622 512 1653 κτίσις
526 1621 648 1654 δύναται,
668 1620 720 1647 κᾶν
738 1620 798 1655 μεθ’
815 1621 894 1656 ἡμῶν
908 1629 934 1647 τι

152 1670 264 1704 γένηται
296 1668 368 1703 λόγῳ
381 1667 596 1702 φιλανθρωπίας,
614 1666 647 1696 ἰν*
662 1666 737 1702 ἡμᾶς
747 1665 848 1700 ἑλκύσῃ
867 1665 934 1700 πρὸς

152 1715 252 1749 ἑαυτὴν
268 1715 356 1749 χαμαὶ
370 1714 523 1748 κειμένους.
548 1712 618 1738 ’Δὶ-λ’
630 1713 727 1739 ἐκεῖνοι
744 1712 793 1746 μὲν
809 1712 934 1745 τοιοῦτοι,

151 1761 200 1788 καὶ
218 1761 304 1792 οὕτως
318 1760 435 1795 ἔχοντες,
453 1759 529 1786 ἄλλοι
544 1758 709 1794 Σεναχερείμ
723 1752 804 1791 τινες,
821 1759 870 1784 καὶ
879 1759 936 1784 Na-

151 1807 369 1842 ὃουχοδονόσοροι
390 1805 462 1832 κατὰ
483 1805 662 1840 Ἰερουσαλήμ
686 1806 777 1832 τεκαὶ
798 1804 934 1836 Ἰουδαίας,

151 1850 169 1886 ἢ
186 1851 301 1885 Δαρεῖοι,
317 1850 365 1876 καὶ
392 1848 502 1885 Ξέρξαι,
518 1850 565 1876 καὶ
588 1850 605 1884 ἡ
625 1849 843 1884 πολυθρύλλητος
868 1850 936 1884 Περ-

153 1899 216 1933 σικὴ
234 1898 417 1932 στρατιὰ,⁴καὶ
431 1897 549 1933 ἀριθμοῦ
564 1897 708 1933 κρείττων,
722 1897 758 1928 ὦς
774 1905 851 1932 φασι,
865 1897 936 1924 κατὰ

151 1943 203 1978 τῆς
223 1943 358 1973 Ἑλλάδος.

187 1989 295 2016 Μᾶλλον
305 1988 333 2014 δὲ
349 1989 405 2019 τοῖς
431 1988 603 2020 διδασκάλοις
642 1988 748 2020 τούτοις
776 1988 824 2015 καὶ
859 1988 936 2020 αὖθις

152 2034 194 2061 δεῖ
208 2034 407 2069 παραχωρῆσαι
423 2033 470 2060 τοῦ
484 2033 575 2067 λόγου,
590 2035 622 2060 τὰ
635 2034 744 2060 ἑαυτῶν
759 2034 830 2070 ὑπὲρ
845 2035 936 2061 πᾶσαν

155 2082 202 2108 καὶ
211 2080 346 2114 γλῶτταν,
362 2080 444 2116 φημὶ,
462 2081 508 2110 καὶ
523 2080 642 2107 διάνοιαν
658 2072 936 2113 ἄρισταδιδάσκουσι,

153 2128 201 2155 καὶ
211 2128 248 2159 ὡς
264 2127 350 2158 οὐδείς
366 2135 408 2153 πω
424 2127 478 2153 τῶν
491 2127 610 2153 πάντων.
632 2125 686 2153 Ἦν
705 2127 750 2154 ὅτε
766 2127 875 2162 ἤκμαζε
903 2128 937 2154 τὰ

152 2174 287 2208 ἡμέτερα,
298 2172 375 2207 φησὶ,
391 2173 438 2199 καὶ
457 2171 546 2202 καλῶς
558 2169 643 2205 εἶχεν,
673 2171 752 2207 ἡνίκα
765 2172 795 2198 τὺ
813 2172 863 2207 μὲν
889 2180 936 2198 πε-

153 2220 244 2254 ριττὸν
254 2219 343 2251 τοῦτο,
359 2218 407 2245 καὶ
429 2217 700 2251 κατεγλωττισμένον
720 2219 769 2253 τῆς
798 2217 935 2251 θεολογίας

151 2265 199 2292 καὶ
220 2264 342 2299 ἔντεχνον
356 2263 416 2290 οὐδὲ
431 2263 547 2298 πάροδον
561 2261 633 2298 εἶχεν
658 2264 699 2294 είς
721 2264 772 2294 τὰς
795 2258 869 2294 θείας
885 2263 935 2289 αὺ-

151 2312 210 2344 λὰς,
222 2313 251 2339 τὸ
269 2312 296 2338 δὲ
312 2305 414 2337 ἁπλοῦν
427 2318 454 2336 τε
467 2310 514 2336 καὶ
537 2310 647 2343 εὐγενὲς
672 2309 720 2336 τοῦ
746 2310 826 2343 λόγου
857 2310 935 2336 εὐσε-

153 2359 209 2384 6εἰν
224 2357 376 2392 ἐνομίζετο.
398 2352 498 2390 ’Δφόὗ
513 2355 541 2382 δὲ
569 2356 671 2388 Σέξτοι,
697 2355 745 2382 καὶ
776 2356 935 2391 Πύρῥωνες,

152 2404 228 2438 καὶὴ
255 2403 394 2434 ἆντίθετος
418 2402 539 2435 γλῶσσα,
565 2401 697 2436 ὦσπερτι
725 2401 832 2436 νόσημα
849 2402 936 2428 δεινὸν

152 2450 198 2476 καὶ
219 2448 351 2483 κακόηθες
377 2448 426 2478 τὰς
449 2446 597 2482 ἐκκλησίας
619 2447 698 2482 ὴμῶν
717 2447 870 2481 είσέφθειρε
888 2449 936 2474 καὶ

152 2495 169 2529 ἡ
183 2494 302 2529 φλυαρία
316 2493 456 2524 παίδευσις
472 2491 556 2524 ἔδοξε,
582 2492 630 2519 καὶ
647 2493 661 2519 ὃ
681 2501 747 2527 φησι
760 2493 825 2528 περὶ
853 2492 935 2528 Ἀθη-

152 2542 234 2567 ναὶων
249 2539 367 2575 ἡβίΰλος
381 2538 435 2565 τῶν
453 2539 593 2574 Πράξεων,
609 2539 648 2570 είς
662 2538 738 2564 οὐδὲν
752 2538 816 2565 ἄλλο
843 2538 937 2565 εὐκαι-

153 2587 254 2622 ροῦμεν
269 2586 285 2620 ἢ
303 2586 393 2619 λέγειν
415 2593 441 2611 τι
453 2585 500 2611 καὶ
517 2584 628 2610 ἀκούειν
644 2584 811 2618 καινότερον·
834 2584 936 2619 ταύτης

152 2633 200 2668 τῆς
212 2633 313 2666 λύσσης
328 2631 430 2665 ἤρξατο
444 2630 494 2665 μὲν
512 2630 622 2664 ’Δριιος
636 2630 651 2656 ό
673 2630 723 2664 ⁴τῆς
739 2630 838 2664 μανίας
862 2629 935 2656 ἐπώ-

153 2688 248 2714 νυμος,
262 2679 291 2711 ὃς
306 2680 354 2706 καλ⁸
368 2678 446 2713 δίκην
466 2677 567 2704 ἔδωκεν
582 2677 733 2703 ἀκολάστου
748 2676 874 2711 γλώσσης
887 2676 936 2711 τὴν

152 2727 181 2753 ἂν
197 2725 321 2761 βεϐήλοις
339 2725 430 2757 τόποις
445 2724 604 2758 κατάλυσιν,
619 2724 702 2759 εὐχῆς
722 2723 802 2758 ἔργον
812 2723 843 2750 οὐ
860 2724 936 2750 νόσου

191 2805 200 2820 ⁷
217 2804 318 2832 Psalm.
333 2810 416 2836 uxn,
430 2803 458 2831 9.
497 2802 507 2819 ⁸
523 2802 583 2830 Aet.
599 2811 662 2837 ιιι-ιι,
675 2801 710 2828 29
724 2808 782 2837 seq.

987 1540 1078 1559 eorum
1098 1533 1220 1559 transiuit
1236 1533 1263 1559 in
1279 1537 1380 1560 terram
1396 1553 1403 1566 ,
1419 1533 1484 1560 dum
1506 1533 1606 1561 caelum
1627 1534 1654 1561 in
1671 1538 1771 1562 terram

986 1578 1130 1610 inclinant,
1146 1583 1175 1606 et
1198 1586 1262 1606 cum
1283 1583 1409 1606 creatura
1427 1583 1550 1606 naturam
1571 1581 1772 1615 supermunda-

986 1632 1049 1652 nam
1063 1629 1219 1656 numerant,
1232 1631 1314 1659 quam
1328 1631 1416 1658 neque
1432 1625 1666 1660 comprehendere
1679 1632 1771 1653 creata

987 1677 1032 1697 res
1050 1674 1141 1704 potest
1154 1677 1162 1702 ;
1176 1670 1227 1697 etsi
1242 1677 1275 1696 ex
1291 1670 1457 1713 benignitate
1474 1670 1614 1705 quidpiam
1629 1671 1771 1699 nobiseum

984 1715 1077 1743 factus
1091 1720 1145 1746 est,
1159 1719 1189 1742 ut
1202 1722 1254 1742 nos
1279 1715 1354 1742 humi
1368 1714 1492 1749 jacentes
1512 1715 1545 1742 ad
1561 1723 1590 1742 se
1609 1717 1770 1744 attraheret.

987 1759 1121 1787 Caeterum
1143 1760 1180 1786 illi
1204 1759 1313 1793 quidem
1329 1759 1395 1786 tales
1415 1764 1478 1786 sunt
1492 1780 1499 1792 ,
1521 1763 1549 1786 et
1563 1760 1599 1786 ita
1615 1767 1644 1787 se
1659 1761 1769 1788 habent.

988 1806 1042 1832 Alii
1067 1805 1245 1833 Senacheribi
1261 1809 1288 1832 et
1310 1805 1597 1833 Nabuchodonosores
1614 1811 1708 1832 contra
1725 1806 1772 1833 Je-

988 1848 1121 1883 rusalem,
1134 1855 1162 1878 et
1175 1851 1297 1878 Judaram
1311 1851 1501 1884 inveniuntur;
1520 1856 1566 1878 aut
1578 1851 1649 1878 Darii
1665 1857 1692 1878 et
1706 1851 1761 1878 Xer-

987 1904 1048 1929 xes,
1063 1901 1090 1924 et
1108 1896 1153 1924 ille
1171 1896 1240 1923 farna
1257 1896 1418 1923 notissimus
1439 1901 1467 1923 et
1492 1897 1698 1924 innumerabilis
1725 1897 1772 1924 atl-

985 1949 1087 1972 Vversus
1103 1940 1235 1968 Graciam
1250 1940 1394 1967 Persarum
1411 1941 1561 1966 exercitus.

1023 1993 1058 2020 At
1072 1992 1146 2020 enim
1164 1996 1275 2027 praestat
1291 1991 1430 2026 magistris
1445 1991 1521 2018 hisce
1537 1998 1645 2018 rursum
1663 1991 1773 2018 auscul-

989 2043 1058 2070 tare,
1077 2046 1126 2065 sua
1149 2037 1188 2064 ita
1211 2037 1388 2067 docentibus,
1408 2040 1438 2062 ut
1455 2036 1555 2063 melius
1577 2036 1651 2062 nulla
1666 2035 1771 2071 lingua,

988 2085 1095 2112 nullum
1122 2083 1262 2120 ingenium
1285 2083 1385 2118 possit.
1408 2083 1484 2112 Erat.
1500 2082 1602 2116 inquit,
1620 2089 1681 2109 eum
1699 2082 1773 2116 vige-

989 2135 1052 2159 rent
1069 2139 1114 2158 res
1127 2134 1240 2162 nostrae,
1255 2121 1286 2157 et
1301 2130 1373 2157 bono
1392 2129 1454 2156 loco
1472 2133 1564 2156 essent
1576 2137 1584 2162 ;
1596 2129 1706 2164 quando
1719 2130 1773 2156 sci-

988 2177 1054 2204 licet
1070 2177 1123 2204 ista
1139 2183 1354 2210 supervacanea,
1371 2175 1576 2208 verborumque
1591 2174 1660 2201 fucis
1673 2179 1700 2202 et
1713 2178 1772 2202 arte

987 2223 1122 2250 instructa
1149 2221 1300 2249 tradenda»
1317 2220 1463 2255 theologia).
1489 2221 1561 2247 ratio
1594 2220 1628 2247 ad
1664 2220 1772 2247 divinas

985 2269 1081 2297 caulas
1119 2275 1260 2296 accessum
1293 2268 1455 2302 neutiquam
1472 2266 1630 2302 reperiebat
1647 2274 1654 2294 :
1675 2271 1773 2294 contra

987 2316 1103 2351 simplex
1120 2320 1149 2342 et
1165 2315 1283 2350 ingenua
1305 2313 1394 2341 oratio
1416 2314 1503 2347 pietas
1536 2312 1701 2339 ducebatur.
1717 2311 1771 2340 Sed

987 2366 1132 2396 postquam
1155 2359 1231 2387 Sexti
1257 2365 1284 2386 et
1311 2359 1487 2394 Pyrrhones,
1505 2363 1534 2385 et
1559 2358 1771 2388 contradicendi

987 2408 1110 2435 studiosa
1135 2407 1240 2442 lingua,
1257 2405 1328 2432 haud
1344 2412 1425 2432 secus
1441 2412 1521 2440 quam
1547 2405 1638 2440 gravis
1656 2405 1770 2439 quidam

987 2453 1109 2484 morbus,
1119 2457 1147 2479 et
1162 2459 1243 2487 prava
1261 2450 1433 2478 consuetudo
1450 2450 1578 2478 ecclesias
1589 2455 1696 2478 nostras
1709 2458 1772 2477 cor-

988 2500 1082 2534 rupit,
1107 2503 1136 2526 et
1150 2497 1306 2533 Znugacitas
1329 2498 1387 2524 visa
1404 2488 1458 2523 'est
1482 2496 1621 2529 eruditio;
1642 2500 1670 2523 et
1695 2495 1768 2530 quod

987 2546 1117 2572 Actorum
1132 2543 1203 2570 liber
1222 2543 1256 2571 de
1272 2542 1488 2570 Atheniensibus
1503 2541 1588 2569 refert
1603 2541 1624 2574 ⁸,
1643 2541 1676 2568 ad
1700 2540 1769 2567 nihil

988 2590 1061 2618 aliud
1081 2597 1224 2621 vacamus.
1245 2596 1327 2624 qualn
1345 2588 1379 2616 ad
1395 2588 1543 2616 dicendum
1567 2586 1771 2614 audiendumre

987 2635 1091 2670 aliquid
1114 2635 1195 2668 novi;
1223 2635 1298 2662 hunc
1324 2634 1446 2661 furorem
1466 2633 1547 2660 Arius
1563 2632 1619 2662 ille.
1634 2639 1648 2657 a
1676 2630 1771 2657 furore

988 2680 1015 2715 (ιι
1038 2680 1133 2710 Marte)
1151 2687 1251 2707 nomen
1272 2679 1408 2711 sortitus,
1433 2677 1590 2709 inchoavit;
1614 2675 1660 2711 qui
1687 2675 1770 2702 etiam

988 2726 1138 2761 petulantis
1154 2725 1253 2760 linguae
1265 2725 1430 2760 supplicium
1445 2721 1569 2758 pertulit,
1584 2723 1610 2749 in
1627 2722 1696 2750 locis
1711 2728 1774 2748 sor-
