1942 3091
179 100 230 132 783

711 97 927 127 'PHILOTHEI
947 98 998 129 (ΖΡ.
1022 99 1275 129 PATR'IARCH/E

1740 98 1792 129 734

176 157 249 184 didis
271 157 362 184 anima
387 156 543 191 exspirata,
558 156 631 191 quod
655 154 692 183 illi
711 157 817 191 piorum
836 157 906 183 votis
929 160 954 183 ct

1013 157 1169 191 γενόμενος,
1185 162 1232 184 καὶ
1247 158 1295 192 τὴν
1313 158 1396 184 Ἰούδα
1432 158 1508 192 ῥῆξιν
1538 157 1657 188 ὑποστὰς
1683 158 1726 183 ὲπ“
1747 160 1791 193 ἴσῃ

175 202 312 237 precibus.
334 210 389 230 non
415 203 503 231 morbi
523 203 638 238 alicujus
664 202 794 229 violentia
823 202 954 237 contigit;

174 252 258 280 atque
276 246 361 274 instar
385 247 472 277 Iudae.
489 252 603 282 propter
627 248 742 275 similem
763 247 844 274 Verbi
864 248 957 282 prodi-

174 291 277 318 tionem
296 293 437 327 disruptus
449 298 499 320 est.
514 293 567 320 Alii
583 294 608 320 in
625 293 750 320 morbum
765 294 954 326 succedentes,

174 341 261 364 artem
283 337 430 372 impietatis
452 339 579 366 fabricati
613 344 687 371 sunt,
712 339 757 373 qui
785 339 955 366 divinitatem

173 383 298 417 ingenito
342 383 523 417 deﬁnientes,
550 384 672 419 genitum
709 390 736 412 et
762 384 955 419 procedentem

173 430 255 456 simul
270 429 386 456 Deitatis
407 429 509 456 ﬁnibus
538 430 726 462 excluserunt,
744 430 864 457 nominis
887 430 956 457 dun-

173 480 248 503 taxat
272 476 465 503 communione
490 475 653 503 Trinitatem
676 479 858 508 venerantes;
889 476 955 510 quin

172 531 206 551 ne
221 523 293 550 istud
307 522 418 557 quidem
433 522 457 549 ei
474 521 672 556 relinquentes.

206 568 241 595 At
257 575 318 599 nos,
338 568 455 594 scientes
468 567 494 593 in
511 574 596 593 unum
614 567 663 594 tria
678 567 841 594 contrahere
859 567 956 601 impie-

171 613 236 640 tatis
258 620 329 645 esse,
350 617 377 639 et
400 612 531 640 novitatis
548 612 713 639 introducta:
730 620 743 639 a
764 612 893 645 Sabellio,
909 613 956 646 qui

171 658 278 693 primus
300 657 517 685 contractionem
539 656 694 684 divinitatis
714 661 886 683 commenttts
903 660 955 687 est,

172 709 200 731 et
218 704 270 731 tria
293 703 416 730 dividere
432 703 548 736 naturis,
572 702 724 730 divinitatis
739 703 911 737 peregrinam
928 707 956 730 et

171 749 331 776 inusitatam
347 748 496 775 sectionem
519 755 591 780 esse,
606 752 642 782 ct.
658 755 742 774 unum
758 748 870 782 pulchre
890 756 956 775 con-

170 801 311 822 servamus
334 794 439 827 (deitati
454 793 606 828 videlicet),
621 798 649 821 et
672 793 723 820 tria
743 793 827 828 (quod
841 794 875 820 ad
893 802 956 829 pro-

170 841 300 875 prietates
313 824 423 873 attinet)
440 839 485 874 pie
496 824 629 866 docemus
642 848 649 871 ;
668 847 719 866 nec
730 824 779 874 per
796 847 880 866 unum
894 824 955 867 'dei-
972 824 993 854 Β

170 890 253 914 tatem
270 885 483 918 contundimus;
504 892 556 912 nec
571 893 620 920 per
638 885 688 912 tria
705 884 894 918 distrahimus,
906 885 954 913 sed

170 931 242 957 intra
269 933 356 956 melas
381 929 491 963 pietatis
516 933 669 961 manentes,
693 929 902 956 immoderatam
927 930 954 956 in

170 981 316 1010 utramque
336 979 441 1010 partem
467 974 675 1002 inclinationem
698 975 956 1009 reprehensionem-

169 1029 223 1056 que
246 1020 410 1048 devitamus.
435 1019 620 1052 Quamobrem
643 1020 760 1048 mediam
788 1028 820 1048 ac
852 1021 954 1056 regiam

168 1067 240 1094 viam
256 1065 425 1100 secantes(in
437 1073 492 1100 quo
502 1069 529 1092 et
540 1065 651 1093 virtutis
661 1065 721 1093 laus
735 1066 785 1093 sita
797 1071 848 1097 est,
860 1070 888 1092 ut
899 1074 955 1093 mo-

169 1113 266 1140 ralium
280 1119 371 1138 rerum
385 1111 481 1146 peritis
496 1111 753 1147 placet),credimus
781 1112 808 1138 in
835 1112 954 1144 Patrem,

169 1165 197 1197 et
213 1159 323 1190 Filium,
337 1162 365 1185 et
377 1158 511 1192 Spiritum
529 1162 666 1189 sanctum,
685 1158 956 1185 eonsubstantialita-

169 1211 234 1237 tem,
251 1211 334 1231 unam
353 1202 534 1238 eamdemque
549 1204 677 1238 gloriam,
693 1203 796 1238 quibus
816 1209 844 1231 et
863 1204 952 1238 bapti-

169 1251 219 1278 smi
235 1250 366 1285 perfectio
380 1249 488 1281 nititur,
502 1253 530 1276 et
545 1249 705 1276 nominibus
718 1253 746 1276 et
764 1249 847 1276 rebus
872 1249 953 1283 ipsis;

170 1297 241 1324 nosti
256 1297 340 1329 enim,
355 1295 473 1325 initiate,
493 1295 570 1321 illum
589 1301 650 1322 esse
664 1295 836 1330 negationem
849 1295 954 1328 ἀθεῖας,

169 1347 197 1370 et
212 1342 414 1369 confessionem
427 1340 541 1368 Deitatis
552 1349 558 1368 :
571 1346 653 1376 atque
667 1341 703 1369 ita
719 1349 953 1373 eonsummamur,

171 1395 255 1414 unum
275 1386 385 1421 quidem
405 1386 433 1413 in
450 1386 569 1413 essentia
590 1391 800 1421 cognoscentes,
817 1392 844 1414 et
857 1387 955 1413 adora-

170 1435 244 1461 tione
273 1433 412 1460 communi
451 1438 533 1467 atque
555 1432 671 1460 indivisa
697 1433 886 1466 atlirmantes;
903 1433 954 1460 tria

170 1483 261 1506 autem
275 1478 301 1505 in
318 1478 522 1513 ltypostasibus,
537 1478 594 1506 sive
610 1478 695 1513 (quod
710 1478 821 1512 quidam
837 1477 953 1513 malunt)
969 1490 991 1522 α

170 1525 197 1552 in
219 1523 364 1559 personis;
391 1531 426 1550 ne
446 1523 530 1558 inepti
555 1523 619 1553 sint.
637 1524 683 1558 qui
710 1524 743 1551 de
771 1524 814 1551 his
833 1524 951 1559 litigant,

167 1569 249 1605 quasi
273 1570 300 1597 in
317 1570 411 1597 verbis
435 1569 528 1604 potius
553 1577 633 1604 quam
662 1570 689 1597 in
719 1570 800 1597 rebus
826 1571 952 1604 pietatctn

169 1622 293 1644 nostram
318 1617 528 1644 constituamus.
546 1617 599 1643 Sed
623 1617 720 1649 times,
738 1624 772 1644 ne
796 1617 912 1652 τριθετα,
927 1617 953 1644 id

170 1667 211 1690 est
232 1663 333 1697 triplex
358 1662 506 1694 divinitas,
524 1662 572 1689 tibi
597 1663 793 1698 exprobretur.
820 1663 860 1689 Tu
881 1663 954 1697 quod

170 1709 255 1736 habes
283 1709 385 1736 bonum
410 1709 459 1736 tibi
478 1710 575 1741 retine,
592 1709 617 1735 in
643 1709 730 1736 tribus
754 1709 860 1736 scilicet
878 1709 956 1736 unio-

169 1762 249 1782 nem:
264 1753 333 1781 ntilti
351 1761 469 1789 pugnam
487 1754 557 1780 sine.
583 1753 690 1780 Patiarc
713 1761 755 1780 me
778 1753 868 1780 navim
882 1761 956 1780 com-

169 1801 294 1835 pimgcrc.
311 1805 338 1827 tu
349 1800 410 1826 navi
425 1804 512 1826 utere.
530 1800 641 1826 Etiamsi
658 1799 727 1826 alius
745 1799 791 1831 sit,
809 1799 856 1833 qui
871 1807 955 1826 naves

168 1847 333 1879 fabricetur,
351 1851 440 1873 tamen
466 1851 493 1872 tu
514 1853 557 1871 me
578 1849 652 1871 tuam
672 1846 730 1871 sine
755 1845 894 1872 fabriCari.
914 1845 955 1872 Tu

170 1893 242 1920 hanc
257 1900 372 1920 securus
389 1892 480 1918 habita
496 1900 503 1923 ;
520 1896 546 1917 et
567 1891 631 1917 licet
651 1891 711 1925 ejus
733 1898 815 1917 causa
835 1890 901 1916 nihil
918 1890 957 1916 la-

169 1939 289 1971 bnraris,
304 1938 485 1964 nihilominus
496 1945 580 1963 cursu
596 1944 726 1970 prospero
741 1936 890 1970 navigabis.
903 1937 957 1962 Aut

169 1984 258 2011 iucole
272 1984 383 2011 domum
407 1991 506 2014 meam,
524 1982 570 2017 qui
588 1982 645 2009 hate
657 1982 796 2008 coustruxi
813 1985 841 2008 et
854 1981 956 2015 paravi,

169 2031 294 2064 quamvis
309 2029 341 2056 ad
360 2037 391 2056 ea
409 2028 530 2055 studiutn
545 2035 714 2061 operamque
730 2027 832 2053 nullam
849 2027 956 2060 impen-

170 2076 255 2102 dctis.
279 2076 310 2102 In
333 2075 434 2102 nubem
461 2074 658 2108 ingrediantur.
687 2073 723 2101 Da
746 2073 813 2100 mihi
847 2073 956 2100 tabulas

171 2121 262 2148 cordis
285 2121 333 2148 tui.
356 2120 422 2147 Sum
442 2120 492 2147 tibi
509 2120 608 2151 Moses,
624 2120 676 2147 etsi
692 2119 743 2147 hoc
763 2119 837 2146 dictu
853 2123 895 2146 est
911 2127 958 2146 au-

1009 203 1137 237 προδοσίᾳ
1152 204 1198 229 τοῦ
1216 203 1305 236 λόγου·
1322 203 1507 238 διαδεξάμενοι
1535 203 1563 229 δὲ
1591 203 1664 230 ἄλλοι
1684 204 1734 234 τὴν
1750 205 1792 229 v6-

1009 257 1064 279 σον,
1080 249 1177 283 τέχνην
1190 249 1315 280 ὰσεὸείας
1327 250 1555 283 ὲδημιούργησαν,
1567 249 1592 275 οἳ
1607 249 1645 282 τῷ
1653 249 1792 284 ἀγεννήτῳ

1008 294 1183 330 τὶινθεότητα
1209 295 1437 330 περιγράψαντες,
1466 296 1495 322 τὸ
1526 296 1667 330 γεννητὸν,
1695 297 1726 322 οὗ
1746 297 1792 331 μό-

1007 349 1051 366 νον
1062 341 1100 372 δὲ,
1121 341 1187 367 ἀλλὰ
1203 343 1249 368 καὶ
1262 342 1292 368 τὺ
1306 341 1480 374 ὲκπορευτὸν,
1507 341 1638 376 ἐξώρισαν
1664 342 1713 376 τῆς
1728 342 1793 368 Θεό-

1007 395 1098 421 τητοε,
1123 387 1255 421 ὀνόματος
1268 389 1396 422 κοινωνίᾳ
1417 388 1497 422 μόνον
1523 388 1573 423 τὴν
1590 387 1692 423 Τριάδα
1711 389 1793 423 τιμή-

1009 441 1114 463 σαντες·
1131 433 1164 467 ἢν
1182 433 1249 468 μηδὲ
1260 433 1338 460 τοῦτο
1350 434 1418 468 αὐτῇ
1435 434 1616 469 τηρήσαντες.

1051 561 1225 596 Ἀλλ’ήμεῖς,
1243 560 1343 591 εἰδότες
1362 559 1392 586 τὸ
1418 560 1468 595 μὲν
1485 561 1525 591 είς
1547 559 1662 594 ἀριθμὸν
1686 560 1733 586 ἕνα
1758 559 1794 586 τὰ

1006 607 1071 642 τρία
1090 607 1245 634 συστέλλειν
1257 606 1401 640 ἀθεότητος
1429 606 1470 638 ὃν,
1495 605 1542 631 καὶ
1567 605 1617 639 τῆς
1646 605 1792 631 Σαῆελλίου

1008 653 1194 688 καινοτομίας,
1215 652 1244 690 ὃς
1259 652 1367 687 πρῶτος
1385 651 1518 686 συστολὴν
1532 651 1660 685 θεότητος
1678 650 1792 685 ἐπενόη-

1009 707 1048 726 σε·
1063 699 1093 726 τὸ
1105 699 1133 725 δὲ
1149 699 1182 725 τὰ
1201 699 1264 734 τρία
1280 699 1394 732 διαιρεῖν
1412 698 1510 733 φύσεσι
1526 698 1682 732 κατατομὴν
1698 697 1794 732 656:1“,-

1007 755 1052 776 τος
1064 745 1190 779 ἔκφυλον·
1203 745 1251 771 καὶ
1265 745 1294 770 τὺ
1312 744 1340 770 ἓν
1366 744 1456 774 καλῶς
1477 745 1667 780 ἐτηρήσαμεν,
1683 744 1792 778 θεότητι

1008 793 1071 827 γάρ·
1089 791 1179 818 καὶτὰ
1192 791 1254 826 τρία
1272 791 1394 822 εὐσεϐῶς
1403 791 1587 825 ὲκηρὺξαμεν,
1601 791 1713 829 ἰδιότησι
1725 790 1791 825 γάρ·

1006 837 1069 864 οὔτε
1083 838 1122 872 τῷ
1137 838 1177 863 ἐνὶ.
1192 837 1369 872 συγχέαντες,
1384 836 1446 863 οὒτε
1464 838 1520 867 τοῖς
1535 837 1608 871 τρισὶ
1631 836 1794 870 διαστήσαν-

1006 891 1064 915 τες,
1077 882 1134 909 ἀλλ’
1151 882 1180 908 ὲν
1199 882 1272 916 ὅροις
1293 882 1434 916 μείναντες
1452 884 1500 915 τῆς
1520 881 1673 913 εὐσεϐείας.
1688 882 1726 915 τῷ
1742 890 1794 914 cpu-

1007 930 1066 963 γείν
1081 928 1130 963 τὴν
1142 928 1262 962 ἄμετρον
1275 927 1322 954 ἐπὶ
1338 927 1439 962 θάτερα
1452 927 1548 962 κλῆσίν
1571 936 1601 953 τε
1625 928 1672 953 καὶ
1686 927 1794 953 ἀντεθε-

1007 983 1060 1002 σιν.
1087 973 1136 1000 Διὰ
1151 974 1201 1008 τὴν
1219 972 1485 1008 μέσηνβαδίζοντες,
1501 974 1575 1008 φησι,
1590 973 1637 999 καὶ
1650 972 1794 1007 βασιλικὴν

1007 1020 1047 1056 (ὲν
1056 1017 1077 1053 ᾧ
1085 1020 1136 1046 καὶ
1147 1018 1178 1044 τὸ
1194 1017 1259 1044 ’τῶν
1271 1018 1376 1053 ἀρετῶν
1387 1019 1513 1054 ἕστηκεν,
1526 1019 1562 1049 ὡς
1572 1019 1646 1045 δοκεῖ
1658 1019 1714 1049 τοῖς
1728 1019 1794 1053 περὶ

1005 1065 1091 1092 ταῦτα
1110 1061 1228 1094 δεινοῖς),
1240 1062 1402 1097 πιστεύομεν
1414 1064 1453 1094 είς
1465 1064 1584 1097 Πατέρα.
1600 1064 1646 1090 καὶ
1661 1062 1723 1088 Υὶὺν
1746 1063 1796 1091 καὶ

1006 1113 1118 1148 Πνεῦμα
1134 1113 1222 1147 ἅγιον,
1237 1111 1366 1148 ὀμοηύσιά
1381 1119 1411 1137 τε
1424 1110 1471 1136 καὶ
1483 1109 1613 1144 ὑμόδοξα,
1642 1109 1670 1135 ἐν
1684 1106 1725 1140 οἷς
1745 1109 1794 1134 καὶ

1006 1161 1054 1195 τὴν
1069 1160 1209 1186 τελείωσιν
1231 1159 1299 1194 ἔχει,
1329 1158 1358 1184 ἔν
1377 1165 1407 1183 τε
1423 1156 1536 1192 ὀνόμασι
1569 1157 1615 1182 καὶ
1631 1156 1794 1190 πράγμασιν

1006 1206 1037 1232 τὸ
1049 1206 1191 1241 βάπτισμα
1206 1203 1290 1239 (οἶδας
1299 1206 1312 1231 ὁ
1324 1203 1448 1238 μυηθεὶς)
1461 1203 1576 1237 ἄρνησις
1586 1201 1616 1228 ὃν
1630 1201 1735 1234 ἀθεῖας,
1747 1203 1794 1228 καὶ

1013 1251 1143 1286 ὁμολογία
1159 1251 1295 1285 θεότητος’
1308 1249 1354 1276 καὶ
1363 1248 1434 1275 οὕτω
1446 1246 1678 1283 καταρτιζόμεθα,
1701 1250 1730 1274 τὺ
1744 1248 1794 1283 μὲν

1007 1297 1036 1324 ἒν
1051 1299 1083 1333 τῇ
1092 1297 1171 1332 οὐσίᾳ
1184 1296 1374 1330 γινώσκοντες,
1387 1296 1433 1321 καὶ
1440 1294 1476 1329 τῷ
1489 1296 1629 1329 ἀμερίστῳ
1645 1295 1694 1328 τῆς
1707 1303 1794 1329 προσ·

1007 1343 1197 1379 κυνήσεως,τὰ
1207 1342 1235 1369 δὲ
1246 1342 1308 1377 τρία
1316 1342 1373 1373 ταῖς
1387 1341 1576 1373 ὐποστάσεσιν,
1591 1340 1639 1366 εἴτ’
1647 1340 1693 1367 οὖν
1707 1349 1795 1374 προσ-

1006 1390 1100 1422 ώποις,
1116 1390 1129 1416 ὅ
1144 1398 1197 1416 τισι
1217 1388 1302 1422 φίλον.
1321 1388 1396 1421 Μηδὲ
1411 1387 1464 1422 γὰρ
1484 1387 1510 1412 oi
1525 1388 1588 1420 περὶ
1602 1386 1687 1413 ταῦτα
1713 1387 1796 1421 ζυγο-

1008 1437 1156 1471 μαχοῦντες
1181 1434 1431 1470 ἁσχημονείτωσαν,
1453 1435 1548 1468 ὥσπερ
1563 1434 1590 1459 ὲν
1606 1434 1717 1468 ὀνόμασι
1741 1443 1795 1460 κει-

1010 1482 1171 1517 μένης”ἡμῖν
1187 1482 1235 1515 τῆς
1249 1480 1400 1511 εὐσεϐείας,
1416 1480 1464 1506 οὐκ
1477 1481 1505 1506 ὲν
1522 1479 1691 1514 πράγμασιν.
1713 1480 1794 1506 Ἀλλὰ

1007 1527 1130 1558 δέδοικας
1146 1527 1182 1561 μὴ
1193 1526 1312 1560 τριθεΐαν
1329 1526 1488 1559 ὀνειδισϐῇς.
1507 1526 1573 1559 Ἔχε
1590 1525 1622 1551 σὺ
1633 1525 1662 1551 τὸ
1678 1525 1792 1558 ἀγαθὸν,

1007 1572 1055 1606 τὴν
1068 1573 1096 1598 ὲν
1113 1572 1168 1602 τοῖς
1179 1573 1266 1604 τρισὶν
1277 1571 1383 1597 ἕνωσιν·
1399 1571 1459 1605 ἐμοὶ
1476 1571 1523 1605 τὴν
1540 1571 1629 1604 μάχην
1644 1571 1796 1604 παράπεμ-

1007 1618 1066 1652 ψον.
1083 1617 1182 1643 Ἐασον
1211 1617 1261 1651 ἐμὲ
1285 1616 1423 1650 ναυπηγὸν
1437 1614 1520 1648 εἶναι,
1548 1617 1579 1642 σὺ
1600 1615 1658 1650 χρῶ
1687 1618 1718 1650 τῇ
1735 1617 1792 1649 νηΐ.

1009 1663 1064 1689 Καὶ
1078 1663 1101 1688 εἰ
1120 1662 1259 1696 ναυπηγός
1271 1663 1346 1688 ἐστιν
1359 1662 1462 1696 ἕτερος,
1476 1662 1526 1696 ἐμὲ
1546 1661 1610 1687 λάϐε
1627 1662 1675 1695 τῆς
1690 1662 1795 1693 οἰκείας

1008 1708 1197 1743 ἀρχιτέκτονα.
1215 1707 1250 1734 Σὺ
1266 1707 1367 1742 ταύτην
1381 1708 1452 1734 οἴκει
1472 1708 1541 1742 μετὰ
1564 1709 1721 1742 dualem:
1746 1710 1795 1735 καὶ

1009 1755 1032 1780 εί
1046 1754 1126 1789 μηδὲν
1139 1745 1304 1788 ἐμόχθησας,
1321 1754 1369 1788 οὐχ
1380 1751 1461 1789 ἦττον
1476 1754 1646 1788 εὐπλοήσεις.
1663 1754 1698 1781 ’Ἡ
1722 1755 1794 1782 οἴκει

1008 1799 1058 1833 τὴν
1070 1798 1158 1825 οἰκίαν
1175 1798 1244 1833 ἐμοῦ
1259 1799 1304 1824 τοῦ
1316 1799 1400 1826 ταῦτα
1412 1800 1675 1831 κατασκευάσαντος,
1701 1801 1748 1826 καὶ
1771 1801 1795 1826 εί

1010 1845 1093 1880 μηδὲν
1107 1845 1172 1879 περὶ
1186 1835 1271 1870 ταῦτα
1288 1845 1518 1879 πεφιλοπόνηκσις.
1552 1845 1625 1871 Εἵσω
1640 1847 1688 1880 τῆς
1714 1847 1796 1879 νεφέ-

1008 1891 1057 1926 λης
1070 1892 1248 1925 χωρήσωμεν.
1264 1891 1313 1921 Δός
1324 1900 1369 1924 μοι
1381 1892 1430 1921 τὰς
1443 1891 1549 1921 πλάκας
1576 1892 1624 1924 τῆς
1648 1891 1697 1925 σῆς
1723 1900 1796 1926 καρ-

1008 1937 1077 1969 δίας,
1092 1937 1204 1972 Γινομαί
1221 1945 1261 1963 σοι
1276 1938 1407 1972 Μωῦσῆς,
1437 1938 1461 1963 εί
1478 1939 1525 1964 καὶ
1547 1937 1681 1972 τολμηρὸν
1696 1937 1794 1969 εἰπεῖν,

1009 1983 1141 2017 ἐγγράφω
1157 1983 1281 2017 δακτύλῳ
1299 1983 1366 2009 Θεοῦ
1390 1985 1449 2009 νέαν
1477 1983 1634 2016 δεκάὶργον·
1664 1983 1796 2016 ὲγγράφω

1011 2029 1143 2064 σύντομον
1163 2030 1312 2064 σωτηρίαν.
1338 2029 1368 2055 Et
1381 2029 1409 2055 δέ
1433 2037 1458 2054 τι
1475 2029 1568 2063 (κηρίον
1593 2028 1731 2062 αἱρετικὸν
1748 2028 1797 2054 καὶ

1009 2075 1162 2108 ἀλόγιστον,
1179 2074 1255 2100 κάτω
1269 2074 1398 2109 μεινάτω·
1417 2074 1432 2109 ἢ
1455 2073 1622 2101 κινδυνεύσει
1639 2072 1797 2099 140060106-

1012 2129 1091 2156 μενον
1105 2120 1143 2155 τῷ
1156 2120 1227 2155 λόγῳ
1238 2121 1287 2154 τῆς
1302 2120 1441 2155 ἀληθείας.

171 2167 275 2194 (lacius.
312 2165 437 2193 lnseribo
463 2164 548 2199 digito
575 2165 621 2191 Dei
654 2172 755 2192 novum
787 2164 971 2200 decalogum:
993 2166 1116 2193 inscribo
1140 2165 1305 2200 compendio
1342 2165 1448 2193 salutis.
1474 2165 1553 2198 Quod
1579 2166 1601 2193 si
1623 2173 1684 2200 qua
1708 2166 1797 2194 bestia

171 2212 296 2240 haeretica
311 2217 338 2238 et
354 2211 467 2238 rationis
479 2218 578 2245 expers
593 2215 645 2242 est,
659 2211 733 2238 intra
764 2215 892 2238 maneat:
910 2216 957 2238 aut
975 2211 1131 2246 periculum
1147 2212 1211 2243 erit,
1228 2219 1262 2238 ne
1279 2219 1406 2239 sermone
1424 2213 1547 2240 veritatis
1557 2212 1706 2247 lapidetur.

208 2258 268 2286 Non
285 2262 388 2285 temere
404 2257 498 2291 igitur,
515 2264 605 2291 neque
624 2263 639 2284 a
655 2264 737 2291 scopo
753 2257 886 2284 aberrans
901 2264 952 2292 ego

1043 2258 1082 2284 Οὐ
1099 2250 1188 2292 μᾶτην
1203 2257 1331 2292 ἄρα,οὑό¹
1344 2257 1397 2289 ἔξω
1414 2257 1460 2284 τοῦ
1478 2247 1580 2284 exorto?)
1609 2258 1714 2293 βάλλων
1740 2260 1797 2294 ἐγὼ

171 2306 217 2333 illa
231 2305 264 2332 de
276 2303 346 2335 istis,
357 2303 403 2338 qui
420 2307 485 2330 sunt
499 2303 616 2337 aequales
631 2302 772 2336 apostolis,
788 2306 814 2330 et
829 2303 957 2336 apostoli,

172 2357 200 2380 ct
219 2350 407 2385 theologorum
426 2348 609 2382 antesignani,
633 2353 711 2375 antea
735 2348 848 2382 protuli,
872 2348 955 2376 etiam

171 2399 224 2425 hos
240 2404 301 2424 cum
326 2395 408 2422 Petro
425 2399 452 2422 et
467 2394 562 2426 Paulo,
580 2397 608 2420 et
631 2393 703 2420 illius
730 2393 857 2426 touitrui,
874 2393 956 2428 primi

170 2443 246 2469 iitius
259 2440 336 2468 cli-iri
351 2440 489 2474 capitibus
504 2439 531 2465 in
548 2437 681 2465 mundum
695 2446 709 2466 a
722 2438 832 2466 Christo
844 2439 954 2471 missos,

170 2488 217 2522 qui
233 2486 381 2515 secundam
405 2485 508 2516 ᾰθεῖαν,
533 2488 560 2511 et
578 2489 766 2511 creaturarum
781 2485 884 2511 cultum
895 2488 956 2518 post

170 2533 242 2565 illos,
259 2536 286 2559 et
301 2539 364 2559 cum
378 2531 441 2564 illis,
451 2531 552 2559 virtute
567 2529 662 2563 Verbi,
672 2538 799 2564 vermque
813 2538 844 2557 ac
861 2530 956 2567 prima:

170 2570 317 2613 sapientiae
334 2578 395 2612 igne
411 2577 526 2611 spiritus
550 2577 662 2611 penitus
676 2580 834 2607 exurerent,
851 2581 878 2603 et
901 2576 955 2603 Ec-

170 2625 282 2652 clesiatn
304 2625 380 2658 ejus,
409 2623 574 2650 defectionis
605 2622 760 2648 discrimini
786 2622 952 2656 proximam.

170 2675 285 2704 propter
307 2669 444 2700 hiemem,
469 2672 565 2696 ventos
581 2668 753 2695 contrarios.
772 2671 799 2694 et
821 2668 955 2701 procellas

171 2715 327 2742 daemonum
349 2711 466 2741 artificio
485 2714 638 2741 concitatas
660 2712 851 2743 caletaccrcnt,
874 2713 954 2739 ardo-

170 2767 286 2794 remque
304 2760 451 2794 pristinum
468 2758 709 2789 redaccentlerent.
728 2758 781 2785 Per
797 2758 866 2792 ques
880 2758 955 2785 vide-

169 2805 233 2832 licet
248 2805 452 2840 consequimur,
468 2809 497 2831 ut
513 2807 605 2832 sancte
623 2803 756 2837 Vivamus,
776 2808 805 2830 ut
829 2804 955 2832 sacerdo-

1007 2304 1098 2330 ὲκείνα
1113 2303 1178 2337 περὶ
1187 2303 1241 2329 τῶν
1251 2303 1445 2336 ίσαποστόλων,
1456 2304 1502 2331 καὶ
1515 2305 1671 2332 ἀποστόλων
1679 2306 1799 2341 τούτων,

1010 2349 1056 2376 καὶ
1069 2350 1225 2383 κορυφαίων
1238 2350 1370 2378 θεολόγων
1382 2349 1486 2383 φθάσας
1501 2351 1604 2384 ἔλεγον,
1619 2352 1660 2377 ὅτι
1674 2352 1721 2378 καὶ
1735 2353 1801 2378 τού-

1010 2402 1070 2425 τους
1083 2394 1151 2429 μετὰ
1175 2394 1290 2429 Πέτρου,
1318 2394 1366 2420 καὶ
1381 2393 1500 2428 Παύλου,
1535 2395 1644 2423 καὶτῶν
1658 2396 1723 2422 υἱῶν
1749 2397 1801 2432 τῆς

1010 2438 1139 2473 βροντῆς,
1153 2439 1206 2465 τῶν
1231 2439 1278 2466 τοῦ
1290 2438 1398 2473 πρώτου
1415 2439 1508 2474 χοροῦ,
1529 2441 1612 2476 φημὶ,
1628 2434 1799 2476 κορυςραἱων,

1008 2485 1046 2514 εἰς
1070 2484 1116 2510 τὸν
1133 2485 1233 2519 κόσμον
1248 2485 1365 2520 Χριστὸς
1391 2485 1579 2519 ἐξαπέστειλε,
1597 2487 1645 2522 τὴν
1669 2489 1801 2523 δευτέραν

1007 2530 1111 2562 suam,
1129 2531 1238 2566 natent:
1251 2530 1379 2565 λατρείαν
1393 2531 1447 2557 τῶν
1465 2533 1634 2566 κτισμάτων,
1660 2535 1803 2567 μετ’ὲκεί-

1007 2584 1067 2607 νους
1084 2576 1130 2602 καὶ
1144 2576 1192 2602 σὺν
1204 2576 1317 2607 ἐκείνοις
1329 2577 1441 2611 δυνάμει
1455 2577 1533 2611 λόγου
1546 2579 1593 2604 καὶ
1607 2579 1656 2614 τῆς
1670 2580 1804 2615 ἀληθινῆς

1007 2623 1054 2649 καὶ
1066 2622 1176 2656 πρώτης
1189 2622 1284 2655 σοφίας
1298 2622 1335 2656 τῷ
1346 2623 1413 2657 πυρὶ
1424 2623 1470 2649 τοῦ
1484 2624 1638 2658 πνεύματος
1664 2626 1804 2659 καταφλὲ-

1006 2667 1109 2700 ξλντας,
1119 2668 1166 2693 καὶ
1173 2667 1220 2700 τὴν
1229 2666 1391 2702 Ἐκκλησίαν
1403 2668 1505 2695 ἐκείνου
1515 2670 1720 2697 κινδυνεύουσαν
1732 2673 1805 2700 ἐκλι-

1006 2714 1065 2739 πεῖν
1076 2714 1124 2747 ἤδη
1136 2713 1174 2748 τῷ
1187 2715 1311 2749 χειμῶνι,
1323 2715 1370 2741 καὶ
1385 2716 1438 2746 ταῖς
1449 2716 1712 2749 διιμονικκῖ;“ὰυτιπ
1721 2720 1802 2751 atat;

1006 2759 1207 2793 θερμανοῦντας
1227 2761 1273 2787 xal.
1289 2759 1565 2796 ἁναζωπυρὴεοντας,
1573 2761 1646 2789 δι’ὧν
1659 2763 1745 2798 δήπου
1755 2767 1804 2791 καὶ

1005 2805 1035 2831 τὸ
1048 2805 1135 2837 καλῶς
1145 2806 1285 2842 ζῇνλημῖν,
1304 2808 1351 2833 καὶ
1364 2807 1499 2841 ἱερᾶσθαι,
1519 2809 1565 2835 καὶ
1585 2809 1731 2841 διδάσκειν,
1750 2812 1798 2837 καὶ
