1942 3091
166 156 219 187 ἿδῚ

697 140 908 184 I‘HILOTHEI
928 153 982 184 cr.
1004 153 1258 186 ΡΑτιιιΑῐιςΗΑι

1731 150 1788 181 ’τδὸ

163 212 301 243 Exallale.
314 211 395 238 nolite
412 212 514 238 timere.
528 210 684 238 Sacerdotes
702 211 839 243 loquimini
859 211 894 237 ad
907 219 951 237 cor

1012 212 1122 248 Ι(ριστοῖι
1142 212 1306 246 Ἐκκλησῑαν
1321 211 1414 245 φημί).
1425 211 1569 245 ’Ύψωσον
1580 218 1616 243 τῃ
1632 209 1717 243 Ἰσχύι
1731 210 1790 242 τὴν

163 257 323 285 Jerusalem.
344 257 459 284 Dimisso
480 261 518 283 est
537 257 606 283 enim
623 256 749 290 iniquitas
772 255 846 283 illius
862 256 897 283 “.
917 256 949 282 Et

163 303 222 330 haec
238 301 349 337 quidem
364 302 507 340 hactenus.

201 353 255 381 Sed
274 354 403 388 quoniam
420 358 447 381 et
466 354 649 388 speculatoris
663 354 722 387 Dei,
741 358 769 382 et
786 353 950 389 legislatoris

166 398 260 430 Hosis,
277 398 405 426 similiter
424 398 548 433 ejusdem
565 402 748 433 spectatores,
765 403 793 426 et
812 398 952 433 legislato-

166 451 223 477 res,
239 444 273 471 de
295 444 351 471 Deo
367 444 594 479 philosophantes
614 449 643 471 et
663 445 794 471 docentes
816 443 844 470 hi
870 444 951 478 paulo

166 495 230 518 ante
242 491 443 518 meminerunt:
455 490 493 517 ait
501 490 586 522 enim,
596 490 623 517 in
639 490 739 517 nubem
753 489 950 524 ingrediamur.

168 537 203 563 da
219 536 285 563 mihi
300 535 408 564 tabulas
419 535 512 563 cordis
525 535 585 562 tui:
604 543 664 562 sum
680 535 729 562 tibi
747 535 835 562 Moses
847 535 954 570 (quam-

167 582 210 609 vis
226 582 278 608 hoc
293 581 368 608 dictu
392 581 479 608 audax
492 581 550 614 sit).
566 580 686 607 inscribo
702 580 787 615 digito
804 580 852 607 Dei
870 580 953 607 deca-

168 627 278 660 lagum;
296 626 417 653 inscribo
432 625 626 660 compendium
643 625 758 652 salutis:
775 631 809 651 ne
824 624 876 651 hoc
891 623 952 659 quiv-

169 673 231 699 dem
251 671 450 700 transeundum
465 671 574 705 opinor,
588 671 653 704 quin
668 677 717 704 pro
736 670 842 697 viribus
863 669 955 696 consi-

169 718 297 744 deramus
310 725 317 743 :
332 716 483 752 przesertim
500 723 563 744 cum
583 716 617 743 ab
634 715 700 750 ipsis
719 715 788 742 adeo
802 715 956 743 sublimiter

168 767 196 790 et
211 761 354 797 magniﬁce
371 761 508 796 prolatum
532 761 579 789 sit.
603 761 675 794 Quid
703 761 808 795 igitur?
823 760 889 793 Quae
913 765 956 788 est

171 808 259 834 oratio
276 807 357 834 mea?
373 806 405 833 Hi
421 813 541 841 quoque,
558 810 587 833 ut
602 806 690 834 Moses
714 807 758 833 ille
774 805 955 837 clarissimus,

170 851 305 886 pastorali
320 851 396 886 virga
414 851 449 878 ab
470 858 504 878 eo
517 851 564 885 qui
580 855 634 883 est,
657 851 708 878 sibi
733 851 842 884 tradita,
863 850 956 885 diique

172 896 325 924 Pharaonis
351 901 379 923 et
398 895 506 923 hostilis
522 896 661 923 exercitus
684 895 745 930 ejus
769 895 909 930 appellati,
929 895 955 922 in

173 941 346 969 tenebrosam
367 946 395 969 et
425 942 640 976 persecutricem
663 941 826 976 A‘Egyptum,
846 941 874 968 in
898 948 960 975 per-

171 995 289 1020 versam,
299 987 422 1022 inquam,
432 991 460 1014 et
473 987 579 1014 ratione
589 990 730 1014 carentem
742 986 838 1013 ἀοεϊαν
848 986 960 1013 descen-

171 1033 281 1066 derunt,
297 1033 446 1067 divinaque
463 1033 560 1065 verbo,
581 1037 610 1060 et
636 1032 722 1067 digito
738 1032 799 1064 Dei,
815 1032 887 1060 sicut
901 1032 958 1063 ille,

171 1079 259 1115 plagis
279 1079 437 1107 saevissimis
462 1086 522 1106 eam
538 1079 718 1113 flagellarunt.
747 1077 852 1105 Deinde
875 1078 959 1104 etiam

172 1126 304 1160 populum
323 1125 431 1152 Domini
454 1125 517 1153 inde
532 1126 682 1152 educenles
693 1146 700 1158 ,
716 1125 744 1151 in
760 1131 841 1151 manu
861 1124 960 1157 potenti

173 1176 199 1198 et
213 1170 319 1198 brachio
333 1170 432 1198 excelso
444 1171 478 1203 “,
497 1170 662 1204 profundum
683 1170 757 1197 falsa:
777 1169 960 1203 inﬁdelitatis,

174 1214 250 1248 ligno
266 1215 370 1247 crucis,
388 1219 471 1248 atquc
494 1215 523 1241 in
539 1222 570 1241 eo
589 1214 677 1241 θυίῐίκὶ
692 1214 854 1241 admiranda
871 1214 961 1241 imita-

175 1259 263 1291 tione,
279 1264 306 1286 ει
320 1260 462 1286 communi
483 1260 572 1286 salute
584 1278 591 1291 ,
607 1267 689 1293 quam
713 1259 740 1286 in
763 1258 854 1286 medio
879 1263 960 1286 terrae

174 1302 235 1337 ipse
258 1303 335 1330 solus
350 1308 482 1338 operatus
500 1307 561 1333 est.
582 1307 643 1337 post
667 1303 760 1335 illum,
783 1306 812 1329 et
833 1310 896 1329 cum
912 1301 960 1329 illo

174 1349 408 1383 pertransierunt,
425 1347 647 1384 Egyptiunique,
661 1353 689 1375 et
713 1348 860 1383 superbam
884 1355 961 1375 men-

176 1399 232 1420 tem
244 1414 251 1426 ,
275 1394 446 1420 Pharaonem
472 1394 545 1427 dico,
561 1394 608 1429 qui
631 1394 723 1421 animo
737 1384 883 1427 cerniturp
896 1401 959 1422 cum

176 1439 306 1466 omnibus
333 1439 420 1473 copiis
443 1438 662 1473 submersarum,
675 1446 771 1474 equos,
789 1444 817 1466 et
835 1446 963 1467 ascenso-

176 1492 234 1517 res,
253 1489 281 1512 et
296 1484 381 1511 duces
395 1484 497 1512 ibidem
518 1484 632 1512 marinis
647 1486 727 1519 aquis
743 1485 894 1512 obruerunt
908 1493 916 1517 ς
933 1489 961 1512 et

175 1531 319 1559 victoriale
335 1538 446 1558 carmen
458 1538 521 1558 eum
544 1531 596 1565 ipsi
620 1531 790 1563 cecinerunt,
805 1535 861 1558 tum
874 1539 962 1566 popu-
975 1535 996 1566 ρ

174 1576 232 1603 lum
247 1575 354 1603 Domini
371 1577 422 1604 sim
435 1576 497 1604 liter
507 1583 605 1603 canere
622 1576 784 1604 docuerunt.
797 1576 881 1604 iidem
896 1584 958 1604 cum

176 1624 250 1652 Mose
278 1628 397 1652 montem
421 1624 652 1656 conscenderunt.
669 1625 780 1652 Amelec
803 1625 957 1659 improbum

176 1677 321 1704 pravarum
348 1670 501 1698 motionum
519 1670 699 1698 architectum
717 1671 878 1698 extensione
903 1679 961 1698 ma-

178 1723 280 1747 nuum,
295 1720 323 1743 et
343 1715 428 1750 ﬁgura
443 1715 508 1743 novi
523 1716 662 1752 mysterii,
678 1716 864 1744 inetiabilibus
881 1717 961 1744 intel-

178 1762 297 1797 ligentim
320 1761 529 1789 eﬂicacitatihus
558 1765 786 1796 prostraverunt;
818 1762 865 1797 qui
900 1767 962 1797 post

177 1806 294 1840 primam
310 1805 382 1832 illam
398 1806 586 1840 illustremque
609 1806 753 1833 victoriam
767 1807 814 1833 Dei
830 1807 960 1840 populum

178 1851 353 1884 impudenter
370 1852 467 1878 iterum
485 1852 630 1878 invaserat.
656 1852 685 1878 In
707 1852 833 1878 columna
850 1851 919 1879 lucis
933 1857 961 1880 et

181 1896 263 1923 nubis
277 1903 325 1929 per
342 1895 518 1923 solitudinem
534 1895 567 1922 iis
583 1895 761 1930 praeiverunt.
777 1895 874 1922 Manna
887 1896 960 1929 quod

179 1941 231 1969 sub
255 1941 388 1978 rationem
407 1941 490 1975 cadit,
506 1940 645 1967 Christum
656 1961 663 1974 ,
678 1940 806 1975 inquam,
821 1941 848 1968 in
867 1941 963 1968 alimo-

179 1987 253 2014 niam
286 1986 496 2014 immortalitatis
518 1985 620 2013 aﬂatim
645 1986 688 2014 his
710 1987 898 2021 prmhuerunt.
924 1987 963 2014 De

181 2037 259 2067 petra
284 2039 429 2067 percussa,
456 2031 550 2059 lateris
584 2032 692 2059 Domini
716 2033 842 2060 videlicet
872 2033 962 2067 melle,

183 2086 254 2105 novo
271 2078 389 2112 quodam
412 2077 495 2105 modo
515 2085 563 2105 eos
580 2082 762 2106 saturarum:
781 2079 865 2113 idque
887 2084 963 2107 tanto

179 2122 371 2154 excellentius,
382 2127 486 2157 quanto
503 2123 561 2151 haec
576 2124 648 2158 typis
661 2124 715 2152 illis
730 2129 758 2152 ct
773 2124 963 2152 adumbratio-

181 2167 263 2195 nibns
277 2167 652 2203 excelsiora,maiestatisque
669 2169 790 2204 pleniora
802 2174 876 2198 sunt.
891 2170 963 2204 Quid

181 2214 323 2248 amplius?
340 2213 388 2240 Dei
405 2214 484 2249 jussu
501 2213 577 2241 Sinai
607 2219 700 2243 monte
721 2223 887 2249 conscenso,
906 2217 965 2245 sine

182 2259 347 2294 fulguribus,
368 2260 638 2294 lanitruis,procella
664 2265 691 2288 et
716 2261 833 2296 caligine
853 2263 965 2298 (quibus

183 2306 281 2333 initiati
299 2307 484 2340 exterrentur)
499 2311 528 2334 et
544 2307 633 2340 ignem
651 2313 847 2342 perrumpunt,
859 2313 886 2337 et
902 2317 965 2337 eum

186 2351 256 2378 llose
274 2352 374 2379 nul‘em
393 2352 596 2387 ingrediuntur,
608 2358 636 2380 et
659 2353 686 2380 in
703 2354 803 2382 tabulis
822 2363 876 2382 non
893 2355 964 2390 lapi-

183 2398 260 2429 dei‘s,
284 2397 332 2425 sed
350 2398 377 2425 in
400 2398 532 2426 cordibus
550 2400 722 2432 carnalibus,
745 2401 832 2436 digito
851 2402 900 2429 Dei
924 2403 967 2438 (ut

184 2450 248 2470 cum
274 2443 341 2477 ipsis
365 2450 463 2471 rursus
489 2443 594 2472 dit-am)
621 2451 720 2470 novum
743 2445 903 2480 decaiagum
940 2451 968 2473 et

184 2487 379 2522 compendium
406 2487 507 2514 salutis
529 2487 704 2515 inscribunt:
732 2493 759 2516 et
782 2489 827 2516 hic
856 2489 968 2524 quidem

185 2538 365 2559 sacrosanctae
378 2531 533 2564 Trinitatis,
547 2536 575 2559 et
598 2531 721 2559 divinum
739 2532 839 2561 Christi
859 2541 970 2561 oecono-

188 2579 250 2606 miae
277 2577 455 2614 mysterium,
477 2577 532 2604 illic
551 2577 700 2610 Evangelia
724 2578 830 2606 aﬂinem
859 2581 969 2609 vivendi

188 2624 310 2657 modum,
327 2623 574 2657 mandatorumque
600 2624 801 2658 implendorum
828 2626 900 2653 viain
929 2628 970 2654 in-

185 2669 317 2705 scalpunt
327 2669 401 2703 (ﬁdes
413 2669 547 2704 siquidem
558 2671 614 2697 sine
624 2671 745 2703 operibus
759 2677 863 2699 mortua
882 2677 921 2700 est
937 2674 969 2705 “,

188 2720 218 2742 ut
241 2723 323 2750 opera
339 2716 399 2743 sine
420 2715 496 2743 lida:
515 2715 588 2750 quod
612 2716 695 2743 etiam
721 2717 771 2750 ipsi
788 2717 968 2752 docuerunt),

187 2761 252 2789 inde
280 2770 335 2789 non
354 2762 411 2797 jam
437 2769 500 2789 cum
517 2762 602 2794 Mose,
623 2762 671 2790 sed
697 2762 759 2798 plus
782 2771 862 2798 quam
883 2765 970 2793 Moses

1001 262 1104 296 φωνήν
1114 270 1182 292 σου,
1193 263 1209 288 ό
1218 260 1476 295 εὐαγγελιζόμενος
1484 257 1693 292 Ἰερουσαλήμ.
1700 256 1794 283 ,ιέλυ-

979 322 985 327 ι
999 316 1047 335 ται
1059 302 1114 342 γὰρ
1125 308 1144 341 ὴ
1153 307 1252 334 ἀδικία
1264 304 1367 338 αὐτῆς.
1376 305 1431 332 Καὶ
1441 305 1527 332 ταῦτα
1543 303 1591 338 μὲν
1600 303 1639 332 είς
1649 301 1789 328 τοσοῦτον.

1043 353 1112 380 Ἀλλ’
1131 352 1192 379 taret
1210 352 1258 378 καὶ
1273 351 1319 378 τοῦ
1344 351 1459 377 θεόπτου
1487 349 1534 376 καὶ
1558 347 1705 382 νομοθέτου
1721 347 1790 373 Μω-

1003 399 1072 430 σέως
1092 399 1117 425 oi
1139 398 1252 424 θεόπται
1279 397 1327 424 καὶ
1358 396 1503 431 νομοθέται
1525 393 1716 427 θεολογοῦντες
1741 392 1792 419 καὶ

1001 444 1173 474 διδάσκοντες
1194 440 1267 470 οὗτοι
1292 442 1345 477 πρὸ
1368 441 1483 477 βραχέος
1508 439 1682 475 ἐμνήσθησαν
1695 445 1702 453 ·
1723 436 1792 463 εἵσω

1003 491 1051 517 καὶ
1070 489 1224 524 γὰρ,φησὶ,
1247 490 1296 523 τῆς
1322 488 1437 522 νεφέλης
1463 487 1651 521 χωρήσωμεν·
1671 483 1715 515 δός
1744 491 1791 517 μοι

1003 535 1052 567 τὰς
1071 535 1178 566 πλάκας
1191 534 1240 566 τῆς
1262 534 1312 568 σῆς
1329 533 1442 567 καρδίας
1455 540 1464 548 ·
1481 530 1594 566 γίνομαί
1611 537 1652 556 σοι
1665 528 1789 561 Μωῦσῆς

1005 583 1041 619 (εί
1066 583 1114 609 καὶ
1134 581 1271 616 τολμηρὸν
1292 580 1391 614 ﬂuctv)
1405 589 1411 596 ι
1429 579 1562 613 ἐγγράφω
1577 575 1703 609 δακτύλῳ
1717 573 1788 600 Θεοῦ

1004 630 1064 656 νέον
1078 628 1225 661 δεκάλογον
1235 636 1243 643 ·
1262 625 1395 661 ἐγγράφω
1410 625 1541 658 σύντομον
1557 621 1695 656 σωτηρίας
1705 627 1713 636 δ
1729 619 1793 646 οὐδὲ

1003 675 1083 702 τοῦτο
1113 675 1179 706 δεῖν,
1202 671 1290 707 οἶμαι,
1315 671 1505 707 παραδραμεῖν
1533 669 1689 703 ἀθεώρητον
1718 665 1792 692 κατὰ

1005 720 1129 754 δύναμιν,
1153 719 1201 745 καὶ
1227 718 1344 753 μάλιστα
1369 716 1437 751 παρ’
1464 715 1555 742 αὐτῶν
1580 713 1693 740 ἐκείνων
1719 711 1793 738 οὕτω

1007 766 1090 801 ρηθέν
1105 764 1216 799 ὑψηλῶς
1230 771 1260 790 τε
1280 763 1327 790 καὶ
1342 761 1570 798 μεγαλοπρεπῶς.
1586 759 1619 785 τε
1639 755 1686 784 οὖν
1703 764 1793 791 φημι;

1008 814 1063 839 Καὶ
1078 812 1120 844 τίς
1133 812 1147 837 6
1161 811 1226 845 ἐμὸς
1242 809 1340 843 Myos;
1356 808 1411 835 Καὶ
1435 803 1519 839 οὗτοι,
1536 805 1606 832 κατά
1627 803 1728 831 Μωσέα
1747 802 1795 828 τὸν

970 873 994 902 Β
1010 859 1097 893 μέγαν
1112 856 1160 891 τὴν
1172 853 1357 890 ποιμαντικὴν
1373 852 1472 887 ῥάϐδον
1485 849 1702 902 ἐγχειρισθέντες
1716 846 1794 902 παρά

1009 904 1055 931 τοῦ
1071 904 1159 935 ὄντος,
1172 902 1220 929 καὶ
1233 901 1289 928 θεοὶ
1305 898 1405 933 Φαραὼ
1419 897 1590 932 χρισθέντες,
1602 895 1650 922 καὶ
1665 894 1714 927 τῆς
1726 894 1794 926 περὶ

1009 950 1091 977 αὒτδν
1107 947 1299 982 ἀντικειμένης
1314 945 1466 979 δυνάμεως,
1481 942 1521 974 είς
1538 949 1567 968 τε
1583 940 1634 975 τὴν
1651 937 1793 972 σκοτεινὴν

1009 996 1057 1023 καὶ
1083 994 1232 1028 διώκτριαν
1260 992 1408 1024 Αιγυπτον,
1424 989 1474 1023 τὴν
1501 987 1624 1022 πονηράν
1647 993 1720 1019 φημι
1746 983 1796 1010 καὶ

1009 1041 1151 1074 ἀλόγιστον
1180 1038 1286 1069 ἀθεῖαν,
1310 1035 1455 1069 κατῆλθον,
1479 1034 1528 1060 καὶ
1552 1032 1624 1067 λόγῳ
1653 1031 1727 1065 θείῳ.
1745 1030 1798 1056 καὶ

1009 1087 1134 1121 δακτύλῳ
1153 1083 1233 1115 Θεοῦ,
1250 1083 1310 1110 κατ’
1339 1083 1454 1113 ἐκεῖνον,
1485 1079 1603 1113 πληγαῖς
1627 1076 1795 1121 βαρυτάταις

1009 1120 1292 1166 ταύτηνγέμάστιξαν.
1310 1126 1379 1154 Εἶτα
1406 1126 1455 1153 καὶ
1477 1125 1523 1152 τὸν
1546 1123 1592 1150 τοῦ
1610 1123 1714 1156 Κυρίου
1730 1120 1795 1146 λαὸν

1010 1178 1115 1205 ἐκεῖθεν
1143 1169 1334 1209 ἐξαγαγόντες,
1354 1173 1390 1199 ὲν
1415 1171 1491 1206 χειρὶ
1520 1167 1645 1204 separaui
1677 1167 1725 1194 καί
1758 1165 1796 1192 ὲν

1007 1224 1149 1258 βραχίονι
1172 1219 1292 1255 ὑψηλῷ,
1310 1219 1359 1245 τόν
1374 1226 1405 1244 τε
1419 1217 1499 1252 βυθὸν
1524 1216 1573 1250 τῆς
1589 1214 1713 1248 ἁλμυρᾶς
1729 1212 1796 1238 ἀπι-

1011 1257 1087 1300 στίας
1105 1267 1175 1301 ξύλῳ
1192 1264 1321 1299 σταυροῦ,
1336 1264 1383 1290 καὶ
1397 1264 1429 1298 τῇ
1452 1261 1500 1288 τοῦ
1518 1261 1547 1287 ἐν
1567 1258 1643 1292 αὐτῷ
1657 1257 1796 1290 παγέντος

1011 1315 1154 1348 θαυμαστῇ
1170 1311 1321 1346 ἐκμιμήσει
1333 1310 1380 1336 καὶ⁸
1392 1309 1469 1342 κοινῇ
1482 1305 1614 1340 σωτηρίᾳ,
1626 1304 1661 1338 ἢν
1675 1304 1704 1328 ἐν
1718 1303 1795 1348 μέσῳ

1011 1347 1127 1396 τῆςνγῆς
1143 1347 1224 1389 αὐτὸς
1250 1357 1328 1392 μόνος
1355 1355 1512 1389 εἰργάσατο,
1530 1351 1588 1387 μετ’
1612 1350 1727 1396 ἐκεῖνον,
1748 1347 1804 1396 καέ

1013 1393 1062 1434 σίν
1082 1393 1187 1439 ἐκείνῳ
1215 1401 1378 1438 διέρρηξαν,
1408 1399 1456 1426 καὶ
1479 1397 1526 1424 τὸν
1559 1395 1719 1430 Ἀσσύριον,
1747 1393 1797 1418 καὶ

1012 1453 1187 1488 ὑπερήφανον
1216 1448 1289 1479 νοῦν,
1312 1447 1358 1473 τὸν
1388 1444 1483 1480 νοητὸν
1505 1441 1605 1477 Φαραὼ
1627 1441 1707 1488 λέγω,
1723 1448 1796 1465 παν-

1013 1486 1109 1532 στρατὶ
1134 1494 1351 1525 κατεσάπτισαν,
1366 1492 1478 1521 ἵππους,
1499 1489 1548 1516 καὶ
1570 1486 1796 1532 ἀναϐάταςητρι-

1015 1530 1114 1574 στάτας
1136 1541 1230 1569 αὐτόθι
1255 1538 1514 1568 καταποντίσαντες,
1529 1534 1577 1560 καὶ
1601 1532 1646 1559 τὸν
1661 1530 1796 1558 ἐπινίκιον

1014 1588 1091 1617 αὐτοι
1114 1596 1144 1614 τε
1171 1583 1391 1622 μεγαλοπρεπῶς
1407 1582 1534 1618 ᾄσαντες,
1550 1579 1599 1606 καὶ
1612 1577 1657 1604 τδν
1668 1576 1715 1603 τοῦ
1740 1576 1798 1622 Ku:

1016 1637 1072 1672 ρίου
1097 1620 1178 1661 λαὸν.
1197 1632 1270 1668 ᾄδειν
1294 1629 1424 1660 ὡσαύτως
1458 1626 1624 1672 διδάξαντες.
1749 1620 1804 1647 τοῦ

1013 1668 1093 1717 δρους
1115 1679 1231 1714 ἀνῆλθον
1254 1676 1323 1711 μετὰ
1340 1675 1472 1706 Μωσέως,
1488 1673 1535 1699 καὶ
1558 1668 1630 1698 οὗτοι
1645 1670 1694 1717 τὸν.
1708 1668 1798 1717 Ἄμα-

1015 1714 1077 1761 hinc,
1095 1726 1141 1752 τδν
1164 1722 1283 1758 πονηρὸν
1298 1722 1353 1748 τῶν
1377 1720 1474 1747 παθῶν
1501 1714 1802 1761 προστάτην,-ἐκτάσει

1015 1759 1116 1807 χειρῶν
1142 1769 1189 1796 καὶ
1206 1767 1287 1802 τύπῳ
1301 1764 1396 1793 καινοῦ
1412 1763 1563 1799 μυστηρίου
1576 1762 1637 1791 ταῖς
1653 1759 1802 1807 άλαλήτοις

1015 1803 1166 1852 ἐνεργείαις
1178 1813 1225 1840 τοῦ
1241 1812 1288 1839 νοῦ
1308 1812 1432 1838 καθεῖλον
1443 1818 1450 1825 ·
1467 1809 1536 1844 μετὰ
1553 1807 1601 1842 τὴν
1615 1805 1728 1852 πρώτην
1744 1803 1802 1852 »καλ

1016 1849 1139 1896 μεγάλην
1153 1858 1262 1892 ἐκείνην
1282 1856 1361 1890 νίκην
1377 1855 1480 1890 ίταμῶς
1496 1854 1534 1888 τῷ
1553 1852 1611 1886 λαῷ
1631 1850 1734 1886 Κυρίου
1750 1849 1802 1896 καὶ

1017 1895 1099 1933 πάλιν
1125 1903 1325 1937 ἐπιτιθέμενον.
1340 1901 1432 1935 Στύλῳ
1455 1899 1545 1934 φωτὸς
1571 1898 1619 1924 καὶ
1637 1896 1753 1929 νεφέλης
1770 1895 1802 1920 ἐν

1016 1951 1112 1986 ἐρήμῳ
1137 1949 1247 1979 τούτους
1268 1947 1427 1990 ὡδήγησαν.
1454 1945 1490 1971 Τὸ
1520 1944 1607 1978 μάννα
1632 1942 1662 1968 τὸ
1692 1939 1801 1990 νοητὸν,

1015 1985 1146 2030 Χριστὸν,
1167 1994 1208 2025 είς
1234 1985 1347 2027 τροφὴν”
1366 1990 1520 2026 ἀμϐροσίαν
1545 1988 1668 2023 ἀφθόνως
1695 1985 1804 2016 τούτοις

1016 2041 1165 2068 δεδώκασιν
1178 2047 1186 2055 ·
1202 2039 1231 2072 ἐξ
1257 2037 1413 2072 ἅκροτόμου
1437 2036 1552 2070 πέτρας,
1567 2034 1618 2068 τῆς
1635 2031 1802 2063 δεσποτικῆς

1016 2086 1116 2122 δηλαδὴ
1135 2084 1265 2120 πλευρᾶς,
1287 2083 1349 2118 μέλι
1371 2081 1474 2112 καινῶς
1498 2080 1609 2111 τούτους
1638 2078 1802 2113 ἐχόρτασαν,

1016 2121 1072 2166 ὅσῳ
1092 2129 1179 2156 ταῦτα
1205 2129 1261 2155 τῶν
1289 2127 1383 2154 τύπων
1406 2126 1519 2152 ἐκείνων
1535 2123 1691 2159 ὑψηλότερά
1704 2130 1734 2148 τε
1752 2121 1801 2147 καὶ

1021 2175 1311 2212 μεγαλοπρεπέστερα.
1327 2172 1394 2201 Εἶτα
1412 2173 1457 2206 τί;
1469 2173 1506 2198 Τὸ
1523 2172 1628 2197 Σίναιον
1650 2168 1803 2198 ἀναϐάντες

1019 2223 1090 2257 λόγῳ
1105 2222 1185 2253 Θεοῦ,
1200 2220 1350 2256 ἀστραπῶν
1376 2219 1424 2246 καὶ
1438 2217 1557 2253 βροντῶν
1573 2217 1646 2251 δίχα,
1663 2215 1711 2241 καὶ
1724 2213 1802 2240 θυέλ-

1018 2268 1078 2302 λης,
1094 2266 1141 2294 καὶ
1155 2265 1256 2300 γνόφου
1271 2265 1345 2300 (τοὺς
1359 2264 1408 2290 ὑπ’
1420 2261 1502 2289 αὑτοῦ
1519 2257 1803 2296 μυσταγωγουμένους

1017 2311 1273 2347 ἐκδειματούντων),
1283 2311 1314 2336 τό
1329 2318 1359 2336 τε
1381 2309 1438 2343 πῦρ
1456 2307 1645 2338 δισκόπτουσι,
1663 2304 1712 2331 καὶ
1733 2302 1804 2337 μετὰ

1016 2357 1139 2388 Μωσέως
1155 2356 1205 2390 τῆς
1230 2355 1344 2390 νεφέλης
1370 2354 1435 2381 εἴσω
1449 2353 1578 2389 χωροῦσι,
1596 2351 1645 2378 καὶ
1661 2349 1756 2381 πλαξὶν
1771 2349 1803 2374 ού

1014 2402 1139 2433 λιθίναις,
1154 2401 1222 2428 ἀλλὰ
1244 2401 1369 2436 καρδίαις
1395 2399 1550 2434 σαρκίναις,
1574 2395 1700 2431 δακτύλῳ
1722 2394 1803 2426 Θεοῦ,

1017 2448 1077 2475 κατ’
1093 2447 1192 2478 αὐτοὺς
1205 2446 1327 2477 ἐκείνους
1343 2443 1422 2476 αὖθις
1440 2444 1540 2476 είπεῖν,
1557 2443 1729 2478 ἐγγράφουσι
1743 2441 1804 2467 νέον

1017 2495 1173 2529 δεκάλογον,
1192 2493 1362 2528 ἐγγράφουσι
1388 2492 1522 2526 σύντομον
1549 2489 1700 2524 σωτηρίας,
1723 2487 1803 2514 ἐνθεν

1021 2542 1070 2577 μὲν
1087 2541 1117 2568 τὸ
1141 2540 1190 2576 τῆς
1221 2539 1344 2575 μεγάλης
1369 2538 1495 2573 Τριάδος,
1519 2537 1567 2563 καὶ
1588 2536 1621 2570 δὴ
1637 2536 1685 2562 καὶ
1701 2533 1731 2560 τὸ
1754 2533 1806 2567 τῆς

1019 2585 1138 2622 Χριστοῦ
1166 2584 1334 2619 οἰκονομίας,
1361 2584 1432 2610 θεῖον
1463 2583 1623 2617 μυστήριον,
1641 2579 1747 2606 ἐκεῖθεν
1774 2578 1806 2605 δέ

1018 2632 1068 2666 τὴν
1084 2630 1268 2665 εὐαγγελικὴν
1296 2629 1446 2661 πολιτείαν,
1469 2628 1518 2654 καὶ
1542 2626 1591 2661 τὴν
1616 2625 1672 2652 τῶν
1688 2623 1805 2651 ἐντολῶν

1019 2677 1191 2712 ἐκπλήρωσιν
1218 2675 1432 2711 ἐγχαράττοντες
1453 2672 1561 2710 (ἐπειδὴ
1586 2672 1688 2704 πίστις
1714 2669 1806 2704 χωρὶς

1018 2723 1115 2758 ἔργων
1129 2721 1230 2756 νεκρὰ,
1249 2721 1288 2753 ὡς
1305 2721 1375 2756 ἔργα
1399 2719 1461 2754 δίχα
1491 2719 1620 2750 πίστεως,
1636 2716 1714 2744 αὐτοὶ
1737 2716 1807 2749 φθά-

1021 2776 1117 2800 σαντες
1130 2767 1258 2803 ἔφησαν),
1275 2765 1325 2794 εἶτ’
1342 2766 1448 2793 ἐκεῖθεν
1466 2765 1518 2792 οὐκ
1532 2765 1572 2792 ἐτι
1587 2763 1656 2800 μετά
1668 2762 1804 2794 Μωσέως,

223 2840 246 2858 ’δ
260 2840 312 2868 iss.
328 2848 372 2874 ιι,
387 2839 403 2868 9
420 2839 462 2868 10.
500 2841 523 2857 ¹¹
545 2841 618 2869 Psal.
641 2848 737 2875 cxxxv,
751 2840 795 2869 2].
835 2842 856 2858 ³⁵
871 2842 929 2870 Jac.
947 2850 977 2877 ιι,
993 2843 1038 2871 20.
