1942 3091
101 122 147 155 739

610 128 803 161 LAUDATIO
823 131 950 162 TRIUM
973 132 1190 163 DOCTORUM.

1660 135 1721 165 730'

100 179 152 206 ἀλλ’
168 179 239 215 ὑπὲρ
252 180 355 208 Μωσέα
376 182 425 217 τὴν
437 182 525 218 ψμχὴν
541 186 587 211 καὶ
600 186 634 212 τὰ
650 187 785 222 πρόσωπα
799 188 876 222 δοξά-

937 190 1017 215 inima
1026 193 1054 216 et
1065 189 1139 216 vultu
1152 188 1347 223 gloriﬁcantur.
1359 188 1437 221 Quod
1452 189 1525 216 enim
1544 189 1588 216 ille
1600 189 1626 216 in
1638 190 1715 217 vultu

100 223 198 256 ζονται.
217 225 306 260 Ὂπερ
324 227 379 270 γὰρ
395 229 500 260 ἐκεῖνος
521 230 568 257 ἐπὶ
586 232 636 266 τῆς
653 232 741 267 ὅψεως
766 234 876 270 ἔφερεν,

101 270 145 296 ἐπὶ
175 271 224 304 τῆς
240 271 330 307 ψυχῆς
349 269 424 308 εἶχον
444 272 516 301 οὗτοι
537 269 828 315 μεγαλοπρεπέστερόν
849 290 877 308 τε

100 315 332 362 καὶ-ὑψηλότερον.
344 319 380 344 οι
397 319 474 346 αὐτοὶ
489 321 535 347 καὶ
555 322 634 349 τοῦτο
660 325 755 357 φασιν.
772 326 809 352 Ut‘)
825 326 878 362 μὴν

100 360 163 387 ἀλλὰ
183 362 230 388 καὶ
244 363 362 397 Χριστὸς
377 364 468 396 αὐτὸς,
483 366 550 393 αὐτὸ
572 368 650 395 τοῦτο
670 369 714 396 διὰ
730 371 784 397 τῶν
804 360 879 407 πρῶ-

98 414 150 432 των
165 406 295 441 μαθητῶν
319 417 348 434 τε
370 411 418 436 καὶ
432 411 590 439 ἀποστόλων
613 414 681 448 πρὺς
696 416 796 448 αὐτοὺς
812 417 879 451 φθά-

101 460 165 483 σας,
194 449 298 487 ἕλεῇνεν,
318 454 358 481 ὅτι
383 457 497 483 Πολλοὶ
525 459 674 493 προφῆται
699 461 747 487 καὶ
772 449 880 489 δίκαιοι

100 497 291 533 ἐπεθύμησαν
305 500 381 527 ἰδεῖν
393 501 411 528 ᾱ
425 502 568 538 βλέπετε,
581 506 628 532 καὶ
641 507 696 533 οὐκ
710 506 792 534 εἶδον
804 516 810 524 ·
832 509 881 535 καὶ

96 543 226 571 ’ἀκοῦσαι
242 543 261 571 ἁ
276 545 409 578 ἀκούετε,
427 548 475 574 καὶ
491 550 546 576 οὐκ
563 549 711 584 ἤκουσαν.

138 589 185 615 Ἐκ
198 589 245 616 τοῦ
264 590 313 625 τῆς
331 591 488 625 θεοφανείας
510 594 590 629 ὅρους
607 596 733 628 Θεοειδεῐς
748 598 795 625 καὶ
816 599 879 625 θεο-

99 634 186 669 φόροι,
202 636 249 662 καὶ
270 637 341 671 ἣλιοι
358 637 432 664 ἄλλοι
448 639 636 675 κατέρχονται·
662 643 764 675 μᾶλλον
781 643 809 670 δὲ
833 645 881 671 κα.)¹

99 679 147 713 τῆς
159 681 276 715 νεφέλης
291 682 358 708 εἵσω
376 683 440 715 τοὺς
464 687 748 721 μυσταγωγουμένους
765 688 813 723 (ὡς
829 689 881 716 αὗ-

99 725 234 760 τοί¹φασι)
253 727 324 762 μετὰ
341 728 446 763 Πέτρου
468 738 498 756 τε
523 731 570 757 καὶ
587 732 642 759 τῶν
657 733 723 759 υἱῶν
735 735 783 769 τῆς
802 734 881 770 βρον-

99 771 147 804 τῆς
176 772 342 808 ἀπορρήτως
369 774 509 809 εἰσάγουσί
543 785 573 803 τε
598 778 644 804 καὶ
676 780 882 814 συνεισάγουσιν

101 817 217 849 ἑαυτοῖς·
234 821 282 845 καὶ
307 821 340 855 τῇ
366 821 472 848 ἐκεῖθεν
488 823 570 858 αἴγλῃ
595 824 642 850 καὶ
657 826 718 856 ταῖς
737 827 883 860 μυστικαῖς

99 859 252 896 λαμπηδόσι
276 862 327 897 τῆς
355 864 487 892 ἀνωτάτω
512 866 626 900 Τριὰδος
648 868 697 902 τῆς
723 859 817 904 πηγῆς
830 869 884 896 τῶν

99 907 195 940 φώτων
211 909 446 942 καταφωτίζουσιν
461 917 469 925 '
495 911 525 937 οὺ
554 911 587 938 τὰ
616 911 720 948 ἔκφορα
740 914 821 948 μόνον
835 915 882 942 τοῦ

101 953 260 988 μυστηρίου,
274 955 323 981 καὶ
341 956 400 987 ταῖς
414 955 469 983 τῶν
490 957 596 984 πολλῶν
618 958 713 991 ἀκοαῖς
729 960 778 986 οὐκ
793 961 884 996 ἀπόρ-

100 999 168 1033 ρητα
196 1001 441 1034 μυσταγωγοῦντες
473 1003 575 1036 ἐκεῖνα,
602 1004 729 1039 καθάπερ
761 1006 884 1038 εἰπόντες

98 1042 227 1078 ἔφθησαν,
246 1044 313 1070 ἀλλὰ
343 1046 391 1072 καὶ
411 1047 445 1072 τὶι
471 1047 585 1074 ἐκείνων
609 1049 738 1084 ὲνδότερα
763 1051 810 1077 καὶ
830 1060 883 1085 μυ-

100 1089 261 1124 στικώτερα.
280 1090 373 1125 Ἔχεις
395 1092 443 1118 καὶ
468 1092 534 1127 γὰρ,
561 1095 637 1127 φησὶ,
658 1095 705 1121 τοῦ
730 1097 882 1131 μυστηρίου

97 1133 132 1159 τὰ
147 1133 264 1167 ἔκφορα,
282 1136 330 1162 καὶ
341 1137 401 1168 ταῖς
419 1136 474 1163 τῶν
495 1138 601 1164 πολλῶν
616 1140 714 1171 ἀκοαῖς
733 1141 782 1166 οὐκ
795 1141 882 1176 ἀπόρ-

99 1179 177 1213 ρητα·
193 1179 279 1206 τᾶλλα
298 1180 327 1207 δὲ
346 1181 412 1207 εἴσω
435 1183 557 1218 μαθήσῃ,
570 1184 620 1218 τῇς
643 1185 756 1219 Τριάδος
772 1185 883 1221 χαριζο-

100 1226 194 1260 μένης·
208 1227 331 1263 δηλονότι
352 1228 421 1262 μετὰ
442 1230 472 1254 τὸ
496 1229 638 1265 βάπτισμα
654 1232 701 1257 καὶ
716 1231 764 1267 τὴν
780 1232 884 1266 κάθαρ-

99 1279 151 1303 σιν,
167 1271 185 1298 ἃ
202 1273 248 1298 καὶ
265 1273 380 1309 κρύψεις
402 1274 478 1310 παρὰ
506 1277 613 1311 σεαυτῷ
638 1277 749 1310 σφαγϊδι
767 1277 884 1312 κρατού-

100 1324 180 1349 μενα.
193 1317 248 1343 Καὶ
262 1319 324 1344 τινα
339 1318 435 1351 ταῦτα.
457 1320 504 1346 καὶ
521 1320 612 1355 ἡλίκα,
630 1322 678 1347 καὶ
690 1321 752 1348 ὅθεν
769 1323 882 1357 ἥκοντα,

97 1362 121 1387 οἱ
140 1362 217 1388 αὐτοὶ
232 1363 279 1389 καὶ
301 1363 382 1390 πάλιν
399 1365 590 1392 ἐκδιδάσκουσι
609 1367 671 1398 τοὺς
689 1368 882 1402 μεμυημένους

96 1407 125 1432 ὲν
139 1406 177 1442 τῷ
196 1407 269 1443 αὐτῷ
284 1409 430 1445 πνεύματι,
447 1411 472 1436 εἱ
492 1412 539 1436 καὶ
559 1411 744 1447 ἀμυδρότερον
771 1412 821 1446 ἔτι,
835 1413 883 1439 καὶ

931 233 1052 267 gerebat,
1062 233 1089 260 hi
1104 233 1320 268 magniﬁcentius
1330 238 1358 260 et
1368 233 1514 261 sublimius
1529 234 1555 260 in
1570 234 1716 262 animabus

932 277 1078 304 habebam.
1103 277 1159 304 Hoc
1177 285 1286 312 quoque
1302 278 1336 304 ab
1348 278 1591 312 ipsis,quanquam
1605 278 1639 305 de
1654 279 1715 306 aliis

932 322 1035 349 dictum
1046 322 1175 355 est.Quin
1190 323 1245 349 imo
1253 323 1379 351 Christus
1394 323 1476 350 etiam
1488 323 1546 358 ipse
1563 324 1613 350 hoc
1625 323 1715 358 ipsum

933 368 959 395 in
970 375 1084 403 pt‘rsona
1098 369 1248 402 primorum
1259 369 1456 403 discipulorum
1471 369 1717 404 apostolorumqne

933 421 1045 441 suorum
1056 415 1197 442 confessus
1206 419 1257 442 est.
1267 415 1351 446 Multi,
1362 415 1461 449 inquit,
1468 416 1602 450 propheta:
1610 419 1634 442 et
1645 423 1717 450 reges

932 460 1070 487 uoluerunt
1093 460 1181 487 videre
1194 468 1252 494 qua:
1270 468 1313 486 vos
1338 461 1440 492 videtis,
1454 465 1479 486 et
1506 469 1557 487 non
1578 461 1717 488 viderunt:

934 510 958 532 et
976 506 1068 532 audire
1079 513 1137 540 qua:
1148 513 1192 533 vos
1207 506 1313 538 auditis,
1329 509 1353 532 et
1369 514 1421 532 non
1436 506 1579 532 audierunt
1590 505 1624 532 ’⁷.

969 595 991 622 Ε
1007 599 1099 622 monte
1115 595 1215 622 divinae
1229 595 1408 630 apparitionis
1425 595 1481 622 Deo
1493 594 1598 622 similes
1613 593 1714 626 cﬂecti,

933 644 962 668 et
979 640 1090 668 numine
1105 639 1200 673 amati,
1213 644 1241 667 et
1259 640 1331 668 soles
1347 641 1412 668 novi
1442 640 1612 668 descendunt
1628 647 1635 666 :
1650 640 1717 674 quin

934 685 1025 721 potius
1040 685 1112 712 intra
1125 685 1228 712 nubem
1244 685 1253 720 (
1267 690 1297 712 ut
1316 685 1366 720 ipsi
1386 686 1537 720 loquuntur
1554 684 1563 718 )
1588 683 1722 719 mysteria

935 731 1075 759 docendos
1089 738 1150 758 cum
1166 731 1259 762 Petro,
1271 735 1299 758 et
1314 730 1376 758 ﬁliis
1396 730 1510 758 tonitrui
1525 737 1626 757 arcano
1638 728 1718 755 indu-

935 782 1012 808 cunt,
1032 781 1060 804 et
1078 784 1132 803 una
1147 784 1239 804 secum
1256 776 1446 807 introducunt,
1467 775 1646 808 clarimthue
1660 774 1717 805 illa,

936 821 1114 857 mysticisque
1141 819 1337 856 splendoribus
1356 821 1496 848 altissimae
1511 820 1664 851 Trinitatis,
1688 823 1718 846 et

899 861 921 890 Β
936 867 1020 895 fontis
1032 867 1180 898 luminum,
1197 874 1246 894 eos
1263 867 1421 894 illuminant
1438 875 1445 894 :
1459 874 1514 894 non
1530 867 1640 901 vulgata
1657 871 1718 893 tan-

934 918 1002 946 tum,
1018 914 1222 948 multorumque
1235 913 1349 941 auribus
1364 921 1420 941 non
1431 913 1533 948 ignota,
1549 921 1599 940 nec
1611 917 1718 940 secreta

934 959 979 986 illa
996 959 1136 994 mysteria,
1161 963 1191 986 ut
1205 959 1286 986 aiunt
1301 959 1373 994 ipsi,
1392 967 1490 986 verum
1511 959 1566 986 illis
1584 958 1719 985 interiora

934 1012 1054 1040 quoque,
1070 1006 1210 1039 magisque
1228 1005 1342 1040 mystica
1358 1005 1500 1032 docentes.
1527 1003 1617 1031 Habes
1632 1003 1717 1034 enim,

935 1050 1034 1085 inquit,
1054 1051 1176 1085 mysterii
1189 1051 1308 1082 notiora,
1340 1054 1368 1078 et
1386 1050 1535 1077 multorum
1559 1057 1640 1076 aures
1667 1049 1719 1076 ini—

934 1097 1007 1124 nitne
1024 1095 1173 1130 fugientia:
1191 1101 1288 1123 caetera
1304 1096 1389 1128 intus,
1416 1095 1554 1123 Trinitate
1585 1094 1718 1130 largiente

933 1148 1100 1175 cognosces;
1119 1145 1181 1175 post
1198 1140 1364 1175 baptismum
1386 1145 1414 1168 et
1431 1141 1621 1176 purgationem
1642 1140 1719 1167 vide-

933 1185 1008 1217 licet,
1028 1193 1088 1220 quae
1100 1185 1171 1220 apud
1187 1190 1212 1212 te
1227 1185 1316 1219 sigillo
1332 1187 1439 1212 munita
1456 1185 1622 1213 abscondes.
1640 1185 1719 1218 Quan-

934 1238 996 1257 nain
1010 1235 1101 1257 autem
1116 1230 1178 1263 illa,
1197 1235 1226 1257 et
1249 1231 1340 1265 qualia
1367 1230 1432 1263 sint,
1458 1234 1486 1257 et
1505 1230 1578 1257 unde
1595 1230 1717 1262 veniant,

935 1276 1018 1303 iidem
1043 1276 1165 1304 initiatos
1192 1284 1289 1304 rursus
1317 1277 1418 1304 docent
1435 1277 1462 1304 in
1492 1276 1589 1304 eodem
1607 1276 1717 1311 spiritu,

935 1322 1044 1349 tametsi
1058 1322 1149 1349 adhuc
1161 1322 1318 1355 obscurius,
1335 1330 1387 1350 nec
1406 1323 1520 1350 omnino
1535 1322 1604 1351 citra
1620 1330 1720 1357 specu-

934 1367 1004 1399 lum,
1024 1371 1051 1394 et
1071 1367 1258 1402 integumenta
1276 1373 1388 1402 propter
1405 1369 1561 1395 obstantem
1578 1368 1718 1399 nebulam,

934 1416 962 1439 et
974 1411 1066 1439 carnis
1081 1412 1238 1448 caliginem,
1255 1413 1357 1447 quibus
1374 1414 1498 1448 impliciti
1518 1422 1626 1440 sumus.

95 1455 145 1481 οὐκ
161 1455 213 1487 ἔξω
240 1458 382 1490 παντελῶς
407 1459 461 1485 τῶν
487 1460 730 1495 προκαλυμμάτων
756 1461 804 1488 καὶ
828 1461 881 1487 τῶν
901 1461 1041 1495 ἐσόπτρων
1067 1460 1112 1487 διὰ
1140 1460 1190 1495 τὴν
1226 1460 1452 1496 προϐεϐλημένην
1486 1461 1573 1497 ἀρχὴν
1600 1461 1648 1488 καὶ
1674 1462 1720 1488 τὶν

99 1502 149 1535 τῆς
167 1503 269 1537 σαρκὸς
285 1503 376 1538 ζόφον,
400 1502 440 1536 οἷς
459 1505 673 1539 συνεζεύγμεοα.

136 1548 238 1575 Τούτου
254 1549 301 1575 τοῦ
318 1549 390 1576 θείου
405 1551 452 1576 καὶ
474 1551 578 1584 ἀγαθοῦ
602 1551 768 1586 Πνεύματος,
787 1549 809 1578 ὧ
825 1552 883 1578 οεο-
899 1554 921 1582 C

95 1595 175 1630 φόροι
200 1595 366 1629 διδάσκαλοι,
384 1597 432 1623 καὶ
453 1597 532 1632 ὑμεῖς
556 1597 610 1623 τῶν
635 1597 812 1632 χαρισμάτων
838 1598 885 1623 καὶ

96 1640 146 1672 τῆς
161 1641 300 1675 ἐνεργείας
312 1641 490 1676 πλησθέντες,
506 1642 554 1669 καὶ
579 1642 637 1668 ὅλον
651 1643 760 1677 σχόντες
777 1643 806 1668 ὲν
823 1642 886 1668 ὲαυ-

96 1687 166 1718 τοῖς,
192 1687 237 1713 διὰ
261 1686 366 1714 τούτων
381 1687 426 1714 τὸν
447 1688 496 1714 ἕνα
525 1689 574 1723 τῆς
603 1689 738 1724 Τριάδος,
757 1689 802 1715 τὸν
825 1688 884 1714 ὅλον

97 1733 206 1767 ἑκάστῳ
226 1732 364 1768 διαφόρως
392 1734 559 1766 ἐνοικοῦντα,
586 1736 632 1760 καὶ
655 1734 714 1761 ὅλον
730 1734 794 1761 ὄντα
817 1734 886 1769 μετὰ

92 1778 174 1810 Θεοῦ,
189 1779 235 1805 καὶ
246 1778 399 1813 πληροῦντα
412 1779 441 1805 τὸ
455 1780 568 1812 πᾶν,κειὶ
580 1780 649 1815 ὑπὲρ
663 1780 691 1806 τὸ
704 1781 767 1813 πᾶν,
778 1781 825 1807 καὶ
838 1781 884 1807 τοῦ

97 1824 200 1854 παντὸς
227 1825 290 1851 ὄντα
320 1824 383 1857 ἔξω,
410 1824 447 1855 ὡς
470 1825 547 1852 αὐτοὶ
571 1825 618 1851 καὶ
644 1825 731 1853 ταῦτα
745 1827 884 1860 εἰρήκατε·

94 1869 223 1900 ἐδέξασθε
240 1870 293 1904 γὰρ
309 1871 356 1895 καὶ
379 1869 453 1896 αὐτοὶ
469 1870 517 1902 τὰς
545 1871 660 1905 πυρίνας
677 1871 802 1903 γλώσσας
818 1873 886 1906 μετὰ

94 1915 152 1941 τῶν
167 1915 323 1942 ἀποστόλων
337 1915 366 1940 ἐν
381 1915 498 1950 ὑπερῴῳ
512 1915 598 1950 τόπῳ,
611 1916 660 1950 τῆς
674 1916 789 1951 ὑψηλῆς,
803 1917 885 1951 φημὶ,

92 1959 142 1987 τοῦ
177 1961 223 1986 νοῦ
239 1960 364 1994 φυλακῆς
390 1969 420 1987 τε
444 1962 491 1987 καὶ
510 1961 625 1996 θεωρίας
650 1961 736 1996 ὑμῶν,
760 1963 809 1988 οὐκ
833 1963 886 1988 ἀπὸ

93 2006 229 2039 τελωνῶν,
251 2006 297 2033 καὶ
312 2007 497 2042 σκυτοτόμων,
514 2008 560 2034 καὶ
572 2008 668 2035 ἀλιέων
684 2009 746 2036 κατ’
766 2009 885 2040 ἐκείνους
901 2043 903 2046 ⁴

95 2050 243 2084 κληθέντες
260 2053 299 2082 εις
311 2052 488 2084 ,ἀποστόλους
510 2053 557 2079 καὶ
577 2053 700 2087 μαθητὰς
718 2053 885 2088 (ammon

94 2096 147 2124 καὶ
161 2096 216 2131 γὰρ
231 2098 247 2123 ὁ
263 2098 335 2130 Θεὸς
348 2098 382 2124 τὸ
393 2098 556 2131 τηνικαῦτα
567 2098 615 2125 διὰ
627 2098 682 2132 τῆς
698 2099 812 2132 μωρίας
831 2098 885 2126 τοῦ

92 2143 286 2178 κηρύγματος
308 2143 406 2170 σῶσαι
428 2144 497 2177 τοὺς
511 2145 730 2178 πιστεύοντας-Ι·
750 2144 881 2178 Ἐπειδὴ,

96 2189 193 2222 φησὶν,
204 2188 240 2215 ἐν
254 2188 289 2222 τῇ
302 2189 397 2222 σοφίᾳ
419 2189 472 2216 τοῦ
491 2189 565 2216 Θεοῦ
585 2190 640 2216 οὐκ
653 2190 728 2224 ἔγνω
742 2192 757 2216 d
769 2190 884 2222 κόσμος

95 2235 148 2261 διὰ
162 2233 216 2268 τῆς
231 2235 343 2268 σοφίας
356 2235 410 2260 τὸν
427 2235 524 2269 Θεὸν),
543 2234 600 2261 ἀλλ’
617 2235 669 2261 ἀπὸ
686 2235 818 2270 ρητόρων,
837 2234 884 2260 καὶ

95 2281 265 2316 φιλοσόφων.
294 2281 342 2307 καὶ
369 2280 550 2307 διαλεκτικῶν
574 2280 621 2306 καὶ
650 2281 740 2314 σοφῶν
758 2281 806 2307 ἐπὶ
833 2280 885 2314 τὴν

93 2327 230 2361 ἀληθινὴν
249 2327 297 2353 καὶ
308 2325 420 2360 πρώτην
439 2325 561 2357 ἐλθόντες
575 2326 670 2360 σοφίαν
685 2327 732 2352 καὶ
749 2327 799 2360 τὴν
816 2327 885 2353 ἀπο-

95 2372 210 2407 στολὴν,
224 2373 268 2399 ἴνα
284 2373 331 2399 καὶ
349 2373 394 2399 διὰ
409 2372 552 2407 τῆς.κάτω
571 2373 794 2406 σοφίαςνὼσανει
813 2381 885 2404 τινος

93 2419 266 2454 σκευοφόρον
293 2418 340 2445 καὶ
369 2419 549 2454 ὑπηρέτιδος,
578 2418 707 2455 ἐξελεγΒῇ
735 2419 765 2445 τὺ
793 2419 885 2454 μωρὸν

91 2464 181 2495 ὅντως
195 2464 241 2489 καὶ
261 2463 373 2494 ἀσθενὲς
387 2463 442 2490 τῶν
462 2463 515 2495 ἔξω
535 2464 636 2498 σοφῶν⁹
650 2463 718 2499 πρὸς
742 2464 792 2498 τὴν
815 2465 884 2498 ἡμε-

91 2509 180 2543 τέραν
201 2509 330 2543 ἐξήλθετε
353 2509 503 2544 σωτηρίαν,
522 2509 616 2544 ὥσπερ
632 2510 702 2541 τινὲς
721 2510 798 2536 ἄλλοι
814 2510 883 2536 κατὰ

91 2555 179 2589 χάριν
193 2555 262 2587 Θεοὶ,
276 2556 323 2581 καὶ
337 2556 456 2583 πλάσται
468 2556 522 2582 τῶν
535 2555 709 2590 σωζομένων.
723 2557 755 2590 τῇ
770 2555 885 2588 δυνάμει

90 2600 145 2626 τοῦ
162 2600 271 2628 πάντων
285 2601 454 2636 δημιουργοῦ
473 2610 502 2628 τε
516 2603 565 2628 καὶ
580 2601 712 2633 πλάστου,
733 2601 779 2627 καὶ
802 2600 886 2635 μόνου

92 2645 171 2672 κατὰ
188 2646 270 2680 φύσιν
292 2647 374 2674 Θεοῦ.

132 2691 190 2717 Καὶ
207 2691 309 2727 Μωσῆς
327 2693 377 2728 μὲν
396 2694 410 2720 ό
425 2693 510 2728 μέγας
531 2693 635 2725 ἐκεῖνος
649 2693 679 2719 τὺ
696 2693 779 2728 βραδύ
793 2701 823 2720 τε
840 2692 887 2719 καὶ

94 2734 255 2771 ισχνὺνπτῆς
275 2736 398 2771 γλώττης
413 2739 461 2764 καὶ
475 2739 524 2773 τῆς
539 2738 631 2772 φωνῆς
647 2737 745 2764 ἑαυτοῦ
764 2737 885 2773 προῦαλ-

138 2813 162 2829 ³⁷
180 2813 247 2841 Luc.
262 2823 288 2847 ι,
302 2815 348 2841 Ἡ.
386 2815 407 2831 ’⁸
424 2815 432 2841 l
449 2815 511 2843 Cor.
536 2815 559 2846 Ι,
572 2816 616 2842 ill.

975 1551 1060 1586 Hujus
1080 1551 1165 1578 divini
1182 1555 1209 1577 et
1226 1551 1290 1578 boni
1304 1551 1429 1585 spiritus,
1458 1559 1474 1578 ο
1486 1552 1592 1580 caelesti
1606 1555 1720 1582 numine

937 1595 1058 1623 instincti
1073 1596 1210 1627 doctores.
1226 1596 1440 1624 charismatibus
1470 1603 1498 1624 et
1511 1598 1657 1626 eﬂicientia
1672 1608 1721 1628 vos

936 1648 1046 1675 quoque
1061 1641 1158 1675 repleti
1170 1641 1237 1668 estis
1250 1661 1258 1674 ,
1273 1645 1302 1668 et
1323 1649 1372 1676 per
1397 1642 1455 1669 hac
1480 1647 1566 1670 totum
1586 1644 1657 1672 intra
1672 1653 1720 1673 vos

934 1686 1053 1719 habetis,
1070 1695 1155 1714 unum
1171 1688 1205 1715 de
1223 1692 1318 1716 sancta
1332 1688 1478 1721 Trinitate,
1496 1695 1582 1717 totum
1608 1691 1634 1717 in
1652 1699 1722 1718 uno-

935 1740 1045 1767 quoque
1058 1733 1237 1765 habitantem,
1254 1738 1279 1760 et
1298 1738 1384 1761 totum
1402 1742 1464 1761 cum
1481 1735 1537 1762 Deo
1552 1741 1719 1769 manentem,

935 1784 962 1805 et
978 1778 1137 1812 implentetn
1153 1778 1205 1805 hoc
1220 1786 1311 1811 omne,
1329 1784 1357 1806 ct
1372 1787 1457 1814 super
1477 1788 1569 1812 omne,
1593 1785 1621 1808 et
1644 1786 1721 1808 extra

934 1831 1017 1851 omne
1031 1824 1218 1857 exsistentem,
1242 1825 1317 1860 juxta
1337 1825 1490 1852 doctrinam
1510 1830 1638 1853 vestram.
1655 1826 1722 1854 Sus-

936 1869 1047 1903 cepistis
1064 1870 1192 1896 nimirum
1207 1875 1235 1897 et
1249 1871 1298 1904 ipsi
1312 1871 1418 1906 linguas
1428 1871 1521 1906 igneas
1532 1879 1594 1899 cum
1609 1876 1720 1906 aposto-

935 1915 970 1941 lis
984 1915 1009 1940 in
1022 1914 1176 1942 editissimo
1191 1915 1290 1942 aedium
1309 1916 1385 1949 loco;
1410 1916 1462 1943 hoc
1482 1920 1533 1948 est,
1559 1917 1586 1943 in
1608 1917 1723 1944 excelsae

936 1960 1035 1986 mentis
1058 1964 1155 1987 vestrm
1180 1960 1304 1987 custodia
1333 1965 1360 1988 et
1381 1962 1611 1995 contemplatione
1632 1970 1639 1988 :
1666 1970 1722 1988 nun

936 2004 1165 2039 quemadmodum
1182 2005 1232 2036 illi,
1253 2013 1268 2032 e
1287 2006 1450 2040 publicanis,
1475 2010 1504 2033 et
1524 2007 1675 2038 sutoribus,
1694 2011 1722 2033 et

936 2050 1120 2085 piscatoribus
1155 2052 1256 2082 vocali,
1272 2051 1400 2085 unclique
1424 2052 1450 2078 in
1467 2048 1606 2085 apostolos
1636 2057 1663 2079 et
1679 2053 1722 2078 tli-

935 2095 1057 2130 scipulos
1073 2096 1185 2130 (placuit
1201 2097 1271 2122 enim
1294 2102 1354 2123 tunc
1365 2097 1418 2122 Deo
1435 2105 1481 2131 per
1492 2097 1635 2126 stultitiam
1650 2106 1721 2132 pra;-

936 2141 1078 2170 dicationis
1088 2141 1174 2168 salvos
1187 2142 1274 2176 facere
1288 2142 1421 2169 credentes
1436 2150 1444 2173 ;
1461 2142 1541 2175 Quia,
1565 2143 1667 2177 inquit,
1692 2145 1719 2172 in

936 2186 985 2212 Dei
1001 2187 1134 2220 sapientia
1148 2194 1201 2212 non
1223 2187 1345 2220 cognovit
1359 2187 1472 2213 mundus
1498 2195 1545 2220 per
1561 2188 1721 2223 sapientiai):

937 2231 1072 2267 Deum"),
1089 2232 1136 2259 sed
1151 2231 1186 2258 ab
1203 2231 1370 2264 oratoribus,
1380 2232 1561 2267 philosophis,
1572 2233 1724 2260 dialecticis

935 2283 963 2306 et
980 2278 1150 2313 sapientibus
1162 2277 1197 2304 ad
1214 2285 1306 2304 veram
1331 2282 1359 2305 ct
1382 2278 1601 2312 antiquissimam
1613 2278 1724 2312 sapient-

936 2325 1001 2352 tiam
1013 2329 1095 2358 atque
1109 2324 1294 2358 apostolatum
1309 2324 1425 2351 venistis
1439 2332 1446 2350 :
1472 2329 1503 2350 ut
1514 2324 1598 2351 etiam
1614 2331 1664 2358 per
1678 2324 1724 2350 in-

935 2371 1064 2400 feriorem
1077 2370 1253 2405 sapientiam,
1269 2370 1354 2398 veluti
1382 2370 1560 2397 sarcinariam
1575 2370 1721 2404 quamdam

936 2421 963 2445 et
979 2417 1132 2444 ministram
1152 2416 1234 2443 stulta
1252 2423 1320 2443 sane
1337 2420 1365 2443 et
1381 2416 1519 2443 imbecilla
1541 2421 1719 2443 externorum

936 2462 1072 2497 sapientia
1106 2462 1330 2497 redargueretur.
1366 2463 1406 2489 Ad
1442 2462 1558 2489 salutem
1598 2466 1720 2488 nostram

937 2508 1039 2544 egressi
1055 2509 1134 2539 estis.
1148 2516 1199 2536 ceu
1218 2508 1266 2535 alii
1280 2508 1392 2543 quidam
1408 2516 1458 2542 per
1472 2508 1598 2542 gratiam,
1623 2511 1650 2534 et
1664 2506 1722 2533 [οισ-

938 2560 1058 2581 matores
1086 2554 1289 2586 salvandorum.
1315 2554 1343 2580 in
1368 2553 1471 2580 virtute
1491 2553 1613 2579 onmium
1642 2551 1722 2586 opili-

938 2598 988 2630 cis,
999 2603 1027 2626 et
1039 2597 1207 2630 formatoris,
1221 2598 1325 2632 quique
1337 2597 1412 2625 solus
1426 2597 1578 2625 secundum
1596 2600 1721 2627 naturam

937 2644 1010 2672 Deus
1027 2649 1078 2671 est.

974 2691 1011 2717 Ac
1029 2689 1115 2717 Moses
1127 2689 1237 2724 quidem
1254 2689 1371 2716 eximius
1387 2689 1431 2716 ille
1445 2687 1599 2715 tarditatem
1615 2691 1643 2717 et
1655 2695 1718 2722 gra-

938 2736 1069 2764 cilitatem
1086 2735 1185 2771 linguae
1202 2742 1234 2763 ac
1262 2734 1339 2763 vocis
1355 2741 1422 2767 suat,
1440 2738 1469 2761 et
1481 2731 1720 2768 postcaJereniias
