1942 3091
174 145 227 176 795

697 154 908 185 PHILOTHEI
929 157 981 188 cr.
1005 151 1262 194 PATRIARClLE‘

1737 164 1791 197 795

173 209 241 229 rem.
259 203 346 232 Tanta
363 209 414 237 cst,
431 206 529 241 inquit,
546 208 643 236 hormn
660 209 770 238 Patrum
787 212 903 246 dignitas
929 221 944 239 ε

1011 213 1101 247 βάσιν.
1122 215 1226 246 πάντας
1239 215 1306 250 ὁμοῦ
1330 216 1427 250 σοφούς
1445 226 1474 244 τε
1490 219 1536 245 καὶ
1551 219 1726 254 διδασκάλους
1742 223 1792 249 κύ-

172 249 330 276 aucturitas.
365 249 397 277 Et
413 251 470 279 htec
493 253 603 287 quidem
629 255 684 283 ille.
714 256 768 291 Ego
783 265 847 284 vero
868 258 950 285 etiam

171 291 238 319 huic
253 294 370 320 sermoni
391 295 494 329 pridem
508 297 650 333 sulTragnr,
679 299 848 336 optimeque,
880 306 953 329 etut

171 344 223 371 par
249 338 311 370 fuit,
343 339 447 367 dictum
475 343 582 375 sentio,
602 344 729 379 idemque
755 347 950 375 aﬂirmaturum

171 383 319 416 quemlibet
332 389 454 420 autumo,
467 388 513 422 qui
531 388 591 416 illos
609 391 725 418 noverit.

204 514 242 543 Ac
259 511 374 545 Basilius
390 526 456 547 sane
470 525 498 548 et
520 520 667 556 Gregorius
695 525 784 560 magni
799 525 889 560 lactis,
906 527 955 555 do.

169 563 260 589 ctrina
277 564 485 600 divinarumque
500 567 702 602 Scripturarum
713 571 950 606 explicationibus.

170 606 403 640 disputationibus
433 610 604 645 theologicis,
630 617 657 640 et
683 622 789 642 morutn
809 619 951 652 prteceptis

168 650 268 679 Christi
285 652 432 681 Ecclesiam
459 655 672 685 cohonestarnnt
691 667 763 687 :nec
788 661 855 689 satis
881 650 952 697 queo

169 697 271 730 dicere,
288 698 315 725 in
331 707 385 734 quo
404 709 418 728 a
440 709 483 729 me
498 702 634 731 dictorum
660 705 686 732 id
703 707 868 735 cumulatius
883 717 953 743 prte-

168 743 288 771 stiterint
298 765 305 776 ,
324 751 468 780 propterea
477 749 550 782 quod
563 749 590 776 in
604 751 731 779 omnibus
743 760 849 781 summe
863 754 952 782 claru-

167 788 250 821 erinl,
277 797 328 817 nec
346 792 454 825 possint
469 793 512 820 illa
528 801 542 820 a
556 802 694 830 quoquam
711 797 766 824 ullo
778 798 859 825 modo
880 800 953 828 inter

167 841 196 861 se
215 837 368 870 comparari
385 847 391 865 :
408 846 565 874 quanquam
583 841 592 875 (
609 843 681 876 quod
712 851 774 870 cum
802 845 952 878 majoribus

168 881 283 911 nostris,
313 886 369 909 tum
387 885 487 912 comitis
507 887 592 913 etiam
611 888 768 916 hominibus
780 890 867 917 visum
884 896 924 918 est
941 892 949 925 )
967 880 987 908 Β

166 926 199 953 ad
212 927 352 963 theologia:
364 936 482 957 montem
499 936 526 958 et
547 933 657 959 verbum
673 941 759 969 magis
768 942 952 970 accesserunt,

167 971 330 1008 divinasque
345 983 427 1003 voces
444 976 513 1009 illas,
533 981 561 1004 et
590 978 756 1013 singularem
782 981 952 1015 perfectissi-

167 1024 294 1052 tnamque
327 1019 360 1046 de
391 1020 524 1049 Trinilale
543 1023 705 1059 theologiam
726 1033 741 1051 a
763 1025 818 1053 Deo
852 1027 950 1060 Verbo,

165 1063 238 1096 quod
268 1065 364 1092 fuitin
380 1067 516 1102 principio
543 1070 615 1104 apud
643 1070 739 1104 Deum,
769 1073 952 1100 secretissime

164 1115 334 1144 susceptum,
355 1120 450 1140 omnes
467 1114 623 1142 docuerunt
642 1125 648 1142 :
671 1116 743 1143 sicut
767 1122 795 1145 et
822 1126 872 1146 nos
894 1119 949 1153 jam

167 1159 305 1190 utcunque
335 1165 368 1184 ex
397 1159 566 1188 admirandis
592 1166 620 1188 et
650 1163 811 1198 lbeologicis
828 1164 949 1199 ipsorum

164 1199 256 1226 verbis
278 1201 536 1231 demonstravimus.
552 1205 693 1240 Siquidem
708 1212 735 1234 et
750 1208 783 1234 ad
799 1208 855 1235 haec
871 1216 951 1243 gene-

163 1250 242 1270 rosos
255 1244 316 1272 illos
332 1251 440 1281 tempus
469 1249 706 1285 ecclesiarumque
727 1253 848 1280 conditio
862 1259 889 1281 et
902 1263 951 1282 ne-

164 1289 278 1316 cessitas
294 1291 381 1324 magis
395 1293 511 1320 vocabat
524 1301 530 1320 :
546 1301 614 1328 quas
625 1302 676 1322 nec
687 1297 794 1323 modiea
803 1302 950 1332 tempestas

164 1336 299 1363 etbellum
312 1345 394 1373 grave
411 1343 474 1365 tunc
485 1340 666 1373 opprimebat,
681 1349 754 1375 cum,
771 1343 839 1377 proh
855 1344 948 1371 dolor!

164 1381 321 1409 sacerdotes
340 1387 368 1410 et
394 1388 517 1417 pastores
540 1385 567 1411 in
583 1385 667 1413 Deum
683 1387 767 1422 impie
783 1394 906 1423 agerent,
923 1396 950 1417 et

164 1426 341 1454 vehementer
354 1427 515 1461 iusauircnt,
531 1434 559 1456 ut
572 1435 683 1458 sanctus
696 1432 830 1460 Jercmias
856 1434 894 1461 ait
914 1434 948 1467 ’°,

164 1472 378 1506 imperatoribus
405 1474 658 1509 patrocinantibus,
681 1481 710 1504 et
737 1479 832 1505 ἀθεταν
852 1481 949 1508 acerbe

165 1517 372 1551 ulciscentibus,
385 1520 537 1555 aulicisquc
546 1522 725 1550 nihilominus
734 1532 795 1550 cum
802 1526 948 1558 eunuchis,

164 1568 339 1599 etgynaecco,
359 1567 565 1601 contubernali,
589 1569 711 1602 inquam,
733 1578 782 1597 seu
798 1572 948 1599 domestica

163 1610 214 1636 ista
228 1611 358 1639 societate
390 1612 576 1647 improbitatis
606 1616 712 1642 auctori
740 1624 793 1644 una
818 1617 951 1646 militante

163 1660 245 1690 atque
261 1664 339 1691 opem
357 1657 474 1686 ferente.
490 1660 579 1694 Atque
591 1661 746 1695 hujusmodi
762 1663 951 1697 gubernatori-

163 1701 215 1728 bus
228 1701 399 1738 duvibusque
412 1704 511 1732 Christi
531 1706 649 1733 Ecclesia
662 1707 811 1743 indigebat.
842 1709 949 1737 Idcirco

162 1753 190 1773 et
205 1747 259 1774 huc
273 1749 390 1783 desuper
404 1751 504 1781 vocati,
523 1756 551 1777 ut
562 1752 616 1786 jam
637 1752 765 1784 diximus,
784 1754 887 1789 Deique
902 1763 949 1789 pa-

163 1793 253 1827 noplia
264 1799 291 1821 et.
310 1796 488 1824 munimentis
495 1798 587 1831 cmcti,
603 1802 627 1823 et
639 1798 728 1833 gladio
742 1798 867 1834 Spiritus,
879 1801 949 1834 quod

162 1842 199 1864 est
213 1841 319 1866 verbum
339 1841 421 1871 Dei".
437 1841 463 1868 in
482 1849 578 1869 manus
594 1847 717 1877 accepto,
733 1851 858 1870 errorum
871 1852 948 1872 arces

162 1883 279 1909 viriliter
295 1889 464 1916 everterunt,
477 1885 575 1912 fortem
593 1886 619 1912 in
634 1888 757 1920 nequitia
777 1888 879 1915 virtute
896 1890 950 1923 spi-

163 1929 232 1955 ritus
247 1929 406 1962 alligarunt,
420 1936 460 1957 ret
475 1938 538 1957 vasa
556 1933 616 1965 ejus
631 1931 816 1967 diripuerunt,
831 1934 902 1962 sicut
920 1937 946 1963 in

162 1973 309 2008 Evangelia
323 1973 450 2001 Christus
465 1975 539 2007 ait”,
568 1983 641 2002 nunc
668 1976 778 2010 quidem
797 1985 859 2004 cum
875 1987 946 2013 pra:—

163 2020 240 2046 lectis
253 2024 281 2046 et
297 2019 519 2054 imperatoribus,
534 2029 607 2047 nunc
616 2029 677 2048 cum
689 2022 864 2050 ecclesiarum
879 2033 948 2058 pra:-

162 2065 280 2096 sulibus,
295 2071 323 2093 et
339 2066 412 2100 lupis
431 2067 523 2101 potius
538 2071 566 2094 et
580 2067 739 2095 crudelibus
754 2077 867 2104 gregum
881 2071 948 2097 dila-

161 2111 327 2143 niaturibns,
348 2120 402 2138 non
418 2113 584 2146 pastoribus,
600 2120 673 2140 nunc
692 2121 753 2140 cum
773 2114 946 2143 Judaismum

161 2161 189 2182 et
203 2156 388 2191 gentilismum
403 2158 572 2185 sectantibus
591 2157 763 2186 decertantes
778 2179 785 2192 ,
809 2164 836 2186 et
860 2168 945 2195 usque

1004 259 1060 293 κλῳ
1076 260 1140 294 περὶ
1159 261 1256 291 αὐτοὺς
1279 261 1400 296 ἔχοντας,
1422 264 1469 290 καὶ
1486 264 1531 290 τὸν
1549 265 1613 292 ἴδιον
1625 266 1704 300 λόγον
1720 268 1794 294 διδά-

1004 312 1127 335 σκοντας.
1143 305 1288 338 Τοσοῦτον,
1307 308 1385 341 φησὶ,
1406 309 1436 335 τὺ
1463 311 1522 342 κατ’
1535 311 1633 342 αὐτούς
1650 314 1718 340 ἐστι.
1736 313 1791 340 Καὶ

1002 349 1088 376 ταῦτα
1106 351 1157 385 μὲν
1172 352 1286 382 ἐκεῖνος·
1303 353 1358 386 ἐγὼ
1375 354 1403 380 δὲ
1421 355 1468 381 καὶ
1487 355 1569 387 αὐτὸς
1585 357 1654 388 τέως
1665 358 1704 392 τῷ
1715 358 1790 393 λόγῳ

1003 396 1172 430 συντίθεμαι·
1189 398 1236 423 καὶ
1252 398 1383 425 κάλλιστα
1413 401 1461 426 καὶ
1479 402 1641 436 πρεπόντως
1661 404 1789 438 εἰρῆσθαι

1002 441 1097 467 τοῦτόν
1113 450 1196 476 φημι,
1217 442 1295 478 οἶμαι
1311 444 1334 470 δ’
1348 445 1389 471 ὅτι
1412 445 1460 472 καὶ
1480 446 1536 473 τῶν
1554 447 1642 479 καλῶς
1665 448 1789 480 ἐκείνους

1003 486 1112 513 εἰδότων
1133 488 1260 521 ἕκαστος.
1360 486 1365 489 ’

1040 532 1094 558 Καὶ
1117 533 1256 565 Βασίλειος
1282 536 1332 570 μὲν
1356 537 1437 572 ὁμοῦ,
1453 538 1500 564 καὶ
1526 538 1677 574 Γρηγόριος
1693 539 1718 565 οἱ
1734 547 1786 573 με-

1003 577 1090 611 γάλοι,
1103 578 1193 613 ἔργοις
1203 581 1250 607 καὶ
1269 581 1372 616 λόγοις,
1390 584 1437 610 καὶ
1457 584 1537 610 θείων
1551 585 1666 619 Γραφῶν
1685 585 1788 620 ἐξηγή-

1005 631 1063 649 σεσι
1091 625 1137 650 καὶ
1157 624 1317 659 οεολογίαις,
1345 629 1391 654 καὶ
1412 630 1589 663 παραινέσεσι
1610 630 1719 665 ὴθνκαῖς
1736 631 1788 665 τὴν

1002 668 1122 702 Χριστοῦ
1133 673 1392 706 κατακοσμήσαντες
1413 674 1585 711 Ἐκκλησίαν,
1604 675 1725 711 ἀκριϐῶς
1740 676 1788 702 λέ-

1002 723 1061 749 γειν
1074 716 1124 742 οὐκ
1139 716 1192 751 ἐχω
1205 717 1234 743 ἐν
1241 717 1293 744 τίνι
1306 719 1361 744 τῶν
1375 710 1527 754 εἰρημένων
1543 710 1649 748 τούτων
1659 723 1689 748 τὺ
1706 722 1788 750 πλέον

1009 760 1142 795 ἐσχήκασι
1167 770 1174 777 ·
1205 762 1253 789 καὶ
1276 763 1355 790 τοῦτο
1386 764 1429 791 διὰ
1454 765 1485 791 τὸ
1509 766 1539 792 ἐν
1565 767 1649 793 πᾶσιν
1673 767 1787 802 ἄκρως,

1003 801 1100 839 οἶμαι.
1121 805 1242 840 ,τούτους
1261 807 1408 842 ἐκλάμψαι,
1443 809 1491 836 καὶ
1513 811 1577 842 τοὺς
1608 801 1789 846 βουλομένους

1006 850 1118 883 μετρεῖν
1141 857 1171 875 τε
1188 850 1236 876 καὶ
1248 854 1438 888 παραμετρεῖν
1455 854 1581 888 ἀλλήλοις
1595 856 1687 881 ἐκεῖνα
1701 857 1791 890 μηδα-

1005 893 1063 928 μῶς
1075 893 1214 921 δύνασθαι.
1230 895 1305 927 Τέως
1322 905 1354 930 γε
1375 898 1428 931 μὴν
1444 898 1493 933 (ὡς
1502 900 1549 926 κοιλ¹
1568 901 1624 931 τοῖς
1636 901 1690 935 πρὸ
1707 901 1788 935 ἡμῶν

1004 946 1032 964 τε
1048 938 1095 965 καὶ
1113 940 1169 971 τοῖς
1183 940 1231 967 σὺν
1249 941 1314 975 ἡμῖν
1332 941 1429 978 ἔδοξε),
1449 935 1488 978 τῷ
1503 944 1552 978 τῆς
1569 945 1707 978 θεολογίας
1728 946 1789 980 δρει

1004 984 1105 1018 μᾶλλον
1130 985 1176 1012 καὶ
1202 986 1241 1021 τῷ
1262 987 1332 1021 λόγῳ
1354 989 1540 1024 προσέὸησαν.
1563 991 1612 1017 καὶ
1635 991 1685 1022 τὰς
1711 992 1788 1023 Θείας

1003 1027 1111 1060 ὲκείνας
1130 1031 1232 1063 φωνὰς,
1254 1032 1302 1058 καὶ
1318 1032 1367 1066 τὴν
1382 1033 1510 1068 ὑπερφυᾶ
1523 1035 1570 1061 καὶ
1588 1037 1721 1070 μεγίστην
1737 1037 1789 1070 τῆς

1005 1073 1128 1108 μεγάλης
1151 1076 1266 1109 Τριάδος
1283 1076 1435 1112 θεολογίαν,
1453 1080 1529 1114 παρὰ
1545 1080 1592 1107 τοῦ
1611 1081 1679 1107 Θεοῦ
1697 1082 1790 1116 Λόγου

1002 1118 1049 1145 τοῦ
1076 1120 1105 1145 ἐν
1125 1120 1195 1156 ἀρχῇ
1211 1121 1306 1154 ῦντος,
1330 1124 1377 1150 καὶ
1397 1124 1466 1158 πρὸς
1487 1127 1534 1151 τὸν
1557 1126 1623 1152 Θεὸν
1649 1127 1726 1158 ὄντος
1752 1129 1788 1153 ἐν

1002 1163 1170 1200 ἀπορρήτοις
1195 1167 1349 1201 δεξάμενοι,
1380 1170 1485 1200 πάντας
1513 1171 1656 1204 ἐδίδαξαν’
1680 1172 1719 1203 ὡς
1738 1173 1789 1199 καὶ

1001 1211 1082 1245 ἡμεῖς
1109 1212 1157 1247 ἤδη
1178 1213 1332 1247 φθάσαντες
1352 1214 1406 1241 ἀπὸ
1425 1216 1525 1250 μέρους
1539 1216 1583 1243 διὰ
1605 1217 1659 1242 τῶν
1676 1217 1787 1252 Θαυμα-

1002 1256 1072 1282 στῶν
1094 1257 1183 1283 αὐτῶν
1199 1257 1285 1291 λόγων
1308 1259 1355 1285 κιὶ
1381 1259 1430 1293 τῆς
1458 1260 1597 1293 θεολογίας
1627 1261 1785 1296 ἐδείξαμεν.

1007 1300 1083 1327 Ἐπεὶ
1114 1302 1161 1328 καὶ
1184 1302 1252 1336 πρὸς
1274 1303 1361 1329 ταῦτα
1391 1305 1455 1334 τοὺς
1483 1305 1625 1337 γενναίους
1648 1307 1662 1332 ὁ
1687 1307 1787 1341 καιρὸς

1000 1346 1101 1378 ἐκεῖνος
1135 1347 1234 1381 μᾶλλον
1275 1348 1385 1381 ἐκάλει,
1407 1349 1455 1375 καὶ
1483 1350 1517 1376 τὰ
1545 1351 1599 1376 τιῖιν
1629 1350 1787 1385 ἐκκλησιῶν

1000 1394 1161 1428 πράγματα·
1179 1395 1227 1420 καὶ
1253 1395 1342 1428 μέγας
1368 1403 1410 1426 τις
1437 1393 1471 1430 ἦν
1495 1396 1525 1422 τὸ
1548 1396 1701 1431 τηνικαῦτα
1724 1398 1788 1428 ταῖς

1001 1438 1160 1473 ἐκκλησίαις
1177 1439 1191 1464 ὁ
1206 1439 1319 1473 χειμὼν,
1338 1440 1385 1465 καὶ
1404 1439 1417 1464 ὁ
1441 1439 1569 1474 πόλεμος,
1590 1441 1695 1475 ἱερέων,
1712 1440 1762 1474 φεῦ
1778 1441 1786 1467 !

999 1485 1048 1510 καὶ
1071 1485 1208 1519 ποιμένων
1245 1485 1285 1516 είς
1311 1485 1377 1512 Θεὸν
1415 1485 1594 1518 ἀσεϐούντων,
1619 1486 1665 1512 καὶ
1691 1486 1788 1517 δεινῶς

1001 1530 1197 1565 ἀφραινόντων,
1254 1539 1337 1565 φησιν
1356 1532 1370 1557 ὁ
1394 1530 1464 1562 θεῖος
1487 1531 1636 1566 Ἱερεμίας,
1653 1531 1788 1566 βασιλέων

1002 1575 1225 1610 συνηγορούντων
1241 1596 1249 1609 ,
1277 1577 1325 1602 καὶ
1348 1576 1455 1611 πικρῶς
1492 1577 1711 1604 ἐπεκδικούντων
1733 1578 1787 1612 τὴν

999 1620 1105 1653 ὰθεΐαν,
1120 1621 1168 1647 καὶ
1195 1621 1248 1647 τῶν
1275 1622 1340 1656 περὶ
1355 1622 1388 1650 τὰ
1415 1623 1537 1657 βασίλεια
1564 1624 1613 1656 οὐχ
1638 1622 1720 1660 ἧττον
1737 1625 1788 1652 σὺν

1000 1666 1138 1701 εὐνούχοις
1161 1667 1230 1702 ἅμα,
1254 1669 1300 1694 καὶ
1316 1669 1347 1703 τῇ
1365 1669 1580 1703 γυναικωνίτιδι,
1604 1672 1637 1705 τῇ
1657 1671 1786 1706 συνοίκῳ,

999 1712 1082 1746 φημὶ,
1101 1712 1148 1738 καὶ
1168 1713 1285 1748 συζυγίᾳ
1310 1713 1396 1749 ταύτῃ
1424 1715 1463 1748 τῷ
1484 1715 1532 1748 τῆς
1553 1716 1652 1747 κακίας
1668 1717 1787 1752 ἀρχηγῷ

1001 1757 1266 1794 συστρατηγούντων
1293 1767 1323 1784 τε
1354 1759 1403 1785 καὶ
1430 1759 1700 1795 συναγωνιζομένων.
1727 1762 1786 1788 Καὶ

997 1803 1125 1830 τοιούτων
1140 1804 1192 1830 ἔδει
1211 1804 1266 1830 τῶν
1292 1804 1468 1839 κυσερνητῶν
1493 1814 1522 1831 τε
1555 1807 1602 1832 καὶ
1620 1807 1785 1842 στρατηγῶν

997 1851 1030 1884 τῇ
1046 1849 1164 1883 Χριστοῦ
1190 1849 1347 1884 Ἐκκλησία,
1369 1850 1418 1876 Διὰ
1435 1849 1514 1876 τοῦτο
1539 1850 1587 1878 καὶ
1605 1852 1674 1885 προς
1697 1852 1786 1878 ταῦτα

997 1895 1142 1929 κληθέντες
1164 1894 1277 1927 ἄνωθεν,
1295 1902 1366 1930 ῃπερ
1388 1895 1494 1930 ἕιρημεν
1513 1896 1576 1931 ἤδη,
1600 1897 1648 1922 καὶ
1663 1897 1712 1932 τὴν
1734 1898 1783 1923 τοῦ

997 1940 1063 1966 Θεοῦ
1079 1940 1231 1966 πανοπλίαν
1261 1940 1308 1966 καὶ
1331 1939 1380 1974 τὴν
1398 1940 1498 1975 σκευὴν
1521 1941 1698 1975 περιθέμενοι
1710 1960 1718 1973 ,
1737 1942 1787 1968 καὶ

997 1985 1054 2018 τὴν
1071 1984 1221 2018 μάχαιραν
1238 1985 1266 2009 ὲν
1289 1984 1368 2018 χερσὶ
1389 1983 1512 2016 λαϐόντες
1526 1985 1581 2012 τοῦ
1598 1986 1785 2020 Πνεύματος,

997 2035 1012 2053 ο
1027 2028 1091 2053 ἐστι
1101 2027 1185 2061 ῥῆμα
1199 2027 1284 2059 Θεοῦ,
1305 2028 1338 2053 τὰ
1358 2028 1407 2062 τῆς
1435 2028 1538 2063 πλάνης
1553 2030 1677 2056 καθεῖλον
1697 2030 1788 2064 ἀνδρι-

997 2073 1052 2105 κῶς
1077 2073 1264 2108 ὀχυρώματα,
1285 2073 1330 2100 τὸν
1352 2074 1461 2108 ίτχυρὸν
1485 2075 1514 2101 ἐν
1537 2076 1623 2110 κακίᾳ
1650 2076 1786 2110 δήσαντες

996 2119 1027 2153 τῇ
1047 2119 1161 2152 δυνάμει
1185 2117 1231 2144 τοῦ
1261 2118 1429 2152 Πνεύματος,
1453 2119 1501 2145 καὶ
1519 2119 1722 2155 διαρπάσαντες
1749 2121 1786 2149 τὰ

997 2164 1100 2190 ἐκείνου
1118 2163 1212 2197 σκεύη.
1226 2163 1299 2189 καθά
1316 2172 1400 2198 φησιν
1417 2164 1446 2191 ὲν
1461 2165 1641 2199 Εὐαγγελίοις
1652 2166 1783 2201 Χριστος,

161 2201 312 2233 adcxsilia,
344 2207 469 2235 mortem,
499 2203 692 2238 lapidutinnes,
721 2205 889 2239 impietatem
917 2206 943 2233 in

1002 2208 1043 2236 νῦν
1064 2209 1114 2243 μὲν
1128 2208 1194 2241 πρὸς
1210 2209 1350 2243 ὑπάρχους
1374 2210 1422 2235 καὶ
1441 2209 1581 2243 βασιλέας.
1598 2210 1646 2237 νῦν
1663 2211 1692 2237 δὲ
1710 2211 1782 2246 πρὸς

161 2249 282 2276 Ecclesia
301 2250 482 2277 concionibus
494 2255 691 2286 persequentes
708 2261 714 2278 :
731 2252 782 2279 etsi
811 2253 943 2286 pericula,

160 2300 189 2321 et
208 2300 323 2329 mortes,
338 2300 366 2323 et
379 2296 550 2324 calamitates
563 2297 624 2324 illas
639 2305 735 2324 omnes
749 2298 842 2325 divino
858 2299 944 2333 adjuti

159 2341 273 2374 auxilio,
291 2347 403 2376 propter
416 2349 466 2369 nos
480 2342 606 2370 videlicet
623 2347 651 2370 et
675 2345 790 2372 salutem
823 2348 945 2371 nostram

161 2387 326 2414 tulerarunt.

997 2254 1059 2284 τοὺς
1071 2262 1125 2280 των
1145 2253 1313 2286 Ἑκκλησιῶν
1327 2254 1475 2288 ἡγεμόνας,
1492 2255 1539 2281 καὶ
1557 2255 1655 2287 λύκους
1671 2256 1785 2290 μᾶλλον,

998 2299 1047 2325 καὶ
1064 2298 1168 2329 δεινοὺς
1185 2298 1240 2324 τῶν
1259 2298 1393 2332 ποιμνίων
1415 2299 1587 2334 σπαρὰκτας,
1608 2301 1670 2336 οὐχὶ
1687 2301 1785 2334 ποιμέ-

998 2353 1057 2378 νας,
1079 2344 1126 2371 νῦν
1142 2345 1170 2370 δὲ
1189 2345 1257 2378 πρὸς
1277 2345 1339 2375 τοὺς
1358 2345 1543 2377 ἰουδαΐζοντας
1559 2355 1589 2372 τε
1609 2348 1656 2373 καὶ
1675 2347 1785 2381 ἑλληνί-

998 2392 1094 2422 ζοντας
1123 2390 1331 2425 ἀγωνιζόμενοι,
1354 2391 1401 2416 καὶ
1419 2392 1516 2426 μέχρις
1538 2392 1651 2427 ἐξοριῶν
1668 2393 1716 2420 καὶ
1733 2393 1786 2419 θα-

160 2433 252 2464 νάτου,
269 2434 308 2465 ὡς
334 2433 383 2460 καὶ
419 2434 510 2467 λίθους
533 2436 595 2464 καθ’
617 2437 723 2465 ἑαυτῶν
746 2439 1055 2472 ἐπισπάσασθαι,⁴κατὰ
1074 2439 1124 2474 τῆς
1142 2438 1268 2470 ἀσεὸείας
1293 2438 1337 2464 ἐπ’
1357 2438 1525 2474 Ἕκκλησίας
1551 2439 1785 2475 δημηγοροῦντες*

161 2482 186 2507 εί
202 2481 250 2507 καὶ
269 2481 323 2508 τῶν
337 2482 469 2510 κινδύνων
481 2484 594 2511 καὶτῶν
609 2485 733 2512 θανάτων
752 2487 861 2514 πάντων
877 2486 989 2514 ἐκείνων
1012 2487 1072 2522 θείᾳ
1087 2486 1202 2522 δυνάμει
1235 2485 1269 2513 δι’
1302 2486 1376 2521 ἡμᾶς
1410 2485 1534 2520 δηλονότι
1553 2486 1600 2511 καὶ
1622 2485 1672 2519 τὴν
1692 2494 1784 2521 σωτη-

160 2528 224 2563 ρίαν
240 2529 289 2562 τὴν
307 2529 445 2564 ἡμετέραν
465 2531 588 2564 ὲξάντεις
610 2532 753 2568 ὤφθησαν.

195 2573 315 2601 Joannes
329 2580 431 2606 autem,
441 2575 532 2611 lingua
545 2585 655 2606 aureus.
674 2580 725 2606 etsi
738 2580 791 2607 alio
805 2581 944 2609 orationis

159 2627 262 2654 genere
277 2621 352 2648 nullo
369 2622 527 2656 excelleret,
543 2631 576 2651 ex
587 2624 644 2651 sola
662 2625 784 2660 profecto
798 2627 944 2662 theologia.

159 2674 243 2700 quam
262 2668 389 2695 eximiam
405 2673 433 2695 et
460 2669 651 2698 admirabilem
669 2678 834 2700 consecutus
850 2678 902 2706 est,
919 2679 949 2702 et

161 2720 197 2740 ex
211 2712 436 2742 dimicationibus
450 2719 546 2743 contra
571 2715 681 2743 Graecos
696 2724 727 2744 ac
754 2717 874 2749 Judaaos.
900 2725 949 2745 eo-

162 2766 280 2795 rumque
298 2763 327 2787 et
341 2760 472 2788 similium
488 2768 618 2796 perversa
630 2762 813 2797 opinantium,
830 2763 947 2791 Ariano-

1039 2579 1164 2612 Ἰωάννης
1179 2579 1201 2605 δ¹
1215 2580 1228 2606 ὁ
1243 2579 1292 2614 τὴν
1316 2579 1440 2613 γλῶτταν
1455 2579 1585 2614 χρυσοῦς,
1599 2579 1624 2605 εἰ
1644 2578 1694 2614 μὲν
1708 2578 1788 2606 οὐδὲν

999 2627 1094 2661 ἕτερον
1112 2623 1181 2657 εἶδος
1197 2625 1271 2660 αὐτῷ
1287 2625 1376 2659 λόγων
1400 2625 1516 2659 προσῆν,
1537 2626 1569 2651 ἐκ
1586 2625 1670 2660 μόνης
1683 2624 1716 2651 ἂν
1735 2625 1787 2660 τῆς

1001 2672 1124 2708 μεγάλης
1140 2671 1188 2698 καὶ
1204 2670 1366 2706 θαυμαστῆς
1381 2670 1533 2704 θεολογίας,
1550 2671 1599 2697 καὶ
1610 2670 1664 2697 τῶν
1673 2669 1789 2704 ἀγώνων

999 2719 1054 2746 τῶν
1066 2718 1135 2752 πρὸς
1147 2717 1280 2752 Ἕλληνάς
1298 2725 1327 2743 τε
1350 2717 1397 2743 καὶ
1421 2716 1576 2748 Ἰουδαίους,
1587 2717 1636 2743 καὶ
1652 2716 1702 2750 τῆς
1717 2717 1788 2743 ανα-

999 2764 1103 2800 τροπῆς
1117 2762 1207 2796 αὐτῶν
1219 2763 1248 2789 τέ
1262 2770 1332 2798 φημι
1348 2761 1460 2795 τούτων,
1471 2762 1517 2790 καὶ
1531 2762 1562 2798 δὴ
1580 2761 1689 2790 καὶτῶν
1702 2768 1789 2797 προ·-

197 2840 220 2857 ³¹
234 2839 337 2869 Jerem.
352 2844 384 2874 it,
400 2841 428 2875 8,
446 2841 473 2868 9.
511 2841 533 2858 “
548 2840 649 2877 Ephes.
665 2849 704 2876 vr,
720 2842 764 2871 l7.
803 2842 828 2859 ³³
842 2841 910 2871 Luc.
925 2850 962 2877 ιι,
978 2842 1022 2870 21.
