1942 3091
108 134 162 166 7ἷὶ7

630 139 820 170 LAUDATIO
838 138 960 170 TRIUM
984 139 1203 173 DOCTORUM.

1670 146 1724 179 79‘?

106 193 208 226 ομοίων
236 191 328 223 αὐτοῖς
363 193 532 227 κακοδόξων,
559 196 715 231 Ἀρειανῶν,
739 196 820 230 λέγω,
844 196 885 222 καί

943 205 1002 224 rum
1017 203 1092 232 puta.
1112 199 1338 232 Sabellianorum,
1352 200 1618 236 Macedonianorum,
1638 204 1730 231 Mani-r

107 236 295 264 Σαϐελλιανῶν
320 238 398 272 ὁμοῦ.
426 240 474 267 καὶ
497 241 716 271 Μακεδονιανῶν.
740 244 787 268 καὶ
805 243 892 269 Μανι-

107 283 205 318 χαίων,
214 285 260 310 καὶ
275 284 513 317 Οὐαλεντινιανῶν,
530 287 576 313 καὶ
587 288 642 313 τῶν
653 288 706 314 ἀπὸ
718 288 889 322 Μαρκίωνος,

107 329 155 355 καὶ
172 329 224 364 μὴν
241 330 352 356 καὶτῶν
367 331 415 365 τὴν
433 332 606 366 εἱμαρμένην
635 333 740 364 ἀσεϐῶς
755 342 890 367 παρεισα-

105 375 209 408 γόντων
225 377 296 402 κατὰ
311 377 340 402 τὸ
357 376 520 411 αὐτόματον,
544 378 698 412 θαυμαστός
715 388 757 410 τις
771 380 804 406 ἂν
819 379 891 411 ἔδοξε

108 422 154 447 καὶ
176 421 328 457 ὑπερφυὴς,
355 423 403 448 καὶ
425 423 462 458 τῷ
486 424 543 450 ὄντι
563 427 772 460 τρισμέγιστος·
795 426 841 452 νῦν
861 426 890 452 δὲ

107 467 227 500 ποταμοὶ
243 467 292 501 μὲν
305 466 445 501 θεολογίας
462 469 494 494 ἐκ
510 468 557 495 τοῦ
569 470 686 503 Χριστοῦ
699 471 829 504 στόματος
842 469 889 496 καὶ

105 510 156 544 τῆς
168 511 250 538 αὑτοῦ
267 511 392 546 θεολόγου
410 514 534 548 γλώττης
557 515 718 548 ἀνέϐλυσαν,
735 517 781 542 καὶ
799 516 890 542 πᾶσαν

104 557 237 583 ὲπότισαν
253 557 303 592 τὴν
320 557 382 592 γῆν,
409 559 475 594 ὅσην
493 560 508 585 ὁ
524 561 659 595 σωτήριος
678 560 823 595 περιέλαϐε
846 561 890 586 λό-

103 609 152 634 γος
164 609 172 616 '
193 602 223 628 τὸ
238 602 266 628 δὲ
283 602 338 628 τῶν
355 603 444 637 λόγων
471 604 555 631 αὐτοῦ
574 605 688 639 πότιμον
713 606 761 632 καὶ
782 605 890 640 ἥδιστον

104 646 232 679 πέλαγος,
250 648 299 681 τὴν
312 647 339 673 δὲ
353 647 407 674 τῶν
423 648 532 683 ὑψηλῶν
547 657 577 675 τε
597 649 645 676 καὶ
666 649 813 684 ὑπερφυῶν
826 657 889 684 νοη-

105 692 200 726 μάτων
215 692 368 727 ἀπέραντον
391 694 518 726 ἄϐυσσον,
540 694 589 730 τὴν
607 694 634 721 δὲ
659 695 728 730 ὑπὲρ
746 695 890 730 ἄνθρωπον

104 735 247 771 εὐπορίαν,
265 737 296 763 τὸ
311 738 338 764 δὲ
356 738 422 772 ὕψος
442 740 500 774 ἅμα
521 739 566 766 καὶ
588 740 638 775 τὴν
662 741 820 775 σαφήνειαν,
840 739 888 775 τὴν

103 781 131 807 δὲ
149 781 305 817 ἀπόρρητον
332 783 428 818 ἡδονὴν
450 785 558 821 ἐκείνην
578 785 623 812 καὶ
647 785 695 821 τὴν
720 786 886 821 γλυκύτητα,

103 826 153 861 τὴν
171 827 200 854 δὲ
212 828 360 864 ῥητορικὴν
375 829 552 866 πιθανότητα,
568 831 616 857 καὶ
630 832 660 858 τὺ
676 831 744 866 μετά
759 832 808 865 τῆς
822 832 888 865 ἀλη-
903 855 924 884 Β

105 872 179 904 θείας
194 873 247 899 τῶν
262 874 347 908 λόγων
360 875 470 910 ίσχυρόν
485 885 515 902 τε
533 877 582 903 καὶ
596 876 694 912 βίαιον,
708 877 807 909 παῖδας
821 878 888 904 ἀπο-

103 917 193 950 δεῖξαν
206 919 270 949 τοὺς
282 919 312 946 ὲν
325 921 380 951 τοῖς
394 921 727 957 λόγοιςεὺδοκιμήσαντας
739 923 886 957 Ἕλληνας,

102 963 137 989 δι’
153 960 191 990 ὧν
209 964 259 998 τήν
275 972 304 990 τε
332 965 449 992 παλαιὰν
478 967 546 1000 ὁμοῦ
569 969 616 993 καὶ
633 967 682 1003 τὴν
701 968 775 994 Νέαν
794 969 885 994 πᾶσαν

103 1006 217 1041 Γραφὴν
245 1007 409 1043 ἐξηγήσατο,
433 1010 481 1037 καὶ
504 1011 538 1037 τὰ
559 1010 644 1045 βαθέα
668 1011 716 1037 καὶ
746 1011 887 1046 δύσληπτα

103 1051 205 1085 ταύτης
219 1053 259 1083 είς
276 1053 333 1086 φῶς
355 1062 384 1080 τι
408 1055 455 1080 καὶ
472 1056 621 1090 σαφήνειαν
643 1056 752 1091 ἤνεγκε,
774 1056 819 1083 καὶ
837 1057 886 1088 τὰς

102 1096 214 1128 τελετὰς
233 1097 286 1124 τῶν
303 1099 409 1125 σεπτῶν
423 1101 580 1135 μυστηρίων
599 1101 750 1137 ἀνύμνησε,
768 1103 815 1130 καὶ
833 1103 888 1129 Πα-

103 1141 187 1175 τέρας
215 1142 314 1176 ῑεροῦς,
337 1144 384 1170 καὶ
408 1145 550 1180 μάρτυρας
571 1147 758 1183 ἀνευφήμησε,
778 1149 823 1174 καὶ
840 1149 887 1175 τὸν

103 1185 199 1219 ἠθικὸν
229 1188 277 1213 καὶ
294 1189 522 1223 συμϐουλευτικὸν
540 1191 618 1226 λόγον
631 1193 724 1227 ὥσπερ
744 1193 820 1225 τινὰς
836 1202 887 1229 πη-

104 1229 157 1262 γὰς
172 1230 301 1262 ἀεννάους
319 1232 367 1258 καὶ
390 1233 512 1268 ῥεύματα
538 1237 668 1269 ποταμῶν
688 1237 840 1272 ἀειρῤύτων
855 1239 886 1264 ὲκ

102 1275 152 1309 τῆς
167 1277 388 1311 κεχαριτωμένης
406 1279 520 1313 καρδίας
540 1280 685 1314 ἀνέδωκεν,
701 1282 738 1313 ὡς
753 1283 817 1308 ποτὲ
836 1283 885 1317 μὲν

103 1320 134 1346 τὸ
148 1320 247 1355 πλῆθος
263 1323 352 1349 αὐτῶν
366 1323 436 1358 ὑπὲρ
453 1326 483 1351 τὸ
495 1326 593 1358 κάλλος
609 1327 807 1362 θαυμάζεσθαι,
820 1329 885 1355 ποτὲ

102 1362 131 1388 δὲ
147 1364 176 1389 τὸ
199 1365 296 1397 κάλλος
314 1367 384 1402 ὑπὲρ
404 1369 434 1394 τὸ
458 1370 574 1404 πλῆθος·
605 1372 704 1406 μᾶλλον
729 1373 751 1399 δ’
773 1374 816 1400 ἀεὶ
840 1374 885 1400 καὶ

103 1409 245 1454 ἀμφότερα
256 1418 264 1426 ·
279 1411 317 1443 ὡς
331 1414 377 1439 καὶ
391 1414 424 1440 τὰ
435 1414 488 1441 τῶν
500 1416 645 1451 Σειρήνων,
657 1417 736 1453 εῐπερ
748 1418 786 1453 μὴ
802 1418 885 1454 μῦθος

102 1452 146 1488 ἦν,
163 1455 247 1490 λῆρον
267 1457 388 1492 ἀτεχνῶς
403 1458 472 1486 εἶναι
496 1461 565 1495 πρὸς
588 1462 673 1489 ταῦτα
692 1452 739 1490 καὶ
763 1452 882 1493 παιδιάν.

943 241 1079 269 Cha-orum
1106 251 1137 270 ac
1166 243 1436 277 Valentinianorum,
1464 245 1698 274 Marcionistarum
1715 269 1722 279 ,

942 287 1083 322 fatumque
1094 295 1188 315 contra
1203 289 1349 316 voluntatis
1366 290 1517 318 libertatem
1539 292 1620 326 impie
1644 293 1723 320 inriti-

942 333 1063 359 centium
1080 334 1258 361 subversione
1271 335 1416 369 gloriosam
1430 336 1480 363 sibi
1499 344 1597 364 nomen
1615 346 1724 371 compa-

942 382 1029 404 rasset
1043 386 1049 404 :
1063 386 1135 405 nunc
1145 387 1192 406 ore
1208 379 1281 406 Illius
1295 388 1393 411 aureo,
1408 386 1432 407 et
1450 382 1541 415 lingua
1560 382 1721 416 theologica.

940 422 1053 450 ﬂumina
1073 423 1223 458 theologica
1237 426 1420 459 erumpentia,
1434 432 1566 460 quantum
1585 432 1721 454 terrarqu

940 467 1068 495 salutaris
1080 468 1331 503 Christidisciplina
1339 472 1479 506 complexa
1495 478 1546 504 est.
1560 472 1720 507 irrigarunt.

942 512 1107 540 Scrmonum
1138 522 1219 548 porro
1242 516 1300 549 ejus
1329 517 1449 550 potabile
1474 518 1722 553 suavissimumque

940 558 1062 592 pelagus.
1085 564 1112 586 et
1137 560 1294 587 sublimium
1312 566 1395 595 atque
1421 563 1631 591 lectissimorum
1658 572 1722 591 sena

941 609 1020 629 suum
1037 603 1170 630 inlinitam
1191 606 1332 640 abyssum,
1347 611 1375 633 et
1399 607 1518 634 humano
1546 613 1626 642 captu
1643 617 1723 643 supc-

940 648 1040 675 riorem
1055 649 1262 681 abundantiam,
1288 651 1459 679 altitudinem
1479 653 1581 687 pariter
1608 658 1635 680 et
1660 662 1721 688 per-

939 693 1131 727 spicuitatem,
1159 695 1358 730 jucunditatem
1395 703 1422 725 et
1447 698 1618 735 dulcedinem
1649 700 1721 726 illam

940 738 1171 773 inexplicabilem,
1185 740 1407 777 rhetoricamque
1429 744 1613 778 persuadendi
1630 744 1723 771 eilica—

939 785 1020 816 ciam,
1038 789 1066 811 et
1083 792 1145 812 cum
1177 787 1292 813 veritate
1306 788 1440 816 orationis
1465 797 1565 816 nervos
1585 794 1612 816 et
1635 790 1721 824 impe-

939 834 992 862 tus,
1001 830 1102 864 quibus
1115 831 1222 858 Graecos
1231 832 1351 867 alioquin
1360 834 1515 868 eloquentia
1530 835 1652 863 celebres
1666 843 1721 870 prae

938 883 967 903 se
981 883 1080 909 pueros
1094 876 1179 904 fuisse
1192 877 1322 910 ostendit,
1336 879 1490 914 quibusque
1501 885 1583 907 totam
1600 886 1720 908 veterem

936 926 964 949 et
994 921 1097 948 Novam
1128 922 1297 957 Scripturam
1332 924 1497 957 explanavit,
1530 926 1720 961 prol‘undaque

937 966 1022 998 illius,
1034 971 1061 994 et
1077 969 1277 1002 comprehensa
1292 969 1412 996 dillieilia
1431 970 1456 996 in
1473 970 1561 998 lucem
1580 966 1719 1005 aperl'um-

938 1020 991 1047 que
1005 1013 1129 1047 protulit,
1143 1014 1339 1042 venerabilium
1366 1016 1560 1050 mysteriorum
1591 1024 1718 1044 creremo-

939 1060 999 1088 uias
1015 1060 1175 1093 celebravit,
1190 1066 1218 1088 et
1230 1066 1340 1089 sanctos
1367 1063 1460 1090 Patres
1476 1071 1507 1090 ac
1520 1067 1653 1098 martyres
1663 1065 1720 1090 col-

940 1105 1071 1138 laudavit,
1089 1111 1117 1133 et
1130 1107 1269 1134 orationes
1296 1107 1330 1134 de
1357 1108 1490 1139 moribus.
1514 1113 1542 1136 et
1569 1109 1719 1139 suasorias.

937 1155 1064 1185 tanquam
1101 1151 1189 1179 fontes
1218 1152 1353 1185 quosdam
1387 1159 1529 1187 perennes,
1557 1158 1584 1180 et
1618 1153 1718 1180 [inertia

936 1196 1079 1224 ﬂuminum
1094 1204 1202 1231 semper
1215 1197 1381 1224 manantium
1395 1205 1429 1224 ex
1444 1197 1526 1225 corde
1540 1198 1624 1232 gratia
1639 1198 1719 1232 ple-uo

937 1242 1176 1276 emisitzquorum
1192 1249 1264 1268 nunc
1280 1241 1482 1269 multitudinem
1501 1250 1583 1276 supra
1610 1243 1720 1278 elegan-

939 1286 1015 1318 tiam,
1031 1293 1105 1313 nunc
1133 1285 1293 1321 elegantiam
1320 1293 1402 1320 supra
1435 1287 1649 1318 multitudinem,
1667 1287 1728 1314 imo'

936 1331 1076 1358 enimvero
1093 1335 1239 1365 utrumque
1264 1339 1371 1366 semper
1399 1331 1545 1359 admittere
1567 1341 1573 1359 :
1593 1337 1622 1359 ut
1639 1333 1724 1360 etiam

936 1375 1075 1403 fabulosus
1087 1376 1132 1403 ille
1147 1376 1274 1403 Sirenum
1291 1381 1398 1409 cantus,
1433 1385 1512 1412 nugze
1527 1377 1644 1405 etludus
1658 1386 1720 1405 cum

940 1421 999 1449 istis
1015 1422 1131 1449 collatus
1144 1422 1289 1449 videatur:
1303 1422 1371 1454 haec,
1386 1423 1508 1457 inquam,
1521 1427 1549 1449 et
1565 1423 1723 1450 istiusmodi

938 1473 993 1492 non
1021 1466 1109 1492 solum
1135 1473 1216 1493 nemo
1231 1474 1282 1500 pro
1308 1467 1440 1502 dignitate
1464 1467 1588 1499 laudare,
1606 1467 1653 1494 sed
1670 1475 1722 1494 nec

102 1499 195 1525 Ταῦτα
213 1501 303 1526 τοίνυν
320 1503 366 1528 καὶ
386 1503 420 1529 τὰ
447 1504 562 1532 τοιαῦτα
583 1506 612 1532 οὐ
640 1507 722 1540 μόνον
740 1508 790 1534 οὐκ
807 1509 884 1535 ἐπαι-

938 1510 1120 1545 particulatim
1136 1511 1232 1537 saltem
1262 1518 1391 1538 enarrare
1405 1516 1432 1538 et
1447 1512 1605 1538 describere
1621 1516 1720 1538 utcun-

102 1545 180 1570 νέσαι
195 1553 239 1576 τις
256 1546 324 1581 πρὸς
344 1547 433 1581 ἀξίαν,
449 1549 506 1576 ἀλλ’
525 1550 584 1577 οὐδὲ
598 1552 667 1578 κατὰ
685 1555 767 1588 μέρος
783 1554 884 1586 διεξελ-

102 1589 158 1616 θεῖν
173 1590 248 1623 γοῦν,
266 1593 313 1618 καὶ
328 1593 485 1629 ὑπογράψαι
500 1595 538 1630 τῷ
551 1595 622 1632 λόγῳ
634 1597 790 1633 δυνήσεται,
807 1600 832 1625 εἱ
845 1600 883 1634 μὴ

102 1636 196 1672 κυάθῳ
213 1638 243 1664 τὸ
258 1638 431 1666 Ἀτλαντικὸν
445 1642 610 1677 ἀναμετρείν
625 1644 753 1678 πέλαγος,
775 1647 822 1671 καὶ
836 1654 884 1672 κο-

101 1682 169 1718 τύλῃ
186 1683 231 1709 τὸν
247 1684 334 1718 μέγαν
356 1685 463 1718 Νεῖλον,
488 1688 503 1722 ἢ
528 1689 574 1714 τὴν
591 1690 736 1725 Εὐφράτην
753 1691 885 1725 ἀρύεσοαι

102 1726 234 1761 βούλοιτο.
252 1728 359 1756 Ἐκεῖνα
374 1730 402 1756 δὲ
419 1731 463 1757 τὸν
482 1732 596 1766 κόσμον,
610 1731 682 1770 ᾗπερ
699 1735 776 1770 ἔφην,
793 1736 886 1762 διαλα-

102 1774 193 1806 ϐόντα,
219 1775 248 1801 οὒ
266 1775 298 1802 δι’
319 1776 452 1811 Ἑλλήνων
474 1778 520 1804 καὶ
545 1778 687 1814 Ῥωμαίων
708 1782 797 1814 μόνον,
819 1783 887 1810 ἀλλὰ

101 1821 150 1846 καὶ
165 1820 210 1846 διὰ
229 1819 332 1854 Σύρων,
351 1822 399 1847 καὶ
421 1821 590 1855 Αἰγυπτίων,
612 1824 658 1850 καὶ
681 1825 812 1859 Μαύρων,
842 1827 887 1852 καὶ

107 1864 249 1897 Ἰσπανῶν,
265 1865 312 1892 xui.
327 1866 444 1899 Γότοων,
461 1867 506 1894 καὶ
518 1867 685 1903 Τριϐαλλῶν,
703 1870 751 1896 καὶ
764 1870 884 1904 Σκυθῶν,

936 1563 989 1590 que
1001 1555 1113 1590 poterit,
1131 1555 1184 1582 nisi
1197 1556 1296 1590 cyatho
1312 1556 1479 1583 Atlanticum
1491 1564 1577 1589 mare,
1590 1561 1617 1584 et
1630 1557 1719 1591 cotyla

936 1605 1043 1628 vastum
1059 1600 1151 1627 Nilum
1180 1601 1282 1633 metiri,
1307 1607 1354 1629 aut
1385 1603 1552 1636 Euphraten
1569 1603 1722 1630 exhaurire

935 1646 1012 1675 velit.
1027 1646 1075 1673 Illa
1090 1651 1181 1674 autem
1198 1648 1341 1680 mundum,
1368 1652 1399 1675 ut
1417 1648 1552 1680 dicebam,
1566 1649 1718 1683 complexa.

937 1701 991 1720 non
1007 1700 1056 1726 per
1070 1693 1178 1720 Graecos
1192 1698 1220 1720 et
1234 1693 1371 1720 Romanos
1390 1693 1532 1725 duntaxat,
1559 1693 1605 1720 sed
1635 1693 1724 1720 etiam

938 1746 987 1774 per
1001 1738 1095 1773 Syros.
1110 1739 1263 1774 Egyptios,
1282 1739 1402 1772 Mauros,
1428 1738 1574 1774 Hispanos,
1601 1739 1718 1771 Gothos,

939 1783 1084 1814 Triballos.
1098 1783 1225 1819 Scythas,
1242 1785 1420 1819 omniumque
1436 1784 1614 1811 barbarorum
1635 1791 1719 1810 voces

938 1832 965 1854 et
979 1827 1087 1863 linguas
1110 1829 1322 1861 admirabiliter,
1339 1834 1442 1857 etcum
1458 1829 1542 1864 gloria
1557 1833 1585 1856 et
1606 1833 1721 1863 stupore

939 1873 1059 1901 maximo
1075 1881 1136 1901 sese
1150 1874 1332 1902 diffuderunt.
1511 1876 1514 1878 ’

100 1911 148 1958 καλ
163 1912 253 1946 πάσης
273 1911 410 1947 βαρϐάρου
432 1914 524 1949 φωνῆς
545 1923 576 1941 τε
592 1915 640 1942 καὶ
662 1915 786 1952 γλώττης
813 1919 897 1946 ἑαυτὰ
918 1912 1082 1955 (θαυμαστῶς
1104 1922 1187 1948 πᾶσιν
1209 1923 1392 1957 ἁνακηρύττει
1415 1922 1483 1957 μετά
1520 1923 1650 1958 μεγίστης
1669 1922 1720 1958 τῆς

101 1955 182 1989 δόξης
197 1964 227 1982 τε
244 1957 292 1983 καὶ
306 1958 353 1984 τοῦ
375 1959 525 1993 θαύματος.

143 2004 224 2031 Ἀλλὰ
237 2006 323 2032 ταῦτα
341 2007 390 2040 μὲν
411 2009 488 2035 κοινά
507 2009 555 2036 καὶ
569 2011 626 2042 τοῖς
641 2011 715 2046 τρισὶ
729 2012 867 2047 δήπουθεν
878 2020 886 2028 ⁸

99 2050 129 2076 οὐ
145 2051 226 2084 μόνον
239 2051 280 2078 ὅτι
299 2053 402 2080 τούτων
417 2055 517 2088 ὁμοίως
534 2055 580 2081 καὶ
601 2056 656 2082 τῶν
670 2057 799 2084 τοιούτων
817 2058 883 2084 ἕκα-

101 2103 163 2127 στος
178 2097 268 2123 αὐτῶν
283 2097 342 2124 ἐστι
357 2099 587 2135 πλήρης,ἀλλ¹ὄτι
604 2103 671 2137 μηδὲ
685 2103 807 2137 φιλοῦσιν
818 2105 883 2131 ῐδιόν

99 2151 138 2173 τι,
159 2143 205 2168 καὶ
221 2144 305 2178 χωρὶς
323 2144 377 2170 τῶν
397 2146 535 2181 ὁμοτίμων
559 2148 709 2181 κεκτῆσθαι
726 2149 780 2176 τῶν
800 2151 883 2185 τριῶν

972 2012 1107 2042 Caeterum
1125 2014 1183 2042 haec
1200 2015 1282 2042 trium
1301 2015 1457 2043 communia
1470 2019 1543 2047 sunt,
1568 2023 1622 2043 non
1637 2016 1718 2043 modo

935 2060 1012 2094 quod
1026 2061 1069 2088 his
1081 2065 1109 2088 et
1121 2061 1221 2089 talibus
1240 2069 1336 2088 eorum
1348 2062 1542 2097 unusquisque
1557 2062 1654 2097 plenus
1662 2068 1716 2095 est,

935 2106 983 2133 sed
1011 2107 1084 2141 quod
1102 2115 1153 2134 nec
1179 2107 1319 2142 proprium
1337 2107 1477 2142 quidpiam
1512 2109 1572 2135 sine
1600 2108 1714 2143 paribus

937 2151 992 2179 sibi
1007 2151 1113 2179 honore
1127 2153 1269 2186 possidere
1279 2153 1404 2187 cupiunt.
1419 2161 1513 2180 verum
1524 2154 1594 2188 quod
1606 2154 1718 2188 habent,

99 2188 225 2222 ἕκαστος,
235 2190 304 2217 ἀλλά
329 2194 522 2219 κοινοποιεῖται
538 2194 567 2220 τὸ
585 2195 638 2230 ἰδίᾳ
656 2196 766 2228 προσὸν,
778 2197 824 2223 καὶ
835 2198 884 2232 οὐχ

938 2204 1082 2224 commune
1095 2197 1209 2230 faciunt,
1222 2203 1249 2225 et
1264 2205 1325 2224 cum
1341 2197 1436 2225 amicis
1457 2199 1623 2234 honorisque
1635 2200 1717 2226 sociis

99 2232 198 2259 ἑαυτοῦ
214 2233 325 2268 μᾶλλον,
342 2235 410 2262 ἀλλὰ
431 2237 478 2262 καὶ
501 2236 556 2263 τῶν
576 2237 670 2271 φίλων,
690 2239 737 2264 καὶ
753 2239 884 2274 ὁμότιμον

99 2278 189 2305 ἐκεῖνο
214 2280 341 2310 ποιεῖται,
365 2281 544 2312 ἀντιδιδόντες
564 2282 688 2317 ἀλλήλοις
709 2284 734 2310 ot
757 2285 835 2316 σοφοὶ
849 2284 883 2311 τὰ

97 2324 198 2357 οἰκεῖα,
213 2325 260 2352 καὶ
279 2325 314 2352 τά
330 2326 394 2361 παρ’
410 2326 535 2362 ἀλλήλων
556 2327 588 2360 ἑξ
611 2327 668 2354 ἴσου
689 2327 882 2363 λαμϐάνοντες,

97 2369 142 2395 διὰ
157 2370 208 2405 τὴν
221 2371 377 2406 όμοτιμίαν,
387 2373 471 2408 φημὶ,
487 2374 534 2401 καὶ
542 2374 591 2410 τὴν
607 2374 772 2410 σύμπνοιαν,
788 2375 835 2402 καὶ
852 2375 883 2402 τὺ

97 2415 221 2450 φίλτρον.

139 2461 215 2487 Ἐπεὶ
230 2462 277 2488 καὶ
290 2461 430 2489 Βασιλειου
445 2463 494 2496 μὲν
508 2464 555 2491 τοῦ
569 2465 695 2499 Μεγάλου
709 2466 788 2493 τοῦτό
800 2476 882 2501 φασιν

98 2505 164 2532 [διον
182 2503 264 2538 εἶναι,
284 2507 315 2533 τὸ
331 2508 399 2542 μετά
420 2508 470 2543 τῆς
488 2509 659 2546 ὑψηλοτάτης
678 2513 726 2538 καὶ
749 2513 881 2548 μεγίστης

95 2548 238 2583 θεολογίας
258 2551 305 2577 καὶ
329 2551 379 2583 τὰς
400 2552 522 2587 κινήσεις
544 2555 585 2585 είς
607 2555 689 2589 βάθος
705 2557 824 2592 καθορᾷν
851 2565 880 2583 τε

96 2594 146 2620 καὶ
162 2594 311 2627 ἐξετάζειν,
326 2596 507 2632 δημιουργίας
525 2607 555 2625 τε
575 2599 623 2625 καὶ
642 2592 770 2634 προνοίας
785 2601 881 2635 λόγους

95 2639 273 2674 ἀναμετρείν,
298 2641 346 2668 καὶ
371 2643 440 2678 ἢθη,
467 2644 515 2670 καὶ
542 2644 636 2680 ψυχῶν
658 2647 879 2684 ὲπιτηδειότητας

95 2684 232 2718 εὐστόχως
252 2685 404 2721 ἐπιτηρεῖν.
427 2690 476 2716 καὶ
500 2689 595 2726 ὥσπερ
617 2690 737 2727 ἔμψυχόν
754 2701 813 2720 τινα
833 2694 878 2720 καὶ

94 2728 184 2760 ζῶντα
197 2729 243 2755 τὸν
261 2731 326 2765 περὶ
339 2732 456 2760 ἑκάστου
480 2734 583 2766 τούτων
608 2736 763 2764 ἐκτίθεσθαι
789 2738 877 2773 λόγον,

92 2773 177 2799 οἱονεί
191 2782 252 2802 τινα
271 2775 361 2812 ψυχὴν
382 2780 438 2810 τοῖς
457 2779 573 2815 ἀψύχοις
601 2781 690 2816 λόγοις
713 2783 875 2819 ἐμπνέοντα,

92 2819 162 2855 ὅπερ
179 2820 260 2853 αὐτὸς
277 2823 340 2857 περι
354 2832 425 2857 τινος
442 2825 494 2861 ἔφη
515 2826 566 2853 τῶν
581 2827 633 2860 ἔξω
649 2829 783 2865 ρητόρων.

935 2243 1186 2275 communicaut,et
1201 2243 1322 2270 vicissim
1337 2244 1474 2278 sapientes
1488 2243 1532 2271 isti
1548 2252 1597 2271 sua
1612 2244 1716 2279 impar-

935 2286 1017 2320 tiunt,
1034 2292 1062 2315 et
1074 2287 1192 2315 invicem
1203 2295 1235 2314 ex
1249 2295 1328 2322 aequo
1342 2292 1515 2320 mutuantur,
1528 2293 1643 2324 propter
1659 2289 1712 2316 ho-

935 2334 1011 2360 noris
1023 2333 1219 2368 aequalitatem,
1236 2333 1468 2368 conspirationem
1493 2338 1575 2369 atque
1597 2341 1715 2362 consen-

935 2357 1010 2360 _.-..-
1023 2357 1219 2368 _,_c__-__-_..,
1238 2357 1468 2368 _--_-r.._---.-_...
1493 2357 1575 2369 --,,--
1599 2357 1701 2362 --..--._

934 2386 1006 2411 sum,
1018 2384 1046 2406 et
1063 2386 1186 2407 amorem
1202 2384 1326 2406 mutuum
1344 2379 1483 2407 videlicet.

967 2465 1059 2493 Basilii
1075 2466 1209 2501 siquidem
1228 2466 1315 2500 Magni
1332 2467 1384 2495 hoc
1396 2468 1534 2502 peculiare
1550 2469 1712 2503 aiuntesse.

933 2511 1068 2539 motiones
1079 2512 1163 2539 animi
1175 2520 1208 2539 ex
1219 2513 1363 2546 theologia:
1377 2514 1528 2542 rationibus
1538 2516 1716 2545 subtilissime

931 2562 960 2585 et
983 2557 1170 2585 eruditissime
1199 2558 1356 2593 perspicere
1373 2563 1402 2586 et
1428 2560 1598 2594 examinare,
1627 2562 1713 2590 divini

931 2602 1032 2638 Opiﬁcii
1050 2602 1284 2638 providentiaeque
1312 2603 1410 2631 modos
1426 2604 1593 2639 expendere,
1622 2614 1716 2634 mores

929 2652 958 2675 et
971 2647 1127 2675 babilitates
1143 2649 1296 2676 animarum
1311 2649 1451 2684 ingeniose
1462 2652 1618 2682 observare,
1628 2656 1714 2686 atque

929 2693 966 2720 ita
982 2693 1015 2721 de
1031 2693 1074 2721 his
1089 2693 1206 2729 singulis
1217 2688 1370 2727 (disserere,
1389 2699 1420 2722 ut
1439 2696 1560 2723 sermoni
1577 2697 1603 2723 in
1615 2697 1714 2724 animo

928 2738 1075 2773 inspirasse
1102 2741 1234 2772 animam,
1251 2746 1279 2768 et
1305 2741 1365 2776 ejus
1380 2741 1463 2768 verba
1488 2741 1580 2769 vivere
1599 2743 1716 2770 videan—

928 2790 985 2818 tur,
1003 2785 1075 2812 sicut
1089 2785 1147 2821 ipse
1164 2786 1198 2814 de
1211 2786 1330 2822 quodam
1348 2786 1459 2814 rhetore
1477 2793 1531 2814 non
1548 2787 1717 2815 Christiano

928 2835 1054 2860 testatur.
