1942 3091
252 94 305 124 803

781 90 992 121 rumorum
1012 90 1066 120 ce.
1090 89 1344 120 Parsimonia
1805 97 1852 128 894

252 148 430 181 prehensum,
447 152 475 174 et
493 145 609 173 deorum
635 145 851 178 multitudinem,
874 146 1041 180 inte-qualita-

1093 144 1160 171 πτὺν
1175 145 1251 176 Θεὸν,
1266 145 1313 171 καὶ
1329 145 1378 180 τὴν
1397 145 1541 174 πολυθεῖαν
1559 147 1692 175 Ἰουδαίων
1706 157 1734 176 τι
1751 150 1793 176 καὶ
1805 151 1855 178 Ἑλ-

250 199 361 227 tctnque
381 193 537 221 Judzeorum
562 197 589 219 et
616 192 759 227 gentilium
798 198 906 226 respuo,
934 191 1042 218 theolo-

251 239 357 273 gi-rque
388 242 416 264 et
439 237 635 272 speculatiouis
657 241 740 263 certa-
766 236 888 263 rationes
910 235 1040 267 edoceor,

251 287 388 317 quatenus
398 282 508 309 edoceri
519 290 562 309 me
571 282 611 308 fas
620 286 676 313 est;
689 286 717 308 et
730 281 814 308 Deum
827 288 911 307 unum
918 280 1042 315 legitime

251 335 284 355 ac
297 336 365 363 pure
385 329 412 354 in
436 328 570 355 Trinith
590 327 686 359 adoro,
703 327 749 361 qui
767 333 817 353 nec
831 327 924 360 coepit,
941 326 1040 359 inquit,

251 381 303 400 nec
318 373 464 407 aliquando
480 372 597 403 desinet.
615 380 665 399 ceu
684 373 796 407 pelagus
812 373 938 399 essentia:
950 372 1042 399 inﬁni-

252 423 310 446 tum
324 425 352 446 et
370 418 546 448 immensum,
564 425 672 445 omnem
696 418 888 452 cogitationem
910 417 1042 452 temporis

253 472 286 492 ac
299 469 403 491 naturae
417 471 588 498 exsuperans
601 469 692 490 mente
708 463 765 490 sola
790 463 995 494 adumbratam,
1013 467 1057 490 et-

252 510 304 537 hoc
319 510 406 544 ipsum
422 517 551 544 perquam
567 510 676 537 exiliter
688 517 719 536 ac
735 509 920 541 mediocriter,
938 516 993 536 non
1007 517 1039 536 ex

252 555 287 582 iis
299 563 359 590 quae
378 555 437 590 ejus
458 560 555 582 natura
570 555 755 587 continentur,
772 561 800 582 et
824 554 976 581 secundum
1001 554 1042 589 ip-

252 610 330 634 sum,
351 603 398 630 sed
424 611 485 636 quae
509 603 582 629 circa
605 603 694 637 ipsum
717 606 782 629 sunt
797 613 803 629 :
821 609 872 629 nec
897 602 1041 636 superbis

252 648 355 675 deitate
377 649 473 680 effusa,
492 656 526 675 ne
550 648 664 674 deorum
689 652 827 675 catervam
853 648 1038 675 inducamus:

253 700 305 720 nec
322 693 364 720 his
377 694 479 721 deitate
493 693 714 727 circumscripta,
729 701 763 720 ne
785 693 955 728 paupertatis
970 693 1041 720 divi-

253 739 367 766 nitatem
391 740 623 772 condemnemus,
649 745 697 766 aut
718 745 830 775 propter
854 739 1040 766 monarchiam

252 792 315 811 cum
330 785 440 817 Judaeis,
458 789 506 812 aut
527 790 639 820 propter
653 785 855 813 multitudinem
871 793 933 812 cum
951 784 1039 820 genti-

1093 191 1179 226 λήνων
1193 192 1368 227 ἀπορρίπτει),
1387 191 1524 226 θεολογίας
1543 202 1573 220 τε
1590 195 1637 221 καὶ
1658 194 1768 230 θεωρίας
1779 197 1856 223 ἀπλα-

1092 237 1154 268 νοῦς
1170 237 1361 271 ἑκδιδάσκομαι
1377 237 1484 271 λόγους,
1498 238 1612 266 καθόσον
1625 237 1680 266 οἷόν
1689 249 1727 274 τε,
1741 239 1784 268 καὶ
1800 242 1856 268 Θεὸν

1092 282 1139 308 ἕνα
1160 282 1279 317 γνησίως
1303 291 1333 309 τε
1348 283 1394 309 καὶ
1411 283 1538 318 καθαρῶς
1561 286 1704 320 προσκυνῶ
1717 288 1745 313 ὲν
1762 287 1854 322 Τριάδι,

1091 327 1153 354 οὔτε
1167 326 1332 362 ἀρξάμενον,
1346 327 1437 363 φησὶν,
1450 328 1512 354 οὔτε
1530 330 1709 365 παυσόμενον,
1720 328 1772 357 οἷόν
1785 340 1807 357 τι
1817 332 1857 359 πί-

1092 372 1173 406 λαγος
1186 372 1279 404 οὐσίας
1301 373 1427 409 ἄπειρονζ
1443 374 1491 401 καὶ
1505 374 1642 410 ἀόριστον,
1658 377 1745 403 πᾶσαν
1756 376 1857 411 ὑπερεκ-

1092 418 1191 445 πίπτον
1210 418 1314 445 ἔννοιαν
1347 420 1394 445 καὶ
1411 420 1507 454 χρόνου
1529 420 1575 446 καὶ
1590 421 1708 454 φύσεως,
1727 421 1763 453 νῷ
1789 422 1856 456 μόνον

1093 464 1364 499 σκιαγραφούμενον·
1381 467 1429 491 καὶ
1453 465 1532 492 τοῦτο
1544 465 1604 493 λίαν
1624 467 1750 502 ἀμυδρῶς
1764 467 1806 494 καὶ
1820 476 1860 502 με-

1091 510 1184 545 τρίως,
1202 511 1252 536 οὐκ
1269 511 1301 537 ὲκ
1326 510 1380 537 τῶν
1407 511 1469 538 κατ’
1483 512 1576 544 αὐτὸν,
1603 513 1661 540 ἀλλ’
1685 514 1716 540 ὲκ
1739 514 1790 540 τῶν
1803 514 1857 548 περὶ

1091 556 1191 583 αὐτόν·
1207 556 1269 582 οὐτε
1294 556 1365 590 ὑπὲρ
1378 557 1463 584 ταῦτα
1478 558 1527 590 τῆς
1549 559 1683 594 θεότητος,
1711 561 1784 594 φησὶ,
1807 568 1858 595 χεο-

1093 601 1187 636 μὲνης,
1203 601 1247 627 ἶνα
1262 601 1300 635 μὴ
1316 602 1402 637 δῆμον
1419 603 1487 630 θεῶν
1504 605 1706 639 εἰσαγάγωμεν,
1722 605 1780 631 οὐτε
1795 600 1858 637 ὲντδς

1091 647 1192 673 τούτων
1205 647 1376 682 ὁριζομένης,
1403 649 1448 675 ἵνα
1478 650 1515 684 μὴ
1532 650 1627 676 πενίαν
1653 651 1776 685 θεότητος
1790 659 1861 678 κατο-

1092 692 1242 727 κριθῶμεν,
1268 693 1284 727 ἢ
1303 693 1347 719 διὰ
1363 694 1412 728 τὴν
1435 694 1583 729 μοναρχίαν
1610 695 1860 730 ίουδαῑζοντες,ῆδιά

1091 737 1140 772 τὴν
1155 737 1286 771 ἀφθονίαν
1304 739 1500 773 ἑλληνίζοντες.
1513 740 1598 766 Ὀταν
1618 740 1652 767 τὰ
1665 742 1727 776 περὶ
1741 741 1809 772 θείας
1821 741 1861 775 δην

1093 783 1237 818 μιουργίας
1250 791 1279 810 τι
1294 785 1340 810 καὶ
1355 785 1483 819 προνοίας
1495 786 1585 812 αὐτῶν
1597 785 1727 818 ἐξετάξω,
1747 786 1861 821 μανθάνω

253 831 326 858 libus
339 831 498 858 sentientes.
509 831 623 864 Quando
635 839 695 866 qua:
707 831 740 858 de
752 831 844 858 divina
858 831 1040 858 fabricatione

1092 828 1206 859 κτίσεως
1220 830 1268 856 καὶ
1280 830 1352 861 Θείας
1363 830 1504 865 δυνάμεως
1526 830 1632 864 λόγους,
1649 833 1696 857 καὶ
1712 831 1759 867 τὴν
1769 831 1858 865 γνῶσιν

252 884 285 904 ac
300 877 470 912 providentia
484 878 654 912 scripserunt
667 878 795 905 evolvens
810 877 937 909 discutio,
958 881 1026 904 natu

253 930 291 949 ra:
305 927 332 950 et
353 922 454 950 divinae
472 923 601 958 potentia:
617 924 737 950 rationes
759 923 958 952 animadverto,
977 930 1040 957 pro-

253 968 456 1003 ductarumque
485 976 576 995 rerum
607 969 792 1004 cognitionem
826 968 978 1003 adipiscor,
1013 972 1041 996 et

252 1013 334 1040 video
349 1014 376 1041 id
397 1014 470 1049 quod
487 1014 598 1049 proprie
617 1019 669 1046 est,
689 1019 767 1042 extra
786 1013 880 1040 omnia
908 1018 936 1041 et
957 1021 1041 1048 super

253 1059 345 1086 omnia
366 1067 442 1092 esse;
464 1064 492 1086 et
517 1066 572 1094 quo
593 1065 684 1093 pacto,
701 1067 762 1094 quae
782 1059 942 1093 neutiquam
965 1061 1040 1089 sunt,

254 1103 364 1133 condat.
379 1108 409 1130 et
424 1108 453 1131 ut
469 1104 525 1130 sint
539 1104 650 1136 eﬂiciat,
668 1108 835 1138 naturasque
850 1109 876 1131 et
897 1103 1041 1130 facultates

254 1153 391 1182 procreet,
413 1152 442 1174 et
461 1148 634 1180 elllcientias,
653 1152 681 1175 et
701 1149 895 1183 proprietates,
917 1153 945 1175 et
967 1155 1038 1175 com-

257 1195 415 1226 munitates,
432 1200 459 1222 et
472 1194 641 1228 discritnina,
661 1200 689 1222 et
703 1195 830 1228 uniones,
841 1201 869 1222 et
884 1195 1041 1227 habitus,et

256 1239 433 1272 privationes.
448 1244 476 1266 ct
492 1240 636 1271 motiones,
651 1244 679 1267 et
701 1240 875 1272 mutationes,
896 1245 923 1267 et
941 1241 1042 1267 altera-

255 1283 345 1310 tiones
367 1283 515 1318 unicuique
543 1288 726 1318 congruenter
737 1284 794 1316 det,
811 1285 880 1312 sicut
901 1285 958 1319 ipse
975 1285 1042 1312 dare

255 1328 343 1359 novit,
356 1333 384 1355 et
395 1329 515 1356 rationes
526 1330 652 1364 proprias
668 1330 789 1364 impertit
802 1331 927 1365 singulis,
941 1331 1042 1365 quibus

255 1382 301 1402 res
325 1381 432 1402 nostras
466 1377 534 1403 miro
559 1377 641 1404 modo
659 1382 687 1405 et
711 1385 792 1412 supra
815 1385 896 1412 qnam
921 1378 974 1405 dici
996 1382 1043 1405 aut

256 1421 369 1455 cogitari
395 1428 489 1455 queat,
513 1423 670 1449 moderatur
691 1431 699 1450 :
723 1430 838 1457 quaeque
859 1428 990 1458 apparent
1014 1424 1041 1451 in

255 1465 420 1499 quibusdam
436 1466 633 1501 inaequalitates
647 1472 675 1494 et
687 1467 864 1501 imparitates,
882 1468 942 1502 plus
959 1476 1041 1503 quam

255 1511 381 1543 m,ua|ia,
400 1516 428 1538 et
449 1512 531 1539 nimis
564 1512 597 1539 ad
621 1513 750 1540 amussim
767 1513 870 1540 directa
895 1514 1041 1549 perspicio.

254 1555 370 1588 Quando
395 1557 428 1583 de
457 1557 566 1584 sublimi
594 1557 750 1585 sacerdotio
779 1558 916 1592 exquisite
943 1559 977 1586 ab
1002 1558 1043 1586 eis

254 1602 410 1635 conscripta
423 1602 515 1633 audio,
529 1603 576 1630 Dei
589 1610 670 1630 voces
682 1603 715 1631 de
727 1605 797 1631 00310
809 1604 934 1639 delapsas
947 1605 1042 1632 audire

257 1654 300 1673 nte
316 1647 449 1679 arbitror,
464 1652 492 1675 et
511 1655 526 1675 a
543 1652 615 1676 terra
637 1649 809 1684 terrenisque
833 1650 944 1682 recedo;
959 1657 1042 1685 ange-

254 1692 402 1728 lorumque
430 1693 531 1728 linguis
556 1698 615 1720 tum
639 1694 757 1728 primum
787 1695 880 1722 divina
915 1696 1042 1731 mysteria

255 1739 344 1771 disco,
367 1740 463 1774 quales
484 1740 606 1774 ipsorum
624 1745 699 1773 sunt,
725 1740 801 1768 humi
828 1742 1041 1775 ambulantibus,

256 1785 426 1820 materiaque
437 1785 628 1813 constantibus
639 1786 698 1813 sine
715 1794 830 1822 corpore
845 1788 1041 1822 propemodum

255 1829 414 1864 loquentes;
439 1830 648 1865 caelestiumque
682 1832 872 1866 mysteriorum
900 1833 1042 1860 revelatio-

255 1883 330 1908 nem,
344 1881 371 1902 et
386 1876 486 1902 bonum
499 1875 622 1903 ordinem
637 1876 796 1904 hominibus
807 1878 994 1911 prmscriptum
1011 1887 1043 1906 ac

255 1920 421 1955 patefactum
445 1927 528 1947 cerno
545 1929 551 1945 :
571 1924 600 1948 et
625 1921 781 1956 prophetas,
801 1923 982 1956 evangelislas
1014 1929 1042 1950 ct

254 1966 403 2000 apostolos,
419 1970 446 1992 et
458 1966 577 1993 Priscam
589 1973 621 1993 ac
633 1965 734 1992 Nevatn
750 1965 917 2001 Scripturam
934 1968 1043 1996 univcr-

256 2019 313 2038 sam
339 2011 420 2038 simul
446 2011 603 2042 docentem,
630 2018 685 2045 quo
709 2016 799 2046 pacto,
825 2016 852 2039 et
877 2013 987 2047 quando
1007 2013 1041 2040 ad

256 2057 425 2084 inaccessum
437 2056 577 2088 accedere,
591 2056 701 2091 quando
713 2063 742 2083 se
756 2056 919 2089 subducere.
932 2059 1042 2092 quando

255 2102 289 2129 ad
301 2106 488 2129 accersentent
506 2102 581 2129 adire
605 2107 747 2137 oporteat:
765 2103 843 2135 illud,
865 2104 963 2138 inquit,
978 2112 1042 2139 pro-

255 2150 316 2184 pter
332 2149 518 2176 inﬁrmitatem
536 2148 690 2183 propriam,
714 2149 766 2176 hoc
782 2155 894 2184 propter
919 2150 1040 2177 vocantis

255 2193 417 2228 potentiam.
433 2194 465 2221 Et
477 2195 613 2229 quomodo
625 2195 777 2229 speciosum
795 2194 924 2222 Ecclesiae
938 2195 1040 2223 Christi

255 2246 357 2274 carpus
379 2240 454 2266 varie
490 2239 635 2275 regendum
662 2244 689 2267 et
715 2240 885 2267 tractandum
909 2242 956 2272 sit,
983 2249 1045 2276 spe-

254 2286 336 2312 ctatis
359 2286 543 2320 temporibus,
573 2294 677 2319 rerum,
705 2287 879 2314 voluntatum
912 2294 1044 2321 persona-

255 2339 374 2365 rumque
389 2331 606 2364 discriminibus,
623 2333 745 2360 moribus
761 2337 789 2359 et
805 2333 958 2365 sententiis,
976 2332 1044 2359 edu-

253 2377 374 2408 catione,
392 2378 599 2409 exercitatione,
621 2378 792 2404 institutione
813 2377 996 2404 communiter
1012 2380 1039 2404 et

254 2423 406 2458 sigillatim,
426 2431 570 2450 commune
587 2423 709 2450 omnium
732 2428 814 2457 caput
835 2422 975 2450 Christum
997 2422 1039 2449 in-

255 2469 374 2501 tuendo,
408 2469 527 2504 indeque
561 2477 674 2504 operum
707 2475 862 2496 nostrorum
903 2468 1038 2496 calculum

255 2515 448 2550 exspectando.
463 2516 494 2542 Et
507 2515 737 2550 quemadmodum
750 2523 812 2542 cum
825 2515 880 2542 Deo
891 2515 1038 2550 exploran-

1091 873 1210 908 εὑρίσκω
1224 874 1279 900 τῶν
1304 874 1398 907 ὄντων,
1415 876 1461 902 καὶ
1477 876 1636 910 διδάσκομαι
1653 878 1684 902 τὸ
1709 878 1806 912 κυρίως
1827 877 1861 908 ὃν,

1091 919 1143 952 ἔξω
1157 920 1212 946 τῶν
1228 920 1312 948 ὅντων
1323 920 1353 947 ὃν
1365 921 1483 953 πάντων,
1498 921 1535 952 ὡς
1550 921 1620 956 ὑπὲρ
1639 921 1738 954 πάντα,
1754 925 1798 948 καὶ
1812 922 1861 952 πῶς

1091 968 1125 992 τά
1137 965 1269 1000 μηδαμῶς
1283 965 1346 992 ὖντα
1362 966 1492 1001 παράγει,
1515 967 1562 993 καὶ
1578 966 1643 993 ὂντα
1663 969 1745 998 ποιεῖ,
1763 968 1804 1007 κα).
1816 966 1859 1000 φύ-

1092 1019 1160 1042 σεις,
1178 1012 1225 1038 καὶ
1242 1011 1372 1045 δυνάμεις
1386 1011 1483 1044 κτίζει,
1505 1012 1552 1038 καὶ
1575 1012 1728 1047 ἐνεργείας,
1743 1014 1788 1040 καὶ
1808 1012 1862 1038 ἰδιόο

1092 1065 1186 1092 τητας,
1212 1056 1259 1082 καὶ
1273 1057 1441 1092 κοινότητας,
1467 1059 1514 1084 καὶ
1526 1057 1668 1092 διαφορὰς.
1694 1060 1740 1084 καὶ
1755 1057 1861 1088 ὲνώσεις.

1092 1102 1138 1128 καὶ
1147 1102 1219 1134 ἕξεις
1237 1110 1277 1134 τε,
1295 1102 1342 1128 καὶ
1356 1096 1497 1137 στερήσεις
1508 1121 1516 1134 ,
1533 1103 1580 1129 καὶ.
1605 1104 1738 1137 κινήσεις,
1757 1104 1799 1129 καὶ
1812 1110 1863 1136 τρο·

1092 1147 1155 1179 πάς,
1172 1148 1218 1174 καὶ
1233 1147 1389 1179 ἀλλοιώσεις
1403 1148 1512 1183 ἑκάστῳ
1535 1148 1627 1175 δίδωσι
1645 1147 1863 1184 κατα).λήλως,ὡς

1091 1193 1194 1223 ἐκεῖνος
1209 1193 1291 1226 ἔξοιδε
1316 1193 1412 1228 μόνος·
1437 1194 1485 1220 καὶ
1511 1194 1607 1227 λόγους
1619 1194 1742 1229 ἐντίθησι
1762 1194 1819 1224 τοὺς
1831 1193 1863 1218 ol-

1092 1239 1181 1271 κιίους
1199 1240 1336 1271 ἑκάστοις,
1347 1236 1389 1271 οἷς
1411 1239 1446 1265 τὰ
1459 1239 1582 1274 ἡμέτερα
1600 1240 1704 1271 καινῶς
1724 1238 1812 1270 ίθύνει,
1825 1237 1863 1264 καὶ

1093 1285 1162 1320 ὑπὲρ
1175 1285 1271 1318 λόγον⁸
1293 1285 1403 1316 καὶτὰς
1427 1284 1456 1311 ἐν
1481 1293 1537 1312 τισι
1563 1285 1696 1316 δοκούσας
1723 1283 1863 1319 ἀνωμαλίας

1092 1331 1138 1357 καὶ
1150 1331 1311 1365 ἀνισότητας
1326 1330 1396 1364 ὑπὲρ
1415 1330 1463 1365 τὴν
1480 1331 1590 1364 ίσότητα
1607 1331 1741 1362 κατανοῶ,
1756 1331 1800 1356 καὶ
1820 1327 1861 1363 τὴν

1093 1377 1224 1411 στάθμην.
1242 1377 1324 1402 ’Όταν
1338 1377 1372 1403 τὰ
1385 1377 1448 1410 περὶ
1462 1376 1510 1410 τῆς
1524 1376 1628 1411 ὑψηλῆς
1640 1376 1790 1410 ίερωσύνης
1805 1375 1863 1409 ὑψη-

1093 1422 1144 1453 λῶς
1157 1421 1221 1455 παρ’
1233 1421 1344 1448 ἐκείνων
1366 1421 1466 1453 ἀκούω,
1478 1421 1546 1447 Θεοῦ
1562 1423 1664 1455 φωναῖς
1676 1421 1814 1456 οὐρανόθεν
1823 1427 1863 1454 φι-

1095 1467 1222 1502 ρομέναις
1234 1467 1408 1501 ἐντυγχάνειν
1425 1466 1540 1500 νομίζω,
1552 1467 1600 1493 καὶ
1612 1467 1664 1501 γῆς
1680 1467 1863 1500 ἀπανίσταμαι,

1095 1513 1141 1539 καὶ
1155 1512 1209 1538 τῶν
1224 1512 1379 1547 περιγείων,
1395 1513 1441 1538 καὶ
1459 1512 1592 1546 γλώσσαις
1608 1513 1733 1546 ἀγγέλων
1745 1511 1808 1538 Θεοί
1822 1519 1865 1545 μυ-

1095 1559 1193 1594 στήρια
1208 1558 1268 1584 τότε
1290 1558 1406 1592 πρώτως
1433 1557 1570 1593 μανθάνω,
1602 1557 1705 1589 αἵτινές
1725 1558 1787 1584 ποτέ
1808 1557 1865 1582 εἰσιν

1093 1605 1185 1635 αὐταὶ,
1199 1604 1245 1630 καὶ
1263 1603 1322 1633 πῶς
1335 1605 1391 1634 τοῖς
1414 1603 1488 1630 κάτω
1503 1603 1549 1629 καὶ
1564 1603 1666 1634 ὐλικοῖς
1685 1602 1772 1632 sum;
1785 1600 1867 1627 λαλοῦ-

1094 1659 1149 1682 σαι,
1167 1649 1302 1684 οὐρανίων
1315 1657 1346 1674 τε
1364 1648 1521 1684 μυστηρίων
1540 1648 1712 1682 ἀποκάλυψιν
1729 1647 1776 1674 καὶ
1796 1647 1866 1672 εὐτα-

1094 1695 1153 1728 ξίαν
1170 1695 1260 1730 βλέπω
1278 1694 1542 1729 ἀποκαλυπτομένην
1559 1693 1714 1729 ἀνθρώποις
1726 1702 1733 1709 ·
1749 1693 1793 1719 καὶ
1807 1699 1866 1726 προ·

1094 1742 1192 1776 φήτας,
1208 1741 1256 1767 καὶ
1272 1739 1470 1774 εὐαγγελιστὰς
1481 1759 1489 1771 ,
1506 1740 1554 1766 καὶ
1568 1739 1744 1770 ἀποστόλους,
1765 1739 1809 1765 καὶ
1823 1737 1867 1763 πᾶ-

1094 1795 1144 1814 σαν
1173 1785 1241 1821 ἐμοῦ
1266 1786 1316 1821 τὴν
1335 1786 1455 1813 Παλαιὰν
1479 1785 1528 1812 καὶ
1546 1785 1594 1820 τὴν
1613 1785 1686 1811 Νέαν
1709 1785 1866 1812 ἐκδιδάσκου-

1094 1841 1154 1864 σαν,
1165 1833 1221 1864 πῶς
1229 1832 1268 1859 δεῖ
1281 1831 1328 1858 καὶ
1339 1832 1404 1858 πότε
1417 1830 1608 1866 προσεγγίζειν
1617 1830 1656 1865 τῷ
1664 1830 1810 1865 ἁπροσίτῳ,
1825 1829 1864 1854 καὶ

1093 1877 1194 1911 πηνίκα
1207 1877 1257 1911 μὲν
1273 1877 1433 1911 ὑποχωρεῖν,
1453 1869 1554 1910 πηνίκα
1567 1875 1595 1902 δὲ
1614 1876 1754 1910 προσιέναι
1765 1873 1866 1901 καλοῦν-

1092 1929 1134 1947 τι·
1153 1922 1182 1948 τὸ
1198 1921 1259 1956 μὲν,
1278 1921 1416 1956 φησὶνδιὰ
1429 1921 1479 1956 τὴν
1496 1921 1601 1947 οίκείαν
1623 1921 1776 1952 ἀσθένειαν,
1794 1919 1821 1945 τὸ
1840 1917 1865 1944 δὲ

1091 1966 1135 1993 διὰ
1151 1966 1199 2001 τὴν
1217 1966 1264 1993 τοῦ
1288 1966 1434 1998 καλοῦντος
1451 1966 1576 2000 δύναμιν.
1603 1966 1657 1993 Καὶ
1677 1966 1735 1997 πῶς
1749 1966 1778 1991 τὸ
1792 1963 1864 1991 καλὸν

1093 2011 1172 2046 σῶμα
1183 2009 1312 2045 Χριστοῦ,
1326 2009 1375 2045 τὴν
1388 2010 1566 2044 Ἐκκλησίαν,
1576 2011 1705 2042 ποικίλως
1717 2009 1864 2043 οἰκονομεῖν.

1092 2057 1139 2083 καὶ
1153 2056 1364 2091 μεταχειρίζειν,
1396 2057 1509 2091 καιροὺς
1524 2056 1732 2091 ἐπιτηροῦντας,
1749 2056 1792 2082 καὶ
1816 2054 1864 2080 δια-

1092 2101 1177 2136 φορὰς
1188 2101 1369 2136 πραγμάτων,
1380 2102 1426 2127 καὶ
1438 2101 1634 2135 προαιρέσεων,
1649 2102 1697 2128 καὶ
1713 2100 1862 2136 προσώπων,

1093 2148 1138 2173 καὶ
1157 2147 1240 2181 ἠθῶν,
1259 2147 1305 2173 καὶ
1317 2146 1445 2182 γνωμῶν,
1461 2147 1508 2173 καὶ
1527 2147 1651 2181 ἀγωγῆς,
1666 2148 1713 2174 καὶ
1723 2147 1861 2180 ἀσκήσεως,

1092 2193 1138 2219 καὶ
1153 2192 1286 2223 παιδείας,
1301 2193 1355 2218 τῶν
1377 2201 1406 2218 τε
1422 2194 1497 2228 κοινῇ
1516 2201 1599 2228 φημι,
1615 2194 1662 2219 καὶ
1678 2193 1737 2219 καθ’
1751 2192 1859 2220 ἕκαστον.

1092 2238 1132 2268 εἰς
1144 2237 1192 2272 τὴν
1213 2238 1307 2271 κοινὴν
1321 2238 1441 2273 κεφαλὴν
1457 2239 1564 2264 πάντων
1579 2239 1697 2273 Χριστὸν
1708 2237 1861 2273 ἀφορῶντας.

1093 2284 1220 2312 κάκεῖθεν
1237 2285 1292 2311 τῶν
1307 2285 1372 2320 παρ’
1388 2285 1466 2320 ἡμῶν
1483 2286 1676 2321 πραττομένων
1689 2283 1864 2320 ἐκδεχομένους

1092 2332 1141 2362 τὰς
1170 2330 1295 2365 ψήφους·
1313 2331 1371 2362 πῶς
1395 2339 1425 2356 τε
1451 2331 1523 2364 μετά
1547 2331 1614 2357 Θεοῦ
1638 2331 1790 2366 δοκιμάζειν
1811 2328 1865 2358 τοὺς

1093 2376 1169 2410 παρὰ
1183 2376 1250 2402 Θεοῦ
1267 2376 1452 2410 καλουμένους
1469 2377 1537 2412 πρὶς
1562 2377 1657 2408 ταῦτα,
1684 2379 1751 2411 μήτε
1772 2375 1865 2409 καιροῖς

1093 2423 1140 2449 καὶ
1153 2422 1324 2453 δυναστείαις
1346 2423 1394 2449 καὶ
1410 2422 1513 2456 φιλίαις
1532 2423 1726 2458 χαριζομένους
1737 2431 1744 2438 ·
1761 2422 1796 2453 ὡς
1809 2428 1866 2446 κατ-

1092 2468 1232 2504 ολιγωρεῖν
1265 2468 1313 2502 μὲν
1338 2468 1367 2494 οὐ
1382 2468 1471 2500 καλῶς
1485 2469 1538 2495 τῶν
1555 2469 1637 2500 ἀξίων
1653 2468 1697 2495 διὰ
1710 2470 1744 2495 τά
1757 2467 1867 2502 προρῤη-

1092 2513 1188 2540 θέντα·
1214 2515 1350 2548 ἐγκρίνειν
1364 2514 1392 2540 δὲ
1408 2515 1501 2546 κακῶς
1519 2515 1563 2541 διὰ
1590 2515 1729 2551 ρᾳθυμίαν
1751 2515 1810 2544 τοὺς
1827 2513 1866 2538 ἀν-

253 2561 282 2588 di
307 2569 339 2588 ac
354 2561 487 2596 prohandi
504 2562 570 2594 sint,
590 2558 636 2595 qui
658 2561 692 2588 ab
705 2569 738 2588 eo
761 2561 794 2587 ad
818 2561 876 2588 haec
893 2565 1038 2593 vocantur,

1092 2560 1191 2592 ιξίουὶ,
1257 2560 1289 2587 ἂν
1301 2560 1473 2595 ἑκατέρωθεν
1499 2560 1677 2596 ὲκπίπτωμεν
1691 2561 1812 2595 αἴσχιστα
1826 2556 1866 2584 τοῦ

255 2613 306 2633 nec
319 2607 445 2642 tempori,
464 2614 514 2634 nec
530 2606 672 2641 potentia,
685 2614 734 2634 nec
747 2607 872 2634 amicitia:
887 2607 1042 2641 gratiﬁcati-

253 2652 304 2683 do;
329 2659 363 2679 ne
389 2660 442 2679 non
468 2653 537 2680 bene
563 2652 747 2687 negligantur,
772 2651 818 2687 qui
850 2657 963 2687 propter
987 2653 1041 2687 iam

1092 2606 1175 2632 καλοῦ
1207 2607 1254 2633 καὶ
1281 2606 1331 2641 τῆς
1346 2606 1500 2640 ἀκριϐείας,
1515 2607 1576 2632 τότε
1593 2607 1673 2633 καλὸν
1688 2606 1865 2640 ἀτιμάζοντες.

1091 2652 1121 2679 τό
1139 2661 1167 2678 τε
1185 2652 1268 2678 κακὸν
1290 2651 1465 2686 ἐκλεγόμενοι
1478 2672 1485 2684 ,
1514 2652 1563 2678 καὶ
1580 2652 1658 2683 δίκας
1685 2649 1865 2686 ᾱμςοτέρωθεν

252 2696 325 2724 dicta
338 2697 410 2732 digni
420 2702 483 2724 sunt
495 2706 502 2729 ς
514 2703 618 2730 contra,
629 2697 698 2724 male
707 2697 923 2732 dcligautur,qui
935 2704 1041 2733 propter

1093 2698 1218 2732 ἥφλοντες
1231 2697 1268 2732 τῷ
1284 2697 1441 2728 ἀδεκάστως
1457 2696 1526 2722 αὐτὰ
1542 2697 1601 2722 τότε
1617 2697 1743 2732 κρίνοντι.

255 2741 389 2776 ignaviam
407 2743 509 2778 indigni
528 2748 610 2776 sunt;
627 2748 657 2770 ut
675 2743 711 2770 ita
725 2743 854 2778 utrinque
869 2743 903 2770 ab
919 2751 952 2770 eo
967 2743 1040 2778 quod
1060 2743 1163 2770 bonum
1183 2747 1211 2771 et
1241 2736 1399 2778 perfectum
1425 2746 1478 2773 est,
1510 2742 1669 2777 turpissime
1693 2739 1866 2767 deﬂectamus.

251 2788 382 2816 nimirum
415 2788 516 2816 bonum
543 2789 630 2825 ipsum
656 2794 850 2824 aspernantes,
878 2795 906 2817 et
936 2791 1036 2817 malum
1065 2790 1242 2821 asciserutcs,
1273 2795 1301 2818 et
1343 2790 1502 2825 incorrupto
1529 2789 1616 2825 iudici
1645 2796 1737 2825 pmnas
1762 2786 1820 2813 hinc
1841 2790 1865 2818 ει

252 2835 317 2863 inde
333 2835 477 2862 debentes.
689 2842 697 2850 ί
