1942 3091
188 132 240 163 8Ἷ9

819 132 1008 162 DEMETRH
1032 133 1187 165 CYDONII

1753 136 1807 167 840

188 196 256 215 nam
276 187 356 222 hujus
374 186 511 215 limreseos
530 195 584 215 non
605 188 741 216 Palam-am
760 188 878 223 primum
894 196 975 216 exco-

1031 190 1160 225 αἱρέσεως
1176 191 1225 217 οὐκ
1240 191 1370 227 ἐπενόησε
1386 191 1492 226 πρῶτος
1509 192 1640 227 “alapa;
1651 210 1658 221 .
1675 192 1742 219 ἀλλὰ
1757 194 1810 227 προ

193 233 294 268 gitasse
308 253 316 265 ,
335 231 382 259 sed
409 232 502 259 multis
527 232 627 260 abhinc
657 233 736 260 annis
759 235 829 268 apud
851 241 909 265 eos,
927 233 974 268 qui

189 277 363 312 appellantur
379 277 552 312 Hesychasta:
568 278 616 313 (Ι),
635 278 710 305 velut
724 278 750 305 in
766 279 895 313 mysterio
905 278 975 305 clam

189 323 224 350 de
247 323 298 350 hac
326 323 422 351 haeresi
447 324 682 352 insusurrabatnr.
696 323 732 352 Ut
754 323 928 351 manifestum
943 331 976 350 ex

189 369 246 402 his,
257 377 318 404 quae
331 369 440 404 quidam
455 369 566 396 Simeon
582 369 668 397 edidit
683 369 826 404 pra-fectus
841 374 977 398 monaste-

190 413 225 440 rii
241 413 388 441 Xerocerci
400 414 438 450 (2)
453 415 612 446 nuncupati,
628 415 670 442 cui
689 415 771 442 etiam
787 415 895 442 titulum
912 415 976 442 novi

190 459 310 495 theologi
325 460 418 488 talium
441 468 533 488 rerum
553 465 657 496 mystae.
674 464 703 488 et
717 468 857 488 sacrorum
872 460 977 496 princi-

190 512 240 540 pes
261 505 473 540 inscripserunt.
494 506 519 534 Is
542 514 604 534 eum
631 506 657 534 in
680 507 741 534 aliis
765 507 821 534 suis
847 507 978 541 operibus

191 551 307 586 plurima
318 551 433 587 profana
447 557 476 579 et
496 552 653 587 blasphema
666 553 831 587 composuit,
845 556 901 579 tum
912 559 979 580 vero

195 596 329 631 peculiari
345 598 451 624 ratione
475 597 501 625 in
516 598 587 626 libro
604 599 637 626 de
652 599 800 626 sobrietate
814 603 843 626 et
856 599 979 626 conside-

192 643 298 670 ratione
323 643 358 670 ita
385 644 495 671 disserit
513 653 520 671 :
537 644 651 672 Attende
675 649 705 672 ut
717 644 817 677 ‘facias,
838 645 910 680 quod
929 645 978 672 tibi

192 687 266 719 dico,
288 687 388 715 clausis
414 688 519 716 toribus
539 689 636 716 sedeas
656 690 683 716 in
701 697 755 716 uno
772 689 864 724 aliquo
880 689 979 724 angulo

193 740 331 766 scorsum,
359 739 534 769 mentemque
563 740 635 762 tuam
665 735 809 763 abstraltas
836 736 870 764 ab
904 736 978 763 omni

192 780 324 810 vanitate,
338 787 367 817 re
380 779 467 815 fragili
481 784 508 807 et
524 780 635 808 caduca.
649 780 753 808 Deinde
765 787 887 809 mentum
903 786 978 809 tuum

193 825 297 859 pectori
320 824 442 852 innixum
463 825 607 858 inhaereat,
631 833 797 861 moveasque
820 827 977 854 eensibilem

193 870 303 897 oculum
317 878 379 897 eum
399 875 455 897 tota
469 875 559 897 mente
575 875 620 898 tua
636 871 663 898 in
680 871 770 898 ntedio
786 872 888 899 ventris
901 872 978 906 juxta
994 868 1014 896 Β

194 915 367 948 umbilicum,
387 916 453 951 quin
469 917 551 944 etiam
567 918 724 952 constringe
740 917 841 949 fauces.
857 923 885 946 et
900 924 982 946 attra-

193 961 313 991 ctionem
337 961 449 995 spiritus
472 961 591 994 narium,
613 966 643 989 ut
659 970 714 990 non
736 963 815 990 facile
837 964 935 998 spires,
953 968 981 990 et

194 1006 302 1040 inquire
330 1007 404 1035 intus
429 1007 456 1034 in
485 1007 650 1041 visceribus,
684 1013 713 1035 ut
741 1009 863 1043 reperias
890 1009 980 1036 locum

193 1052 295 1084 sordis,
310 1052 356 1079 ubi
372 1052 456 1080 animi
472 1052 615 1080 facultates
640 1054 739 1081 morari
756 1054 853 1081 solent.
868 1054 901 1081 Et
922 1054 980 1089 pri-

193 1106 268 1124 mum
285 1099 396 1133 quidem
422 1099 545 1126 invenies
570 1099 697 1126 tenebras
719 1104 748 1127 et
765 1100 977 1128 crassitudinem

195 1144 307 1172 minime
330 1144 490 1176 cedentem;
515 1144 562 1172 ubi
586 1152 653 1172 vero
674 1145 841 1181 perstiteris,
864 1153 896 1173 ae
919 1145 978 1173 dies

194 1194 344 1224 noctesque
360 1190 386 1216 in
400 1189 452 1217 hoc
466 1197 548 1224 opere
562 1190 777 1224 consumpseris.
789 1198 805 1217 ο
820 1198 876 1217 rem
891 1191 979 1218 admi-

194 1235 323 1261 ramlaml
339 1234 473 1269 percipies
489 1234 622 1267 laetitiam,
632 1242 692 1269 qua:
707 1235 782 1262 nullo
798 1240 899 1269 puncto
911 1241 977 1263 tem-

193 1271 270 1314 poris
285 1280 452 1307 intermittit.
473 1280 679 1314 Quamprimum
701 1280 775 1308 enim
793 1287 869 1307 tnens
887 1282 976 1308 locum

1026 235 1132 262 πολλῶν
1154 237 1258 271 χρόνων
1278 239 1354 272 παρὰ
1374 240 1430 270 τοῖς
1451 238 1608 273 λεγομένοις
1629 239 1810 274 Ἡσυχασταῖς

1025 281 1062 311 di,-
1075 283 1104 308 ὲν
1118 283 1262 317 μυστηρίῳ
1276 283 1308 309 τὰ
1322 283 1371 318 τῆς
1384 285 1517 319 αίρεσέως
1530 284 1632 320 ταύτης
1647 284 1810 319 ὑπεψιθυρί-

1026 323 1097 356 ζετο.
1117 325 1172 352 Καὶ
1188 326 1268 361 δῆλον
1285 327 1314 359 ἐξ
1330 324 1368 354 ὧν
1384 328 1491 362 Σιμεών
1507 337 1561 360 τις,
1573 329 1621 364 τῆς
1639 329 1811 365 Ξηροκέρκου

1026 369 1224 407 ὲπιλεγομένης
1239 373 1407 407 ἡγούμενος,
1422 373 1452 400 ὃν
1468 375 1515 401 καὶ
1532 375 1659 408 θεολόγον
1674 376 1733 401 νέον
1749 376 1812 402 ἑπέ-

1026 415 1134 449 γραψαν
1147 416 1173 441 οι
1188 416 1242 442 τῶν
1256 415 1383 444 τοιούτων
1400 417 1500 451 μύσται
1517 419 1564 445 καὶ
1580 421 1767 454 μυσταγωγοὶ,
1784 421 1813 446 ὲν

1027 459 1118 492 ἄλλοις
1140 461 1188 495 μὲν
1208 461 1291 490 αὑτοῦ
1314 463 1513 498 συγγράμμασι
1535 464 1622 491 πολλὰ
1643 464 1744 499 βέϐηλα
1766 466 1814 491 καὶ

1028 505 1176 542 βλάσφημα
1191 508 1381 542 συνεγράψατο
1393 517 1401 525 ·
1419 509 1472 545 ἰδίᾳ
1485 509 1513 536 δὲ
1528 510 1557 536 έν
1571 510 1610 545 τῷ
1626 511 1690 546 περὶ
1705 510 1815 546 νήψεως

1028 552 1076 578 καὶ
1090 553 1227 587 προσοχῆς
1255 554 1366 581 τοιαῦτα
1379 555 1502 587 διέξεισι.
1517 556 1640 586 Καθίσας
1654 558 1682 583 έν
1696 557 1747 592 μιᾷ
1761 566 1817 591 γω-

1028 598 1073 632 νίᾳ
1086 601 1157 625 κατὰ
1172 599 1266 633 μόνας,
1279 600 1410 635 πρόσεξαι
1425 602 1538 636 ποιῆσαι
1551 602 1565 628 δ
1578 602 1649 636 λέγω
1661 604 1715 630 ¹σοι.
1733 603 1816 629 Κλεῖ-

1030 654 1075 672 σον
1089 646 1138 681 τὴν
1153 646 1249 682 θύραν,
1264 648 1310 674 καὶ
1325 648 1426 683 ἐπαρον
1441 650 1486 675 τὴν
1501 649 1563 676 νοῦν
1581 658 1629 678 σου
1645 651 1698 676 ἀπὸ
1713 651 1817 681 παντὶς

1031 691 1163 726 ματαίου,
1182 692 1267 729 ἤγουν
1283 694 1464 729 προσκαίρου.
1483 693 1551 722 Εἶτα
1567 696 1677 731 ἐρείσας
1692 696 1732 731 τῷ
1751 699 1817 731 στή-

1030 737 1071 763 θει
1087 737 1133 764 σὺν
1149 737 1277 772 πώγωνα,
1291 740 1373 766 κινῶν
1397 740 1443 767 τὸν
1469 741 1599 776 αἰσθητὸν
1613 742 1753 776 ὀφθαλμὸν
1769 744 1819 768 σὺν

1029 782 1082 817 ὅλῳ
1097 782 1138 809 νοῒ
1152 784 1181 809 ὲν
1198 783 1273 820 μέσῳ
1288 785 1336 820 τῆς
1352 785 1466 818 κοιλίας,
1482 786 1566 821 ἤγουν
1580 787 1652 814 κατὰ
1666 787 1711 813 τὸν
1727 787 1819 821 ὀμφα-

1031 827 1092 861 λδν,
1110 829 1191 862 ἇγξον
1210 830 1256 857 καὶ
1271 831 1321 866 τὴν
1337 832 1387 866 τῆς
1405 833 1478 866 ῥινὸς
1495 833 1543 859 τοῦ
1560 833 1715 868 πνεύματος
1731 834 1818 869 ὁλκὴν

1029 873 1075 900 τοῦ
1092 873 1130 909 μὴ
1143 874 1229 906 ἀδεῶς
1243 877 1329 904 πνεῖν.
1349 877 1512 912 Ἐρεύνησον
1525 878 1600 905 ἔνδον
1615 879 1644 905 ἐν
1659 880 1716 910 τοῖς
1731 880 1818 915 ἐγκά-

1028 927 1084 950 τοις
1109 921 1200 955 εὑρεῖν
1224 921 1270 947 τὴν
1292 922 1375 949 τόπον
1399 925 1447 958 τῆς
1470 924 1594 959 καρδίας,
1615 924 1678 951 ἔνθα
1701 925 1820 960 ὲμφιλου

1028 966 1127 1000 χωρεῖν
1146 967 1284 999 πεφύκασι
1306 969 1391 995 πᾶσαι
1414 969 1443 995 αἱ
1463 970 1579 1004 ψυχικαὶ
1600 970 1631 996 δυ
1648 971 1740 1004 ἀμεις.
1763 971 1820 997 Καὶ

1030 1010 1136 1045 πρῶτον
1155 1011 1205 1046 μὲν
1222 1013 1316 1045 σκότος
1335 1014 1463 1049 εὑρήσεις
1481 1016 1529 1041 καὶ
1548 1016 1634 1051 πάχος
1652 1016 1797 1042 ἁνένδοτον
1809 1024 1818 1033 ·

1031 1057 1207 1091 ἐπιμένοντος
1228 1059 1256 1085 δέ
1281 1067 1340 1091 σου,
1360 1061 1407 1086 καὶ
1429 1060 1524 1088 τούτου
1542 1061 1589 1088 τοῦ
1612 1062 1692 1097 ἔργου
1715 1066 1819 1095 νυκτὸς

1031 1105 1077 1129 καὶ
1091 1103 1196 1138 ἡμέρας
1214 1105 1387 1140 ποιουμένου,
1401 1106 1542 1142 εὑρήσεις,
1557 1107 1580 1134 ὣ
1594 1108 1641 1135 τοῦ
1657 1109 1816 1144 θαύματοςί

1030 1147 1148 1184 ἄληκτον
1162 1150 1342 1186 εὐφροσύνην.
1357 1152 1433 1186 Ἅμα
1450 1153 1504 1188 γὰρ
1521 1154 1587 1191 εὕρῃ
1604 1155 1617 1181 ό
1634 1155 1696 1187 νοῦς
1711 1156 1758 1182 τὸν
1775 1158 1818 1182 τός

1031 1200 1080 1218 πον
1096 1193 1144 1227 τῆς
1162 1195 1286 1228 καρδίας,
1304 1195 1398 1230 βλέπει
1415 1198 1553 1231 παρευῦὺς
1569 1198 1587 1227 ἃ
1604 1199 1734 1226 οὐδέποτε
1753 1201 1819 1234 ἠπί-

1031 1245 1122 1265 στατο.
1146 1239 1244 1267 Βλέπει
1266 1241 1321 1276 γὰρ
1343 1242 1388 1268 τὸν
1408 1243 1509 1277 μεταξὺ
1529 1243 1578 1279 τῆς
1599 1244 1712 1279 καρδίας
1733 1247 1818 1281 ἀέρα,

1030 1284 1076 1309 καὶ
1091 1284 1186 1311 ἑαυτὸν
1201 1288 1332 1320 φωτεινδν
1346 1287 1406 1314 ὅλον
1430 1288 1478 1316 καὶ
1492 1289 1653 1324 διακρίσεως
1677 1291 1819 1325 ἔμπλεων,

193 1325 286 1352 cordis
313 1326 454 1360 repererit.
484 1325 575 1352 statim
596 1325 716 1359 aspicit,
745 1333 805 1359 quae
835 1334 975 1360 nunquam
995 1328 1109 1356 sciebat.
1144 1330 1285 1365 Siquidem
1304 1333 1362 1361 viso
1392 1341 1465 1368 aere,
1479 1336 1526 1370 qui
1541 1336 1613 1363 inter
1626 1338 1742 1371 spatium
1757 1347 1821 1366 cor-

194 1372 238 1400 dis
252 1376 349 1404 exstat,
367 1372 483 1407 seipsam
497 1376 579 1399 tutam
596 1372 711 1399 lucidam
726 1376 754 1398 et
769 1372 976 1400 discernendam
996 1376 1109 1410 praebet.

230 1419 290 1453 Ipse
301 1426 409 1453 quoque
423 1419 546 1446 Palamas
557 1419 583 1445 in
601 1418 720 1446 secunda
734 1419 858 1446 oratione
869 1426 978 1452 earum,

196 1472 265 1499 quas
282 1464 407 1491 inscribit
427 1465 542 1499 priores,
561 1464 618 1491 lnec
643 1464 690 1495 ait.
709 1465 850 1499 quoniam,
875 1470 906 1492 ut
919 1465 980 1500 qui-

196 1510 259 1537 dam
276 1514 400 1543 testatur,
426 1510 473 1544 qui
496 1510 567 1537 circa
585 1509 643 1536 haec
671 1510 744 1537 inter
773 1510 850 1537 valde
877 1511 980 1544 peritos

195 1562 386 1588 enttnzeratur,
404 1557 425 1583 si
441 1557 540 1591 figuras
554 1556 676 1583 internas
690 1557 812 1583 externis
830 1556 982 1584 assimilare

195 1605 258 1636 post
278 1601 521 1636 transgressionem
540 1601 631 1633 datur,
651 1601 788 1635 quomodo
803 1602 824 1629 is
842 1602 888 1636 qui
904 1609 981 1628 men-

194 1652 251 1675 tem
267 1652 376 1673 strenue
390 1647 447 1673 vult
459 1646 598 1682 colligere,
620 1654 634 1673 a
649 1651 722 1673 motu
742 1651 816 1674 rceto
836 1646 869 1674 ad
889 1647 979 1674 cireu-

194 1693 279 1720 larem
295 1692 445 1724 declinans,
467 1692 561 1719 oculos
576 1691 610 1718 ab
624 1692 751 1720 omnibus
770 1693 878 1719 caeteris
900 1699 980 1719 aver—

192 1745 241 1766 sos
255 1745 309 1765 non
326 1742 436 1773 pectore
458 1742 506 1764 aut
528 1738 619 1772 potius
633 1737 762 1764 umbilico
782 1737 849 1764 fixos
868 1736 980 1765 teneat?

192 1783 301 1819 Quippe
324 1791 434 1810 movere
462 1791 492 1810 se
516 1789 590 1810 motu
613 1787 725 1809 externo
740 1782 981 1816 circulari.quan-

196 1833 254 1855 tum
273 1828 330 1854 fieri
345 1832 444 1862 potest,
461 1828 546 1854 instar
563 1832 652 1854 motus
669 1832 709 1854 est
723 1827 831 1860 mentis,
850 1836 904 1862 quo
921 1833 978 1854 stu-

195 1873 273 1900 diose
299 1880 375 1899 mens
400 1880 428 1899 se
453 1873 538 1907 ipsam
562 1876 681 1904 exercet,
704 1877 732 1899 ct
745 1872 918 1907 suscipiendo
932 1880 979 1899 ex-

196 1917 282 1944 terius
304 1925 352 1950 per
375 1917 469 1943 oculos
491 1917 618 1942 virtutem
645 1915 744 1942 mentis
767 1916 856 1943 mittet
879 1915 906 1942 in
932 1923 980 1943 cor

195 1969 246 2001 per
263 1961 333 1988 hanc
349 1961 460 1996 figurant
476 1960 600 1995 corporis

228 2114 426 2150 illujuscemodi
455 2114 536 2148 igitur
561 2121 707 2148 perennem
734 2114 866 2147 laetitiam,
892 2119 919 2142 et
939 2115 981 2142 lu-

193 2161 283 2192 .mina.
300 2165 437 2195 totamque
451 2160 485 2187 de
499 2160 541 2188 bis
559 2161 641 2187 rebus
659 2167 767 2187 scenam
791 2168 839 2194 per
854 2160 980 2187 traditio-

1065 1424 1119 1450 Καὶ
1134 1425 1209 1455 αὐτὸ,
1228 1426 1251 1452 δ’
1262 1427 1275 1453 6
1291 1427 1421 1462 nam;
1439 1429 1468 1454 ὲν
1482 1427 1595 1464 β’λόγῳ,
1608 1429 1655 1462 οὓς
1668 1431 1819 1466 ἐπιγράφει

1032 1470 1199 1504 προτέρους,
1221 1471 1285 1498 τάδε
1303 1473 1396 1506 φησίν.
1430 1473 1506 1500 Ἐπεὶ
1540 1476 1665 1511 καθάπερ
1692 1486 1734 1508 τις
1762 1479 1820 1505 τῶν

1034 1515 1158 1549 μεγάλων
1188 1517 1250 1552 περὶ
1280 1518 1368 1545 ταῦτα
1396 1520 1489 1553 λέγει·
1518 1521 1580 1553 Τοῖς
1607 1521 1661 1554 ἔξω
1693 1524 1819 1558 σχήμασι

1032 1560 1220 1594 ὲξομοιοῡσοαι
1251 1563 1319 1598 μετὰ
1349 1563 1397 1599 τὴν
1425 1565 1593 1600 παράϐασιν,
1623 1568 1680 1599 πῶς
1702 1570 1753 1595 οὐκ
1784 1570 1820 1596 ἂν

1032 1605 1201 1632 συντελέσειὲ
1223 1615 1251 1633 τι
1278 1609 1349 1642 μέγα
1362 1609 1401 1644 τῷ
1425 1610 1568 1638 σπεύδοντι
1596 1614 1758 1648 συστρέφειν
1771 1616 1820 1642 τὶν

1030 1649 1093 1676 νοῦν
1108 1651 1148 1682 εἰς
1164 1651 1258 1683 ἑαυτὴν
1269 1674 1276 1685 ,
1293 1653 1329 1684 ὡς
1346 1655 1384 1689 μὴ
1399 1655 1449 1689 τὴν
1465 1655 1526 1682 κατ’
1539 1656 1645 1683 εὐθεῖαν
1656 1677 1665 1691 ,
1681 1658 1751 1685 ἀλλὰ
1766 1661 1819 1694 τὴν

1031 1695 1164 1731 κυκλικὴν
1181 1697 1228 1723 καὶ
1247 1698 1354 1733 ἀπλανῆ
1372 1700 1506 1728 κινεῖσθαι
1523 1702 1648 1739 κίνησιν,
1665 1703 1695 1729 τδ
1714 1704 1753 1739 μὴ
1769 1705 1818 1733 τὸν

1030 1740 1170 1776 ὀφθαλμὸν
1182 1740 1232 1769 ὧδε
1247 1745 1359 1773 κάκεῖσε
1373 1746 1524 1781 περιάγειν,
1536 1748 1593 1774 ἀλλ’
1604 1746 1660 1776 οἷον
1672 1750 1818 1785 ἑρείσματί

1030 1795 1083 1813 τινι
1104 1788 1196 1815 τοῦτον
1220 1790 1406 1824 προσερείδειν
1428 1792 1467 1827 τῷ
1489 1792 1581 1828 oluqu
1604 1794 1713 1829 στήθει,
1736 1796 1753 1831 ἢ
1776 1797 1819 1832 τῷ

1030 1833 1160 1869 δμφαλῷ;
1186 1835 1257 1870 Πρὸς
1278 1838 1332 1871 γὰρ
1354 1837 1393 1871 τῷ
1415 1838 1456 1870 εἰς
1478 1838 1577 1865 κύκλον
1600 1839 1694 1875 ὥσπερ
1715 1841 1819 1874 ἔξωθεν

1031 1879 1129 1913 ἐφόσον
1146 1880 1255 1914 ἐφικτὸν
1273 1882 1439 1910 συνελίττειν
1455 1885 1550 1912 ἑαυτὸν
1568 1887 1765 1921 παραπλησίως
1782 1890 1818 1924 τῇ

1032 1925 1238 1963 σπουδαζόμενῃ
1253 1928 1282 1954 ὲν
1299 1929 1388 1964 ἑαυτῷ
1401 1929 1447 1956 τοῦ
1461 1930 1507 1957 νοῦ
1521 1932 1640 1966 κινήσει,
1655 1934 1703 1959 καὶ
1717 1934 1767 1967 τὴν
1782 1935 1818 1960 δι’

1030 1970 1118 2005 ὅψεως
1134 1972 1186 2004 ἔξω
1201 1972 1349 2007 δεχομένου
1366 1975 1482 2010 δύναμιν
1496 1976 1543 2003 τοῦ
1558 1978 1621 2011 νοῦ,
1637 1978 1685 2013 τῆς
1700 1979 1819 2013 καρδίας

1031 2015 1097 2042 εἵσω
1120 2017 1223 2052 πέμψει
1246 2018 1290 2046 διὰ
1311 2020 1358 2047 τοῦ
1382 2022 1502 2048 τοιούτου
1530 2023 1669 2058 σχήματος
1691 2023 1738 2051 τοῦ
1764 2025 1818 2051 σὼ-

1032 2070 1127 2094 ματος.

1067 2107 1122 2139 Τὰς
1139 2108 1205 2142 γοῦν
1221 2109 1348 2142 τοιαύτας
1364 2110 1499 2146 ἀλήκτους
1515 2112 1683 2148 εὐφροσύνας
1694 2133 1702 2145 ,
1719 2116 1767 2143 καὶ
1785 2117 1819 2143 τὰ

1031 2152 1108 2187 φῶτα
1123 2154 1169 2180 καὶ
1183 2155 1274 2181 πᾶσαν
1287 2155 1336 2190 τὴν
1352 2157 1415 2191 περὶ
1430 2157 1514 2183 ταῦτα
1528 2159 1630 2194 σκηνὴν
1644 2160 1676 2185 ἑκ
1690 2160 1819 2196 διαδοχῆς

194 2214 261 2238 nem
277 2211 426 2241 acceptam,
444 2206 527 2234 veluti
553 2206 698 2241 quamdam
727 2206 868 2234 informem
896 2211 979 2234 mate-

1034 2199 1199 2234 παραλιὸὼν
1213 2196 1347 2235 Παλαμᾶς
1362 2202 1442 2230 οἱονεί
1460 2212 1520 2230 τινα
1536 2203 1602 2239 ὓλην
1618 2206 1735 2231 ἀνείδεον
1752 2216 1820 2240 μορε

196 2251 268 2282 riam
284 2251 407 2278 Palamas
425 2251 592 2283 informavit,
614 2256 695 2286 atque
709 2252 860 2284 deificavit;
884 2257 910 2279 et
928 2252 983 2286 pri-

197 2305 272 2325 mum
287 2297 397 2332 quidem
415 2297 441 2324 in
469 2297 582 2332 epistola
607 2297 640 2324 ad
666 2297 770 2324 Menam
798 2297 856 2325 haec
877 2298 915 2325 ait
931 2306 937 2324 :
952 2298 980 2326 Si

198 2343 261 2378 quis
289 2350 342 2369 non
364 2347 486 2376 aeceptat
513 2342 640 2370 salutaris
664 2342 728 2369 Jesn
753 2343 882 2378 jnbilum,
906 2343 980 2377 quod

198 2387 281 2414 etiam
297 2388 507 2414 exsultationem
529 2387 621 2414 Patres
646 2388 746 2421 passim
768 2387 915 2422 appellant,
942 2387 981 2414 ni-

197 2433 298 2462 mirum
325 2434 473 2466 spirantem
504 2432 570 2463 vim,
592 2436 620 2458 et
641 2432 731 2459 cordis
750 2433 805 2459 vivi
820 2433 978 2464 motionem,

199 2477 251 2504 iste
265 2477 337 2510 talis,
352 2481 428 2511 puto,
444 2476 566 2503 nondum
577 2477 661 2503 sentit
671 2476 831 2504 suavitatem
853 2477 937 2503 illius.
948 2477 982 2504 Et

200 2529 314 2549 rursus:
327 2522 438 2549 Divinus
451 2530 514 2549 vero
534 2522 616 2549 Isaias
631 2529 712 2557 quem
731 2522 855 2557 spiritum
868 2530 917 2550 nos
934 2530 980 2550 ac-

199 2567 307 2601 cepisse
321 2571 348 2593 et
363 2566 502 2602 peperisse
526 2565 646 2593 fatetur?
665 2565 761 2593 Nonne
777 2566 884 2594 Domini
906 2565 982 2599 Jesu,

200 2611 246 2645 qui
261 2615 392 2645 operatur
407 2609 468 2643 igne
488 2610 516 2636 in
535 2610 633 2637 animis
661 2609 793 2642 ﬁdelium,
817 2614 845 2637 et
868 2610 982 2637 salutem

200 2655 326 2690 perﬁcit?
350 2655 442 2689 Qualis
470 2659 561 2687 autem
596 2655 666 2690 ignis
695 2655 832 2682 daemones
856 2655 984 2690 ﬂagellat,

198 2709 302 2736 eosque
337 2701 423 2736 fugat,
455 2705 486 2731 ut
513 2700 578 2728 dicit
607 2700 716 2728 divinus
745 2700 826 2728 Pater
848 2700 986 2729 Joannes?

199 2747 296 2780 Nonne
319 2747 427 2774 Domini
451 2747 527 2780 Jesu,
554 2747 601 2781 qui
624 2747 651 2775 in
677 2747 736 2782 ejus
760 2747 888 2774 memoria
913 2747 987 2775 intus

238 2815 277 2863 (1)
299 2825 355 2854 Hoc
364 2828 417 2858 est,
428 2825 476 2863 qui
487 2824 625 2857 silentium
638 2829 665 2855 et
677 2824 795 2864 quietem
807 2824 979 2862 proﬁtentur.

1035 2247 1128 2280 φώσας
1144 2245 1312 2281 ὲοεοποίησε.
1328 2248 1382 2274 Καὶ
1397 2249 1504 2284 πρῶτον
1519 2250 1568 2285 μὲν
1581 2251 1609 2278 ὲν
1623 2253 1656 2285 τῇ
1674 2253 1739 2287 πρὸς
1757 2254 1820 2288 Μῃ-

1034 2292 1084 2318 νᾶν
1100 2291 1228 2327 ἐπιστολῇ
1245 2293 1332 2320 ταῦτά
1355 2302 1439 2328 φησιν
1452 2302 1460 2311 ·
1481 2295 1513 2322 Et
1527 2304 1570 2327 τις
1586 2297 1617 2322 οὐ
1635 2299 1819 2332 παραδέχεται

1034 2335 1082 2371 τὴν
1099 2336 1258 2370 ἀγαλλίασιν
1273 2338 1321 2364 τοῦ
1341 2341 1477 2374 σωτηρίου
1493 2341 1540 2367 τοῦ
1558 2341 1643 2377 Ἰησοῦ
1654 2361 1663 2374 ,
1681 2344 1750 2377 ὅπερ
1771 2345 1822 2372 καὶ

1033 2382 1173 2418 σκίρτημα
1189 2383 1324 2417 πολλαχοῦ
1338 2385 1362 2410 ot
1381 2385 1501 2420 Πατέρες
1517 2387 1664 2421 ἐκάλεσαν,
1683 2390 1822 2416 πνέουσαν

1033 2427 1157 2463 δύναμιν,
1173 2431 1220 2455 καὶ
1239 2430 1352 2464 καρδίας
1368 2429 1458 2465 ζώσης
1475 2431 1588 2467 κίνημα,
1603 2433 1617 2459 ό
1632 2434 1765 2466 τοιοῦτος,
1781 2435 1824 2462 οἷ-

1036 2481 1095 2508 μαι,
1111 2474 1202 2510 ἀκμὴν
1215 2476 1264 2501 οὐκ
1279 2475 1401 2511 nomen
1416 2477 1509 2510 αὐτῆς.
1524 2478 1580 2506 Καὶ
1593 2478 1682 2510 πάλιν,
1702 2479 1824 2513 Ἠσατις

1033 2519 1061 2545 δὲ
1085 2519 1099 2546 ό
1124 2519 1196 2551 θεῖος
1219 2522 1295 2547 ποῐον
1315 2521 1424 2556 πνεῦμα
1449 2521 1541 2549 λαϐεῖν
1562 2523 1634 2558 ἡμᾶς
1659 2525 1706 2550 καὶ
1727 2529 1823 2553 τειιείν

1032 2565 1149 2599 (pauet;
1165 2565 1232 2600 Οὐχὶ
1248 2565 1295 2592 τοῦ
1312 2566 1414 2601 Κυρίου
1430 2567 1516 2602 Ἰησοῦ
1533 2567 1579 2594 τοῦ
1597 2569 1774 2603 ἐνεργοῦντος
1791 2573 1823 2598 ὲν

1032 2611 1100 2646 πυρὶ
1114 2612 1170 2642 τοῖς
1192 2612 1298 2642 πιστοῖς
1316 2612 1364 2638 καὶ
1382 2613 1517 2648 σωτηρίαν
1534 2613 1719 2649 πληροῦντος;
1738 2616 1822 2644 Ποῖον

1033 2656 1061 2683 δὲ
1079 2655 1134 2691 πῦρ
1153 2656 1279 2691 μαστίζει
1295 2658 1358 2689 τοὺς
1373 2658 1519 2693 δαίμονας,
1536 2661 1584 2686 καὶ
1601 2661 1753 2694 φυγαδεύει
1770 2664 1823 2688 αὺ-

1035 2702 1108 2735 τοὺς,
1124 2701 1161 2733 ὥς
1178 2710 1261 2737 φησιν
1280 2702 1405 2739 Ἰωάννης
1420 2705 1434 2730 ὁ
1451 2703 1522 2736 θεῖος
1539 2705 1652 2741 Πατήρ;
1669 2707 1706 2732 Οὐ
1722 2707 1754 2733 τὺ
1770 2708 1820 2734 τοῦ

1035 2746 1138 2781 Κυρίου
1154 2746 1242 2781 Ἰησοῦ
1255 2747 1284 2773 τὺ
1299 2748 1328 2773 ὲν
1341 2749 1372 2783 τῇ
1389 2749 1484 2785 μνήμῃ
1499 2749 1581 2776 αὑτοῦ
1596 2751 1713 2784 ἐξάπτον
1727 2752 1818 2786 ἔνδονς

1070 2824 1107 2860 (‘2;
1129 2823 1185 2852 Hoc
1198 2828 1251 2858 est,
1265 2824 1344 2853 siccae
1355 2827 1458 2856 caudae.
