1942 3091
134 120 175 153 Sil

733 113 936 155 ADYERSUS
955 111 1152 144 PALAMAM.

1694 107 1752 141 8-42

140 180 217 215 Ὀομὴ
237 178 265 206 δὲ
281 178 410 213 Ὑψίστου
431 176 496 203 ποία
516 173 598 210 ἑτέρα
618 170 642 200 εί
663 172 700 208 μὴ
719 173 736 208 ὴ
757 171 846 207 θέρμη
861 170 909 197 τοῦ

982 169 1136 198 xardescit?
1150 168 1252 197 halitus
1273 172 1368 196 autem
1388 166 1502 194 naribus
1516 170 1659 200 attractus,
1675 167 1752 202 quis-

134 225 294 260 πνεύματος,
318 224 379 259 ἣτις
404 222 470 249 ποτὲ
490 221 538 248 καὶ
563 221 596 247 ἐκ
611 220 659 254 τῆς
686 218 759 254 ῥινὸς
783 217 911 254 ἀρρήτως

96 295 98 297 ,
135 271 285 306 ὲξέρχεταις

171 316 213 343 ‘Ev
227 316 256 343 δὲ
271 316 326 346 τοῖς
344 314 449 349 λόγοις,
466 312 512 344 οὓς
531 311 680 347 ἐπιγράφει
699 311 849 347 προτέρους
866 312 913 338 καὶ

136 363 280 397 δευτέρους,
293 361 356 388 τάδε
372 359 455 395 φησίν
467 366 476 374 θ
495 368 504 384 ι
521 359 554 384 ⁸⁵0
571 359 663 393 μέντοι
679 357 737 392 φῶς
753 359 782 384 ὲν
796 357 915 385 ὑποστά-

136 417 171 435 σει
185 408 251 442 φασὶ
265 405 457 441 πνευματικῶς
470 405 548 440 όρᾷν,
562 404 592 431 ὂν
607 404 656 439 μὲν
669 404 716 430 καὶ
732 404 770 440 μὴ
786 403 916 438 συμϐολι-

136 453 185 482 κὸν,
202 452 244 478 ἀεὶ
258 451 286 477 δὲ
301 450 340 482 ὃν,
357 449 439 476 ᾶῦλόν
451 458 481 475 τε
497 449 544 475 καὶ
558 447 596 484 νῷ
611 447 759 483 θεωρητδν,
775 447 855 474 τοῦτο
870 447 915 474 διὰ

110 521 114 526 .
136 499 178 533 τῆς
189 497 287 532 πείρας
301 496 386 524 ἴσασι.
402 505 411 522 ι
425 495 480 522 Καὶ
492 494 573 521 πάλιν
585 493 632 527 ἀφ’
642 493 735 528 ἐτέρου
747 493 802 520 τῶν
813 493 915 527 αὐτῶν,

136 541 162 571 οὗ
182 545 197 578 ἡ
214 544 297 578 ἀρχὴ,
324 540 574 576 ’Υποψιθυρίσαᾳ
590 539 652 566 τάδε
676 539 742 574 φασί
756 547 762 553 ·
775 548 784 565 ι
797 539 916 574 Τοιγαρ-

136 590 177 617 οὖν
197 589 227 616 τὸ
242 589 298 624 φῶς
314 589 404 615 ἐκεῖνο
416 587 551 623 σὺμὸολόν
573 588 603 614 τέ
617 588 675 614 ἐστι
689 588 738 614 καὶ
751 591 809 621 φῶς
821 587 918 622 ἀληθι-

137 636 186 669 νὸν,
201 635 249 663 καὶ
263 635 314 662 οὐκ
329 634 457 669 ἀληθινὸν
474 633 580 666 ἁπλῶς,
596 633 655 660 ἀλλ’
665 633 731 659 αὐτὸ
747 633 777 660 τὸ
790 632 918 668 ἀληθινὸν

137 680 238 715 ὑπῆρχε
255 679 323 715 φῶς.
340 688 350 704 ι
366 679 421 705 Καὶ
436 677 517 706 πάλιν
530 678 560 705 ὲν
571 677 610 712 τῷ
623 677 697 713 αὺτῷ
707 685 715 692 ·
731 687 742 704 ι
758 678 789 704 Ei
802 678 858 713 γὰρ
872 679 919 705 καὶ

137 726 189 761 φῶς
211 725 268 761 ἔχει
287 726 338 761 τὴν
358 723 530 760 ἐπωνυμίαν,
551 723 620 751 ἀλλὰ
641 724 690 751 καὶ
711 724 769 758 φῶς
791 723 920 760 ἀληθινὸν

137 772 267 803 καλιῖται,
281 771 383 807 μᾶλλον
393 771 422 798 δὲ
436 770 503 797 αὐτὸ
514 770 544 797 τὺ
557 769 684 806 ἀληθινὸν
697 770 765 806 φῶς,
778 770 792 797 ὅ
804 770 843 802 ὼς
857 770 921 806 ἱμά-

137 827 188 846 τιον
203 818 217 844 ὁ
232 817 298 850 Θεδς
314 817 507 844 ἀναϐάλλεται.
524 826 534 844 ι
554 816 655 844 Τοῦτον
670 817 715 844 τὸν
730 816 831 852 τρόπον
847 817 921 853 ἔχειν

137 863 165 891 τὸ
177 864 233 899 φῶς
245 864 324 890 τοῦτο
338 862 562 895 κατασκευάσας,
573 861 619 889 διὰ
631 861 738 889 πολλῶν
751 862 924 890 ἀποδεικνύει

138 909 183 937 καὶ
198 910 295 946 ὁρατὸν
312 907 382 937 εἶναι
393 929 401 942 ,
418 907 579 945 προστιθεὶς
595 908 644 936 καὶ
660 907 829 944 ἁνακράσεις
845 907 924 941 τινας

967 223 1029 243 nam
1046 216 1117 243 alius
1141 218 1184 243 est
1201 214 1312 246 excelsi,
1335 221 1416 249 quam
1445 213 1538 240 fervor
1559 213 1684 248 Spiritus,
1706 213 1754 249 qui

966 262 1135 298 quandoque
1145 261 1226 289 etiam
1238 268 1253 288 e
1266 260 1379 288 naribus
1395 267 1496 286 arcano
1509 259 1590 286 modo
1607 259 1686 287 exit?

1003 308 1031 336 In
1047 308 1220 336 orationibus
1234 315 1310 337 vero.
1325 313 1394 342 quas
1416 306 1522 341 priores
1550 309 1577 332 et
1592 305 1758 340 posteriores

968 355 1105 387 inscribit,
1122 355 1180 382 haec
1195 353 1233 381 ait
1253 362 1260 381 :
1280 363 1288 379 t
1308 353 1394 380 Porro
1410 352 1502 378 iumen
1518 350 1591 386 quod
1603 350 1758 378 subsistens

968 400 1128 437 spiritaliter
1148 407 1178 428 se
1198 399 1293 427 videre
1305 398 1393 430 aiunt,
1405 396 1512 425 exsistit
1528 396 1688 432 quidem,et
1704 404 1757 423 non

970 447 1142 483 imaginarie,
1161 454 1269 481 semper
1297 452 1363 472 vero
1385 444 1506 476 exsistit.
1523 443 1702 471 immateriale
1727 450 1760 479 ac

970 493 1143 529 intelligibile
1159 493 1212 521 hoc
1227 493 1320 520 lumen
1339 500 1388 528 per
1400 491 1596 527 experientiam
1614 495 1727 517 norunt.
1747 499 1757 515 ι

971 541 1006 569 Ει
1020 548 1115 568 rursus
1130 540 1157 567 in
1170 539 1224 567 alia
1239 539 1399 568 earumdem
1425 538 1594 568 orationum,
1616 538 1695 572 cujus
1709 536 1762 564 ini-

972 587 1051 618 tium,
1068 585 1134 612 Cum
1146 586 1396 616 aubmurmurauet,
1424 583 1482 611 haec
1497 583 1545 614 ait,
1575 592 1584 608 t
1610 582 1695 617 Igitur
1720 583 1764 609 lu-

973 638 1035 658 men
1049 629 1115 658 illud
1136 635 1164 658 et
1186 630 1340 666 symbolum
1362 633 1415 662 est,
1437 635 1465 657 et
1484 629 1578 657 lumen
1604 636 1711 660 verum,
1735 633 1764 655 et

973 684 1028 705 non
1042 676 1204 711 simpliciter
1219 683 1328 708 verum,
1342 676 1391 703 sed
1406 675 1497 711 ipsum
1517 683 1543 703 Vt
1553 683 1613 702 rum
1638 679 1698 702 erat
1719 675 1764 702 lu-

974 730 1049 751 men.
1076 731 1087 749 )
1109 721 1218 750 Rursus
1248 721 1277 749 in
1295 723 1390 750 eadem
1412 721 1535 749 oratione
1554 729 1561 748 :
1582 729 1591 746 t
1610 720 1666 748 Etsi
1691 720 1764 747 enim

973 768 1067 796 lumen
1088 768 1253 804 appellatur,
1279 767 1327 795 sed
1348 771 1376 795 et
1391 772 1487 795 Verum
1510 767 1603 794 lumen
1624 773 1767 801 nuncupa-

975 819 1032 847 tur,
1061 815 1118 842 imo
1140 821 1207 842 vero
1232 814 1324 849 ipsum
1351 817 1394 841 est
1419 821 1515 841 verum
1531 814 1635 846 lumen,
1649 813 1722 848 quod
1737 817 1768 840 ut

941 854 962 882 Β
975 861 1171 889 vestimentum
1193 859 1284 888 induit
1309 859 1392 888 Deus.
1415 868 1425 886 ι
1441 859 1521 887 Hunc
1540 859 1568 887 in
1584 861 1695 887 modum
1716 859 1767 888 ha-

975 907 1042 936 bere
1065 915 1096 937 se
1123 907 1214 936 lumen
1245 914 1308 935 cum
1336 906 1510 939 astruxisset,
1542 906 1637 934 multis
1659 906 1766 941 probat,

139 955 182 983 καὶ
203 955 291 991 μίξεις
311 954 360 982 τοῦ
380 954 503 982 τοιούτου
524 953 613 989 φωτδς
636 953 706 989 μετὰ
722 954 776 981 τῶν
796 953 925 990 ὁρώντων

980 954 1058 985 etiam
1075 953 1185 982 visibile
1196 960 1269 985 esse,
1291 953 1397 982 addens
1419 953 1532 988 insuper
1555 953 1768 987 temperationes

138 1001 337 1034 ἀποτελεῖσθαι.
352 1002 399 1028 καί
415 1001 502 1036 φησιν
516 999 545 1028 εν
557 1008 611 1027 τινι
625 999 680 1027 τῶν
692 1000 846 1035 εἰρημένων
860 1000 924 1037 περὶ

980 1000 1107 1035 quasdam
1135 999 1206 1027 edici
1229 1006 1261 1027 ac
1275 999 1469 1034 permistiones
1481 998 1564 1033 hujus
1579 998 1693 1026 luminis
1704 1006 1769 1026 cum

138 1047 183 1075 τοῦ
200 1047 289 1083 φωτδς
305 1046 393 1081 λόγων
406 1054 412 1061 ·
433 1055 442 1072 ι
459 1046 509 1073 Ἔν
524 1046 597 1073 ἔστιν
611 1045 675 1072 ὅταν
691 1046 761 1081 μετὰ
777 1045 823 1073 τοῦ
839 1046 925 1081 ὀρῶν-

980 1045 1042 1079 illis,
1065 1045 1113 1080 qui
1136 1045 1204 1073 illud
1226 1044 1331 1077 vident,
1358 1052 1391 1072 ac
1410 1045 1528 1080 loquens
1544 1044 1579 1072 de
1598 1044 1651 1072 hoc
1665 1044 1769 1072 lumine

138 1101 180 1124 τος
194 1091 313 1127 γίνηται,
327 1091 421 1126 ἓτερον
434 1090 528 1118 ἄλλοτε
541 1090 649 1127 ὁρᾶται.
665 1089 734 1118 ﬂore
749 1089 799 1126 μὲν
812 1089 859 1117 τοῦ
875 1089 926 1117 σώ-

980 1092 1004 1119 iu
1022 1099 1076 1119 una
1090 1099 1124 1119 ex
1135 1091 1274 1127 pratdictis
1293 1091 1475 1126 orationibus,
1498 1091 1538 1119 ait
1555 1099 1562 1119 :
1581 1100 1591 1118 ι
1611 1091 1702 1120 Unum
1715 1096 1768 1120 est.

141 1146 222 1173 ματος
243 1137 391 1172 ὲπανιστᾷ,
412 1136 460 1163 καὶ
480 1136 520 1168 είς
543 1136 611 1171 ὕψος
632 1136 764 1171 ἀναφέρει
787 1136 924 1172 ἇρρητον,

980 1137 1088 1172 quando
1101 1145 1164 1165 cum
1187 1137 1298 1164 vidente
1312 1137 1352 1170 ﬁt,
1372 1136 1447 1164 aliud
1463 1135 1629 1171 quandoque
1649 1136 1769 1168 videtur,

139 1182 226 1211 ἄλλοτ’
237 1181 316 1214 αὖθις
333 1182 378 1209 καὶ
391 1181 423 1208 τὸ
438 1180 516 1216 σῶμα
533 1181 799 1217 μεθαρμοσάμενον,
815 1181 862 1207 καὶ
876 1181 926 1216 τῆς

980 1183 1126 1218 aliquando
1139 1182 1167 1210 in
1187 1190 1290 1217 corpus
1312 1182 1446 1216 impetum
1466 1181 1543 1215 facit,
1567 1185 1595 1209 et
1608 1180 1674 1208 illud
1689 1181 1716 1207 in
1731 1181 1771 1208 al-

139 1229 241 1261 οἱκεῐας
256 1227 449 1264 μεταδεδωκὼς
462 1226 666 1262 λαμπρότητος,
680 1227 727 1253 καὶ
741 1227 865 1261 εἰρήνης,
880 1226 926 1253 καὶ

980 1229 1125 1257 titudinem
1139 1228 1307 1256 inelTabilem
1322 1228 1433 1256 attollit.
1453 1227 1560 1255 Rursus
1579 1227 1647 1255 alias
1661 1227 1770 1262 corpori

140 1275 249 1309 ἀγάπης
259 1292 267 1306 ,
281 1273 415 1304 θεοειδοῦς
430 1281 460 1299 τε
474 1272 571 1308 ἡδονῆς
586 1272 634 1299 καὶ
649 1270 783 1304 ἀπαθείας
799 1271 926 1307 ἔμπλεων

980 1282 1007 1302 se
1020 1274 1152 1310 adaptans
1169 1278 1197 1311 et
1214 1273 1435 1306 accommodans,
1454 1280 1487 1301 ac
1499 1272 1612 1308 proprio
1624 1272 1771 1307 splendore

140 1321 267 1354 ποιῆσαν,
287 1318 437 1354 ὀφθαλμοῖς
459 1318 638 1354 σωματικοῖς,
658 1317 682 1344 ὣ
699 1318 746 1344 τοῦ
768 1317 924 1353 θαύματοςε

980 1320 1193 1354 communicato,
1221 1320 1266 1348 ubi
1280 1319 1367 1355 pacis,
1385 1319 1529 1347 charitatis
1555 1319 1710 1353 divina-que
1723 1327 1773 1346 vo-
1810 1326 1814 1329 '

140 1367 242 1400 γίνεται
256 1365 370 1400 ληπτόν.
388 1374 397 1391 ι
416 1364 471 1392 Καὶ
485 1364 514 1390 ιν
529 1363 615 1399 ἑτέρῳ
628 1383 635 1397 ,
649 1360 680 1390 οὗ
697 1364 713 1399 ἡ
728 1364 799 1399 ἀρχὴ
811 1384 818 1396 ,
832 1365 926 1391 Edid-

980 1366 1092 1402 Iuplatis
1112 1370 1141 1393 et
1172 1365 1403 1401 impassibtlitatis
1417 1365 1529 1400 plenum
1555 1365 1690 1398 elIecerit,
1705 1373 1773 1393 ocu-

139 1419 195 1445 τως
209 1410 266 1450 μεν
281 1408 338 1438 οὖν
352 1411 369 1437 ό
383 1410 484 1445 λόγος,
499 1409 562 1437 τάδε
579 1409 676 1444 φησιν·
694 1419 704 1436 t
719 1410 768 1437 Ἐν
781 1411 810 1436 ἐν
827 1410 926 1445 θεωρίᾳ

980 1413 1013 1440 lis
1025 1411 1177 1445 corporeis,
1192 1419 1209 1439 ο
1220 1419 1278 1440 rem
1291 1411 1406 1440 miram!
1419 1411 1582 1447 percipitur.
1599 1421 1607 1438 ι
1623 1413 1657 1440 Ει
1668 1412 1695 1440 in
1706 1420 1771 1441 ora-

140 1458 248 1492 πνεῦμα
267 1457 297 1484 τὸ
320 1456 378 1491 φῶς
402 1457 470 1491 μετὰ
488 1455 544 1488 τῶν
562 1455 606 1483 διὰ
627 1456 749 1493 καθαρᾶς
772 1457 926 1491 προσευχῆς

980 1458 1065 1491 tione,
1097 1458 1178 1494 cujus
1213 1457 1336 1490 initium,
1366 1457 1463 1484 Merito
1490 1458 1572 1492 igitur
1589 1459 1686 1490 oratio,
1714 1458 1772 1486 lucc

140 1501 356 1536 ἐντυγχανόντων
372 1501 475 1535 γίνεται
491 1499 628 1535 ὁρώμενον
645 1500 692 1526 καὶ
712 1499 749 1535 μὴ
766 1499 926 1535 διαιρούμε-

980 1504 1044 1532 ait:
1068 1512 1078 1530 ι
1097 1503 1202 1531 Lumen
1221 1511 1292 1531 unus
1313 1502 1344 1530 lit
1370 1502 1490 1538 Spiritus
1514 1503 1542 1530 in
1584 1503 1773 1538 speculatione

139 1555 184 1574 νον
197 1546 286 1574 αὐτῶν
297 1555 303 1561 ·
315 1555 324 1572 ι
341 1546 387 1573 καὶ
401 1545 482 1573 πάλιν
494 1547 522 1573 ἓν
536 1545 573 1580 τῷ
587 1543 661 1580 αὖτῷ
670 1554 676 1562 ·
695 1554 704 1571 ι
720 1545 824 1573 Ἱσασιν
836 1547 860 1572 οἱ
876 1554 926 1582 μμ

980 1557 1044 1578 cum
1057 1549 1123 1582 illis,
1137 1551 1186 1584 qui
1204 1556 1255 1584 per
1271 1549 1405 1576 sinceram
1422 1549 1612 1584 precationem
1625 1549 1691 1576 illud
1703 1557 1772 1577 nan-

142 1592 285 1628 μυημένοι,
302 1592 348 1619 καὶ
362 1591 487 1627 λέγουσιν
501 1591 531 1618 οὐ
548 1591 680 1626 συζυγίαν
693 1591 795 1626 ὀλίγοις
809 1592 864 1620 τισὶ
881 1591 928 1627 μέ-

142 1647 199 1674 ρεσι
224 1638 272 1666 καὶ
294 1639 424 1673 δυνάμεσι
446 1638 496 1673 τὴν
517 1637 699 1674 ἀλληλουχίαν
722 1639 927 1674 παρεχομένην,

140 1685 200 1711 ἀλλ’
210 1682 265 1712 οἷον
279 1685 430 1720 ἀνὰκρασιν
445 1682 514 1711 εἶναι
528 1684 598 1719 πρὸς
609 1684 699 1720 ψυχὴν
713 1684 759 1711 τοῦ
775 1684 864 1717 φωτὸς
878 1685 928 1719 τῆς

139 1731 251 1767 χαριτος
267 1732 316 1768 τὴν
332 1731 469 1766 ἐνοίκησιν
480 1752 488 1762 .
506 1731 666 1767 θαυμαστὴν
681 1729 737 1758 οἷον
753 1730 874 1766 ἄρρητον
885 1739 892 1746 ο
911 1731 928 1766 ἡ

112 1778 118 1783 “
139 1779 169 1804 δὲ
185 1778 231 1805 τοῦ
251 1778 385 1813 γαμηλίου
399 1777 622 1812 συναλλάγματὸς
639 1786 667 1804 τι
681 1777 755 1804 δοκεῖ
771 1777 825 1804 τῶν
841 1777 929 1805 ἀλλων

139 1825 232 1851 πλέον.
255 1824 325 1851 Ἀλλ’
341 1824 395 1851 οὐδ’
410 1824 498 1851 ἐκεῖνο
523 1824 661 1859 σύμφυσις
672 1843 680 1856 ,
706 1823 762 1851 οὐδ’
778 1823 930 1860 ἅνάκρασίς

979 1597 1134 1628 ciscuntur,
1157 1602 1220 1622 cum
1245 1594 1382 1625 videatur.
1401 1598 1430 1622 et
1453 1594 1488 1622 ab
1508 1594 1576 1629 ipsis
1595 1602 1651 1622 non
1666 1594 1773 1623 divrda-

980 1647 1036 1670 tur.
1062 1651 1072 1669 ›
1091 1642 1198 1669 Rursus
1213 1641 1242 1668 in
1263 1640 1360 1668 eadem
1378 1650 1385 1668 :
1403 1650 1414 1666 ι
1432 1640 1531 1668 Sciunt
1554 1641 1666 1674 initiati,
1685 1646 1713 1669 et
1730 1649 1774 1669 as-

979 1692 1076 1715 serunt
1096 1694 1255 1721 compagetn
1286 1689 1408 1713 mutuam
1426 1705 1433 1718 ,
1454 1693 1509 1713 non
1531 1690 1636 1713 tantum
1657 1687 1774 1722 conjun-

980 1733 1100 1760 ctionem
1122 1732 1217 1767 paucis
1241 1732 1406 1767 quibusdam
1443 1732 1568 1767 partibus
1592 1740 1620 1760 ct
1643 1730 1774 1767 potcn'tiis

979 1778 1114 1814 prabere,
1132 1777 1181 1806 sed
1205 1777 1433 1805 inhabitationem
1450 1777 1564 1805 luminis
1585 1779 1689 1814 gratiae,
1712 1779 1772 1806 vel-

980 1825 1021 1851 uti
1038 1823 1247 1859 permistionem
1264 1830 1327 1851 esse
1359 1831 1422 1851 cum
1437 1823 1528 1851 anima
1546 1823 1642 1851 miram
1659 1829 1688 1852 et
1707 1825 1777 1852 inef-

140 1873 226 1902 ἐστιν,
241 1869 299 1898 ἀλλ’
309 1869 402 1905 ὁμιλίᾳ
417 1869 481 1902 τινὶ,
497 1870 544 1896 καὶ
558 1866 614 1896 οἷον
630 1868 838 1904 προσκολλήσει,
853 1868 882 1894 ἓν
896 1867 926 1895 τὰ

981 1870 1104 1898 fabilem.
1121 1870 1208 1898 Porro
1219 1868 1380 1905 conjunctio
1397 1869 1529 1905 nuptialis
1543 1870 1703 1898 commercii
1715 1871 1777 1899 aliis

140 1918 228 1944 πλείω
242 1916 371 1951 γίνονται.
390 1925 400 1942 ι
418 1915 562 1942 Ἔσονται
578 1914 633 1950 γὰρ
643 1935 650 1949 ,
664 1915 761 1950 φησὶν,
777 1915 804 1941 σί
818 1914 874 1941 δύο
888 1915 926 1947 είς

982 1917 1094 1952 quidem
1111 1917 1198 1952 major
1212 1916 1334 1949 videtur,
1355 1917 1403 1944 sed
1420 1925 1512 1952 neque
1530 1919 1587 1953 ipsa
1603 1922 1646 1945 est
1661 1925 1776 1945 concre-

138 1964 239 1998 σάρκα
245 1963 346 1997 μίαν.»
359 1962 406 1989 καὶ
417 1963 506 1996 σάρκα
518 1963 612 1997 μόνην,
621 1961 744 1996 ἀλλὀὐχ).
755 1961 801 1987 καὶ
812 1961 931 1995 πνεῦμα.

146 2010 180 2037 'H
197 2010 225 2036 δὲ
241 2009 288 2036 τοῦ
306 2008 374 2036 Θεοῦ
391 2009 458 2044 «ph;
475 2009 538 2040 τοὺς
553 2007 723 2042 ἠξιωμένους
739 2007 848 2039 ἓνωσις,
863 2006 933 2041 γνώ-

140 2065 213 2088 σεως
230 2057 319 2084 πάντα
333 2055 434 2090 τρόπον
449 2048 663 2090 ὑπερϐάλλουσα
672 2053 711 2089 τῷ
728 2054 862 2089 παντελὴς
879 2054 932 2080 ὐπ-

139 2103 239 2138 άρχειν
253 2103 300 2129 καὶ
312 2101 360 2129 τοῦ
375 2101 528 2137 χωροῦντος
542 2101 668 2136 κρεῖττον
681 2100 697 2136 ἢ
713 2100 802 2135 λόγος,
817 2099 851 2127 δι’
863 2099 932 2127 ὅλων

138 2149 198 2175 τῶν
213 2148 341 2184 καθαρῶν
356 2146 519 2182 πνευμάτων
535 2146 703 2181 Πνεύματος.

986 1962 1025 1990 tio
1044 1966 1072 1990 et
1101 1962 1245 1998 permistio
1256 1982 1263 1994 ,
1283 1962 1329 1990 sed
1345 1970 1494 1998 congressu
1510 1963 1642 1998 quodam.
1658 1971 1690 1992 ac
1704 1963 1778 1991 velut

984 2009 1202 2044 agglutinatione
1220 2008 1338 2044 plurima
1366 2017 1452 2036 unum
1475 2009 1545 2036 [lunt
1566 2017 1574 2036 :
1591 2009 1677 2036 Erunt
1697 2010 1777 2041 enim,

986 2054 1086 2090 inquit,
1099 2054 1150 2081 duo
1168 2055 1196 2081 in
1214 2062 1321 2082 carnem
1334 2063 1427 2087 unam,
1437 2059 1467 2082 et
1480 2062 1591 2083 carnem
1604 2055 1715 2090 quidem
1736 2063 1781 2083 Io-

984 2100 1050 2132 lam,
1068 2107 1121 2127 non
1134 2105 1226 2128 autem
1244 2105 1273 2128 et
1296 2101 1436 2135 spiritum.
1459 2101 1507 2128 Dei
1532 2108 1599 2128 vero
1621 2101 1780 2137 conjunctio

986 2153 1049 2172 cum
1061 2145 1106 2178 iis,
1123 2145 1172 2181 qui
1187 2145 1262 2180 digni
1280 2145 1344 2172 facti
1367 2149 1443 2178 sunt,
1468 2152 1579 2172 omnem
1604 2145 1717 2172 modum
1733 2152 1782 2172 co-

138 2196 274 2232 gnitionis
288 2199 412 2231 superat,
434 2202 468 2222 eo
481 2194 554 2230 quod
581 2193 703 2229 perfecta
718 2193 830 2222 exsistat
856 2203 864 2222 :
888 2193 1020 2222 nimirum
1049 2193 1167 2231 Spiritu,
1186 2197 1302 2222 cunctos
1334 2193 1452 2228 spiritus
1481 2200 1569 2228 puros
1605 2193 1781 2228 prastantius

139 2246 317 2279 penetrante,
333 2249 415 2277 quam
432 2245 462 2268 ut
473 2240 528 2268 dici
543 2241 640 2275 possit.
659 2249 669 2266 ι

185 2290 248 2316 Ἐπὶ
256 2289 359 2320 τούτιις
368 2287 546 2323 ἐλεγχόμενος
556 2287 608 2314 ὑπὸ
615 2287 661 2313 τοῦ
673 2288 710 2313 Βα
716 2287 807 2323 ρλαᾶμ
819 2288 924 2315 ἐκείνου

1025 2288 1063 2316 De
1081 2288 1124 2316 his
1141 2295 1206 2324 ergo
1226 2288 1411 2323 reprehensus
1435 2288 1470 2316 ab
1499 2289 1546 2316 illo
1574 2288 1708 2321 Barlaam,
1734 2288 1781 2323 qui

138 2337 191 2363 τοῦ
205 2339 251 2363 καὶ
266 2335 315 2371 τὴν
342 2335 430 2371 ἀρχὴν
459 2334 540 2361 αὑτὸν
565 2335 753 2368 φωράσαντας,
769 2333 863 2369 σαφῶς
887 2334 937 2370 τὴν

138 2381 239 2408 οὐσίαν
246 2380 292 2407 τοῦ
308 2380 375 2406 Θεοῦ
388 2379 489 2414 ὁρατὴν
501 2379 548 2405 καὶ
562 2378 697 2414 πνευστὴν
711 2379 937 2413 κατασκευάζων,

137 2426 287 2461 ὲκφεύγων
302 2426 382 2462 δῆθεν
397 2426 426 2452 τὸ
441 2425 550 2457 ᾶτιπον,
567 2424 669 2460 χείρονι
684 2425 764 2461 κακῷ
775 2426 938 2461 θεραπεύειν

138 2473 193 2508 τὴν
210 2472 315 2508 αἰρεσιν
336 2471 509 2506 ἐπεχείρησε,
526 2471 574 2497 καὶ
588 2471 675 2506 τολμᾷ
704 2471 752 2506 τὴν
777 2471 938 2506 ὑπερούσιον

138 2517 264 2552 ὓπαρξιν
279 2517 326 2543 τοῦ
342 2516 409 2543 Θεοῦ
428 2517 610 2551 πραγματικῇ
631 2515 767 2552 διακρίσει
788 2518 829 2549 είς
840 2517 936 2544 οὐσίαν

137 2565 192 2592 καὶ
205 2564 356 2599 ἐνέργειαν,
377 2563 478 2597 μᾶλλον
499 2562 527 2588 δὲ
554 2562 694 2597 ίνεργείας
719 2562 864 2590 διελέσθαι.
880 2563 936 2590 Καί

137 2618 228 2645 φησιν
241 2610 269 2636 ἑν
279 2617 332 2635 τιιιι
342 2608 396 2634 τῶν
408 2607 561 2643 εἰρημένων
572 2607 670 2640 λόγωι,
686 2607 728 2633 ὅτι
740 2607 818 2635 τοῦτο
839 2607 871 2634 τὸ
879 2608 937 2642 φῶς

136 2655 224 2690 οὐσίᾳ
243 2654 293 2689 μὲν
306 2653 374 2680 Θεοῦ
386 2653 435 2680 οὐκ
449 2653 518 2679 ἐστι’
536 2652 584 2679 καὶ
598 2653 651 2687 γὰρ
675 2653 814 2688 dives-two:
832 2653 935 2690 ἐκείνη*

137 2700 261 2734 ἄγγελος
277 2700 327 2726 οὐκ
341 2699 398 2726 ἔστι
413 2707 421 2714 ·
433 2697 610 2729 δεσποτικοὺς
631 2698 684 2733 γὰρ
701 2698 779 2733 φέρει
794 2699 935 2734 χαρακτῆ-

71 2775 81 2782 _
137 2755 208 2782 ρας.
237 2747 291 2773 Καὶ
314 2745 405 2777 πάλιν,
422 2744 459 2772 Τὸ
475 2744 533 2779 φῶς
550 2743 628 2770 τοῦτο
644 2740 746 2778 Θεωρίᾶ
773 2741 806 2779 ἦν
833 2744 864 2770 οὐ
884 2744 935 2779 τῆς

136 2793 220 2824 θείας
232 2793 349 2826 φύσεως,
361 2790 427 2816 ἀλλὰ.
440 2789 487 2824 τῆς
503 2788 579 2823 δόξης
592 2789 640 2824 τῆς
667 2788 774 2822 φύσεως
796 2788 889 2821 αὑτοῦ,
902 2790 934 2826 ἢν

135 2839 192 2865 καὶ
213 2838 295 2864 ἔδωκε
310 2838 364 2868 τοῖς
381 2836 516 2871 μαθηταῖς
538 2836 552 2861 ὁ
580 2833 690 2869 Κύριος,
708 2835 755 2863 καὶ
782 2835 816 2862 δι’
843 2835 933 2864 αὐτῶν

271 2884 407 2914 ίιλτιιοιι.
429 2883 487 2913 Gn.
510 2880 614 2911 CLIV.

988 2334 1071 2367 etiam
1085 2335 1120 2363 ab
1145 2334 1224 2362 initio
1234 2342 1298 2362 eum
1321 2334 1436 2367 detexit,
1459 2342 1522 2362 cum
1547 2334 1692 2362 manifeste
1714 2334 1783 2363 sub-

988 2381 1118 2409 stantiam
1134 2381 1183 2409 Dei
1197 2380 1335 2408 visibilem
1353 2384 1381 2408 et
1399 2381 1557 2416 spirabilem
1588 2381 1781 2413 constitueret,

987 2426 1115 2454 devitans
1126 2426 1257 2454 nimirum
1286 2426 1450 2459 absurdum,
1465 2426 1553 2462 pejori
1570 2426 1642 2463 malo
1657 2426 1782 2454 hatresiut

988 2479 1087 2500 curare
1102 2479 1249 2507 aggressus
1262 2477 1317 2503 est,
1329 2476 1411 2507 atque
1426 2472 1512 2500 audet
1528 2472 1784 2508 supersuhstantia-

987 2518 1042 2546 lem
1058 2517 1248 2546 exsistentiatn
1268 2518 1318 2546 Dei
1344 2518 1411 2546 reali
1433 2518 1613 2546 distinctione
1639 2519 1668 2546 in
1689 2526 1780 2546 essen-

987 2564 1054 2591 tiam
1072 2567 1112 2598 _et
1126 2564 1325 2599 operationem,
1337 2564 1405 2600 quin
1421 2565 1513 2601 potius
1524 2564 1698 2600 operationes
1713 2567 1784 2593 mul-

989 2613 1030 2637 tas
1053 2609 1186 2638 dividere.
1205 2611 1294 2646 Atque
1322 2610 1361 2638 alt
1384 2610 1411 2638 in
1436 2611 1554 2646 quadam
1588 2611 1781 2647 praedictarum

989 2654 1162 2689 orationum,
1177 2655 1230 2683 hoc
1243 2655 1338 2684 lumen
1361 2656 1544 2684 substantiam
1565 2656 1612 2684 Dei
1630 2664 1687 2685 non
1710 2665 1781 2690 esse,

989 2702 1093 2729 etenim
1124 2700 1276 2729 intactilem
1298 2701 1375 2728 illam
1398 2709 1470 2734 esse,
1494 2702 1621 2738 angelum
1637 2711 1693 2731 non
1710 2710 1782 2736 esse,

988 2746 1064 2781 quod
1094 2746 1197 2774 heriles
1229 2747 1402 2774 characteres
1436 2752 1524 2782 gerat.
1556 2758 1566 2774 ν
1595 2749 1630 2777 Ει
1655 2758 1752 2777 rursus
1773 2751 1785 2778 ε’

991 2801 1001 2819 ι
1022 2791 1128 2819 Lumen
1146 2791 1199 2819 hoc
1217 2791 1348 2819 intuitum
1373 2799 1446 2824 esse,
1465 2800 1521 2820 non
1549 2793 1649 2822 divinae
1668 2800 1782 2827 natum,

986 2838 1034 2866 sed
1050 2837 1144 2872 gloriae
1159 2842 1265 2865 naturae
1285 2837 1357 2872 ejus,
1379 2844 1461 2872 quem
1477 2839 1565 2874 etiam
1593 2840 1667 2868 dedit
1690 2840 1782 2867 Dumiv'

1584 2886 1625 2916 27
