1942 3091
198 161 256 193 843

836 157 1024 189 DEMETRII
1045 157 1202 189 CYDONH

1774 154 1826 188 8“

202 223 256 244 nus
269 213 424 250 discipulis,
445 220 478 242 ac
487 220 541 250 per
557 213 631 249 ipsos
645 212 722 241 dedit
738 212 867 240 omnibus
883 212 909 240 in
923 220 977 240 eun

1040 215 1109 240 πᾶσι
1121 214 1178 245 τοῖς
1191 212 1364 240 πιστεύουσιν
1372 212 1459 246 αὐτῷ.
1480 211 1536 239 Καὶ
1554 212 1614 248 μετ’
1630 210 1709 247 ὀλίγα
1719 219 1727 227 ·
1744 212 1825 238 Ὥστε

200 261 386 290 credentibus.
411 269 421 287 ι
444 259 477 288 Et
498 264 559 295 post
576 267 681 296 pauca:
699 268 707 286 t
722 259 816 294 ltaque
835 258 917 287 etiam
933 259 984 285 hu-

199 315 287 335 manae
315 311 418 334 natura:
450 305 566 341 gloriam
594 305 669 333 dedit
704 304 825 336 deitatis,
860 308 984 333 naturam

197 361 263 382 vero
274 353 386 380 minime
399 361 406 380 :
421 351 493 379 aliud
509 359 573 387 ergo
586 354 684 378 natura
700 350 759 383 Dei,
776 356 804 379 et
825 350 910 386 gloria
926 351 986 386 ejus

197 399 325 435 (naturae)
339 398 423 427 aliud.
437 397 490 426 Sed
507 397 632 433 quamvis
647 405 661 425 a
677 397 770 425 divina
796 401 895 425 natura
910 397 985 424 aliud

197 446 244 478 sit,
262 453 316 472 non
332 450 420 472 tamen
436 444 508 472 inter
519 443 592 471 entia
608 443 843 471 connumeranda.
864 452 873 469 ι
896 442 929 470 Et
950 443 984 470 ad

180 491 433 519 -eonﬂrmationem
447 497 559 517 suorum
575 496 734 517 sermonum
764 489 850 516 utitur
868 488 984 522 lumine,

196 536 270 571 quod
286 535 376 563 fuitin
393 534 632 569 transﬂguratione
646 534 766 561 Domini.

233 581 322 616 Atque
336 581 370 608 de
381 581 434 608 hoc
445 580 542 608 eodem
556 579 660 607 lumine
677 578 776 606 similia
792 583 886 606 narrat
898 578 925 606 in
943 579 985 606 di-

196 627 286 655 versis
303 626 360 654 suis
374 625 555 654 orationibus.
579 625 641 652 ilmc
664 628 756 652 autem
779 629 875 660 postea
895 630 983 653 secta-

197 678 270 700 tores
280 672 341 707 ejus
362 675 434 699 tomo
459 671 533 699 edito
555 670 653 702 secuti,
667 670 700 698 de
721 670 898 698 distinctione
916 670 983 698 sub-

194 718 302 746 stantia:
314 717 362 745 Dei
383 722 412 745 et
427 717 585 752 operatione
601 716 660 744 haec
678 716 767 744 aiunt.

233 763 290 791 lloe
311 763 427 791 recitato
450 761 706 790 honorandissimus
724 761 932 797 chartophylax,
952 768 984 789 ac

195 817 340 845 supremus
363 801 609 844 philosophorum,
639 812 669 835 ut
689 808 776 836 moris
792 813 833 836 est
853 807 983 835 ecclesia-

195 856 270 890 stici,
284 856 367 891 capit
388 856 557 889 interrogare
572 861 807 889 unumquemque,
833 861 914 889 quam
935 853 982 881 ha-

1036 260 1084 288 καὶ⁸
1093 261 1125 296 τῇ
1137 260 1295 296 ἀνθρωπίνῃ
1305 259 1383 292 φύσει
1392 258 1441 294 τὴν
1447 258 1526 291 δόξαν
1535 258 1618 286 ἔδωκε
1626 259 1677 294 τῆς
1688 258 1824 293 θεότητος,

1035 305 1085 341 τὴν
1100 305 1183 340 φύσιν
1199 305 1229 333 δὲ
1239 305 1281 332 οῦ.
1303 305 1384 332 Ἄλλο
1396 304 1451 339 ἄρα
1469 303 1549 338 φύσις
1563 303 1644 335 Θεοῦ.
1660 304 1707 330 καὶ
1729 304 1747 339 ὴ
1763 303 1826 335 δόξα

1035 352 1136 388 ταύτης
1155 352 1259 389 ἕτερον.
1281 351 1352 379 Ἀλλ’
1366 352 1391 379 εἰ
1404 351 1508 388 καὶτῆς
1527 351 1602 383 θείας
1614 351 1721 385 φύσεως
1733 350 1825 385 ἔτερόν

1034 397 1103 430 ἐστι,
1120 398 1176 429 τοῖς
1193 395 1269 424 οὖσιν
1294 398 1344 424 οὐκ
1362 397 1395 424 ἂν
1423 396 1466 431 ιίη
1491 397 1685 432 ἐναρίθμητος.
1712 396 1767 422 Kal
1781 396 1821 431 ei;

1035 444 1207 478 παράστασιν
1218 443 1273 470 τῶν
1286 442 1413 470 τοιούτων
1428 441 1510 469 αὐτοῦ
1522 441 1621 476 λόγων,
1645 441 1684 476 τῷ
1710 441 1757 467 ἐπὶ
1771 440 1823 475 τῆς

1034 489 1082 516 τοῦ
1098 489 1201 524 Κυρίου
1217 487 1458 524 μεταμορφώσεως
1470 488 1570 524 χρῆται
1585 487 1664 522 φωτί.

1071 578 1127 605 Καὶ
1139 577 1205 613 περὶ
1219 576 1267 604 τοῦ
1281 577 1365 604 αὐτοῦ
1377 577 1467 612 φωτὸς
1486 577 1522 604 τὰ
1545 577 1627 612 ὅμοια
1645 576 1772 610 διέξεισιν
1796 577 1826 602 ἐν

1033 624 1172 659 διαφόροις
1182 623 1270 657 λόγοις
1282 622 1469 650 αὐτοῦ.’1“αῦτα
1476 623 1499 649 δ“
1509 622 1571 649 ὕστε
1575 631 1622 658 ρον
1630 622 1654 649 οί
1663 622 1722 657 ιιίρε
1727 621 1827 648 σιῶται

1034 669 1117 696 αὐτοῦ
1139 668 1184 695 διὰ
1203 668 1299 704 τόμον.
1320 668 1387 703 Περὶ
1409 668 1460 703 μὲν
1478 667 1642 702 διακρίσεως
1659 667 1756 699 οὐσίας
1775 667 1825 694 τοῦ

1033 715 1101 742 Θεοῦ
1110 716 1156 743 καὶ
1165 715 1306 750 ἃνεργιίας
1321 715 1385 743 τάδε
1399 715 1494 750 φασίν.

1076 761 1306 796 Ἀναγνωσθέντος
1341 761 1437 795 τοῦδε,
1469 762 1574 798 ἦρξατο
1609 762 1625 790 δ
1658 762 1826 798 τιμιώτατης

1033 808 1206 844 χαρτοφύλαξ
1234 808 1283 835 καὶ
1310 807 1414 838 ὕπατος
1438 809 1492 835 τῶν
1520 808 1674 843 φιλοσόφων
1700 809 1772 835 κατὰ
1795 810 1827 836 τδ

1034 852 1262 889 ἐκκλησιαστικὸν
1290 852 1350 884 ἔθος
1378 853 1483 889 ἐρωτᾷν
1513 852 1638 884 ἕκαστον,
1665 853 1739 884 ὅπως
1765 852 1825 888 ἔχει

195 903 257 930 beat
272 902 435 929 sententiam
451 901 484 929 dc
507 901 548 928 his
570 900 732 936 dogmaticis
747 899 893 935 capitibus,
919 907 977 935 quae

1034 899 1147 935 γνώμης
1162 899 1226 934 περὶ
1237 898 1291 926 τῶν
1306 897 1376 926 κατὰ
1386 899 1469 934 μέρος
1481 897 1651 933 λαληθέντων
1672 899 1718 924 καὶ
1731 897 1826 930 ἐξετα-

194 955 244 984 per
256 948 362 983 singula
374 947 497 974 membra
516 946 590 975 dicta
604 950 669 974 sunt
682 951 763 980 atque
789 944 912 973 discussa
929 953 938 974 :
954 950 982 972 et

194 1000 291 1021 omnes
311 1000 367 1020 uno
383 1000 441 1024 ore,
463 996 589 1027 tanquam
604 999 660 1019 uno
679 991 779 1026 spiritu
794 991 910 1023 incitati,
925 990 982 1018 Deo

193 1039 402 1068 convenientem
418 1046 471 1066 una
485 1046 547 1066 cum
561 1037 757 1074 conjunctione
771 1036 979 1065 distinctionem

194 1085 296 1113 divina
330 1084 491 1112 substantiae
515 1089 598 1119 atque
619 1083 798 1118 operationis,
819 1081 892 1110 clare
916 1081 980 1109 fassi

193 1135 269 1162 sunt,
283 1130 425 1165 theologos
440 1129 539 1160 secuti,
556 1129 763 1163 increatamque
778 1127 898 1155 divinam
916 1134 981 1162 0pc-

194 1174 342 1208 rationem,
362 1172 593 1209 quemadmodum
607 1179 672 1200 sane
685 1176 713 1199 et
725 1172 907 1200 substantiam
921 1178 978 1197 am-

193 1221 295 1256 plexati
316 1224 391 1248 sunt.
410 1219 444 1247 Et
462 1227 560 1247 rursus
577 1219 605 1247 in
630 1218 727 1247 eodem
754 1224 828 1245 ιοιιιο
852 1226 860 1245 :
884 1218 941 1245 Nos
964 1225 980 1244 a

193 1267 280 1295 sacris
308 1265 462 1301 Scripturis
491 1265 581 1293 edocti
611 1271 717 1296 sumus,
747 1268 776 1291 et
800 1263 979 1291 substantiam

191 1311 297 1339 habere
310 1311 407 1342 Deum,
427 1314 454 1337 et
471 1310 621 1344 potentiam
654 1313 735 1343 atque
752 1308 938 1340 operationem
964 1314 980 1334 a

192 1357 284 1385 divina
314 1355 465 1383 substantia
479 1354 670 1386 dilfcrentem;
692 1354 746 1381 imo
766 1360 831 1380 vero
843 1352 980 1387 potentias

192 1401 421 1437 etoperationes.
447 1399 485 1427 De
509 1399 613 1427 lumine
640 1406 707 1426 vero
733 1397 980 1433 transﬂgurationis

194 1451 288 1482 postea
314 1445 458 1481 quasitum
483 1449 536 1472 cst.
555 1444 695 1478 Dixerunt,
716 1448 854 1471 ostensum
873 1450 935 1471 esse
962 1450 978 1470 ο

190 1493 295 1522 sanctis
326 1492 480 1519 increatum
511 1497 572 1518 esse
597 1490 689 1517 lumen
733 1488 979 1524 transfigurationls

191 1538 313 1571 Domini,
329 1542 358 1566 et
377 1536 444 1565 illud
468 1543 523 1564 non
547 1543 608 1564 esse
634 1535 815 1563 substantiam
834 1535 894 1570 ejus
919 1543 926 1562 :
950 1537 979 1561 et

1035 945 1153 972 σθέντων
1181 943 1355 980 δογματικῶν
1383 943 1549 979 κεφαλαίων.
1575 944 1630 970 Καὶ
1655 943 1755 974 πάντες
1782 944 1825 970 ἑνὶ

1035 992 1151 1026 στόματι
1165 991 1203 1023 ὡς
1224 989 1254 1023 ἐξ
1271 990 1330 1021 ἐνὸς
1350 989 1506 1025 κινούμενοι
1524 989 1676 1024 πνεύματος
1692 990 1760 1024 μετὰ
1774 989 1824 1016 τοῦ

1033 1038 1175 1073 ἡνωμένου
1188 1037 1237 1064 καὶ
1256 1036 1396 1072 θεοπρεπῆ
1408 1036 1541 1071 διάκρισιν
1554 1036 1606 1071 τῆς
1627 1035 1703 1068 θείας
1727 1037 1824 1069 οὐσίας

1035 1084 1083 1110 καὶ
1097 1082 1239 1118 ινεργείας
1257 1082 1383 1118 φανερῶς
1401 1081 1579 1117 ὡμολόγησαν
1607 1083 1665 1114 τοῖς
1686 1081 1824 1115 θεολόγοις

1035 1128 1164 1163 ἑπόμενοι
1195 1128 1324 1155 ἄκτιστόν
1353 1136 1383 1155 τε
1397 1127 1447 1164 τὴν
1476 1127 1551 1154 θείαν
1567 1127 1718 1163 ἐνέργειαν,
1750 1129 1824 1155 καθὰ

1033 1174 1102 1209 δῆτα
1113 1174 1160 1200 καὶ
1176 1174 1225 1209 τὴν
1246 1173 1340 1201 οὐσίαν
1372 1172 1516 1208 ἔστερξαν.
1544 1173 1600 1201 Καὶ
1629 1174 1710 1200 πάλιν
1731 1174 1760 1200 ὲν
1783 1175 1823 1208 τῷ

1033 1220 1107 1255 αὐτῷ
1117 1228 1124 1235 ’
1144 1220 1238 1255 Ἡμεῖς
1250 1220 1278 1247 at
1289 1219 1363 1255 παρὰ
1375 1219 1430 1246 τῶν
1442 1219 1527 1254 ἁγίων
1549 1219 1727 1254 ἐδιδάχθημεν
1752 1219 1823 1255 Γραο

1034 1267 1091 1301 φῶν
1118 1267 1165 1293 καὶ
1191 1266 1286 1293 οὐσίαν
1311 1267 1384 1302 ἔχειν
1408 1266 1455 1293 τὸν
1479 1267 1557 1299 Θεὸν,
1577 1266 1622 1293 καὶ
1636 1266 1750 1300 δύναμιν
1774 1267 1822 1292 καὶ

1033 1313 1173 1348 ἐνέργειαν
1187 1314 1237 1348 τῆς
1261 1313 1336 1345 θείας
1352 1312 1447 1345 οὐσίας
1462 1313 1645 1348 διαφέρουσαν
1657 1321 1663 1327 ·
1679 1313 1781 1348 μᾶλλον
1792 1314 1822 1339 δὲ

1033 1359 1080 1386 καὶ
1095 1359 1224 1394 δυνάμεις
1235 1358 1282 1386 καὶ
1293 1359 1446 1394 ἐνεργείας.
1475 1359 1541 1394 Περὶ
1553 1358 1648 1386 δὲ’τοῦ
1670 1359 1758 1393 φωτὸς
1769 1360 1821 1393 τῆς

1034 1404 1274 1440 μεταμορφώσεως
1290 1406 1359 1440 μετὰ
1369 1404 1448 1431 τοῦτο
1460 1405 1591 1440 ὲζητήθη.
1601 1405 1669 1432 Φασὶ
1679 1406 1821 1440 δειχθῆναι

1032 1451 1109 1486 παρὰ
1121 1450 1176 1478 τῶν
1191 1450 1276 1485 ἁγίων
1284 1450 1326 1477 ὅτι
1335 1450 1461 1478 ἀκτιστόν
1474 1451 1531 1477 ἐστι
1553 1451 1583 1478 ἰδ
1593 1451 1643 1486 τῆς
1654 1450 1700 1478 τοῦ
1716 1452 1820 1486 Κυρίου

1034 1496 1272 1532 μεταμορφώσεως
1286 1496 1356 1530 φῶς,
1372 1497 1418 1523 καὶ
1430 1496 1470 1523 δτι
1485 1497 1535 1524 οὐκ
1549 1498 1608 1524 ἐστι
1619 1497 1698 1524 τοῦτο
1714 1498 1821 1533 ἡούσία

1031 1542 1078 1568 τοῦ
1093 1542 1160 1569 Θεοῦ
1170 1550 1178 1557 ·
1194 1542 1241 1569 καὶ
1260 1542 1361 1573 πάντες
1373 1542 1466 1577 σχεδὸν
1484 1540 1571 1576 εἷπον,
1589 1543 1628 1570 ὅτι
1657 1544 1820 1579 ἀπεδείχθη,

191 1592 288 1614 omnes
301 1584 387 1612 ferme
403 1583 543 1615 dixerunt,
563 1582 779 1609 demonstratum
798 1587 870 1608 esse.
898 1580 930 1606 Et
951 1579 977 1606 in

1031 1588 1079 1614 καὶ
1094 1588 1123 1615 ὲν
1138 1590 1195 1620 τοῖς
1209 1575 1441 1624 ἀναθεματισμοῖς
1453 1586 1494 1621 οἷς
1515 1575 1636 1622 ἐξέθεντο
1665 1591 1734 1617 κατὰ

190 1627 437 1660 anathematismis,
461 1634 530 1662 quos
547 1626 695 1654 ediderunt
722 1629 817 1653 contra
847 1632 904 1656 eos,
931 1624 979 1660 qui

190 1684 246 1704 non
270 1674 458 1706 adducuntur,
483 1676 514 1700 ut
529 1671 642 1699 credant
664 1678 760 1698 eorum
784 1670 978 1706 blasphemias,

191 1722 238 1750 ubi
258 1722 365 1756 seipsos
392 1719 530 1756 praeconio
557 1718 706 1749 celebrent,
737 1717 795 1744 hac
815 1716 915 1744 aiunt:
932 1715 977 1750 lis,

190 1767 238 1803 qui
256 1767 353 1795 dicunt
365 1765 486 1793 divinam
499 1763 686 1798 operationem
702 1762 848 1798 provenire
867 1761 977 1796 quidem

190 1821 224 1841 cx
241 1813 332 1840 divina
348 1810 513 1842 substantia,
529 1808 675 1844 provenire
691 1815 756 1835 vero
778 1806 977 1842 inseparabili-

191 1863 244 1890 ter,
261 1865 324 1885 cum
339 1864 388 1892 per
413 1855 481 1883 illud
503 1853 670 1890 (provenire)
687 1851 854 1880 ineffabilem
879 1851 977 1878 distin-

190 1904 312 1932 ctionem
324 1902 491 1938 signiﬁcent,
511 1908 560 1935 per
573 1900 647 1927 illam
668 1905 734 1925 vero
747 1897 977 1932 particulam‘(in-

191 1948 392 1984 separabiliter)
423 1945 613 1975 admirandam
640 1943 861 1979 coniunctionem
886 1947 977 1970 osten-

190 1994 267 2026 dant,
282 1997 384 2021 attenta
399 1993 436 2020 sit
455 1991 597 2020 memoria.

224 2039 259 2067 Et
278 2038 313 2066 de
332 2038 435 2066 lumine
451 2037 496 2070 iis,
510 2037 597 2070 aiunt,
612 2037 657 2073 qui
681 2035 846 2065 conﬁtentur
870 2034 975 2066 lumen,

189 2084 262 2119 quod
276 2083 447 2118 resplenduit
463 2082 640 2110 iueliabiliter
661 2082 689 2110 in
705 2086 798 2109 monte
827 2080 975 2115 transﬁgu-

189 2130 305 2158 rationis
331 2129 450 2161 Domini,
468 2129 560 2156 lumen
580 2136 642 2156 esse
664 2126 864 2160 inaccessibile,
880 2126 974 2153 lumen

189 2176 364 2207 immensum,
375 2179 403 2202 et
419 2174 584 2202 eﬂusionem
600 2173 870 2208 incircumscriptam
887 2171 974 2199 divini

189 2221 354 2257 splendoris,
379 2225 408 2248 et
438 2220 523 2255 gloria
554 2220 729 2253 ineffabilem,
765 2227 797 2248 ac
822 2218 975 2247 divinitatis

189 2267 342 2295 claritatem
369 2268 432 2302 plus
451 2274 533 2302 quam
556 2267 716 2302 perfectam,
731 2266 793 2294 ﬁliis
807 2265 933 2301 gloriam,
947 2269 974 2292 et

190 2314 238 2341 Dei
256 2321 382 2349 regnum,
411 2313 704 2348 pulchritudinemque
730 2320 833 2345 veram,
850 2311 973 2346 atquein

189 2359 234 2387 sui
248 2366 369 2386 amorem
385 2359 562 2392 allicientem,
576 2358 648 2386 circa
671 2358 792 2386 divinam
808 2362 837 2385 et
865 2358 974 2394 beatam

189 2405 264 2432 illam
292 2411 440 2436 naturam,
469 2408 497 2432 ct
527 2404 680 2431 naturalem
707 2404 823 2439 gloriam
851 2403 918 2436 Dei,
940 2410 973 2431 ac

188 2449 300 2477 deitatis
318 2449 417 2482 Patris,
444 2453 472 2476 et
485 2448 604 2484 Spiritus
621 2449 649 2475 in
664 2448 810 2484 Unigenito
824 2455 974 2477 coruscan-

189 2497 294 2528 tem,et
312 2498 456 2530 propterea
472 2494 640 2527 existimant,
652 2494 803 2522 increatum
816 2493 973 2529 bujusmodi

187 2540 293 2574 limen,
305 2548 360 2568 non
382 2545 472 2568 tamen
493 2545 621 2568 asserunt
635 2547 697 2568 esse
719 2541 973 2575 supersubstantia-

188 2587 243 2615 lem
269 2587 320 2615 Dei
347 2586 539 2620 substantiam,
567 2591 698 2621 tanquam
725 2586 774 2614 illa
799 2587 910 2622 penitus
934 2587 972 2616 sit

189 2633 337 2661 invisibilis
367 2637 396 2660 et
415 2632 664 2668 imparticipabilis,
689 2632 785 2660 dicunt
802 2641 867 2660 vero
880 2634 972 2668 potius

188 2678 241 2706 hoc
258 2679 350 2706 lumen
362 2685 423 2706 esse
434 2678 548 2713 gloriam
563 2678 834 2713 supersubstantialis
845 2679 973 2707 substan-

189 2723 244 2757 tiat,
258 2723 293 2751 ab
308 2730 340 2750 ea
351 2723 571 2758 proﬁciscentem
595 2723 826 2758 inseparabiliter,
841 2728 923 2759 atque
941 2733 971 2753 se

188 2769 378 2797 ostendentem
404 2774 496 2797 mente
522 2769 644 2805 purgatis
664 2775 713 2803 pro
726 2777 774 2798 sua
791 2770 970 2806 benignitate,

188 2822 249 2843 eum
268 2822 321 2850 qua
338 2815 424 2850 gloria
443 2815 576 2843 Dominus
592 2820 686 2843 noster
704 2819 733 2843 et
748 2815 820 2844 Deus
836 2821 971 2844 venturus

188 2865 231 2887 est
246 2859 369 2888 secundo
384 2868 435 2888 suo
449 2865 532 2896 atque
551 2859 694 2888 tremendo
706 2860 837 2896 adventu,
847 2861 971 2896 judicare

191 2906 266 2933 vivos
280 2911 308 2934 et
320 2911 453 2943 mortuos,
469 2912 570 2936 aeterna
586 2909 622 2937 sit
635 2907 776 2936 memeria.

1030 1634 1069 1667 μὴ
1085 1631 1254 1668 πειθομένων
1265 1634 1324 1664 ταῖς
1344 1633 1529 1669 βλασφημίαις
1545 1634 1647 1668 αὐτῶν,
1659 1635 1687 1660 ὲν
1709 1632 1751 1667 οἷς
1770 1637 1820 1662 καὶ

1027 1677 1141 1708 ἑαυτοὺς
1165 1678 1401 1714 ἀνακηρύττωσι,
1423 1678 1487 1706 τάδε
1513 1679 1579 1714 φασί
1587 1687 1594 1695 ο
1613 1679 1673 1706 Τῶν
1685 1680 1820 1714 λεγόντων

1028 1723 1154 1758 προϊέναι
1169 1723 1219 1758 μὲν
1232 1723 1281 1759 τὴν
1291 1723 1365 1751 θείαν
1373 1724 1510 1760 ἐνέργειαν
1518 1725 1551 1751 ὲκ
1561 1725 1608 1760 τῆς
1620 1726 1695 1757 θείας
1708 1726 1817 1759 οὐσίας,

1027 1768 1154 1803 προϊέναι
1176 1768 1204 1795 δὲ
1220 1765 1390 1804 ἀδιαιρέτὼς,
1415 1769 1461 1796 διὰ
1487 1769 1537 1804 μὲν
1551 1769 1598 1796 τοῦ
1629 1772 1753 1806 προϊέναι
1765 1772 1819 1806 τὴν

1026 1814 1183 1850 ἀπόρρητον
1197 1814 1333 1851 διάκρισιν
1348 1815 1555 1851 παριστὼντων,
1565 1817 1609 1844 διὰ
1620 1818 1648 1844 δὲ
1660 1818 1707 1844 τοῦ
1726 1819 1818 1846 ἀδιαι-

1028 1859 1113 1895 ρέτως
1142 1860 1270 1896 ὑπερφυᾶ
1300 1860 1463 1888 δεικνύντων
1489 1861 1537 1897 τὴν
1554 1862 1662 1895 ἕνωσιν,
1682 1864 1780 1890 αἱωνίι
1798 1865 1817 1899 η

1027 1905 1136 1941 μνήμη-

1059 2039 1116 2067 Kal
1131 2040 1195 2076 περὶ
1219 2040 1266 2067 τοῦ
1293 2040 1399 2075 φωτὸς,
1416 2041 1469 2068 τῶν
1496 2041 1708 2076 ὁμολογούντων,
1734 2043 1816 2077 φασὶ,

1024 2084 1055 2111 τδ
1065 2084 1208 2120 ὲκλάμψαν
1223 2085 1386 2121 ἀπορρήτως
1397 2086 1454 2121 φῶς
1469 2086 1515 2113 ἐπὶ
1526 2086 1573 2113 τοῦ
1585 2087 1664 2122 ὅρους
1688 2088 1739 2122 τῆς
1765 2089 1815 2115 τοῦ

1025 2129 1127 2165 Κυρίου
1145 2130 1395 2166 μεταμορφώσεως,
1409 2132 1466 2166 φῶς
1486 2132 1633 2167 ἀπρόσιτον
1658 2130 1738 2166 εἶναι,
1764 2135 1816 2160 καὶ

1025 2175 1083 2210 φῶς
1097 2175 1221 2208 ἄπλετον,
1237 2177 1284 2203 καὶ
1304 2177 1383 2212 χύσιν
1397 2178 1588 2213 ἁπεριόριστον
1600 2179 1674 2211 θείας
1701 2179 1814 2215 αἴγλης,

1026 2220 1073 2247 καὶ
1087 2221 1164 2253 δόξαν
1177 2222 1340 2257 ἀπόρρητον,
1357 2222 1405 2249 καὶ
1418 2223 1547 2259 θεότητος
1568 2223 1647 2256 δόξαν
1663 2225 1814 2261 ὑπερτελῆ,

1026 2266 1093 2293 Υίοῦ
1112 2266 1191 2298 δόξαν
1203 2268 1250 2297 καὶ
1265 2267 1404 2303 βασιλείαν
1420 2269 1497 2302 Θεοῦ,
1513 2270 1560 2296 καὶ
1575 2270 1672 2302 κάλλος
1685 2271 1814 2306 ἀληθινὸν

1025 2311 1072 2338 καὶ
1093 2311 1224 2347 ἐράσμιον
1237 2312 1302 2347 περὶ
1325 2312 1375 2348 τὴν
1390 2313 1465 2340 θείαν
1477 2313 1525 2340 καὶ
1551 2315 1690 2349 μακαρίαν
1719 2315 1814 2349 φύσιν,

1024 2358 1071 2384 καὶ
1085 2357 1202 2393 φυσικὴν
1217 2357 1296 2390 δόξαν
1310 2358 1390 2390 Θεοῦ,
1409 2359 1457 2386 καὶ
1485 2359 1611 2394 θεότητος
1640 2360 1745 2395 [ἰατρὸς
1766 2364 1816 2387 καὶ

1025 2404 1184 2439 Πνεύματος
1201 2405 1229 2431 ἐν
1254 2404 1312 2439 Υίῷ
1339 2405 1478 2439 μονογενεϊ
1491 2405 1749 2439 ἁπσστράτττουσαν,
1764 2407 1815 2433 καὶ

1023 2449 1067 2477 διὰ
1080 2449 1166 2476 ταῦτα
1180 2449 1307 2477 ἄκτιστον
1318 2449 1482 2482 δοξαζόντων
1503 2451 1534 2477 τὸ
1550 2450 1669 2477 τοιοῦτον
1684 2451 1753 2485 φῶς,
1774 2452 1814 2486 μὴ

1025 2495 1119 2530 μέντοι
1135 2503 1166 2529 γε
1180 2495 1248 2523 αὺτδ
1262 2493 1333 2523 εἶναι
1356 2495 1490 2530 λεγόντων
1513 2496 1563 2531 τὴν
1581 2495 1745 2531 ὺπερτύσιον
1763 2496 1814 2523 τοῦ

1023 2541 1091 2568 Θεοῦ
1103 2541 1207 2575 οὐσίαν,
1222 2541 1260 2573 ὡς
1288 2541 1395 2576 ἑκείνης
1426 2541 1541 2577 ἀοράτου
1566 2542 1733 2574 παντάπασι,
1764 2543 1814 2568 καὶ

1024 2585 1181 2621 ἀμιθέκτου
1211 2586 1358 2622 μενούσης,
1382 2587 1460 2619 δόξαν
1485 2587 1514 2614 δὲ
1541 2587 1642 2622 μᾶλλον
1674 2587 1814 2622 λεγόντων

1023 2631 1101 2659 τοῦτο
1118 2632 1236 2667 φυσικὴν
1256 2633 1305 2668 τῆς
1330 2631 1493 2668 ὕπερουσίου
1516 2633 1622 2665 οὐσίας,
1638 2632 1667 2665 ἐξ
1700 2634 1812 2669 ἐκείνης

1023 2678 1174 2714 προϊοῦσαν
1201 2679 1373 2715 ἁδιαιρέτως,
1399 2680 1447 2706 καὶ
1463 2679 1678 2715 ὲπιφαινομένην
1688 2680 1731 2706 διὰ
1746 2681 1811 2714 φιλ-

1022 2724 1179 2760 ανθρωπίαν
1193 2725 1261 2752 Θεοῦ
1272 2727 1327 2757 τοῖς
1339 2725 1555 2761 κεκαθαρμένοις
1567 2726 1613 2752 τὸν
1641 2725 1714 2758 νοῦν,
1748 2727 1812 2762 μεθ’

1021 2768 1055 2806 ἧς
1069 2770 1147 2806 δόξης
1161 2772 1174 2797 ό
1187 2770 1290 2806 Κύριος
1300 2772 1379 2807 ήμῶν
1398 2772 1445 2799 καὶ
1474 2771 1540 2804 Θεὸς
1566 2772 1627 2808 ἣξει
1658 2773 1729 2799 κατὰ
1759 2773 1810 2808 τὴν

1006 2815 1152 2850 ’δευτέραν
1179 2816 1261 2843 αὐτοῦ
1292 2816 1340 2844 καὶ
1372 2817 1489 2852 φρικτὴν
1515 2817 1668 2852 παρουσίαν
1707 2818 1810 2853 κρίκων

1023 2860 1128 2894 ζῶντας
1142 2862 1189 2890 καὶ
1204 2863 1330 2899 νεκροὺς,
1344 2862 1440 2891 αξωνία
1456 2862 1474 2898 ἡ
1490 2862 1594 2898 μνήμη.
