1942 3091
190 167 249 198 ’ΒΗ

826 147 1021 194 pssimum
1041 163 1200 194 CYDONli

1752 155 1811 198 ius

190 230 268 252 ιοιιιο
281 223 467 252 cmomuniter
480 228 578 250 omnes
588 220 676 254 aiunt,
692 229 701 247 ι
715 219 804 248 Unam
816 220 900 256 igitur
913 220 979 248 hanc

1040 229 1049 247 ι
1066 221 1113 248 Ἓν
1127 221 1176 256 μὲν
1193 220 1226 257 δὴ
1242 219 1320 248 τοῦτο
1339 221 1385 248 καὶ
1400 219 1507 256 πρῶτον
1518 219 1619 256 κυρίως
1632 220 1664 249 ἀν
1685 229 1724 251 τις
1751 222 1812 257 φαίη

161 285 167 288 -
191 275 221 298 ct
239 271 405 306 prazcipuam
424 268 534 304 proprie
548 267 651 295 dixerit
668 266 768 302 aliquis
779 266 851 294 inter
862 265 982 293 divinam

194 316 375 344 substantiam
396 317 426 342 et
451 314 574 341 divinam
601 312 791 348 operationem
824 311 982 340 distinctio-

193 363 237 391 nis
261 361 390 397 speciem,
405 360 538 388 nimirum
562 358 714 387 secundum
738 365 848 387 causam
869 363 898 386 et
919 365 983 386 eau-

192 413 310 437 satum.)

167 468 170 470 -
227 454 345 488 Quintus
358 453 456 481 modus
473 461 480 480 :
497 451 581 479 Aiunt
594 451 775 487 substantiam
795 450 906 486 quidem
919 457 983 486 pro-

194 502 255 537 prie
286 508 340 528 non
368 499 421 527 dici
444 498 590 530 Deitatem,
621 496 669 525 sed
687 498 770 525 etiam
792 496 816 525 si
844 496 983 524 diceretur

194 548 297 579 Deitas,
324 544 533 581 supereminens
555 543 670 577 dicitur,
700 545 823 578 operatio
841 550 909 570 vero
922 549 987 578 pro-

195 594 254 629 prie
270 597 313 620 est
328 592 431 623 Deitas,
443 595 471 618 et
483 589 589 617 inﬁnite
609 588 742 617 inlinities
763 588 878 616 remissa
891 588 983 617 Deitas

193 640 232 675 (id
247 644 290 667 est
302 637 438 672 inferior).
449 635 528 665 Unde
540 642 602 663 cum
616 635 709 662 multae
727 634 782 662 sint
803 638 886 670 atque
901 635 983 662 innu-

191 693 273 714 merae
286 684 462 720 operationes
477 682 526 710 Dei
541 682 680 714 incrcaue,
691 681 784 709 multae
797 688 908 716 quoque
924 680 983 709 dei-

169 746 171 750 ι
191 737 261 760 tates
272 734 336 758 sunt
361 733 443 764 atque
463 727 626 755 innumerae.
640 727 673 754 Et
692 726 815 754 Palamas
828 726 938 761 quidem
953 726 983 754 in

190 777 303 814 epistola
318 775 352 804 ad
368 774 538 809 Acindynum
553 792 561 806 ,
573 782 585 799 ι
600 773 649 801 Est
664 772 760 808 igitur,
779 772 881 808 inquit,
896 771 984 800 deitas

190 824 306 852 remissa
331 821 435 850 donum
459 820 594 848 exsistens
611 818 723 846 deitatis
737 818 981 854 supereminentis,

190 877 242 896 nec
254 872 361 895 tantum
374 866 471 898 deitas,
484 864 531 893 sed
541 865 659 892 increata
673 863 773 895 deitas.
789 867 815 891 et
828 863 899 891 ultra
912 863 983 891 hanc

1034 267 1084 302 τῆς
1093 276 1123 294 τε
1137 267 1212 299 θείας
1223 267 1316 298 οὐσίας
1334 267 1382 294 καὶ
1403 266 1478 298 θείας
1501 267 1641 301 ἐνεργείας
1662 266 1812 303 διακρίσεως

1037 310 1120 346 εῐδος,
1135 313 1165 340 τὸ
1177 313 1239 340 κατ’
1255 313 1342 340 αῐτιον
1349 312 1450 349 δηλαδὴ
1465 313 1511 340 καὶ
1523 312 1654 340 αἰτιατόν.
1668 322 1677 339 ι

1069 445 1199 481 Πέμπτος
1216 446 1330 481 τρόπος,
1349 446 1391 473 ὅτι
1417 446 1485 481 φασὶ
1508 446 1559 481 τὴν
1583 445 1634 480 μὲν
1661 445 1754 473 οὐσίαν
1778 446 1812 482 μὴ

1034 492 1140 527 κυρίως
1163 491 1292 526 λέγεσθαι
1310 491 1438 527 θεότητα,
1455 491 1514 519 ἀλλ’
1537 492 1561 518 εί
1579 491 1628 519 καὶ
1644 491 1747 526 λέγοιτο
1757 491 1812 519 θεό-

1033 546 1094 574 της,
1116 538 1303 573 ὑπερκειμένη
1322 536 1432 573 λέγεται
1446 544 1454 554 ·
1471 538 1488 573 ἡ
1511 536 1540 565 δὲ
1570 538 1697 574 ἐνέργεια
1718 538 1814 574 κυρίως

1032 583 1065 610 τέ
1085 584 1145 610 ἐστι
1170 583 1277 618 θεότης,
1300 583 1348 610 καὶ
1374 582 1509 618 ὑφειμένη
1534 583 1657 619 ἀπείρως
1675 585 1814 620 ἀπειράκις

1034 629 1120 662 ἐστὶν,
1136 628 1199 656 ὅθεν
1212 630 1259 656 καὶ
1278 629 1341 656 ἐπεὶ
1363 629 1464 656 πολλαὶ
1476 629 1525 657 καὶ
1545 630 1727 666 ἀναρίθμητοι
1743 631 1814 666 ὶνέρ-

1033 674 1108 710 γειαί
1126 675 1181 701 εισι
1195 675 1242 701 τοῦ
1259 674 1328 701 Θεοῦ
1350 675 1486 709 ἄκτιστοι,
1510 675 1558 703 καὶ
1582 675 1679 702 πολλαὶ
1694 676 1815 711 θεότητές

1034 722 1089 748 είσι
1105 720 1153 749 καὶ
1176 720 1370 756 ἀναρίθμητοι.
1386 720 1441 747 Kal
1465 721 1481 747 ό
1510 719 1561 756 μιν
1576 721 1709 756 Παλαμᾶς
1732 721 1760 748 ὲν
1783 722 1813 757 τῇ

1035 766 1106 802 πρὸς
1121 766 1168 801 τὸν
1187 765 1342 793 ’Δκίνδυνον
1359 765 1500 801 ἐπιστολῇ,
1522 774 1533 792 ι
1552 766 1648 792 Ἔστιν
1662 766 1725 802 ἄρα,
1742 767 1815 800 φησὶ,

1033 812 1132 848 θεότης
1146 811 1281 847 ὑφειμένη
1294 831 1302 845 ,
1324 811 1411 846 δῶρον
1432 809 1502 838 οὖσα
1521 811 1574 845 τῆς
1597 811 1814 847 ὑπερκειμένης,

1034 858 1082 886 καὶ
1098 858 1128 885 οὗ
1145 857 1242 894 θεότης
1258 858 1350 892 μόνον,
1364 857 1432 884 ἀλλὰ
1448 858 1496 884 καὶ
1509 857 1640 890 ἀκτιστος
1652 857 1756 893 θεότης,
1771 858 1815 884 καὶ

190 915 321 943 deitatem
349 917 392 941 est
415 913 499 940 Deus.
518 920 528 937 ι
545 910 575 938 In
603 917 732 938 sermone
749 917 814 938 vero
827 910 862 938 ad
879 910 979 938 Nomo-

1032 906 1102 941 ὑπὲρ
1116 904 1219 940 ταύτην
1236 904 1285 939 τὴν
1299 903 1415 940 θεότητά
1430 904 1505 931 ἐστιν
1518 904 1533 930 ὁ
1551 904 1628 936 Θεός.
1649 913 1660 930 ι
1685 903 1728 930 Ἑν
1741 903 1769 930 δὲ
1779 903 1814 938 τῷ

190 961 335 996 pliylacem
353 959 510 986 Simeonem
526 977 534 988 ,
550 965 559 982 ι
579 955 608 984 Si
631 956 717 989 enim,
735 956 836 991 inquit,
849 955 976 988 remissa,

187 1007 231 1034 vel
255 1005 380 1036 inferior.
395 1007 443 1031 aut
457 1003 559 1035 minor.
574 1002 618 1030 vel
638 1002 778 1038 quidpiam
803 1001 892 1028 simile
908 1000 978 1028 divi-

188 1063 224 1082 na
239 1052 364 1089 Operatio
392 1059 448 1079 non
474 1051 595 1083 dicatur,
613 1057 668 1077 non
689 1057 753 1077 vere
777 1053 889 1076 sanctus
912 1047 979 1074 Dio—

186 1100 295 1136 nysius,
312 1102 341 1126 et
365 1101 500 1133 quotquot
517 1100 582 1124 sunt
601 1095 642 1122 illi
659 1094 778 1130 aequales
808 1098 838 1121 et
863 1093 977 1125 similes,

186 1144 440 1180 snpereminentem
477 1148 538 1170 esse
577 1140 759 1169 substantiam
786 1138 835 1166 Dei
868 1137 977 1165 docent.

186 1190 262 1218 Fieri
280 1189 353 1217 enim
370 1196 424 1216 non
439 1190 586 1221 potest,_ut
600 1186 667 1221 quid
683 1185 907 1220 superemineat,
924 1189 978 1210 non

189 1237 354 1268 exsistente,
368 1233 442 1270 quod
464 1233 535 1260 infra
560 1232 607 1260 sit.
627 1241 637 1258 ι
652 1231 687 1258 Ει
703 1231 731 1258 in
746 1229 883 1262 oratione,
901 1229 980 1264 cujus

189 1281 299 1309 initium
315 1287 322 1308 :
338 1280 360 1306 A
385 1279 483 1314 spiritu
508 1277 632 1306 excitatis
646 1276 792 1304 Patribus:
807 1284 816 1302 ι
841 1272 978 1308 Quoniam

161 1325 273 1358 .enim,
293 1323 402 1359 inquit,
425 1327 454 1351 et
481 1322 529 1351 Dei
561 1326 661 1350 natura
697 1321 785 1349 deitas
812 1319 977 1355 appellatur,

186 1373 275 1408 magis
302 1376 394 1399 autem
427 1369 539 1406 proprie
556 1369 692 1405 operatio.
712 1376 722 1394 ι
746 1367 780 1394 Ει
799 1366 828 1394 in
854 1366 977 1401 Dialogo,

189 1418 271 1453 cujus
298 1415 442 1452 inscriptio
469 1413 631 1442 Har-lamiae:
647 1417 673 1441 et
697 1412 876 1445 Orthodozus,
891 1420 900 1438 ι
918 1410 978 1439 Una

189 1468 242 1497 est,
260 1462 360 1498 inquit,
375 1461 459 1489 trium
488 1461 671 1497 liypostaseon
696 1458 794 1491 deitas,
811 1465 861 1486 seu
880 1463 977 1485 natura

184 1507 380 1536 ctsubstantia
398 1505 681 1542 supersubstantialis,
701 1504 828 1540 simplex,
849 1502 977 1531 invisibi~

179 1554 592 1598 llis,inintelligibilis,prorsus
610 1551 882 1598 imparticipabilis._i
901 1549 976 1577 Reli-
992 1568 1014 1598 ο

188 1609 249 1637 quae
260 1608 335 1633 vero,
343 1607 404 1635 qua:
415 1606 430 1626 a
445 1598 549 1627 sanctis
561 1597 692 1625 dicuntur
704 1595 901 1631 deitates,|sive
912 1602 978 1627 una,

188 1649 246 1675 sive
262 1648 332 1680 dum,
349 1646 406 1674 sive
418 1644 511 1680 plures
528 1647 604 1672 sunt.
622 1642 689 1670 Nam
707 1642 785 1674 illud,
801 1642 902 1676 ubique
918 1647 980 1668 esse

189 1693 244 1721 ἀπὸ
258 1692 305 1719 τοῦ
323 1692 389 1724 θεῖν,
403 1699 417 1718 a
431 1689 580 1722 currendo,
594 1693 622 1716 et
642 1688 722 1723 quasi
747 1687 850 1723 ubique
875 1687 979 1722 pet-lin-

188 1738 296 1774 gendo;
324 1737 389 1764 item
419 1735 516 1763 nullibi
540 1741 600 1762 esse
622 1733 815 1766 decurrendo,
842 1737 873 1760 et
901 1731 978 1767 quasi

192 1783 296 1818 ubique
322 1781 453 1817 fugiendo
483 1780 572 1808 deitas
600 1780 820 1814 cognominatur.
845 1777 980 1813 Splendor

187 1830 255 1856 item
280 1827 353 1860 Dei',
370 1834 452 1862 quem
472 1831 501 1854 et
523 1825 640 1860 apostoli
668 1825 696 1852 in
716 1828 808 1851 monte
831 1830 980 1858 conspexe-

189 1879 265 1907 runt,
281 1873 368 1901 deitas
381 1872 482 1900 dicitur
500 1871 554 1898 ἀπὸ
566 1870 614 1898 τοῦ
629 1869 732 1903 αἰθειν,
745 1870 779 1897 ab
798 1877 832 1896 co
851 1869 924 1904 quod
938 1873 979 1896 est

189 1921 299 1951 ardere,
314 1919 368 1946 hoc
396 1922 440 1946 est
464 1917 636 1949 comburere,
661 1919 744 1949 atque
766 1922 878 1942 omnem
902 1914 980 1953 mali-

190 1967 255 1993 tiam
272 1971 442 1992 consumere.
459 1963 525 1991 Item
542 1963 614 1990 scire
624 1961 716 1989 omnia
731 1961 785 1988 eiul
798 1961 845 1987 τοῦ
855 1961 978 1994 θεᾶσθαι,

190 2012 225 2039 ab
243 2011 377 2045 aspicere,
403 2009 475 2044 quod
500 2008 571 2035 Deus
597 2010 696 2035 cuncta
723 2006 889 2042 conspiciat,
904 2010 981 2034 ante-

190 2064 273 2092 quam
294 2055 372 2088 ﬁant,
392 2059 420 2082 et
442 2051 588 2089 providere
614 2052 669 2080 ἀπὸ
694 2052 742 2079 τοῦ
760 2053 872 2088 ὲφορᾷν,
889 2053 924 2080 ab
945 2059 980 2080 eo

190 2101 265 2136 quod
288 2100 428 2135 inspiciat,
445 2099 478 2126 ad
506 2098 564 2126 haec
580 2103 608 2126 et
632 2098 761 2126 deificare
789 2098 888 2134 (deitas
908 2097 978 2125 dici-

191 2149 260 2181 tur).
277 2156 286 2172 ι
312 2146 344 2173 Ει
371 2149 433 2180 post
457 2143 591 2171 nonnulla
612 2152 620 2172 :
644 2153 653 2170 ι
679 2143 797 2172 Videsne
823 2143 978 2177 evidenter,

189 2192 264 2228 quod
285 2199 339 2220 non
355 2196 462 2219 tantum
483 2198 544 2225 qua:
568 2198 684 2225 prorsus
713 2194 756 2217 est
779 2189 936 2223 invisibilis,
952 2194 980 2217 et

1032 952 1100 987 πρὸς
1126 951 1172 978 τὴν
1197 951 1375 985 νομοφύλακα
1403 950 1573 987 Συμεὼνην·
1609 960 1618 977 ι
1645 950 1676 977 Εἰ
1704 950 1740 985 μὴ
1765 950 1814 984 γὰρ

1030 997 1175 1032 ὑφειμένη,
1192 998 1286 1031 φησιν,
1302 997 1318 1031 ἢ
1336 997 1536 1032 ὕπερεχομένη,
1555 997 1571 1032 ἢ
1588 996 1814 1032 ὑποὸεὸηκυῖα,ἦ

1030 1051 1056 1069 τι
1071 1042 1194 1069 τοιοῦτον
1209 1043 1225 1078 ὴ
1250 1043 1310 1069 θεία
1329 1042 1456 1078 ἐνέργεια
1473 1042 1595 1077 λεχθείη,
1618 1042 1670 1069 οὐκ
1684 1041 1787 1078 ἀληθῶς
1801 1042 1814 1068 ὁ

1031 1089 1108 1123 ἃγιος
1128 1088 1279 1121 Διονύσιος,
1295 1090 1342 1115 καὶ
1358 1089 1416 1115 ὅσοι
1433 1088 1493 1115 κατ’
1518 1088 1599 1115 αὐτὸν
1615 1088 1814 1124 ὑπερκειμένην

1030 1131 1100 1160 εἶναι
1115 1133 1272 1161 διδάσκουσι
1286 1134 1336 1169 τὴν
1350 1134 1445 1160 οὐσίαν
1460 1133 1507 1160 τοῦ
1523 1133 1604 1161 Θεοῦ.
1619 1134 1658 1161 Οὐ
1675 1133 1729 1169 γὰρ
1746 1133 1815 1159 ἔστιν

1031 1180 1212 1216 ὑπερκεῖσθαι
1230 1180 1268 1216 μὴ
1284 1180 1361 1212 ὄντος
1380 1179 1428 1207 τοῦ
1454 1179 1672 1215 ὕποὸεὸηκότος.
1692 1189 1702 1206 ι
1722 1180 1775 1208 Kal
1788 1179 1814 1206 ὲν

1032 1227 1071 1262 τῷ
1089 1227 1162 1261 λόγῳ
1181 1224 1212 1254 οὗ
1227 1227 1243 1262 ὴ
1258 1227 1340 1262 ἀρχὴ,
1366 1225 1431 1258 Τοῖς
1456 1225 1746 1261 πνευματοκινήτοις
1760 1224 1813 1252 τῶν

1029 1272 1180 1306 Πατὲρων,
1202 1280 1211 1297 ι
1234 1271 1344 1307 Ἐπειδὴ
1367 1272 1444 1306 γὰρ,
1463 1271 1541 1306 φησὶ,
1565 1271 1614 1297 καὶ
1642 1271 1659 1306 η
1684 1269 1731 1298 τοῦ
1751 1268 1813 1297 Θεοῦ

1029 1318 1110 1354 φύσις
1120 1318 1215 1353 θεότης
1225 1317 1399 1352 ὀνομάζεται·
1413 1318 1580 1353 κυριώτερον
1591 1317 1621 1344 δὲ
1632 1317 1649 1352 ἡ
1659 1317 1790 1352 ὶνέργεια.
1802 1324 1812 1342 ι

1030 1363 1086 1390 Καὶ
1104 1364 1133 1389 ὲν
1151 1362 1190 1396 τῷ
1216 1362 1344 1397 διαλόγῳ,
1371 1360 1401 1390 οὖ
1416 1363 1433 1398 ἡ
1459 1362 1612 1398 ἐπιγραφὴ,
1631 1362 1814 1397 Βαρλαμίτης

1028 1408 1078 1436 καὶ
1092 1407 1263 1443 ὀρθόὸοξος,
1281 1418 1290 1434 ι
1308 1408 1366 1436 Μία
1390 1409 1449 1435 ἐστὶ
1463 1408 1518 1435 τῶν
1533 1409 1629 1444 τριῶν,
1647 1408 1739 1445 φησὶν,
1754 1408 1814 1434 ὕπο-

1030 1454 1153 1481 στὰσεων
1169 1453 1276 1490 θεότης,
1295 1454 1355 1490 ἦτοι
1373 1454 1455 1489 φύσις
1477 1454 1525 1481 καὶ
1539 1454 1621 1482 οὐσία
1647 1454 1813 1491 ὐπερούσιος,

1029 1500 1113 1536 ἁπλῆ,
1125 1500 1252 1535 ἀόρατος,
1269 1500 1462 1535 ἀπερινόητος,
1472 1500 1626 1536 ἀμέθεκτος
1635 1502 1812 1530 παντάπασιν.

1029 1547 1063 1573 Δί
1081 1546 1110 1573 δὲ
1125 1545 1206 1573 ἄλλαι
1222 1545 1298 1580 παρὰ
1315 1545 1371 1573 τῶν
1397 1545 1486 1580 ἁγίων
1508 1546 1659 1581 λεγόμεναι
1684 1547 1813 1582 θεότητες.

1031 1593 1086 1619 είτε
1104 1592 1164 1628 μία,
1181 1591 1237 1619 εἴτε
1252 1592 1308 1625 δύο,
1323 1592 1379 1619 εἴτε
1394 1591 1514 1624 πλείους.
1532 1593 1588 1620 Καὶ
1603 1593 1660 1630 γὰρ
1675 1593 1705 1620 τὸ
1719 1601 1815 1620 παντα-

1029 1638 1078 1674 χοῦ
1097 1637 1179 1673 εἴναι,
1202 1639 1256 1666 ἀπὸ
1271 1639 1319 1666 τοῦ
1339 1640 1396 1666 θεῖν
1415 1639 1462 1666 καὶ
1475 1639 1558 1666 οίονεὶ
1575 1640 1689 1674 φθάνειν
1718 1648 1823 1676 πανταε-

1029 1687 1104 1720 χόσσ,
1117 1685 1234 1720 θεότητα
1248 1685 1305 1721 ἔχει
1319 1685 1368 1721 τὴν
1390 1686 1561 1719 ἐπωνυμίαν·
1578 1687 1627 1714 καὶ
1641 1687 1672 1714 τὸ
1695 1685 1814 1722 μηδαμθῦ

1031 1729 1102 1758 εῖναι
1125 1731 1288 1765 ἀποθέοντα,
1314 1731 1409 1767 ὥσπερ
1428 1731 1612 1767 διαφεύγοντα
1637 1732 1812 1768 πανταχόθεν.

1031 1778 1069 1807 Ἦ
1081 1786 1110 1804 τε
1128 1778 1174 1804 τοῦ
1187 1777 1255 1804 Θεοῦ
1267 1778 1440 1813 λαμπρότης,
1459 1778 1493 1814 ἢν
1510 1779 1558 1806 καὶ
1575 1779 1600 1806 οί
1615 1778 1759 1806 ἀπόστολοι
1772 1778 1815 1804 επὶ

1029 1823 1078 1850 τοῦ
1101 1823 1183 1859 ὅρους
1196 1821 1276 1857 εἶδον,
1298 1823 1395 1859 θεότης
1417 1824 1540 1858 λέγεται,
1563 1825 1619 1852 ἀπὸ
1638 1825 1685 1852 τοῦ
1708 1824 1792 1852 αῐθειν
1806 1844 1813 1857 ,

1030 1870 1155 1896 τουτέστι
1178 1869 1267 1897 καίειν
1292 1878 1321 1897 τε
1346 1869 1394 1897 καὶ
1419 1870 1578 1898 ἀναλίσκειν
1597 1872 1692 1899 πᾶσαν
1717 1870 1814 1906 μοχθη-

1032 1915 1117 1952 ρίανο
1145 1915 1178 1942 τό
1203 1924 1232 1942 τε
1256 1915 1403 1960 γινώσκειν
1423 1916 1532 1944 ἅπαντα
1557 1918 1633 1953 παρὰ
1659 1918 1689 1944 τὺ
1706 1917 1813 1943 θεᾶσθαι

1030 1962 1119 1988 πάντα
1134 1961 1180 1988 τδν
1192 1961 1259 1988 Θεδν
1276 1962 1340 1997 πρὶν
1352 1962 1482 1996 γενέσθαι
1496 1962 1578 1995 αὐτὰ,
1591 1963 1638 1990 καὶ
1650 1964 1681 1990 ea
1695 1963 1814 1998 προνοεῖν

1030 2008 1084 2035 ἀπὸ
1107 2007 1154 2035 τοῦ
1171 2008 1282 2043 ὲφορᾷν,
1299 2007 1347 2034 καὶ
1358 2007 1427 2043 πρὸς
1442 2007 1547 2040 τούτοις
1563 2007 1593 2035 τὸ
1606 2009 1748 2036 θεοποιεῖν.
1763 2007 1813 2034 Καὶ

1032 2054 1102 2089 μετά
1113 2062 1186 2081 τινα·
1207 2062 1216 2080 ι
1238 2053 1321 2089 ὐρᾷς
1344 2053 1449 2088 σαφῶς,
1467 2054 1551 2081 ὅτιού
1575 2055 1659 2090 μόνον
1681 2055 1697 2090 ή
1716 2053 1812 2081 παντά-

1031 2109 1114 2128 πασιν
1129 2101 1245 2136 ἀόρατος
1260 2100 1306 2127 καὶ
1329 2100 1510 2136 ἀπερινὸητος
1526 2100 1573 2128 καὶ
1591 2101 1742 2136 ἀμέθεκτος
1756 2099 1811 2126 θεό-

1030 2155 1099 2182 της,
1125 2146 1193 2173 ἀλλὰ
1220 2146 1268 2174 καὶ
1292 2147 1309 2182 ή
1336 2147 1391 2178 τοῖς
1416 2146 1507 2180 ἁγίοις
1534 2147 1628 2181 μόνοις
1655 2146 1810 2182 ἀπορῤήτως

1031 2192 1117 2228 ὁρατὴ
1127 2192 1175 2219 καὶ
1184 2193 1267 2228 νοητὴ
1279 2193 1325 2219 καὶ
1337 2192 1460 2228 μεθεκτὴ
1472 2192 1567 2227 θεότης
1575 2192 1623 2219 τοῦ
1640 2192 1707 2220 Θεοῦ
1719 2193 1783 2219 ἐστι.
1799 2199 1807 2216 ι

191 2237 412 2274 inintelligibilis,
424 2241 453 2264 et
465 2236 701 2272 imparticipabilis
712 2236 809 2269 deitas,
821 2236 868 2263 sed
880 2236 975 2268 etiam,

1031 2239 1085 2266 Kal
1101 2239 1129 2265 ὲν
1148 2239 1253 2274 ἑτέρην
1275 2247 1285 2264 ι
1309 2237 1380 2264 Ἀλλ’
1395 2237 1451 2272 ἐγὼ
1473 2239 1602 2270 τὰς“ὃλας
1626 2238 1732 2273 ἀγαθάς
1746 2245 1810 2272 φημι

190 2293 252 2321 quae
269 2284 448 2312 ine-il‘abiliter
472 2283 574 2311 sanctis
595 2287 638 2310 est
650 2283 835 2316 aspectabilis,
848 2287 877 2310 et
893 2282 975 2310 intel-

190 2331 315 2366 ligibilis,
330 2334 358 2358 et
375 2329 574 2366 participabiiis
600 2329 689 2357 deitas
724 2329 770 2357 Dei
786 2330 850 2357 est?
871 2339 879 2355 ι
900 2329 934 2357 Ει
950 2329 977 2357 in

190 2377 244 2404 alia
273 2377 422 2404 oratione:
440 2385 449 2401 ι
477 2375 529 2403 Sed
553 2382 604 2410 ego
628 2382 724 2402 cinnes
739 2375 838 2408 bonos,
850 2375 976 2410 inquam,

193 2424 274 2451 unius
288 2422 337 2450 Dei
356 2429 504 2457 processus
527 2428 589 2449 esse
613 2421 801 2449 substantialia
816 2421 874 2448 haec
888 2425 916 2448 et
929 2429 976 2448 na-

191 2468 290 2496 turalia
306 2467 363 2501 Dei,
382 2475 443 2503 quze
463 2467 593 2495 dicuntur
608 2465 722 2494 remissa
737 2471 863 2502 respectu
877 2466 978 2494 divinae

190 2514 363 2548 substantiae,
377 2521 439 2549 qua:
451 2518 480 2541 et
495 2513 530 2541 ab
545 2514 615 2548 ipsa,
631 2518 658 2540 et
674 2512 746 2540 inter
762 2519 791 2540 se
804 2512 977 2548 distinguun-
990 2535 993 2538 .

193 2565 238 2587 tur
249 2559 402 2594 (nimirum)
412 2559 587 2594 sapientiam,
600 2558 761 2594 potentiam,
774 2558 976 2593 operationem,

191 2606 288 2639 vitam,
300 2609 329 2633 et
341 2604 503 2638 bonitatem,
518 2611 550 2632 ac
563 2604 781 2638 sanetitatem,et
792 2605 883 2632 omnia
898 2610 978 2640 quot-

191 2656 259 2687 quot
272 2656 299 2678 et
316 2655 369 2683 est,
395 2655 424 2678 et
438 2650 539 2678 dicitur
563 2658 665 2678 numen
690 2650 824 2678 divinum.
842 2660 852 2677 ι
871 2651 976 2680 Rursus

192 2697 220 2723 in
233 2696 329 2724 eadem
345 2695 491 2724 oratione:
509 2704 519 2722 ι
543 2695 596 2723 Sed
613 2695 636 2723 si
659 2703 714 2723 non
728 2699 802 2724 esset
818 2696 870 2724 alia
888 2697 975 2726 deitas

191 2745 292 2777 praeter
309 2741 430 2769 divinam
455 2745 593 2775 naturam,
612 2741 745 2776 ingenita,
761 2741 814 2777 ipsi
829 2747 975 2777 coaeterna,

192 2792 323 2822 tanquam
351 2786 438 2822 ipsius
467 2787 600 2822 operatio.
629 2796 639 2813 ι
666 2786 702 2814 Et
727 2791 789 2822 post
819 2788 975 2817 nonnulla:

195 2843 205 2859 ι
221 2833 274 2861 Sed
291 2837 319 2860 et
332 2833 400 2860 illud
416 2832 547 2861 inﬁnities
568 2833 674 2860 inﬁnite
694 2833 721 2860 in
738 2833 868 2861 omnibus
881 2833 977 2870 hujus-

191 2879 266 2907 modi
283 2879 382 2907 divinae
395 2879 581 2907 attribuerunt
602 2878 769 2907 eminentiae.
788 2888 797 2905 ι
812 2879 845 2908 Et
863 2879 891 2908 in
906 2880 978 2916 Apo-

1029 2284 1076 2312 τοῦ
1089 2284 1148 2317 ἑνὸς
1162 2284 1230 2312 Θεοῦ
1246 2285 1378 2320 προόδους
1395 2282 1466 2311 εἶναι
1480 2284 1514 2311 τὰ
1528 2285 1648 2320 οὐσιώδη
1665 2284 1749 2312 ταῦτα
1768 2282 1811 2309 καὶ

1029 2330 1133 2365 φυσικὰ
1147 2329 1193 2356 τοῦ
1213 2329 1281 2357 Θεοῦ
1295 2330 1329 2357 τὰ
1342 2329 1478 2364 ὑφειμένα
1493 2330 1541 2366 τῆς
1556 2330 1634 2363 θείας
1652 2331 1754 2362 οὐσίας,
1768 2328 1810 2355 καὶ

1028 2375 1112 2411 ἕτερα
1127 2375 1232 2410 ταύτης
1247 2383 1277 2402 τε
1292 2375 1340 2402 καὶ
1356 2375 1490 2410 ἀλλήλων,
1512 2376 1562 2410 τὴν
1578 2375 1687 2410 σοφίαν,
1702 2375 1750 2410 τὴν
1771 2373 1812 2400 δύ-

1029 2432 1122 2458 ναμιν,
1139 2423 1190 2458 τὴν
1210 2423 1367 2457 ἐνέργειαν,
1386 2423 1435 2459 τὴν
1457 2423 1543 2457 ζωὴν,
1567 2424 1616 2449 καὶ
1640 2422 1810 2457 ἁγαθότητα,

1028 2469 1076 2496 καὶ
1090 2469 1232 2504 suam“,
1244 2469 1290 2495 καὶ
1298 2469 1378 2496 πάνθ’
1390 2469 1441 2496 ὅσα
1453 2469 1500 2496 καὶ
1511 2470 1569 2495 ἐστι
1583 2468 1614 2495 τδ
1625 2469 1702 2495 Θεῖον
1717 2468 1762 2495 le
1774 2466 1814 2493 λέ-

1028 2522 1118 2549 γεται.
1135 2523 1144 2540 ι
1165 2513 1221 2541 Kal
1236 2514 1318 2541 πάλιν
1334 2515 1363 2541 έν
1373 2514 1412 2549 τῷ
1423 2513 1515 2549 αὐτῷ’
1537 2524 1547 2540 ι
1569 2513 1639 2541 Ἀλλ’
1653 2515 1676 2540 ει
1689 2514 1725 2548 μὴ
1747 2512 1811 2546 ἄλλη

1028 2560 1122 2594 θεότης
1135 2559 1178 2595 είη
1202 2560 1278 2596 παρά
1292 2560 1341 2595 τὴν
1368 2559 1443 2586 θείαν
1467 2559 1549 2594 φύσιν
1575 2560 1723 2595 ἀγέννητος
1738 2579 1746 2592 ,
1768 2557 1812 2584 καὶ

1027 2606 1096 2642 αὐτῇ
1110 2605 1245 2637 συναῖδιος
1258 2604 1295 2637 ὥς
1311 2605 1437 2641 ἐνέργεια
1453 2605 1549 2640 αὐτῆς.
1569 2614 1578 2631 ι
1598 2605 1653 2631 Καὶ
1667 2605 1735 2640 μετά
1745 2610 1810 2631 τινα·

1031 2661 1041 2679 ι
1060 2651 1141 2679 Ἀλλὰ
1152 2652 1198 2678 καὶ
1207 2650 1238 2678 τδ
1257 2651 1405 2686 ἀπειράκις
1428 2652 1551 2686 ἀπείρως
1567 2651 1678 2678 ἐπὶτῶν
1691 2649 1813 2677 τοιούτων

1028 2698 1138 2725 erime
1173 2698 1206 2732 τῇ
1222 2697 1282 2732 θείᾳ
1307 2697 1481 2733 προσέθηκαν
1505 2697 1647 2733 ὑπεροχῇ.
1667 2707 1676 2724 ι
1710 2697 1763 2724 Καὶ
1786 2695 1813 2722 ἐν

1027 2744 1061 2779 τῇ
1085 2742 1158 2770 οὕτω
1173 2742 1328 2779 καλουμένῃ
1347 2742 1552 2778 διεξοδικωτέρᾳ
1566 2743 1698 2778 ἀπολογίᾳ
1713 2750 1720 2758 ·
1739 2751 1748 2767 ι
1763 2741 1813 2768 Kal

1028 2789 1084 2825 γὰρ
1100 2788 1313 2825 κατηξιώθημεν
1330 2789 1431 2816 εἰδέναι
1446 2788 1495 2825 τὴν
1508 2793 1559 2824 μὲν
1570 2789 1666 2816 οὐσίαν
1681 2788 1743 2823 μίαν
1767 2786 1810 2813 καὶ

1029 2834 1120 2870 ἁπλῆν
1143 2835 1190 2862 καὶ
1199 2835 1365 2870 ,ἀδιαίρετον
1391 2835 1453 2862 καθ’
1471 2835 1580 2871 ἑαυτὴν,
1605 2834 1716 2866 ὲκείνας
1737 2833 1764 2860 δὲ
1782 2832 1810 2858 οὐ

1029 2879 1130 2912 πολλὰς
1150 2881 1241 2916 μόνον,
1259 2880 1326 2908 ἀλλὰ
1344 2882 1389 2909 καὶ
1413 2880 1530 2917 ἀριθμὸν
1555 2879 1780 2916 ὑπερϐαινούσις.
1799 2886 1806 2903 ι
