1942 3091
136 111 187 144 859

748 113 946 144 ADVERSUS
965 112 1159 144 ΡΑιΑΜΑΜ.

1702 101 1765 135 85σ

136 167 189 194 Καὶ
203 168 232 194 ἐν
244 167 283 202 τῷ
296 166 378 202 λόγῳ.
395 163 427 195 οἵ»
444 167 461 202 ἡ
477 167 558 203 ἁρχὴ,
575 168 784 195 Φιλονεικοῦσι
794 167 853 203 μὲν
867 168 920 196 ἀλ-
933 195 934 198 η

986 167 1052 203 )gia,
1063 175 1145 203 quam
1178 170 1275 194 vocant
1302 164 1499 200 prolixiorem:
1518 172 1526 188 ι
1546 160 1654 190 Etenim
1680 158 1755 193 digni

135 213 250 246 λήλους
269 212 503 247 ὑπερϐαλέσθαι,
532 222 542 238 ι
557 213 593 240 Σὺ
616 213 700 240 πόθεν
723 214 808 249 ἡμᾶς,
826 215 920 249 φησὶν,

135 258 296 295 ἑφώρασας.
321 259 368 285 καὶ
391 258 436 286 διὰ
459 258 541 285 τίνων
563 258 684 290 διθεῖτας
711 259 921 292 ἀποδεικνύεις,

136 306 175 333 δτι
190 305 239 332 τοῦ
256 304 342 332 αὐτοῦ
357 303 426 332 Θεοῦ
443 304 493 332 καὶ
506 304 619 340 ὀρατὴν,
639 305 740 340 μᾶλλον
757 305 785 332 δὲ
800 306 848 333 καὶ
862 314 924 341 νοη-

135 351 184 386 τὴν
206 350 323 385 λέγομιν
345 349 471 386 θεότητα,
488 350 617 386 καθάπερ
639 352 663 377 οῖ
686 350 829 386 θεόληπτοι
851 351 924 378 διδά-

138 404 231 422 σκουσι
239 395 360 429 θεολόγοι
370 404 378 428 ;
393 395 447 422 Καὶ
456 397 485 423 ἐν
496 395 594 431 ἑτέρῳ.
606 393 636 423 οὗ
646 396 663 432 ἡ
675 396 756 431 ἀρχὴ,
772 396 865 431 Τριῶν
874 396 925 424 67'-

136 449 193 468 των
206 440 242 468 ἐν
260 441 426 475 κεφαλαίῳ,
441 450 450 466 ι
478 440 548 467 Ἀλλ’
559 440 721 475 ἐπειδήπερ,
733 440 826 476 φησὶν,
845 440 926 476 ἡμεῖς

137 488 205 515 κατὰ
215 488 264 523 τὴν
280 487 416 523 πατρικὴν
431 487 571 522 ὑφήγησιν
596 487 644 513 καὶ
655 487 706 522 τὴν
732 486 856 515 θεοποιὸν
878 487 926 514 καὶ

137 535 184 569 τὴν
193 534 363 569 καθαρτικὴν
374 533 423 561 καὶ
433 534 482 569 τὴν
492 533 621 568 ϐεατικὴν
632 533 747 568 δύναμίν
755 542 784 560 τε
792 533 840 560 καὶ
850 533 928 568 ἐνέρ-

138 588 226 614 γειαν,
251 580 320 615 προς
342 579 372 607 δὶ
395 580 508 611 ταύταις
519 579 566 606 καὶ
577 579 676 611 πολλὰς
688 579 786 614 ἑτέρας
795 578 929 615 ἀνυμνοῦ-

140 634 189 660 μεν
211 626 244 660 τῇ
257 625 307 659 τῆς
323 625 449 660 θεότητος
464 625 616 660 ἐπωνυμίᾳ,
627 624 675 651 καὶ
684 624 737 651 ἀπὸ
747 624 850 652 τούτων
860 623 930 660 χρώ-

141 670 209 706 μεθα
224 671 271 697 καὶ
286 671 332 698 ὲπὶ
343 670 393 704 τῆς
408 670 585 705 πηγαζούσης
596 670 681 702 αὐτὰς
689 670 783 702 οὐσίας
791 670 830 705 τῷ
846 679 930 706 προσ-

141 716 252 752 ρήματι,
265 716 325 748 πῶς
346 716 379 742 σὺ
389 716 436 742 δύο
445 715 491 742 καὶ
503 715 540 750 μὴ
552 715 661 746 πλείους
670 716 744 750 ἡμᾶς
758 715 882 751 ἰσχυρίζῃ
890 715 931 741 λέι

139 769 197 795 γειν
212 760 363 795 θεότηταςς
384 770 394 787 ι
414 761 469 787 Καὶ
480 761 508 786 ὲν
520 759 558 796 τῷ
567 757 680 794 λόγῳμῇ
691 759 819 795 ὀνομάζει
834 759 932 795 Ἐλέγ-

141 816 214 843 κους
230 807 281 835 καὶ
296 808 404 841 ἄτοπα,
426 817 435 834 ι
453 808 547 834 Ἔστιν
558 808 613 843 ἄρα
629 807 736 842 θεότης,
749 808 844 842 φησιν,
859 807 926 843 ἄλλη

142 853 221 888 παρὰ
243 854 293 888 τὴν
314 854 408 881 οὐσίαν
437 852 485 881 τοῦ
513 853 583 880 Θεοῦ
606 853 767 889 ὑπάρχουσα
793 853 927 884 ωναῖδιος
942 843 965 871 Β

142 898 289 934 αὐτῇ.⁹Αεὶ
303 898 332 925 δὲ
349 898 380 925 τὸ
396 897 526 933 ἑνεργοῦν
538 898 593 924 τῶν
610 897 815 932 ὶνεργουμένων
831 896 930 932 ὑπερέ-

143 953 196 980 χει,
210 944 257 978 καὶ
271 943 326 970 τῶν
339 943 474 970 ἁνουσίων
489 944 505 978 ἡ
519 943 609 976 οὐσία,
623 946 672 971 καὶ
687 944 743 971 τῶν
761 943 930 979 ὀνομαζομέ-

142 999 196 1017 νων
207 990 237 1016 τδ
255 988 445 1024 ὑπερώνυμον.
462 998 472 1016 ι
490 989 546 1017 Καὶ
568 991 582 1017 ὁ
602 991 641 1022 είς
657 990 829 1026 πατριάρχην
852 989 930 1025 πρῶ-

102 1054 107 1066 ,
142 1043 187 1062 τον
203 1034 376 1070 χρηματίσας
397 1033 532 1069 Ἰσίδωρος
560 1033 589 1061 ἐν
602 1042 658 1061 τινι
677 1033 780 1070 ᾄσματι
794 1042 800 1049 ·
815 1044 823 1060 ι
838 1034 931 1069 Φαμὲν

144 1089 192 1108 σου
210 1080 324 1115 θεότητα
339 1079 446 1115 κυρίως
457 1079 506 1115 τὴν
518 1079 673 1115 ἐνέργειαν,
691 1079 766 1115 πόθῳ
780 1080 808 1106 δὲ
829 1080 931 1106 πολλὰ·

144 1133 189 1157 κις
202 1125 250 1152 καὶ
264 1124 314 1160 τὴν
326 1124 418 1159 φύσιν,
433 1133 442 1151 ι
459 1123 556 1151 Ταῦτα
570 1124 599 1151 δὲ
621 1124 710 1151 πάντα
728 1124 931 1159 συμπεραίνον-

144 1178 189 1201 τες
205 1171 233 1197 ὲν
245 1169 321 1204 τόμῳ
336 1169 414 1204 φασί.
429 1170 506 1197 Μετὰ
518 1169 598 1196 τοῦτο
615 1169 746 1205 ὲξητήθη,
758 1169 784 1195 εί
793 1177 825 1203 γε
840 1171 856 1204 ὴ
872 1169 932 1196 θεία

144 1215 273 1247 ἄκτιστος
288 1217 414 1250 ἐνέργεια
424 1215 519 1250 θεότης
535 1215 611 1250 παρὰ
625 1215 679 1241 τῶν
695 1215 781 1249 ἁγίων
797 1223 932 1250 προσαγο-

146 1261 267 1297 ρεύεται,
284 1262 330 1288 καὶ
343 1261 464 1296 ἀνεφάνη
481 1262 528 1288 καὶ
544 1260 625 1287 τοῦτο
639 1260 714 1296 παρὰ
728 1261 782 1288 τῶν
797 1261 932 1294 θεολόγων

146 1306 360 1341 κηρυττόμενον·
381 1306 428 1332 καὶ
448 1305 515 1340 πρὸς
531 1304 618 1340 τούτῳ
642 1304 721 1336 αὖθις
735 1306 764 1332 ἐν
787 1305 824 1340 τῷ
841 1306 929 1341 τόμῳ,

150 1360 161 1377 ι
186 1350 386 1386 Ἐζητήσαμεν,
400 1350 493 1384 φασὶν,
509 1350 702 1385 ἀποδειχθῆναι
716 1350 791 1385 παρὰ
804 1350 859 1377 τῶν
873 1349 932 1377 θεο-

147 1397 248 1431 λόγων,
262 1397 288 1423 εί
302 1396 465 1432 ὑπέρκειται
485 1396 588 1431 ταύτης
612 1396 674 1423 κατ’
698 1396 792 1423 οὐσίαν
814 1397 827 1423 ό
847 1396 934 1429 Θεός·

148 1444 196 1471 καὶ
209 1444 333 1479 ἀνεφάνη
354 1444 402 1470 καὶ
423 1443 504 1470 τοῦτο
521 1443 598 1479 παρὰ
628 1443 738 1471 πάντων
763 1445 936 1479 κηρυττόμε-

148 1498 204 1517 νον.
227 1500 236 1516 1

973 213 1178 246 facti-sumus,
1202 212 1250 246 qui
1283 211 1402 239 sciamus
1438 208 1619 237 substantiam
1646 205 1770 240 quidem.

972 265 1066 290 unam,
1080 265 1112 285 ae
1139 257 1303 292 simplicem,
1319 259 1401 291 atque
1427 252 1623 282 indivisibilem
1650 257 1700 285 per
1717 256 1766 282 se,

974 303 1034 331 illas
1053 311 1120 331 vero
1148 310 1204 330 non
1229 307 1336 331 tantum
1359 301 1463 337 plures,
1494 299 1543 328 sed
1567 302 1595 326 et
1613 301 1758 325 numerum

973 348 1146 377 excedentes.
1167 358 1177 375 ι
1194 347 1228 376 Et
1250 347 1278 375 in
1298 347 1434 379 oratione,
1449 345 1527 380 cujus
1543 342 1652 372 initium
1669 339 1758 368 :Con-

975 397 1084 424 tendunt
1099 395 1203 431 quidem
1224 402 1252 421 se
1272 393 1384 420 invicem
1399 398 1525 427 superare
1542 409 1551 422 ,
1570 398 1580 415 ι
1594 388 1646 421 Tu,
1659 385 1759 431 inquit,

975 442 1049 470 unde
1066 430 1117 470 nos
1144 439 1369 476 deprehendisti.
1395 442 1423 465 et
1447 437 1612 472 quibusnam
1637 430 1761 460 ostendis

976 496 1037 516 esse
1051 487 1192 519 ditheitas,
1202 486 1271 514 duos
1285 485 1351 512 deos
1368 481 1536 512 sentientes?
1549 479 1623 516 quod
1639 476 1760 512 ejusdem
1785 510 1786 514 η

976 533 1038 567 Dei,
1052 539 1080 561 et
1100 531 1249 561 visibilem.
1263 530 1329 566 quin
1345 529 1438 565 potius
1459 531 1487 555 et
1505 523 1704 560 intelligihilem
1721 520 1763 547 di-

978 579 1068 608 cimus
1087 578 1228 609 deitatem,
1245 574 1476 612 quemadmodum
1489 571 1590 600 docent
1601 568 1671 597 sacri
1685 567 1764 594 theo-

978 624 1043 661 logi.
1062 634 1071 651 ι
1086 625 1121 653 Ει
1137 624 1165 652 in
1180 624 1232 651 alia
1245 623 1381 654 oratione,
1397 621 1475 656 cujus
1490 617 1617 646 initium:
1629 615 1691 643 Tria
1704 620 1763 640 cum

978 672 1031 699 sint
1047 671 1075 698 in
1089 678 1193 698 summa
1206 689 1215 703 ,
1233 678 1243 695 ι
1261 668 1315 697 Sed
1340 664 1565 703 quandoquidem
1582 669 1644 693 nos,
1663 661 1764 694 inquit,

980 717 1128 746 secundam
1143 721 1285 752 paternam
1303 713 1513 749 expositionem,
1533 706 1764 750 etiamdeitican-

981 768 1047 796 tem,
1063 767 1091 791 et
1107 761 1290 798 purgativam,
1315 765 1343 788 et
1366 759 1533 794 aspectivam
1557 754 1707 791 potentiam
1738 757 1766 779 et

981 808 1177 844 operationem,
1190 807 1292 835 multas
1305 805 1373 833 alias
1387 808 1519 840 praeterea
1529 802 1699 830 celebramus
1715 798 1768 826 hac

978 853 1160 889 appellatione
1188 851 1300 880 doitatis
1314 860 1321 878 :
1338 855 1367 879 et
1381 857 1415 878 ex
1431 849 1475 877 his
1502 848 1606 876 utimur
1619 846 1702 874 etiam
1716 844 1768 870 hac

979 899 1164 935 appellatione
1192 898 1222 926 in
1252 896 1417 929 substantia,
1431 903 1447 923 a
1475 901 1529 930 qua
1544 892 1629 921 veluti
1642 891 1716 918 l'onte
1729 896 1768 916 ea:

979 945 1144 977 scaturiunt,
1158 943 1298 979 quomodo
1324 946 1353 969 tu
1372 941 1454 973 duas,
1471 945 1500 968 et
1522 946 1577 966 non
1590 938 1681 973 plures
1700 942 1770 962 con-

981 991 1069 1019 tendis
1095 998 1145 1018 nos
1175 997 1297 1017 asserere
1319 987 1456 1016 deitates?
1491 995 1501 1011 ι
1518 985 1553 1013 Ει
1574 984 1603 1011 in
1632 981 1768 1012 oratione,

981 1045 1061 1072 quam
1090 1037 1224 1069 nominat,
1254 1035 1435 1070 Refutationea
1465 1036 1491 1059 et
1520 1029 1634 1058 absurda
1658 1037 1694 1060 ,ι
1722 1026 1770 1054 Est

981 1090 1050 1117 ergo
1077 1082 1176 1115 deitas,
1199 1081 1302 1116 inquit,
1326 1080 1379 1107 alia
1402 1082 1500 1114 praeter
1514 1074 1693 1105 substantiam
1707 1072 1768 1104 Dei,

982 1129 1034 1164 ipsi
1063 1128 1197 1156 exsistens
1221 1130 1373 1155 cozeterna.
1399 1125 1514 1159 Semper
1535 1127 1626 1150 autem
1653 1125 1770 1155 operans

982 1173 1101 1208 operatis
1120 1171 1248 1208 superior
1278 1175 1333 1203 est,
1348 1174 1376 1198 et
1391 1167 1556 1199 substantia,
1571 1169 1625 1194 non
1642 1165 1771 1193 substan-

983 1219 1039 1250 tiis,
1057 1225 1084 1246 et
1099 1218 1172 1254 quod
1192 1225 1302 1246 omnem
1317 1215 1528 1252 appellationem
1543 1212 1651 1241 excedit
1663 1211 1697 1239 iis
1710 1217 1771 1245 qua:

983 1273 1083 1292 nomen
1103 1264 1214 1292 habent.
1235 1273 1245 1290 ι
1277 1263 1344 1291 Item
1376 1261 1498 1289 Isidorus
1524 1259 1583 1291 ille,
1606 1257 1653 1293 qui
1680 1256 1770 1292 prituo

984 1311 1089 1339 exstitit
1101 1309 1268 1345 patriarcha,
1288 1310 1314 1336 in
1330 1308 1449 1344 quodam
1463 1306 1577 1335 Cantico
1591 1324 1598 1338 ,
1613 1313 1622 1343 ι
1640 1303 1771 1334 Dicimus,

985 1355 1085 1391 inquit,
1102 1360 1176 1383 tuam
1194 1354 1385 1390 operationem
1421 1353 1530 1389 proprie
1549 1351 1689 1382 deitatem,
1706 1348 1775 1376 aﬂ‘e-

985 1407 1030 1428 ctu
1048 1406 1139 1428 autem
1162 1408 1234 1436 sape
1256 1404 1285 1427 et
1301 1403 1439 1426 naturam.
1460 1408 1469 1424 ι
1492 1399 1556 1426 Haec
1574 1401 1665 1425 autem
1680 1394 1772 1422 omnia

986 1447 1013 1474 in
1028 1451 1101 1474 tomo
1127 1445 1343 1478 concludentes,-
1359 1445 1445 1472 aiunt.
1460 1444 1558 1472 Postea
1570 1442 1715 1478 qttmsitum
1730 1444 1773 1467 est

986 1499 1020 1520 an
1041 1491 1133 1520 divina
1149 1491 1270 1520 increata
1287 1490 1410 1527 operatio
1433 1497 1449 1517 a
1464 1489 1568 1517 sanctis
1591 1490 1770 1521 nuncupatur

148 1535 249 1569 deitas,
264 1540 292 1564 et
305 1535 430 1564 constitit
459 1534 541 1563 etiam
558 1534 611 1563 hoc
629 1542 644 1563 a
668 1534 818 1570 theologis,
835 1536 1023 1570 praedicatum.
1039 1546 1049 1564 ι
1073 1537 1113 1564 Ad
1128 1537 1180 1565 hoc
1199 1545 1296 1564 rursus
1328 1537 1356 1564 in
1383 1540 1457 1564 tomo
1479 1534 1667 1570 quaesivimus,
1684 1532 1774 1562 aiunt,

149 1581 258 1608 ostendi
273 1589 288 1609 a
306 1581 441 1617 theologis
455 1589 489 1609 an
504 1581 632 1616 superior
645 1581 681 1608 sit
715 1581 780 1608 huic
803 1581 954 1610 secundum
985 1583 1166 1611 substantiam
1195 1583 1286 1611 Deus?
1310 1587 1339 1611 et
1367 1582 1456 1620 patuit
1482 1580 1565 1610 etiam
1591 1579 1626 1608 ab
1646 1578 1789 1607 omnibus.

150 1627 355 1663 prmdicatum.»

187 1673 286 1704 Ἕκτος
301 1672 412 1706 τρόπος,
428 1670 468 1699 ὅτι
485 1671 553 1708 φασὶ
575 1672 625 1706 τὴν
642 1672 692 1708 μὲν
704 1673 800 1700 οὐσίαν
820 1673 934 1709 ἀόρατον

1023 1675 1124 1704 Sextus
1140 1676 1238 1704 modus
1252 1685 1259 1704 :
1275 1676 1463 1704 Substantiam
1479 1675 1589 1711 quidem
1611 1675 1688 1702 aiunt
1701 1674 1772 1701 invi-

150 1719 198 1746 καὶ
218 1719 399 1753 ἁπερινόητον
424 1715 506 1751 εἶναι,
532 1717 583 1754 τὴν
604 1718 633 1745 δὲ
658 1719 801 1754 ἐνέργειαν
819 1720 934 1755 ὸρατήν.

150 1765 206 1792 Καί
232 1772 298 1800 φησι
326 1764 479 1791 διαϐάλλων
504 1764 552 1791 τὸν
578 1764 665 1800 μέγαν
691 1765 833 1792 Βασίλειον
853 1767 882 1792 ὲν
897 1765 937 1801 τῷ

150 1811 265 1846 διαλόγῳ
277 1810 325 1838 τοῦ
336 1811 544 1845 Βαρλααμιτου
554 1810 603 1838 καὶ
619 1811 808 1846 Ὀρθοδόξου·
824 1821 834 1838 ι
854 1811 937 1847 Ὀρᾷς

150 1859 192 1885 δτι
214 1859 261 1885 καὶ
277 1855 356 1888 οὗτος
370 1857 400 1884 οὺ
420 1857 500 1892 μόνον
516 1857 633 1893 ἀόρατον
657 1856 712 1885 οἶδε
737 1859 784 1886 τοῦ
801 1859 869 1886 Θεοῦ
886 1859 936 1895 τὴν

151 1904 279 1938 θεότητα.
295 1903 362 1931 ἀλλὰ
377 1903 424 1931 καὶ
442 1903 561 1938 όρατήν·
586 1904 735 1940 ἐπειδήπερ
760 1904 808 1932 καὶ
831 1905 862 1931 τὸ
876 1905 938 1931 κατ’

152 1948 238 1984 αὐτὴν
255 1949 324 1984 φῶς.
342 1959 352 1976 ι
376 1949 431 1977 Καὶ
447 1950 477 1975 ὲν
491 1948 531 1984 τῷ
544 1948 617 1984 λόγῳ
633 1946 662 1976 οὗ
676 1950 693 1984 ἡ
710 1950 792 1985 ἁρχὴ,
815 1950 940 1985 Ὑποψι-

153 1997 289 2030 θυρΙσας,
304 2005 313 2021 ι
329 1995 384 2022 Καὶ
405 1995 459 2030 γὰρ
477 1994 667 2031 ἀνθρωπίνοις,
677 1996 771 2030 φησὶν.
788 1995 940 2031 ὀφθαλμοῖς

152 2038 244 2074 ὢςιθη,
267 2039 314 2065 καὶ
338 2039 443 2074 διανοίᾳ
467 2038 623 2074 ὲνήστραψε
636 2046 644 2054 ·
659 2038 700 2066 διὸ
721 2039 770 2067 καὶ
790 2040 877 2076 ὀοατὴ
894 2041 941 2067 καὶ

152 2085 239 2120 νοητὴ
249 2084 380 2119 κέκληται
392 2084 514 2119 θεότης.»

197 2169 226 2198 '0
241 2172 356 2207 ἕϐδομος
372 2172 485 2208 τρόπος,
509 2172 540 2199 τὸ
554 2172 604 2207 τὴν
619 2172 671 2208 μὲν
690 2172 787 2207 οὐσίαν
812 2175 942 2210 ἀγὶνητον

154 2216 227 2246 εἶναι
252 2218 406 2250 παντελῶς,
423 2218 472 2253 τὴν
488 2218 512 2245 δ’
535 2218 679 2254 ἐνέργειαν
696 2222 873 2257 κινουμένην,
897 2223 944 2248 καὶ

155 2265 273 2300 κίνησιν.
291 2263 345 2291 Καί
361 2272 448 2299 φησιν
464 2265 478 2290 ὸ
493 2263 629 2299 Παλαμᾶς
644 2265 673 2292 ἐν
686 2264 768 2301 λόγῳ,
785 2263 806 2300 ᾧ
824 2267 943 2303 ἐπιγρά-

156 2319 212 2345 φει,
237 2310 400 2345 Ἐλέγχους
417 2309 468 2337 καὶ
490 2309 597 2337 ἄτοπα·
619 2319 628 2337 ι
643 2311 699 2338 Καὶ
724 2312 762 2344 ὡς
774 2313 825 2347 τῆς
848 2315 944 2345 οὐσῐας

986 1722 1094 1750 sibilcm
1119 1728 1147 1750 et
1168 1722 1488 1758 iucomprehensibilem,
1505 1721 1692 1757 operationem
1708 1727 1775 1747 vero

986 1768 1141 1802 visibilem;
1166 1773 1194 1797 et
1221 1769 1260 1797 ait
1285 1768 1408 1796 Palamas
1429 1767 1623 1796 calumniando
1647 1774 1775 1802 magnum

988 1813 1119 1841 Basilium
1145 1813 1173 1841 in
1190 1813 1298 1848 dialogo
1322 1813 1481 1841 Barlamitaa
1503 1817 1582 1847 atque
1608 1811 1774 1839 Onitadozi:

991 1867 1001 1885 ι
1020 1859 1140 1887 Videsne
1161 1859 1234 1894 quod
1259 1858 1284 1886 is
1303 1865 1413 1893 quoque
1438 1865 1492 1885 non
1516 1862 1622 1885 tantum
1642 1856 1776 1884 Deitatem

988 1905 1065 1932 novit
1090 1904 1265 1938 invisibilcm,
1282 1904 1330 1932 sed
1353 1905 1435 1932 etiam
1463 1903 1621 1931 visibilem?
1646 1902 1776 1936 Quando-

990 1951 1102 1986 quidem
1118 1950 1226 1978 visibile
1242 1955 1285 1978 est
1305 1950 1366 1985 ejus
1387 1950 1492 1978 lumen.
1506 1958 1515 1976 ι
1532 1949 1566 1977 Ει
1588 1949 1616 1976 in
1641 1948 1777 1980 oratione,

990 1997 1070 2032 cujus
1092 1996 1211 2028 initium,
1235 1995 1301 2023 Cum
1322 1996 1539 2023 insusurrauet:
1560 2004 1570 2021 ι
1588 1995 1695 2022 Etenim
1725 1995 1778 2021 htt-

991 2042 1079 2070 Inanis
1105 2042 1194 2070 oculis
1218 2042 1277 2070 visa
1305 2046 1358 2074 est,
1388 2047 1470 2076 atque
1495 2041 1604 2069 interno
1631 2040 1778 2075 splendore

992 2093 1111 2116 mentem
1125 2087 1282 2123 fulguravit.
1299 2088 1432 2121 Quocirca
1453 2091 1482 2115 et
1496 2087 1613 2115 visibilis
1635 2092 1663 2114 et
1677 2086 1778 2114 intelli-

991 2133 1082 2169 gibilis
1095 2133 1231 2168 appellata
1245 2138 1287 2160 est
1298 2132 1401 2161 Deitas.

1029 2180 1167 2214 Septimus
1180 2179 1298 2207 modus:
1315 2179 1496 2207 substantiam
1515 2179 1627 2214 quidem
1641 2186 1701 2207 esse
1718 2185 1778 2206 om-

993 2224 1059 2250 nino
1081 2223 1261 2255 immobilem,
1274 2223 1462 2258 operationem
1485 2231 1550 2251 vero
1561 2231 1623 2251 esse
1637 2223 1778 2257 mobilem,

993 2273 1020 2295 et
1039 2272 1154 2295 motum.
1171 2268 1206 2297 Et
1220 2268 1345 2296 Palamas
1369 2268 1397 2296 in
1413 2268 1531 2305 dialogo,
1554 2278 1637 2305 quem
1647 2271 1780 2298 inscribit

994 2314 1174 2351 Refutationes
1199 2319 1223 2341 et
1238 2315 1374 2347 ‘abrunla,
1396 2316 1503 2348 asserit,
1514 2317 1587 2351 quod
1607 2327 1615 2343 ι
1631 2317 1700 2345 Cum
1712 2318 1779 2345 sub-

155 2356 204 2384 τοῦ
230 2355 299 2384 Θεοῦ
315 2357 445 2392 ἀκινήτου
463 2357 598 2392 μενούσης
619 2358 636 2393 ἠ
661 2358 756 2394 θεότης
772 2359 843 2396 αὕτη
857 2361 934 2387 κινεῖ·

996 2361 1095 2389 stantia
1111 2361 1157 2388 Dei
1183 2361 1293 2388 inuncta
1319 2366 1440 2396 maneat,
1457 2361 1547 2390 deitas
1568 2363 1626 2390 haec
1642 2368 1779 2393 movetur.

157 2401 220 2427 σθαι
235 2402 281 2428 καὶ
291 2400 480 2436 μεταδίδοσθαι
494 2401 613 2436 πέφυκε.
628 2411 637 2428 ι
650 2403 734 2439 Κοινῇ
743 2403 772 2430 δὲ
779 2404 945 2439 ἀποφαίνον-

156 2455 203 2473 ται
226 2448 255 2474 ἐν
282 2448 322 2482 τῷ
336 2447 412 2483 τόμῳ
434 2447 484 2482 τὴν
498 2447 616 2484 οὑσιώδη
632 2451 679 2476 καὶ
696 2451 814 2486 φυσικὴν
829 2451 942 2487 ταύτην,

156 2493 204 2520 τοῦ
219 2493 287 2520 Θεοῦ
302 2493 410 2528 κίνησιν
434 2491 519 2521 οὖσαν
534 2494 635 2527 ειδότες
646 2515 654 2528 ,
667 2495 705 2528 ὡς
719 2497 752 2524 ὲκ
766 2497 859 2533 πηγῆς
880 2499 942 2525 dav-

157 2540 225 2566 νάου
237 2540 288 2575 τῆς
304 2539 380 2572 θείας
405 2540 500 2572 οὐσίας
528 2541 712 2577 προέρχεσθαι
734 2551 765 2570 τε
791 2543 838 2570 καὶ
852 2544 944 2580 πηγά-

159 2586 229 2618 ζειν.

201 2632 230 2659 '0
243 2632 334 2666 ὄγδοος
349 2632 461 2668 τρόπος,
473 2633 505 2660 τὸ
515 2633 564 2670 τὴν
580 2633 630 2669 μὲν
642 2634 742 2661 οὐσίανι
751 2635 945 2671 ἀκατάληπτον

158 2674 240 2709 εἶναι,
256 2677 306 2713 τὴν
319 2677 347 2705 δι
366 2678 509 2714 ἐνέργειαν
531 2678 670 2714 γνώριμον
691 2679 944 2715 καϊκαταληπτήν.

158 2723 214 2751 Καί
230 2729 313 2758 φησιν
328 2724 357 2751 ὲν
372 2724 411 2760 τῷ
427 2725 538 2760 ῥηθέντι
548 2724 630 2760 λόγῳ,
647 2721 706 2760 oili]
722 2725 804 2761 ἀρχὴ,
823 2726 948 2760 Ὑποψι-

158 2770 286 2803 θυρίσας
297 2771 428 2805 tab-mm
440 2772 584 2807 Διενήνοχι
598 2771 649 2806 τῆς
663 2771 740 2803 θείας
753 2772 845 2804 οὐσίας
857 2773 873 2808 ἡ
886 2772 946 2800 θεία

159 2816 285 2856 ἐνέργεια
301 2817 373 2844 κατὰ
388 2817 502 2850 πολλοὺς
516 2818 646 2853 τρόπους,
658 2817 786 2855 καθάπερ
797 2819 827 2846 ὲν
839 2809 946 2852 πολλοῖς

996 2410 1025 2433 et
1038 2405 1234 2434 communicari
1258 2411 1327 2441 apta,
1343 2411 1394 2434 est.
1417 2416 1427 2433 ι
1452 2400 1641 2435 Comtuunitcr
1665 2415 1730 2436 vero
1754 2410 1780 2435 iu

997 2456 1072 2479 tomo
1087 2451 1231 2485 aﬂirmant,
1239 2452 1447 2481 subslantialcm
1456 2462 1486 2482 ac
1493 2454 1643 2482 naturalem
1653 2455 1725 2483 hunc
1733 2455 1780 2482 Dei

997 2503 1101 2526 motum
1123 2499 1265 2531 exsistere,
1283 2500 1402 2528 scientes
1417 2500 1489 2535 quod
1506 2506 1635 2536 tanquam
1658 2509 1691 2529 ex
1706 2501 1781 2528 fonte

997 2543 1123 2577 perenni,
1149 2550 1165 2571 e
1181 2543 1273 2571 divina
1299 2544 1406 2572 scilicet
1421 2545 1572 2573 substantia
1598 2545 1781 2580 proﬁciscitur

994 2593 1022 2615 et
1034 2593 1136 2618 manat.
1148 2597 1154 2607 ⁴

1031 2635 1150 2663 Octavus
1175 2636 1283 2668 modus,
1303 2636 1377 2671 quod
1395 2637 1546 2665 substantia
1568 2638 1604 2665 sit
1626 2638 1781 2673 incompre-

997 2680 1151 2714 hensibilis,
1162 2681 1286 2716 operatio
1297 2690 1360 2709 tero
1375 2686 1450 2715 nota,
1465 2686 1494 2709 et
1505 2682 1762 2718 comprehensibilis
1775 2693 1780 2709 :

996 2733 1024 2756 et
1048 2729 1075 2756 in
1100 2728 1229 2763 praedicta
1251 2728 1386 2759 oratione.
1402 2728 1480 2763 cujus
1497 2728 1604 2756 initium
1623 2737 1630 2755 :
1651 2728 1715 2757 Cum
1731 2730 1783 2764 ἰαὶ.

997 2779 1042 2801 tur
1060 2775 1251 2801 insusurrans!
1277 2783 1314 2801 τι
1339 2773 1436 2802 Diﬂert
1461 2781 1476 2802 a
1506 2774 1599 2802 divina
1625 2775 1782 2802 substantia

997 2819 1090 2848 divina
1116 2820 1240 2855 operatio
1257 2819 1351 2848 militis
1378 2819 1531 2853 modis;ut
1561 2819 1656 2848 multis
1680 2825 1705 2847 et
1734 2828 1783 2855 per
