1942 3091
165 126 215 161 851

792 126 982 161 DEMETRII
1001 131 1158 162 CYDONII

1737 131 1794 164 852

164 183 518 219 plura-demonstravimus;
536 191 570 213 es
593 184 637 214 his
658 189 751 214 autem
777 186 868 214 modis
882 194 955 215 unus

1015 188 1055 215 ιαὶ
1071 188 1117 215 διὰ
1133 187 1264 215 πλειόνων
1280 187 1473 223 ἀπεδείξαμεν.
1488 187 1599 216 Τούτων
1614 188 1644 215 δὲ
1657 187 1715 216 τῶν
1729 189 1792 224 τρό-

162 231 217 261 est,
230 227 304 263 quod
317 227 411 256 divina
425 228 578 257 substantia
593 229 628 258 sit
646 230 760 258 omnino
774 231 951 267 imperoepti-

163 273 237 308 bilis,
250 279 321 302 notae
333 282 400 303 vero
411 275 468 303 sint
482 275 581 304 divinae
593 277 782 313 operationes.
798 286 809 304 ι

198 363 294 392 Nonus
319 364 423 403 modus]
433 370 461 393 et
475 365 609 400 decimus,
623 365 704 402 'quod
726 365 883 394 substantia»
903 374 952 402 pe-

163 409 239 438 nittts
257 410 292 438 sit
310 410 557 447 imparticipabilis.
569 416 597 439 et
611 411 795 448 impartibilis,
811 417 839 441 et
852 412 952 448 imper—

163 456 312 492 ceptibilis,
342 461 367 484 et
397 457 627 493 inintelligibilis.
658 457 783 493 operatio
817 465 883 485 vero
916 457 954 486 sit

164 501 373 537 participabilis,
390 506 418 530 et
433 502 582 537 partibilis,
595 505 624 530 et
637 501 834 538 perceptibilis,
857 507 886 530 et
907 502 952 530 in-

164 547 325 583 tt-lligibilis.
356 547 386 575 in
416 548 514 576 eadem
543 548 670 576 oratione
695 547 758 576 haec
773 551 838 576 sunt
868 548 953 576 verba

163 593 297 628 Palamae;
314 603 323 619 t
339 592 416 627 Quod
436 598 529 621 autem
556 593 594 621 ita
609 593 740 629 partitur,
766 592 892 629 operatio
911 597 954 622 est

163 637 268 672 divina,
285 645 347 666 cum
365 638 519 666 substantia
545 638 581 667 sit
601 645 716 675 prorsus
735 638 922 674 impartibilis.
939 647 949 664 ι

164 684 198 711 Et
224 683 252 710 in
278 684 407 719 Apologia
433 683 576 720 prolixiori
609 684 649 712 sic
684 684 769 712 habet
802 683 952 713 Palamas:

167 739 176 756 t
198 729 356 758 Secundum
373 731 552 758 substantiam
569 731 681 766 quidem
704 730 777 759 Deus
794 734 837 759 est
853 730 955 766 impar-

165 781 330 817 ticipabilis:
354 782 508 810 secundum
535 789 602 810 vero
642 782 815 810 deiﬁcautcm
838 782 954 817 gratiam

164 831 193 853 et
215 826 416 861 operationem.
436 834 496 862 qum
515 831 543 855 et
558 826 645 862 gloria
663 826 710 855 Dei
735 826 906 858 nominatur,
926 830 955 854 et

1006 241 1066 260 πων
1081 230 1122 264 εἷς
1137 233 1207 266 ἐστι,
1222 232 1271 259 καὶ
1286 233 1318 260 τὸ
1330 233 1380 268 τὴν
1397 233 1447 268 μὲν
1466 232 1543 261 θείαν
1557 232 1654 260 οὐσίαν
1668 234 1792 269 ἄληπτον

1005 277 1077 305 εἶναι
1106 278 1267 313 παντελῶς,
1294 278 1451 314 γνωρίμους
1479 279 1508 306 δὲ
1535 279 1587 312 τὰς
1615 279 1691 311 θείας
1714 281 1792 316 ἐνερο

1007 325 1094 359 γείας.
1107 334 1117 351 ι

1046 371 1075 397 Ὁ
1095 369 1117 397 θ’
1130 371 1177 398 καὶ
1192 370 1208 398 ι’
1222 371 1321 407 τρόπος
1337 372 1406 404 ἐστὶ,
1419 371 1450 399 τδ
1465 371 1515 408 τὴν
1530 371 1580 407 μὲν
1597 371 1692 399 οὐσίαν
1705 371 1793 407 ἀμέθ-

1005 424 1084 443 εκτον
1098 416 1145 443 καὶ
1164 416 1324 452 ἀμέριστον,
1343 417 1389 444 καὶ
1405 417 1526 453 ἄληπτον
1544 418 1591 445 καὶ
1611 418 1794 453 ἀπερινόητον

1005 459 1076 489 εἶναι
1099 462 1249 496 παντελῶς,
1265 463 1316 498 τὴν
1332 462 1355 489 δ’
1368 462 1511 498 ἐνέργειαν
1529 463 1664 499 μεθεκτὴν
1679 463 1728 490 καὶ
1745 471 1796 498 μου

1007 507 1103 543 ριστὴν
1118 508 1167 536 καὶ
1180 509 1286 544 ληπτὴν
1305 509 1352 536 καὶ
1368 510 1479 545 νοητήν.
1495 509 1551 538 Καί
1566 518 1649 545 φησιν
1662 511 1678 537 ὁ
1701 510 1796 537 Παλα-

1008 554 1061 588 μᾶς
1079 554 1108 580 ιν
1122 553 1163 589 τῷ
1185 553 1260 589 αὐτῷ
1283 554 1367 590 λόγον
1387 564 1398 582 ‹
1412 555 1449 582 Τὸ
1470 555 1494 582 δ’
1513 554 1598 588 οὕτως
1613 555 1796 591 μεριζόμενον

1006 599 1132 635 ἐνέργειά
1153 600 1213 627 ἔστι
1237 599 1316 633 θεία,
1341 600 1392 635 τῆς
1413 600 1508 633 οὐσίας
1531 601 1616 635 οῠσης
1644 594 1795 637 ἀμερίστου

1006 646 1178 675 παντάπασι.
1194 656 1204 673 ι
1231 647 1287 674 Καὶ
1310 647 1339 674 ἒν
1363 649 1399 683 τῇ
1422 648 1632 685 διεξοδικωτέρᾳ
1648 649 1799 685 ἀπολογίᾳ·

1011 699 1021 717 ι
1036 690 1106 718 Κατ’
1119 690 1215 717 οὐσίαν
1231 690 1282 725 μὲν
1296 691 1311 718 ὀ
1330 691 1397 723 Θεδς
1411 691 1564 726 ἀμέθεκτός
1586 693 1657 719 ἐστι’
1680 693 1752 720 κατὰ
1766 693 1798 720 GI

1005 737 1057 772 τὴν
1083 737 1205 764 θεοποιὺν
1228 737 1320 773 χάριν,
1333 738 1382 765 καὶ
1405 738 1563 773 ἐνέργειαν,
1580 739 1642 774 ἥτις
1669 739 1717 766 καὶ
1731 739 1799 771 δόξα

1007 781 1076 809 Θεοῦ
1101 782 1247 815 καλεῖται,
1271 783 1320 809 καὶ
1345 783 1511 819 μετέχεται,
1541 785 1590 811 καὶ
1614 784 1712 819 ὁρᾶται
1738 785 1799 816 τοῖς

1007 827 1105 861 ἀξίοις.
1123 837 1133 854 ι
1150 829 1207 855 Καὶ
1224 829 1307 856 πάλιν
1324 829 1354 856 ὲν
1366 830 1400 864 τῇ
1423 830 1492 865 αὐτῇ
1506 838 1514 846 ν
1534 839 1544 856 t
1559 830 1593 857 Τί
1614 827 1661 857 οὖν
1682 829 1732 866 τὴν
1747 830 1799 858 τοῦ

166 872 355 908 participatur.
369 876 397 900 et
422 880 438 900 a
464 872 554 908 dignis
578 872 700 900 videtur.
720 881 730 898 ι
757 871 792 899 Ει
820 879 916 900 rursus
929 872 958 900 in

1015 875 1076 902 θεοῦ
1097 874 1179 910 φύσιν
1192 875 1239 902 καὶ.
1252 875 1347 903 οὐσίαν
1359 876 1626 912 κληρονομήσουσινς
1644 875 1799 911 Οὗμενουν,

166 918 260 946 eadem
280 927 288 945 :
305 927 320 944 ι.
329 917 400 951 Quid
411 917 503 954 igitur,
518 921 644 946 naturam
672 917 724 946 Dei
734 922 763 945 et
776 917 958 945 substantiam

167 964 393 992 haereditabunt‘l
409 963 600 1000 Nequaquam,
626 964 675 992 sed
699 962 876 992 deiﬁcantem.
898 970 961 999 gra-

167 1012 245 1044 tiam,
259 1015 288 1039 et
304 1019 429 1046 regnum,
456 1010 530 1046 quod
555 1018 670 1046 regnum
696 1010 823 1045 quamvis
846 1017 901 1038 non
924 1009 962 1038 sit

168 1062 264 1085 natura
292 1057 350 1088 Dei.
376 1057 422 1084 illa
448 1056 550 1092 quippe
574 1055 810 1091 imparticipabilis
835 1059 888 1088 est,
911 1054 961 1083 sed

168 1103 302 1131 naturalis
321 1108 364 1131 est
377 1103 501 1139 operatio
520 1102 578 1135 Dei.
597 1109 659 1138 quae
684 1102 850 1130 naturaliter
869 1101 962 1137 sequi-

168 1155 214 1176 tur
236 1149 334 1182 Deum,
359 1153 388 1177 et.
416 1148 641 1184 inseparabiliter
660 1148 733 1176 circa
761 1154 824 1175 eum
852 1154 961 1182 semper

167 1195 381 1228 consideratur;
396 1194 505 1223 idcirco.
529 1198 557 1222 et
581 1194 663 1229 hujus
679 1194 768 1222 lieres
791 1193 838 1221 Dei
860 1193 961 1221 dicitur

170 1241 270 1271 hilares.
288 1249 298 1267 ι
314 1240 348 1269 Et
365 1241 392 1267 in
408 1243 507 1275 quarta
522 1241 647 1268 oratione
676 1238 711 1266 ad
725 1238 909 1275 Aciudynutu.
922 1238 961 1266 sic

169 1285 252 1314 habet
270 1294 277 1314 :
297 1294 307 1311 t
323 1285 402 1319 Quod
422 1285 575 1312 adversarii
606 1285 671 1312 dum
700 1291 751 1312 nos
778 1288 901 1315 monent.
931 1286 961 1310 ut

169 1332 306 1367 fugiamus
315 1338 373 1362 eos.
385 1331 431 1366 qui
446 1330 542 1358 dicunt.
552 1330 660 1358 Numen
672 1329 795 1358 divinum
807 1329 960 1358 secundum

170 1378 350 1406 substantiam
368 1377 596 1413 intperceptibile,
611 1382 740 1412 tanquam
755 1376 828 1412 quod
842 1384 959 1412 supere-

169 1426 284 1458 mineat,
309 1424 500 1460 perceptibilia
525 1432 592 1452 vero
613 1423 803 1452 substantialia
830 1424 902 1460 ejus,
933 1428 962 1451 et

169 1472 360 1506 corporalibus
373 1471 461 1500 oculis
477 1471 605 1505 visibilis,
632 1478 694 1499 cum
714 1471 770 1498 sint
782 1470 845 1504 alia,
861 1474 889 1498 et
901 1471 964 1506 ejus

170 1517 315 1549 submissa.
332 1522 443 1545 mouent
459 1517 604 1553 fugiendos
630 1524 691 1544 esse
711 1521 832 1545 sanctos.
849 1526 858 1542 ι
881 1516 916 1544 Et
932 1517 960 1544 in

170 1563 284 1598 dialogo
293 1546 373 1598 quem
398 1546 524 1591 inscribit
552 1562 720 1598 Timophanes
744 1567 769 1590 et
784 1562 932 1589 Theotimus
950 1571 957 1589 :
975 1546 995 1575 ϐ

173 1618 183 1634 ι
200 1608 324 1644 Quonam
343 1608 423 1636 modo
449 1616 504 1635 una
525 1608 637 1643 quidem
662 1608 853 1644 intelligibilis,
873 1609 959 1636 altera

170 1662 238 1681 vero
264 1653 477 1689 inittlelligibilis
499 1654 599 1681 litteris
619 1654 748 1689 proditur
771 1654 893 1690 ejusdem
911 1654 959 1682 Dei

1009 920 1078 948 ἀλλά
1091 920 1141 956 τὴν
1159 920 1283 948 θεοποιὸν
1306 921 1389 956 χάριν
1403 930 1433 948 τε
1448 922 1497 948 καὶ
1522 921 1672 957 βασιλείαν,
1686 923 1749 958 ἥτις
1774 924 1801 950 εί

1010 966 1058 993 καὶ
1083 967 1121 1002 μὴ
1141 966 1223 1000 φύσις
1248 967 1307 994 ἐστὶ
1320 967 1369 994 τοῦ
1392 967 1460 994 Θεοῦ
1475 987 1484 1001 ,
1498 969 1546 995 καὶ
1573 968 1629 1004 γάρ
1646 968 1801 1003 ἀμέθεκτος

1009 1013 1112 1049 εκείνη,
1133 1013 1202 1041 ἀλλὰ
1219 1014 1322 1049 φυσική
1343 1013 1418 1041 ἔστιν
1431 1014 1556 1049 ἐνέργεια
1573 1013 1656 1048 Θεοῦ,
1673 1014 1803 1049 φυσικῶς

1011 1059 1132 1094 ἑπομένη
1148 1058 1188 1094 τῷ
1211 1059 1282 1094 Θεῷ,
1308 1059 1357 1086 καὶ
1384 1059 1548 1095 ἀχωρίστως
1574 1060 1640 1095 περὶ
1654 1060 1737 1087 αὑτὸν
1756 1058 1803 1087 ἀεὶ

1011 1103 1197 1138 θεωρουμένη.
1213 1103 1258 1130 Διὸ
1278 1103 1325 1130 καὶ
1342 1104 1356 1130 ὀ
1370 1103 1472 1139 ταύτης
1488 1103 1659 1140 κληρονόμος
1673 1104 1803 1141 κληρονό-

1013 1156 1062 1182 μος
1088 1147 1199 1182 λέγεται
1226 1147 1305 1176 Θεοῦ.
1323 1158 1333 1174 I
1363 1149 1419 1176 Kal
1442 1149 1472 1176 tv
1495 1149 1535 1185 τῷ
1560 1149 1704 1185 δωδεκάτῳ
1730 1150 1803 1186 πρὸς

1017 1192 1174 1220 ’Δκίνδυνον
1202 1193 1286 1228 λόγῳ·
1315 1201 1325 1220 t
1342 1193 1403 1221 Ὅτι
1428 1194 1542 1228 φεύγειν
1563 1194 1760 1230 παραινοῦντες
1776 1194 1802 1221 οί

1012 1238 1128 1265 ἐναντίοι
1140 1239 1208 1275 ἡμῖν
1221 1239 1284 1271 τοὺς
1296 1238 1427 1273 λέγοντας
1436 1239 1558 1274 ἄληπτον
1570 1239 1619 1275 μὲν
1631 1240 1692 1266 κατ’
1704 1239 1805 1266 οὐσίαν

1011 1283 1041 1310 τὸ
1053 1284 1143 1316 Θεῖον.
1174 1283 1222 1311 ἆτε
1236 1284 1284 1311 καὶ
1298 1284 1510 1319 ὑπερκείμενον,
1527 1284 1619 1320 ληπτά
1644 1284 1673 1311 δὲ
1698 1285 1733 1311 τὰ
1752 1284 1804 1310 οὑ-

1013 1330 1096 1365 σιώδη
1124 1329 1229 1363 αὐτοῦ,
1255 1330 1303 1356 καὶ
1328 1331 1496 1364 σωματικοῖς
1521 1329 1671 1365 ὀφθαλμοῖς
1695 1330 1803 1365 ὁρατὰ,

1011 1377 1094 1412 ἔτερα
1107 1376 1174 1403 ὄντα
1188 1377 1236 1404 καὶ
1250 1377 1385 1412 ὑφειμένα
1401 1376 1496 1409 αὐτοῦ,
1511 1376 1623 1411 φεύγειν
1637 1376 1804 1412 παραινοῦει

1012 1423 1075 1454 τοὺς
1095 1422 1204 1456 ἁγίους.
1222 1432 1231 1449 ›
1254 1423 1310 1450 Kal
1331 1423 1360 1449 tv
1374 1422 1414 1456 τῷ
1443 1422 1569 1457 διαλόγῳ,
1585 1422 1615 1449 δν
1646 1422 1804 1456 Θεοφάνης

1012 1468 1062 1496 καὶ
1079 1468 1220 1503 Θεότιμος
1240 1468 1399 1504 ἐπιγράφει·
1419 1476 1428 1494 t
1444 1468 1506 1499 Πῶς
1521 1467 1550 1494 δὲ
1563 1468 1587 1502 li]
1608 1467 1658 1502 μὲν
1672 1466 1766 1502 νοητὴ,
1785 1468 1804 1500 ἡ

1012 1514 1041 1541 δὲ
1053 1515 1231 1550 ἀπερινόητος
1241 1514 1449 1550 ἀναγέγραπται
1460 1514 1507 1541 τοῦ
1519 1514 1602 1541 αὑτοῦ
1613 1514 1680 1541 Θεοῦ
1694 1514 1774 1550 θεότη
1780 1523 1804 1548 ς,

1012 1561 1097 1597 ὁρατή
1125 1569 1153 1587 τε
1171 1562 1227 1592 τοῖς
1253 1560 1339 1593 ἀξίοις
1358 1562 1387 1588 ιν
1410 1560 1524 1596 δυνάμει
1553 1560 1728 1596 Πνεῦματος,
1754 1561 1805 1587 καὶ

1013 1608 1082 1635 πᾶσι
1097 1607 1270 1634 παντάπασιν
1290 1607 1416 1643 ἀόρατος,
1441 1607 1559 1642 μεθεκτή
1577 1616 1606 1634 τε
1629 1607 1676 1634 καὶ
1698 1606 1804 1641 ὰμέθε-

1013 1662 1075 1686 κτος
1091 1654 1162 1681 κατά
1173 1655 1219 1681 τὶν
1236 1654 1364 1689 γνώμονα
1379 1655 1428 1688 τῆς
1444 1654 1585 1686 εὐσεϐείας
1597 1655 1713 1689 λέγομεν
1727 1663 1735 1686 ;
1754 1664 1765 1681 ι

171 1701 277 1735 duitas,
309 1701 483 1736 visibilisque
515 1702 606 1736 dignis
636 1701 664 1729 in
703 1702 805 1729 virtute
838 1701 958 1737 Spiritus
978 1702 1127 1735 sancti,et
1157 1709 1271 1737 prorsus
1301 1701 1431 1730 omnibus
1449 1701 1804 1736 iuvisibilis,participabi-

171 1749 270 1785 lisque,
282 1754 310 1777 et
323 1749 559 1785 imparticipabilis
581 1749 732 1778 Secundum
747 1757 870 1778 normam
887 1750 996 1785 pietatis
1008 1750 1126 1778 dicimus
1146 1750 1156 1777 ί
1172 1760 1181 1776 ι

210 1809 272 1837 llaec
287 1813 380 1836 autem
398 1808 489 1836 omnia
503 1808 667 1843 colligentes
691 1808 718 1836 in
742 1813 818 1836 tomo
838 1815 965 1837 commu-

174 1857 247 1885 niter
267 1859 426 1883 sanxerunt.
449 1853 582 1881 diﬂerunt
602 1859 705 1887 autem,
731 1855 870 1890 inquiunt,
893 1855 965 1882 inter

172 1911 203 1931 se
231 1902 387 1937 huiusmodi
411 1902 538 1934 deitates,
568 1908 602 1928 eo
623 1901 740 1934 scilicet,
767 1902 840 1936 quod
869 1901 960 1929 divina

175 1949 299 1983 operatio
312 1947 502 1982 participatur.
523 1950 551 1973 et
572 1946 691 1980 partitur:
705 1946 919 1981 impartibilitcr,
933 1952 961 1975 et

174 1993 343 2024 nominatur,
367 1997 395 2020 et
408 1991 621 2027 quodammodo,
643 1992 769 2027 quamvis
792 1992 963 2021 subobscure

175 2048 209 2068 es
237 2040 296 2067 suis
318 2038 423 2066 ell‘ectis
449 2038 621 2073 intelligitur.
647 2037 806 2065 Substantia
833 2046 900 2067 vero
920 2044 964 2068 est

176 2084 420 2120 iit-participabilis,
428 2088 456 2112 et
471 2083 654 2119 impartibilis,
663 2089 691 2112 et
703 2084 882 2117 t'unominata.
900 2089 963 2113 tan-

176 2137 259 2166 quam
282 2137 392 2158 omnem
417 2130 636 2157 nominationem
660 2129 798 2158 excedens
823 2130 961 2164 videlicet,

176 2181 259 2212 atque
275 2177 388 2204 omnino
401 2175 621 2211 inintelligibilis.

212 2232 338 2260 Decimus
349 2232 462 2268 quintus
473 2231 581 2265 modus,
595 2231 668 2268 qttod
681 2231 834 2261 substantia
850 2234 961 2268 quidem

176 2281 279 2308 nullam
299 2280 397 2307 haheat
407 2279 435 2307 in
450 2286 481 2307 se
494 2278 696 2313 dilferentiam,
706 2281 882 2314 operationes
896 2287 962 2308 vero

176 2334 238 2355 cum
265 2325 337 2352 inter
352 2329 463 2357 se,th
488 2333 504 2353 ι
531 2325 684 2353 substantia
711 2325 869 2354 diﬂerentes
895 2326 962 2354 sint.

175 2374 263 2407 Atque
277 2371 400 2402 Palamas
427 2372 456 2399 in
481 2376 695 2399 commemorata
722 2372 857 2404 oratione,
884 2373 963 2408 cujus

177 2418 285 2449 ittitiutn
303 2425 311 2445 ι
327 2417 399 2445 Cum.
409 2417 490 2453 igitur
513 2418 717 2451 insusurrauet,
736 2417 784 2451 ait,
804 2426 813 2444 t
833 2417 963 2446 Volentes

176 2464 307 2498 pietatem
319 2463 420 2496 colere,
436 2467 462 2490 et
475 2463 568 2491 sobrie
580 2470 686 2498 sapere.
707 2463 843 2491 fateantur
852 2463 963 2492 diﬂ‘erre

177 2510 289 2545 quidem
306 2509 443 2545 ejusmodi
458 2515 558 2537 cuncta
585 2509 658 2537 inter
672 2517 718 2543 se,
733 2516 843 2537 causam
871 2514 962 2537 autern

178 2557 287 2583 illorum
304 2556 357 2584 hoc
372 2562 443 2588 esse,
457 2554 485 2584 in
500 2562 565 2590 quo,
578 2560 605 2583 et
616 2562 652 2583 ex
661 2562 716 2591 quo
732 2559 808 2587 sunt,
817 2563 879 2583 cum
893 2555 964 2586 illud

177 2603 214 2632 sit
231 2609 313 2637 supra
329 2602 424 2648 haec.)

214 2660 247 2686 Et
270 2659 298 2687 in
326 2660 378 2687 alia
394 2659 530 2690 oratione,
556 2659 634 2694 cujus
662 2658 795 2688 initium:
821 2659 845 2687 Α
868 2661 963 2696 spiritu

177 2705 307 2736 excitatis.
328 2715 337 2732 t
359 2705 412 2733 Sed
436 2705 499 2740 quis
521 2709 667 2733 enumeret
693 2712 790 2733 outnes
806 2713 887 2734 voces
901 2713 965 2734 san-

177 2757 295 2782 morum,
310 2750 412 2785 quibus
424 2756 452 2777 et
480 2750 662 2778 substantiam
689 2749 749 2783 Dei,
774 2754 805 2778 et
827 2751 982 2786 potentias

178 2795 226 2822 Dei
240 2802 302 2823 esse
320 2795 457 2823 increatas
482 2799 630 2827 testantur,
663 2800 745 2830 atque
773 2795 845 2824 inter
862 2802 891 2823 se
910 2795 964 2823 dif-

180 2849 251 2875 νει-ω
278 2841 437 2877 ostendunt,
461 2846 488 2870 et
518 2841 575 2869 inec
599 2843 690 2870 omnia
715 2849 795 2870 unam
820 2849 880 2869 esse
904 2841 963 2869 dei.-

1057 1809 1150 1836 Πάντα
1162 1809 1191 1836 δὲ
1210 1809 1298 1836 ταῦτα
1313 1808 1514 1843 συναγαγόντες
1534 1808 1563 1835 ὲν
1576 1807 1616 1844 τῷ
1633 1808 1708 1844 τόμῳ
1724 1811 1805 1846 κοινῇ

1019 1855 1207 1890 ἐπεκύρωσαν,
1224 1855 1398 1890 Διενηνόχασι
1418 1854 1441 1881 δ’
1465 1854 1603 1890 ἀλλήλων,
1620 1855 1748 1889 φάμενοι.
1765 1857 1797 1885 αι

1015 1900 1140 1928 τοιαῦται
1162 1900 1300 1936 θεότητες,
1313 1900 1415 1936 δηλαδὴ
1437 1900 1476 1936 τῷ
1491 1900 1540 1935 τὴν
1557 1900 1608 1936 μὲν
1623 1900 1697 1927 θείαν
1723 1901 1806 1936 ὲνέρι

1015 1956 1094 1981 γειαν
1120 1947 1280 1982 μετέχεσθπι
1310 1948 1358 1974 καὶ
1387 1947 1549 1982 μερίζεσθαι
1574 1948 1730 1982 ἀμερίστως
1754 1948 1806 1974 καὶ

1016 1992 1180 2028 ὀνομάζεθαι
1206 1994 1255 2020 καὶ
1271 1992 1390 2020 νοεῖσθαι
1415 2001 1484 2027 πως,
1509 1994 1533 2021 εί
1560 1994 1608 2021 καὶ
1624 1993 1751 2029 ἀμυδρῶς
1772 1995 1806 2022 ἐκ

1015 2038 1071 2066 τῶν
1101 2039 1187 2073 αὐτῆς
1207 2039 1454 2074 ἀποτελεσμάτων·
1485 2039 1535 2074 τήν
1563 2048 1594 2074 γε
1630 2041 1684 2075 μὴν
1708 2039 1806 2066 οὐσίαν

1016 2082 1168 2118 ἀμέθεκτον
1190 2084 1238 2111 καὶ
1259 2084 1407 2119 ἀμέριστον
1429 2083 1477 2110 καὶ
1496 2083 1649 2119 ἀνώνυμον,
1668 2083 1706 2115 ὡς
1721 2083 1808 2118 ὑπερ-

1017 2128 1126 2164 ώνυμον
1141 2129 1263 2165 δηλονότι
1280 2130 1327 2156 καὶ
1344 2130 1523 2165 ἀπερινόητον
1541 2129 1692 2161 παντελῶς.

1053 2232 1171 2263 Δέκατος
1186 2231 1312 2266 πέμπτος
1329 2231 1440 2267 τρόπος,
1458 2233 1488 2258 τὸ
1508 2231 1557 2267 τὴν
1577 2231 1628 2267 μὲν
1646 2230 1741 2258 οὐσίαν
1766 2232 1804 2268 μὴ

1017 2278 1148 2313 διάφορον
1164 2275 1234 2305 εἶναι
1263 2277 1325 2305 καθ’
1349 2277 1461 2313 ἑαυτὴν,
1484 2279 1534 2309 τὰς
1549 2277 1572 2304 δ’
1598 2277 1740 2313 ἐνεργείας
1756 2278 1806 2305 καὶ

1018 2326 1086 2362 πρὸς
1106 2326 1237 2361 ἀλλήλας,
1255 2326 1303 2352 καὶ
1318 2325 1387 2362 πρὸς
1403 2325 1452 2362 τὴν
1466 2326 1561 2353 οὐσίαν
1575 2326 1734 2360 διαφόρους.
1750 2325 1806 2352 Καί

1016 2381 1101 2408 φησιν
1124 2373 1138 2399 ό
1158 2371 1290 2407 Παλαμᾶς
1316 2372 1346 2398 ὲν
1365 2371 1403 2407 τῷ
1425 2371 1600 2407 διαληφθέντι
1624 2371 1706 2406 λόγῳ,
1731 2367 1762 2397 οὗ
1787 2371 1805 2407 ἡ

1016 2418 1358 2454 ἀρχὴ,”Υποψιθυρίσας,
1372 2427 1382 2445 t
1404 2418 1533 2449 Θὲλοντες
1548 2418 1669 2445 εὺσεόείν
1684 2416 1733 2444 καὶ
1754 2425 1810 2444 σω-

1018 2465 1141 2500 φρονεῖν,
1163 2464 1384 2498 ὁμολογείτωσαν
1400 2460 1538 2498 διαφέρείν
1564 2463 1614 2497 μὲν
1637 2463 1672 2489 τὰ
1693 2462 1808 2489 τοιαῦτα

1018 2510 1108 2537 πάντα
1131 2509 1271 2545 ἀλλήλων·
1292 2510 1381 2536 αἴτιον
1405 2509 1434 2536 Gl
1460 2508 1573 2536 ἐκείνων
1586 2509 1666 2536 τοῦτο
1682 2510 1711 2535 ὲν
1726 2505 1807 2543 ᾧπερ

1018 2556 1069 2585 καὶ
1086 2555 1116 2588 ἐξ
1134 2551 1165 2582 οὗ
1180 2555 1254 2582 ἐστιν
1273 2554 1358 2582 αὑτοῦ
1376 2553 1453 2587 ὄντος
1470 2553 1540 2588 ὑπὲρ
1555 2553 1650 2580 ταῦτα.
1669 2562 1679 2579 ι

1055 2659 1110 2686 Καὶ
1125 2659 1155 2685 ὲν
1178 2659 1265 2694 ἑτέρῳ
1290 2666 1321 2685 ου
1339 2659 1356 2694 ἡ
1373 2658 1456 2693 ἀρχὴ,
1481 2656 1547 2689 Τοῖς
1569 2655 1809 2691 πνευματοκινή-

1018 2714 1092 2738 τοις,
1109 2715 1118 2731 t
1143 2704 1224 2732 Ἀλλὰ
1238 2705 1280 2735 τίς
1296 2704 1330 2731 ἂν
1347 2704 1570 2739 ἁπαριθμήσαιτο
1586 2702 1677 2734 πάσας
1690 2702 1740 2734 τὰς
1750 2702 1808 2729 τῶν

1020 2751 1106 2785 ἁγίων
1121 2749 1226 2784 φωνὰς,
1247 2749 1282 2775 δι’
1307 2745 1345 2775 ὧν
1367 2749 1417 2775 καὶ
1434 2749 1468 2783 τῇ
1493 2747 1541 2774 τοῦ
1558 2746 1627 2774 Θεοῦ
1650 2745 1731 2781 οὐσίᾳ.
1758 2745 1809 2771 καὶ

1020 2797 1082 2828 ταῖς
1096 2795 1143 2822 τοῦ
1160 2794 1228 2822 Θεοῦ
1243 2794 1377 2829 δυνάμεσ.
1397 2793 1425 2820 τὸ
1439 2794 1568 2821 ἀκτιστον
1585 2792 1810 2827 προσμαρτυρεί-

1023 2850 1079 2875 ται,
1094 2843 1139 2868 καὶ
1157 2841 1187 2867 τὸ
1205 2841 1347 2874 διαφέρειδ
1365 2839 1431 2873 πρὸς
1450 2838 1566 2873 ἀλλήλας
1586 2837 1735 2867 δείκνυται,
1759 2835 1809 2862 καὶ
