1942 3091
189 114 244 146 8'5

827 121 1018 153 DEMETRII
1035 122 1194 154 CYDONII

1768 127 1821 160 856

190 171 237 219 qui
255 170 376 207 selpsum
395 180 444 208 per
455 180 487 219 se
499 174 667 209 speculetur,
680 176 727 204 sed
738 177 822 206 etiam
835 179 949 207 bonum.
966 188 976 206 ι

1033 189 1077 212 τες
1092 181 1215 214 ἔκαστοι,
1227 181 1336 215 οἰκείως
1353 181 1452 210 ἑαυτοῦ
1467 182 1538 211 κατὰ
1555 181 1605 219 τὴν
1621 182 1670 219 τῆς
1688 183 1822 219 μεθέξεως

190 215 225 243 Et
255 224 351 245 rursus
376 225 386 248 ;
415 228 424 244 ε
449 218 618 254 Simpliciter
645 226 754 256 oportet
780 231 830 251 nos
857 232 982 259 quaerere

191 260 296 295 Deum,
324 262 362 290 ita
388 263 592 298 quodammodo
619 266 859 302 participahilem,
901 269 982 304 cujus

190 308 339 343 participes
366 309 468 345 singuli
498 310 576 344 facti,
601 310 689 346 ipsius
707 313 859 342 familiares
883 315 981 347 simus.

189 353 326 388 vivamus,
352 359 380 382 et
405 355 556 383 secundum
583 357 736 393 analogiam
763 359 981 394 participationis

189 399 277 427 divini
291 400 450 429 evadamus.
467 401 514 430 Est
534 409 600 438 ergo
618 403 691 430 inter
705 404 807 439 genita,
824 409 852 432 et
877 405 982 440 impar-

191 444 360 480 tieipabilem
373 446 447 474 illam
463 449 815 483 supersubstantialifatem,
828 457 882 477 non
896 458 981 477 unum

191 494 310 523 tantum,
329 492 376 519 sed
390 497 418 519 et
437 493 565 527 plurima,
583 498 666 528 atque
681 498 721 521 tot
741 499 810 529 quot
830 502 896 522 sane
916 499 983 524 sunt

191 543 224 563 ea
238 544 299 571 quae
313 538 488 574 participant.
518 539 582 566 Haec
603 547 658 568 non
682 547 732 576 per
747 548 788 573 se,
816 540 861 568 illa
877 540 984 569 scilicet

192 582 304 615 media;
324 584 440 611 virtutes
466 585 541 612 enim
568 590 632 612 sunt
657 586 983 620 supersubstantialitatis

190 630 274 661 illius,
302 638 363 665 qua;
393 630 474 658 unice
500 638 532 658 ac
557 630 735 666 singulariter
774 631 923 665 przehabet,
951 635 982 659 et

189 675 315 703 continet
331 679 414 703 totam
430 676 666 711 participabilium
684 676 900 704 multitudinem.
917 686 926 703 I
945 677 981 705 Et

189 721 218 748 in
233 723 367 754 oratione,
382 722 460 757 cujus
472 722 581 750 initium
596 732 603 751 :
622 722 693 750 Heus
717 728 755 756 tu,
769 731 820 750 non
832 727 869 751 est
882 724 954 751 nobis
970 731 980 750 :

192 775 202 793 ι
223 767 255 794 Ει
273 767 346 795 hune
361 767 444 802 igitur
455 767 580 795 divinum
607 767 795 802 splendorem,
810 772 838 795 et
852 768 978 802 gratiam,

188 817 218 840 et
248 813 458 847 Oper-stionem,
491 817 574 848 atque
607 813 784 841 donationem
813 814 978 842 sanctissimi

190 858 320 894 Spiritus,
338 859 470 894 Spiritum
484 863 609 886 sanctum
634 866 719 887 sacra:
733 859 884 895 Scriptura;
907 868 980 887 nun-
997 848 1019 876 Β

189 909 303 940 cupant,
327 910 408 939 atque
424 905 506 932 etiam
519 905 660 938 deitatem,
682 909 710 933 et
736 905 835 938 Deum,
851 910 880 933 et
903 905 981 934 deiti-

189 958 253 978 cum
270 951 385 979 donum.
409 961 418 976 ι
433 950 466 978 Et
476 958 577 978 rursus
592 958 601 977 :
623 960 632 977 ι
644 950 721 984 Quod
741 955 823 979 auten
838 952 979 984 deitatem,

191 1000 219 1023 et
235 995 338 1028 Deum,
353 1001 381 1023 et
403 996 588 1029 deilicantem,
608 1001 637 1024 et
663 997 749 1032 ipsam
775 997 935 1031 bonitatem,
953 1001 982 1025 et

191 1044 294 1071 bonum
326 1044 484 1077 facientem,
509 1044 732 1072 et'conditorem
759 1043 880 1072 universi
897 1051 982 1072 sacra

191 1089 342 1124 Scriptum
372 1090 515 1118 nominent
550 1090 621 1118 hanc
648 1090 770 1118 divinam
795 1090 928 1126 gratiam,
954 1095 982 1119 et

190 1135 391 1170 operationem.
409 1139 436 1162 et
447 1135 635 1169 donationem,
653 1143 713 1170 qua:
733 1143 748 1162 a
768 1136 983 1170 supersubstan-

191 1181 247 1208 tiali
259 1180 394 1208 Trinitate
407 1181 547 1216 provenit,
560 1180 638 1209 testis
646 1185 690 1208 est
705 1180 851 1217 Dionysius
861 1182 983 1216 Areopa-

190 1227 258 1262 εὔια.
274 1237 283 1253 t
300 1227 334 1254 Et
350 1227 471 1254 Isidorus
500 1227 556 1259 ille,
571 1227 618 1262 qui
644 1226 696 1254 fuit
714 1226 869 1261 patriarcha
885 1227 912 1254 in
932 1234 983 1255 suo

191 1273 310 1308 quodam
326 1272 460 1301 Cantico:
479 1281 489 1298 ι
509 1273 578 1300 Esse
598 1280 663 1300 vero
677 1273 729 1300 hoc
745 1272 857 1307 quidem
876 1277 912 1305 te,
926 1281 981 1300 non

191 1325 284 1348 autent
308 1319 375 1355 quid
402 1320 441 1348 sis
477 1320 632 1355 exprimere
672 1320 862 1355 intelligimus.
896 1319 1009 1347 Deum'

191 1371 284 1394 autent
298 1367 486 1402 operationem
502 1373 563 1394 esse
591 1366 788 1402 dogmatizant.
811 1374 867 1393 non
895 1365 983 1401 hypo-

191 1413 286 1441 stasim
299 1413 386 1441 sancti
398 1413 522 1448 Spiritus
537 1413 632 1441 adesse
645 1418 672 1440 et
686 1413 858 1440 sanctiﬂcare
873 1417 983 1441 creatu-

190 1466 261 1491 ram,
276 1458 324 1486 sed
338 1458 486 1494 quamdam
502 1459 617 1494 gratiam
636 1458 796 1490 increatam,
812 1466 901 1494 neque
917 1456 983 1486 suh-

1033 225 1181 261 ἀναλογίαν
1209 227 1286 260 ὄντες
1310 229 1357 256 καὶ
1384 227 1486 260 ζῶντες
1508 229 1556 256 καὶ
1580 228 1667 257 ἔνθεοι
1690 229 1820 265 ἐσόμεθα.

1033 271 1129 299 Ἔστιν
1152 273 1207 308 ἄρα
1225 282 1253 300 τι
1269 273 1370 309 μεταξὺ
1385 274 1440 301 τῶν
1454 275 1594 310 γεννητῶν
1609 275 1656 302 καὶ
1674 275 1724 310 τῆς
1737 275 1822 309 ἀμ.εο-

1032 317 1112 345 ἐκτου
1130 319 1360 356 ὕπερουσιότητος
1383 321 1503 356 ἐκείνης,
1525 322 1575 357 οὐχ
1597 321 1627 348 ἐν
1647 321 1738 357 μόνον,
1754 321 1822 349 ἀλλὰ

1031 364 1080 390 καὶ
1093 364 1190 396 πολλὰ,
1206 365 1255 392 καὶ
1265 365 1394 399 τοσαῦτα,
1407 365 1493 393 ὁπόσα
1505 366 1538 401 δὴ
1553 367 1601 393 καὶ
1611 366 1646 393 τὰ
1661 367 1820 402 μετέχοντα.

1032 409 1126 437 Ταῦτα
1140 410 1170 437 οὐ
1185 410 1247 437 καθ’
1268 411 1353 438 ἑαυτὰ
1366 411 1399 438 τὰ
1418 411 1490 447 μέσα
1505 412 1605 447 δηλαδῆ
1622 413 1725 446 ἐκεῖνα,
1738 413 1820 439 δυνά-

1033 464 1094 490 μεις
1110 456 1164 492 γάρ
1181 457 1235 483 εισι
1249 456 1299 492 τῆς
1313 457 1542 493 ὖπιρουσιότητος
1558 458 1678 494 ἐκείνης,
1696 458 1822 494 μοναχῶς

1034 501 1082 528 καὶ
1098 502 1206 534 ἑνιαίως
1218 503 1424 539 προειληφυϊαι,
1440 504 1486 531 καὶ
1503 505 1692 540 συνειληφυῐαι
1703 505 1753 540 τὴν
1766 504 1821 539 τῶν

1033 548 1173 580 μιθεκτῶν
1189 548 1301 576 ἃπασαν
1319 550 1434 584 πληθύν.
1455 560 1465 578 t
1490 551 1545 578 Kal
1561 551 1590 578 ὲν
1609 551 1647 587 τῷ
1663 552 1734 588 λόγῳ
1749 550 1780 580 οὗ
1803 553 1820 586 ἡ

1031 593 1114 628 ἁρχὴ.
1138 595 1200 621 οὐκ
1215 595 1310 627 ἐστιν,
1325 592 1349 622 ὦ
1371 593 1471 629 οὗτος,
1496 595 1589 631 ἡμῖν·
1608 606 1617 623 ι
1639 597 1694 624 Καὶ
1719 597 1821 632 ταύτην

1030 639 1122 666 τοίνυν
1142 640 1191 675 τὴν
1211 641 1286 667 Θείαν
1305 641 1416 677 αἰγλην,
1432 643 1480 669 καὶ
1503 642 1594 678 χάριν,
1611 643 1657 669 καὶ
1679 643 1821 678 ἐνέργειάν

1031 692 1062 711 τε
1088 686 1135 712 καὶ
1158 685 1263 720 δωρεὰν
1281 686 1328 713 τοῦ
1353 687 1488 721 παναγίου
1518 688 1687 723 Πνεύματος,
1706 688 1821 723 Πνεῦμα

1030 731 1108 765 ἅγιον
1135 732 1164 758 al
1185 731 1256 759 θεῖαι
1284 732 1393 767 Γραφαὶ
1413 734 1666 769 κατανομάζουσιν·
1691 734 1761 761 ἀλλὰ
1789 734 1821 768 δὴ

1030 778 1078 804 καὶ
1094 778 1219 813 θεότητα,
1240 779 1288 806 καὶ
1307 779 1384 812 Θεὸν,
1397 779 1444 806 καὶ
1468 779 1593 807 θεοποιὺν
1608 780 1705 815 δῶρον.
1735 789 1745 807 t
1766 781 1821 808 Καὶ

1031 822 1123 855 πάλιν,
1149 831 1159 849 ι
1184 824 1246 850 Ὅτι
1270 823 1300 850 δὲ
1320 823 1447 859 θεότητα,
1476 824 1523 851 καὶ
1539 824 1618 856 Θεὸν,
1633 825 1679 850 xal
1697 824 1822 851 θεοποιδν
1880 847 1884 849 _

1031 869 1078 896 καὶ
1091 869 1318 905 αὐτοαγαοότητα
1338 870 1385 897 καὶ
1400 870 1576 905 ἀγαθοποιὸν,
1589 870 1637 897 καὶ
1652 869 1823 906 δημιουργὺν

1031 916 1078 942 τοῦ
1093 916 1195 948 παντός
1214 925 1299 951 φασιν
1316 917 1345 943 at
1365 907 1436 943 θεῖαι
1448 916 1557 952 Γραφαὶ
1569 916 1618 952 τὴν
1630 916 1705 943 θείαν
1717 916 1823 951 ταύτην

1031 962 1122 998 χάριν,
1139 961 1281 997 ὲνέργσιάν
1295 970 1324 989 τε
1348 962 1396 990 καὶ
1413 962 1520 998 δωρεὰν
1538 962 1589 997 τὴν
1611 962 1643 989 ἐκ
1666 962 1716 997 τῆς
1732 962 1822 997 ὑπερ-

1031 1008 1123 1035 ουσίου
1141 1008 1258 1044 Τριάδος
1275 1008 1502 1044 προερχομένην,
1525 1009 1631 1044 μάρτυς
1648 1009 1663 1035 ὁ
1689 1009 1823 1043 Ἀρεοπα-

1032 1053 1111 1089 γίτης
1139 1053 1290 1086 Διονύσιος.
1321 1063 1331 1081 t
1362 1054 1417 1081 Kal
1432 1055 1446 1081 ὁ
1464 1053 1638 1090 χρηματίσας
1659 1053 1687 1080 δὲ
1707 1054 1748 1085 είς
1765 1062 1822 1080 πα-

1031 1100 1167 1136 τριάρχην
1189 1099 1325 1135 Ἰσίδωρος
1352 1099 1381 1127 ἐν
1407 1108 1461 1126 τινι
1489 1099 1544 1126 τῶν
1569 1098 1799 1135 ᾀσμάτωνςαὺτοῦ
1814 1107 1822 1115 ο

1035 1155 1044 1172 ι
1060 1142 1137 1172 Εἶναι
1150 1145 1179 1172 δὲ
1195 1145 1225 1172 τὸ
1240 1145 1288 1180 μὲν
1304 1145 1349 1179 σι,
1365 1145 1434 1172 οὔτί
1444 1145 1472 1172 δὲ
1491 1143 1561 1172 εἶναι
1574 1145 1673 1180 δηλοῦν
1692 1143 1821 1183 νοοῦμεν.

1032 1191 1099 1218 Θεδν
1116 1191 1139 1218 δ’
1156 1191 1300 1226 ἐνέργειαν
1319 1191 1532 1226 δογματίζουσιν
1545 1192 1576 1218 οὐ
1600 1192 1658 1228 τὴν,
1669 1191 1823 1217 ὑπόστασιν

1031 1238 1080 1265 τοῦ
1109 1238 1190 1272 ἁγίου
1220 1237 1381 1273 Πνεύματος
1399 1238 1528 1273 παρεῖναι
1558 1238 1606 1264 καὶ
1632 1237 1757 1272 ἁγιάζειν
1772 1236 1823 1272 τὴν

1032 1285 1135 1318 κτίσιν,
1154 1284 1224 1311 ἀλλά
1240 1293 1302 1311 τινα
1321 1284 1401 1320 χάριν
1415 1284 1545 1311 ἄκτιστον
1558 1284 1606 1311 καὶ
1620 1284 1822 1316 ἀνυπόστατον,

1032 1330 1080 1356 καὶ
1099 1330 1141 1356 ὅτι
1161 1329 1209 1356 καὶ
1234 1328 1304 1356 ἄλλα
1332 1330 1477 1364 πνεύματα
1506 1328 1572 1363 ἆγιά
1597 1329 1667 1355 εἰσιν
1693 1327 1822 1359 ἄκτιστα,

1031 1375 1100 1402 ἄλλα
1120 1374 1196 1411 παρὰ
1215 1374 1244 1401 τὺ
1258 1374 1288 1401 ἐν
1303 1374 1352 1409 τῆς
1372 1373 1590 1409 τρισυποατάτου
1608 1373 1735 1408 θεότητος
1743 1372 1825 1407 ἅγιον

1034 1420 1154 1455 Πνεῦμα.
1172 1429 1181 1446 t
1206 1420 1260 1446 Καί
1291 1428 1375 1454 φησιν
1391 1420 1406 1446 ὁ
1434 1420 1568 1454 Παλαμᾶς
1590 1420 1620 1446 ὲν
1638 1419 1677 1454 τῷ
1702 1419 1824 1455 πέμπτῳ

1031 1466 1105 1502 λόγῳ
1119 1466 1159 1501 τῷ
1176 1465 1244 1501 πρὸς
1265 1465 1436 1493 ’Δκίνδυνονσ
1455 1474 1465 1491 ε
1484 1465 1576 1493 Ἱκανὰ
1593 1466 1643 1500 μὲν
1657 1463 1704 1493 οὖν
1718 1465 1752 1492 τὰ
1766 1473 1824 1492 τοι-

189 1505 352 1536 sistentem;
367 1509 395 1532 et
412 1505 483 1539 quod
502 1505 584 1532 etiam
600 1504 646 1532 alii
679 1504 793 1539 spiritus
819 1506 906 1532 sancti
927 1505 980 1532 sint

1033 1510 1104 1537 αὖτα
1119 1511 1214 1538 πεῖσαι
1234 1511 1303 1545 μήτε
1325 1510 1438 1546 κτιστὴν
1456 1511 1590 1546 ὑπάρχειν
1612 1510 1662 1545 τὴν
1677 1509 1824 1545 διδομένην

191 1550 319 1582 inet-cati,
340 1550 386 1578 alii
401 1555 501 1586 praeter
523 1551 657 1585 Spiritum
682 1555 820 1583 sanctum,
840 1559 924 1578 unum
948 1559 982 1579 ex

191 1595 280 1623 tribus
295 1596 421 1631 persentis
450 1595 576 1624 Deitatis.
598 1605 607 1622 ι
630 1597 719 1631 Atque
740 1596 779 1624 ait
806 1597 929 1624 Palamas
955 1598 982 1624 in

191 1643 288 1678 quinta
299 1645 423 1671 oratione
435 1643 468 1671 ad
492 1643 663 1679 Acindynuin
679 1653 687 1671 :
707 1653 716 1670 ι
730 1644 803 1672 Satis
820 1644 902 1679 igitur
919 1640 983 1672 'hzec

191 1693 256 1715 sunt
271 1688 306 1716 ad
326 1689 546 1723 persuadendum
559 1711 566 1719 .
592 1697 682 1728 neque
698 1694 816 1717 creatam
840 1697 900 1717 esse
919 1698 981 1725 gra-

192 1735 269 1768 tiam,
288 1740 316 1763 et
330 1735 516 1770 operationem
543 1735 672 1770 Spiritus,
686 1743 747 1770 qua:
766 1735 848 1762 datur
862 1740 889 1762 ct
911 1735 983 1762 acci-

192 1782 267 1817 pitur
284 1782 318 1809 ab
333 1783 366 1809 iis
379 1789 449 1816 quos
464 1783 551 1817 gratia
565 1789 614 1809 sua
629 1782 757 1815 dignatur
783 1781 865 1814 Deus,
892 1789 982 1816 neque

191 1828 374 1856 substantiam
392 1836 453 1856 esse
465 1828 585 1863 Spiritus
599 1828 698 1860 sancti,
712 1828 814 1866 quippe
842 1828 900 1862 ipsa
920 1827 982 1862 Spi-

191 1875 262 1901 ritus
279 1878 391 1901 sanctus
415 1878 467 1900 est.
491 1873 599 1905 Etenim
625 1873 727 1900 nemini
748 1873 820 1900 Deus
842 1873 889 1900 dat
916 1872 982 1900 sub-

191 1920 322 1947 stantiam
350 1926 439 1949 suam.
469 1926 561 1953 neque
584 1927 646 1946 cum
677 1918 906 1955 lmperceptibilis
933 1919 980 1950 sit.

193 1967 250 1994 [lori
269 1970 370 2003 potest,
390 1972 420 1994 ut
437 1974 452 1995 a
474 1974 612 2002 quoquam
631 1966 809 2001 percipiatur.
827 1974 837 1991 ι
858 1965 892 1992 Ει
913 1965 982 1992 Coc-

191 2014 272 2040 cinus
289 2013 345 2044 ille,
366 2013 413 2047 qui
428 2012 480 2039 luit
505 2011 670 2047 patriarcha,
689 2012 716 2039 in
739 2011 875 2045 oratione,
901 2012 980 2047 cujus

193 2059 360 2095 inscriptio:
386 2058 467 2086 Nulla
491 2059 642 2086 divinarum
669 2059 853 2094 operationum
877 2065 978 2092 creata,

191 2106 232 2136 sic
252 2107 310 2133 ait:
333 2114 342 2131 ‹
362 2105 429 2138 Quis
457 2105 568 2132 invidus
593 2111 625 2132 ac
651 2104 786 2140 malignus
810 2103 916 2132 damon
951 2105 979 2131 in

191 2152 344 2180 Ecclesium
356 2151 402 2179 Dei
413 2150 544 2178 audacter
553 2151 655 2183 intulit,
668 2150 741 2185 quod
752 2151 808 2185 ipsa
825 2150 978 2178 substantia

1033 1556 1083 1584 καὶ
1099 1556 1311 1592 λαμϐανομένην
1337 1557 1393 1588 τοῖς
1414 1557 1647 1592 κεχαριτωμένοις
1666 1556 1713 1583 τοῦ
1735 1556 1825 1583 Πνεύ-

1035 1611 1120 1638 ματος
1135 1602 1216 1638 χάριν
1232 1611 1263 1629 τε
1291 1603 1339 1629 καὶ
1365 1602 1517 1638 ἐνάργειαν.
1540 1603 1612 1630 Ait-rb
1631 1603 1684 1638 γάρ
1706 1603 1767 1630 ἐστι
1791 1603 1823 1629 τὺ

1034 1649 1147 1683 Πνεῦμα
1161 1650 1192 1675 τὸ
1212 1648 1301 1683 ἆγιον,
1328 1649 1397 1684 μήτε
1412 1648 1462 1685 τὴν
1476 1649 1570 1676 οὐσίαν
1582 1647 1653 1675 εἶναι
1670 1648 1716 1675 τοῦ
1734 1648 1824 1675 Πνεῦ-

1036 1702 1133 1729 ματος.
1149 1694 1247 1721 Οὺδενὶ
1264 1694 1318 1731 γὰρ
1337 1696 1351 1721 ὁ
1371 1694 1438 1728 Θεὸς
1453 1694 1503 1730 τὴν
1524 1695 1618 1722 οὐσίαν
1631 1695 1750 1726 δίδωσιν,
1765 1694 1823 1721 οὐδ’

1033 1740 1074 1767 ενι
1096 1741 1133 1776 μὴ
1149 1741 1256 1776 ληπτὴν
1283 1741 1368 1776 αὐτὴν
1396 1741 1524 1775 γενέσθαι
1546 1741 1663 1777 ληπτήν.
1694 1749 1702 1765 t
1737 1740 1793 1766 Kal
1808 1740 1824 1766 ὁ

1033 1786 1206 1823 χρηματίσας
1222 1787 1262 1819 είς
1275 1787 1449 1822 πατριάρχην
1466 1787 1599 1818 Κικκινος
1613 1787 1642 1813 ιν
1656 1786 1739 1821 λόγῳ,
1756 1783 1787 1813 οὗ
1804 1787 1822 1820 ἡ

1034 1833 1186 1868 ἐπιγραφὴ,
1207 1833 1338 1868 οὐδεμία
1354 1832 1412 1859 τῶν
1427 1833 1514 1860 θείων
1529 1832 1685 1868 ἐνεργειῶν
1699 1831 1822 1866 κτιστὴ,

1032 1877 1104 1906 οὕτω
1118 1878 1185 1913 φησί
1195 1886 1202 1893 ·
1219 1888 1229 1904 ι
1249 1878 1329 1910 Ποῖος
1345 1879 1481 1913 βάσκανος
1492 1878 1597 1913 δαίμων
1615 1879 1648 1914 τῇ
1670 1877 1823 1913 Ἐκκλησία

1032 1923 1080 1950 τοῦ
1093 1923 1163 1950 Θεοῦ
1179 1923 1324 1959 τοὶμηρῶς
1338 1924 1491 1960 ἐπήγαγεν,
1506 1924 1547 1951 ὅτι
1560 1924 1629 1959 αὑτὴ
1645 1925 1661 1959 ἠ
1673 1924 1752 1951 οὐσία
1771 1924 1821 1950 τοῦ

1032 1965 1101 1993 Θεοῦ
1118 1965 1285 1993 κατοικοῦσα
1296 1967 1325 1993 ἐν
1338 1968 1394 1999 τοῖς
1408 1967 1571 2004 ἀνθρώποις,
1588 1969 1651 2000 τοὺς
1670 1968 1822 2003 καθαιρου-

1034 2012 1131 2046 μένους
1159 2012 1300 2048 καθαίρει,
1327 2014 1454 2045 καὶτοὺς
1481 2014 1684 2049 φωτιζομένους
1707 2014 1822 2048 φωτίζει

1031 2059 1079 2086 καὶ
1104 2059 1269 2093 λαμπρύνει,
1291 2060 1338 2088 καὶ
1356 2061 1421 2091 τοὺς
1440 2061 1509 2087 κατά
1527 2069 1589 2087 τινα
1612 2060 1690 2087 σάλον
1710 2060 1821 2096 ἀνίερον

1032 2104 1078 2131 τοῦ
1099 2104 1181 2131 καλοῦ
1200 2106 1432 2140 παρατραπέντας
1454 2107 1587 2140 ἐπανάγει
1611 2107 1658 2133 καὶ
1678 2108 1736 2138 τοῖς
1761 2107 1821 2133 κτί-

1033 2158 1133 2185 σμασιν
1149 2151 1289 2178 ἐνοικοῦσα
1309 2151 1395 2179 ταῦτα
1418 2152 1583 2187 ἐργάζεταις
1605 2162 1615 2178 t
1633 2152 1687 2180 Kal
1706 2150 1787 2184 αὖθις
1805 2155 1820 2179 ό

193 2199 240 2225 Dei
263 2197 390 2230 habitans
418 2197 446 2224 in
479 2196 648 2227 hominibus.
673 2204 722 2224 eos
751 2196 798 2231 qui
826 2201 979 2231 purgantur

1033 2196 1164 2231 Παλαμᾶς
1181 2196 1210 2223 ἐν
1221 2205 1274 2226 τινι
1290 2197 1407 2234 διαλόγῳ
1417 2206 1424 2213 ·
1444 2207 1454 2224 ε
1465 2199 1535 2226 Ἀλλ’
1551 2199 1575 2224 εί
1589 2199 1627 2234 μὴ
1641 2199 1707 2235 ἄλλη
1721 2199 1820 2234 θεότης

192 2248 301 2279 purgat,
317 2249 345 2271 et
359 2243 406 2278 qui
430 2242 632 2274 illuminantur,
655 2242 803 2273 illuminat.
816 2247 899 2276 atque
917 2241 980 2268 illu-

192 2294 279 2322 strat;
299 2293 327 2317 et
340 2296 387 2320 eos
397 2288 443 2324 qui
458 2295 474 2317 a
492 2292 567 2315 recto
586 2287 694 2317 tramite
708 2287 824 2322 quadam
849 2287 980 2322 nequitia:

193 2336 313 2371 procella
327 2325 433 2370 abrepti
451 2338 526 2366 sunt,
546 2334 662 2366 reducit,
680 2339 706 2361 et
724 2333 859 2361 creaturis
873 2333 981 2361 inhabi-

192 2387 254 2409 tans
268 2382 325 2408 haec
340 2381 501 2416 operaturh
520 2380 560 2407 Ac
575 2385 670 2407 rursus
688 2379 811 2411 Palamas
821 2380 847 2406 in
860 2379 978 2415 quodatn

191 2428 300 2462 dialogo
317 2437 324 2455 ;
344 2436 353 2454 ‹
372 2427 473 2454 Verum
489 2427 512 2454 si
528 2435 581 2454 non
607 2431 681 2454 eSSet
700 2427 785 2454 altera
807 2426 894 2454 deitas
907 2433 978 2462 prat-

193 2479 235 2501 ter
254 2474 375 2501 divinant
386 2478 524 2505 naturam,
551 2473 683 2507 ingenita,
710 2472 816 2508 ipsique
831 2476 977 2505 comterna,

192 2525 321 2555 tanquam
339 2520 399 2554 ejus
412 2519 546 2553 operatio,
566 2523 594 2545 et
606 2519 726 2553 Spiritus
746 2524 857 2546 sanctus
872 2519 942 2546 alius
962 2527 978 2546 a

192 2567 283 2594 divina
314 2571 410 2592 natura
445 2565 547 2600 Spiritu
576 2569 671 2593 sancto
700 2564 814 2595 inferior
849 2569 976 2600 tanquam

192 2613 252 2648 ejus
264 2614 400 2647 Operatio,
420 2613 557 2647 quomodo
572 2612 681 2646 impleta
695 2618 738 2640 est
757 2613 860 2647 Spiritu
884 2617 979 2640 sancto

191 2658 351 2686 Elisabeth?
374 2658 409 2685 Et
428 2665 546 2693 quonam
566 2657 636 2684 isto?
651 2657 710 2684 Non
725 2657 800 2686 enitn
813 2658 923 2694 impleta
936 2662 979 2686 est

191 2705 345 2732 suitsmntia
374 2704 506 2739 Spiritus
539 2703 602 2731 ΗΜ
634 2704 707 2731 enim
742 2703 893 2732 immobilis
922 2708 977 2737 est,

191 2743 274 2785 atque
302 2750 487 2782 intransitiva,
517 2755 545 2777 ct
573 2750 686 2783 intacta,
715 2754 797 2784 atque
832 2750 975 2782 immensa,

192 2795 438 2831 inultcrahilisque.
453 2805 463 2822 ι
488 2796 521 2823 Et
548 2796 575 2824 in
599 2795 715 2831 epistola
744 2795 777 2823 ad
801 2794 976 2830 Cyzic-ensem

128 2840 137 2848 ⁸
192 2843 362 2878 episcopum,
377 2850 456 2878 cuius
479 2842 586 2871 initium
606 2852 612 2870 :
631 2842 703 2871 Scire
721 2847 744 2869 te
756 2842 813 2870 uolo
828 2851 836 2869 :
854 2852 862 2869 (
878 2842 978 2876 Quem—

1030 2242 1074 2279 ειη
1094 2243 1170 2277 rapit
1188 2242 1237 2278 τὴν
1257 2242 1333 2270 θείαν
1350 2245 1431 2279 φύσιν
1445 2245 1587 2280 ἀγένητος,
1608 2245 1653 2273 καὶ
1670 2245 1739 2280 αὐτῇ
1756 2254 1823 2272 συν-

1030 2287 1125 2319 αΐόιος,
1145 2288 1182 2319 ὡς
1197 2289 1322 2323 ἐνέργεια
1334 2289 1430 2325 αὐτῆς,
1444 2291 1493 2316 καὶ
1509 2290 1620 2325 Πνεῦμα
1633 2290 1710 2324 ἅγιον
1723 2290 1820 2325 ἕτερον

1030 2334 1107 2370 παρὰ
1120 2334 1169 2369 τὴν
1185 2334 1259 2361 θείαν
1272 2334 1355 2369 φύσιν
1370 2335 1418 2362 τοῦ
1442 2336 1521 2370 ἁγίου
1550 2336 1707 2372 Πνεύματος
1730 2336 1822 2363 tta-uit-

1029 2387 1109 2414 τερον
1129 2379 1166 2409 ὡς
1184 2379 1266 2409 αὑτοῦ
1282 2379 1418 2416 ἐνέργεια,
1437 2381 1494 2412 πῶ;
1513 2382 1636 2417 ἐπλήσθη
1657 2382 1820 2416 [Ινεύματος

1030 2424 1108 2459 ἁγίου
1123 2426 1139 2460 ἡ
1159 2424 1317 2459 ¹Ε).ισά6ετ;
1331 2427 1377 2455 καὶ
1391 2427 1463 2458 τίνος
1478 2428 1591 2460 τούτους
1609 2429 1641 2455 οὐ
1655 2428 1709 2463 γὰρ
1723 2428 1756 2463 δὴ
1769 2429 1822 2463 τῆς

1030 2472 1124 2504 οὐσίας
1136 2472 1257 2508 ἐπλήσοη
1272 2472 1320 2499 τοῦ
1333 2473 1500 2508 Πνεῦμα-ξος.
1518 2474 1658 2509 Ἀκίνητος
1674 2474 1727 2510 γὰρ
1745 2474 1820 2510 αὕτη

1030 2519 1079 2546 καὶ
1092 2519 1266 2554 spectem;
1278 2520 1325 2546 καὶ
1338 2519 1443 2555 avari];
1458 2520 1504 2547 καὶ
1519 2520 1659 2556 ἁχὼρητος
1673 2521 1721 2548 καὶ
1736 2521 1822 2548 ἀναλ-

1029 2565 1150 2597 λοίωτος.
1164 2575 1174 2593 t
1193 2566 1247 2596 Kal
1255 2567 1284 2592 ὲν
1295 2567 1327 2601 τῇ
1337 2566 1404 2601 πρὸς
1411 2567 1457 2592 τὸν
1468 2566 1586 2598 Κυζίκου
1598 2567 1738 2603 ἐπιστολῇ,
1754 2565 1788 2604 ἧς
1801 2568 1820 2603 ὴ

1029 2613 1111 2648 ἀρχὴ,
1133 2612 1251 2641 Είδέναι
1280 2621 1317 2640 σε
1340 2613 1492 2647 ,βούλομαι
1510 2620 1517 2627 ·
1536 2622 1546 2638 ι
1567 2613 1701 2649 Καθάπερ
1718 2613 1765 2641 οὖν
1783 2615 1822 2642 τὰ

1030 2659 1116 2686 πολλὰ
1130 2659 1273 2693 πνεύματα
1283 2659 1314 2685 τὸ
1329 2658 1473 2693 μοναδικὸν
1493 2660 1539 2685 καὶ
1554 2659 1659 2687 ἁπλοῦν
1674 2660 1720 2686 καὶ
1735 2659 1821 2687 ἀσύν-

1031 2703 1107 2731 θετον
1118 2704 1164 2730 τοῦ
1182 2705 1339 2740 Πνιύματος
1353 2705 1403 2733 οὐκ
1418 2705 1537 2740 ἀναιρεῖ·
1553 2706 1600 2731 καὶ
1613 2706 1667 2740 γὰρ
1680 2706 1820 2740 ἐνέργειαι

1027 2750 1097 2777 είσιν
1111 2750 1209 2777 αὐτοῦ’
1225 2750 1271 2777 τὸν
1288 2751 1370 2778 αὐτὸν
1384 2753 1498 2786 τρόπον,
1515 2751 1568 2778 κᾶν
1579 2751 1679 2782 πολλᾶς
1692 2752 1759 2786 εἴπῃ
1775 2760 1819 2783 τις

1028 2797 1171 2832 θεότητας,
1187 2797 1245 2829 τὰς
1259 2797 1402 2831 ἐνεργείας
1423 2797 1510 2832 λέγων
1528 2798 1578 2833 τῆς
1594 2799 1660 2833 μιᾶς
1676 2798 1816 2834 θεότητος,

1028 2844 1058 2870 τὺ
1073 2843 1215 2879 μυναὸικὶν
1235 2845 1281 2871 καὶ
1302 2843 1404 2870 ἁπλοῦν
1425 2844 1509 2885 αὐτῆς
1528 2844 1577 2870 οῦκ
1594 2845 1709 2879 ἀναιρεῖ.
1730 2853 1739 2870 t
1761 2845 1818 2872 Kal
