1942 3091
145 94 199 126 857

754 96 955 127 ADVERSUS
974 94 1166 126 PALAMAM.

1714 91 1771 123 858

145 149 174 175 ιν
189 151 222 184 τῇ
236 152 304 184 πρὸς
316 149 362 178 τὸν
378 150 534 178 ’Λκίνδυνον
553 151 774 186 ἐπιστολῇ,«Καὶ
789 151 838 180 τὰς
853 151 929 185 ἐνερ-

991 151 1127 179 ιιιηιοιίιιιη
1142 151 1220 178 multi
1233 150 1347 186 spiritus
1367 149 1594 184 singularitatem,
1623 157 1654 178 ac
1666 150 1774 186 simpli¢

144 193 222 227 τείας
244 195 291 222 τοῦ
317 196 476 232 ηνεύματος
501 196 645 232 πνεύματα
673 197 750 232 φίλον
771 196 811 232 τῷ
831 197 931 232 Ἡσαΐᾳ

146 239 255 266 καλεῖν·
271 241 373 276 δηλαδὴ
393 241 427 269 τὰ
446 242 522 278 δῶρα
539 242 587 269 τοῦ
607 242 777 278 Πνεῦμα-τος.
791 243 823 269 Δί
842 241 871 268 δὲ
883 242 931 269 τοῦ

144 284 213 312 θεοῦ
229 286 365 322 ἐνέργειαι
380 288 503 316 ἄκτιστοί
522 289 602 316 εισι-δ.
624 298 635 316 ι

146 333 227 361 unius
243 333 366 368 Deitatis,
379 337 511 364 unitatem
541 345 573 364 ac
586 337 790 371 simplicitatem
822 337 882 373 ejus
913 341 968 365 non
989 338 1069 365 tollit.
1084 346 1094 363 ›
1120 337 1154 365 Et
1182 338 1207 364 in
1225 338 1340 372 epistola
1362 337 1395 364 ad
1422 337 1595 372 Acindynum

985 196 1106 229 citatem,
1117 196 1429 231 incompositionemque
1459 196 1579 231 Spiritus
1592 203 1647 224 non
1662 197 1770 229 tollunt,

985 243 1087 279 quippe
1100 247 1165 271 sunt
1177 243 1352 276 operationes
1375 243 1479 277 ipsius;
1496 242 1533 270 ita
1555 243 1637 270 etiam
1667 243 1689 270 si
1710 243 1772 278 quis

985 290 1089 317 dixerit
1124 290 1224 317 multas
1256 289 1384 321 deitates,
1407 288 1591 324 'operaliones
1625 289 1772 324 designans

1621 346 1628 364 :
1658 347 1667 362 ‹
1685 338 1772 365 Etiam

144 381 320 413 operationes
348 382 468 422 $piritus
488 383 576 411 sancti
607 378 697 418 placet
722 383 799 411 Isaiae
821 384 934 419 spiritus
954 384 1103 419 appellare,
1127 384 1234 412 scilicet
1257 385 1330 412 dona
1349 383 1469 420 Spiritus
1496 384 1596 412 saneti.
1628 384 1674 412 Dei
1706 392 1772 412 vero

144 427 320 460 operationes
337 428 465 457 increatre
484 434 560 457 sunt.
570 450 572 452 -
581 439 591 456 ι

183 473 243 499 Ἔτι
256 474 367 507 λέγουσι
384 475 421 509 μὴ
444 475 568 509 γίνεσθαι
593 477 721 504 σύνθεσιν
745 477 777 504 ἐκ
793 486 822 504 τε
843 477 937 510 οὐσίας

143 519 212 546 Θεοῦ
226 521 274 546 καὶ
287 516 325 547 ὧν
336 520 482 555 φρονοῦσιν
494 522 572 549 αὐτοὶ
583 524 784 558 πραγματικῶς
798 525 940 559 συνυπάρο

145 575 203 601 χειν
218 566 297 601 αὐτῇ.
319 567 375 594 Καί
403 576 486 602 φησιν
512 569 527 595 ό
558 569 690 604 Παλαμᾶς
710 571 740 597 ὲν
765 571 838 605 λόγῳ
863 567 894 597 οὗ
920 571 937 606 ἡ

144 613 236 647 ἁρχὴ.
273 612 339 645 Τοῖς
372 616 660 649 πνευματοκη·ήτοις
692 616 752 643 τῶν
785 617 935 651 Πατέρων,

148 667 158 684 ι
179 658 240 685 Ὀτι
258 658 288 685 τδ
299 658 427 687 ἄκτιστον
443 662 653 697 προσκείμενον,
669 663 731 699 μίαν
744 664 936 691 ἀποδείκνυσιν

144 704 193 730 καὶ
219 704 280 739 ίσην
308 705 357 732 καὶ
377 705 468 740 ἁπλῆν
492 707 542 742 τὴν
573 708 602 735 ἐν
624 710 657 743 τῇ
686 709 824 744 διακρίσει
847 711 934 747 ταύτῃ

144 749 290 784 ὁρωμένην
304 749 431 784 θεότητα.
448 751 504 778 Καὶ
518 753 573 788 γὰρ
592 753 647 780 πᾶν
660 753 788 781 ἀκτιστον
805 756 851 782 καὶ
867 756 933 791 όμό-

144 796 224 829 τιμόν
239 796 356 823 ἐστικαὶ
373 798 523 832 ἡνωμένον,
535 799 582 825 καὶ
595 798 719 831 σύνθεσις
735 800 764 826 ὲν
781 802 837 833 τοῖς
855 801 934 828 ἀκτί-

1025 477 1159 505 Prmterea
1185 477 1297 509 dicunt,
1322 485 1375 504 non
1402 476 1463 505 ﬁeri
1484 476 1712 512 compositionem
1740 484 1772 505 ex

990 523 1153 556 substantia,
1175 528 1204 551 et
1228 523 1263 551 iis
1291 531 1352 558 qum
1371 521 1409 551 illi
1435 523 1558 551 sentiunt
1587 523 1697 551 realiter
1715 523 1772 550 dis-

989 569 1074 597 tincta
1098 577 1160 597 esse
1180 577 1242 597 cum
1267 569 1431 597 substantia.
1453 569 1542 604 Atque
1573 570 1670 596 asserit
1697 569 1775 597 Pala-

988 623 1057 649 mas,
1080 615 1106 643 in
1125 617 1263 649 oratione,
1286 617 1365 652 cujus
1382 616 1491 644 initium
1510 625 1517 646 :
1539 617 1559 644 Α
1583 617 1686 648 Spiritu
1703 619 1773 645 exci-

987 665 1050 690 tatis
1066 660 1209 693 Palribus.’
1221 672 1231 689 ἰ
1247 663 1325 697 Quod
1342 671 1395 691 vox
1427 663 1594 695 iucreatum.
1611 663 1676 690 dum
1697 665 1774 698 adja-

987 714 1042 740 cet,
1072 717 1154 736 unam
1175 709 1308 741 ostendit,
1336 715 1365 737 et
1389 709 1533 744 a'qualem,
1559 716 1592 736 ac
1621 709 1774 744 simplicem

986 753 1130 787 Deitatem,
1152 762 1213 789 qua:
1240 755 1268 782 in
1279 754 1343 781 -hac
1371 753 1548 782 distinctione
1567 754 1687 782 videtur.
1712 755 1773 782 Ete-

986 800 1043 828 nim
1060 808 1141 827 omne
1161 800 1314 827 increatum
1327 800 1451 836 ejusdem
1472 801 1588 828 honoris
1606 805 1649 828 cst
1666 805 1694 828 et
1707 808 1774 828 con-

145 850 219 873 στοις
242 842 442 877 συναγομένοις
462 845 502 876 είς
516 844 545 871 ἐν
565 845 596 872 οὺ
622 845 723 881 μήποτ’
745 846 778 874 ἂν
794 847 908 880 γένοιτο.
922 856 931 873 ι

991 846 1148 878 iunctionis.
1170 853 1261 881 neque
1280 846 1307 873 in
1338 846 1468 873 increatis
1484 846 1511 873 in
1540 854 1624 873 unum
1650 847 1774 874 collectis

146 888 201 914 Καὶ
220 888 250 914 ὲν
265 888 353 923 ἑτέρῳ
367 886 397 916 οὗ
413 890 429 923 ὴ
443 890 526 925 ἀρχὴ.
545 879 789 926 ’Υποψιθυρίσας
799 879 933 920 τοίνυν·

991 891 1033 920 flet
1047 899 1167 926 unquam
1183 879 1358 926 compositio.
1377 901 1386 917 ι
1403 890 1437 919 Ει
1449 891 1476 918 in
1493 891 1546 918 alia
1560 892 1685 920 oratione
1700 913 1708 924 ,
1726 900 1774 920 cu-

156 941 164 957 t
179 933 233 959 Καὶ
245 933 306 960 οὐδὲ
321 933 402 960 τοῦτο
412 935 528 961 συνιδεῖν
551 936 661 970 ἴσχυσεν
679 938 694 964 ὁ
716 939 746 964 ἐν
762 937 868 969 τούτοις
886 938 935 970 τὰς

147 978 288 1011 συνθέσεις
302 980 430 1015 ἀφρόνως
446 981 664 1016 φανταζόμενος,
684 983 724 1015 ὡς
747 984 763 1018 ἠ
787 984 842 1010 τῶν
858 984 936 1011 ἀκτί-

147 1031 218 1050 στων
240 1024 288 1050 καὶ
310 1025 393 1057 δντως
411 1026 505 1053 ἁπλῶν
520 1027 679 1060 συνέλευσις
693 1028 734 1061 εις
755 1028 785 1055 ἓν
809 1029 935 1056 σύνθεσιν

146 1069 276 1104 οὐδεμίαν
292 1072 411 1105 ἐμποιεῖ.
435 1081 444 1097 ι
461 1072 516 1099 Καὶ
528 1074 542 1100 ό
558 1074 731 1108 χρηματίσας
743 1075 784 1106 είς
800 1075 935 1111 πατριάρ-

149 1123 201 1151 χην
221 1116 354 1147 Κόκκινος
367 1117 395 1143 ὲν
408 1116 429 1143 6'
444 1117 500 1144 τῶν
521 1118 551 1144 ιδ’
571 1119 729 1153 κεφαλαίων
741 1120 825 1146 αὐτοῦ
841 1129 935 1155 φησιν,

151 1170 160 1185 ι
185 1160 280 1196 Ἡμεῖς
295 1162 426 1196 μαθόντες
439 1163 492 1190 iub
511 1164 567 1190 τῶν
585 1164 682 1196 ἁγίων,
699 1165 740 1191 ὅτι
757 1165 816 1192 οὐδὲ
832 1166 878 1193 τὸν
888 1166 936 1193 ἄν·

149 1206 259 1242 θρωπον
271 1208 380 1235 ποιοῦσί
397 1217 463 1236 ποτε
478 1209 606 1237 σύνθετον
619 1211 653 1237 τὰ
670 1212 775 1245 φυσικὰ
791 1211 935 1246 ἰδιώματα,

149 1253 208 1281 ἀλλ’
224 1254 285 1281 οὐδὲ
313 1255 338 1281 οἱ
360 1256 480 1290 τεχνικοὶ
498 1257 572 1290 λόγοι
594 1258 642 1284 καὶ
660 1258 829 1293 ἐπιστῆμαι·
849 1259 938 1291 οὐδεὶς

149 1300 205 1335 γὰρ
231 1301 264 1327 ἂν
288 1300 360 1327 εἴποι
381 1301 446 1327 ποτὲ
468 1301 514 1328 τὸν
537 1302 684 1337 ἄνθρωπον
704 1303 844 1337 σύνθετον,
870 1305 937 1331 διότι
955 1322 958 1323 ν

150 1346 208 1381 ἔχει
220 1346 302 1380 φύσιν
319 1348 365 1373 καὶ
380 1347 521 1383 ἐνέργειαν
547 1348 676 1383 φυσικὴν,
695 1349 711 1384 ἢ
729 1349 796 1377 διότι
812 1350 869 1385 ἔχει
886 1351 939 1383 φύ-

151 1400 194 1418 σιν
211 1392 259 1419 καὶ
271 1392 368 1428 τέχνην
385 1393 621 1429 γραμματικὴν,ῆ
639 1396 807 1431 τεκτονικὴν,
821 1396 837 1430 ἢ
851 1404 938 1430 γεωρ-

152 1438 235 1474 γικὴν
247 1439 338 1474 τυχόν.
362 1439 392 1466 Εἰ
411 1439 439 1466 δὲ
464 1441 511 1468 ἐπὶ
534 1440 589 1466 τῶν
609 1441 764 1476 ἀνθρώπων
780 1442 877 1475 οὕτως,
892 1443 938 1469 ἐπὶ

150 1484 199 1511 τοῦ
218 1484 286 1511 Θεοῦ
302 1484 328 1511 τί
341 1485 393 1520 χρὴ
414 1484 514 1519 λέγειν,
531 1486 578 1513 τοῦ
596 1487 686 1514 πάντα
702 1488 849 1523 ὑπερφυῶς
862 1488 938 1523 έχον-

150 1539 215 1564 τος;
235 1531 315 1558 Ἀλλὰ
331 1531 455 1563 σύνθεσις
469 1531 574 1566 γίνεται
591 1532 639 1559 καὶ
659 1533 770 1567 λέγεται
787 1533 858 1566 τότε,
873 1534 938 1561 ὅταν

150 1576 198 1603 δύο
213 1577 364 1612 πράγματα
389 1577 484 1611 ἔχοντα
505 1577 535 1604 ἒν
553 1577 669 1605 ἕκαστον
689 1579 756 1606 ἰδίαν
778 1579 937 1613 ὑπόστασιν,

152 1622 201 1650 καὶ
213 1623 363 1657 δυνάμενον
377 1623 493 1650 ἕκαστον
503 1621 575 1650 εἶναι
591 1623 753 1660 θεωρεῖσθαι
768 1625 829 1651 καθ’
846 1626 937 1658 ἑαυτὸ,

151 1666 214 1702 δίχα
239 1666 287 1693 τοῦ
306 1667 400 1702 ἑτέρου
412 1674 419 1682 ·
437 1666 502 1694 ὅταν
525 1667 559 1693 τὰ
578 1667 690 1695 τοιαῦτα
708 1668 873 1695 συντεθῶσιν
892 1670 939 1695 καὶ

151 1709 291 1737 ἑνωθῶσιν
311 1710 439 1745 ἀλλήλοις
456 1711 495 1742 εἰς
511 1711 574 1745 μίαν
589 1710 751 1744 ὑπόστασιν,
774 1709 829 1738 οἷον
844 1712 939 1748 ῶσπερ

152 1757 182 1784 ἐν
201 1756 239 1791 τῷ
258 1755 396 1791 ἀνθρώπῳ
412 1755 486 1792 ψυχὴ
514 1757 562 1784 καὶ
584 1757 675 1792 σῶμα,
700 1757 717 1792 ἢ
749 1758 778 1784 ὲν
805 1759 839 1794 τῇ
865 1759 939 1795 οίκίᾳ

151 1803 222 1830 λίθοι
237 1803 285 1830 καὶ
305 1802 372 1836 ξύλα
391 1803 438 1829 καὶ
452 1802 572 1837 σίδηρος.
587 1803 681 1830 Ταῦτα
702 1804 756 1839 γὰρ
777 1804 839 1831 καθ’
853 1805 939 1832 ἑαυτᾶ

150 1849 255 1876 ἕκαστα
278 1849 428 1880 ὑπόστασις
445 1849 519 1879 δντα,
542 1849 606 1876 ὅταν
634 1850 784 1876 συντεθῶσι
810 1851 857 1877 καὶ
874 1852 940 1877 ἐνω-

153 1896 235 1922 θῶσιν
252 1895 377 1929 ἀλλήλοις
401 1896 441 1926 είς
466 1895 531 1929 μίαν
557 1895 716 1927 ὑπόστασιν,
742 1897 803 1922 τότε
829 1896 940 1930 λέγεται

154 1941 290 1972 σύνθεσις,
308 1940 369 1975 ἢτοι
380 1939 478 1972 ἐνωσις
493 1942 683 1968 ὲνυποστάτων
693 1940 740 1968 δύο
755 1943 938 1976 πραγμάτων,

152 1987 170 2022 ἥ
184 1988 231 2014 καὶ
245 1985 387 2013 πλειόνων.
406 1995 417 2012 ι
432 1986 487 2012 Καὶ
512 1987 541 2012 ὲν
563 1986 603 2021 τῷ
628 1986 704 2021 τόμῳ
733 1988 810 2023 κοινῇ
838 1988 940 2020 πάντες

152 2032 338 2067 ἀπεφήναντο,
359 2040 368 2057 ι
385 2031 463 2058 Μετά
486 2031 565 2059 τοῦτο
579 2031 765 2067 ,ἐζητήσαμεν
791 2035 867 2068 παρὰ
884 2034 940 2061 τῶν

151 2078 239 2111 ἁγίων
261 2079 286 2104 εί
315 2078 448 2113 μηδεμίαν
466 2077 524 2112 ἔχοι
543 2085 585 2108 τις
610 2076 643 2104 ἂν
668 2078 797 2114 ἐπινοεῖν,
814 2079 940 2106 σύνθεσιν

153 2127 199 2152 ἐπὶ
213 2125 280 2152 Θεοῦ
295 2125 339 2152 διὰ
364 2125 414 2160 τὴν
439 2124 488 2159 τῆς
509 2124 585 2155 θείας
607 2124 702 2156 οὐσίας
726 2124 775 2150 καὶ
801 2125 940 2160 ἐνεργείας

151 2172 295 2207 διαφοράν,
319 2170 481 2206 ’Λπεδείχθη
495 2168 543 2197 οὖν
562 2170 636 2205 παρὰ
652 2171 705 2197 τῶν
721 2171 806 2205 ἁγίων
831 2171 940 2198 πάντων

984 938 1029 972 jus
1051 937 1182 965 initium:
1208 937 1276 964 Cum
1299 937 1492 964 insusurrans!
1517 938 1618 973 igitur:
1641 947 1651 963 ‹
1679 937 1774 972 Neque

987 984 1039 1011 hoc
1057 983 1213 1019 perspicere
1236 983 1333 1016 valuit,
1350 983 1398 1018 qui
1425 983 1452 1010 in
1471 983 1531 1010 istis
1559 982 1775 1018 compositiones

987 1032 1071 1059 stulte
1086 1030 1263 1065 imaginatur,
1278 1030 1351 1064 quod
1369 1030 1395 1056 in
1413 1037 1498 1056 unum
1516 1037 1667 1057 concursus
1681 1037 1774 1056 rerum

988 1077 1184 1108 increatarum,
1208 1080 1237 1103 et
1267 1083 1361 1103 revera
1386 1074 1565 1109 simplicium,
1593 1074 1773 1109 compositio-

987 1129 1049 1148 nem
1081 1121 1182 1147 nullam
1216 1120 1290 1147 facit.
1318 1129 1327 1146 ›
1351 1119 1385 1146 Et
1411 1118 1547 1146 Coccinus
1565 1118 1621 1150 ille,
1642 1119 1689 1153 qui
1722 1118 1774 1145 fuit

987 1166 1156 1202 patriarcha,
1172 1166 1199 1192 in
1215 1173 1288 1192 nono
1308 1165 1452 1199 capileex
1466 1164 1500 1192 iis
1513 1163 1660 1191 duodecim
1676 1164 1773 1198 capiti:

989 1213 1051 1242 bus.
1067 1220 1128 1246 qtue
1144 1211 1232 1238 edidit
1246 1231 1253 1243 ,
1281 1220 1290 1236 ε
1318 1210 1384 1242 Nos,
1400 1210 1449 1243 ait,
1479 1218 1542 1237 cum
1566 1210 1746 1238 didicerimus
1759 1217 1775 1237 a

989 1257 1100 1287 sanctis.
1113 1257 1186 1292 quod
1205 1264 1295 1291 neque
1314 1256 1454 1283 hominem
1475 1256 1581 1284 faciunt
1595 1256 1777 1291 proprietates

990 1304 1130 1331 naturales
1153 1311 1274 1338 unquam
1298 1302 1494 1337 compositum,
1507 1302 1555 1330 sed
1580 1310 1671 1337 neque
1690 1302 1778 1329 artill-

989 1348 1056 1375 ciosi
1094 1355 1235 1375 sermones
1253 1352 1281 1375 ct
1295 1347 1459 1383 disciplinae.
1478 1347 1565 1375 Nemo
1587 1348 1661 1375 enim
1675 1346 1778 1374 dixerit

991 1399 1113 1428 unquam
1139 1393 1280 1420 hominem
1307 1392 1504 1427 compositum,
1531 1391 1660 1427 quoniam
1694 1391 1777 1418 habet

991 1444 1116 1465 naturam
1131 1442 1158 1465 et
1175 1438 1364 1472 operationem
1399 1437 1564 1469 naturalem,
1581 1437 1625 1465 vel
1640 1437 1714 1472 quod
1729 1437 1778 1463 ha-

992 1486 1058 1513 beat
1073 1480 1213 1516 naturam.
1237 1488 1266 1511 et
1288 1487 1374 1511 artem
1393 1484 1611 1518 grammaticam.
1623 1483 1665 1510 vel
1691 1482 1777 1510 fabri-

989 1531 1054 1560 lem.
1070 1530 1112 1557 vel
1128 1530 1218 1557 forsan
1232 1526 1319 1557 artem
1338 1529 1522 1564 agriculturte.
1538 1528 1616 1561 Quod
1633 1528 1656 1556 si
1683 1528 1711 1555 in
1727 1528 1778 1555 ho-

990 1576 1112 1604 minibus
1131 1575 1168 1603 ita
1188 1583 1218 1604 se
1234 1582 1279 1603 res
1300 1575 1394 1607 habet,
1415 1574 1482 1609 quid
1504 1575 1532 1602 in
1546 1575 1604 1602 Deo
1626 1573 1775 1601 dicendum

989 1629 1042 1655 est.
1062 1624 1108 1660 qui
1124 1623 1216 1651 omnia
1238 1622 1487 1658 supernaturaliter
1502 1621 1604 1648 habet?
1626 1621 1679 1648 Sed
1699 1628 1776 1648 com-

989 1671 1091 1706 positio
1106 1674 1172 1697 tunc
1187 1670 1217 1696 iit
1239 1673 1268 1696 et
1286 1667 1399 1700 dicitur,
1414 1666 1525 1702 quando
1544 1666 1605 1694 dua:
1619 1674 1664 1694 res
1679 1666 1776 1701 singu-

989 1716 1022 1744 lae
1044 1715 1149 1743 habent
1165 1713 1305 1750 propriam
1333 1713 1554 1744 subsistentiam,
1570 1720 1686 1747 quarum
1708 1719 1777 1739 una-

990 1768 1104 1797 quaeque
1117 1759 1206 1796 possit
1228 1767 1289 1787 esse
1308 1767 1357 1794 per
1371 1766 1411 1791 se,
1424 1763 1452 1785 et
1470 1757 1643 1786 considerari
1661 1758 1720 1786 sine
1734 1758 1776 1785 al-

991 1812 1059 1839 tera,
1096 1805 1206 1841 quando
1233 1804 1366 1839 ejusmodi
1395 1804 1546 1839 composita
1574 1808 1603 1831 et
1630 1803 1777 1838 conjuncta

991 1851 1095 1880 iuerint
1119 1851 1153 1878 ad
1176 1851 1293 1878 invicem
1316 1850 1344 1878 in
1362 1857 1444 1878 unam
1467 1849 1684 1882 subsistentiam,
1699 1848 1777 1876 verbi

990 1897 1090 1933 gratia.
1108 1901 1137 1924 ut
1151 1896 1179 1924 in
1195 1896 1306 1923 homine
1321 1895 1412 1923 anima
1432 1900 1460 1924 et
1476 1903 1588 1931 corpus,
1606 1895 1647 1923 vel
1666 1896 1692 1923 in
1709 1902 1778 1922 con-

991 1942 1124 1971 struenda
1153 1941 1234 1969 domo
1263 1941 1369 1977 lapides
1386 1962 1393 1974 ,
1414 1941 1487 1976 ligna
1513 1945 1542 1968 et
1570 1940 1692 1972 ferrum;
1720 1940 1778 1968 hac

991 1989 1065 2017 enim
1085 1987 1191 2023 singula
1202 1995 1260 2023 per
1274 1995 1304 2015 se
1318 1986 1524 2015 subsistentiam
1545 1986 1657 2019 habent.
1672 1990 1701 2014 et
1715 1993 1778 2014 cum

990 2035 1139 2071 conjuncta
1168 2037 1197 2061 et
1211 2033 1365 2069 composita
1385 2033 1458 2060 inter
1489 2039 1519 2060 se
1536 2032 1563 2059 in
1585 2039 1668 2059 unam
1685 2031 1778 2059 subsi-

990 2079 1119 2108 stentiam
1146 2079 1260 2112 fuerint,
1275 2082 1341 2105 tunc
1349 2077 1451 2105 dicitur
1464 2077 1639 2112 compositio,
1653 2077 1696 2104 vel
1711 2084 1780 2104 con-

988 2125 1096 2162 junctio
1106 2125 1222 2152 duarum
1235 2131 1339 2154 rerum.
1349 2123 1392 2150 vel
1404 2122 1526 2158 plurium
1538 2122 1776 2150 subsistendum.»

992 2172 1027 2199 Et
1064 2171 1093 2198 in
1121 2175 1196 2198 tomo
1224 2169 1410 2197 communiter
1450 2175 1547 2196 omnes
1569 2167 1753 2195 decreverunt
1771 2176 1802 2203 τη

153 2219 365 2252 κηρυττόμενον,
390 2217 428 2248 ὡς
454 2217 504 2243 οὐκ
530 2216 589 2243 ἐστι
620 2215 746 2243 σύνθεσίν
775 2224 837 2243 τινα
863 2217 937 2252 παρὰ

994 2226 1003 2243 ι
1026 2216 1091 2244 Post
1115 2215 1174 2243 haec
1196 2214 1372 2250 quaesivimus
1398 2221 1414 2241 a
1437 2212 1553 2246 sanctis,
1584 2217 1678 2240 utrum
1693 2211 1780 2247 possit

152 2264 231 2291 τοῦτο
247 2262 367 2298 νομίζειν
383 2263 428 2289 ἐπὶ
444 2263 491 2289 τοῦ
507 2262 587 2289 Θεοῦ.
625 2272 634 2288 ι
653 2263 707 2288 Καὶ
727 2263 756 2288 ἐν
775 2263 831 2293 τοῖς
842 2262 940 2288 ἀναθε-

154 2310 300 2345 ματισμοίς
315 2308 337 2335 δ’
347 2308 500 2343 ἓχφωνοῦσι
510 2317 518 2324 ’
533 2317 542 2334 ‹
556 2309 618 2339 Τοῖς
629 2308 757 2343 φρονοῦσι
772 2309 818 2334 καὶ
831 2308 942 2342 λέγουσι

155 2356 281 2382 σύνθεσίν
298 2364 360 2382 τινα
374 2355 441 2386 ὅλως
455 2354 499 2381 διὰ
513 2354 598 2381 ταῦτα
614 2354 740 2388 γίνεσθαι
751 2354 797 2381 ἐπὶ
809 2354 888 2386 Θεοῦ,
903 2355 941 2389 μὴ

156 2401 326 2435 πειθομένοις
351 2400 378 2427 δὲ
398 2401 430 2435 τῇ
447 2400 501 2426 τῶν
515 2400 602 2434 ἁγίων
617 2399 787 2435 διδασκαλίᾳ,
807 2399 941 2435 μηδεμίαν

155 2447 282 2474 σύνθεσιν
299 2447 352 2473 ἀπὸ
369 2446 423 2473 τῶν
438 2445 561 2481 φυσικῶν
576 2447 605 2472 ἐν
617 2447 651 2481 τῇ
667 2446 748 2480 φύσει
765 2446 888 2480 γίνεσθαι
899 2446 941 2472 δι-

154 2493 322 2525 δασκόντων,
349 2493 387 2525 ὼς
416 2494 476 2520 καθ’
504 2492 581 2519 οὐδὲν
606 2493 715 2524 πάντως
743 2492 792 2528 τὴν
808 2493 940 2527 διαφορὰν

155 2538 259 2574 ταύτην
273 2539 476 2574 λυμαινομένην
489 2539 521 2573 τῇ
542 2539 602 2572 θείᾳ
618 2539 760 2572 ἁπλότητι,
776 2538 909 2573 ἀνάθεμα.
927 2547 938 2565 ι

994 2262 1131 2298 quispiam
1147 2261 1228 2288 ullam
1249 2259 1478 2295 compositionem
1497 2259 1526 2286 in
1541 2258 1596 2286 Deo
1607 2257 1781 2286 animadver-

992 2313 1051 2337 tere
1075 2311 1189 2343 propter
1206 2306 1403 2337 diﬂ'erentiam,
1427 2312 1489 2341 quae
1508 2309 1551 2332 est
1572 2305 1644 2332 inter
1659 2304 1780 2332 divinam

990 2354 1171 2384 substantiam
1201 2358 1229 2381 et
1262 2352 1460 2388 operationem.
1491 2354 1638 2380 Ostensum
1661 2355 1703 2378 est
1729 2350 1781 2386 igi-

991 2407 1037 2430 tur
1062 2409 1078 2429 a
1109 2399 1213 2428 sanctis
1243 2399 1371 2427 omnibus
1395 2398 1573 2434 praedicatum
1591 2398 1686 2430 fuisse,
1707 2395 1782 2430 quod

990 2448 1095 2476 nullam
1120 2445 1350 2481 compositionem
1373 2448 1486 2479 propter
1503 2444 1529 2471 id
1558 2443 1585 2471 in
1603 2443 1660 2470 Deo
1685 2442 1783 2469 existi~

991 2501 1067 2521 mare
1092 2493 1167 2520 licet.
1185 2501 1194 2518 ι
1210 2492 1244 2519 Ει
1260 2491 1286 2518 in
1305 2489 1542 2518 auathematismis
1574 2488 1755 2524 pronuntiant
1771 2496 1779 2515 :

997 2547 1007 2564 ι
1027 2538 1064 2566 lis
1086 2537 1133 2573 qui
1150 2535 1286 2569 sentiunt,
1308 2543 1339 2563 ac
1356 2535 1463 2568 dicunt,
1481 2533 1710 2569 compositionem
1734 2533 1783 2561 ali-

157 2594 240 2622 quam
256 2587 369 2614 omnino
382 2590 495 2621 propler
512 2586 570 2613 haec
586 2586 612 2613 in
628 2586 682 2613 Deo
703 2585 773 2615 ﬁeri.
789 2593 878 2621 neque
909 2585 1043 2615 doctrinae
1062 2588 1221 2613 sanctorum
1256 2584 1450 2618 acquiescunt,
1468 2582 1515 2618 qui
1546 2582 1646 2610 docent
1677 2581 1781 2609 nullam

154 2633 382 2667 compositionem
409 2633 468 2660 lieri
495 2640 528 2660 ex
555 2632 729 2660 naturalibus
766 2633 793 2659 in
825 2620 934 2666 natura,
974 2639 1037 2659 cum
1072 2630 1228 2659 dill'erentia
1252 2630 1312 2658 haec
1334 2629 1410 2663 nihil,
1427 2632 1526 2656 noceat
1544 2627 1659 2655 omnino
1682 2620 1782 2655 divinae

157 2680 339 2714 simplicitati.
361 2681 519 2707 anathema.
538 2690 548 2706 ι

192 2728 254 2754 Ἔτι
276 2727 486 2761 δογματίζουσιν
501 2727 542 2753 ὅτι
560 2727 633 2753 κατὰ
646 2735 708 2754 τινα
721 2727 868 2762 τρόπονοῦ
881 2726 940 2753 δια-

155 2773 296 2807 γρίνονται
310 2773 433 2807 ἀλλήλων
446 2773 481 2799 τὰ
493 2773 556 2807 τρία
577 2771 627 2806 τῆς,
650 2772 778 2808 θεότητος
795 2773 940 2808 πρόσωπα,

156 2816 174 2856 ᾖ
185 2819 328 2855 πρόσωπα,
339 2818 405 2846 ἀλλὰ
415 2820 462 2846 καὶ
475 2818 541 2854 πρὸς
550 2818 599 2850 τὰς
608 2818 736 2854 δυνάμεις
747 2818 792 2845 καὶ
803 2819 942 2854 ἐνεργείας

1033 2727 1170 2753 Praeterea
1187 2725 1383 2761 dogmatizant,
1402 2723 1474 2760 quod
1492 2730 1547 2750 non
1569 2722 1780 2758 distinguuntur

998 2772 1116 2808 quodam
1141 2771 1223 2798 modo
1251 2772 1323 2798 inter
1351 2778 1380 2797 sc
1409 2774 1466 2797 tres
1490 2769 1606 2796 Deitatis
1633 2773 1780 2802 personae.

996 2824 1132 2855 quatenus
1160 2825 1284 2853 personae
1309 2822 1384 2846 sunt.
1407 2817 1460 2845 Sed
1486 2822 1513 2846 ct
1534 2817 1567 2843 ad
1594 2814 1729 2851 potentias
1752 2816 1782 2840 et
