1942 3091
155 122 211 153 859

789 123 980 154 DEMETRII
1000 124 1159 155 CYDONII

1725 121 1782 153 860

158 175 336 210 operationes
356 177 513 205 alternatim
537 184 566 206 se
579 177 684 206 habent
711 184 844 212 personae.
859 179 946 213 Atque

1008 180 1114 213 ςναλλὰξ
1122 181 1212 216 ἔχουσι
1224 181 1258 207 τα
1272 188 1416 216 προσωπα.
1427 179 1482 206 Καί
1494 187 1576 214 φησιν
1592 179 1606 205 ὁ
1622 178 1755 213 “alapa;
1763 179 1795 205 ἐν

157 222 255 249 asserit
291 222 415 250 Fair-mas
451 223 477 250 iu
502 225 645 255 oratione,
672 231 760 258 quam
780 223 891 258 scripsit
915 222 949 250 ad

158 267 278 294 Paulum
302 268 397 296 Asan:
417 277 426 294 ι
447 268 563 302 Quando
587 269 713 296 divinum
732 277 834 297 numen
851 268 950 296 dividi-

161 319 206 340 tur
221 314 373 341 secundum
399 315 574 349 hypostases,
595 315 845 343 indivisibilitatem
865 314 950 343 habet

158 360 308 388 secundum
325 361 517 395 operationes;
531 361 641 396 quando
649 369 715 389 vero
727 361 879 389 secundum
894 369 944 396 po-

159 407 260 434 tentias
280 411 308 433 et
330 406 505 441 operationes
528 406 671 436 dividitur.
706 406 874 434 indivisibile
893 414 952 433 ma-

162 457 210 479 net
227 451 378 479 secundum
399 452 569 487 liypostases.
588 461 597 478 ι
626 452 660 480 Ει
688 453 716 479 in
729 452 782 479 alia
802 452 928 480 oratione
940 471 949 485 ,

161 499 240 532 cujus
274 498 402 524 initium:
422 498 517 525 Merito
537 498 620 533 igitur
641 499 728 525 oratio
750 505 760 525 :
779 507 788 524 ι
816 497 951 531 Quoniam

160 544 234 571 enim
249 544 401 571 secundant
418 543 583 579 hypostases
608 549 635 572 et
650 544 829 579 operationes
844 544 952 572 Numen

161 589 285 616 divinum
299 589 488 624 distinguitur,
502 589 653 618 diversitas
667 589 821 617 secundum
836 589 952 617 alteram

162 635 371 663 distinctionem
388 636 522 668 cernitur,
535 643 596 662 cum
615 636 770 663 alternatim
785 636 819 664 ad
835 636 953 663 invicem

163 686 194 705 se
218 677 349 705 habeant.
373 678 440 706 Nam
458 679 614 706 divinarum
637 679 820 714 liypostaseon
842 679 954 714 propria

165 723 278 749 nomina
297 727 362 750 sunt
383 723 542 750 communia
566 723 797 759 operationibus,
812 732 874 759 quae
888 732 954 753 vero

163 773 230 796 sunt
245 770 403 796 communia
422 770 627 805 bypostasibus,
641 769 799 798 divinarum
816 771 956 806 operatio.

162 822 228 841 num
244 815 314 841 ﬁunt
331 814 453 850 propria.
474 825 483 841 ι

201 860 335 888 Praeterea
355 861 552 896 dogmatizant,
569 870 623 889 non
646 863 773 891 suﬂicere
787 864 835 891 uni
851 864 952 892 Deitati

165 907 247 934 trium
261 915 440 942 personarum
457 909 618 942 potentiam
636 914 663 937 et
681 909 870 944 operationem
891 917 953 938 esse

164 960 215 988 per
241 961 269 980 se
285 954 474 987 exsisteutem,
497 960 525 982 et
549 963 598 990 per
621 963 651 983 se
680 955 886 986 subsistentem.
904 955 952 983 sed

165 1006 236 1033 opus
253 999 336 1026 etiam
353 1000 390 1026 illi
409 1008 469 1027 esse
492 1001 571 1028 aliam
593 1009 703 1036 quoque
724 1009 778 1029 non
802 1001 955 1029 subsisten-

164 1049 231 1077 tem,
248 1049 276 1072 et
298 1046 396 1072 asserit
419 1046 543 1074 Palamas
560 1047 586 1074 in
616 1055 670 1074 uno
694 1055 728 1074 ex
747 1047 804 1074 suis
818 1046 953 1081 dialogis:

168 1100 177 1117 ι
199 1091 277 1118 Pater
293 1092 405 1127 quidem
433 1092 516 1119 habet
531 1092 641 1124 Filium,
664 1094 840 1128 sapientiam,
861 1097 888 1120 et
908 1100 955 1128 po-

164 1137 289 1170 tentiam,
302 1143 386 1173 atque
399 1139 480 1165 vitam
494 1142 524 1165 et
538 1139 729 1174 operationem
745 1139 953 1166 substantialem

163 1188 191 1210 et
204 1183 356 1211 naturalem
369 1193 376 1216 ;
393 1184 480 1211 Filius
493 1190 585 1211 autem
599 1185 653 1211 erit
669 1185 726 1212 siue
743 1186 879 1220 potentia,
892 1186 953 1213 sine

165 1229 219 1255 vita
249 1234 277 1256 et
296 1229 355 1256 sine
371 1230 550 1264 operatione;
563 1230 605 1257 vel
623 1230 705 1258 etiam
726 1235 782 1258 tota
798 1231 953 1259 substantia

165 1280 266 1302 sancte
290 1274 446 1302 Trinitatis.
481 1285 490 1301 ι
521 1275 554 1302 Ει
578 1275 604 1302 in
638 1280 713 1303 tomo
743 1277 870 1312 synodice
896 1277 954 1305 haec

160 1321 308 1349 ouunliaut
323 1330 331 1348 :
349 1331 358 1347 ι
377 1322 414 1348 Ex
431 1322 474 1349 his
491 1321 575 1357 igitur
590 1328 684 1350 sancta
696 1322 827 1358 synodus,
838 1322 955 1350 Eviden-

166 1372 219 1400 ter,
237 1367 337 1402 inquit,
360 1372 501 1395 ostensum
517 1373 570 1401 est,
595 1369 668 1402 quod
699 1369 746 1403 qui
763 1364 841 1401 dicit,
864 1369 953 1396 solum

165 1413 264 1442 Filium
280 1418 309 1440 et
335 1413 470 1448 Spiritum
486 1419 612 1440 sanctum
626 1414 804 1448 operatioues
817 1414 954 1442 increatas

164 1467 225 1487 esse
246 1460 304 1492 Dei,
330 1465 459 1494 tauquam
482 1459 528 1494 qui
557 1467 612 1486 non
640 1465 751 1488 censeat
779 1468 952 1488 communem

1001 226 1073 262 λόγῳ
1085 227 1124 261 τῷ
1136 227 1204 263 πρὸς
1220 226 1324 253 Παῦλον
1334 226 1379 253 τὸν
1400 225 1496 257 Ἀσὰν,
1510 234 1519 250 ι
1539 224 1635 251 Ἡνίκα
1647 225 1794 259 διαιρεῖται

1001 272 1032 299 τὸ
1048 274 1127 300 Θεῖον
1153 273 1224 299 κατὰ
1249 272 1297 304 τὰς
1315 271 1488 303 ὑποστάσεις,
1510 271 1541 298 τὺ
1567 271 1720 305 ἀδιαίρετον
1735 271 1793 303 ἔχει

1001 317 1071 344 κατὰ
1081 317 1131 349 τὰς
1141 317 1280 351 ἐνεργείας
1290 325 1298 333 ο
1311 317 1394 352 ἡνίκα
1405 318 1433 343 δὲ
1458 317 1529 343 κατὰ
1542 317 1590 347 τὰς
1604 316 1732 350 δυνάμεις
1744 316 1793 341 καὶ

1001 363 1142 398 ἐνεργείας
1165 363 1322 398 διαιρεῖται,
1352 362 1429 397 μένει
1457 363 1529 388 κατὰ
1555 362 1604 393 τὰς
1629 361 1794 391 ὑποστάσεις

1001 409 1165 444 ἀδιαίρετον.
1185 419 1194 436 ι
1218 409 1272 435 Καὶ
1291 409 1319 435 ἐν
1334 408 1431 443 ἑτέρῳ,
1453 404 1484 435 ab
1503 409 1520 443 ἡ
1544 408 1626 442 ἀρχὴ,
1653 407 1795 441 Εἰιλόγως

999 455 1057 490 μὲν
1070 453 1128 483 οὖν
1142 456 1159 482 ό
1169 455 1260 489 λόγος
1269 463 1276 471 ’
1295 464 1305 481 ι
1328 454 1403 482 Ἐπεὶ
1417 455 1472 489 γὰρ
1486 454 1557 481 κατὰ
1569 454 1618 485 τὰς
1631 453 1796 485 ὑποστάσεις

1003 501 1050 528 καὶ
1071 501 1122 533 τὰς
1143 502 1285 537 ἐνεργείας
1310 501 1478 536 διακρίνεται
1500 501 1530 527 τὸ
1555 500 1642 531 Θεϊον,
1665 499 1796 534 ἑτερότης

1006 547 1067 574 καθ’
1080 547 1178 582 ἑτέραν
1194 547 1334 582 διάκρισιν
1351 547 1449 582 ὁρᾶται
1463 546 1576 579 ἐναλλὰξ
1592 545 1660 580 πρὸς
1675 545 1796 579 ἀλλήλας

1004 593 1132 629 ἐχουσῶν.
1153 593 1194 620 Τὰ
1215 593 1265 628 μὲν
1286 594 1340 628 γὰρ
1362 593 1415 619 ἴδια
1431 593 1486 620 τῶν
1514 593 1596 619 θείων
1617 591 1796 618 ὑποστάσεων

1004 639 1124 674 ὀνόματα
1143 640 1222 667 κοινά
1248 640 1308 666 ἐστι
1324 640 1385 671 ταῖς
1412 639 1576 673 ἐνεργείαις,
1600 638 1634 664 τὰ
1662 638 1691 664 δὲ
1716 646 1758 663 wn
1779 639 1797 662 ἁ

1005 685 1064 717 ταῖς
1090 685 1283 719 ὑποστάσεσιν,
1296 685 1351 712 ἴδια
1375 685 1430 712 τῶν
1457 685 1538 712 θείων
1565 683 1712 721 ἐνεργειῶν
1733 683 1797 710 ὀνό-

1007 739 1091 766 ματα.
1112 740 1122 757 ι

1044 866 1106 893 Ἔτι
1125 865 1322 899 δογματίζουσι
1335 865 1372 900 μὴ
1389 864 1516 899 ἐξαρκεῖν
1534 866 1567 900 τῇ
1585 865 1797 898 τρισυποστάτῳ

1008 911 1118 947 θεότητι
1146 911 1341 946 αὺθύπαρκτον
1366 911 1412 938 καὶ
1439 911 1646 937 αὺθυπίστατον
1678 909 1797 944 δύναμιν

1007 956 1055 983 καὶ
1067 956 1208 992 ἐνέργειαν
1233 956 1321 989 εἶναι,
1345 955 1413 983 ἀλλὰ
1437 955 1612 991 προσδεῖσθαι
1635 955 1681 982 καὶ
1701 955 1797 988 ἐτέρας

1007 1002 1204 1029 ἀνυποστάτου,
1237 1002 1292 1029 Καί
1322 1011 1405 1037 φησιν
1432 1002 1446 1028 ό
1468 1002 1600 1037 Παλαμᾶς
1625 1001 1653 1029 ἐν
1671 1010 1725 1028 τινι
1740 1002 1797 1028 τῶν

1007 1047 1138 1082 διαλόγων
1155 1048 1255 1074 αὐτοῦ’
1276 1057 1286 1074 ι
1310 1049 1339 1074 '0
1362 1048 1410 1082 μὲν
1437 1047 1531 1082 Πατὴρ
1559 1047 1617 1083 ἔχει
1636 1047 1734 1082 σοφίαν
1749 1047 1797 1074 καὶ

1007 1093 1122 1126 δύναμιν
1139 1094 1186 1120 καὶ
1202 1093 1275 1128 ζωὴν
1298 1093 1347 1120 καὶ
1367 1093 1508 1127 ἐνέργειαν
1531 1093 1576 1119 τὸν
1596 1093 1658 1120 Υίὸν
1678 1093 1796 1127 οὐσιώδη

1007 1142 1055 1167 καὶ
1075 1140 1194 1174 φυσικήν
1205 1148 1211 1155 ’
1228 1140 1241 1166 6
1256 1139 1284 1166 δέ
1304 1140 1369 1170 Υίδς
1386 1139 1516 1170 ἀδύνατος
1534 1138 1611 1165 ἔσται
1632 1140 1679 1166 καὶ
1695 1138 1796 1171 ἄζωος,

1008 1188 1055 1215 καὶ
1080 1187 1274 1222 ἁνενέργητος.
1347 1187 1395 1212 καὶ
1412 1186 1461 1220 ὅλη
1491 1187 1508 1221 ἠ
1542 1186 1621 1212 οὐσία
1645 1187 1694 1220 τῆς
1713 1187 1798 1220 ἁγίας

1008 1233 1135 1268 Τριάδος.
1148 1242 1157 1258 ι
1174 1233 1227 1259 Καὶ
1238 1233 1267 1258 ἐν
1283 1231 1322 1267 τῷ
1338 1232 1414 1267 τόμῳ
1426 1232 1572 1264 συνοδικῶς
1582 1232 1778 1266 ἀποφαίνονται
1788 1241 1796 1249 ·

1011 1288 1020 1305 ι
1047 1278 1094 1305 Ἐκ
1112 1278 1143 1312 δὴ
1169 1277 1271 1304 τούτων
1297 1279 1313 1313 ἡ
1330 1277 1389 1304 θεία
1407 1278 1526 1310 σύνοδος,
1547 1278 1645 1312 Σαφῶς
1661 1278 1799 1305 ἀποδέδει-

1007 1333 1081 1356 κται,
1101 1325 1193 1359 φησὶν,
1219 1325 1257 1355 ὡς
1288 1326 1302 1351 ό
1327 1324 1414 1358 λέγων
1439 1325 1519 1359 μόνον
1540 1325 1587 1351 τὸν
1610 1325 1684 1357 Υίδν,
1703 1325 1750 1351 καὶ
1765 1325 1798 1351 τὺ

1009 1370 1121 1404 Πνεῦμα
1133 1369 1163 1396 τὸ
1177 1369 1254 1403 ἅγιον
1264 1370 1408 1401 ἀκτίστους
1421 1369 1562 1405 ἐνεργείας
1576 1368 1644 1396 εἶναι
1657 1369 1702 1396 τοῦ
1715 1370 1797 1401 Θεοῦ.

1007 1415 1045 1447 ὡς
1061 1415 1098 1450 μὴ
1111 1415 1205 1449 κοινὴν
1221 1415 1362 1450 ἐνέργειαν
1379 1415 1498 1447 δοξάζων
1512 1416 1632 1450 φυσικὴν
1646 1415 1701 1442 τῶν
1714 1415 1798 1450 τριῶν

1007 1461 1196 1493 ὕποστάσεων,
1213 1460 1263 1495 τὴν
1281 1460 1424 1496 Μαρκέλου
1449 1461 1497 1488 καὶ
1515 1461 1649 1488 Φωτεινοῦ
1679 1462 1727 1488 καὶ
1742 1461 1800 1488 Σω-

165 1506 356 1541 operationem
380 1507 536 1533 naturalem
561 1506 645 1532 trium
671 1506 865 1542 hypostaseon,
885 1505 955 1533 Mar-

1009 1508 1120 1543 φρονίου
1143 1508 1250 1543 αἰρεσιν
1270 1508 1355 1534 πάλαι
1369 1507 1534 1542 τεθνηκυῖαν
1550 1509 1597 1535 καὶ
1621 1509 1801 1543 καταργηθῆ-

167 1551 240 1584 ευίὶί,
264 1556 292 1578 et
313 1552 436 1584 Pliot.ni,
450 1559 533 1587 atque
551 1551 702 1586 Sophrouii
736 1551 863 1578 ha-resim
890 1551 956 1578 olim

165 1598 336 1626 delnortuam
360 1602 388 1625 et
409 1598 539 1625 abolitam
568 1599 594 1625 in
621 1597 770 1624 Ecclesiam
793 1596 839 1624 Dei
875 1596 958 1624 audet

166 1644 307 1673 inducere.
334 1655 342 1670 ι
368 1645 399 1672 Et
426 1645 507 1679 paqu
531 1649 610 1679 past:
634 1654 644 1670 ι
661 1644 747 1671 Nobis
771 1652 836 1672 vero
875 1644 958 1670 modo

169 1697 278 1719 nonest
294 1700 384 1719 seruio
404 1692 436 1719 de
458 1692 521 1723 bac,
544 1691 592 1718 sed
617 1691 652 1718 de
672 1690 824 1723 communi,
844 1698 904 1724 quae
917 1695 958 1717 est

169 1738 253 1764 unius
271 1738 353 1765 trium
371 1745 555 1773 personarum
572 1737 700 1768 Deitatis.
722 1744 783 1770 qua!
802 1735 958 1771 bypostasis

169 1791 224 1810 non
252 1788 305 1815 est,
335 1783 383 1810 sed
408 1789 518 1812 natura.
545 1788 573 1810 et
602 1782 851 1815 superuaturaliter
880 1781 959 1809 adest

166 1829 315 1863 unicuique
331 1829 486 1855 divinarum
503 1829 556 1864 hyp
575 1832 696 1855 staseon.
712 1837 721 1853 ι

205 1875 343 1902 Praeterea
367 1874 554 1909 dogmatizant
575 1881 624 1900 eos
645 1873 691 1907 qui
711 1872 784 1907 apud
801 1873 876 1907 ipsos
892 1879 958 1907 pur-

164 1925 275 1956 gantur,
295 1924 323 1947 ct
344 1920 477 1954 ejusmodi
500 1918 690 1953 Operationum
718 1918 826 1948 elTecta,
850 1918 959 1945 increa-

168 1973 221 1997 tos,
244 1971 272 1993 et
298 1966 417 1993 iucrcata
442 1965 572 1992 evadere.
600 1965 689 1998 Atque
709 1965 748 1991 ait
771 1964 898 1991 Palamas
929 1965 957 1992 in

166 2012 286 2047 epistola
300 2011 333 2038 ad
355 2010 549 2046 Aciudyuum:
566 2018 575 2036 ι
594 2010 712 2037 Videsne
738 2009 810 2037 clare
827 2009 899 2044 quod
917 2009 960 2036 in-

167 2063 263 2085 .ereata
292 2057 327 2085 sit
351 2057 455 2092 gratia?
484 2055 545 2084 Non
571 2060 676 2083 tantum
704 2061 795 2082 autem
823 2055 958 2091 ejusmodi

169 2104 258 2139 gratia
275 2108 315 2130 est
333 2103 464 2134 iucreata.
483 2102 530 2130 sed
548 2107 577 2130 et
592 2101 718 2130 eil‘ectum
736 2101 892 2138 hujusmodi
910 2102 957 2129 Dei

168 2149 339 2185 operationis
357 2149 510 2177 inereatum
525 2154 577 2176 est.
591 2148 740 2183 Propterea
763 2148 846 2183 igitur
863 2152 890 2175 et
902 2155 959 2175 ma-

1010 1563 1059 1581 σαν
1074 1555 1112 1586 είς
1125 1554 1174 1589 τὴν
1201 1555 1364 1590 Ἐκκλησίαν
1386 1555 1475 1590 τολμᾷ
1492 1555 1671 1590 παρεισάγειν
1686 1554 1764 1582 Θεοῦ.
1785 1564 1796 1580 ι

1008 1600 1063 1628 Καὶ
1078 1601 1137 1636 μετ’
1152 1600 1247 1634 ὀλίγα·
1269 1609 1279 1626 ι
1306 1600 1388 1634 Ἡμῖν
1403 1600 1431 1626 δὲ
1451 1600 1553 1635 ἀρτίως
1566 1601 1581 1626 ό
1591 1600 1670 1635 λόγος
1684 1600 1715 1627 οὺ
1732 1602 1799 1635 πρὶ.

1008 1647 1119 1682 ταύτης,
1139 1646 1208 1673 ἀλλὰ
1232 1647 1296 1682 περὶ
1313 1646 1363 1681 τῆς
1389 1647 1483 1682 κοινῆς
1506 1647 1556 1681 τῆς
1579 1646 1798 1681 τρισυποστὲιτου

1008 1689 1152 1724 Θεότητος,
1169 1690 1229 1725 ἥτις
1244 1691 1294 1725 οὐχ
1309 1690 1458 1722 ὑπόστασίς
1468 1691 1553 1723 ἐστιν,
1570 1690 1638 1717 ἀλλὰ
1651 1691 1731 1725 φύσει
1751 1692 1800 1717 καὶ

1009 1736 1156 1771 ὑπερφυῶς
1176 1736 1321 1770 πρόσεστιν
1341 1737 1444 1773 ἑκάστῃ
1468 1737 1523 1764 τῶν
1549 1737 1702 1773 θεαρχίκῶν
1729 1738 1798 1764 ὐπο-

1010 1782 1144 1808 στάσεων.
1169 1791 1179 1808 ι

1047 1873 1107 1900 Ἔτι
1126 1873 1320 1907 δογματίζουσι
1340 1874 1404 1905 τοὺς
1424 1873 1490 1908 παρ’
1508 1873 1600 1903 αὐτοῖς
1624 1873 1800 1908 κεκαθαρμέο

1008 1928 1071 1951 νους
1091 1919 1139 1946 καὶ
1154 1919 1188 1946 τὰ
1202 1919 1257 1945 τῶν
1275 1916 1413 1946 τοιούτων“
1425 1919 1572 1953 ἐνεργειῶν
1588 1918 1801 1952 ἀποτελέσματα

1008 1965 1153 1997 ἀκτίστους
1178 1965 1225 1992 καὶ
1251 1965 1367 1992 ἂκτιστα
1393 1964 1594 1991 ἀποτελεῖσθαι.
1615 1965 1669 1991 Καί
1687 1973 1770 1999 φησιν
1784 1966 1800 1991 6

1009 2011 1143 2045 “alapa;
1173 2012 1203 2038 ἐν
1226 2012 1260 2047 τῇ
1295 2011 1362 2046 πρὸς
1393 2011 1438 2037 τὸν
1469 2011 1623 2037 Ἀκίνδυνον
1651 2010 1798 2045 ἐπιστολῇ·

1012 2065 1021 2084 ι
1047 2057 1129 2092 Ὁρᾷς
1155 2056 1260 2091 σαφῶς,
1289 2057 1332 2083 ὅτι
1358 2056 1486 2088 ἄκτιστος
1504 2057 1521 2091 ἡ
1541 2056 1632 2091 χάρις.
1658 2055 1696 2082 υὺ
1718 2056 1801 2090 μόνον

1009 2101 1038 2128 δὲ
1054 2102 1070 2135 ὴ
1090 2101 1204 2135 τοιαύτη
1228 2100 1309 2136 χάρις
1335 2100 1464 2132 ἄκτιστός
1495 2100 1581 2132 ἐστιν,
1603 2100 1670 2128 ἀλλὰ
1695 2101 1742 2127 καὶ
1768 2101 1800 2127 τὺ

1010 2147 1184 2181 ἀποτέλεσμα
1207 2149 1257 2181 τῆς
1269 2146 1317 2173 τοῦ
1334 2146 1400 2174 Θεοῦ
1421 2147 1548 2181 τοιαύτης
1570 2146 1710 2181 ἐνεργείας
1723 2147 1801 2173 ἄκτι-

170 2202 241 2229 guus
253 2193 355 2221 Paulus
371 2201 434 2221 eum
449 2201 502 2220 non
517 2194 636 2228 amplius
648 2193 764 2228 _vi\’eret
779 2193 955 2228 temporalem

1011 2193 1074 2220 στόν
1085 2194 1154 2220 ἐστι.
1172 2193 1254 2220 Ταῦτ’
1275 2193 1328 2228 ἄρα
1345 2193 1392 2220 καὶ
1408 2193 1422 2219 ό
1443 2193 1531 2227 μέγας
1544 2192 1649 2224 Παῦλος
1669 2193 1719 2228 τὴν
1730 2201 1798 2227 χρο-

170 2240 243 2270 hanc
263 2240 355 2271 vitam,
371 2239 418 2267 sed
435 2247 495 2267 eam
510 2248 570 2276 qua:
587 2244 648 2268 erat
666 2239 848 2267 inbabitantis
863 2239 958 2271 Verbi,

169 2285 292 2313 divinant
309 2290 338 2312 et
365 2290 508 2319 aeternam,
524 2285 583 2313 sine
611 2284 747 2320 principio
762 2284 849 2313 factus
862 2289 916 2317 est,
931 2289 959 2313 et

172 2332 232 2359 sine
247 2331 300 2358 ﬂue
317 2339 365 2366 per
380 2333 506 2366 gratiam.
532 2341 542 2357 ›
564 2331 597 2358 Et
610 2331 691 2366 paulo
706 2335 787 2365 post:
812 2340 821 2357 ι
844 2330 959 2359 Creatus

172 2377 255 2412 igitur
278 2381 338 2404 erat
363 2378 465 2405 Paulus
486 2377 608 2412 quandiu
632 2377 745 2417 vivebat
767 2377 862 2409 vitam,
879 2377 959 2412 jussu

177 2424 225 2451 Dei
240 2431 274 2451 ex
288 2430 342 2451 non
356 2424 467 2452 cutibus
485 2424 596 2456 factam,
612 2424 722 2459 quando
738 2431 804 2451 vero
824 2431 880 2450 non
903 2431 960 2450 am-

172 2470 245 2506 plius
257 2470 329 2497 hanc
344 2470 463 2503 vivebat,
481 2470 529 2498 sed
542 2478 601 2498 eam
614 2478 675 2506 qua:
691 2469 892 2497 inltabitatione
909 2468 959 2497 Dei

172 2517 299 2548 accessit,
323 2516 463 2544 increatus
481 2525 531 2552 per
544 2517 660 2552 gratiam
690 2516 790 2547 evasit.
812 2520 840 2544 et
858 2516 960 2548 omnis,

173 2562 221 2596 qui
241 2562 359 2590 Verbum
375 2562 421 2590 Dei
439 2562 532 2589 eilieax
547 2567 575 2589 et
591 2563 682 2589 vivum
699 2562 815 2597 adeptus
828 2566 881 2590 est.
902 2571 911 2588 ι
927 2562 960 2590 Et

173 2615 270 2636 rursus
283 2608 310 2635 in
325 2608 421 2636 eadem
430 2609 546 2643 epistola
563 2617 571 2636 :
590 2618 599 2634 ι
624 2608 769 2641 Quomodo
782 2609 866 2644 igitur
882 2608 960 2643 quis-

173 2653 246 2689 piam
267 2654 445 2686 concesserit,
458 2655 584 2689 quamvis
600 2654 756 2681 divinarum
780 2662 958 2689 personarum

174 2699 278 2726 nullam
301 2701 436 2727 rationem
454 2700 594 2731 habuerit.
611 2708 697 2727 unum
713 2708 775 2727 esse
795 2700 957 2733 iucreatum,

174 2744 227 2772 nisi
240 2750 336 2773 natura
351 2746 493 2782 adjecerit,
508 2754 569 2774 cum
585 2747 697 2782 quidam
713 2747 768 2773 sint
780 2754 829 2781 per
844 2746 958 2781 gratiam

175 2790 287 2819 incrcati
303 2796 385 2828 atque
407 2793 457 2826 dii,
469 2798 496 2822 et
513 2793 723 2829 respondentem
735 2793 788 2820 sibi
803 2793 958 2820 necessario

176 2835 306 2866 deitatem
325 2838 465 2868 habeant?
483 2849 492 2867 ι
519 2840 551 2868 Et
574 2846 692 2868 rursus:
718 2848 726 2866 ι
753 2838 805 2867 Sed
825 2838 899 2866 enim
917 2838 959 2866 in-

1009 2238 1088 2273 νικὴν
1102 2238 1201 2273 μηκέτι
1218 2238 1272 2270 ζῶν
1287 2233 1375 2274 ζωὴνί
1390 2238 1460 2265 ἀλλὰ
1475 2238 1524 2273 τὴν
1543 2238 1589 2264 τοῦ
1606 2239 1798 2272 ὲνοικήσαντος

1010 2285 1097 2319 Λόγου
1116 2285 1192 2311 θείαν
1206 2285 1254 2312 καὶ
1273 2284 1368 2316 ἀΐδιον,
1384 2284 1500 2320 ἄναρχος
1515 2284 1612 2319 γέγονε
1627 2283 1673 2311 καὶ
1688 2283 1799 2310 ἀτελεύ-

1009 2339 1091 2365 τητος
1108 2330 1210 2366 χάριτι.
1233 2340 1242 2357 ι
1260 2331 1314 2358 Καὶ
1331 2330 1389 2365 μετ’
1402 2330 1492 2362 ὀλίγα,
1509 2339 1519 2356 ι
1533 2330 1651 2362 Κτιστὸς
1667 2329 1714 2356 οὖν
1733 2327 1768 2364 ἦν
1785 2331 1800 2357 ό

1011 2376 1116 2409 Παῦλος
1133 2377 1231 2412 μέχρις
1255 2377 1288 2403 ἂν
1312 2376 1359 2412 ἔζη
1388 2377 1439 2412 τὴν
1466 2376 1657 2411 προστάγματι
1675 2375 1744 2402 Θεοῦ
1769 2375 1800 2408 ἐξ

1010 2422 1060 2448 οὐκ
1079 2422 1165 2450 δντων
1181 2423 1323 2457 γεγονυῖαν
1340 2421 1424 2457 ζωήν.
1446 2422 1511 2449 Ὅτε
1532 2421 1559 2448 δέ
1578 2421 1678 2456 μηκέτι
1694 2422 1800 2455 ταύτην

1010 2467 1070 2502 ἔζη.
1087 2467 1155 2494 ἀλλὰ
1176 2467 1224 2503 τὴν
1247 2468 1381 2503 ἐνοικήσει
1404 2466 1450 2494 τοῦ
1467 2467 1534 2494 Θεοῦ
1561 2468 1797 2502 προσγενομένην,

1009 2513 1137 2545 ἄκτιστος
1151 2513 1248 2548 γέγονε
1273 2515 1307 2549 τῇ
1327 2514 1437 2548 χάριτι·
1466 2514 1515 2540 καὶ
1535 2513 1590 2544 πᾶς
1607 2514 1620 2539 ό
1640 2513 1731 2544 ζῶντα
1750 2514 1800 2540 καὶ

1010 2557 1173 2593 ἐνεργοῦντα
1186 2559 1267 2594 μόνον
1279 2559 1326 2585 τὸν
1343 2558 1392 2585 τοῦ
1407 2558 1476 2584 Θεοῦ
1488 2558 1575 2592 Λόγον
1597 2559 1797 2593 κτησάμενος.»

1010 2604 1066 2632 Καὶ
1081 2604 1161 2631 πάλιν
1176 2605 1205 2631 ἐν
1222 2606 1255 2639 τῇ
1274 2604 1341 2639 αὐτῇ
1352 2613 1360 2623 ι
1375 2613 1384 2630 ι
1406 2603 1470 2635 Πῶς
1483 2601 1530 2630 οὖν
1547 2603 1580 2630 ἄν
1593 2611 1635 2635 τις
1650 2604 1798 2639 συγχωρή-

1011 2657 1080 2682 σειε,
1095 2649 1147 2677 κᾶν
1162 2649 1216 2676 τῶν
1237 2650 1318 2676 θείων
1344 2649 1492 2685 ἐνεργειῶν
1516 2642 1619 2685 μηδένα
1647 2649 1799 2684 ποιήσηται

1010 2695 1100 2729 λόγον,
1115 2694 1144 2721 ἓν
1163 2696 1193 2721 τδ
1205 2695 1334 2722 ἄκτιστον
1352 2696 1497 2730 ὑπάρχειν,
1515 2695 1552 2730 μὴ
1572 2697 1605 2730 τῇ
1617 2694 1697 2729 φύσει
1713 2703 1801 2730 προσ-

1010 2742 1145 2778 κείμενον,
1168 2743 1242 2769 ἐστιν
1253 2740 1291 2770 ὧν
1304 2743 1395 2777 χάριτι
1407 2743 1542 2769 ἀκτιστων
1555 2742 1638 2768 ὄντων
1657 2744 1704 2768 καὶ
1716 2741 1799 2777 θεῶν,

1010 2791 1058 2817 καὶ
1074 2790 1243 2825 κατάλληλον
1263 2790 1369 2821 ἑαυτοῖς
1392 2789 1424 2822 ἐξ
1446 2789 1569 2824 ἀνάγκης
1589 2788 1705 2824 θεότητα
1723 2788 1799 2823 ἐχόν-

1010 2845 1079 2871 saw;
1103 2846 1113 2864 ι
1136 2837 1191 2864 Καὶ
1205 2836 1296 2870 πάλιν,
1316 2845 1326 2863 ι
1346 2835 1428 2863 Ἀλλὰ
1448 2836 1501 2871 γὰρ
1516 2835 1639 2863 autem:
1654 2834 1705 2870 μὲν
1720 2831 1799 2862 οὗτοι
