1942 3091
131 93 181 126 861

728 100 930 132 ADVERSUS
946 101 1141 133 ΡΑιΛΜΑΜ.

1696 107 1750 138 862

127 155 228 186 πάντες
244 153 347 189 χάριτι,
369 153 463 190 ὥσπερ
477 155 509 190 δὴ
523 156 571 182 καὶ
588 154 659 182 οεοί’
678 156 747 191 αὖτὴ
767 158 789 184 δ’
805 159 820 193 ή
834 160 903 194 χάριι

964 160 1051 187 creati
1068 159 1179 195 quidem
1193 159 1236 187 isti
1256 168 1352 188 omnes
1373 165 1436 188 sunt
1459 161 1556 195 gratia,
1572 162 1751 195 quemadmo—

125 200 264 232 ἄκτιστος,
284 200 323 232 ὡς
348 200 445 237 μικρὸν
464 201 592 237 ἀνωτέρω
611 203 864 238 προαποδέδεικται.
879 214 888 231 ι

163 296 218 322 Καὶ
230 296 321 328 πάλιν,
339 305 348 322 ι
364 297 397 323 At
408 297 455 324 τοῦ
469 297 535 325 Θεοῦ
546 298 681 334 ἐνέργειαι
694 300 816 328 ἇκτιστοί
830 302 910 334 εἰσιν,

125 340 151 365 sl
166 340 212 366 καὶ
222 341 256 366 τὰ
265 340 349 367 πλείω
359 341 413 367 τῶν
425 341 653 377 ἀποτελεσμάτων
660 343 762 370 τούτων
775 344 913 380 κτίσματά

65 394 73 401 υ
127 385 192 411 εισι.
213 393 222 410 ι
242 385 298 411 Καὶ
314 385 343 411 ὲν
368 385 405 419 τῷ
424 386 507 421 λόγῳ,
523 383 582 422 οῦή
598 387 678 423 ἀρχὴ,
705 389 916 417 Φιλοκεινοῦονι

125 429 193 463 μὲν,
219 439 228 456 ι
253 430 315 462 Πῶς
326 429 372 457 οῦν
388 431 438 458 ούκ
453 432 581 464 ἂκτιστος
597 433 613 468 ή
634 433 712 469 χάρις
727 434 761 460 δι’
782 435 815 470 ἢν
833 435 878 462 καὶ
890 436 916 462 οι

127 475 327 509 μετεσχηκότες
351 475 437 511 αὐτῆς
456 476 569 512 ἄναρχοι
584 477 633 504 καὶ
647 479 771 505 ἅκτιοτοι
786 480 833 506 καὶ
853 480 917 507 ἀτε-

125 519 261 554 λεύτητοι,
280 520 328 547 καὶ
343 521 438 554 ἀΐδιοι,
457 524 504 548 καὶ
520 523 640 558 οὐράνιοι
656 525 716 551 κατ’
736 525 821 562 αὐτὴν
836 527 911 562 παρὰ

124 563 180 590 τῶν
193 563 324 600 Πατέρων
343 565 619 602 προσηγορεύθησαν;
639 577 649 594 ι

162 654 223 682 Ἔτι
248 654 440 691 δογματίζουσι
461 658 562 691 πολλὰς
586 660 735 694 ὑπόστασις
759 660 830 690 εῖναι
861 664 910 691 τοῦ

124 699 203 727 Θεοῦ.
220 701 275 728 Καί
291 710 373 738 φησιν
392 703 406 739 ῥ
430 705 575 740 Παλαμᾶς,
603 715 612 733 ι
641 707 712 734 Ἀλλ’
733 709 793 735 ἐπεὶ
810 709 910 742 πολλὰς

124 746 171 773 καὶ
194 745 340 782 διαφόρους
367 748 532 781 ὑποστάσεις
549 751 596 779 καὶ
620 751 748 786 δυνάμεις
767 754 813 781 καὶ
834 755 910 789 ὲνερ⁸

124 791 204 825 γαίας
220 792 234 818 ὁ
246 792 313 824 Θεὸς
332 792 399 829 ἔχει,
416 795 441 821 εί
460 795 498 831 μὴ
517 797 546 823 ἕν
560 806 586 824 τι
606 798 636 824 τὸ
659 799 745 826 αἴτιον
756 801 785 826 ἐν
802 800 907 833 αὑταῖς,

965 204 1030 232 dum
1046 212 1110 232 sane
1123 209 1152 232 et
1165 204 1201 231 dii
1217 213 1224 237 ;
1241 205 1299 240 ipsa
1321 213 1387 232 vero
1407 206 1493 241 gratia
1513 207 1633 234 increata
1652 211 1703 240 est,
1721 208 1753 235 ut

964 252 1047 287 paulo
1069 251 1202 287 superius
1213 253 1430 281 demonstratum
1455 258 1507 280 est.
1528 263 1538 279 ι

1000 297 1035 325 Ει
1062 306 1183 326 rursus:
1207 307 1216 324 ι
1234 298 1282 326 Dei
1313 299 1488 333 operationes
1517 299 1646 327 increataa
1663 306 1737 330 sunt.

965 349 1092 384 quamvis
1104 348 1232 383 pleraque
1245 348 1343 375 borum
1357 348 1502 376 ell‘ectnum
1513 355 1644 377 creaturae
1665 351 1728 377 sint.
1738 360 1747 376 ι

963 395 998 422 Et
1027 395 1054 422 in
1076 395 1219 426 oratione,
1235 395 1314 430 cujus
1337 395 1445 422 initium
1472 395 1666 423 :Contendunt
1692 398 1751 432 qui-

963 440 1021 467 dem
1036 447 1045 467 :
1063 449 1072 466 ‹
1088 441 1173 475 Igitur
1186 441 1233 475 qui
1249 440 1306 468 ﬁeri
1326 445 1428 476 potest,
1453 446 1483 468 ut
1500 449 1554 468 non
1573 441 1608 469 sit
1623 441 1747 469 increala

963 487 1059 522 gratia.
1074 495 1124 522 per
1137 494 1219 522 quant
1233 491 1262 514 et
1282 486 1330 521 qui
1344 486 1494 521 participes
1508 488 1568 522 ejus
1594 487 1657 514 facti
1673 492 1747 520 sunt,

963 532 1022 559 sine
1051 532 1187 567 principio
1215 537 1243 560 et
1267 531 1400 564 increati,
1426 531 1535 566 [ineque
1559 537 1695 564 carentes.
1720 537 1750 560 et

963 577 1123 612 sempiterni
1147 581 1230 612 atque
1245 577 1372 604 caelestes
1387 577 1540 605 secundum
1560 577 1647 612 ipsam
1664 585 1680 605 a
1698 578 1749 605 Pa-

964 622 1053 650 tribus
1069 622 1198 657 appellati
1215 622 1300 650 sunt?
1317 631 1326 647 ι

995 668 1131 696 Praeterea
1154 668 1348 703 dogmatizant,
1371 669 1471 696 multas
1496 668 1658 704 hypostases
1684 675 1746 696 esse

960 713 1026 746 Dei;
1050 717 1132 748 atque
1153 713 1193 740 ait
1208 713 1353 741 Palamas:
1375 722 1384 739 ι
1405 713 1458 741 Sed
1490 714 1620 749 quoniam
1644 713 1746 740 multas

959 761 987 784 et
1008 756 1132 784 diversas
1150 757 1328 792 hypostases,
1349 762 1377 785 et
1392 758 1530 793 potentias
1543 777 1550 790 ,
1565 763 1593 786 et
1609 758 1746 793 operatio-

959 810 1008 830 nes
1024 802 1095 830 Deus
1122 802 1217 834 habet,
1241 802 1295 830 nisi
1323 810 1408 830 unum
1439 803 1542 838 aliquid
1572 803 1599 830 in
1617 803 1684 838 ipsis
1710 804 1746 831 sit

127 837 223 865 πολλαὶ
243 838 289 865 καὶ
310 836 434 875 διάφοροι
449 841 556 869 ἔσονται
572 843 655 879 ἀρχαὶ
669 845 720 880 τῆς
740 845 877 881 θεότητος.
897 856 903 872 ι

961 854 1053 881 causa,
1070 848 1155 876 multa
1168 852 1197 875 et
1214 848 1321 876 diversa
1339 853 1421 876 erunt
1442 836 1575 884 principia
1592 836 1712 877 deitatis.
1731 859 1741 875 ι

161 883 222 910 Ἔτι
241 883 435 920 δογματίζουσι
457 887 504 914 καὶ
519 889 570 920 τὰς
593 890 692 922 πολλὰς
718 891 819 923 ταύτας
835 893 910 928 ὲνερ-

123 927 202 962 γείας
228 929 323 961 οὐσίας
347 929 428 958 εῖναι.
447 933 504 960 Καί
529 942 612 969 φησιν
627 936 640 961 ό
658 935 791 971 Παλαμᾶς
818 940 847 965 ἐν
871 927 909 973 τῷ

122 974 190 1008 πρὸς
204 975 250 1001 τὸν
266 976 345 1003 Λίνου
361 977 445 1013 λόγῳ,
458 975 488 1005 οῦ
506 980 522 1014 ή
538 981 620 1016 ἀρχὴ,
636 982 743 1016 Διδοῦς
758 983 850 1016 ὅντως
865 985 909 1011 al-

123 1019 264 1054 χομένης,
284 1030 294 1047 ι
322 1022 376 1048 Καὶ
401 1024 457 1059 μὴν
485 1025 556 1052 κατὰ
581 1026 627 1053 τὸν
649 1027 732 1055 πολὺν
756 1028 839 1060 ὄντως
862 1029 908 1056 καὶ

124 1067 375 1102 πνευματοκίνητον
402 1069 465 1096 νοῦν
495 1070 550 1097 τῶν
578 1071 658 1107 ίερῶν
685 1068 815 1109 Πατέρων
840 1075 907 1109 φαίη

121 1113 155 1139 ἄν
179 1121 220 1145 τις
235 1114 282 1141 καὶ
300 1114 394 1142 οὐσίαν
411 1116 532 1150 εὐσεϐῶς
557 1118 677 1154 ἑκάστην
696 1119 751 1146 τῶν
773 1120 820 1148 τοῦ
838 1121 906 1148 Θεοῦ

121 1159 278 1193 ἐνεργειῶν.
297 1169 306 1186 ι

158 1204 220 1231 Ἐτι
245 1207 373 1241 φρονοῦσι
393 1207 442 1243 τὴν
467 1208 563 1236 οὐσίαν
585 1210 632 1238 τοῦ
659 1210 727 1239 Θεοῦ
752 1212 906 1250 φθαρτικὴν

121 1247 252 1277 εἶναικαὶ
269 1252 453 1288 ἀναλωτικὴν,
480 1254 560 1290 εἴπερ
587 1255 664 1284 ἔσται
689 1247 818 1294 μεθεκτήξ
851 1247 906 1287 καί

122 1303 206 1330 φησιν
224 1295 238 1321 ό
263 1297 398 1333 Παλαμᾶς
420 1299 450 1326 ἐν
466 1299 505 1335 τῷ
523 1300 592 1335 πρὸς
617 1302 770 1330 Ἀκίνδυνον
786 1304 905 1340 πέμπτῳ

120 1341 202 1378 λόγῳ,
213 1350 244 1369 ου
257 1343 273 1378 ή
287 1343 369 1378 ἀρχή,
391 1344 485 1372 Ἀλλὰ
501 1345 546 1379 τίς
561 1345 617 1373 ἄν’
634 1357 644 1373 ι
658 1348 730 1384 Αὐτὴ
741 1349 832 1376 τοίνυν
844 1351 905 1377 καθ’

120 1387 206 1421 αὐτὴν
221 1388 237 1422 ή
252 1387 310 1414 Θεία
331 1390 500 1426 μετεχομένη
517 1391 564 1418 καὶ
581 1391 775 1429 λαμϐανομένη
796 1395 904 1431 φύσιςῆ

120 1433 229 1468 φυρμὸν
247 1434 381 1468 πείσεται,
409 1436 426 1471 ἢ
453 1437 502 1472 τὴν
529 1438 686 1475 παθητικὴν
712 1440 905 1473 ὲξαναλώσασα

121 1478 311 1530 SaM-estquis.”
323 1481 386 1530 πρὶν
398 1480 431 1530 αν
562 1492 574 1530 3
586 1483 640 1511 Kal
660 1485 749 1518 πάλιν,
763 1495 772 1512 ι
793 1486 823 1513 Εί
837 1486 904 1519 ὅλως
917 1500 940 1530 c

119 1523 195 1551 ἐστὶν
210 1525 225 1551 ό
242 1525 308 1557 Θεὸς
321 1526 350 1553 ὲν
365 1527 422 1558 τοῖς
446 1526 545 1561 ἀξίοις,
560 1527 603 1555 ὄτι
623 1529 688 1564 ποτέ
707 1530 764 1556 ἐστι
784 1531 844 1557 κατ’
859 1531 904 1558 οὐ-

121 1571 223 1606 σίαν,ἢ
241 1571 322 1606 φύσει
341 1571 425 1612 πθεοὺς
449 1570 519 1600 εἶναι
541 1575 659 1610 ἀνάγκη,
683 1576 714 1602 οὖ
733 1577 825 1612 χάριτι
840 1578 904 1609 τοὺς

120 1615 199 1647 θεοὺς
219 1617 362 1652 μετόχους,
390 1619 407 1653 ἢ
432 1619 604 1654 κατακαῆναι
633 1622 681 1647 καὶ
705 1621 900 1658 διαφθαρῆναι.

121 1661 176 1686 Καὶ
195 1662 224 1687 ὲν
236 1662 274 1697 τῷ
288 1662 363 1698 τόμῳ
379 1664 472 1697 σαφῶς
487 1664 666 1700 ἐπεκύρωσαν
680 1666 771 1700 τοῦτο,
789 1668 836 1695 καὶ
853 1669 904 1704 τὴν

119 1706 213 1733 αἰσίαν
233 1707 280 1734 τοῦ
297 1707 365 1734 Θεοῦ
386 1709 522 1742 εἰπόντες,
543 1710 586 1737 διὰ
605 1712 636 1738 τὸ
656 1713 733 1748 παρὰ
747 1713 801 1740 τῶν
817 1714 903 1748 ἁγίων

117 1751 245 1788 εῑρῆσῖαι
272 1753 375 1787 ταύτην
400 1755 626 1789 ἀπροσπέλαστον
652 1757 700 1784 καὶ
728 1758 901 1795 eiusdsm,

119 1797 274 1833 φθαρτικὴν
300 1798 375 1834 ἡμᾶς
400 1797 468 1826 εἴναι
496 1801 630 1835 νομίζειν,
655 1803 718 1833 τοὺς
737 1803 809 1831 οὕτω
836 1804 903 1840 περὶ

118 1843 221 1878 ταύτης
235 1844 411 1879 φρονοῦντας,
421 1844 444 1871 ὣ
453 1845 555 1880 τόλμης
568 1846 697 1880 ἀσεὸοῦςῐ
718 1849 902 1885 ιίιπειρήναντο⁸

119 1889 167 1915 καὶ
181 1889 267 1916 ταῦτα
280 1890 349 1925 πρὸς
363 1891 484 1926 Μωῦσῆν
497 1891 544 1918 τοῦ
563 1892 631 1919 Θεου
647 1894 801 1929 είρηκότος,
818 1905 828 1923 ι
847 1897 902 1924 Οὑ-

117 1932 173 1964 δ-ὶς
190 1933 284 1968 δψεται
296 1933 326 1960 τὸ
341 1934 490 1969 πρόσωπόν
506 1943 559 1971 μου
572 1937 618 1965 καὶ
631 1937 754 1973 ζήσεται.
770 1948 782 1966 υ

156 2020 216 2047 Ἔτι
231 2019 385 2055 ἐτόλμησαν
397 2021 422 2048 οί
434 2023 514 2050 πάντ’
526 2024 646 2057 ἀναιδεῖς
663 2026 765 2060 ιίπεϊν,
781 2027 822 2055 ὄτι
836 2029 901 2057 ἀνά‹

117 2065 196 2099 λογόν
216 2066 289 2092 ἐστιν
310 2065 405 2101 ὥσπερ
423 2067 457 2094 τὰ
481 2068 509 2095 ιν
528 2069 567 2104 τῷ
583 2069 657 2106 νόμῳ
680 2073 818 2108 μυστήρια
832 2075 901 2108 προς

115 2111 167 2143 τὰς
178 2110 232 2138 τῶν
246 2112 431 2146 εὑαγγελικῶν
441 2115 625 2149 κηρυγμάτων
638 2117 812 2152 παραδόσεις,
826 2122 901 2147 οὕτω

996 893 1132 921 Ρηεῑοτοο
1148 893 1349 928 dogmatizant,
1364 894 1447 922 etiam
1462 894 1512 922 has
1530 895 1630 923 multas
1647 903 1746 930 opera-

961 938 1049 966 tiones
1079 946 1140 966 esse
1169 938 1356 972 substantias;
1376 943 1459 974 atque
1488 940 1527 967 ait
1555 940 1690 972 Palamas,
1716 940 1744 967 in

959 985 1085 1013 oratione
1108 984 1141 1012 ad
1161 986 1321 1019 episcopum
1343 984 1491 1018 Anensem,
1513 986 1592 1021 cujus
1622 985 1743 1018 initium,

960 1030 1122 1058 Verecundia
1147 1038 1238 1058 revera
1255 1031 1376 1057 amissa:
1397 1039 1405 1056 ι
1428 1030 1464 1058 Et
1483 1036 1573 1058 tamen
1590 1030 1743 1059 secundum

960 1075 1074 1103 multam
1097 1083 1193 1104 revera
1224 1080 1252 1103 et
1280 1083 1296 1102 a
1324 1075 1422 1110 spiritu
1453 1076 1600 1104 excitatam
1623 1081 1743 1104 mentem

958 1126 1117 1149 sanctorum
1132 1121 1256 1153 Patrum,
1271 1120 1373 1148 dixerit
1388 1121 1500 1155 aliquis,
1514 1121 1596 1149 etiam
1612 1121 1742 1149 substan-

958 1167 1022 1195 tiam
1037 1166 1092 1202 pie,
1111 1173 1334 1201 unamquamque
1345 1165 1393 1194 Dei
1408 1166 1607 1200 operationem.
1628 1176 1638 1193 ι

993 1213 1128 1240 Praeterea
1155 1212 1281 1240 sentiunt
1307 1212 1492 1240 substantiam
1521 1212 1569 1240 Dei
1599 1211 1658 1239 fore
1683 1219 1743 1239 cor-

958 1259 1105 1294 ruptivam,
1117 1258 1380 1293 etconsumptivam,
1394 1258 1417 1286 si
1432 1258 1486 1286 erit
1496 1257 1742 1288 communieabilis.

957 1305 1046 1340 Atque
1066 1304 1104 1331 ait
1124 1304 1257 1336 Palamas,
1273 1304 1300 1330 in
1317 1304 1412 1338 quinta
1435 1303 1560 1331 oratione
1577 1303 1610 1330 ad
1625 1303 1743 1338 Acindy-

955 1350 1122 1385 uum,cujus
1141 1349 1268 1377 initium:
1285 1349 1381 1376 Verum
1401 1349 1525 1384 quisnam
1536 1357 1545 1376 :
1558 1358 1567 1375 ι
1584 1349 1644 1384 Ipsa
1658 1349 1742 1385 igitur

956 1403 1006 1430 per
1031 1403 1060 1423 se
1087 1395 1180 1423 divina
1202 1395 1364 1430 participata
1386 1399 1415 1422 et
1440 1399 1548 1432 sumpta
1570 1399 1668 1422 natura
1698 1395 1742 1423 vel

956 1440 1176 1468 commistionem
1205 1440 1326 1475 patietur
1340 1460 1348 1473 ,
1376 1440 1419 1467 vel
1443 1440 1580 1475 passivam
1592 1445 1716 1468 naturam
1730 1460 1739 1472 ,

956 1489 1102 1520 antequam
1128 1490 1264 1517 sumatur,
1294 1485 1442 1513 absumens
1477 1485 1630 1513 exhauriet.
1663 1495 1673 1511 ι
1705 1486 1742 1513 Et

955 1539 1074 1559 rursus:
1100 1540 1110 1557 ι
1131 1530 1159 1558 Si
1184 1531 1298 1558 omnino
1317 1531 1389 1558 Deus
1414 1534 1456 1559 est
1474 1531 1501 1559 in
1519 1531 1677 1559 hominibus
1700 1531 1741 1559 di-

954 1577 1034 1612 gnis.
1053 1577 1187 1612 quidquid
1213 1577 1280 1605 illud
1309 1577 1418 1605 tandem
1440 1577 1475 1605 sit
1501 1577 1652 1606 secundum
1676 1578 1741 1605 sub-

955 1622 1096 1654 stantiam,
1112 1621 1155 1649 vel
1183 1625 1213 1649 ut
1232 1622 1288 1649 sint
1302 1627 1400 1650 natura
1424 1623 1474 1656 dii,
1503 1630 1558 1650 non
1579 1623 1675 1658 gratia,
1691 1623 1740 1658 qui

953 1667 1001 1695 Dei
1016 1667 1163 1702 participes
1177 1672 1252 1700 sunt,
1276 1668 1319 1695 vel
1342 1668 1540 1696 comburantur
1556 1672 1584 1695 et
1602 1668 1740 1696 intereant

953 1720 1067 1741 necesse
1084 1718 1136 1741 est.
1157 1722 1167 1739 ι
1185 1713 1218 1740 Ει
1234 1714 1261 1740 ἰη
1276 1718 1350 1742 torno
1365 1714 1440 1742 clare
1464 1714 1492 1742 id
1507 1714 1620 1742 decreto
1635 1715 1735 1741 conlir>

953 1763 1075 1790 marunt,
1098 1758 1352 1796 atque‘dixerunt:
1372 1768 1381 1785 ι
1402 1759 1457 1788 Nos
1481 1760 1663 1788 substantiam
1689 1759 1739 1787 Dei

953 1805 1108 1833 existimare
1116 1812 1176 1833 esse
1187 1805 1394 1840 corruptibilem
1404 1806 1431 1840 (ο
1443 1806 1584 1833 audaciam
1593 1806 1703 1840 impiam
1716 1806 1737 1839 l)

952 1849 999 1884 qui
1012 1849 1046 1876 de
1057 1857 1088 1876 ea
1108 1849 1144 1876 ita
1155 1849 1305 1882 sentimus;
1321 1857 1355 1877 eo
1369 1850 1443 1884 quod
1455 1858 1468 1877 ει
1479 1851 1582 1878 sanctis
1606 1850 1678 1878 dicta
1696 1850 1732 1878 sit

953 1894 1148 1922 inaccessibilis
1171 1899 1199 1922 et
1220 1895 1497 1929 incommunicabilis,
1514 1896 1661 1931 praesertim
1674 1903 1739 1924 cum

952 1939 1024 1967 Deus
1048 1939 1083 1967 ad
1106 1939 1215 1976 Moysen
1237 1940 1358 1969 dixerit:
1376 1949 1386 1968 ι
1406 1941 1493 1971 Nemo
1515 1941 1619 1971 videbit
1638 1941 1739 1970 faciem

951 1992 1038 2012 meam
1055 1989 1083 2012 et
1097 1985 1178 2012 vivet.
1199 1994 1209 2011 ι

987 2030 1120 2058 Prmterea
1136 2030 1163 2057 in
1179 2030 1307 2059 omnibus
1328 2031 1503 2067 impudentes
1526 2034 1586 2061 ausi
1604 2038 1670 2061 sunt
1688 2034 1735 2062 di-

951 2082 1013 2103 cere
1027 2076 1231 2110 proportionem
1246 2084 1317 2104 esse.
1334 2077 1369 2104 Ut
1385 2085 1415 2105 se
1428 2078 1531 2106 habent
1551 2080 1681 2115 mysteria
1698 2080 1741 2108 le-

951 2121 992 2156 gis
1010 2121 1129 2156 antiqua:
1145 2121 1179 2148 ad
1205 2122 1369 2150 traditiones
1391 2125 1573 2158 evangelicae,
1597 2125 1633 2152 ita
1653 2125 1735 2153 etiam

119 2158 166 2184 καὶ
186 2153 265 2184 αὗται
289 2158 358 2193 πρὸς
379 2158 413 2185 τὰ
428 2159 476 2185 νέα
501 2160 648 2195 ΙΙαλαμικὰ
671 2162 808 2198 δόγματα.
832 2165 900 2200 Φησὶ

958 2165 1161 2201 praedicationes
1175 2168 1339 2203 evangelicae
1350 2168 1384 2196 ad
1394 2176 1461 2196 nova
1473 2170 1587 2198 Palama:
1598 2171 1738 2206 dogmata.

118 2203 174 2238 γὰρ
193 2205 207 2230 ό
233 2203 309 2238 παρὰ
337 2203 385 2230 τοῦ
412 2205 452 2236 είς
477 2207 649 2242 πατριάρχην
677 2210 901 2245 χρηματίσαντος

119 2248 252 2275 Κοκκίνου
269 2249 388 2281 ἐκτεθεὶς
411 2251 449 2280 ὡς
474 2252 529 2278 ἀπὸ
548 2252 602 2279 τῶν
625 2253 833 2290 Ἀγιορειτικῶν
857 2257 903 2284 τό·

118 2301 168 2328 μος
188 2293 347 2325 συστατικὸς
370 2293 408 2320 ὢν
440 2295 487 2322 τοῦ
513 2296 633 2332 Παλαμᾶ
652 2298 733 2325 τάδε·
752 2309 762 2326 ι
790 2300 830 2327 Τὰ
850 2302 901 2336 μὲν

117 2337 219 2372 ἀρτίως
235 2338 462 2373 καθωμιλημένα,
479 2341 526 2366 καὶ
541 2343 617 2377 κοινῇ
634 2343 718 2370 πᾶσιν
727 2345 899 2380 ἐγνωσμένα,

117 2384 165 2410 καὶ
182 2384 324 2419 παρρησίᾳ
349 2386 540 2420 κηρυττόμενα
556 2386 691 2423 δόγματα,
718 2389 762 2416 διὰ
776 2391 900 2423 Mutarim;

117 2429 224 2464 ὑπῆρχε
245 2430 327 2464 νόμον
343 2431 494 2466 μυστήρια,
510 2433 567 2464 τοῖς
590 2435 747 2470 προφήταις
761 2437 852 2470 μόνοις
870 2439 899 2465 ὲν

117 2474 257 2510 Πνεύματι
290 2476 488 2511 προορώμενα·
518 2478 553 2504 τὰ
575 2478 598 2505 δ’
626 2480 821 2516 ἐπηγγελμένα
842 2484 899 2515 τοῖς

115 2521 206 2555 ἁγίοις
220 2521 311 2555 ἀγαθὰ
322 2522 393 2548 κατὰ
405 2521 450 2548 τδν
467 2522 554 2550 αἰῶνα
566 2524 611 2550 τὸν
623 2525 757 2559 μέλλοντα
767 2528 816 2562 τῆς
829 2530 899 2556 κατὰ

114 2567 146 2593 τὸ
160 2567 325 2602 Εὑαγγέλιόν
341 2569 400 2594 ἐστι
414 2568 555 2600 πολιτείας
571 2571 709 2607 μυστήρια
721 2573 776 2605 τοῖς
792 2573 836 2602 διὰ
851 2575 898 2602 τοῦ

114 2612 274 2647 Πνιύματος
289 2613 355 2649 όρᾷν
375 2614 538 2649 ἠξιωμένοις
551 2617 599 2643 καὶ
611 2617 718 2649 τούτοις
737 2620 854 2656 μετρίως
868 2621 898 2648 ὲν

113 2658 275 2694 ἀρῤαὸῶνος
304 2660 383 2694 μέρει
413 2660 541 2695 διδόμενά
566 2670 597 2688 τε
628 2662 674 2689 καὶ
706 2665 896 2700 προορώμενα.

120 2703 190 2729 Ἀλλ’
207 2703 302 2741 ὥσπερ
318 2704 401 2738 εἴτις
425 2705 482 2732 τῶν
503 2705 638 2733 Ἰουδαίων
667 2708 704 2743 μὴ
730 2709 792 2741 μετ’
818 2710 898 2738 εὐλα-

115 2749 191 2780 ίιίας
214 2750 322 2777 ἀκούων
348 2751 401 2777 τῶν
424 2750 573 2786 προφητῶν
598 2751 733 2785 λεγόντων
749 2753 836 2788 Λόγον
850 2755 897 2782 καὶ

115 2794 229 2830 Πνεῦμα
243 2795 310 2823 θεοῦ
325 2797 448 2824 emtam
466 2804 496 2823 τε
523 2798 572 2826 καὶ
586 2796 747 2832 προαιὼνια,
764 2800 895 2836 συνέσχεν

951 2211 1054 2239 Tomus
1068 2212 1142 2240 enim
1155 2212 1246 2241 editus
1267 2213 1301 2241 ab
1319 2214 1367 2241 illo
1378 2214 1507 2248 Coccina,
1525 2217 1572 2251 qui
1588 2217 1640 2245 l'uit
1653 2218 1737 2252 patri-

949 2256 1053 2290 archa,
1082 2257 1193 2286 nomine
1220 2260 1416 2288 monachorum
1441 2261 1533 2290 Sancti
1553 2262 1660 2295 Montis.
1688 2263 1739 2292 ubi

950 2303 1074 2331 Palamas
1097 2305 1307 2333 commendatur
1326 2311 1354 2334 et
1368 2308 1546 2342 approbatur,
1562 2309 1620 2336 haec
1653 2309 1739 2337 habet

949 2348 984 2376 ad
1000 2349 1115 2376 verbum
1136 2358 1143 2377 :
1162 2358 1172 2375 ι
1193 2350 1243 2383 Ea,
1261 2351 1295 2378 de
1305 2352 1407 2386 quibus
1425 2354 1507 2381 modo
1519 2361 1610 2381 sermo
1625 2354 1741 2382 habitus

948 2397 1001 2426 est,
1013 2399 1041 2421 et
1055 2394 1090 2421 ab
1106 2395 1236 2423 omnibus
1254 2398 1440 2425 communiter
1455 2399 1560 2427 sancita
1574 2404 1650 2432 sunt,
1660 2408 1742 2435 ιιιιιες

949 2445 1002 2473 que
1019 2438 1104 2466 libere
1119 2439 1304 2474 praedicantur
1317 2441 1455 2478 dogmata,
1470 2452 1519 2479 per
1534 2445 1644 2481 Moysen
1655 2451 1738 2474 erant

947 2484 1016 2519 legis
1038 2485 1179 2519 mysteria,
1209 2493 1269 2521 qua:
1294 2492 1399 2515 tantum
1421 2489 1560 2524 propheta:
1580 2491 1607 2517 in
1630 2491 1739 2526 Spiritu

948 2529 1145 2564 pravidehant.
1158 2539 1219 2566 qua:
1232 2538 1300 2561 vero
1314 2534 1449 2568 promissa
1463 2540 1528 2563 sunt
1547 2537 1649 2564 sanctis
1662 2536 1736 2566 bona.

948 2575 976 2602 in
995 2575 1091 2604 futuro
1107 2577 1220 2612 saeculo,
1237 2584 1302 2607 sunt
1319 2581 1448 2615 mysteria
1467 2582 1615 2617 evangelici
1633 2586 1734 2615 status,

948 2620 982 2648 iis
998 2621 1045 2656 qui
1059 2629 1108 2657 per
1124 2622 1257 2658 Spiritum
1276 2629 1403 2653 sanctum
1419 2634 1451 2654 ea
1468 2627 1560 2654 videre
1579 2627 1652 2662 digni
1668 2627 1735 2658 facti

947 2670 1030 2700 sunt;
1047 2667 1145 2703 hisque
1164 2669 1341 2698 mediocriter
1358 2671 1419 2699 loco
1436 2673 1599 2700 arrhabouis
1618 2673 1730 2706 (lantur,

948 2716 976 2739 et
991 2712 1025 2740 ab
1041 2713 1074 2740 iis
1098 2714 1294 2748 prtevitleutur.
1310 2717 1446 2745 Cteterum
1460 2719 1692 2753 quemadmodum
1708 2721 1733 2748 si

946 2758 1009 2793 quis
1029 2766 1062 2786 ex
1076 2758 1178 2787 Judaris
1202 2768 1256 2788 non
1271 2768 1350 2790 caute
1367 2763 1482 2791 audiens
1497 2763 1647 2799 prophetas
1658 2785 1665 2798 ,
1681 2773 1729 2800 qm

948 2802 1057 2838 dicunt,
1074 2803 1191 2833 Verbum
1217 2811 1243 2834 et
1257 2807 1389 2842 Spiritum
1404 2807 1451 2836 Dei
1466 2816 1526 2837 esse
1545 2813 1679 2838 comtcrna
1701 2815 1729 2839 at
