1942 3091
122 121 168 153 865

575 121 624 153 DE
642 118 901 152 PROCESSIONE
922 119 1104 154 SPIRITUS
1125 123 1269 155 SANCTI.

1677 125 1732 157 866

121 181 161 207 καὶ
175 180 319 215 γεννᾶσθαι
344 180 483 213 παντελῶς
511 179 692 216 ἀπαρνεῖσθαι
704 200 711 212 ,
724 178 819 213 δῆλον,
840 178 891 213 τῆς

948 179 1061 208 omnino
1087 181 1216 214 inﬂciari,
1232 181 1406 209 manifestum
1425 187 1468 210 est
1491 193 1498 211 :
1523 191 1584 212 cum
1610 184 1734 212 Ecclesia

128 226 285 261 Ἐκκλησίας
308 227 457 263 διαρρήδην
483 227 592 262 ’Δρειον
617 226 664 252 καὶ
685 226 748 256 τοὺς
778 224 891 251 τοιαῦτα

119 271 302 305 τολμήσαντας
317 272 557 309 παραπεμπούσης
567 270 649 304 ἀξίως
670 270 709 304 τῷ
725 269 893 304 ἁναθέματι.

128 316 200 342 Ἐπεὶ
214 315 242 342 δέ
255 316 340 343 ταῦτα
356 316 402 343 καί
416 325 489 348 τινες
512 317 634 352 ἀνοήτως
647 315 827 350 παρεισάγειν
839 315 898 341 τολ-

121 362 214 396 μῶσιν,
230 360 256 388 οἳ
270 362 328 389 τὸνκ
337 362 388 396 μέν
402 362 467 389 Υίὸν
480 362 512 389 ἐκ
527 362 574 389 τοῦ
590 361 706 396 Πατρὸς,
725 360 741 396 ἢ
761 361 809 395 τῆς
826 361 893 387 ὑπο-

120 407 290 443 στάσεως,ῆ
313 408 364 441 τῆς
390 407 526 443 πατρικῆς
554 407 686 441 ἰδιότητος
708 404 779 432 εἶναι
802 406 898 441 ὁμολο-

119 454 216 487 γοῦσιν,
238 454 271 481 ἐκ
286 453 314 480 δὲ
329 454 379 488 τῆς
393 453 488 485 οὑσίας
505 453 554 480 τοῦ
575 453 682 487 Πατρὸς
704 451 785 478 αὐτὸν
802 453 899 485 γεννᾶ-

119 499 176 526 σθαι
187 500 216 526 οὗ
229 499 427 535 παραδέχονται
439 506 448 516 ·
464 498 517 526 ἔδει
531 498 592 534 μηδ’
608 498 764 533 ἡστινοσοῦν
779 498 898 533 ἀποκρί-

119 553 183 577 σεως
193 545 286 578 ἀξιοῦν
302 546 366 578 τοὺς
379 546 409 572 οὺ
423 545 550 572 τοσοῦτον
574 543 688 579 ἀμαθῶς
704 552 733 570 τε
751 544 797 571 καὶ
819 544 900 570 ἅπαι-

119 591 214 623 δεύτως
225 612 232 621 .
252 592 314 618 ὅσον
331 591 470 622 δυσσεϐῶς
484 590 556 618 οὕτω
568 589 772 624 θεολογοῠντας,
788 591 833 616 καὶ
845 598 898 624 φα-

118 638 200 673 νερῶς
214 638 263 670 τὰς
277 638 365 673 ἀρχὰς
386 637 437 671 τῆς
461 637 580 668 πίστεως
596 637 810 672 ἀνατρέποντας.
825 635 899 671 Πλὴν

118 683 205 718 ἐπειδὴ
224 684 279 710 πᾶν
307 683 408 718 ὕψωμα
426 682 498 709 κατὰ
521 683 571 716 τῆς
597 682 645 710 τοῦ
676 681 744 708 Θεοῦ
774 680 899 715 γνώσεως

117 728 303 763 ἐπαιρόμενον,
321 727 383 755 ὅσον
399 727 415 762 ἡ
440 726 555 761 δύναμις
571 727 736 762 ἐπιτρέπει,
754 725 898 760 καθαιρεῖν

118 774 161 800 καὶ
173 772 326 808 ἐξελέγχειν
344 773 492 806 ἀναγκαῖον
517 773 682 807 πειρᾶσθαι,
695 773 743 798 καὶ
771 771 841 798 κατὰ
853 771 899 798 τὸν

117 819 261 853 κορυφαῖον
272 818 327 845 τῶν
341 818 497 846 ἀποστόλων
509 818 612 853 Πέτρον
633 818 759 852 ἑτοίμους
774 817 898 851 γίνεσθαι

116 864 166 899 χρὴ
177 864 257 891 παντὶ
271 864 310 899 τῷ
324 864 448 899 ζητοῦντι
460 863 560 890 διδόναι
568 863 648 897 λόγον
658 863 723 898 περὶ
737 863 785 898 τῆς
794 864 823 890 ἐν
832 863 898 897 ἡμῖν

115 909 238 942 πίστεως,
254 910 374 936 δεικτέον
386 909 418 936 ἂν
440 909 482 946 εἴη
495 910 581 937 πολλά
594 909 649 936 τῶν
672 909 899 945 ὁμολογουμένων

115 957 146 991 τῇ
164 956 294 991 καθολικῇ
309 956 400 982 πίστει
426 956 490 987 τοὺς
515 955 600 982 ταῦτα
625 955 753 989 λέγοντας
776 954 900 990 ἀναιρεῖν

115 1002 325 1036 ἀναγκάζεσθαι.
338 1002 444 1034 πολλοῖς
456 1011 487 1029 τε
500 1003 558 1034 τοῖς
572 1003 684 1034 ἀτόποις
694 1001 898 1037 ἐνέχεσθαι,καὶ

114 1048 179 1078 ὅλως
187 1048 299 1075 ἐκείνων
309 1048 390 1084 μηδὲν
398 1047 453 1076 τῶν
460 1048 584 1075 παλαιῶν
593 1048 740 1083 αίρετικῶν
748 1048 897 1084 διαφέρειν.

150 1093 259 1128 Πρῶτον
283 1094 373 1120 τοίνυν
403 1094 556 1129 ἐρωητέον
581 1093 679 1125 αὐτοὺς
693 1112 702 1126 ,
724 1093 817 1120 τίποτε
849 1093 898 1129 τὴν

115 1139 259 1166 ὑπόστασιν
274 1136 345 1166 εἶναι
359 1139 517 1174 νομίζουσιν
529 1159 538 1172 ,
556 1139 572 1174 ἦ
589 1139 639 1174 τήν
664 1138 803 1173 πατρικὴν
833 1139 899 1165 tam.

113 1192 191 1218 τητα,
204 1184 254 1219 τὴν
269 1184 426 1219 πατρότητα
445 1184 586 1220 δηλονότι·
608 1183 653 1211 ἵνα
672 1184 740 1219 πρός
753 1191 781 1210 τι
800 1183 898 1218 όμολοη

113 1229 245 1264 γούμενον
274 1229 337 1262 τοὺς
368 1230 466 1264 λόγους
500 1230 634 1265 ποιῶμεν,
661 1230 709 1256 κα)⁸
729 1229 824 1264 ἐπειδὴ
849 1229 898 1264 τὴν

113 1274 205 1301 οὐσίαν
221 1275 290 1310 πρὸς
312 1274 362 1308 τὴν
387 1275 536 1302 ὑπόστασιν
558 1275 769 1309 ἀντιδιαιροῦσι,
787 1273 898 1303 καὶθά-

112 1329 189 1355 τερον
202 1321 251 1356 οὑχ
265 1318 321 1347 οἷον
333 1321 363 1348 τὸ
377 1320 471 1356 ἔτερόν
488 1329 567 1356 φασι,
585 1321 668 1348 παντὶ
680 1321 772 1356 δῆλον,
790 1321 832 1348 ότι
848 1321 897 1356 τὴν

113 1366 258 1393 ὑπόστασιν
271 1366 485 1402 ὁμολογήσουσιν
504 1363 575 1393 εἶναι
598 1366 649 1393 οὑκ
666 1367 773 1394 οὐσίαν.
791 1367 828 1394 Τὸ
842 1368 897 1403 γὰρ

112 1411 301 1446 ἀντικείμενον
319 1413 352 1447 τῇ
369 1412 449 1448 οὐσίᾳ
459 1411 510 1439 οὐκ
520 1411 595 1439 ἐστιν
610 1412 702 1442 οὐσία.
722 1412 771 1439 καὶ
785 1413 802 1448 ἠ
817 1413 897 1440 οὐσία

113 1457 180 1492 πρὸς
191 1458 221 1484 τὸ
239 1457 276 1492 μὴ
301 1456 331 1483 δν
357 1457 437 1484 οὐσία
462 1457 627 1484 ἀντίκειται.
656 1457 737 1484 Ἀλλά
760 1457 790 1491 τὸ
806 1458 844 1492 μὴ
866 1457 896 1484 ὃν

914 844 936 874 Β

112 1504 191 1531 οὐσία
212 1504 262 1530 οὐκ
279 1503 354 1530 ἐστιν
368 1503 457 1530 οὐσία·
475 1503 489 1530 ὸ
501 1503 530 1530 δὲ
543 1503 593 1530 οὐκ
610 1503 685 1530 ἔστιν
706 1503 797 1537 οὐσία,
815 1503 895 1531 ἀνοὺ-
908 1515 932 1547 c

113 1559 171 1577 σιον
183 1557 191 1565 ·
206 1549 237 1576 τὸ
256 1549 285 1576 δέ
308 1549 433 1576 ἀνούσιον
457 1549 642 1576 ἀνυπόστατον
659 1557 667 1564 θ
688 1549 759 1576 ὥστε
776 1550 826 1583 τὴν
847 1549 895 1576 τοῦ

113 1598 218 1631 Πατρός
231 1598 378 1624 ὑπόστασιν
393 1597 581 1624 ἀνυπόστατον
594 1596 725 1624 τίθενται.
742 1596 778 1623 Τὸ
797 1596 819 1623 δ’
831 1596 896 1622 αὐτὸ

113 1642 161 1669 καὶ
179 1642 210 1674 ἐξ
229 1638 267 1669 ὧν
293 1642 372 1669 αὐτοὶ
395 1642 460 1677 περὶ
472 1641 569 1674 οὐσίας
590 1643 638 1669 καὶ
652 1641 794 1676 ἐνεργείας
808 1640 898 1668 stau-

111 1696 206 1722 γονται
220 1687 402 1721 παριστῶσιν.
428 1687 502 1714 Ἐκεῖ
526 1687 579 1723 γὰρ
595 1687 642 1714 τὸν
662 1686 728 1713 Θεὸν
743 1686 783 1717 είς
800 1686 894 1713 οὐσίαν

111 1732 160 1759 καὶ
174 1732 314 1766 ἐνέργειαν
337 1731 481 1765 διελόντες,
502 1732 550 1759 καὶ
573 1731 639 1759 ἀλλο
654 1731 703 1767 μέν
727 1732 777 1767 τὴν
796 1731 895 1758 οὐσίαν

112 1779 235 1813 θέμενοι,
249 1778 343 1813 ἕτερον
359 1777 387 1804 δὲ
402 1778 452 1813 τὴν
469 1778 620 1814 ἐνέργειαν,
638 1778 686 1806 καὶ
700 1777 805 1813 ταύτην
822 1778 896 1805 ἀντι-

111 1824 248 1856 autem;
266 1825 333 1859 πρὸς
362 1823 412 1859 τὴν
430 1823 539 1856 οὐσίαν,
566 1823 614 1851 καὶ
637 1823 763 1851 ἀνούσιω
787 1824 833 1850 καὶ
847 1824 895 1850 ἀν-

111 1870 263 1897 υπόστατον
279 1869 587 1905 όρισάμενοι,’φανερὸν
609 1869 650 1896 ὅτι
676 1869 817 1897 κάνταῦθα
846 1868 895 1905 τὴν

111 1915 263 1942 ὑπόὶτασιν
275 1915 369 1950 ἐτιρον
385 1915 437 1950 τῆς
458 1915 555 1947 οὐσίας
573 1914 700 1948 λέγοντες
717 1915 746 1942 ἐν
768 1915 801 1951 τῇ
818 1915 895 1948 τάξει

109 1962 161 1996 τῆς
188 1961 329 1997 ἐνεργείας
368 1961 474 1997 ταύτην
508 1960 650 1997 θήσουσιν.
687 1960 819 1996 Ἐπείπερ
846 1960 896 1995 οὐχ

110 2007 222 2040 ἕξουσιν
246 2007 311 2034 ἀλλο
337 2006 441 2041 τρίτον,
454 2007 468 2034 δ
495 2006 560 2043 μήτ’
575 2007 664 2040 οὐσία,
683 2006 747 2042 μήτ’
767 2005 896 2042 ἐνέργειά

108 2055 186 2080 ἐστιν
202 2053 251 2081 ἐπὶ
263 2053 309 2080 τοῦ
331 2053 409 2081 Θεοῦ.
428 2054 485 2081 Πᾶν
499 2053 564 2088 γὰρ,
584 2052 679 2088 φασιν,
691 2053 739 2080 ἐπὶ
761 2052 842 2085 Θεοῦ,
857 2052 896 2085 ὡς

107 2099 190 2125 αὐτοὶ
209 2098 317 2131 διεῖλον,
347 2098 363 2133 ἢ
393 2098 491 2131 οὐσία,
514 2097 532 2133 ἢ
550 2097 677 2133 ἐνέργειά
701 2097 770 2124 ἐστι·
787 2097 818 2125 τὸ
841 2098 895 2133 γὰρ

107 2144 287 2180 συμϐεϐηκὸς
314 2144 371 2171 οὐδ’
396 2144 473 2171 αὐτοὶ
505 2143 714 2179 παραδέχονται,
743 2143 813 2170 ἀλλά
844 2143 895 2177 τήν

949 223 1038 257 palam
1063 225 1170 258 Arium,
1189 231 1216 254 et
1231 234 1278 254 eos
1293 227 1339 261 qui
1356 227 1492 261 ejusmodi
1519 235 1563 256 res
1585 229 1644 256 ausi
1666 229 1733 261 sint,

948 269 1046 297 merito
1076 272 1253 301 anathemate.
1281 273 1459 307 percusserit.
1493 274 1626 306 Quoniam
1667 283 1736 303 vero

949 314 1007 342 bzec
1017 315 1099 345 etiam
1111 324 1186 344 nunc
1206 318 1331 345 nonnulli
1348 322 1451 345 temere
1467 318 1599 348 inducere
1619 320 1732 353 audent,

949 360 995 395 qui
1016 361 1115 389 Filium
1142 370 1175 390 ex
1196 363 1278 391 Patre
1291 363 1402 398 quidem
1416 385 1423 395 ,
1441 369 1467 392 et
1482 373 1516 393 ex
1534 366 1674 402 liypostasi
1687 388 1694 397 .
1706 371 1736 394 et

948 412 1062 442 paterna
1089 409 1258 443 proprietate
1284 418 1345 439 esse
1372 411 1504 444 fatentur,
1521 420 1575 439 non
1594 418 1686 440 autem
1700 421 1735 440 ex

949 453 1102 481 substantia
1121 453 1210 482 Patris
1231 463 1292 482 eum
1305 457 1429 490 generari
1448 458 1607 490 admittunt,
1624 464 1735 493 oporte—

949 497 996 524 bat
1010 505 1058 525 eos
1073 505 1125 526 nec
1149 499 1335 534 qualicunque
1353 501 1533 536 responsione
1556 503 1653 537 dignos
1668 512 1736 531 cen-

949 549 1020 574 sere,
1030 541 1080 577 ~qui
1090 551 1144 570 non
1157 548 1210 571 tam
1226 545 1309 572 stulte
1337 550 1421 579 atque
1436 547 1575 582 imperite,
1590 546 1736 583 quam‘im-

949 587 994 623 pie
1007 589 1048 616 sic
1068 589 1101 616 de
1124 590 1180 617 Dco
1195 590 1335 618 disserunt
1351 612 1358 623 ,
1376 599 1409 619 ac
1435 593 1579 621 manifeste
1601 595 1735 630 principia

951 635 1013 663 lidei
1031 635 1156 663 funditus
1171 642 1310 664 evertunt.
1329 637 1396 671 Quia
1412 643 1501 667 tamen
1515 648 1605 672 omne,
1618 642 1690 675 quod
1705 651 1735 671 se

949 681 1057 708 extollit
1072 687 1168 710 contra
1191 683 1239 710 Dei
1268 684 1455 718 cognitionem
1470 693 1520 719 pro
1535 686 1608 713 virili
1624 688 1735 715 destru-

950 734 995 754 ere
1019 734 1051 755 ac
1076 727 1240 763 redarguere
1277 730 1434 757 necessario
1457 731 1600 759 nitendum
1622 739 1682 765 est,
1707 740 1735 762 et

947 772 1024 807 juxta
1040 773 1191 808 principem
1220 775 1407 809 apostolorum
1423 777 1534 804 Petrum
1551 783 1661 813 paratos
1673 787 1735 807 esse

951 822 1059 851 oportet
1077 819 1110 845 ad
1126 819 1293 848 reddendam
1311 821 1445 849 rationem
1463 824 1537 850 omni
1552 826 1685 859 quaerenti
1700 826 1734 854 de

949 868 981 888 ea
996 870 1057 897 qua:
1080 863 1106 890 in
1128 864 1209 891 nobis
1231 869 1274 892 est
1316 865 1385 897 (ide;
1409 866 1652 895 demonstrandum
1669 873 1732 901 est,

950 912 998 933 eos
1011 906 1059 942 qui
1083 908 1140 934 lucc
1156 908 1244 940 aiunt,
1262 909 1347 936 multa
1368 910 1471 937 invitos
1486 912 1544 946 cogi
1566 912 1708 940 destruere
1724 933 1732 945 ,

949 960 1010 988 qua:
1027 953 1079 980 ﬁde
1096 954 1229 981 catholica
1249 955 1467 990 exploratissima
1483 961 1558 990 sunt,
1584 958 1733 993 multisque

949 998 1077 1026 absurdis
1095 999 1202 1034 premi;
1227 1004 1310 1035 atque
1325 1001 1359 1028 ab
1384 1001 1439 1028 illus
1455 1002 1578 1037 antiquis
1597 1003 1733 1032 haereticis

950 1044 1019 1072 nihil
1037 1044 1116 1079 plane
1130 1045 1251 1074 diilerre.

984 1092 1106 1120 Primum
1122 1092 1205 1128 igitur
1217 1093 1394 1127 quaerendum
1406 1093 1521 1126 abillis,
1536 1095 1666 1130 quidnam
1683 1095 1733 1131 by-

948 1139 1079 1172 postasim
1097 1145 1158 1165 esse
1170 1138 1338 1171 existiment,
1351 1139 1408 1167 sive
1424 1140 1514 1167 Patris
1525 1141 1730 1175 proprietatem,

948 1183 1143 1218 paternitatem
1167 1183 1317 1216 videlicet;
1342 1189 1370 1211 ιιι
1393 1185 1482 1219 posito
1507 1186 1600 1220 aliquo
1623 1187 1649 1214 in
1676 1195 1733 1222 quo

948 1228 1140 1260 convenimus,
1155 1229 1240 1256 verba
1250 1229 1392 1257 faciamus.
1414 1230 1449 1257 Et
1460 1231 1588 1265 quoniam
1605 1232 1734 1259 substan-

948 1273 1013 1301 tiam
1044 1280 1070 1302 et
1088 1275 1252 1310 bypostasim
1272 1283 1305 1303 ex
1323 1276 1440 1304 adverso
1453 1281 1606 1312 opponunt,
1626 1283 1654 1306 et
1667 1279 1734 1306 alte-

947 1325 1009 1346 rum
1031 1319 1108 1346 aiunt
1124 1327 1185 1347 esse
1197 1339 1205 1352 ,
1224 1328 1279 1347 non
1294 1320 1374 1355 quale
1397 1326 1439 1349 est
1459 1322 1576 1350 alterum
1590 1342 1598 1356 ,
1618 1323 1734 1352 cuilibet

948 1365 1124 1400 manifestum
1141 1369 1202 1399 est,
1221 1366 1293 1401 quod
1318 1367 1488 1404 hypostasim
1515 1376 1569 1395 non
1589 1376 1650 1396 esse
1671 1370 1734 1397 sub-

947 1411 1074 1438 stantiam
1088 1411 1162 1438 bztud
1177 1411 1261 1439 dubie
1275 1413 1437 1440 concedent.
1461 1412 1538 1446 Quod
1553 1415 1626 1442 enim
1648 1423 1734 1450 oppo-

947 1455 1023 1482 nitur
1038 1454 1210 1488 substantiaa,
1229 1463 1283 1482 non
1298 1459 1340 1483 est
1357 1457 1522 1490 substantia,
1537 1462 1565 1485 et
1578 1458 1732 1488 substantia

947 1501 999 1534 illi,
1012 1500 1086 1536 quod
1103 1508 1156 1528 non
1176 1506 1218 1528 est
1233 1501 1400 1534 substantia,
1412 1503 1578 1537 opponitur;
1596 1505 1644 1531 sed
1657 1505 1731 1538 quod

947 1554 1001 1574 non
1018 1550 1061 1573 est
1082 1546 1236 1574 substantia
1250 1565 1258 1578 ,
1291 1546 1445 1574 substantia
1474 1544 1569 1582 utique
1594 1555 1649 1575 non
1667 1553 1730 1582 est;

946 1591 1021 1626 quod
1033 1597 1125 1619 autem
1144 1599 1199 1618 non
1215 1595 1257 1618 est
1273 1591 1428 1619 substantia
1442 1611 1449 1624 ,
1475 1599 1529 1619 non
1550 1592 1732 1621 substantiale

945 1642 988 1665 est
1004 1647 1012 1672 ;
1032 1637 1104 1673 quod
1120 1641 1210 1665 autem
1227 1645 1281 1664 non
1306 1637 1484 1665 substantiale
1497 1642 1555 1669 est,
1571 1646 1625 1665 non
1643 1639 1732 1666 subsi—

947 1682 1015 1714 stit;
1034 1681 1128 1716 itaque
1154 1681 1244 1708 Patris
1264 1681 1433 1716 ltypostasim
1456 1689 1512 1709 non
1536 1682 1730 1710 subsistentem

946 1731 1063 1764 ponunt.
1080 1726 1137 1754 Hoc
1154 1726 1226 1754 idem
1240 1727 1390 1755 ostendunt
1409 1734 1439 1755 se
1454 1727 1557 1755 sentire
1571 1736 1604 1755 ex
1621 1729 1654 1756 iis
1670 1737 1732 1763 qua:

946 1775 998 1810 ipsi
1026 1774 1061 1801 de
1082 1773 1236 1801 substantia
1268 1777 1297 1800 et
1329 1773 1491 1807 operatione
1517 1773 1667 1808 disputant.
1690 1774 1730 1802 lbi

945 1821 1019 1849 enim
1031 1820 1116 1848 Deum
1129 1819 1156 1847 in
1173 1818 1354 1847 subStantiam
1365 1823 1394 1846 ct
1404 1810 1591 1854 operationem
1602 1819 1732 1847 dividen-

947 1871 999 1899 tes,
1008 1870 1091 1901 atque
1103 1865 1178 1893 aliud
1192 1865 1304 1900 quidem
1318 1869 1454 1900 ponentes
1463 1872 1523 1892 esse
1536 1866 1730 1898 substantiam,

946 1912 1021 1940 aliud
1039 1918 1105 1939 vero
1127 1911 1317 1946 operationem
1331 1928 1339 1940 .
1367 1909 1434 1937 dum
1458 1910 1530 1938 hanc
1545 1918 1560 1938 a
1579 1911 1732 1938 substantia

946 1956 1137 1992 distinguunt,
1153 1959 1180 1983 et
1197 1963 1258 1983 eam
1282 1963 1373 1991 neque
1398 1955 1605 1984 substantialem
1617 1977 1624 1988 ,
1641 1958 1731 1992 neque

946 2002 1141 2030 subsistentem
1158 2004 1296 2034 statuunt;
1306 2000 1480 2028 manifestum
1494 2005 1547 2033 est,
1563 2001 1636 2036 quod
1648 2002 1730 2029 etiam

946 2046 1000 2075 hoc
1016 2047 1076 2074 loco
1094 2046 1263 2082 bypostasim
1287 2053 1302 2073 a
1323 2046 1476 2073 substantia
1505 2046 1706 2081 distinguentes
1722 2066 1732 2079 ,

945 2092 1070 2129 ejusdem
1090 2091 1196 2119 ordinis
1212 2091 1380 2126 hypostasim
1410 2096 1437 2118 et
1462 2091 1648 2126 operationem
1664 2099 1732 2120 con-

945 2139 1071 2167 stituent.
1087 2138 1146 2166 Non
1164 2138 1238 2166 enim
1255 2137 1396 2165 habebunt
1411 2137 1485 2164 aliud
1510 2137 1620 2164 tertium
1634 2158 1641 2169 ,
1657 2137 1731 2172 quod

107 2191 255 2226 ἐνέργειαν
277 2190 462 2218 ἀνυπόστατον
494 2189 636 2225 ἡγοῦνται,
664 2188 735 2216 ὥστε
770 2189 819 2217 καὶ
843 2189 893 2226 τὴν

948 2185 975 2213 in
987 2185 1043 2212 Deo
1054 2191 1147 2219 neque
1163 2183 1330 2215 substantia,
1350 2189 1440 2217 neque
1451 2182 1575 2217 operatio
1587 2182 1633 2210 sit.
1645 2182 1732 2211 Omne

108 2236 285 2268 ὑπόστασιν,
313 2235 347 2271 ἢν
372 2235 465 2271 ἕτερον
490 2235 541 2271 τῆς
566 2235 661 2266 οὐσίας
690 2235 892 2270 ἰσχυρίζονται,

105 2282 238 2310 ἀνούσιον
273 2283 320 2309 καὶ
347 2282 534 2309 ἀνυπόστατον
573 2281 717 2316 ὁμολογεῖν
746 2282 817 2309 κατά
844 2281 894 2314 τὰς

106 2328 202 2356 αὐτῶν
219 2328 420 2362 ἀναγκάζονται
442 2327 542 2359 θέσεις.
560 2327 591 2354 Εἰ
607 2327 635 2354 δὲ
660 2328 708 2354 καὶ
724 2326 817 2362 τρίτον
830 2326 893 2362 βούο

104 2374 204 2400 λονται
231 2373 281 2407 τὴν
298 2373 449 2399 ὑπόστασιν
475 2371 591 2402 τιθέναι,
620 2370 729 2406 πρῶτον
751 2369 802 2405 μὲν
817 2369 894 2404 παρά

103 2421 159 2451 τὰς
175 2419 266 2446 αὐτῶν
290 2419 348 2445 ἐστι
376 2418 476 2450 θέσεις,
496 2416 556 2444 καθ’
582 2416 614 2448 ἃς
643 2415 807 2448 ἀπλῶς’τὸν
827 2415 894 2442 Θεὸν

103 2466 150 2497 sic
161 2465 257 2491 οὑσίαν
272 2463 404 2499 διαιροῦσι
421 2464 468 2490 καὶ
484 2463 634 2498 ἐνέργειανο
650 2461 757 2494 ἒπειτα,
775 2461 789 2489 ὃ
801 2469 828 2489 τι
844 2461 894 2497 μὲν

103 2511 150 2537 δεῖ
173 2511 238 2546 περὶ
266 2510 316 2545 τῆς
332 2509 508 2540 ὑποστάσεως
527 2510 637 2544 φρονεῖν
658 2507 718 2543 μετ’
735 2507 825 2542 ὀλίγον
844 2509 894 2542 ρη-

102 2556 236 2590 θήσεται·
251 2555 319 2590 πρὸς
338 2555 366 2581 δέ
391 2554 423 2581 τὸ
449 2554 549 2589 παρὸν,
575 2554 617 2580 ὅτι
639 2552 670 2580 οὑ
697 2561 782 2587 φασιν
807 2553 894 2587 αὐτὴν

101 2600 208 2627 οὐσίαν
233 2597 314 2630 εἶναι,
331 2598 412 2626 τοῦτο
442 2599 522 2631 μόνον
538 2599 628 2633 ἀρκεῖ.
645 2597 706 2625 Ὅτι
718 2597 747 2624 δὲ
769 2597 814 2624 τὸν
828 2597 894 2624 θεὸν

100 2647 149 2678 εἰς
177 2646 272 2673 οὐσίαν
295 2645 427 2676 διελόντες
449 2645 497 2671 καὶ
520 2645 681 2679 ἐνέργειαν,
705 2643 829 2670 ἀνούσιον
843 2642 894 2678 τήν

99 2693 254 2727 ἐνέργειαν
285 2693 333 2718 καὶ
360 2691 549 2718 ἀνυπόστατον
576 2688 745 2721 πιστεύουσι,
763 2688 844 2723 δῆλον
861 2688 894 2714 ἐκ

98 2738 164 2763 τῶν
178 2735 427 2776 ’περιειλημμένων
443 2733 482 2769 τῷ
495 2734 561 2767 περὶ
575 2733 667 2765 οὐσίας
693 2733 742 2760 καὶ
755 2732 894 2768 ἐνεργείας

98 2783 198 2818 ςόμφ,
215 2781 245 2808 ὸν
269 2783 308 2813 εἰς
331 2780 475 2816 ὁμολογίαν
498 2780 546 2814 τῆς
565 2778 670 2806 ἑαυτῶν
696 2777 814 2808 πίστεως
833 2776 894 2803 ἀνέ-

97 2828 231 2864 γραψαν.
246 2827 325 2856 Οὑτω
338 2827 392 2863 γὰρ
406 2827 465 2855 ἐκεῖ
478 2826 545 2860 πρὸς
557 2825 595 2861 τῷ
609 2825 681 2852 τέλει
695 2824 793 2851 κεῖται.
811 2822 893 2858 Ἦμῐν

946 2232 1034 2264 enim,
1059 2232 1149 2263 aiunt,
1175 2230 1203 2257 in
1218 2230 1285 2261 Deo,
1302 2233 1329 2256 ut
1354 2229 1405 2264 ipsi
1423 2228 1586 2262 diviserunt,
1603 2233 1651 2256 aut
1667 2229 1734 2257 sub-

947 2276 1057 2309 stantia,
1071 2280 1119 2303 aut
1132 2275 1255 2310 operatio
1271 2278 1331 2305 est;
1345 2274 1473 2301 accidens
1487 2274 1560 2302 enim
1575 2282 1664 2310 neque
1680 2275 1730 2310 ipsi

947 2322 1107 2353 admittunt,
1123 2321 1171 2348 sed
1185 2319 1373 2354 operationem
1388 2327 1442 2346 non
1461 2319 1656 2347 subsistentem
1670 2326 1733 2347 esse

947 2368 1107 2396 existimant
1123 2366 1191 2395 adeo
1213 2370 1242 2392 ut
1258 2365 1426 2401 hypostasim
1438 2383 1446 2397 .
1462 2372 1543 2400 quam
1551 2364 1627 2392 aliud
1641 2372 1656 2392 a
1668 2365 1734 2392 sub—

948 2414 1049 2442 stantia
1064 2419 1124 2440 esse
1139 2405 1322 2443 contendunt,
1334 2410 1485 2438 secundum
1501 2418 1566 2437 suas
1582 2411 1733 2446 positiones

947 2467 1002 2488 non
1018 2458 1223 2487 substantialem
1239 2464 1310 2489 esse,
1325 2464 1415 2491 neque
1435 2456 1631 2484 subsistentem
1652 2456 1731 2484 fateri

948 2510 1091 2540 cogantur.
1115 2504 1191 2538 Quod
1217 2504 1240 2531 si
1265 2503 1377 2530 tertium
1404 2502 1535 2537 quiddam
1564 2502 1731 2538 bypostasim

947 2559 1008 2579 esse
1030 2551 1127 2578 Tacere
1143 2549 1257 2581 volunt,
1273 2548 1392 2583 primum
1421 2547 1531 2582 quidem
1559 2547 1610 2574 hoc
1632 2552 1731 2581 praeter

948 2605 1043 2625 eorum
1061 2595 1211 2631 positiones
1224 2599 1276 2625 est.
1289 2595 1367 2629 juxta
1383 2600 1452 2628 quas
1471 2592 1632 2627 simpliciter
1645 2593 1731 2619 Deum

948 2643 976 2670 in
1001 2641 1181 2669 substantiam
1198 2646 1226 2667 et
1247 2640 1434 2674 operationem
1465 2638 1600 2665 dividunt.
1626 2637 1730 2665 Deinde

948 2687 1014 2722 quid
1030 2686 1202 2714 sentiendum
1216 2685 1251 2713 sit
1267 2684 1302 2711 de
1327 2683 1466 2719 hypostasi
1488 2683 1569 2719 paulo
1585 2689 1646 2718 post
1656 2683 1731 2711 diee-

949 2736 1005 2759 tur.
1027 2731 1057 2759 ln
1081 2730 1227 2766 praesentia
1256 2736 1320 2756 vero
1335 2728 1403 2756 satis
1423 2732 1475 2759 est,
1497 2727 1570 2762 quod
1586 2735 1646 2755 eam
1666 2727 1731 2756 sub-

948 2776 1074 2805 stantiam
1090 2783 1151 2804 esse
1169 2779 1278 2811 negant.
1289 2773 1366 2808 Quod
1383 2777 1474 2800 autem
1494 2773 1579 2800 Deum
1604 2772 1731 2800 dividen-

949 2827 989 2852 tes
1000 2822 1028 2852 in
1043 2821 1224 2850 subsuntiam
1234 2825 1262 2850 et
1274 2818 1473 2856 operationem,
1486 2817 1653 2851 arbitramur
1665 2824 1732 2853 ope!
