1942 3091
233 134 288 168 861

873 134 1064 167 DEMETRII
1087 136 1241 168 CYDONll

1788 135 1832 168 868

234 193 372 220 rationem
384 198 440 220 non
451 198 512 220 esse
526 191 735 220 substantialem
746 212 754 226 ,
766 199 856 228 neque
869 192 1021 220 subsisten-

1076 193 1099 220 ἢ
1116 193 1218 228 ἀρτίως
1242 192 1257 219 ὁ
1283 191 1360 226 λόγος
1377 191 1407 218 οὑ
1424 190 1488 227 napi.
1513 190 1616 226 ταύτης
1639 190 1690 225 τῆς
1711 190 1831 226 ἐναργείας

234 244 301 271 tem,
317 238 421 266 clarum
433 242 475 266 est
488 246 521 266 ex
537 239 570 267 iis
594 247 656 275 qua
675 240 799 267 continet
817 246 914 267 eorum
929 243 1020 266 tomus

232 284 268 313 de
281 285 434 313 substantia
449 289 478 313 et
492 285 664 321 operatione,
685 292 767 320 quem
781 284 816 312 ad
831 284 1019 320 proﬁtendum

232 338 312 359 suam
339 330 420 357 Iidem
444 330 692 365 conscripserunt;
719 331 760 357 sic
789 330 864 358 enim
883 330 921 358 lbi
945 330 1019 358 circa

233 377 314 403 tinent
332 375 426 402 habet.
443 375 529 403 Nobis
544 382 611 402 vero
632 375 715 403 modo
731 383 824 403 sermo
843 379 896 408 est,
912 383 967 403 non
984 376 1018 404 de.

234 421 286 449 hac
311 421 471 456 operatione
488 428 521 448 ac
536 421 671 456 potentia,
689 421 798 449 scilicet
811 421 916 457 Filiiget
929 421 1022 457 Spiri:

235 471 289 499 tus.
305 466 352 494 sed
370 466 405 494 de
419 467 475 498 illa,
502 473 564 502 quae
576 467 731 494 communis
748 472 790 494 est
807 467 896 495 tribus
917 467 1018 496 divinis

232 513 359 548 personis
371 520 432 546 quae
443 520 497 539 non
507 516 549 539 est
559 512 725 547 hypostasis.
735 512 868 540 Praeterea
881 513 908 540 in
920 513 1016 541 eodem

234 563 309 585 toruo
326 558 398 585 circa
414 557 579 592 principium
593 557 751 592 aiuntquod
765 557 916 586 increatum
925 558 960 586 sit
976 558 1018 586 lu-

231 611 295 630 men
311 602 560 637 trausﬁgurationis
577 602 695 635 Domini,
712 607 739 629 et
749 603 821 637 quod
844 603 896 631 ltoc
915 612 968 631 non
984 603 1020 631 sit

231 649 386 676 Substantia
399 648 457 675 Dei.
478 648 608 675 Privatim
623 656 690 675 vero
706 649 744 675 ait
757 649 839 676 etiam
853 649 978 677 Palamas
991 649 1018 677 in

233 703 284 723 suo
309 695 473 730 Theophani:
499 700 523 721 et
554 694 682 722 Theolimi
702 694 810 729 dialogo
828 703 835 722 :
855 704 864 720 t
889 695 1021 728 Quamvis

233 741 307 768 enim
340 747 429 775 neque
457 740 622 776 hypostasis.
636 748 725 775 neque
742 740 895 767 substantia
913 740 947 767 sit
963 740 1020 768 haec

235 787 324 815 deitas
349 787 451 822 (lumen
474 786 744 822 transﬁgurationis).
774 786 956 814 nihilominus
977 787 1021 814 in-

1069 239 1117 266 καὶ
1131 239 1286 273 δυνάμεως,
1305 238 1391 273 ἧγουν
1410 237 1457 264 τοῦ
1482 236 1547 263 Υίοῦ
1563 237 1611 264 καὶ
1625 235 1672 263 τοῦ
1685 236 1831 271 Πνεύματος,

1067 284 1138 312 ἀλλὰ
1154 285 1217 320 περὶ
1230 283 1281 319 τῆς
1296 284 1388 319 κοινῆς
1399 284 1449 318 τῆς
1468 282 1685 318 τρισυποστάτου
1708 281 1832 317 Θεότητος,

1066 330 1129 366 ἥτις
1141 331 1191 365 οὐχ
1206 329 1354 361 ὑπόστασις
1375 329 1462 356 ἑστιν.
1486 328 1548 355 Ἔτι
1571 328 1602 355 ιν
1628 327 1701 362 αὑτῷ
1723 327 1784 363 πρὸς
1804 329 1832 362 τῇ

1067 377 1152 412 ἀρχῇ,
1168 376 1212 403 ὅτι
1232 384 1263 402 τε
1289 375 1418 402 ᾶκτιστόν
1439 375 1498 401 ἐστι
1511 374 1543 401 τδ
1555 374 1614 409 φῶς
1626 373 1676 409 τῆς
1689 373 1734 400 τοῦ
1748 373 1833 407 Κυρίου

1072 420 1322 457 μεταμορφώσεως,
1340 421 1387 448 καὶ
1410 421 1453 447 ὅτι
1476 420 1527 447 οὑκ
1552 420 1612 447 ιστι
1637 418 1717 446 τοῦτο
1735 420 1752 455 ἠ
1770 419 1835 446 circle

1070 467 1117 494 τοῦ
1129 467 1210 494 Θεοῦ.
1230 467 1295 501 Ἰδίᾳ
1311 466 1340 493 δέ
1356 475 1424 502 φησι
1437 466 1484 493 καὶ
1502 467 1516 493 ὁ
1536 460 1714 500 Παλαμᾶξὲν
1729 464 1767 500 τῷ
1778 464 1836 491 κατὰ

1072 512 1230 548 Θεοφάνην
1243 512 1295 539 καὶ
1311 513 1454 546 Θεότιμον
1478 511 1597 547 διαλόγῳ
1616 510 1710 545 αὑτοῦ,
1724 519 1734 538 ι
1750 511 1777 538 Et
1791 511 1838 545 γὰρ

1048 585 1052 590 ,
1074 560 1139 595 μήθ’
1153 559 1314 591 ὑπόστασις,
1335 557 1397 593 μήτ’
1410 558 1490 585 οὑσισ.
1510 558 1529 593 ἠ
1554 556 1650 593 θεότης
1675 557 1743 592 αὕτη
1766 557 1839 590 stipu-

1072 614 1131 637 κεν,
1151 604 1210 632 ἀλλ’
1225 604 1301 631 οὐδὲν
1331 601 1412 639 ἦττον
1430 603 1560 634 ἀκτιστός
1576 603 1636 630 ἐστι
1655 602 1702 630 καὶ
1722 601 1840 633 συναῖδιος

1072 652 1105 685 τῇ
1122 650 1202 685 οὐσίᾳ
1217 649 1265 676 τοῦ
1280 649 1377 677 Θεοῦ.»
1398 649 1478 676 Ἀλλὰ
1497 649 1545 676 καὶ
1558 649 1573 675 ὁ
1585 648 1777 681 Θεσσαλονίκης
1793 647 1841 674 Κα-

1073 696 1188 728 σάσιλας
1213 695 1309 727 Νεῖλος
1329 696 1359 722 ιν
1382 694 1464 730 λόγῳ,
1483 691 1515 721 οὗ
1537 695 1554 730 ὴ
1577 694 1661 730 ἁρχὴ,
1674 694 1775 721 Κανών
1787 693 1841 720 ἐστι

1074 741 1258 777 θεολογικός,
1275 741 1371 776 φησιν,
1387 749 1398 767 ι
1420 741 1454 768 Ἦ
1471 740 1522 776 μὲν
1544 740 1622 767 οὐσία
1644 740 1776 775 ὑφέστηκε
1791 737 1842 765 καθ’

1075 787 1193 822 ἑαυτήν·
1222 787 1240 822 ἡ
1270 787 1299 813 δὲ
1317 786 1444 822 ἐνέργεια
1472 785 1522 821 οὐχ
1549 785 1690 821 ὑφέστηκε
1718 784 1843 812 καθ’ὲαυ·

234 835 326 859 creata
351 835 396 858 est
416 835 500 864 atque
529 835 662 858 coaeterni:
681 830 841 858 substantiae
857 831 916 858 Dei.
935 840 945 857 ι
972 831 1024 860 Sed
1039 830 1063 860 B
1077 834 1137 868 τήν.
1158 842 1168 859 ι

234 877 331 912 etipse
344 876 599 904 Thessalonicensis
607 876 749 904 Cabasilas
769 877 849 904 Nilus
867 877 893 904 in
907 879 1039 913 oratione,
1061 879 1140 916 cujus
1171 878 1279 906 initium
1298 887 1305 907 :
1323 877 1417 906 Conon
1448 880 1486 905 at
1500 876 1671 913 theologicae,
1686 876 1735 911 ait,
1759 885 1769 904 ι
1784 874 1845 905 Stib-

234 923 335 951 stantia
351 921 462 957 quidem
479 929 528 957 per
544 929 573 949 se
588 921 730 953 subsistit,
747 922 872 957 operatio
885 930 951 951 vero
973 931 1020 958 per
1038 933 1068 953 se
1080 933 1133 952 non
1145 924 1282 952 subsistit.
1302 933 1312 950 ι

268 969 337 996 Cum
353 969 436 1003 igitur
455 968 624 1003 hypostasim
646 973 675 995 et
703 968 906 1003 operationem,
923 977 956 996 ex
978 970 1022 998 his

234 1023 295 1050 quae
310 1015 417 1047 dicunt,
433 1023 488 1042 non
508 1015 659 1042 subsistere
682 1020 824 1042 ostensum
848 1016 893 1049 sit.
908 1024 1023 1051 praeser-

234 1061 283 1088 tim
308 1068 322 1087 a
339 1060 405 1088 viris
419 1068 489 1095 quos
514 1060 565 1095 ipsi
581 1060 616 1087 ob
633 1060 762 1094 pietatem
776 1065 818 1095 (ut
845 1061 870 1089 id
884 1062 967 1090 etiam
994 1063 1022 1090 in

235 1113 310 1134 tomo
334 1107 421 1141 aiunt)
439 1111 562 1134 veterum
584 1106 669 1134 choro
683 1113 842 1135 sanctorum
872 1113 956 1143 atque
974 1109 1024 1137 do-

235 1158 343 1180 ctorum
372 1153 527 1185 ascribunt,
549 1158 577 1180 et
595 1161 643 1180 eos
665 1149 743 1188 teque
761 1162 836 1181 nunc
859 1160 941 1189 atque
963 1155 1024 1183 illos

234 1199 362 1226 colunt:
387 1199 612 1233 quandoquidem
646 1199 814 1234 hypostasim
848 1200 927 1227 :iliant
968 1209 1024 1228 rem

235 1250 334 1279 prater
361 1244 543 1271 substantiam
559 1245 661 1271 aiunt:
689 1245 742 1272 erit
773 1246 924 1272 secundum
952 1246 1025 1281 ipsos

236 1289 391 1324 hypostasis
409 1296 463 1315 non
475 1289 678 1322 substantialis,
690 1290 844 1317 substantia
859 1296 951 1318 autem
965 1298 1019 1318 non

235 1335 466 1367 subsistentialis;
494 1339 522 1361 et
548 1335 680 1369 quoniam
713 1335 832 1370 theologi
858 1335 892 1364 de
926 1336 1019 1364 divina

235 1381 411 1416 generatione
427 1381 487 1408 Filii
513 1380 666 1415 loquuntur
681 1381 880 1413 indillerenter.
900 1386 928 1408 et
947 1389 1021 1410 nunc

235 1427 349 1461 quidem
364 1434 427 1453 eum
444 1434 477 1452 cx
495 1426 649 1453 substantia
670 1426 759 1454 Patris
774 1427 900 1461 generari
914 1427 1021 1454 theolo-

235 1473 295 1507 gice
311 1472 462 1504 disserunt,
491 1479 567 1498 nunc
585 1480 652 1499 vero
668 1480 701 1499 ex
723 1472 873 1508 hyposlasi,
890 1472 1024 1507 siquidem

235 1517 310 1544 aliud
335 1523 377 1544 est
407 1517 583 1548 substantia,
609 1521 637 1544 et
665 1517 739 1544 aliud
768 1517 923 1552 hypostasis
946 1518 1023 1553 juxta

236 1564 360 1594 modum.
377 1571 459 1598 quem
486 1564 538 1598 ipsi
555 1563 706 1590 adversarii
731 1564 900 1599 intelligunt.
919 1564 1024 1591 alteru-

236 1614 308 1636 trum
322 1609 385 1641 erit,
401 1614 448 1636 aut
473 1609 544 1636 duos
562 1610 632 1636 ﬁli-rs
649 1616 681 1636 ex
694 1609 774 1636 Putre
797 1610 920 1643 generari
937 1610 1024 1637 laten-

235 1656 301 1681 dum
319 1654 387 1689 ipsis
404 1655 467 1687 erit.
482 1659 530 1682 aut
564 1662 619 1682 non
639 1663 720 1682 unant
737 1663 797 1683 esse
825 1663 857 1683 ac
872 1656 1024 1691 simplicem

236 1701 298 1729 Filii
313 1701 530 1736 generationem.

271 1747 407 1775 Praeterea
418 1767 426 1781 ,
443 1747 572 1782 quoniam
589 1748 771 1783 proprietates
789 1749 959 1776 constituere
975 1748 1025 1784 hy-

237 1798 364 1829 postases
390 1794 534 1827 dicuntur,
560 1799 589 1821 ut
613 1796 764 1829 paternitas
784 1795 953 1830 hypostasim
973 1795 1024 1822 Pa—

237 1840 298 1873 tris,
325 1840 479 1875 hypostasis
505 1847 569 1868 vero
600 1841 688 1869 Patris
713 1845 756 1868 est
786 1849 903 1876 persona
924 1842 1024 1872 Patris.

236 1887 340 1922 quippe
372 1887 525 1921 hypostasis
552 1891 580 1914 et
618 1894 735 1922 persona
766 1888 839 1914 idem
882 1892 925 1915 est
952 1887 1025 1922 apud

238 1933 383 1968 theologos
394 1953 402 1965 ,
418 1933 573 1960 concedent
590 1941 622 1959 ex
635 1941 690 1960 non
705 1934 871 1961 subsistente
884 1942 944 1961 esse
961 1935 1026 1961 sub-

238 1977 339 2007 sistens
354 1999 361 2012 ,
385 1980 472 2014 ipsatn
500 1980 629 2007 videlicet
659 1987 803 2014 personam
823 1981 923 2008 Patris.
948 1981 1025 2013 Quod

236 2027 312 2053 enim
340 2033 455 2061 persona
472 2026 562 2053 Patris
580 2026 720 2059 subsistat,
741 2026 809 2053 ﬁdes
828 2026 940 2054 fatetur.
957 2026 1026 2060 Quia

237 2073 313 2100 enim
331 2073 513 2108 proprietates
529 2079 720 2106 personarum,
743 2080 860 2108 quarum
881 2077 946 2099 sunt
961 2081 1026 2108 pro-

239 2118 387 2154 prietates,
404 2118 581 2153 bypostaticaa
598 2121 679 2150 sunt,
700 2125 833 2152 personas
853 2119 1026 2146 cortstituen-

1072 977 1083 998 ι
1107 970 1160 998 Τοῦ
1182 971 1233 1005 μὲν
1249 967 1297 997 οὖν
1311 970 1361 1005 οὐχ
1374 969 1558 1004 ὑφεστηκέναι
1577 969 1628 1004 τὴν
1643 969 1789 996 ὑπόστασιν
1804 968 1844 994 καὶ

1070 1017 1121 1052 τὴν
1134 1017 1273 1052 ἐνέργειαν
1302 1016 1331 1050 ἑξ
1355 1013 1392 1042 ὧν
1409 1015 1535 1050 λέγουσιν
1554 1014 1790 1050 ἀποδεδειγμένου,
1806 1014 1846 1040 καὶ

1073 1063 1138 1097 παρ’
1157 1062 1271 1098 ἀνδρῶν,
1287 1061 1335 1093 οὓς
1358 1060 1436 1087 αὑτοὶ
1460 1060 1505 1088 διὰ
1527 1060 1578 1095 τὴν
1594 1060 1748 1093 εὐσέϐειαν,
1759 1059 1794 1090 ὡς
1807 1058 1847 1085 καὶ

1071 1107 1151 1135 τοῦτο
1180 1108 1209 1133 ὲν
1234 1107 1274 1142 τῷ
1288 1107 1366 1143 τόμῳ
1393 1107 1479 1142 φασὶ,
1498 1106 1538 1142 τῷ
1558 1105 1632 1142 χορῷ
1656 1105 1714 1132 τῶν
1739 1104 1847 1132 παλαιῶν

1072 1154 1158 1186 ἁγίων
1171 1154 1218 1181 καὶ
1230 1154 1398 1181 διδασκάλων
1411 1153 1602 1188 ἐγγράψαντες
1618 1152 1718 1188 ἐπίσης
1726 1152 1772 1178 νῦν
1786 1151 1847 1177 titti-

1072 1209 1129 1232 νοις
1144 1201 1275 1235 τιμῶσιν,
1288 1200 1384 1235 ἐπειδὴ
1400 1200 1448 1235 τὴν
1467 1199 1618 1226 ὑπόστασιν
1634 1198 1701 1226 ἄλλο
1718 1198 1791 1233 παρὰ
1804 1196 1847 1231 τὴν

1073 1247 1168 1273 οὐσίαν
1184 1247 1302 1282 πρᾶγμά
1319 1255 1414 1281 φασιν,
1442 1247 1522 1273 ἔσται
1549 1246 1611 1272 κατ’
1623 1245 1723 1277 αὐτοὺς
1739 1243 1848 1273 ἀνοὺσιος

1079 1292 1129 1327 μὲν
1155 1292 1318 1325 ὑπόστασις,
1341 1291 1423 1318 οὐσία
1452 1292 1480 1318 δὲ
1508 1291 1709 1322 ἀνυπόστατος.
1734 1289 1786 1317 Καὶ
1798 1288 1849 1315 ἐπεὶ

1072 1338 1306 1373 ἁπροσδιοριστως
1324 1337 1350 1363 oi.
1374 1337 1494 1371 θεολόγοι
1518 1337 1583 1371 περὶ
1602 1336 1651 1371 τῆς
1669 1336 1745 1366 θείας
1764 1334 1848 1369 γεννή-

1075 1391 1146 1414 σεως
1170 1383 1358 1417 διαλεγόμενοι
1383 1382 1431 1410 τοῦ
1456 1382 1543 1414 Υίοῠ,
1568 1382 1632 1408 ποτὲ
1657 1382 1709 1416 μὲν
1733 1381 1809 1407 αὐτὸν
1823 1381 1849 1406 ι.

1077 1430 1127 1464 τῆς
1142 1429 1237 1460 οὐσίας
1252 1429 1299 1455 τοῦ
1321 1429 1430 1464 Πατρδς
1450 1428 1602 1463 γεννᾶσθαι
1617 1427 1783 1461 θεολογοῦσι,
1796 1425 1850 1452 ποτὶ

1077 1475 1106 1501 δὲ
1121 1475 1153 1501 ὲκ
1174 1474 1223 1508 τῆς
1240 1474 1427 1505 ὑποστάσεως,
1445 1473 1526 1508 εἴπερ
1544 1473 1609 1500 ἄλλο
1625 1472 1719 1503 οὐσία,
1734 1473 1779 1498 καὶ
1794 1470 1848 1498 ἄλλο

1078 1519 1228 1551 ὑπόστασις
1254 1519 1315 1545 καθ’
1332 1519 1362 1545 ὃν
1384 1518 1484 1553 τρόπον
1510 1519 1535 1544 οι
1559 1518 1736 1553 ἐνιστάμενοι
1754 1516 1852 1547 νοοῦσι,

1077 1564 1150 1591 δυοῖν
1171 1564 1241 1591 ἔστω
1264 1564 1390 1599 θάτερον,
1413 1563 1430 1599 ἢ
1458 1563 1504 1590 δύο
1521 1563 1598 1596 uici);
1625 1564 1660 1590 ὲκ
1685 1563 1732 1590 τοῦ
1758 1562 1852 1596 [latr/bi

1076 1611 1224 1645 γεννᾶσθαι
1244 1610 1458 1646 ὁμολογήσουσι,
1481 1610 1527 1636 τὸν
1551 1610 1600 1644 μὲν
1627 1610 1662 1637 ὲκ
1685 1610 1735 1644 τῆς
1758 1608 1852 1638 οὐσίας,

1076 1657 1123 1683 τὸν
1135 1657 1163 1683 δὲ
1181 1658 1213 1683 ὲκ
1237 1657 1285 1691 τῆς
1312 1656 1488 1687 ὑποστάσεως
1502 1665 1509 1671 ·
1525 1655 1542 1691 ἢ
1569 1656 1607 1691 μὴ
1624 1655 1692 1691 μίαν
1712 1656 1759 1682 καὶ
1774 1655 1854 1685 ἁπλῆν

1075 1700 1145 1728 εἶναι
1160 1702 1207 1737 τοῦ
1225 1702 1290 1729 Υἱοῠ
1307 1703 1356 1737 τὴν
1378 1703 1511 1738 γέννησιν.

1112 1748 1184 1780 Ἔτι,
1207 1749 1268 1775 ἐπεὶ
1291 1748 1320 1774 αἱ
1341 1748 1474 1783 ἰδιότητες
1493 1747 1542 1780 τὰς
1565 1747 1734 1780 ὑποστάσεις
1749 1746 1855 1782 semp

1075 1795 1272 1830 ὁμολογοῦντας
1301 1792 1358 1821 οἷον
1382 1796 1398 1830 ἡ
1431 1795 1570 1831 πατρότης
1599 1795 1651 1830 τὴν
1682 1794 1730 1821 τοῦ
1759 1794 1856 1829 Πατρδς

1076 1841 1234 1873 ὑπόστασιν,
1246 1841 1262 1875 ἡ
1273 1840 1301 1867 δὲ
1316 1840 1362 1867 τοὺ
1375 1841 1480 1876 Πατρδς
1494 1841 1643 1873 ὑπόστασις
1655 1841 1687 1867 τὸ
1698 1840 1745 1867 τοῦ
1760 1839 1856 1874 Πατρίς

1076 1889 1135 1913 ἐστι
1151 1886 1307 1922 πρόσωπον,
1323 1887 1473 1918 ὑπόστασις
1489 1888 1544 1923 γὰρ
1559 1889 1606 1914 καὶ
1623 1888 1772 1923 πρόσωπον
1789 1885 1856 1920 παρὰ

1075 1934 1131 1964 τοῖς
1156 1932 1292 1966 Θεολόγοις
1317 1933 1420 1959 ταυτό·
1445 1933 1663 1968 ὁμολογήσουσιν
1688 1934 1722 1960 ὲκ
1754 1931 1799 1959 τοῦ
1824 1931 1856 1966 μὴ

1076 1978 1231 2013 ὑφεστῶτος
1254 1979 1285 2005 τὸ
1309 1978 1444 2012 ὑφεστὼς,
1471 1979 1537 2006 αὐτὸ
1552 1979 1652 2014 δηλαδὴ
1669 1979 1700 2006 τὸ
1717 1979 1854 2012 πρόσωπον

1075 2025 1123 2051 τοῦ
1149 2026 1266 2061 Πατρός.
1289 2026 1325 2052 Τὸ
1348 2026 1402 2060 γὰρ
1418 2027 1448 2052 τὸ
1475 2025 1521 2052 τοῦ
1547 2026 1654 2060 Πατρὶς
1679 2024 1855 2060 ὑφεστηκέναι

1077 2072 1224 2107 πρόσωπον
1250 2073 1326 2108 παρὰ
1351 2072 1401 2107 τῆς
1428 2072 1545 2104 πίστεως
1571 2071 1757 2107 ὡμολόγηται.
1787 2069 1855 2097 Ἐπεὶ

1076 2118 1131 2152 γὰρ
1160 2119 1187 2144 αι
1211 2117 1342 2152 ἰδιότητες
1370 2118 1425 2144 τῶν
1448 2118 1612 2153 προσώπων,
1635 2114 1675 2144 ὥν
1701 2118 1770 2144 εἰσιν
1799 2115 1854 2142 ίδιό-

241 2169 292 2196 tes,
312 2171 423 2191 necesse
441 2168 493 2196 est,
511 2164 619 2190 Putrem
636 2170 690 2189 non
706 2170 800 2190 carere
814 2171 907 2195 causa,
924 2163 970 2190 scd
990 2163 1023 2190 ab

1083 2171 1175 2198 τητες,
1201 2163 1382 2190 ὑποστατικαί
1398 2165 1451 2190 εἰσι
1467 2163 1553 2191 ταῦτα
1576 2164 1742 2198 ὑφιστῶσαι,
1757 2163 1853 2195 ἀνάγκη

237 2211 332 2245 aliquo
349 2217 410 2237 esse
433 2214 460 2237 ct
476 2217 510 2237 ex
535 2217 589 2236 non
614 2209 794 2241 subsistente,
809 2214 839 2236 ut
854 2210 956 2237 dictum
970 2217 1023 2240 est.

235 2256 342 2291 aliquid
368 2263 430 2284 esse
447 2255 611 2288 subsistens,
632 2260 659 2282 et
681 2263 714 2282 ex
732 2263 786 2282 non
805 2255 944 2290 hypostasi
965 2262 1025 2282 esse

237 2303 412 2338 Jtypostasim
426 2322 433 2335 ,
450 2302 533 2337 idque
556 2301 598 2329 vel
619 2302 771 2329 secundum
799 2302 1004 2337 generationem
1017 2321 1024 2334 ,

238 2347 284 2375 vel
305 2348 529 2382 procossionetn,
556 2347 597 2373 vel
627 2347 650 2373 si
678 2346 756 2373 aliter
784 2348 886 2381 lingere
919 2346 1026 2379 volunt,

242 2399 326 2427 atque
341 2393 378 2419 ita
394 2393 455 2419 duae
476 2393 583 2427 species
603 2392 747 2419 Trinitatis
772 2393 953 2427 apparebunt,
972 2400 1026 2419 una

237 2441 352 2477 quidem
367 2448 400 2467 ex
414 2440 585 2474 paternitate.
598 2444 804 2474 etquzecunquc
816 2448 847 2466 ex
858 2440 1027 2474 paternitale

239 2486 418 2523 proveniunt,
444 2487 501 2520 ipsa
516 2486 624 2515 tiliatio.
648 2491 676 2512 et
700 2486 846 2520 spiritatio,
861 2489 882 2512 si
901 2494 971 2520 opus
982 2491 1027 2512 est

240 2534 279 2561 ita
297 2533 449 2560 nominare.
466 2532 556 2559 Altera
579 2532 686 2566 species
702 2532 794 2565 Pater,
814 2531 900 2558 Filius
925 2536 954 2558 et
969 2531 1029 2566 Spi-

239 2579 312 2606 ritus
329 2583 451 2610 sanctus,
466 2579 524 2605 sive
538 2583 594 2605 tres
611 2584 744 2612 personw.

275 2668 412 2697 Praeterea
437 2669 594 2696 fatebuntur
609 2675 662 2695 non
680 2675 740 2694 esse
760 2674 904 2702 personam
920 2675 952 2694 ex
969 2675 1032 2702 pcr—

241 2724 321 2748 sona,
333 2716 380 2743 sed
396 2716 556 2743 relationem
570 2723 603 2742 ex
615 2714 752 2742 relatione
769 2723 775 2740 :
794 2715 857 2748 quia
878 2713 950 2740 enim
968 2721 1030 2748 pcr-

240 2770 309 2790 soua
327 2766 369 2789 est
384 2761 536 2789 substantia
553 2769 614 2788 cunt
632 2760 750 2795 quadam
773 2759 940 2794 proprietate
958 2762 1030 2794 (per-

241 2815 310 2835 sona
325 2807 399 2834 enim
423 2807 495 2834 dicta
514 2811 557 2833 est
573 2806 741 2834 Damasceno
763 2805 789 2832 id
806 2805 879 2840 quod
897 2812 938 2832 est
955 2812 1030 2832 cont-

241 2861 326 2883 mane
343 2862 406 2882 cum
430 2854 561 2890 proprio),
589 2852 742 2880 substantia
766 2859 831 2880 vero
847 2859 900 2878 una
914 2859 975 2878 cum
994 2851 1030 2878 sit

1078 2206 1115 2242 μὴ
1151 2207 1272 2233 ἀναίτιον
1299 2206 1369 2233 εἷναι
1407 2207 1453 2234 τὸν
1482 2207 1590 2243 Πατέρα
1606 2227 1614 2239 ,
1631 2207 1690 2234 ἀλλ’
1719 2208 1749 2233 ἐκ
1773 2213 1853 2236 τινος,

1077 2254 1124 2279 καὶ
1139 2254 1171 2279 ὲκ
1182 2252 1228 2278 τοῦ
1245 2253 1283 2287 μὴ
1295 2251 1462 2287 ὑφεστῶτος,
1476 2253 1513 2283 ὡς
1527 2253 1653 2287 εἴρηται,
1673 2252 1704 2278 τὸ
1723 2249 1838 2285 ὑφεστὼς
1848 2267 1854 2278 1

1077 2300 1124 2326 καὶ
1140 2299 1171 2325 ὲκ
1187 2299 1236 2333 τῆς
1254 2298 1291 2334 μὴ
1302 2299 1477 2329 ὑποστάσεως
1489 2298 1538 2332 τὴν
1550 2297 1712 2329 ὑπόστασιν,
1729 2298 1774 2324 καὶ
1786 2295 1856 2322 τοῦτο

1077 2343 1093 2378 ἢ
1111 2344 1182 2371 κατὰ
1195 2345 1333 2380 γέννησιν,
1351 2344 1366 2378 ἢ
1380 2343 1440 2370 κατ’
1454 2344 1629 2378 ὲκπόρευσιν·
1649 2343 1666 2378 ἢ
1688 2345 1768 2378 εἰπερ
1778 2340 1857 2369 ἄλλως

1079 2390 1215 2424 βούλοιντο
1241 2390 1380 2422 πλάττειν,
1400 2390 1446 2416 καὶ
1458 2389 1530 2416 οὑτω
1556 2388 1603 2415 δύο
1625 2389 1684 2424 ιῐδη
1713 2389 1762 2422 τῆς
1780 2387 1858 2421 Τρια-

1078 2437 1122 2468 δος
1145 2438 1360 2471 ἀναφανήσεται,
1381 2436 1411 2462 τὺ
1428 2436 1476 2471 μὲν
1501 2436 1534 2461 ἐκ
1561 2436 1610 2470 τῆς
1626 2434 1799 2470 πατρότητος
1817 2430 1858 2458 καὶ

1079 2483 1131 2509 ὅσα
1145 2483 1177 2508 ἑκ
1196 2483 1245 2516 τῆς
1257 2481 1565 2517 πατρότητοςπρόεισιν,
1579 2481 1647 2516 αὑτὴ
1669 2482 1687 2516 ή
1710 2481 1802 2513 υίὸτης
1821 2478 1861 2503 καὶ

1080 2529 1097 2562 ὴ
1116 2528 1310 2562 πνευματότης
1324 2548 1332 2560 ,
1347 2528 1372 2553 εί
1391 2527 1432 2553 δεῖ
1455 2526 1541 2557 οὕτως
1564 2526 1711 2561 ὀνομάζειν
1723 2533 1729 2540 ·
1759 2524 1789 2551 τὸ
1809 2521 1862 2549 δὲὸ

1081 2573 1187 2609 Πατὴρ,
1204 2574 1253 2599 καὶ
1276 2574 1290 2599 ό
1308 2573 1372 2604 Υἱὸς
1400 2573 1495 2600 καὶτὸ
1516 2572 1627 2607 Πνεῦμα
1652 2572 1685 2598 τὸ
1713 2571 1802 2604 ἇγιον,
1819 2569 1862 2594 εἰς·

1080 2619 1128 2646 οὖν
1144 2624 1177 2646 τὰ
1197 2621 1260 2656 τρία
1280 2620 1426 2655 πρόσωπα.

1119 2667 1180 2693 Ἔτι
1207 2667 1235 2692 δὲ
1260 2666 1459 2700 ὁμολογήσουσι
1490 2664 1527 2700 μὴ
1552 2661 1622 2690 εἶναι
1654 2663 1803 2698 πρόσωπον
1835 2660 1863 2684 ὲκ

1083 2712 1244 2747 προτώπου,
1264 2712 1323 2739 ἀλλ’
1336 2712 1479 2746 ἀναφορὰν
1495 2711 1525 2743 ἐξ
1547 2710 1699 2744 ἀναφορᾶς.
1720 2709 1797 2735 Ἐπεὶ
1814 2714 1863 2739 γαρ

1082 2759 1228 2794 πρὰσωπόν
1267 2760 1343 2785 ἐστιν
1372 2758 1388 2793 ή
1420 2758 1499 2784 οὑσὶα
1534 2757 1604 2792 μετά
1630 2764 1705 2787 τινος
1737 2754 1862 2786 Mil/tvo;

1083 2806 1239 2840 (πρόσωπον
1258 2805 1311 2838 γὰρ
1340 2804 1448 2839 εἴρηται
1471 2803 1510 2838 τῷ
1534 2801 1709 2836 Δαμασκηνῷ
1735 2800 1764 2826 τδ
1780 2797 1862 2825 κοινὸν

1085 2852 1153 2886 μετὰ
1177 2850 1223 2877 τοῦ
1250 2849 1426 2884 ίδιάζοντος),
1447 2849 1505 2884 ἠδὲ
1529 2849 1606 2874 οὐσία
1636 2847 1687 2881 μία
1712 2844 1778 2873 οὖσα
1795 2842 1863 2875 καὶὴ
