  <div class='ocr_page' id='page_1' title='image "/cluster/home/n/w/nwhite01/storage/ocr_20150623/154/njp.32101010943486/450.png"; bbox 0 0 1942 3091; ppageno 0'>
   <div class='ocr_carea' id='block_1_1' title="bbox 119 130 163 163">
    <p class='ocr_par' dir='ltr' id='par_1_1' title="bbox 119 130 163 163">
     <span class='ocr_line' id='line_1_1' title="bbox 119 130 163 163; baseline 0.023 -1"><span class='ocrx_word' id='word_1_1' title='bbox 119 130 163 163; x_wconf 83' lang='lat'><strong>869</strong></span> 
     </span>
    </p>
   </div>
   <div class='ocr_carea' id='block_1_2' title="bbox 563 126 1258 160">
    <p class='ocr_par' dir='ltr' id='par_1_2' title="bbox 563 126 1258 160">
     <span class='ocr_line' id='line_1_2' title="bbox 563 126 1258 160; baseline -0.006 0"><span class='ocrx_word' id='word_1_2' title='bbox 563 129 614 160; x_wconf 87' lang='lat' dir='ltr'><strong>DE</strong></span> <span class='ocrx_word' id='word_1_3' title='bbox 634 127 894 160; x_wconf 75' lang='lat' dir='ltr'><strong>PROCESSIONE</strong></span> <span class='ocrx_word' id='word_1_4' title='bbox 912 126 1094 157; x_wconf 78' lang='lat' dir='ltr'><strong>SPIBITUS</strong></span> <span class='ocrx_word' id='word_1_5' title='bbox 1113 126 1258 156; x_wconf 83' lang='lat' dir='ltr'><strong>SANC&#39;I‘I.</strong></span> 
     </span>
    </p>
   </div>
   <div class='ocr_carea' id='block_1_3' title="bbox 1673 126 1732 160">
    <p class='ocr_par' dir='ltr' id='par_1_3' title="bbox 1673 126 1732 160">
     <span class='ocr_line' id='line_1_3' title="bbox 1673 126 1732 160; baseline 0.034 -3"><span class='ocrx_word' id='word_1_6' title='bbox 1673 126 1732 160; x_wconf 79' lang='lat'><strong>870</strong></span> 
     </span>
    </p>
   </div>
   <div class='ocr_carea' id='block_1_4' title="bbox 120 182 898 224">
    <p class='ocr_par' dir='ltr' id='par_1_4' title="bbox 120 185 897 224">
     <span class='ocr_line' id='line_1_4' title="bbox 120 185 897 224; baseline -0.005 -8"><span class='ocrx_word' id='word_1_7' title='bbox 120 189 177 224; x_wconf 75' lang='grc' dir='ltr'>αὑτὴ</span> <span class='ocrx_word' id='word_1_8' title='bbox 194 188 233 223; x_wconf 83' lang='grc' dir='ltr'><strong>τῷ</strong></span> <span class='ocrx_word' id='word_1_9' title='bbox 250 187 360 224; x_wconf 80' lang='grc' dir='ltr'>ἀριθμῷ</span> <span class='ocrx_word' id='word_1_10' title='bbox 375 206 382 219; x_wconf 85' lang='grc'><strong><em>,</em></strong></span> <span class='ocrx_word' id='word_1_11' title='bbox 401 186 464 214; x_wconf 70' lang='grc' dir='ltr'>οὔτε</span> <span class='ocrx_word' id='word_1_12' title='bbox 483 187 631 223; x_wconf 79' lang='grc' dir='ltr'>ἀγέννητός</span> <span class='ocrx_word' id='word_1_13' title='bbox 651 187 737 220; x_wconf 73' lang='grc' dir='ltr'><strong>ἐστιν,</strong></span> <span class='ocrx_word' id='word_1_14' title='bbox 755 185 816 213; x_wconf 66' lang='grc' dir='ltr'>οὔτε</span> <span class='ocrx_word' id='word_1_15' title='bbox 835 194 897 220; x_wconf 88' lang='grc' dir='ltr'>γεν-</span> 
     </span>
    </p>
   </div>
   <div class='ocr_carea' id='block_1_5' title="bbox 950 182 1735 224">
    <p class='ocr_par' dir='ltr' id='par_1_5' title="bbox 950 182 1735 218">
     <span class='ocr_line' id='line_1_5' title="bbox 950 182 1735 218; baseline -0.001 -7"><span class='ocrx_word' id='word_1_16' title='bbox 950 189 977 212; x_wconf 84' lang='lat' dir='ltr'><strong>et</strong></span> <span class='ocrx_word' id='word_1_17' title='bbox 993 183 1089 211; x_wconf 84' lang='lat' dir='ltr'><strong>eadem</strong></span> <span class='ocrx_word' id='word_1_18' title='bbox 1105 191 1231 216; x_wconf 87' lang='lat' dir='ltr'><strong>numero,</strong></span> <span class='ocrx_word' id='word_1_19' title='bbox 1245 189 1334 218; x_wconf 85' lang='lat' dir='ltr'><strong>neque</strong></span> <span class='ocrx_word' id='word_1_20' title='bbox 1350 182 1473 218; x_wconf 87' lang='lat' dir='ltr'><strong>ingenita</strong></span> <span class='ocrx_word' id='word_1_21' title='bbox 1488 186 1540 215; x_wconf 90' lang='lat' dir='ltr'><strong>est,</strong></span> <span class='ocrx_word' id='word_1_22' title='bbox 1555 190 1644 218; x_wconf 89' lang='lat' dir='ltr'><strong>neque</strong></span> <span class='ocrx_word' id='word_1_23' title='bbox 1659 184 1735 216; x_wconf 80' lang='lat' dir='ltr'><strong>getti-</strong></span> 
     </span>
    </p>
   </div>
   <div class='ocr_carea' id='block_1_6' title="bbox 120 229 896 271">
    <p class='ocr_par' dir='ltr' id='par_1_6' title="bbox 120 229 896 271">
     <span class='ocr_line' id='line_1_6' title="bbox 120 229 896 271; baseline -0.003 -11"><span class='ocrx_word' id='word_1_24' title='bbox 120 235 186 271; x_wconf 74' lang='grc' dir='ltr'>νητὴ,</span> <span class='ocrx_word' id='word_1_25' title='bbox 200 233 257 260; x_wconf 74' lang='grc' dir='ltr'>οὔτ’</span> <span class='ocrx_word' id='word_1_26' title='bbox 274 232 492 268; x_wconf 72' lang='grc' dir='ltr'>ἐκπορευομένη,</span> <span class='ocrx_word' id='word_1_27' title='bbox 506 233 595 264; x_wconf 75' lang='grc' dir='ltr'>ἄλλως</span> <span class='ocrx_word' id='word_1_28' title='bbox 607 232 662 268; x_wconf 80' lang='grc' dir='ltr'>γὰρ</span> <span class='ocrx_word' id='word_1_29' title='bbox 678 233 755 267; x_wconf 80' lang='grc' dir='ltr'>τρεῖς</span> <span class='ocrx_word' id='word_1_30' title='bbox 775 231 808 259; x_wconf 78' lang='grc' dir='ltr'><strong>ἃν</strong></span> <span class='ocrx_word' id='word_1_31' title='bbox 825 229 896 267; x_wconf 55' lang='grc' dir='ltr'>ἦσαν</span> 
     </span>
    </p>
   </div>
   <div class='ocr_carea' id='block_1_7' title="bbox 119 278 897 315">
    <p class='ocr_par' dir='ltr' id='par_1_7' title="bbox 119 278 897 315">
     <span class='ocr_line' id='line_1_7' title="bbox 119 278 897 315; baseline -0.005 -7"><span class='ocrx_word' id='word_1_32' title='bbox 119 281 198 309; x_wconf 73' lang='grc' dir='ltr'>οὐσίαι</span> <span class='ocrx_word' id='word_1_33' title='bbox 225 280 452 315; x_wconf 69' lang='grc' dir='ltr'><strong>διακεκριμέναι,</strong></span> <span class='ocrx_word' id='word_1_34' title='bbox 473 279 672 315; x_wconf 80' lang='grc' dir='ltr'><strong>ἀπολελυμέναι</strong></span> <span class='ocrx_word' id='word_1_35' title='bbox 699 278 832 312; x_wconf 76' lang='grc' dir='ltr'>ἀλλήλων,</span> <span class='ocrx_word' id='word_1_36' title='bbox 847 279 897 305; x_wconf 79' lang='grc' dir='ltr'>καὶ</span> 
     </span>
    </p>
   </div>
   <div class='ocr_carea' id='block_1_8' title="bbox 120 323 896 362">
    <p class='ocr_par' dir='ltr' id='par_1_8' title="bbox 120 323 896 362">
     <span class='ocr_line' id='line_1_8' title="bbox 120 323 896 362; baseline -0.005 -8"><span class='ocrx_word' id='word_1_37' title='bbox 120 327 299 362; x_wconf 76' lang='grc' dir='ltr'>ἀντικείμεναι</span> <span class='ocrx_word' id='word_1_38' title='bbox 323 325 465 359; x_wconf 79' lang='grc' dir='ltr'>ἀλλήλαις”</span> <span class='ocrx_word' id='word_1_39' title='bbox 481 326 605 352; x_wconf 81' lang='grc' dir='ltr'>λείπεται</span> <span class='ocrx_word' id='word_1_40' title='bbox 623 324 706 360; x_wconf 83' lang='grc' dir='ltr'>μηδὲν</span> <span class='ocrx_word' id='word_1_41' title='bbox 721 324 785 352; x_wconf 79' lang='grc' dir='ltr'>ᾶλλο</span> <span class='ocrx_word' id='word_1_42' title='bbox 801 323 896 358; x_wconf 82' lang='grc' dir='ltr'>προϊέ-</span> 
     </span>
    </p>
   </div>
   <div class='ocr_carea' id='block_1_9' title="bbox 120 368 897 408">
    <p class='ocr_par' dir='ltr' id='par_1_9' title="bbox 120 368 897 408">
     <span class='ocr_line' id='line_1_9' title="bbox 120 368 897 408; baseline -0.008 -7"><span class='ocrx_word' id='word_1_43' title='bbox 120 382 158 401; x_wconf 86' lang='grc' dir='ltr'><strong>ναι</strong></span> <span class='ocrx_word' id='word_1_44' title='bbox 175 373 203 405; x_wconf 74' lang='grc' dir='ltr'>ἐξ</span> <span class='ocrx_word' id='word_1_45' title='bbox 221 373 315 404; x_wconf 72' lang='grc' dir='ltr'>ἄλλον,</span> <span class='ocrx_word' id='word_1_46' title='bbox 334 373 359 400; x_wconf 85' lang='grc' dir='ltr'><strong>εί</strong></span> <span class='ocrx_word' id='word_1_47' title='bbox 383 373 421 408; x_wconf 76' lang='grc' dir='ltr'>μὴ</span> <span class='ocrx_word' id='word_1_48' title='bbox 437 372 558 407; x_wconf 75' lang='grc' dir='ltr'>ἰδιότητα</span> <span class='ocrx_word' id='word_1_49' title='bbox 573 371 602 405; x_wconf 74' lang='grc' dir='ltr'><strong>ἑξ</strong></span> <span class='ocrx_word' id='word_1_50' title='bbox 624 370 765 406; x_wconf 77' lang='grc' dir='ltr'>ἰδιότητος,</span> <span class='ocrx_word' id='word_1_51' title='bbox 784 369 833 396; x_wconf 81' lang='grc' dir='ltr'>εἰτ’</span> <span class='ocrx_word' id='word_1_52' title='bbox 849 368 897 396; x_wconf 76' lang='grc' dir='ltr'><strong>οὖν</strong></span> 
     </span>
    </p>
   </div>
   <div class='ocr_carea' id='block_1_10' title="bbox 120 418 608 455">
    <p class='ocr_par' dir='ltr' id='par_1_10' title="bbox 120 418 608 455">
     <span class='ocr_line' id='line_1_10' title="bbox 120 418 608 455; baseline -0.002 -9"><span class='ocrx_word' id='word_1_53' title='bbox 120 420 161 455; x_wconf 77' lang='grc' dir='ltr'><strong>τὴν</strong></span> <span class='ocrx_word' id='word_1_54' title='bbox 180 420 294 455; x_wconf 80' lang='grc' dir='ltr'>υίότητα</span> <span class='ocrx_word' id='word_1_55' title='bbox 310 420 342 446; x_wconf 70' lang='grc' dir='ltr'>ἐκ</span> <span class='ocrx_word' id='word_1_56' title='bbox 356 419 406 454; x_wconf 86' lang='grc' dir='ltr'>τῆς</span> <span class='ocrx_word' id='word_1_57' title='bbox 423 418 608 454; x_wconf 85' lang='grc' dir='ltr'>πατρότητος.</span> 
     </span>
    </p>
   </div>
   <div class='ocr_carea' id='block_1_11' title="bbox 152 462 897 500">
    <p class='ocr_par' dir='ltr' id='par_1_11' title="bbox 152 462 897 500">
     <span class='ocr_line' id='line_1_11' title="bbox 152 462 897 500; baseline -0.003 -9"><span class='ocrx_word' id='word_1_58' title='bbox 152 465 209 492; x_wconf 88' lang='grc' dir='ltr'>Ἔτι</span> <span class='ocrx_word' id='word_1_59' title='bbox 223 474 254 492; x_wconf 78' lang='grc' dir='ltr'>τε</span> <span class='ocrx_word' id='word_1_60' title='bbox 270 465 333 493; x_wconf 64' lang='grc' dir='ltr'>ἐπεὶ</span> <span class='ocrx_word' id='word_1_61' title='bbox 354 466 367 492; x_wconf 77' lang='grc' dir='ltr'><strong><em>ὸ</em></strong></span> <span class='ocrx_word' id='word_1_62' title='bbox 387 465 438 500; x_wconf 78' lang='grc' dir='ltr'><strong>μὲν</strong></span> <span class='ocrx_word' id='word_1_63' title='bbox 457 465 524 496; x_wconf 74' lang='grc' dir='ltr'>Υἱὸς</span> <span class='ocrx_word' id='word_1_64' title='bbox 544 464 592 491; x_wconf 80' lang='grc' dir='ltr'>καὶ</span> <span class='ocrx_word' id='word_1_65' title='bbox 603 464 634 490; x_wconf 82' lang='grc' dir='ltr'>τὸ</span> <span class='ocrx_word' id='word_1_66' title='bbox 650 463 763 498; x_wconf 77' lang='grc' dir='ltr'>Πνεῦμα</span> <span class='ocrx_word' id='word_1_67' title='bbox 778 463 807 490; x_wconf 69' lang='grc' dir='ltr'>τὸ</span> <span class='ocrx_word' id='word_1_68' title='bbox 819 462 897 497; x_wconf 75' lang='grc' dir='ltr'>ἅγιον</span> 
     </span>
    </p>
   </div>
   <div class='ocr_carea' id='block_1_12' title="bbox 120 510 896 548">
    <p class='ocr_par' dir='ltr' id='par_1_12' title="bbox 120 510 896 548">
     <span class='ocr_line' id='line_1_12' title="bbox 120 510 896 548; baseline -0.005 -8"><span class='ocrx_word' id='word_1_69' title='bbox 120 514 150 540; x_wconf 73' lang='grc' dir='ltr'>ἐκ</span> <span class='ocrx_word' id='word_1_70' title='bbox 159 512 203 540; x_wconf 80' lang='grc' dir='ltr'><strong>τοῦ</strong></span> <span class='ocrx_word' id='word_1_71' title='bbox 220 512 326 548; x_wconf 72' lang='grc' dir='ltr'>[ἰατρὸς</span> <span class='ocrx_word' id='word_1_72' title='bbox 349 511 535 546; x_wconf 80' lang='grc' dir='ltr'>ὁμολογεῖται,</span> <span class='ocrx_word' id='word_1_73' title='bbox 549 511 565 538; x_wconf 76' lang='grc' dir='ltr'><strong>ὁ</strong></span> <span class='ocrx_word' id='word_1_74' title='bbox 587 511 616 537; x_wconf 78' lang='grc' dir='ltr'>δὲ</span> <span class='ocrx_word' id='word_1_75' title='bbox 636 510 731 545; x_wconf 82' lang='grc' dir='ltr'>Πατὴρ</span> <span class='ocrx_word' id='word_1_76' title='bbox 753 510 824 536; x_wconf 86' lang='grc' dir='ltr'>κατά</span> <span class='ocrx_word' id='word_1_77' title='bbox 845 510 896 541; x_wconf 75' lang='grc' dir='ltr'>τὰς</span> 
     </span>
    </p>
   </div>
   <div class='ocr_carea' id='block_1_13' title="bbox 120 552 897 591">
    <p class='ocr_par' dir='ltr' id='par_1_13' title="bbox 120 552 897 591">
     <span class='ocr_line' id='line_1_13' title="bbox 120 552 897 591; baseline -0.008 -7"><span class='ocrx_word' id='word_1_78' title='bbox 120 558 202 590; x_wconf 79' lang='grc' dir='ltr'><strong>θέσεις</strong></span> <span class='ocrx_word' id='word_1_79' title='bbox 218 556 308 584; x_wconf 84' lang='grc' dir='ltr'>αὐτῶν</span> <span class='ocrx_word' id='word_1_80' title='bbox 321 557 353 583; x_wconf 76' lang='grc' dir='ltr'>ὲκ</span> <span class='ocrx_word' id='word_1_81' title='bbox 364 557 414 591; x_wconf 88' lang='grc' dir='ltr'>τῆς</span> <span class='ocrx_word' id='word_1_82' title='bbox 432 555 573 591; x_wconf 75' lang='grc' dir='ltr'><strong>πατρικῆς</strong></span> <span class='ocrx_word' id='word_1_83' title='bbox 596 555 741 589; x_wconf 72' lang='grc' dir='ltr'><strong>ἰδιότητος,</strong></span> <span class='ocrx_word' id='word_1_84' title='bbox 758 553 821 588; x_wconf 76' lang='grc' dir='ltr'>ἥτις</span> <span class='ocrx_word' id='word_1_85' title='bbox 840 552 897 579; x_wconf 71' lang='grc' dir='ltr'>οὔτ’</span> 
     </span>
    </p>
   </div>
   <div class='ocr_carea' id='block_1_14' title="bbox 120 598 898 634">
    <p class='ocr_par' dir='ltr' id='par_1_14' title="bbox 120 598 898 634">
     <span class='ocr_line' id='line_1_14' title="bbox 120 598 898 634; baseline -0.008 -4"><span class='ocrx_word' id='word_1_86' title='bbox 120 603 191 630; x_wconf 79' lang='grc' dir='ltr'>οὐσία</span> <span class='ocrx_word' id='word_1_87' title='bbox 216 602 273 630; x_wconf 77' lang='grc' dir='ltr'><strong>οὐθ’</strong></span> <span class='ocrx_word' id='word_1_88' title='bbox 290 601 443 633; x_wconf 73' lang='grc' dir='ltr'><strong>ὑπόστασις</strong></span> <span class='ocrx_word' id='word_1_89' title='bbox 476 602 548 634; x_wconf 72' lang='grc' dir='ltr'><strong>ἐστι,</strong></span> <span class='ocrx_word' id='word_1_90' title='bbox 573 600 622 627; x_wconf 71' lang='grc' dir='ltr'>καὶ</span> <span class='ocrx_word' id='word_1_91' title='bbox 649 600 731 626; x_wconf 86' lang='grc' dir='ltr'>τοῦτο</span> <span class='ocrx_word' id='word_1_92' title='bbox 756 600 827 625; x_wconf 83' lang='grc' dir='ltr'>κατὰ</span> <span class='ocrx_word' id='word_1_93' title='bbox 847 598 898 630; x_wconf 83' lang='grc' dir='ltr'><strong>τὰς</strong></span> 
     </span>
    </p>
   </div>
   <div class='ocr_carea' id='block_1_15' title="bbox 120 643 897 680">
    <p class='ocr_par' dir='ltr' id='par_1_15' title="bbox 120 643 897 680">
     <span class='ocr_line' id='line_1_15' title="bbox 120 643 897 680; baseline -0.008 -5"><span class='ocrx_word' id='word_1_94' title='bbox 120 649 202 680; x_wconf 72' lang='grc' dir='ltr'>θέσεις</span> <span class='ocrx_word' id='word_1_95' title='bbox 220 647 321 679; x_wconf 78' lang='grc' dir='ltr'>αὐτῶν,</span> <span class='ocrx_word' id='word_1_96' title='bbox 340 647 430 674; x_wconf 77' lang='grc' dir='ltr'>πάντα</span> <span class='ocrx_word' id='word_1_97' title='bbox 455 645 485 673; x_wconf 79' lang='grc' dir='ltr'>δὲ</span> <span class='ocrx_word' id='word_1_98' title='bbox 515 647 548 672; x_wconf 77' lang='grc' dir='ltr'>ὲκ</span> <span class='ocrx_word' id='word_1_99' title='bbox 577 645 626 672; x_wconf 82' lang='grc' dir='ltr'>τοῦ</span> <span class='ocrx_word' id='word_1_100' title='bbox 653 645 762 679; x_wconf 83' lang='grc' dir='ltr'>Πατρδς</span> <span class='ocrx_word' id='word_1_101' title='bbox 778 644 823 671; x_wconf 83' lang='grc' dir='ltr'>διὰ</span> <span class='ocrx_word' id='word_1_102' title='bbox 849 643 897 670; x_wconf 85' lang='grc' dir='ltr'><strong>τοῦ</strong></span> 
     </span>
    </p>
   </div>
   <div class='ocr_carea' id='block_1_16' title="bbox 120 691 897 729">
    <p class='ocr_par' dir='ltr' id='par_1_16' title="bbox 120 691 897 729">
     <span class='ocr_line' id='line_1_16' title="bbox 120 691 897 729; baseline -0.006 -8"><span class='ocrx_word' id='word_1_103' title='bbox 120 694 178 721; x_wconf 84' lang='grc' dir='ltr'><strong>Υῑοῦ</strong></span> <span class='ocrx_word' id='word_1_104' title='bbox 190 694 218 720; x_wconf 83' lang='grc' dir='ltr'>ὲν</span> <span class='ocrx_word' id='word_1_105' title='bbox 232 693 374 729; x_wconf 77' lang='grc' dir='ltr'>Πνεῦματι</span> <span class='ocrx_word' id='word_1_106' title='bbox 385 692 456 727; x_wconf 81' lang='grc' dir='ltr'>ἁγίῳ</span> <span class='ocrx_word' id='word_1_107' title='bbox 466 691 538 720; x_wconf 77' lang='grc' dir='ltr'>κατὰ</span> <span class='ocrx_word' id='word_1_108' title='bbox 550 692 612 723; x_wconf 84' lang='grc' dir='ltr'>τοὺς</span> <span class='ocrx_word' id='word_1_109' title='bbox 622 691 764 725; x_wconf 79' lang='grc' dir='ltr'>θεολόγους</span> <span class='ocrx_word' id='word_1_110' title='bbox 775 691 897 725; x_wconf 76' lang='grc' dir='ltr'><strong>γέγονεν⁴</strong></span> 
     </span>
    </p>
   </div>
   <div class='ocr_carea' id='block_1_17' title="bbox 119 735 897 774">
    <p class='ocr_par' dir='ltr' id='par_1_17' title="bbox 119 735 897 774">
     <span class='ocr_line' id='line_1_17' title="bbox 119 735 897 774; baseline -0.006 -8"><span class='ocrx_word' id='word_1_111' title='bbox 119 739 369 774; x_wconf 73' lang='grc' dir='ltr'><strong>ἀναγκασθήσονται</strong></span> <span class='ocrx_word' id='word_1_112' title='bbox 396 737 427 765; x_wconf 85' lang='grc' dir='ltr'>τδ</span> <span class='ocrx_word' id='word_1_113' title='bbox 450 737 488 773; x_wconf 81' lang='grc' dir='ltr'>μὴ</span> <span class='ocrx_word' id='word_1_114' title='bbox 503 736 627 772; x_wconf 75' lang='grc' dir='ltr'>ὑφεστὼς</span> <span class='ocrx_word' id='word_1_115' title='bbox 643 736 697 762; x_wconf 84' lang='grc' dir='ltr'><strong>τῶν</strong></span> <span class='ocrx_word' id='word_1_116' title='bbox 714 735 794 762; x_wconf 86' lang='grc' dir='ltr'>θείων</span> <span class='ocrx_word' id='word_1_117' title='bbox 811 743 897 771; x_wconf 85' lang='grc' dir='ltr'>προσ-</span> 
     </span>
    </p>
   </div>
   <div class='ocr_carea' id='block_1_18' title="bbox 119 781 810 819">
    <p class='ocr_par' dir='ltr' id='par_1_18' title="bbox 119 781 810 819">
     <span class='ocr_line' id='line_1_18' title="bbox 119 781 810 819; baseline -0.007 -8"><span class='ocrx_word' id='word_1_118' title='bbox 119 784 195 811; x_wconf 82' lang='grc' dir='ltr'>ώπων</span> <span class='ocrx_word' id='word_1_119' title='bbox 214 785 261 811; x_wconf 77' lang='grc' dir='ltr'>καὶ</span> <span class='ocrx_word' id='word_1_120' title='bbox 280 784 372 819; x_wconf 78' lang='grc' dir='ltr'>πάσης</span> <span class='ocrx_word' id='word_1_121' title='bbox 390 783 442 818; x_wconf 83' lang='grc' dir='ltr'><strong>τῆς</strong></span> <span class='ocrx_word' id='word_1_122' title='bbox 462 782 580 813; x_wconf 77' lang='grc' dir='ltr'><strong>κτίσεως</strong></span> <span class='ocrx_word' id='word_1_123' title='bbox 591 781 678 808; x_wconf 78' lang='grc' dir='ltr'>αἴτιον</span> <span class='ocrx_word' id='word_1_124' title='bbox 694 781 810 807; x_wconf 82' lang='grc' dir='ltr'>τιθέναι.</span> 
     </span>
    </p>
   </div>
   <div class='ocr_carea' id='block_1_19' title="bbox 948 227 1740 264">
    <p class='ocr_par' dir='ltr' id='par_1_19' title="bbox 948 227 1740 264">
     <span class='ocr_line' id='line_1_19' title="bbox 948 227 1740 264; baseline -0.004 -7"><span class='ocrx_word' id='word_1_125' title='bbox 948 235 986 261; x_wconf 86' lang='lat' dir='ltr'><strong>ta,</strong></span> <span class='ocrx_word' id='word_1_126' title='bbox 1000 236 1090 264; x_wconf 88' lang='lat' dir='ltr'><strong>neque</strong></span> <span class='ocrx_word' id='word_1_127' title='bbox 1105 228 1257 264; x_wconf 81' lang='lat' dir='ltr'><strong>procedens</strong></span> <span class='ocrx_word' id='word_1_128' title='bbox 1274 236 1282 255; x_wconf 88' lang='lat'><strong>:</strong></span> <span class='ocrx_word' id='word_1_129' title='bbox 1297 228 1377 255; x_wconf 85' lang='lat' dir='ltr'><strong>aliter</strong></span> <span class='ocrx_word' id='word_1_130' title='bbox 1396 227 1470 255; x_wconf 88' lang='lat' dir='ltr'><strong>enim</strong></span> <span class='ocrx_word' id='word_1_131' title='bbox 1490 232 1546 255; x_wconf 88' lang='lat' dir='ltr'><strong>tres</strong></span> <span class='ocrx_word' id='word_1_132' title='bbox 1560 232 1652 255; x_wconf 77' lang='lat' dir='ltr'><strong>essent</strong></span> <span class='ocrx_word' id='word_1_133' title='bbox 1670 228 1740 255; x_wconf 72' lang='lat' dir='ltr'><strong>sub-</strong></span> 
     </span>
    </p>
   </div>
   <div class='ocr_carea' id='block_1_20' title="bbox 948 273 1735 307">
    <p class='ocr_par' dir='ltr' id='par_1_20' title="bbox 948 273 1735 307">
     <span class='ocr_line' id='line_1_20' title="bbox 948 273 1735 307; baseline -0.001 -5"><span class='ocrx_word' id='word_1_134' title='bbox 948 275 1058 303; x_wconf 72' lang='lat' dir='ltr'><strong>stantia:</strong></span> <span class='ocrx_word' id='word_1_135' title='bbox 1075 274 1216 307; x_wconf 61' lang='lat' dir='ltr'><strong>discretae,</strong></span> <span class='ocrx_word' id='word_1_136' title='bbox 1232 273 1366 301; x_wconf 71' lang='lat' dir='ltr'><strong>absolutae</strong></span> <span class='ocrx_word' id='word_1_137' title='bbox 1381 273 1455 300; x_wconf 78' lang='lat' dir='ltr'><strong>inter</strong></span> <span class='ocrx_word' id='word_1_138' title='bbox 1471 280 1510 305; x_wconf 83' lang='lat' dir='ltr'><strong>se,</strong></span> <span class='ocrx_word' id='word_1_139' title='bbox 1527 277 1610 307; x_wconf 87' lang='lat' dir='ltr'><strong>atque</strong></span> <span class='ocrx_word' id='word_1_140' title='bbox 1624 273 1735 307; x_wconf 77' lang='lat' dir='ltr'><strong>opposi-</strong></span> 
     </span>
    </p>
   </div>
   <div class='ocr_carea' id='block_1_21' title="bbox 949 319 1736 355">
    <p class='ocr_par' dir='ltr' id='par_1_21' title="bbox 949 319 1736 355">
     <span class='ocr_line' id='line_1_21' title="bbox 949 319 1736 355; baseline -0.005 -6"><span class='ocrx_word' id='word_1_141' title='bbox 949 326 982 349; x_wconf 76' lang='lat' dir='ltr'><strong>tat</strong></span> <span class='ocrx_word' id='word_1_142' title='bbox 995 321 1029 348; x_wconf 80' lang='lat' dir='ltr'><strong>ad</strong></span> <span class='ocrx_word' id='word_1_143' title='bbox 1042 321 1159 348; x_wconf 82' lang='lat' dir='ltr'><strong>invicem</strong></span> <span class='ocrx_word' id='word_1_144' title='bbox 1173 329 1180 347; x_wconf 89' lang='lat'><strong>:</strong></span> <span class='ocrx_word' id='word_1_145' title='bbox 1194 320 1330 355; x_wconf 86' lang='lat' dir='ltr'><strong>reliquum</strong></span> <span class='ocrx_word' id='word_1_146' title='bbox 1352 323 1404 352; x_wconf 85' lang='lat' dir='ltr'><strong>est,</strong></span> <span class='ocrx_word' id='word_1_147' title='bbox 1421 324 1452 346; x_wconf 92' lang='lat' dir='ltr'><strong>ut</strong></span> <span class='ocrx_word' id='word_1_148' title='bbox 1466 319 1534 346; x_wconf 79' lang='lat' dir='ltr'><strong>nillil</strong></span> <span class='ocrx_word' id='word_1_149' title='bbox 1550 319 1623 346; x_wconf 85' lang='lat' dir='ltr'><strong>aliud</strong></span> <span class='ocrx_word' id='word_1_150' title='bbox 1638 326 1736 354; x_wconf 75' lang='lat' dir='ltr'><strong>prove-</strong></span> 
     </span>
    </p>
   </div>
   <div class='ocr_carea' id='block_1_22' title="bbox 948 364 1736 401">
    <p class='ocr_par' dir='ltr' id='par_1_22' title="bbox 948 364 1736 401">
     <span class='ocr_line' id='line_1_22' title="bbox 948 364 1736 401; baseline -0.004 -7"><span class='ocrx_word' id='word_1_151' title='bbox 948 367 1007 394; x_wconf 88' lang='lat' dir='ltr'><strong>niat</strong></span> <span class='ocrx_word' id='word_1_152' title='bbox 1026 374 1060 394; x_wconf 84' lang='lat' dir='ltr'><strong>ex</strong></span> <span class='ocrx_word' id='word_1_153' title='bbox 1080 367 1143 398; x_wconf 83' lang='lat' dir='ltr'><strong>alio,</strong></span> <span class='ocrx_word' id='word_1_154' title='bbox 1168 366 1222 394; x_wconf 92' lang='lat' dir='ltr'><strong>nisi</strong></span> <span class='ocrx_word' id='word_1_155' title='bbox 1246 365 1401 401; x_wconf 71' lang='lat' dir='ltr'><strong>proprietas</strong></span> <span class='ocrx_word' id='word_1_156' title='bbox 1426 372 1460 393; x_wconf 84' lang='lat' dir='ltr'><strong>ex</strong></span> <span class='ocrx_word' id='word_1_157' title='bbox 1476 365 1656 400; x_wconf 70' lang='lat' dir='ltr'><strong>proprietate,</strong></span> <span class='ocrx_word' id='word_1_158' title='bbox 1677 364 1736 392; x_wconf 80' lang='lat' dir='ltr'><strong>sive</strong></span> 
     </span>
    </p>
   </div>
   <div class='ocr_carea' id='block_1_23' title="bbox 948 412 1288 448">
    <p class='ocr_par' dir='ltr' id='par_1_23' title="bbox 948 412 1288 448">
     <span class='ocr_line' id='line_1_23' title="bbox 948 412 1288 448; baseline -0.003 -8"><span class='ocrx_word' id='word_1_159' title='bbox 948 413 1045 440; x_wconf 86' lang='lat' dir='ltr'><strong>liliatio</strong></span> <span class='ocrx_word' id='word_1_160' title='bbox 1059 420 1092 440; x_wconf 78' lang='lat' dir='ltr'><strong>ex</strong></span> <span class='ocrx_word' id='word_1_161' title='bbox 1111 412 1288 448; x_wconf 84' lang='lat' dir='ltr'><strong>paternitate.</strong></span> 
     </span>
    </p>
   </div>
   <div class='ocr_carea' id='block_1_24' title="bbox 982 456 1734 493">
    <p class='ocr_par' dir='ltr' id='par_1_24' title="bbox 982 456 1734 493">
     <span class='ocr_line' id='line_1_24' title="bbox 982 456 1734 493; baseline -0.003 -8"><span class='ocrx_word' id='word_1_162' title='bbox 982 459 1130 492; x_wconf 62' lang='lat' dir='ltr'><strong>Praeterea,</strong></span> <span class='ocrx_word' id='word_1_163' title='bbox 1144 458 1273 493; x_wconf 79' lang='lat' dir='ltr'><strong>quoniam</strong></span> <span class='ocrx_word' id='word_1_164' title='bbox 1287 458 1374 485; x_wconf 84' lang='lat' dir='ltr'><strong>Filius</strong></span> <span class='ocrx_word' id='word_1_165' title='bbox 1389 462 1417 485; x_wconf 91' lang='lat' dir='ltr'><strong>et</strong></span> <span class='ocrx_word' id='word_1_166' title='bbox 1428 456 1548 492; x_wconf 86' lang='lat' dir='ltr'><strong>Spiritus</strong></span> <span class='ocrx_word' id='word_1_167' title='bbox 1575 461 1687 484; x_wconf 86' lang='lat' dir='ltr'><strong>sanctus</strong></span> <span class='ocrx_word' id='word_1_168' title='bbox 1700 463 1734 483; x_wconf 83' lang='lat' dir='ltr'><strong>ex</strong></span> 
     </span>
    </p>
   </div>
   <div class='ocr_carea' id='block_1_25' title="bbox 950 502 1737 538">
    <p class='ocr_par' dir='ltr' id='par_1_25' title="bbox 950 502 1737 538">
     <span class='ocr_line' id='line_1_25' title="bbox 950 502 1737 538; baseline -0.005 -6"><span class='ocrx_word' id='word_1_169' title='bbox 950 506 1028 532; x_wconf 80' lang='lat' dir='ltr'><strong>Patre</strong></span> <span class='ocrx_word' id='word_1_170' title='bbox 1056 512 1117 532; x_wconf 83' lang='lat' dir='ltr'><strong>esse</strong></span> <span class='ocrx_word' id='word_1_171' title='bbox 1143 505 1284 532; x_wconf 86' lang='lat' dir='ltr'><strong>communi</strong></span> <span class='ocrx_word' id='word_1_172' title='bbox 1312 511 1449 531; x_wconf 75' lang='lat' dir='ltr'><strong>consensu</strong></span> <span class='ocrx_word' id='word_1_173' title='bbox 1474 503 1628 538; x_wconf 80' lang='lat' dir='ltr'><strong>recipitur,</strong></span> <span class='ocrx_word' id='word_1_174' title='bbox 1656 502 1737 529; x_wconf 85' lang='lat' dir='ltr'><strong>Pater</strong></span> 
     </span>
    </p>
   </div>
   <div class='ocr_carea' id='block_1_26' title="bbox 949 549 1736 584">
    <p class='ocr_par' dir='ltr' id='par_1_26' title="bbox 949 549 1736 584">
     <span class='ocr_line' id='line_1_26' title="bbox 949 549 1736 584; baseline -0.004 -7"><span class='ocrx_word' id='word_1_175' title='bbox 949 555 1054 582; x_wconf 87' lang='lat' dir='ltr'><strong>autent,</strong></span> <span class='ocrx_word' id='word_1_176' title='bbox 1082 550 1236 577; x_wconf 89' lang='lat' dir='ltr'><strong>secundum</strong></span> <span class='ocrx_word' id='word_1_177' title='bbox 1262 557 1359 578; x_wconf 90' lang='lat' dir='ltr'><strong>eorum</strong></span> <span class='ocrx_word' id='word_1_178' title='bbox 1385 549 1598 584; x_wconf 81' lang='lat' dir='ltr'><strong>positiones,ex</strong></span> <span class='ocrx_word' id='word_1_179' title='bbox 1623 551 1736 582; x_wconf 88' lang='lat' dir='ltr'><strong>paterna</strong></span> 
     </span>
    </p>
   </div>
   <div class='ocr_carea' id='block_1_27' title="bbox 950 593 1737 631">
    <p class='ocr_par' dir='ltr' id='par_1_27' title="bbox 950 593 1737 631">
     <span class='ocr_line' id='line_1_27' title="bbox 950 593 1737 631; baseline -0.005 -7"><span class='ocrx_word' id='word_1_180' title='bbox 950 602 992 624; x_wconf 91' lang='lat' dir='ltr'><strong>est</strong></span> <span class='ocrx_word' id='word_1_181' title='bbox 1009 596 1189 631; x_wconf 79' lang='lat' dir='ltr'><strong>proprietate.</strong></span> <span class='ocrx_word' id='word_1_182' title='bbox 1204 604 1266 631; x_wconf 66' lang='lat' dir='ltr'><strong>quae</strong></span> <span class='ocrx_word' id='word_1_183' title='bbox 1282 603 1371 630; x_wconf 84' lang='lat' dir='ltr'><strong>neque</strong></span> <span class='ocrx_word' id='word_1_184' title='bbox 1393 595 1558 627; x_wconf 75' lang='lat' dir='ltr'><strong>substantia,</strong></span> <span class='ocrx_word' id='word_1_185' title='bbox 1578 601 1667 628; x_wconf 81' lang='lat' dir='ltr'><strong>neque</strong></span> <span class='ocrx_word' id='word_1_186' title='bbox 1687 593 1737 628; x_wconf 87' lang='lat' dir='ltr'><strong>by-</strong></span> 
     </span>
    </p>
   </div>
   <div class='ocr_carea' id='block_1_28' title="bbox 949 639 1736 677">
    <p class='ocr_par' dir='ltr' id='par_1_28' title="bbox 949 639 1736 677">
     <span class='ocr_line' id='line_1_28' title="bbox 949 639 1736 677; baseline -0.005 -8"><span class='ocrx_word' id='word_1_187' title='bbox 949 642 1067 677; x_wconf 84' lang='lat' dir='ltr'><strong>postasis</strong></span> <span class='ocrx_word' id='word_1_188' title='bbox 1082 645 1136 674; x_wconf 88' lang='lat' dir='ltr'><strong>est,</strong></span> <span class='ocrx_word' id='word_1_189' title='bbox 1154 641 1236 676; x_wconf 85' lang='lat' dir='ltr'><strong>idque</strong></span> <span class='ocrx_word' id='word_1_190' title='bbox 1256 640 1408 668; x_wconf 88' lang='lat' dir='ltr'><strong>secundutn</strong></span> <span class='ocrx_word' id='word_1_191' title='bbox 1433 640 1555 675; x_wconf 87' lang='lat' dir='ltr'><strong>ipsorum</strong></span> <span class='ocrx_word' id='word_1_192' title='bbox 1573 639 1736 674; x_wconf 77' lang='lat' dir='ltr'><strong>positiones,</strong></span> 
     </span>
    </p>
   </div>
   <div class='ocr_carea' id='block_1_29' title="bbox 950 684 1738 721">
    <p class='ocr_par' dir='ltr' id='par_1_29' title="bbox 950 684 1738 721">
     <span class='ocr_line' id='line_1_29' title="bbox 950 684 1738 721; baseline -0.005 -7"><span class='ocrx_word' id='word_1_193' title='bbox 950 688 1041 714; x_wconf 86' lang='lat' dir='ltr'><strong>omnia</strong></span> <span class='ocrx_word' id='word_1_194' title='bbox 1062 692 1154 714; x_wconf 89' lang='lat' dir='ltr'><strong>autem</strong></span> <span class='ocrx_word' id='word_1_195' title='bbox 1177 688 1247 713; x_wconf 86' lang='lat' dir='ltr'><strong>laeta</strong></span> <span class='ocrx_word' id='word_1_196' title='bbox 1263 692 1328 713; x_wconf 86' lang='lat' dir='ltr'><strong>sunt</strong></span> <span class='ocrx_word' id='word_1_197' title='bbox 1346 686 1426 721; x_wconf 77' lang='lat' dir='ltr'><strong>juxta</strong></span> <span class='ocrx_word' id='word_1_198' title='bbox 1444 685 1586 720; x_wconf 73' lang='lat' dir='ltr'><strong>theologos</strong></span> <span class='ocrx_word' id='word_1_199' title='bbox 1602 693 1635 712; x_wconf 80' lang='lat' dir='ltr'><strong>ex</strong></span> <span class='ocrx_word' id='word_1_200' title='bbox 1658 684 1738 711; x_wconf 81' lang='lat' dir='ltr'><strong>Patre</strong></span> 
     </span>
    </p>
   </div>
   <div class='ocr_carea' id='block_1_30' title="bbox 949 729 1737 768">
    <p class='ocr_par' dir='ltr' id='par_1_30' title="bbox 949 729 1737 768">
     <span class='ocr_line' id='line_1_30' title="bbox 949 729 1737 768; baseline -0.004 -9"><span class='ocrx_word' id='word_1_201' title='bbox 949 740 999 768; x_wconf 85' lang='lat' dir='ltr'><strong>per</strong></span> <span class='ocrx_word' id='word_1_202' title='bbox 1026 732 1125 760; x_wconf 79' lang='lat' dir='ltr'><strong>Filium</strong></span> <span class='ocrx_word' id='word_1_203' title='bbox 1157 733 1185 758; x_wconf 89' lang='lat' dir='ltr'><strong>in</strong></span> <span class='ocrx_word' id='word_1_204' title='bbox 1205 731 1312 766; x_wconf 83' lang='lat' dir='ltr'><strong>Spiritu</strong></span> <span class='ocrx_word' id='word_1_205' title='bbox 1346 736 1452 764; x_wconf 85' lang='lat' dir='ltr'><strong>sancto,</strong></span> <span class='ocrx_word' id='word_1_206' title='bbox 1467 736 1600 766; x_wconf 85' lang='lat' dir='ltr'><strong>cogentur</strong></span> <span class='ocrx_word' id='word_1_207' title='bbox 1628 729 1737 764; x_wconf 79' lang='lat' dir='ltr'><strong>aliquod</strong></span> 
     </span>
    </p>
   </div>
   <div class='ocr_carea' id='block_1_31' title="bbox 950 777 1739 814">
    <p class='ocr_par' dir='ltr' id='par_1_31' title="bbox 950 777 1739 814">
     <span class='ocr_line' id='line_1_31' title="bbox 950 777 1739 814; baseline -0.003 -9"><span class='ocrx_word' id='word_1_208' title='bbox 950 779 1022 814; x_wconf 67' lang='lat' dir='ltr'><strong>quod</strong></span> <span class='ocrx_word' id='word_1_209' title='bbox 1040 785 1095 805; x_wconf 92' lang='lat' dir='ltr'><strong>non</strong></span> <span class='ocrx_word' id='word_1_210' title='bbox 1117 777 1253 809; x_wconf 87' lang='lat' dir='ltr'><strong>subsistit,</strong></span> <span class='ocrx_word' id='word_1_211' title='bbox 1269 781 1297 804; x_wconf 88' lang='lat' dir='ltr'><strong>et</strong></span> <span class='ocrx_word' id='word_1_212' title='bbox 1319 777 1475 804; x_wconf 87' lang='lat' dir='ltr'><strong>divinarum</strong></span> <span class='ocrx_word' id='word_1_213' title='bbox 1500 783 1690 811; x_wconf 85' lang='lat' dir='ltr'><strong>personarum,</strong></span> <span class='ocrx_word' id='word_1_214' title='bbox 1710 780 1739 803; x_wconf 85' lang='lat' dir='ltr'><strong>et</strong></span> 
     </span>
    </p>
   </div>
   <div class='ocr_carea' id='block_1_32' title="bbox 951 824 1423 859">
    <p class='ocr_par' dir='ltr' id='par_1_32' title="bbox 951 824 1423 859">
     <span class='ocr_line' id='line_1_32' title="bbox 951 824 1423 859; baseline -0.002 -8"><span class='ocrx_word' id='word_1_215' title='bbox 951 824 1034 852; x_wconf 91' lang='lat' dir='ltr'><strong>totius</strong></span> <span class='ocrx_word' id='word_1_216' title='bbox 1045 828 1178 851; x_wconf 73' lang='lat' dir='ltr'><strong>creaturae</strong></span> <span class='ocrx_word' id='word_1_217' title='bbox 1187 831 1289 859; x_wconf 89' lang='lat' dir='ltr'><strong>ponere</strong></span> <span class='ocrx_word' id='word_1_218' title='bbox 1302 831 1423 851; x_wconf 89' lang='lat' dir='ltr'><strong>causam.</strong></span> 
     </span>
    </p>
   </div>
   <div class='ocr_carea' id='block_1_33' title="bbox 152 853 898 905">
    <p class='ocr_par' dir='ltr' id='par_1_33' title="bbox 152 857 894 896">
     <span class='ocr_line' id='line_1_33' title="bbox 152 857 894 896; baseline -0.007 -6"><span class='ocrx_word' id='word_1_219' title='bbox 152 863 210 890; x_wconf 81' lang='grc' dir='ltr'><strong>Ἔτι</strong></span> <span class='ocrx_word' id='word_1_220' title='bbox 239 871 271 890; x_wconf 83' lang='grc' dir='ltr'><strong>τε</strong></span> <span class='ocrx_word' id='word_1_221' title='bbox 302 859 558 896; x_wconf 77' lang='grc' dir='ltr'><strong>ἀναγκασθήσονται</strong></span> <span class='ocrx_word' id='word_1_222' title='bbox 582 859 724 895; x_wconf 78' lang='grc' dir='ltr'><strong>ὁμολογεῖν</strong></span> <span class='ocrx_word' id='word_1_223' title='bbox 753 858 799 886; x_wconf 67' lang='grc' dir='ltr'><strong>ἰπὶ</strong></span> <span class='ocrx_word' id='word_1_224' title='bbox 827 857 894 886; x_wconf 85' lang='grc' dir='ltr'>Θεοῦ</span> 
     </span>
    </p>
   </div>
   <div class='ocr_carea' id='block_1_34' title="bbox 950 853 1737 905">
    <p class='ocr_par' dir='ltr' id='par_1_34' title="bbox 984 853 1737 905">
     <span class='ocr_line' id='line_1_34' title="bbox 984 853 1737 905; baseline -0.001 -8"><span class='ocrx_word' id='word_1_225' title='bbox 984 871 1117 898; x_wconf 67' lang='lat' dir='ltr'><strong>Praeterea</strong></span> <span class='ocrx_word' id='word_1_226' title='bbox 1133 874 1266 905; x_wconf 76' lang='lat' dir='ltr'><strong>cogentur</strong></span> <span class='ocrx_word' id='word_1_227' title='bbox 1281 869 1360 896; x_wconf 79' lang='lat' dir='ltr'><strong>fateri</strong></span> <span class='ocrx_word' id='word_1_228' title='bbox 1391 853 1618 905; x_wconf 77' lang='lat' dir='ltr'><strong>compositionem</strong></span> <span class='ocrx_word' id='word_1_229' title='bbox 1635 876 1695 897; x_wconf 83' lang='lat' dir='ltr'><strong>esse</strong></span> <span class='ocrx_word' id='word_1_230' title='bbox 1710 868 1737 896; x_wconf 93' lang='lat' dir='ltr'><strong>in</strong></span> 
     </span>
    </p>
   </div>
   <div class='ocr_carea' id='block_1_35' title="bbox 123 905 898 942">
    <p class='ocr_par' dir='ltr' id='par_1_35' title="bbox 123 905 898 942">
     <span class='ocr_line' id='line_1_35' title="bbox 123 905 898 942; baseline -0.006 -6"><span class='ocrx_word' id='word_1_231' title='bbox 123 909 254 942; x_wconf 83' lang='grc' dir='ltr'>σύνθεσιν,</span> <span class='ocrx_word' id='word_1_232' title='bbox 271 908 297 935; x_wconf 77' lang='grc' dir='ltr'>ει</span> <span class='ocrx_word' id='word_1_233' title='bbox 324 907 426 942; x_wconf 80' lang='grc' dir='ltr'>καὶμὴ</span> <span class='ocrx_word' id='word_1_234' title='bbox 452 907 503 942; x_wconf 87' lang='grc' dir='ltr'>τῆς</span> <span class='ocrx_word' id='word_1_235' title='bbox 525 905 619 936; x_wconf 78' lang='grc' dir='ltr'>οὐσίας</span> <span class='ocrx_word' id='word_1_236' title='bbox 642 906 689 932; x_wconf 71' lang='grc' dir='ltr'>καὶ</span> <span class='ocrx_word' id='word_1_237' title='bbox 703 906 753 940; x_wconf 82' lang='grc' dir='ltr'><strong>τῆς</strong></span> <span class='ocrx_word' id='word_1_238' title='bbox 777 905 898 932; x_wconf 83' lang='grc' dir='ltr'>ὑποστά-</span> 
     </span>
    </p>
   </div>
   <div class='ocr_carea' id='block_1_36' title="bbox 121 943 898 988">
    <p class='ocr_par' dir='ltr' id='par_1_36' title="bbox 121 943 898 988">
     <span class='ocr_line' id='line_1_36' title="bbox 121 943 898 988; baseline -0.003 -9"><span class='ocrx_word' id='word_1_239' title='bbox 121 961 197 985; x_wconf 81' lang='grc' dir='ltr'>σεως,</span> <span class='ocrx_word' id='word_1_240' title='bbox 211 952 261 988; x_wconf 85' lang='grc' dir='ltr'><strong>τῆς</strong></span> <span class='ocrx_word' id='word_1_241' title='bbox 276 960 306 979; x_wconf 79' lang='grc' dir='ltr'>τι</span> <span class='ocrx_word' id='word_1_242' title='bbox 327 951 499 987; x_wconf 83' lang='grc' dir='ltr'>πατρότητος</span> <span class='ocrx_word' id='word_1_243' title='bbox 514 951 564 978; x_wconf 75' lang='grc' dir='ltr'>καὶ</span> <span class='ocrx_word' id='word_1_244' title='bbox 578 943 712 986; x_wconf 78' lang='grc' dir='ltr'>υίότητος,</span> <span class='ocrx_word' id='word_1_245' title='bbox 724 950 742 978; x_wconf 81' lang='grc' dir='ltr'>ἃ</span> <span class='ocrx_word' id='word_1_246' title='bbox 756 950 810 978; x_wconf 83' lang='grc' dir='ltr'><strong>τῶν</strong></span> <span class='ocrx_word' id='word_1_247' title='bbox 829 951 898 985; x_wconf 83' lang='grc' dir='ltr'>πρός</span> 
     </span>
    </p>
   </div>
   <div class='ocr_carea' id='block_1_37' title="bbox 119 997 896 1034">
    <p class='ocr_par' dir='ltr' id='par_1_37' title="bbox 119 997 896 1034">
     <span class='ocr_line' id='line_1_37' title="bbox 119 997 896 1034; baseline 0 -10"><span class='ocrx_word' id='word_1_248' title='bbox 119 998 144 1024; x_wconf 82' lang='grc' dir='ltr'><strong>τί</strong></span> <span class='ocrx_word' id='word_1_249' title='bbox 162 998 246 1026; x_wconf 69' lang='grc' dir='ltr'>ἐστιν.</span> <span class='ocrx_word' id='word_1_250' title='bbox 269 998 303 1024; x_wconf 79' lang='grc' dir='ltr'><strong>’Δ</strong></span> <span class='ocrx_word' id='word_1_251' title='bbox 322 997 355 1034; x_wconf 83' lang='grc' dir='ltr'>δὴ</span> <span class='ocrx_word' id='word_1_252' title='bbox 374 998 443 1033; x_wconf 87' lang='grc' dir='ltr'>πρός</span> <span class='ocrx_word' id='word_1_253' title='bbox 463 1005 502 1030; x_wconf 87' lang='grc' dir='ltr'>τι,</span> <span class='ocrx_word' id='word_1_254' title='bbox 527 997 625 1031; x_wconf 74' lang='grc' dir='ltr'>ἐφόσον</span> <span class='ocrx_word' id='word_1_255' title='bbox 645 997 705 1024; x_wconf 75' lang='grc' dir='ltr'><strong>ἐστὶ</strong></span> <span class='ocrx_word' id='word_1_256' title='bbox 729 998 846 1033; x_wconf 81' lang='grc' dir='ltr'>πρᾶγμά</span> <span class='ocrx_word' id='word_1_257' title='bbox 859 1006 896 1031; x_wconf 90' lang='grc' dir='ltr'><strong>τι,</strong></span> 
     </span>
    </p>
   </div>
   <div class='ocr_carea' id='block_1_38' title="bbox 120 1041 898 1079">
    <p class='ocr_par' dir='ltr' id='par_1_38' title="bbox 120 1041 898 1079">
     <span class='ocr_line' id='line_1_38' title="bbox 120 1041 898 1079; baseline -0.001 -8"><span class='ocrx_word' id='word_1_258' title='bbox 120 1044 240 1071; x_wconf 81' lang='grc' dir='ltr'>σύνθεσιν</span> <span class='ocrx_word' id='word_1_259' title='bbox 256 1044 367 1079; x_wconf 82' lang='grc' dir='ltr'>ποιήσει</span> <span class='ocrx_word' id='word_1_260' title='bbox 420 1043 453 1071; x_wconf 82' lang='grc' dir='ltr'><strong>ἂν</strong></span> <span class='ocrx_word' id='word_1_261' title='bbox 469 1043 665 1078; x_wconf 79' lang='grc' dir='ltr'>προσγένηται.</span> <span class='ocrx_word' id='word_1_262' title='bbox 684 1044 744 1070; x_wconf 88' lang='grc' dir='ltr'><strong>Ἔτι</strong></span> <span class='ocrx_word' id='word_1_263' title='bbox 758 1052 787 1070; x_wconf 88' lang='grc' dir='ltr'>τε</span> <span class='ocrx_word' id='word_1_264' title='bbox 804 1043 898 1079; x_wconf 83' lang='grc' dir='ltr'><strong>δεήσει</strong></span> 
     </span>
    </p>
   </div>
   <div class='ocr_carea' id='block_1_39' title="bbox 122 1089 897 1126">
    <p class='ocr_par' dir='ltr' id='par_1_39' title="bbox 122 1089 897 1126">
     <span class='ocr_line' id='line_1_39' title="bbox 122 1089 897 1126; baseline 0 -10"><span class='ocrx_word' id='word_1_265' title='bbox 122 1089 292 1126; x_wconf 75' lang='grc' dir='ltr'>συμϐεϐηκὸς</span> <span class='ocrx_word' id='word_1_266' title='bbox 314 1089 394 1116; x_wconf 81' lang='grc' dir='ltr'>τοῦτο</span> <span class='ocrx_word' id='word_1_267' title='bbox 420 1090 549 1124; x_wconf 81' lang='grc' dir='ltr'><strong>φάσκειν·</strong></span> <span class='ocrx_word' id='word_1_268' title='bbox 568 1089 623 1116; x_wconf 79' lang='grc' dir='ltr'>πᾶν</span> <span class='ocrx_word' id='word_1_269' title='bbox 638 1089 692 1123; x_wconf 86' lang='grc' dir='ltr'>γὰρ</span> <span class='ocrx_word' id='word_1_270' title='bbox 707 1089 801 1124; x_wconf 85' lang='grc' dir='ltr'>χρῆμα</span> <span class='ocrx_word' id='word_1_271' title='bbox 816 1091 844 1115; x_wconf 80' lang='grc' dir='ltr'>ὲν</span> <span class='ocrx_word' id='word_1_272' title='bbox 858 1089 897 1124; x_wconf 86' lang='grc' dir='ltr'><strong>τῷ</strong></span> 
     </span>
    </p>
   </div>
   <div class='ocr_carea' id='block_1_40' title="bbox 118 1133 896 1172">
    <p class='ocr_par' dir='ltr' id='par_1_40' title="bbox 118 1133 896 1172">
     <span class='ocr_line' id='line_1_40' title="bbox 118 1133 896 1172; baseline -0.005 -9"><span class='ocrx_word' id='word_1_273' title='bbox 118 1137 278 1172; x_wconf 69' lang='grc' dir='ltr'><strong>ἐνυπάρχειν</strong></span> <span class='ocrx_word' id='word_1_274' title='bbox 297 1135 327 1162; x_wconf 74' lang='grc' dir='ltr'><strong>τὸ</strong></span> <span class='ocrx_word' id='word_1_275' title='bbox 354 1133 424 1162; x_wconf 75' lang='grc' dir='ltr'>εἶναι</span> <span class='ocrx_word' id='word_1_276' title='bbox 440 1135 514 1170; x_wconf 75' lang='grc' dir='ltr'><strong>ἔχον,</strong></span> <span class='ocrx_word' id='word_1_277' title='bbox 542 1133 716 1170; x_wconf 75' lang='grc' dir='ltr'>συμϐεϐηκός</span> <span class='ocrx_word' id='word_1_278' title='bbox 734 1135 817 1162; x_wconf 82' lang='grc' dir='ltr'><strong>ἐστιν.</strong></span> <span class='ocrx_word' id='word_1_279' title='bbox 836 1133 896 1160; x_wconf 86' lang='grc' dir='ltr'><strong>Ἔτι</strong></span> 
     </span>
    </p>
   </div>
   <div class='ocr_carea' id='block_1_41' title="bbox 117 1179 896 1218">
    <p class='ocr_par' dir='ltr' id='par_1_41' title="bbox 117 1179 896 1218">
     <span class='ocr_line' id='line_1_41' title="bbox 117 1179 896 1218; baseline -0.006 -8"><span class='ocrx_word' id='word_1_280' title='bbox 117 1190 145 1210; x_wconf 74' lang='grc' dir='ltr'><strong>τε</strong></span> <span class='ocrx_word' id='word_1_281' title='bbox 161 1182 250 1218; x_wconf 84' lang='grc' dir='ltr'>δεήσει</span> <span class='ocrx_word' id='word_1_282' title='bbox 280 1190 307 1209; x_wconf 92' lang='grc' dir='ltr'><strong>τι</strong></span> <span class='ocrx_word' id='word_1_283' title='bbox 335 1183 452 1217; x_wconf 83' lang='grc' dir='ltr'>πρᾶγμα</span> <span class='ocrx_word' id='word_1_284' title='bbox 470 1180 547 1216; x_wconf 81' lang='grc' dir='ltr'>παρὰ</span> <span class='ocrx_word' id='word_1_285' title='bbox 572 1181 622 1216; x_wconf 85' lang='grc' dir='ltr'><strong>τὴν</strong></span> <span class='ocrx_word' id='word_1_286' title='bbox 645 1179 694 1206; x_wconf 86' lang='grc' dir='ltr'><strong>τοῦ</strong></span> <span class='ocrx_word' id='word_1_287' title='bbox 719 1179 787 1206; x_wconf 79' lang='grc' dir='ltr'>Θεοῦ</span> <span class='ocrx_word' id='word_1_288' title='bbox 802 1180 896 1206; x_wconf 81' lang='grc' dir='ltr'>οὐσίαν</span> 
     </span>
    </p>
   </div>
   <div class='ocr_carea' id='block_1_42' title="bbox 117 1225 896 1263">
    <p class='ocr_par' dir='ltr' id='par_1_42' title="bbox 117 1225 896 1263">
     <span class='ocr_line' id='line_1_42' title="bbox 117 1225 896 1263; baseline -0.006 -8"><span class='ocrx_word' id='word_1_289' title='bbox 117 1226 184 1255; x_wconf 70' lang='grc' dir='ltr'>εἶναι</span> <span class='ocrx_word' id='word_1_290' title='bbox 198 1227 319 1256; x_wconf 87' lang='grc' dir='ltr'>αἰώνιον.</span> <span class='ocrx_word' id='word_1_291' title='bbox 341 1228 374 1255; x_wconf 80' lang='grc' dir='ltr'><strong>Ἀ</strong></span> <span class='ocrx_word' id='word_1_292' title='bbox 398 1227 431 1263; x_wconf 83' lang='grc' dir='ltr'>δὴ</span> <span class='ocrx_word' id='word_1_293' title='bbox 455 1227 544 1255; x_wconf 81' lang='grc' dir='ltr'>πάντα</span> <span class='ocrx_word' id='word_1_294' title='bbox 565 1226 693 1260; x_wconf 77' lang='grc' dir='ltr'>αίρετικὰ</span> <span class='ocrx_word' id='word_1_295' title='bbox 721 1225 768 1252; x_wconf 80' lang='grc' dir='ltr'>καὶ</span> <span class='ocrx_word' id='word_1_296' title='bbox 796 1226 896 1253; x_wconf 77' lang='grc' dir='ltr'>ἄτοπα·</span> 
     </span>
    </p>
   </div>
   <div class='ocr_carea' id='block_1_43' title="bbox 116 1271 897 1310">
    <p class='ocr_par' dir='ltr' id='par_1_43' title="bbox 116 1271 897 1310">
     <span class='ocr_line' id='line_1_43' title="bbox 116 1271 897 1310; baseline -0.005 -8"><span class='ocrx_word' id='word_1_297' title='bbox 116 1275 209 1302; x_wconf 67' lang='grc' dir='ltr'>ἕπεται</span> <span class='ocrx_word' id='word_1_298' title='bbox 227 1275 320 1310; x_wconf 82' lang='grc' dir='ltr'>μέντοι</span> <span class='ocrx_word' id='word_1_299' title='bbox 338 1275 394 1306; x_wconf 78' lang='grc' dir='ltr'>τοῖς</span> <span class='ocrx_word' id='word_1_300' title='bbox 411 1274 460 1310; x_wconf 82' lang='grc' dir='ltr'><strong>τὴν</strong></span> <span class='ocrx_word' id='word_1_301' title='bbox 475 1275 636 1310; x_wconf 73' lang='grc' dir='ltr'>πατρότητα</span> <span class='ocrx_word' id='word_1_302' title='bbox 651 1272 699 1299; x_wconf 77' lang='grc' dir='ltr'>καὶ</span> <span class='ocrx_word' id='word_1_303' title='bbox 712 1271 762 1308; x_wconf 79' lang='grc' dir='ltr'><strong>τὴν</strong></span> <span class='ocrx_word' id='word_1_304' title='bbox 777 1272 897 1299; x_wconf 78' lang='grc' dir='ltr'>ὑπόστα-</span> 
     </span>
    </p>
   </div>
   <div class='ocr_carea' id='block_1_44' title="bbox 118 1319 636 1356">
    <p class='ocr_par' dir='ltr' id='par_1_44' title="bbox 118 1319 636 1356">
     <span class='ocr_line' id='line_1_44' title="bbox 118 1319 636 1356; baseline -0.006 -8"><span class='ocrx_word' id='word_1_305' title='bbox 118 1330 158 1348; x_wconf 85' lang='grc' dir='ltr'><strong>σιν</strong></span> <span class='ocrx_word' id='word_1_306' title='bbox 176 1321 270 1356; x_wconf 70' lang='grc' dir='ltr'>ἕτερον</span> <span class='ocrx_word' id='word_1_307' title='bbox 290 1321 339 1356; x_wconf 83' lang='grc' dir='ltr'>τῆς</span> <span class='ocrx_word' id='word_1_308' title='bbox 356 1320 449 1352; x_wconf 78' lang='grc' dir='ltr'><strong>οὐσίας</strong></span> <span class='ocrx_word' id='word_1_309' title='bbox 470 1319 636 1355; x_wconf 78' lang='grc' dir='ltr'>τιθεμένοις.</span> 
     </span>
    </p>
   </div>
   <div class='ocr_carea' id='block_1_45' title="bbox 950 915 1741 949">
    <p class='ocr_par' dir='ltr' id='par_1_45' title="bbox 950 915 1741 949">
     <span class='ocr_line' id='line_1_45' title="bbox 950 915 1741 949; baseline -0.003 -6"><span class='ocrx_word' id='word_1_310' title='bbox 950 916 1004 943; x_wconf 88' lang='lat' dir='ltr'><strong>Deo</strong></span> <span class='ocrx_word' id='word_1_311' title='bbox 1019 936 1026 949; x_wconf 88' lang='lat'><strong>,</strong></span> <span class='ocrx_word' id='word_1_312' title='bbox 1049 916 1100 943; x_wconf 89' lang='lat' dir='ltr'><strong>etsi</strong></span> <span class='ocrx_word' id='word_1_313' title='bbox 1127 923 1182 943; x_wconf 93' lang='lat' dir='ltr'><strong>non</strong></span> <span class='ocrx_word' id='word_1_314' title='bbox 1214 915 1373 943; x_wconf 63' lang='lat' dir='ltr'><strong>substantiae</strong></span> <span class='ocrx_word' id='word_1_315' title='bbox 1387 934 1396 947; x_wconf 89' lang='lat'><strong>,</strong></span> <span class='ocrx_word' id='word_1_316' title='bbox 1421 920 1449 942; x_wconf 74' lang='lat' dir='ltr'><strong>at</strong></span> <span class='ocrx_word' id='word_1_317' title='bbox 1468 915 1629 942; x_wconf 56' lang='lat' dir='ltr'><strong>substantia</strong></span> <span class='ocrx_word' id='word_1_318' title='bbox 1657 919 1741 949; x_wconf 80' lang='lat' dir='ltr'><strong>atque</strong></span> 
     </span>
    </p>
   </div>
   <div class='ocr_carea' id='block_1_46' title="bbox 949 959 1738 996">
    <p class='ocr_par' dir='ltr' id='par_1_46' title="bbox 949 959 1738 996">
     <span class='ocr_line' id='line_1_46' title="bbox 949 959 1738 996; baseline -0.003 -8"><span class='ocrx_word' id='word_1_319' title='bbox 949 961 1141 996; x_wconf 85' lang='lat' dir='ltr'><strong>hypostaseos,</strong></span> <span class='ocrx_word' id='word_1_320' title='bbox 1156 961 1331 995; x_wconf 82' lang='lat' dir='ltr'><strong>paternitatis</strong></span> <span class='ocrx_word' id='word_1_321' title='bbox 1359 961 1425 988; x_wconf 83' lang='lat' dir='ltr'><strong>item</strong></span> <span class='ocrx_word' id='word_1_322' title='bbox 1453 967 1486 988; x_wconf 86' lang='lat' dir='ltr'><strong>ac</strong></span> <span class='ocrx_word' id='word_1_323' title='bbox 1505 959 1655 992; x_wconf 79' lang='lat' dir='ltr'><strong>ﬁlialionis,</strong></span> <span class='ocrx_word' id='word_1_324' title='bbox 1674 967 1738 994; x_wconf 68' lang='lat' dir='ltr'><strong>quae</strong></span> 
     </span>
    </p>
   </div>
   <div class='ocr_carea' id='block_1_47' title="bbox 948 1004 1739 1040">
    <p class='ocr_par' dir='ltr' id='par_1_47' title="bbox 948 1004 1739 1040">
     <span class='ocr_line' id='line_1_47' title="bbox 948 1004 1739 1040; baseline -0.001 -8"><span class='ocrx_word' id='word_1_325' title='bbox 948 1006 982 1033; x_wconf 88' lang='lat' dir='ltr'><strong>ad</strong></span> <span class='ocrx_word' id='word_1_326' title='bbox 1014 1005 1119 1040; x_wconf 88' lang='lat' dir='ltr'><strong>aliquid</strong></span> <span class='ocrx_word' id='word_1_327' title='bbox 1147 1006 1261 1033; x_wconf 89' lang='lat' dir='ltr'><strong>relativa</strong></span> <span class='ocrx_word' id='word_1_328' title='bbox 1288 1010 1364 1033; x_wconf 83' lang='lat' dir='ltr'><strong>sunt.</strong></span> <span class='ocrx_word' id='word_1_329' title='bbox 1382 1005 1448 1038; x_wconf 72' lang='lat' dir='ltr'><strong>Quae</strong></span> <span class='ocrx_word' id='word_1_330' title='bbox 1475 1012 1541 1032; x_wconf 80' lang='lat' dir='ltr'><strong>sane</strong></span> <span class='ocrx_word' id='word_1_331' title='bbox 1564 1005 1597 1032; x_wconf 89' lang='lat' dir='ltr'><strong>ad</strong></span> <span class='ocrx_word' id='word_1_332' title='bbox 1619 1004 1739 1039; x_wconf 84' lang='lat' dir='ltr'><strong>aliqud,</strong></span> 
     </span>
    </p>
   </div>
   <div class='ocr_carea' id='block_1_48' title="bbox 948 1050 1739 1087">
    <p class='ocr_par' dir='ltr' id='par_1_48' title="bbox 948 1050 1739 1087">
     <span class='ocr_line' id='line_1_48' title="bbox 948 1050 1739 1087; baseline -0.001 -8"><span class='ocrx_word' id='word_1_333' title='bbox 948 1056 1085 1087; x_wconf 84' lang='lat' dir='ltr'><strong>quatenus</strong></span> <span class='ocrx_word' id='word_1_334' title='bbox 1099 1058 1163 1079; x_wconf 80' lang='lat' dir='ltr'><strong>sunt</strong></span> <span class='ocrx_word' id='word_1_335' title='bbox 1184 1051 1275 1086; x_wconf 84' lang='lat' dir='ltr'><strong>aliqua</strong></span> <span class='ocrx_word' id='word_1_336' title='bbox 1297 1059 1359 1084; x_wconf 87' lang='lat' dir='ltr'><strong>res,</strong></span> <span class='ocrx_word' id='word_1_337' title='bbox 1374 1051 1605 1086; x_wconf 83' lang='lat' dir='ltr'><strong>compositionem</strong></span> <span class='ocrx_word' id='word_1_338' title='bbox 1630 1050 1739 1078; x_wconf 73' lang='lat' dir='ltr'><strong>facient</strong></span> 
     </span>
    </p>
   </div>
   <div class='ocr_carea' id='block_1_49' title="bbox 947 1093 1738 1130">
    <p class='ocr_par' dir='ltr' id='par_1_49' title="bbox 947 1093 1738 1130">
     <span class='ocr_line' id='line_1_49' title="bbox 947 1093 1738 1130; baseline -0.004 -7"><span class='ocrx_word' id='word_1_339' title='bbox 947 1103 1009 1123; x_wconf 87' lang='lat' dir='ltr'><strong>cum</strong></span> <span class='ocrx_word' id='word_1_340' title='bbox 1025 1103 1058 1123; x_wconf 88' lang='lat' dir='ltr'><strong>eo</strong></span> <span class='ocrx_word' id='word_1_341' title='bbox 1081 1095 1115 1122; x_wconf 89' lang='lat' dir='ltr'><strong>ad</strong></span> <span class='ocrx_word' id='word_1_342' title='bbox 1137 1095 1212 1130; x_wconf 90' lang='lat' dir='ltr'><strong>quod</strong></span> <span class='ocrx_word' id='word_1_343' title='bbox 1233 1095 1417 1123; x_wconf 80' lang='lat' dir='ltr'><strong>accesserint.</strong></span> <span class='ocrx_word' id='word_1_344' title='bbox 1432 1093 1569 1122; x_wconf 63' lang='lat' dir='ltr'><strong>Praeterea</strong></span> <span class='ocrx_word' id='word_1_345' title='bbox 1594 1101 1664 1128; x_wconf 85' lang='lat' dir='ltr'><strong>opus</strong></span> <span class='ocrx_word' id='word_1_346' title='bbox 1683 1093 1738 1121; x_wconf 88' lang='lat' dir='ltr'><strong>erit</strong></span> 
     </span>
    </p>
   </div>
   <div class='ocr_carea' id='block_1_50' title="bbox 946 1140 1739 1176">
    <p class='ocr_par' dir='ltr' id='par_1_50' title="bbox 946 1140 1739 1176">
     <span class='ocr_line' id='line_1_50' title="bbox 946 1140 1739 1176; baseline -0.001 -7"><span class='ocrx_word' id='word_1_347' title='bbox 946 1141 1074 1169; x_wconf 83' lang='lat' dir='ltr'><strong>accidens</strong></span> <span class='ocrx_word' id='word_1_348' title='bbox 1096 1141 1170 1169; x_wconf 85' lang='lat' dir='ltr'><strong>istud</strong></span> <span class='ocrx_word' id='word_1_349' title='bbox 1192 1149 1338 1170; x_wconf 82' lang='lat' dir='ltr'><strong>asserere:</strong></span> <span class='ocrx_word' id='word_1_350' title='bbox 1357 1141 1459 1176; x_wconf 90' lang='lat' dir='ltr'><strong>quippe</strong></span> <span class='ocrx_word' id='word_1_351' title='bbox 1479 1140 1568 1168; x_wconf 84' lang='lat' dir='ltr'><strong>omnis</strong></span> <span class='ocrx_word' id='word_1_352' title='bbox 1588 1147 1643 1173; x_wconf 80' lang='lat' dir='ltr'><strong>res,</strong></span> <span class='ocrx_word' id='word_1_353' title='bbox 1659 1140 1739 1176; x_wconf 72' lang='lat' dir='ltr'><strong>cujus</strong></span> 
     </span>
    </p>
   </div>
   <div class='ocr_carea' id='block_1_51' title="bbox 949 1186 1738 1220">
    <p class='ocr_par' dir='ltr' id='par_1_51' title="bbox 949 1186 1738 1220">
     <span class='ocr_line' id='line_1_51' title="bbox 949 1186 1738 1220; baseline -0.005 -5"><span class='ocrx_word' id='word_1_354' title='bbox 949 1195 1010 1215; x_wconf 83' lang='lat' dir='ltr'><strong>esse</strong></span> <span class='ocrx_word' id='word_1_355' title='bbox 1025 1192 1068 1215; x_wconf 84' lang='lat' dir='ltr'><strong>est</strong></span> <span class='ocrx_word' id='word_1_356' title='bbox 1083 1187 1112 1215; x_wconf 87' lang='lat' dir='ltr'><strong>in</strong></span> <span class='ocrx_word' id='word_1_357' title='bbox 1124 1195 1196 1220; x_wconf 83' lang='lat' dir='ltr'><strong>esse,</strong></span> <span class='ocrx_word' id='word_1_358' title='bbox 1212 1187 1342 1215; x_wconf 82' lang='lat' dir='ltr'><strong>accidens</strong></span> <span class='ocrx_word' id='word_1_359' title='bbox 1367 1191 1419 1214; x_wconf 81' lang='lat' dir='ltr'><strong>est.</strong></span> <span class='ocrx_word' id='word_1_360' title='bbox 1445 1187 1578 1214; x_wconf 65' lang='lat' dir='ltr'><strong>Przrterea</strong></span> <span class='ocrx_word' id='word_1_361' title='bbox 1590 1193 1658 1220; x_wconf 82' lang='lat' dir='ltr'><strong>opus</strong></span> <span class='ocrx_word' id='word_1_362' title='bbox 1674 1186 1738 1218; x_wconf 88' lang='lat' dir='ltr'><strong>erit,</strong></span> 
     </span>
    </p>
   </div>
   <div class='ocr_carea' id='block_1_52' title="bbox 951 1232 1737 1268">
    <p class='ocr_par' dir='ltr' id='par_1_52' title="bbox 951 1232 1737 1268">
     <span class='ocr_line' id='line_1_52' title="bbox 951 1232 1737 1268; baseline -0.001 -8"><span class='ocrx_word' id='word_1_363' title='bbox 951 1237 981 1260; x_wconf 92' lang='lat' dir='ltr'><strong>ut</strong></span> <span class='ocrx_word' id='word_1_364' title='bbox 997 1233 1089 1267; x_wconf 75' lang='lat' dir='ltr'><strong>aliqua</strong></span> <span class='ocrx_word' id='word_1_365' title='bbox 1107 1241 1151 1260; x_wconf 91' lang='lat' dir='ltr'><strong>res</strong></span> <span class='ocrx_word' id='word_1_366' title='bbox 1165 1239 1264 1268; x_wconf 82' lang='lat' dir='ltr'><strong>pra-ter</strong></span> <span class='ocrx_word' id='word_1_367' title='bbox 1282 1233 1331 1260; x_wconf 88' lang='lat' dir='ltr'><strong>Dei</strong></span> <span class='ocrx_word' id='word_1_368' title='bbox 1353 1232 1535 1260; x_wconf 87' lang='lat' dir='ltr'><strong>substantiam</strong></span> <span class='ocrx_word' id='word_1_369' title='bbox 1567 1232 1604 1258; x_wconf 88' lang='lat' dir='ltr'><strong>sit</strong></span> <span class='ocrx_word' id='word_1_370' title='bbox 1623 1236 1737 1260; x_wconf 63' lang='grc' dir='ltr'>κιαι-ηδ.</span> 
     </span>
    </p>
   </div>
   <div class='ocr_carea' id='block_1_53' title="bbox 951 1276 1741 1310">
    <p class='ocr_par' dir='ltr' id='par_1_53' title="bbox 951 1276 1741 1310">
     <span class='ocr_line' id='line_1_53' title="bbox 951 1276 1741 1310; baseline -0.001 -5"><span class='ocrx_word' id='word_1_371' title='bbox 951 1277 1017 1310; x_wconf 61' lang='lat' dir='ltr'><strong>Quae</strong></span> <span class='ocrx_word' id='word_1_372' title='bbox 1040 1282 1114 1306; x_wconf 80' lang='lat' dir='ltr'><strong>certe</strong></span> <span class='ocrx_word' id='word_1_373' title='bbox 1127 1278 1220 1305; x_wconf 89' lang='lat' dir='ltr'><strong>omnia</strong></span> <span class='ocrx_word' id='word_1_374' title='bbox 1238 1278 1366 1306; x_wconf 75' lang='lat' dir='ltr'><strong>lueretica</strong></span> <span class='ocrx_word' id='word_1_375' title='bbox 1381 1282 1445 1305; x_wconf 87' lang='lat' dir='ltr'><strong>sunt</strong></span> <span class='ocrx_word' id='word_1_376' title='bbox 1460 1282 1488 1305; x_wconf 91' lang='lat' dir='ltr'><strong>et</strong></span> <span class='ocrx_word' id='word_1_377' title='bbox 1502 1276 1630 1309; x_wconf 84' lang='lat' dir='ltr'><strong>absurda,</strong></span> <span class='ocrx_word' id='word_1_378' title='bbox 1642 1285 1741 1304; x_wconf 80' lang='lat' dir='ltr'><strong>neces-</strong></span> 
     </span>
    </p>
   </div>
   <div class='ocr_carea' id='block_1_54' title="bbox 952 1322 1738 1359">
    <p class='ocr_par' dir='ltr' id='par_1_54' title="bbox 952 1322 1738 1359">
     <span class='ocr_line' id='line_1_54' title="bbox 952 1322 1738 1359; baseline 0.001 -9"><span class='ocrx_word' id='word_1_379' title='bbox 952 1323 1028 1351; x_wconf 86' lang='lat' dir='ltr'><strong>sario</strong></span> <span class='ocrx_word' id='word_1_380' title='bbox 1042 1328 1134 1352; x_wconf 80' lang='lat' dir='ltr'><strong>tamen</strong></span> <span class='ocrx_word' id='word_1_381' title='bbox 1147 1328 1301 1359; x_wconf 79' lang='lat' dir='ltr'><strong>sequuntur</strong></span> <span class='ocrx_word' id='word_1_382' title='bbox 1309 1332 1344 1352; x_wconf 81' lang='lat' dir='ltr'><strong>ex</strong></span> <span class='ocrx_word' id='word_1_383' title='bbox 1357 1331 1453 1352; x_wconf 89' lang='lat' dir='ltr'><strong>eorum</strong></span> <span class='ocrx_word' id='word_1_384' title='bbox 1469 1323 1617 1356; x_wconf 82' lang='lat' dir='ltr'><strong>sententia,</strong></span> <span class='ocrx_word' id='word_1_385' title='bbox 1629 1322 1676 1357; x_wconf 90' lang='lat' dir='ltr'><strong>qui</strong></span> <span class='ocrx_word' id='word_1_386' title='bbox 1688 1331 1738 1358; x_wconf 69' lang='lat' dir='ltr'><strong>pa&lt;</strong></span> 
     </span>
    </p>
   </div>
   <div class='ocr_carea' id='block_1_55' title="bbox 117 1365 1037 1403">
    <p class='ocr_par' dir='ltr' id='par_1_55' title="bbox 117 1365 1037 1403">
     <span class='ocr_line' id='line_1_55' title="bbox 117 1365 1037 1403; baseline 0 -7"><span class='ocrx_word' id='word_1_387' title='bbox 117 1368 269 1396; x_wconf 85' lang='lat' dir='ltr'><strong>ternitatem</strong></span> <span class='ocrx_word' id='word_1_388' title='bbox 289 1371 331 1398; x_wconf 76' lang='lat' dir='ltr'><strong>et,</strong></span> <span class='ocrx_word' id='word_1_389' title='bbox 348 1365 520 1403; x_wconf 85' lang='lat' dir='ltr'><strong>hypostasim</strong></span> <span class='ocrx_word' id='word_1_390' title='bbox 538 1366 612 1394; x_wconf 86' lang='lat' dir='ltr'><strong>aliud</strong></span> <span class='ocrx_word' id='word_1_391' title='bbox 633 1373 694 1394; x_wconf 85' lang='lat' dir='ltr'><strong>esse</strong></span> <span class='ocrx_word' id='word_1_392' title='bbox 711 1373 730 1394; x_wconf 81' lang='lat' dir='ltr'><strong>a</strong></span> <span class='ocrx_word' id='word_1_393' title='bbox 753 1367 903 1395; x_wconf 84' lang='lat' dir='ltr'><strong>substantia</strong></span> <span class='ocrx_word' id='word_1_394' title='bbox 919 1373 1037 1403; x_wconf 83' lang='lat' dir='ltr'><strong>ponunt.</strong></span> 
     </span>
    </p>
   </div>
   <div class='ocr_carea' id='block_1_56' title="bbox 407 1413 598 1442">
    <p class='ocr_par' dir='ltr' id='par_1_56' title="bbox 407 1413 598 1442">
     <span class='ocr_line' id='line_1_56' title="bbox 407 1413 598 1442; baseline 0.005 -1"><span class='ocrx_word' id='word_1_395' title='bbox 407 1414 534 1442; x_wconf 81' lang='grc' dir='ltr'><strong>ΚΕΦΑΛ.</strong></span> <span class='ocrx_word' id='word_1_396' title='bbox 559 1413 598 1442; x_wconf 86' lang='grc' dir='ltr'><strong>Β¹.</strong></span> 
     </span>
    </p>
   </div>
   <div class='ocr_carea' id='block_1_57' title="bbox 1258 1417 1423 1445">
    <p class='ocr_par' dir='ltr' id='par_1_57' title="bbox 1258 1417 1423 1445">
     <span class='ocr_line' id='line_1_57' title="bbox 1258 1417 1423 1445; baseline -0.006 0"><span class='ocrx_word' id='word_1_397' title='bbox 1258 1417 1371 1445; x_wconf 82' lang='lat' dir='ltr'><strong>CAPUT</strong></span> <span class='ocrx_word' id='word_1_398' title='bbox 1390 1417 1423 1444; x_wconf 92' lang='lat' dir='ltr'><strong>ll.</strong></span> 
     </span>
    </p>
   </div>
   <div class='ocr_carea' id='block_1_58' title="bbox 116 1453 898 1500">
    <p class='ocr_par' dir='ltr' id='par_1_58' title="bbox 116 1460 898 1500">
     <span class='ocr_line' id='line_1_58' title="bbox 116 1460 898 1500; baseline -0.003 -10"><span class='ocrx_word' id='word_1_399' title='bbox 116 1461 278 1500; x_wconf 41' lang='grc' dir='ltr'><strong>Κατὰ-τίτθαι</strong></span> <span class='ocrx_word' id='word_1_400' title='bbox 301 1460 358 1495; x_wconf 80' lang='grc' dir='ltr'><strong>τὴν</strong></span> <span class='ocrx_word' id='word_1_401' title='bbox 373 1460 505 1500; x_wconf 39' lang='lat' dir='ltr'><strong>emotae</strong></span> <span class='ocrx_word' id='word_1_402' title='bbox 517 1460 595 1488; x_wconf 70' lang='grc' dir='ltr'><strong>ἄλλο</strong></span> <span class='ocrx_word' id='word_1_403' title='bbox 617 1461 729 1500; x_wconf 38' lang='lat' dir='ltr'><strong>otiatur</strong></span> <span class='ocrx_word' id='word_1_404' title='bbox 748 1461 898 1500; x_wconf 45' lang='lat' dir='ltr'><strong>{caballo</strong></span> 
     </span>
    </p>
   </div>
   <div class='ocr_carea' id='block_1_59' title="bbox 950 1453 1737 1500">
    <p class='ocr_par' dir='ltr' id='par_1_59' title="bbox 950 1460 1737 1500">
     <span class='ocr_line' id='line_1_59' title="bbox 950 1460 1737 1500; baseline 0.008 -12"><span class='ocrx_word' id='word_1_405' title='bbox 950 1460 1006 1494; x_wconf 81' lang='lat' dir='ltr'><strong>Quo</strong></span> <span class='ocrx_word' id='word_1_406' title='bbox 1021 1469 1099 1491; x_wconf 69' lang='lat' dir='ltr'><strong>sensu</strong></span> <span class='ocrx_word' id='word_1_407' title='bbox 1113 1463 1201 1490; x_wconf 79' lang='lat' dir='ltr'><strong>dicant</strong></span> <span class='ocrx_word' id='word_1_408' title='bbox 1218 1462 1331 1500; x_wconf 61' lang='lat' dir='ltr'><strong>theologi</strong></span> <span class='ocrx_word' id='word_1_409' title='bbox 1352 1463 1494 1500; x_wconf 70' lang='lat' dir='ltr'><strong>aliudcue</strong></span> <span class='ocrx_word' id='word_1_410' title='bbox 1508 1465 1696 1500; x_wconf 72' lang='lat' dir='ltr'><strong>substantiam,</strong></span> <span class='ocrx_word' id='word_1_411' title='bbox 1711 1471 1737 1494; x_wconf 73' lang='lat' dir='ltr'><strong>et</strong></span> 
     </span>
    </p>
   </div>
   <div class='ocr_carea' id='block_1_60' title="bbox 184 1496 826 1530">
    <p class='ocr_par' dir='ltr' id='par_1_60' title="bbox 184 1496 826 1530">
     <span class='ocr_line' id='line_1_60' title="bbox 184 1496 826 1530; baseline 0.002 -7"><span class='ocrx_word' id='word_1_412' title='bbox 184 1497 359 1524; x_wconf 81' lang='grc' dir='ltr'><strong>ὑπόστασιν</strong></span> <span class='ocrx_word' id='word_1_413' title='bbox 372 1497 399 1523; x_wconf 86' lang='grc' dir='ltr'>οι</span> <span class='ocrx_word' id='word_1_414' title='bbox 417 1496 551 1530; x_wconf 75' lang='grc' dir='ltr'><strong>θεολόγοι</strong></span> <span class='ocrx_word' id='word_1_415' title='bbox 566 1496 662 1530; x_wconf 70' lang='grc' dir='ltr'>φασιν</span> <span class='ocrx_word' id='word_1_416' title='bbox 676 1496 724 1522; x_wconf 75' lang='grc' dir='ltr'><strong>ἐπὶ</strong></span> <span class='ocrx_word' id='word_1_417' title='bbox 741 1496 826 1524; x_wconf 84' lang='grc' dir='ltr'>Θεοῦ.</span> 
     </span>
    </p>
   </div>
   <div class='ocr_carea' id='block_1_61' title="bbox 156 1541 899 1579">
    <p class='ocr_par' dir='ltr' id='par_1_61' title="bbox 156 1541 899 1579">
     <span class='ocr_line' id='line_1_61' title="bbox 156 1541 899 1579; baseline -0.001 -9"><span class='ocrx_word' id='word_1_418' title='bbox 156 1544 277 1579; x_wconf 81' lang='grc' dir='ltr'><strong>Ἀνάγκη</strong></span> <span class='ocrx_word' id='word_1_419' title='bbox 291 1543 384 1570; x_wconf 91' lang='grc' dir='ltr'>τοίνυν</span> <span class='ocrx_word' id='word_1_420' title='bbox 397 1542 442 1569; x_wconf 81' lang='grc' dir='ltr'>διὰ</span> <span class='ocrx_word' id='word_1_421' title='bbox 456 1541 543 1569; x_wconf 78' lang='grc' dir='ltr'>ταῦτα</span> <span class='ocrx_word' id='word_1_422' title='bbox 556 1542 607 1574; x_wconf 74' lang='grc' dir='ltr'><strong>τὰς</strong></span> <span class='ocrx_word' id='word_1_423' title='bbox 620 1541 708 1577; x_wconf 79' lang='grc' dir='ltr'>ἀρχὰς</span> <span class='ocrx_word' id='word_1_424' title='bbox 720 1542 768 1578; x_wconf 83' lang='grc' dir='ltr'><strong>τῆς</strong></span> <span class='ocrx_word' id='word_1_425' title='bbox 782 1542 899 1575; x_wconf 81' lang='grc' dir='ltr'>πίστεως</span> 
     </span>
    </p>
   </div>
   <div class='ocr_carea' id='block_1_62' title="bbox 116 1587 900 1625">
    <p class='ocr_par' dir='ltr' id='par_1_62' title="bbox 116 1587 900 1625">
     <span class='ocr_line' id='line_1_62' title="bbox 116 1587 900 1625; baseline -0.003 -8"><span class='ocrx_word' id='word_1_426' title='bbox 116 1589 314 1625; x_wconf 80' lang='grc' dir='ltr'><strong>φυλάττοντας,</strong></span> <span class='ocrx_word' id='word_1_427' title='bbox 331 1588 349 1624; x_wconf 78' lang='grc' dir='ltr'>ἦ</span> <span class='ocrx_word' id='word_1_428' title='bbox 367 1596 434 1623; x_wconf 77' lang='grc' dir='ltr'>φησι</span> <span class='ocrx_word' id='word_1_429' title='bbox 457 1587 505 1615; x_wconf 87' lang='grc' dir='ltr'>τδν</span> <span class='ocrx_word' id='word_1_430' title='bbox 524 1587 607 1614; x_wconf 76' lang='grc' dir='ltr'>αὑτὸν</span> <span class='ocrx_word' id='word_1_431' title='bbox 622 1587 689 1614; x_wconf 79' lang='grc' dir='ltr'><strong>θεὸν</strong></span> <span class='ocrx_word' id='word_1_432' title='bbox 703 1588 751 1615; x_wconf 70' lang='grc' dir='ltr'><strong>ἕνα</strong></span> <span class='ocrx_word' id='word_1_433' title='bbox 764 1587 835 1616; x_wconf 77' lang='grc' dir='ltr'>εἷναι</span> <span class='ocrx_word' id='word_1_434' title='bbox 851 1589 900 1616; x_wconf 76' lang='grc' dir='ltr'>καὶ</span> 
     </span>
    </p>
   </div>
   <div class='ocr_carea' id='block_1_63' title="bbox 115 1633 899 1672">
    <p class='ocr_par' dir='ltr' id='par_1_63' title="bbox 115 1633 899 1672">
     <span class='ocr_line' id='line_1_63' title="bbox 115 1633 899 1672; baseline -0.003 -9"><span class='ocrx_word' id='word_1_435' title='bbox 115 1637 191 1672; x_wconf 86' lang='grc' dir='ltr'>τρία,</span> <span class='ocrx_word' id='word_1_436' title='bbox 209 1636 306 1663; x_wconf 76' lang='grc' dir='ltr'>οὐσίαν</span> <span class='ocrx_word' id='word_1_437' title='bbox 319 1635 369 1670; x_wconf 79' lang='grc' dir='ltr'><strong>τὴν</strong></span> <span class='ocrx_word' id='word_1_438' title='bbox 381 1634 535 1662; x_wconf 79' lang='grc' dir='ltr'>ὑπόστασιν</span> <span class='ocrx_word' id='word_1_439' title='bbox 555 1635 603 1661; x_wconf 82' lang='grc' dir='ltr'>καὶ</span> <span class='ocrx_word' id='word_1_440' title='bbox 620 1634 669 1670; x_wconf 81' lang='grc' dir='ltr'><strong>τὴν</strong></span> <span class='ocrx_word' id='word_1_441' title='bbox 688 1633 808 1669; x_wconf 81' lang='grc' dir='ltr'>ἰδιότητα</span> <span class='ocrx_word' id='word_1_442' title='bbox 827 1633 899 1661; x_wconf 81' lang='grc' dir='ltr'>τιθέ-</span> 
     </span>
    </p>
   </div>
   <div class='ocr_carea' id='block_1_64' title="bbox 115 1679 900 1716">
    <p class='ocr_par' dir='ltr' id='par_1_64' title="bbox 115 1679 900 1716">
     <span class='ocr_line' id='line_1_64' title="bbox 115 1679 900 1716; baseline -0.006 -6"><span class='ocrx_word' id='word_1_443' title='bbox 115 1691 160 1710; x_wconf 74' lang='grc' dir='ltr'>ναι</span> <span class='ocrx_word' id='word_1_444' title='bbox 179 1682 235 1714; x_wconf 79' lang='grc' dir='ltr'>τοῖς</span> <span class='ocrx_word' id='word_1_445' title='bbox 258 1681 396 1716; x_wconf 77' lang='grc' dir='ltr'>θεολόγοις</span> <span class='ocrx_word' id='word_1_446' title='bbox 414 1680 569 1716; x_wconf 69' lang='grc' dir='ltr'>ἑπομένως.</span> <span class='ocrx_word' id='word_1_447' title='bbox 595 1681 633 1707; x_wconf 84' lang='grc' dir='ltr'><strong>Οὐ</strong></span> <span class='ocrx_word' id='word_1_448' title='bbox 655 1680 703 1707; x_wconf 76' lang='grc' dir='ltr'>καὶ</span> <span class='ocrx_word' id='word_1_449' title='bbox 726 1680 787 1706; x_wconf 80' lang='grc' dir='ltr'>καθ’</span> <span class='ocrx_word' id='word_1_450' title='bbox 803 1679 900 1714; x_wconf 78' lang='grc' dir='ltr'>ἑτέραν</span> 
     </span>
    </p>
   </div>
   <div class='ocr_carea' id='block_1_65' title="bbox 114 1723 900 1760">
    <p class='ocr_par' dir='ltr' id='par_1_65' title="bbox 114 1723 900 1760">
     <span class='ocr_line' id='line_1_65' title="bbox 114 1723 900 1760; baseline -0.005 -5"><span class='ocrx_word' id='word_1_451' title='bbox 114 1726 196 1760; x_wconf 79' lang='grc' dir='ltr'>αὖθις</span> <span class='ocrx_word' id='word_1_452' title='bbox 211 1728 317 1755; x_wconf 76' lang='grc' dir='ltr'>ἔννοιαν</span> <span class='ocrx_word' id='word_1_453' title='bbox 331 1727 396 1754; x_wconf 79' lang='grc' dir='ltr'>ἄλλο</span> <span class='ocrx_word' id='word_1_454' title='bbox 411 1727 490 1754; x_wconf 84' lang='grc' dir='ltr'>οὐσία</span> <span class='ocrx_word' id='word_1_455' title='bbox 505 1726 554 1754; x_wconf 78' lang='grc' dir='ltr'>καὶ</span> <span class='ocrx_word' id='word_1_456' title='bbox 577 1726 642 1754; x_wconf 80' lang='grc' dir='ltr'>ἄλλο</span> <span class='ocrx_word' id='word_1_457' title='bbox 665 1726 815 1756; x_wconf 80' lang='grc' dir='ltr'>ὑπόστασις</span> <span class='ocrx_word' id='word_1_458' title='bbox 833 1723 900 1760; x_wconf 80' lang='grc' dir='ltr'>παρ’</span> 
     </span>
    </p>
   </div>
   <div class='ocr_carea' id='block_1_66' title="bbox 115 1771 900 1809">
    <p class='ocr_par' dir='ltr' id='par_1_66' title="bbox 115 1771 900 1809">
     <span class='ocr_line' id='line_1_66' title="bbox 115 1771 900 1809; baseline -0.006 -8"><span class='ocrx_word' id='word_1_459' title='bbox 115 1774 206 1801; x_wconf 74' lang='grc' dir='ltr'>αὐτῶν</span> <span class='ocrx_word' id='word_1_460' title='bbox 216 1773 269 1801; x_wconf 82' lang='grc' dir='ltr'>τῶν</span> <span class='ocrx_word' id='word_1_461' title='bbox 285 1772 457 1802; x_wconf 78' lang='grc' dir='ltr'>διδασκᾶλων</span> <span class='ocrx_word' id='word_1_462' title='bbox 473 1773 595 1809; x_wconf 73' lang='grc' dir='ltr'>εἴρηται·</span> <span class='ocrx_word' id='word_1_463' title='bbox 618 1772 666 1799; x_wconf 78' lang='grc' dir='ltr'>καὶ</span> <span class='ocrx_word' id='word_1_464' title='bbox 682 1772 756 1802; x_wconf 84' lang='grc' dir='ltr'>ὅπως</span> <span class='ocrx_word' id='word_1_465' title='bbox 769 1771 900 1806; x_wconf 77' lang='grc' dir='ltr'>ἑκάτερον</span> 
     </span>
    </p>
   </div>
   <div class='ocr_carea' id='block_1_67' title="bbox 113 1816 902 1856">
    <p class='ocr_par' dir='ltr' id='par_1_67' title="bbox 113 1816 902 1856">
     <span class='ocr_line' id='line_1_67' title="bbox 113 1816 902 1856; baseline -0.006 -8"><span class='ocrx_word' id='word_1_466' title='bbox 113 1820 262 1856; x_wconf 72' lang='grc' dir='ltr'><strong>ἀληθεύειν</strong></span> <span class='ocrx_word' id='word_1_467' title='bbox 275 1819 389 1848; x_wconf 74' lang='grc' dir='ltr'>δυνατὸν</span> <span class='ocrx_word' id='word_1_468' title='bbox 408 1820 438 1846; x_wconf 67' lang='grc' dir='ltr'><strong>ἐν</strong></span> <span class='ocrx_word' id='word_1_469' title='bbox 457 1820 513 1851; x_wconf 79' lang='grc' dir='ltr'>τοῖς</span> <span class='ocrx_word' id='word_1_470' title='bbox 527 1818 670 1854; x_wconf 79' lang='grc' dir='ltr'>ἑπομένοις</span> <span class='ocrx_word' id='word_1_471' title='bbox 690 1817 851 1854; x_wconf 76' lang='grc' dir='ltr'><strong>ῥηθήσεται.</strong></span> <span class='ocrx_word' id='word_1_472' title='bbox 868 1816 902 1843; x_wconf 73' lang='lat' dir='ltr'><strong>Et</strong></span> 
     </span>
    </p>
   </div>
   <div class='ocr_carea' id='block_1_68' title="bbox 112 1862 902 1903">
    <p class='ocr_par' dir='ltr' id='par_1_68' title="bbox 112 1862 902 1903">
     <span class='ocr_line' id='line_1_68' title="bbox 112 1862 902 1903; baseline -0.004 -9"><span class='ocrx_word' id='word_1_473' title='bbox 112 1877 140 1894; x_wconf 84' lang='grc' dir='ltr'><strong>τι</strong></span> <span class='ocrx_word' id='word_1_474' title='bbox 153 1867 203 1903; x_wconf 76' lang='grc' dir='ltr'><strong>μὲν</strong></span> <span class='ocrx_word' id='word_1_475' title='bbox 214 1866 262 1894; x_wconf 81' lang='grc' dir='ltr'><strong>οὖν</strong></span> <span class='ocrx_word' id='word_1_476' title='bbox 279 1866 327 1893; x_wconf 81' lang='grc' dir='ltr'>καὶ</span> <span class='ocrx_word' id='word_1_477' title='bbox 339 1865 491 1901; x_wconf 83' lang='grc' dir='ltr'>βαθύτερον</span> <span class='ocrx_word' id='word_1_478' title='bbox 510 1864 629 1892; x_wconf 66' lang='grc' dir='ltr'>ἐνταῦθα</span> <span class='ocrx_word' id='word_1_479' title='bbox 643 1863 757 1899; x_wconf 81' lang='grc' dir='ltr'>θεωρεῖν</span> <span class='ocrx_word' id='word_1_480' title='bbox 776 1862 822 1899; x_wconf 83' lang='grc' dir='ltr'><strong>ἦν,</strong></span> <span class='ocrx_word' id='word_1_481' title='bbox 837 1864 902 1899; x_wconf 77' lang='grc' dir='ltr'>περὶ</span> 
     </span>
    </p>
   </div>
   <div class='ocr_carea' id='block_1_69' title="bbox 113 1909 900 1947">
    <p class='ocr_par' dir='ltr' id='par_1_69' title="bbox 113 1909 900 1947">
     <span class='ocr_line' id='line_1_69' title="bbox 113 1909 900 1947; baseline -0.006 -6"><span class='ocrx_word' id='word_1_482' title='bbox 113 1914 214 1940; x_wconf 79' lang='grc' dir='ltr'>τούτου</span> <span class='ocrx_word' id='word_1_483' title='bbox 241 1913 272 1940; x_wconf 89' lang='grc' dir='ltr'>τό</span> <span class='ocrx_word' id='word_1_484' title='bbox 293 1920 327 1947; x_wconf 79' lang='grc' dir='ltr'><strong>γε</strong></span> <span class='ocrx_word' id='word_1_485' title='bbox 352 1911 401 1939; x_wconf 80' lang='grc' dir='ltr'><strong>νῦν</strong></span> <span class='ocrx_word' id='word_1_486' title='bbox 424 1909 496 1937; x_wconf 74' lang='grc' dir='ltr'>εἶναι</span> <span class='ocrx_word' id='word_1_487' title='bbox 523 1910 724 1946; x_wconf 79' lang='grc' dir='ltr'>παραιτητέον,</span> <span class='ocrx_word' id='word_1_488' title='bbox 747 1909 795 1937; x_wconf 80' lang='grc' dir='ltr'>τοῦ</span> <span class='ocrx_word' id='word_1_489' title='bbox 819 1909 900 1942; x_wconf 78' lang='grc' dir='ltr'>λόγου</span> 
     </span>
    </p>
   </div>
   <div class='ocr_carea' id='block_1_70' title="bbox 113 1954 901 1994">
    <p class='ocr_par' dir='ltr' id='par_1_70' title="bbox 113 1954 901 1994">
     <span class='ocr_line' id='line_1_70' title="bbox 113 1954 901 1994; baseline -0.004 -10"><span class='ocrx_word' id='word_1_490' title='bbox 113 1959 187 1994; x_wconf 80' lang='grc' dir='ltr'>πρὸς</span> <span class='ocrx_word' id='word_1_491' title='bbox 202 1958 301 1994; x_wconf 75' lang='grc' dir='ltr'>ἄνδρας</span> <span class='ocrx_word' id='word_1_492' title='bbox 318 1957 416 1990; x_wconf 72' lang='grc' dir='ltr'>ὄντος,</span> <span class='ocrx_word' id='word_1_493' title='bbox 444 1955 469 1982; x_wconf 72' lang='grc' dir='ltr'>οἱ</span> <span class='ocrx_word' id='word_1_494' title='bbox 499 1955 537 1991; x_wconf 85' lang='grc' dir='ltr'><strong>μὴ</strong></span> <span class='ocrx_word' id='word_1_495' title='bbox 559 1955 704 1990; x_wconf 83' lang='grc' dir='ltr'>δυνάμενοι</span> <span class='ocrx_word' id='word_1_496' title='bbox 729 1954 764 1981; x_wconf 83' lang='grc' dir='ltr'>τὰ</span> <span class='ocrx_word' id='word_1_497' title='bbox 789 1955 822 1981; x_wconf 83' lang='grc' dir='ltr'>ὲκ</span> <span class='ocrx_word' id='word_1_498' title='bbox 846 1954 901 1982; x_wconf 85' lang='grc' dir='ltr'><strong>τῶν</strong></span> 
     </span>
    </p>
   </div>
   <div class='ocr_carea' id='block_1_71' title="bbox 112 2000 901 2039">
    <p class='ocr_par' dir='ltr' id='par_1_71' title="bbox 112 2000 901 2039">
     <span class='ocr_line' id='line_1_71' title="bbox 112 2000 901 2039; baseline -0.005 -9"><span class='ocrx_word' id='word_1_499' title='bbox 112 2004 258 2039; x_wconf 81' lang='grc' dir='ltr'>λογισμῶν</span> <span class='ocrx_word' id='word_1_500' title='bbox 288 2003 434 2035; x_wconf 77' lang='grc' dir='ltr'>συνιέναι,</span> <span class='ocrx_word' id='word_1_501' title='bbox 466 2001 560 2035; x_wconf 87' lang='grc' dir='ltr'>ὥσπερ</span> <span class='ocrx_word' id='word_1_502' title='bbox 589 2001 614 2027; x_wconf 86' lang='grc' dir='ltr'>οι</span> <span class='ocrx_word' id='word_1_503' title='bbox 641 2000 783 2027; x_wconf 78' lang='grc' dir='ltr'>κακόσιτοι</span> <span class='ocrx_word' id='word_1_504' title='bbox 810 2001 901 2027; x_wconf 82' lang='grc' dir='ltr'>πᾶσαν</span> 
     </span>
    </p>
   </div>
   <div class='ocr_carea' id='block_1_72' title="bbox 111 2044 899 2087">
    <p class='ocr_par' dir='ltr' id='par_1_72' title="bbox 111 2044 899 2087">
     <span class='ocr_line' id='line_1_72' title="bbox 111 2044 899 2087; baseline -0.009 -9"><span class='ocrx_word' id='word_1_505' title='bbox 111 2050 232 2087; x_wconf 79' lang='grc' dir='ltr'>τροφὴν,</span> <span class='ocrx_word' id='word_1_506' title='bbox 245 2048 316 2076; x_wconf 75' lang='grc' dir='ltr'>οὕτω</span> <span class='ocrx_word' id='word_1_507' title='bbox 332 2049 380 2076; x_wconf 82' lang='grc' dir='ltr'>καὶ</span> <span class='ocrx_word' id='word_1_508' title='bbox 390 2044 465 2074; x_wconf 72' lang='grc' dir='ltr'>οὗτοι</span> <span class='ocrx_word' id='word_1_509' title='bbox 482 2047 572 2074; x_wconf 80' lang='grc' dir='ltr'>πάντα</span> <span class='ocrx_word' id='word_1_510' title='bbox 584 2045 899 2082; x_wconf 77' lang='grc' dir='ltr'>ἀποστρέφονταιλόγον·</span> 
     </span>
    </p>
   </div>
   <div class='ocr_carea' id='block_1_73' title="bbox 111 2091 898 2127">
    <p class='ocr_par' dir='ltr' id='par_1_73' title="bbox 111 2091 898 2127">
     <span class='ocr_line' id='line_1_73' title="bbox 111 2091 898 2127; baseline -0.011 -2"><span class='ocrx_word' id='word_1_511' title='bbox 111 2099 147 2124; x_wconf 74' lang='grc' dir='ltr'>ὲκ</span> <span class='ocrx_word' id='word_1_512' title='bbox 177 2097 207 2124; x_wconf 68' lang='grc' dir='ltr'>δὲ</span> <span class='ocrx_word' id='word_1_513' title='bbox 233 2096 288 2123; x_wconf 84' lang='grc' dir='ltr'><strong>τῶν</strong></span> <span class='ocrx_word' id='word_1_514' title='bbox 320 2094 488 2121; x_wconf 69' lang='grc' dir='ltr'><strong>διδασκάλων</strong></span> <span class='ocrx_word' id='word_1_515' title='bbox 522 2092 712 2127; x_wconf 77' lang='grc' dir='ltr'><strong>ἐπιχειρητέον</strong></span> <span class='ocrx_word' id='word_1_516' title='bbox 741 2091 779 2126; x_wconf 83' lang='grc' dir='ltr'><strong>τῷ</strong></span> <span class='ocrx_word' id='word_1_517' title='bbox 804 2091 898 2126; x_wconf 82' lang='grc' dir='ltr'>λόγῳ,</span> 
     </span>
    </p>
   </div>
   <div class='ocr_carea' id='block_1_74' title="bbox 1209 1498 1472 1532">
    <p class='ocr_par' dir='ltr' id='par_1_74' title="bbox 1209 1498 1472 1532">
     <span class='ocr_line' id='line_1_74' title="bbox 1209 1498 1472 1532; baseline 0.011 -9"><span class='ocrx_word' id='word_1_518' title='bbox 1209 1498 1284 1524; x_wconf 76' lang='lat' dir='ltr'><strong>aliud</strong></span> <span class='ocrx_word' id='word_1_519' title='bbox 1299 1499 1472 1532; x_wconf 69' lang='lat' dir='ltr'><strong>hypoatasim.</strong></span> 
     </span>
    </p>
   </div>
   <div class='ocr_carea' id='block_1_75' title="bbox 941 1542 1738 1581">
    <p class='ocr_par' dir='ltr' id='par_1_75' title="bbox 941 1542 1738 1581">
     <span class='ocr_line' id='line_1_75' title="bbox 941 1542 1738 1581; baseline 0.008 -12"><span class='ocrx_word' id='word_1_520' title='bbox 941 1557 950 1566; x_wconf 63' lang='grc' dir='ltr'>ι</span> <span class='ocrx_word' id='word_1_521' title='bbox 983 1542 1102 1570; x_wconf 86' lang='lat' dir='ltr'><strong>Necesse</strong></span> <span class='ocrx_word' id='word_1_522' title='bbox 1115 1542 1256 1578; x_wconf 78' lang='lat' dir='ltr'><strong>estigitur</strong></span> <span class='ocrx_word' id='word_1_523' title='bbox 1285 1548 1431 1578; x_wconf 83' lang='lat' dir='ltr'><strong>propterea</strong></span> <span class='ocrx_word' id='word_1_524' title='bbox 1451 1545 1583 1581; x_wconf 85' lang='lat' dir='ltr'><strong>principia</strong></span> <span class='ocrx_word' id='word_1_525' title='bbox 1603 1546 1666 1574; x_wconf 82' lang='lat' dir='ltr'><strong>ﬁdei</strong></span> <span class='ocrx_word' id='word_1_526' title='bbox 1679 1555 1738 1574; x_wconf 57' lang='lat' dir='ltr'><strong>scrc</strong></span> 
     </span>
    </p>
   </div>
   <div class='ocr_carea' id='block_1_76' title="bbox 950 1589 1740 1623">
    <p class='ocr_par' dir='ltr' id='par_1_76' title="bbox 950 1589 1740 1623">
     <span class='ocr_line' id='line_1_76' title="bbox 950 1589 1740 1623; baseline 0.006 -7"><span class='ocrx_word' id='word_1_527' title='bbox 950 1592 1049 1616; x_wconf 80' lang='lat' dir='ltr'><strong>vantcs</strong></span> <span class='ocrx_word' id='word_1_528' title='bbox 1068 1589 1140 1623; x_wconf 68' lang='lat' dir='ltr'><strong>(quae</strong></span> <span class='ocrx_word' id='word_1_529' title='bbox 1158 1589 1239 1616; x_wconf 84' lang='lat' dir='ltr'><strong>docet</strong></span> <span class='ocrx_word' id='word_1_530' title='bbox 1255 1589 1384 1617; x_wconf 85' lang='lat' dir='ltr'><strong>eumdem</strong></span> <span class='ocrx_word' id='word_1_531' title='bbox 1409 1591 1495 1619; x_wconf 86' lang='lat' dir='ltr'><strong>Deum</strong></span> <span class='ocrx_word' id='word_1_532' title='bbox 1519 1601 1602 1620; x_wconf 87' lang='lat' dir='ltr'><strong>unum</strong></span> <span class='ocrx_word' id='word_1_533' title='bbox 1631 1601 1691 1621; x_wconf 77' lang='lat' dir='ltr'><strong>esse</strong></span> <span class='ocrx_word' id='word_1_534' title='bbox 1711 1599 1740 1621; x_wconf 84' lang='lat' dir='ltr'><strong>et</strong></span> 
     </span>
    </p>
   </div>
   <div class='ocr_carea' id='block_1_77' title="bbox 950 1635 1738 1674">
    <p class='ocr_par' dir='ltr' id='par_1_77' title="bbox 950 1635 1738 1674">
     <span class='ocr_line' id='line_1_77' title="bbox 950 1635 1738 1674; baseline 0.006 -12"><span class='ocrx_word' id='word_1_535' title='bbox 950 1635 1215 1667; x_wconf 78' lang='lat' dir='ltr'><strong>triai,subslantiam</strong></span> <span class='ocrx_word' id='word_1_536' title='bbox 1235 1643 1337 1670; x_wconf 83' lang='lat' dir='ltr'><strong>ponere</strong></span> <span class='ocrx_word' id='word_1_537' title='bbox 1355 1644 1416 1664; x_wconf 83' lang='lat' dir='ltr'><strong>esse</strong></span> <span class='ocrx_word' id='word_1_538' title='bbox 1440 1637 1609 1673; x_wconf 85' lang='lat' dir='ltr'><strong>hypostasim</strong></span> <span class='ocrx_word' id='word_1_539' title='bbox 1623 1645 1652 1667; x_wconf 89' lang='lat' dir='ltr'><strong>et</strong></span> <span class='ocrx_word' id='word_1_540' title='bbox 1673 1647 1738 1674; x_wconf 79' lang='lat' dir='ltr'><strong>pro-</strong></span> 
     </span>
    </p>
   </div>
   <div class='ocr_carea' id='block_1_78' title="bbox 950 1681 1741 1719">
    <p class='ocr_par' dir='ltr' id='par_1_78' title="bbox 950 1681 1741 1719">
     <span class='ocr_line' id='line_1_78' title="bbox 950 1681 1741 1719; baseline 0.008 -12"><span class='ocrx_word' id='word_1_541' title='bbox 950 1681 1109 1716; x_wconf 87' lang='lat' dir='ltr'><strong>prietatem,</strong></span> <span class='ocrx_word' id='word_1_542' title='bbox 1124 1682 1202 1716; x_wconf 73' lang='lat' dir='ltr'><strong>juxta</strong></span> <span class='ocrx_word' id='word_1_543' title='bbox 1218 1682 1371 1710; x_wconf 86' lang='lat' dir='ltr'><strong>doctrinam</strong></span> <span class='ocrx_word' id='word_1_544' title='bbox 1395 1683 1596 1719; x_wconf 72' lang='lat' dir='ltr'><strong>theologorum.</strong></span> <span class='ocrx_word' id='word_1_545' title='bbox 1608 1685 1741 1718; x_wconf 80' lang='lat' dir='ltr'><strong>Quamvis</strong></span> 
     </span>
    </p>
   </div>
   <div class='ocr_carea' id='block_1_79' title="bbox 950 1727 1736 1763">
    <p class='ocr_par' dir='ltr' id='par_1_79' title="bbox 950 1727 1736 1763">
     <span class='ocr_line' id='line_1_79' title="bbox 950 1727 1736 1763; baseline 0.008 -11"><span class='ocrx_word' id='word_1_546' title='bbox 950 1727 1099 1753; x_wconf 86' lang='lat' dir='ltr'><strong>secundum</strong></span> <span class='ocrx_word' id='word_1_547' title='bbox 1116 1727 1196 1754; x_wconf 86' lang='lat' dir='ltr'><strong>aliam</strong></span> <span class='ocrx_word' id='word_1_548' title='bbox 1211 1728 1419 1763; x_wconf 76' lang='lat' dir='ltr'><strong>intelligentiam</strong></span> <span class='ocrx_word' id='word_1_549' title='bbox 1439 1738 1535 1758; x_wconf 85' lang='lat' dir='ltr'><strong>rursus</strong></span> <span class='ocrx_word' id='word_1_550' title='bbox 1551 1731 1653 1758; x_wconf 91' lang='lat' dir='ltr'><strong>dictutn</strong></span> <span class='ocrx_word' id='word_1_551' title='bbox 1669 1732 1703 1758; x_wconf 82' lang='lat' dir='ltr'><strong>sit</strong></span> <span class='ocrx_word' id='word_1_552' title='bbox 1722 1740 1736 1758; x_wconf 79' lang='grc' dir='ltr'><strong>ιι</strong></span> 
     </span>
    </p>
   </div>
   <div class='ocr_carea' id='block_1_80' title="bbox 950 1771 1740 1812">
    <p class='ocr_par' dir='ltr' id='par_1_80' title="bbox 950 1771 1740 1812">
     <span class='ocr_line' id='line_1_80' title="bbox 950 1771 1740 1812; baseline 0.009 -14"><span class='ocrx_word' id='word_1_553' title='bbox 950 1771 1107 1800; x_wconf 87' lang='lat' dir='ltr'><strong>doctoribus</strong></span> <span class='ocrx_word' id='word_1_554' title='bbox 1134 1773 1207 1800; x_wconf 91' lang='lat' dir='ltr'><strong>aliud</strong></span> <span class='ocrx_word' id='word_1_555' title='bbox 1224 1781 1285 1801; x_wconf 87' lang='lat' dir='ltr'><strong>esse</strong></span> <span class='ocrx_word' id='word_1_556' title='bbox 1304 1775 1504 1808; x_wconf 83' lang='lat' dir='ltr'><strong>substantiam,</strong></span> <span class='ocrx_word' id='word_1_557' title='bbox 1516 1781 1544 1804; x_wconf 88' lang='lat' dir='ltr'><strong>et</strong></span> <span class='ocrx_word' id='word_1_558' title='bbox 1561 1777 1635 1804; x_wconf 87' lang='lat' dir='ltr'><strong>aliud</strong></span> <span class='ocrx_word' id='word_1_559' title='bbox 1652 1777 1740 1812; x_wconf 76' lang='lat' dir='ltr'><strong>lrypu-</strong></span> 
     </span>
    </p>
   </div>
   <div class='ocr_carea' id='block_1_81' title="bbox 950 1818 1742 1857">
    <p class='ocr_par' dir='ltr' id='par_1_81' title="bbox 950 1818 1742 1857">
     <span class='ocr_line' id='line_1_81' title="bbox 950 1818 1742 1857; baseline 0.006 -13"><span class='ocrx_word' id='word_1_560' title='bbox 950 1818 1056 1851; x_wconf 80' lang='lat' dir='ltr'><strong>stasim,</strong></span> <span class='ocrx_word' id='word_1_561' title='bbox 1071 1826 1160 1852; x_wconf 90' lang='lat' dir='ltr'><strong>quave</strong></span> <span class='ocrx_word' id='word_1_562' title='bbox 1174 1819 1279 1846; x_wconf 82' lang='lat' dir='ltr'><strong>ratione</strong></span> <span class='ocrx_word' id='word_1_563' title='bbox 1293 1824 1442 1856; x_wconf 86' lang='lat' dir='ltr'><strong>utrumque</strong></span> <span class='ocrx_word' id='word_1_564' title='bbox 1455 1821 1513 1848; x_wconf 87' lang='lat' dir='ltr'><strong>tieri</strong></span> <span class='ocrx_word' id='word_1_565' title='bbox 1530 1827 1629 1857; x_wconf 86' lang='lat' dir='ltr'><strong>potest,</strong></span> <span class='ocrx_word' id='word_1_566' title='bbox 1644 1827 1675 1850; x_wconf 90' lang='lat' dir='ltr'><strong>ut</strong></span> <span class='ocrx_word' id='word_1_567' title='bbox 1693 1830 1742 1849; x_wconf 77' lang='lat' dir='ltr'><strong>rc-</strong></span> 
     </span>
    </p>
   </div>
   <div class='ocr_carea' id='block_1_82' title="bbox 951 1861 1736 1903">
    <p class='ocr_par' dir='ltr' id='par_1_82' title="bbox 951 1861 1736 1903">
     <span class='ocr_line' id='line_1_82' title="bbox 951 1861 1736 1903; baseline 0.008 -14"><span class='ocrx_word' id='word_1_568' title='bbox 951 1870 1013 1890; x_wconf 90' lang='lat' dir='ltr'><strong>rutn</strong></span> <span class='ocrx_word' id='word_1_569' title='bbox 1028 1863 1076 1897; x_wconf 82' lang='lat' dir='ltr'><strong>sit,</strong></span> <span class='ocrx_word' id='word_1_570' title='bbox 1089 1863 1116 1890; x_wconf 95' lang='lat' dir='ltr'><strong>in</strong></span> <span class='ocrx_word' id='word_1_571' title='bbox 1133 1865 1369 1899; x_wconf 81' lang='lat' dir='ltr'><strong>consequentibus</strong></span> <span class='ocrx_word' id='word_1_572' title='bbox 1385 1866 1504 1894; x_wconf 91' lang='lat' dir='ltr'><strong>dicetur.</strong></span> <span class='ocrx_word' id='word_1_573' title='bbox 1522 1867 1549 1895; x_wconf 90' lang='lat' dir='ltr'><strong>Si</strong></span> <span class='ocrx_word' id='word_1_574' title='bbox 1567 1861 1633 1902; x_wconf 84' lang='lat' dir='ltr'><strong>quid</strong></span> <span class='ocrx_word' id='word_1_575' title='bbox 1653 1868 1736 1903; x_wconf 67' lang='lat' dir='ltr'><strong>igitur</strong></span> 
     </span>
    </p>
   </div>
   <div class='ocr_carea' id='block_1_83' title="bbox 950 1909 1738 1949">
    <p class='ocr_par' dir='ltr' id='par_1_83' title="bbox 950 1909 1738 1949">
     <span class='ocr_line' id='line_1_83' title="bbox 950 1909 1738 1949; baseline 0.005 -12"><span class='ocrx_word' id='word_1_576' title='bbox 950 1913 978 1937; x_wconf 86' lang='lat' dir='ltr'><strong>et</strong></span> <span class='ocrx_word' id='word_1_577' title='bbox 996 1909 1078 1937; x_wconf 81' lang='lat' dir='ltr'><strong>altius</strong></span> <span class='ocrx_word' id='word_1_578' title='bbox 1091 1910 1137 1937; x_wconf 89' lang='lat' dir='ltr'><strong>hic</strong></span> <span class='ocrx_word' id='word_1_579' title='bbox 1159 1914 1218 1938; x_wconf 89' lang='lat' dir='ltr'><strong>erat</strong></span> <span class='ocrx_word' id='word_1_580' title='bbox 1239 1911 1480 1945; x_wconf 86' lang='lat' dir='ltr'><strong>considerandum,</strong></span> <span class='ocrx_word' id='word_1_581' title='bbox 1497 1913 1531 1940; x_wconf 90' lang='lat' dir='ltr'><strong>de</strong></span> <span class='ocrx_word' id='word_1_582' title='bbox 1549 1913 1602 1941; x_wconf 87' lang='lat' dir='ltr'><strong>hoc</strong></span> <span class='ocrx_word' id='word_1_583' title='bbox 1616 1913 1642 1941; x_wconf 90' lang='lat' dir='ltr'><strong>in</strong></span> <span class='ocrx_word' id='word_1_584' title='bbox 1666 1922 1738 1949; x_wconf 68' lang='lat' dir='ltr'><strong>prat-</strong></span> 
     </span>
    </p>
   </div>
   <div class='ocr_carea' id='block_1_84' title="bbox 951 1955 1741 1992">
    <p class='ocr_par' dir='ltr' id='par_1_84' title="bbox 951 1955 1741 1992">
     <span class='ocr_line' id='line_1_84' title="bbox 951 1955 1741 1992; baseline 0.005 -10"><span class='ocrx_word' id='word_1_585' title='bbox 951 1956 1042 1983; x_wconf 79' lang='lat' dir='ltr'><strong>sentia</strong></span> <span class='ocrx_word' id='word_1_586' title='bbox 1054 1955 1203 1989; x_wconf 86' lang='lat' dir='ltr'><strong>disserere,</strong></span> <span class='ocrx_word' id='word_1_587' title='bbox 1219 1957 1484 1991; x_wconf 60' lang='lat' dir='ltr'><strong>pratermittendum</strong></span> <span class='ocrx_word' id='word_1_588' title='bbox 1498 1962 1551 1992; x_wconf 90' lang='lat' dir='ltr'><strong>est,</strong></span> <span class='ocrx_word' id='word_1_589' title='bbox 1566 1967 1628 1986; x_wconf 90' lang='lat' dir='ltr'><strong>cum</strong></span> <span class='ocrx_word' id='word_1_590' title='bbox 1645 1967 1741 1986; x_wconf 80' lang='lat' dir='ltr'><strong>sermo</strong></span> 
     </span>
    </p>
   </div>
   <div class='ocr_carea' id='block_1_85' title="bbox 951 2000 1736 2039">
    <p class='ocr_par' dir='ltr' id='par_1_85' title="bbox 951 2000 1736 2039">
     <span class='ocr_line' id='line_1_85' title="bbox 951 2000 1736 2039; baseline 0.005 -12"><span class='ocrx_word' id='word_1_591' title='bbox 951 2000 987 2028; x_wconf 89' lang='lat' dir='ltr'><strong>sit</strong></span> <span class='ocrx_word' id='word_1_592' title='bbox 1012 2000 1045 2028; x_wconf 90' lang='lat' dir='ltr'><strong>ad</strong></span> <span class='ocrx_word' id='word_1_593' title='bbox 1072 2000 1210 2034; x_wconf 84' lang='lat' dir='ltr'><strong>homines,</strong></span> <span class='ocrx_word' id='word_1_594' title='bbox 1230 2002 1277 2037; x_wconf 92' lang='lat' dir='ltr'><strong>qui</strong></span> <span class='ocrx_word' id='word_1_595' title='bbox 1310 2003 1423 2030; x_wconf 89' lang='lat' dir='ltr'><strong>minime</strong></span> <span class='ocrx_word' id='word_1_596' title='bbox 1451 2004 1595 2039; x_wconf 81' lang='lat' dir='ltr'><strong>percipere</strong></span> <span class='ocrx_word' id='word_1_597' title='bbox 1616 2005 1736 2035; x_wconf 80' lang='lat' dir='ltr'><strong>valeant.</strong></span> 
     </span>
    </p>
   </div>
   <div class='ocr_carea' id='block_1_86' title="bbox 952 2046 1741 2083">
    <p class='ocr_par' dir='ltr' id='par_1_86' title="bbox 952 2046 1741 2083">
     <span class='ocr_line' id='line_1_86' title="bbox 952 2046 1741 2083; baseline 0.006 -12"><span class='ocrx_word' id='word_1_598' title='bbox 952 2052 1013 2079; x_wconf 71' lang='lat' dir='ltr'><strong>quae</strong></span> <span class='ocrx_word' id='word_1_599' title='bbox 1035 2049 1100 2072; x_wconf 86' lang='lat' dir='ltr'><strong>sunt</strong></span> <span class='ocrx_word' id='word_1_600' title='bbox 1125 2046 1385 2081; x_wconf 86' lang='lat' dir='ltr'><strong>ratiocinationum,</strong></span> <span class='ocrx_word' id='word_1_601' title='bbox 1411 2048 1642 2083; x_wconf 85' lang='lat' dir='ltr'><strong>quemadmodum</strong></span> <span class='ocrx_word' id='word_1_602' title='bbox 1668 2050 1741 2076; x_wconf 74' lang='lat' dir='ltr'><strong>male</strong></span> 
     </span>
    </p>
   </div>
   <div class='ocr_carea' id='block_1_87' title="bbox 952 2091 1741 2127">
    <p class='ocr_par' dir='ltr' id='par_1_87' title="bbox 952 2091 1741 2127">
     <span class='ocr_line' id='line_1_87' title="bbox 952 2091 1741 2127; baseline 0.005 -9"><span class='ocrx_word' id='word_1_603' title='bbox 952 2091 1050 2119; x_wconf 89' lang='lat' dir='ltr'><strong>nutriti</strong></span> <span class='ocrx_word' id='word_1_604' title='bbox 1079 2091 1222 2119; x_wconf 81' lang='lat' dir='ltr'><strong>fastidiunt</strong></span> <span class='ocrx_word' id='word_1_605' title='bbox 1248 2100 1359 2120; x_wconf 90' lang='lat' dir='ltr'><strong>omnem</strong></span> <span class='ocrx_word' id='word_1_606' title='bbox 1387 2094 1495 2127; x_wconf 90' lang='lat' dir='ltr'><strong>cibum;</strong></span> <span class='ocrx_word' id='word_1_607' title='bbox 1519 2095 1560 2122; x_wconf 85' lang='lat' dir='ltr'><strong>sic</strong></span> <span class='ocrx_word' id='word_1_608' title='bbox 1584 2095 1666 2122; x_wconf 90' lang='lat' dir='ltr'><strong>etiam</strong></span> <span class='ocrx_word' id='word_1_609' title='bbox 1693 2095 1741 2122; x_wconf 76' lang='lat' dir='ltr'><strong>isti</strong></span> 
     </span>
    </p>
   </div>
   <div class='ocr_carea' id='block_1_88' title="bbox 111 2135 898 2179">
    <p class='ocr_par' dir='ltr' id='par_1_88' title="bbox 111 2135 898 2179">
     <span class='ocr_line' id='line_1_88' title="bbox 111 2135 898 2179; baseline -0.009 -9"><span class='ocrx_word' id='word_1_610' title='bbox 111 2142 255 2179; x_wconf 72' lang='grc' dir='ltr'>σαφηνείᾳ</span> <span class='ocrx_word' id='word_1_611' title='bbox 270 2140 422 2177; x_wconf 82' lang='grc' dir='ltr'>χρωμένοις</span> <span class='ocrx_word' id='word_1_612' title='bbox 438 2140 500 2166; x_wconf 78' lang='grc' dir='ltr'>ὅσον</span> <span class='ocrx_word' id='word_1_613' title='bbox 514 2135 570 2165; x_wconf 79' lang='grc' dir='ltr'>οἷόν</span> <span class='ocrx_word' id='word_1_614' title='bbox 582 2146 623 2165; x_wconf 87' lang='grc' dir='ltr'><strong>τε.</strong></span> <span class='ocrx_word' id='word_1_615' title='bbox 640 2138 695 2164; x_wconf 75' lang='grc' dir='ltr'><strong>Καὶ</strong></span> <span class='ocrx_word' id='word_1_616' title='bbox 709 2137 817 2173; x_wconf 83' lang='grc' dir='ltr'>πρῶτον</span> <span class='ocrx_word' id='word_1_617' title='bbox 831 2136 898 2164; x_wconf 84' lang='grc' dir='ltr'>κατὰ</span> 
     </span>
    </p>
   </div>
   <div class='ocr_carea' id='block_1_89' title="bbox 950 2135 1740 2179">
    <p class='ocr_par' dir='ltr' id='par_1_89' title="bbox 953 2139 1740 2168">
     <span class='ocr_line' id='line_1_89' title="bbox 953 2139 1740 2168; baseline 0.005 -5"><span class='ocrx_word' id='word_1_618' title='bbox 953 2144 1062 2164; x_wconf 90' lang='lat' dir='ltr'><strong>omnem</strong></span> <span class='ocrx_word' id='word_1_619' title='bbox 1081 2141 1246 2165; x_wconf 72' lang='lat' dir='ltr'><strong>aversantur</strong></span> <span class='ocrx_word' id='word_1_620' title='bbox 1263 2139 1409 2166; x_wconf 88' lang='lat' dir='ltr'><strong>rationem.</strong></span> <span class='ocrx_word' id='word_1_621' title='bbox 1433 2140 1457 2166; x_wconf 82' lang='grc' dir='ltr'><strong>Δ</strong></span> <span class='ocrx_word' id='word_1_622' title='bbox 1470 2139 1630 2168; x_wconf 87' lang='lat' dir='ltr'><strong>doctoribus</strong></span> <span class='ocrx_word' id='word_1_623' title='bbox 1645 2146 1740 2168; x_wconf 83' lang='lat' dir='ltr'><strong>autem</strong></span> 
     </span>
    </p>
   </div>
   <div class='ocr_carea' id='block_1_90' title="bbox 108 2183 901 2224">
    <p class='ocr_par' dir='ltr' id='par_1_90' title="bbox 108 2183 901 2224">
     <span class='ocr_line' id='line_1_90' title="bbox 108 2183 901 2224; baseline -0.009 -8"><span class='ocrx_word' id='word_1_624' title='bbox 108 2189 176 2216; x_wconf 86' lang='grc' dir='ltr'>τίνα</span> <span class='ocrx_word' id='word_1_625' title='bbox 194 2189 244 2224; x_wconf 77' lang='grc' dir='ltr'><strong>τὴν</strong></span> <span class='ocrx_word' id='word_1_626' title='bbox 270 2187 376 2214; x_wconf 68' lang='grc' dir='ltr'>ἔννοιαν</span> <span class='ocrx_word' id='word_1_627' title='bbox 400 2185 465 2213; x_wconf 79' lang='grc' dir='ltr'>ἄλλο</span> <span class='ocrx_word' id='word_1_628' title='bbox 481 2185 579 2212; x_wconf 83' lang='grc' dir='ltr'>οὐσίαν</span> <span class='ocrx_word' id='word_1_629' title='bbox 597 2184 645 2210; x_wconf 83' lang='grc' dir='ltr'>καὶ</span> <span class='ocrx_word' id='word_1_630' title='bbox 668 2183 733 2211; x_wconf 81' lang='grc' dir='ltr'>ἄλλο</span> <span class='ocrx_word' id='word_1_631' title='bbox 753 2183 901 2210; x_wconf 79' lang='grc' dir='ltr'>ὑπόστασιν</span> 
     </span>
    </p>
   </div>
   <div class='ocr_carea' id='block_1_91' title="bbox 107 2228 901 2269">
    <p class='ocr_par' dir='ltr' id='par_1_91' title="bbox 107 2228 901 2269">
     <span class='ocr_line' id='line_1_91' title="bbox 107 2228 901 2269; baseline -0.008 -7"><span class='ocrx_word' id='word_1_632' title='bbox 107 2236 135 2262; x_wconf 68' lang='lat' dir='ltr'><strong>oi</strong></span> <span class='ocrx_word' id='word_1_633' title='bbox 154 2234 281 2269; x_wconf 87' lang='grc' dir='ltr'>θεολόγοι</span> <span class='ocrx_word' id='word_1_634' title='bbox 301 2232 378 2267; x_wconf 82' lang='grc' dir='ltr'>φασί·</span> <span class='ocrx_word' id='word_1_635' title='bbox 394 2231 533 2267; x_wconf 82' lang='grc' dir='ltr'>δεύτερον,</span> <span class='ocrx_word' id='word_1_636' title='bbox 558 2230 632 2261; x_wconf 85' lang='grc' dir='ltr'>ὅπως</span> <span class='ocrx_word' id='word_1_637' title='bbox 659 2229 750 2263; x_wconf 79' lang='grc' dir='ltr'>οὐσία,</span> <span class='ocrx_word' id='word_1_638' title='bbox 763 2229 810 2256; x_wconf 84' lang='grc' dir='ltr'>καὶ</span> <span class='ocrx_word' id='word_1_639' title='bbox 832 2228 901 2256; x_wconf 81' lang='grc' dir='ltr'>ὑπό-</span> 
     </span>
    </p>
   </div>
   <div class='ocr_carea' id='block_1_92' title="bbox 109 2275 901 2315">
    <p class='ocr_par' dir='ltr' id='par_1_92' title="bbox 109 2275 901 2315">
     <span class='ocr_line' id='line_1_92' title="bbox 109 2275 901 2315; baseline -0.009 -6"><span class='ocrx_word' id='word_1_640' title='bbox 109 2290 223 2314; x_wconf 82' lang='grc' dir='ltr'>στασις,</span> <span class='ocrx_word' id='word_1_641' title='bbox 244 2281 291 2308; x_wconf 85' lang='grc' dir='ltr'>καὶ</span> <span class='ocrx_word' id='word_1_642' title='bbox 308 2280 410 2315; x_wconf 78' lang='grc' dir='ltr'>ἰδιότης</span> <span class='ocrx_word' id='word_1_643' title='bbox 423 2279 470 2306; x_wconf 76' lang='grc' dir='ltr'><strong>ἐπὶ</strong></span> <span class='ocrx_word' id='word_1_644' title='bbox 489 2277 558 2304; x_wconf 80' lang='grc' dir='ltr'>Θεοῦ</span> <span class='ocrx_word' id='word_1_645' title='bbox 583 2277 683 2303; x_wconf 83' lang='grc' dir='ltr'>ταύτόν</span> <span class='ocrx_word' id='word_1_646' title='bbox 697 2277 766 2304; x_wconf 74' lang='grc' dir='ltr'>ἐστι.</span> <span class='ocrx_word' id='word_1_647' title='bbox 788 2275 901 2310; x_wconf 75' lang='grc' dir='ltr'>Ῥητέον</span> 
     </span>
    </p>
   </div>
   <div class='ocr_carea' id='block_1_93' title="bbox 108 2322 902 2365">
    <p class='ocr_par' dir='ltr' id='par_1_93' title="bbox 108 2322 902 2365">
     <span class='ocr_line' id='line_1_93' title="bbox 108 2322 902 2365; baseline -0.011 -9"><span class='ocrx_word' id='word_1_648' title='bbox 108 2327 352 2365; x_wconf 77' lang='grc' dir='ltr'>προσαλλομένοις</span> <span class='ocrx_word' id='word_1_649' title='bbox 370 2327 384 2353; x_wconf 87' lang='grc' dir='ltr'><strong>ὅ</strong></span> <span class='ocrx_word' id='word_1_650' title='bbox 402 2334 484 2361; x_wconf 85' lang='grc' dir='ltr'>φησιν</span> <span class='ocrx_word' id='word_1_651' title='bbox 500 2325 514 2351; x_wconf 83' lang='grc' dir='ltr'><strong>ὁ</strong></span> <span class='ocrx_word' id='word_1_652' title='bbox 529 2324 615 2360; x_wconf 81' lang='grc' dir='ltr'>μέγας</span> <span class='ocrx_word' id='word_1_653' title='bbox 638 2323 776 2353; x_wconf 84' lang='grc' dir='ltr'>Βασίλειος</span> <span class='ocrx_word' id='word_1_654' title='bbox 792 2322 821 2348; x_wconf 75' lang='grc' dir='ltr'><strong>ἐν</strong></span> <span class='ocrx_word' id='word_1_655' title='bbox 841 2322 902 2348; x_wconf 72' lang='grc' dir='ltr'>ἑπι-</span> 
     </span>
    </p>
   </div>
   <div class='ocr_carea' id='block_1_94' title="bbox 109 2368 900 2410">
    <p class='ocr_par' dir='ltr' id='par_1_94' title="bbox 109 2368 900 2410">
     <span class='ocr_line' id='line_1_94' title="bbox 109 2368 900 2410; baseline -0.011 -8"><span class='ocrx_word' id='word_1_656' title='bbox 109 2375 201 2410; x_wconf 74' lang='grc' dir='ltr'>στολῇ</span> <span class='ocrx_word' id='word_1_657' title='bbox 223 2375 257 2409; x_wconf 78' lang='grc' dir='ltr'>τῇ</span> <span class='ocrx_word' id='word_1_658' title='bbox 282 2372 346 2408; x_wconf 82' lang='grc' dir='ltr'>περὶ</span> <span class='ocrx_word' id='word_1_659' title='bbox 362 2371 494 2406; x_wconf 78' lang='grc' dir='ltr'>διαφορᾶς</span> <span class='ocrx_word' id='word_1_660' title='bbox 516 2370 609 2401; x_wconf 79' lang='grc' dir='ltr'>οὐσίας</span> <span class='ocrx_word' id='word_1_661' title='bbox 636 2369 684 2396; x_wconf 78' lang='grc' dir='ltr'>καὶ</span> <span class='ocrx_word' id='word_1_662' title='bbox 711 2368 900 2399; x_wconf 77' lang='grc' dir='ltr'>ὑποστάσεωςο</span> 
     </span>
    </p>
   </div>
   <div class='ocr_carea' id='block_1_95' title="bbox 106 2411 902 2452">
    <p class='ocr_par' dir='ltr' id='par_1_95' title="bbox 106 2411 902 2452">
     <span class='ocr_line' id='line_1_95' title="bbox 106 2411 902 2452; baseline -0.013 -5"><span class='ocrx_word' id='word_1_663' title='bbox 106 2420 152 2452; x_wconf 76' lang='grc' dir='ltr'>ὥς</span> <span class='ocrx_word' id='word_1_664' title='bbox 168 2419 202 2446; x_wconf 82' lang='grc' dir='ltr'><strong>ὃν</strong></span> <span class='ocrx_word' id='word_1_665' title='bbox 220 2418 299 2452; x_wconf 89' lang='grc' dir='ltr'>λόγον</span> <span class='ocrx_word' id='word_1_666' title='bbox 322 2418 380 2452; x_wconf 79' lang='grc' dir='ltr'>ἔχει</span> <span class='ocrx_word' id='word_1_667' title='bbox 405 2416 436 2443; x_wconf 78' lang='grc' dir='ltr'><strong>τὸ</strong></span> <span class='ocrx_word' id='word_1_668' title='bbox 452 2415 543 2442; x_wconf 80' lang='grc' dir='ltr'>κοινὸν</span> <span class='ocrx_word' id='word_1_669' title='bbox 562 2414 630 2449; x_wconf 76' lang='grc' dir='ltr'>πρδς</span> <span class='ocrx_word' id='word_1_670' title='bbox 656 2413 687 2439; x_wconf 78' lang='grc' dir='ltr'>τὸ</span> <span class='ocrx_word' id='word_1_671' title='bbox 714 2412 790 2444; x_wconf 76' lang='grc' dir='ltr'>ἴδιον,</span> <span class='ocrx_word' id='word_1_672' title='bbox 806 2411 902 2438; x_wconf 82' lang='grc' dir='ltr'>τοῦτον</span> 
     </span>
    </p>
   </div>
   <div class='ocr_carea' id='block_1_96' title="bbox 105 2457 900 2501">
    <p class='ocr_par' dir='ltr' id='par_1_96' title="bbox 105 2457 900 2501">
     <span class='ocr_line' id='line_1_96' title="bbox 105 2457 900 2501; baseline -0.013 -9"><span class='ocrx_word' id='word_1_673' title='bbox 105 2466 173 2501; x_wconf 73' lang='grc' dir='ltr'>ἔχει</span> <span class='ocrx_word' id='word_1_674' title='bbox 194 2465 212 2501; x_wconf 85' lang='grc' dir='ltr'><strong>ή</strong></span> <span class='ocrx_word' id='word_1_675' title='bbox 234 2464 314 2491; x_wconf 81' lang='grc' dir='ltr'>οὐσία</span> <span class='ocrx_word' id='word_1_676' title='bbox 334 2462 404 2499; x_wconf 78' lang='grc' dir='ltr'>πρὸς</span> <span class='ocrx_word' id='word_1_677' title='bbox 423 2462 472 2497; x_wconf 78' lang='grc' dir='ltr'><strong>τὴν</strong></span> <span class='ocrx_word' id='word_1_678' title='bbox 490 2460 653 2488; x_wconf 81' lang='grc' dir='ltr'>ὑπόστασιν.</span> <span class='ocrx_word' id='word_1_679' title='bbox 669 2457 724 2493; x_wconf 83' lang='grc' dir='ltr'><strong>Τὴν</strong></span> <span class='ocrx_word' id='word_1_680' title='bbox 737 2457 765 2484; x_wconf 83' lang='grc' dir='ltr'>δὲ</span> <span class='ocrx_word' id='word_1_681' title='bbox 781 2457 900 2483; x_wconf 84' lang='grc' dir='ltr'>ὑπόστα-</span> 
     </span>
    </p>
   </div>
   <div class='ocr_carea' id='block_1_97' title="bbox 106 2502 902 2545">
    <p class='ocr_par' dir='ltr' id='par_1_97' title="bbox 106 2502 902 2545">
     <span class='ocr_line' id='line_1_97' title="bbox 106 2502 902 2545; baseline -0.011 -7"><span class='ocrx_word' id='word_1_682' title='bbox 106 2520 158 2538; x_wconf 86' lang='grc' dir='ltr'><strong>σιν</strong></span> <span class='ocrx_word' id='word_1_683' title='bbox 177 2510 194 2536; x_wconf 79' lang='grc' dir='ltr'><strong>ό</strong></span> <span class='ocrx_word' id='word_1_684' title='bbox 217 2508 398 2545; x_wconf 82' lang='grc' dir='ltr'>Δαμασκηνὸς</span> <span class='ocrx_word' id='word_1_685' title='bbox 423 2506 585 2542; x_wconf 76' lang='grc' dir='ltr'>ὁριζόμενος</span> <span class='ocrx_word' id='word_1_686' title='bbox 608 2504 671 2540; x_wconf 68' lang='grc' dir='ltr'>ἔφη,</span> <span class='ocrx_word' id='word_1_687' title='bbox 693 2513 702 2530; x_wconf 81' lang='grc' dir='ltr'><strong>ι</strong></span> <span class='ocrx_word' id='word_1_688' title='bbox 735 2502 902 2534; x_wconf 77' lang='grc' dir='ltr'>’Υπόστασίς</span> 
     </span>
    </p>
   </div>
   <div class='ocr_carea' id='block_1_98' title="bbox 102 2549 899 2590">
    <p class='ocr_par' dir='ltr' id='par_1_98' title="bbox 102 2549 899 2590">
     <span class='ocr_line' id='line_1_98' title="bbox 102 2549 899 2590; baseline -0.011 -6"><span class='ocrx_word' id='word_1_689' title='bbox 102 2557 174 2583; x_wconf 61' lang='grc' dir='ltr'>ἔστι</span> <span class='ocrx_word' id='word_1_690' title='bbox 196 2556 228 2583; x_wconf 79' lang='grc' dir='ltr'>τὸ</span> <span class='ocrx_word' id='word_1_691' title='bbox 246 2555 335 2583; x_wconf 78' lang='grc' dir='ltr'>κοινὸν</span> <span class='ocrx_word' id='word_1_692' title='bbox 355 2554 423 2590; x_wconf 77' lang='grc' dir='ltr'>μετὰ</span> <span class='ocrx_word' id='word_1_693' title='bbox 443 2552 491 2580; x_wconf 81' lang='grc' dir='ltr'><strong>τοῦ</strong></span> <span class='ocrx_word' id='word_1_694' title='bbox 521 2551 679 2584; x_wconf 72' lang='grc' dir='ltr'>ίδιάζοντος.</span> <span class='ocrx_word' id='word_1_695' title='bbox 699 2559 710 2577; x_wconf 73' lang='grc' dir='ltr'><strong>ι</strong></span> <span class='ocrx_word' id='word_1_696' title='bbox 730 2550 762 2576; x_wconf 86' lang='grc' dir='ltr'>Τί</span> <span class='ocrx_word' id='word_1_697' title='bbox 778 2550 806 2576; x_wconf 73' lang='grc' dir='ltr'>δὲ</span> <span class='ocrx_word' id='word_1_698' title='bbox 831 2549 899 2575; x_wconf 76' lang='grc' dir='ltr'><strong>αὐτὸ</strong></span> 
     </span>
    </p>
   </div>
   <div class='ocr_carea' id='block_1_99' title="bbox 101 2593 902 2634">
    <p class='ocr_par' dir='ltr' id='par_1_99' title="bbox 101 2593 902 2634">
     <span class='ocr_line' id='line_1_99' title="bbox 101 2593 902 2634; baseline -0.012 -5"><span class='ocrx_word' id='word_1_699' title='bbox 101 2602 140 2628; x_wconf 81' lang='grc' dir='ltr'><strong>τὸ</strong></span> <span class='ocrx_word' id='word_1_700' title='bbox 161 2601 256 2628; x_wconf 74' lang='grc' dir='ltr'>κοινὸν</span> <span class='ocrx_word' id='word_1_701' title='bbox 284 2601 377 2631; x_wconf 79' lang='grc' dir='ltr'>αὐτοῖς</span> <span class='ocrx_word' id='word_1_702' title='bbox 405 2598 542 2634; x_wconf 85' lang='grc' dir='ltr'>βούλεται,</span> <span class='ocrx_word' id='word_1_703' title='bbox 559 2596 690 2632; x_wconf 74' lang='grc' dir='ltr'>ἐμφανῶς</span> <span class='ocrx_word' id='word_1_704' title='bbox 705 2593 783 2626; x_wconf 76' lang='grc' dir='ltr'>αὖθις</span> <span class='ocrx_word' id='word_1_705' title='bbox 797 2596 810 2620; x_wconf 79' lang='grc' dir='ltr'><strong>ὁ</strong></span> <span class='ocrx_word' id='word_1_706' title='bbox 832 2594 902 2626; x_wconf 71' lang='lat' dir='ltr'><strong>Oeta;</strong></span> 
     </span>
    </p>
   </div>
   <div class='ocr_carea' id='block_1_100' title="bbox 100 2640 898 2681">
    <p class='ocr_par' dir='ltr' id='par_1_100' title="bbox 100 2640 898 2681">
     <span class='ocr_line' id='line_1_100' title="bbox 100 2640 898 2681; baseline -0.011 -7"><span class='ocrx_word' id='word_1_707' title='bbox 100 2647 256 2678; x_wconf 74' lang='grc' dir='ltr'>Βασίλειος</span> <span class='ocrx_word' id='word_1_708' title='bbox 275 2646 305 2673; x_wconf 79' lang='grc' dir='ltr'><strong>ὲν</strong></span> <span class='ocrx_word' id='word_1_709' title='bbox 322 2647 355 2681; x_wconf 81' lang='grc' dir='ltr'><strong>τῇ</strong></span> <span class='ocrx_word' id='word_1_710' title='bbox 380 2646 449 2681; x_wconf 75' lang='grc' dir='ltr'>πρὸς</span> <span class='ocrx_word' id='word_1_711' title='bbox 465 2644 512 2671; x_wconf 88' lang='grc' dir='ltr'>τδν</span> <span class='ocrx_word' id='word_1_712' title='bbox 536 2642 649 2676; x_wconf 77' lang='grc' dir='ltr'>ἀδελφὸν</span> <span class='ocrx_word' id='word_1_713' title='bbox 668 2640 820 2677; x_wconf 81' lang='grc' dir='ltr'>Γρηγόριον</span> <span class='ocrx_word' id='word_1_714' title='bbox 835 2642 898 2667; x_wconf 76' lang='grc' dir='ltr'>επι-</span> 
     </span>
    </p>
   </div>
   <div class='ocr_carea' id='block_1_101' title="bbox 100 2686 901 2728">
    <p class='ocr_par' dir='ltr' id='par_1_101' title="bbox 100 2686 901 2728">
     <span class='ocr_line' id='line_1_101' title="bbox 100 2686 901 2728; baseline -0.011 -8"><span class='ocrx_word' id='word_1_715' title='bbox 100 2692 200 2728; x_wconf 74' lang='grc' dir='ltr'>στολῇ</span> <span class='ocrx_word' id='word_1_716' title='bbox 217 2692 410 2727; x_wconf 80' lang='grc' dir='ltr'>παραδέδωκεν</span> <span class='ocrx_word' id='word_1_717' title='bbox 435 2689 537 2717; x_wconf 84' lang='grc' dir='ltr'>ειπών·</span> <span class='ocrx_word' id='word_1_718' title='bbox 558 2697 567 2714; x_wconf 83' lang='grc' dir='ltr'><strong>ι</strong></span> <span class='ocrx_word' id='word_1_719' title='bbox 594 2688 627 2714; x_wconf 80' lang='grc' dir='ltr'>Ἢ</span> <span class='ocrx_word' id='word_1_720' title='bbox 644 2687 695 2722; x_wconf 76' lang='grc' dir='ltr'><strong>μὲν</strong></span> <span class='ocrx_word' id='word_1_721' title='bbox 713 2686 837 2721; x_wconf 84' lang='grc' dir='ltr'>κοινότης</span> <span class='ocrx_word' id='word_1_722' title='bbox 861 2686 901 2717; x_wconf 84' lang='grc' dir='ltr'><strong>εις</strong></span> 
     </span>
    </p>
   </div>
   <div class='ocr_carea' id='block_1_102' title="bbox 96 2732 902 2774">
    <p class='ocr_par' dir='ltr' id='par_1_102' title="bbox 96 2732 902 2774">
     <span class='ocr_line' id='line_1_102' title="bbox 96 2732 902 2774; baseline -0.01 -9"><span class='ocrx_word' id='word_1_723' title='bbox 96 2738 163 2774; x_wconf 78' lang='grc' dir='ltr'><strong>τὴν</strong></span> <span class='ocrx_word' id='word_1_724' title='bbox 181 2738 278 2765; x_wconf 80' lang='grc' dir='ltr'>οὐσίαν</span> <span class='ocrx_word' id='word_1_725' title='bbox 295 2738 448 2772; x_wconf 65' lang='grc' dir='ltr'>ἀνάγεταιθ</span> <span class='ocrx_word' id='word_1_726' title='bbox 473 2737 490 2771; x_wconf 80' lang='grc' dir='ltr'><strong>ἡ</strong></span> <span class='ocrx_word' id='word_1_727' title='bbox 513 2735 541 2761; x_wconf 70' lang='grc' dir='ltr'>δὲ</span> <span class='ocrx_word' id='word_1_728' title='bbox 566 2734 716 2765; x_wconf 73' lang='grc' dir='ltr'>ὑπόστασις</span> <span class='ocrx_word' id='word_1_729' title='bbox 743 2733 773 2759; x_wconf 91' lang='grc' dir='ltr'><strong>τδ</strong></span> <span class='ocrx_word' id='word_1_730' title='bbox 800 2732 902 2764; x_wconf 69' lang='grc' dir='ltr'><strong>ἰδιάζον</strong></span> 
     </span>
    </p>
   </div>
   <div class='ocr_carea' id='block_1_103' title="bbox 96 2776 902 2820">
    <p class='ocr_par' dir='ltr' id='par_1_103' title="bbox 96 2776 902 2820">
     <span class='ocr_line' id='line_1_103' title="bbox 96 2776 902 2820; baseline -0.011 -8"><span class='ocrx_word' id='word_1_731' title='bbox 96 2784 234 2812; x_wconf 74' lang='grc' dir='ltr'>ἑκάστου</span> <span class='ocrx_word' id='word_1_732' title='bbox 252 2783 367 2820; x_wconf 78' lang='grc' dir='ltr'>σημεῖόν</span> <span class='ocrx_word' id='word_1_733' title='bbox 387 2783 456 2810; x_wconf 61' lang='grc' dir='ltr'>ἔστι.</span> <span class='ocrx_word' id='word_1_734' title='bbox 480 2791 490 2808; x_wconf 79' lang='grc' dir='ltr'><strong>ι</strong></span> <span class='ocrx_word' id='word_1_735' title='bbox 510 2779 595 2813; x_wconf 79' lang='grc' dir='ltr'>Δῆλον</span> <span class='ocrx_word' id='word_1_736' title='bbox 618 2779 665 2807; x_wconf 84' lang='grc' dir='ltr'><strong>οὖν</strong></span> <span class='ocrx_word' id='word_1_737' title='bbox 689 2779 721 2806; x_wconf 70' lang='grc' dir='ltr'><strong>έκ</strong></span> <span class='ocrx_word' id='word_1_738' title='bbox 736 2777 849 2810; x_wconf 86' lang='grc' dir='ltr'><strong>τούτων,</strong></span> <span class='ocrx_word' id='word_1_739' title='bbox 863 2776 902 2809; x_wconf 84' lang='grc' dir='ltr'><strong>ὡς</strong></span> 
     </span>
    </p>
   </div>
   <div class='ocr_carea' id='block_1_104' title="bbox 97 2823 899 2867">
    <p class='ocr_par' dir='ltr' id='par_1_104' title="bbox 97 2823 899 2867">
     <span class='ocr_line' id='line_1_104' title="bbox 97 2823 899 2867; baseline -0.009 -9"><span class='ocrx_word' id='word_1_740' title='bbox 97 2830 138 2858; x_wconf 75' lang='grc' dir='ltr'>τὸ</span> <span class='ocrx_word' id='word_1_741' title='bbox 159 2830 216 2867; x_wconf 68' lang='grc' dir='ltr'><strong>μὲν</strong></span> <span class='ocrx_word' id='word_1_742' title='bbox 239 2830 331 2858; x_wconf 71' lang='grc' dir='ltr'>κοινὸν</span> <span class='ocrx_word' id='word_1_743' title='bbox 349 2829 388 2866; x_wconf 81' lang='grc' dir='ltr'><strong>τῷ</strong></span> <span class='ocrx_word' id='word_1_744' title='bbox 402 2827 493 2860; x_wconf 77' lang='grc' dir='ltr'>ἁπλῶς</span> <span class='ocrx_word' id='word_1_745' title='bbox 519 2826 657 2861; x_wconf 75' lang='grc' dir='ltr'>ἀναλογεῖ,</span> <span class='ocrx_word' id='word_1_746' title='bbox 686 2825 717 2853; x_wconf 79' lang='grc' dir='ltr'>τὸ</span> <span class='ocrx_word' id='word_1_747' title='bbox 735 2825 763 2852; x_wconf 71' lang='grc' dir='ltr'>δὲ</span> <span class='ocrx_word' id='word_1_748' title='bbox 783 2823 850 2852; x_wconf 82' lang='grc' dir='ltr'>ῐδιον</span> <span class='ocrx_word' id='word_1_749' title='bbox 860 2823 899 2859; x_wconf 79' lang='grc' dir='ltr'>τῷ</span> 
     </span>
    </p>
   </div>
   <div class='ocr_carea' id='block_1_105' title="bbox 951 2183 1740 2221">
    <p class='ocr_par' dir='ltr' id='par_1_105' title="bbox 951 2183 1740 2221">
     <span class='ocr_line' id='line_1_105' title="bbox 951 2183 1740 2221; baseline 0.004 -11"><span class='ocrx_word' id='word_1_750' title='bbox 951 2191 1107 2211; x_wconf 83' lang='lat' dir='ltr'><strong>sermonem</strong></span> <span class='ocrx_word' id='word_1_751' title='bbox 1133 2183 1297 2219; x_wconf 78' lang='lat' dir='ltr'><strong>aggrediar,</strong></span> <span class='ocrx_word' id='word_1_752' title='bbox 1327 2185 1452 2213; x_wconf 87' lang='lat' dir='ltr'><strong>claritate</strong></span> <span class='ocrx_word' id='word_1_753' title='bbox 1480 2191 1579 2219; x_wconf 85' lang='lat' dir='ltr'><strong>utens,</strong></span> <span class='ocrx_word' id='word_1_754' title='bbox 1606 2191 1740 2221; x_wconf 76' lang='lat' dir='ltr'><strong>quantum</strong></span> 
     </span>
    </p>
   </div>
   <div class='ocr_carea' id='block_1_106' title="bbox 952 2228 1741 2266">
    <p class='ocr_par' dir='ltr' id='par_1_106' title="bbox 952 2228 1741 2266">
     <span class='ocr_line' id='line_1_106' title="bbox 952 2228 1741 2266; baseline 0.003 -10"><span class='ocrx_word' id='word_1_755' title='bbox 952 2228 1012 2256; x_wconf 85' lang='lat' dir='ltr'><strong>ﬁeri</strong></span> <span class='ocrx_word' id='word_1_756' title='bbox 1025 2233 1125 2264; x_wconf 85' lang='lat' dir='ltr'><strong>potest.</strong></span> <span class='ocrx_word' id='word_1_757' title='bbox 1139 2229 1172 2256; x_wconf 87' lang='lat' dir='ltr'><strong>Et</strong></span> <span class='ocrx_word' id='word_1_758' title='bbox 1188 2229 1406 2265; x_wconf 84' lang='lat' dir='ltr'><strong>primum,juxta</strong></span> <span class='ocrx_word' id='word_1_759' title='bbox 1424 2239 1506 2266; x_wconf 85' lang='lat' dir='ltr'><strong>quam</strong></span> <span class='ocrx_word' id='word_1_760' title='bbox 1529 2232 1741 2266; x_wconf 75' lang='lat' dir='ltr'><strong>intelligentiam</strong></span> 
     </span>
    </p>
   </div>
   <div class='ocr_carea' id='block_1_107' title="bbox 951 2275 1740 2313">
    <p class='ocr_par' dir='ltr' id='par_1_107' title="bbox 951 2275 1740 2313">
     <span class='ocr_line' id='line_1_107' title="bbox 951 2275 1740 2313; baseline 0.003 -11"><span class='ocrx_word' id='word_1_761' title='bbox 951 2275 1027 2302; x_wconf 86' lang='lat' dir='ltr'><strong>aliud</strong></span> <span class='ocrx_word' id='word_1_762' title='bbox 1041 2282 1103 2302; x_wconf 85' lang='lat' dir='ltr'><strong>esse</strong></span> <span class='ocrx_word' id='word_1_763' title='bbox 1126 2275 1319 2308; x_wconf 87' lang='lat' dir='ltr'><strong>substantiam,</strong></span> <span class='ocrx_word' id='word_1_764' title='bbox 1333 2277 1408 2304; x_wconf 85' lang='lat' dir='ltr'><strong>aliud</strong></span> <span class='ocrx_word' id='word_1_765' title='bbox 1431 2277 1597 2313; x_wconf 81' lang='lat' dir='ltr'><strong>hypostasim</strong></span> <span class='ocrx_word' id='word_1_766' title='bbox 1619 2277 1740 2312; x_wconf 73' lang='lat' dir='ltr'><strong>theologi</strong></span> 
     </span>
    </p>
   </div>
   <div class='ocr_carea' id='block_1_108' title="bbox 951 2320 1738 2358">
    <p class='ocr_par' dir='ltr' id='par_1_108' title="bbox 951 2320 1738 2358">
     <span class='ocr_line' id='line_1_108' title="bbox 951 2320 1738 2358; baseline 0.001 -10"><span class='ocrx_word' id='word_1_767' title='bbox 951 2320 1040 2349; x_wconf 88' lang='lat' dir='ltr'><strong>aiunt.</strong></span> <span class='ocrx_word' id='word_1_768' title='bbox 1060 2320 1217 2349; x_wconf 85' lang='lat' dir='ltr'><strong>Secundum</strong></span> <span class='ocrx_word' id='word_1_769' title='bbox 1233 2340 1240 2354; x_wconf 85' lang='lat'><strong>,</strong></span> <span class='ocrx_word' id='word_1_770' title='bbox 1254 2329 1375 2356; x_wconf 88' lang='lat' dir='ltr'><strong>quonam</strong></span> <span class='ocrx_word' id='word_1_771' title='bbox 1391 2322 1473 2350; x_wconf 92' lang='lat' dir='ltr'><strong>modo</strong></span> <span class='ocrx_word' id='word_1_772' title='bbox 1488 2323 1645 2351; x_wconf 81' lang='lat' dir='ltr'><strong>substantia</strong></span> <span class='ocrx_word' id='word_1_773' title='bbox 1658 2344 1665 2356; x_wconf 88' lang='lat'><strong>,</strong></span> <span class='ocrx_word' id='word_1_774' title='bbox 1686 2323 1738 2358; x_wconf 79' lang='lat' dir='ltr'><strong>Ity—</strong></span> 
     </span>
    </p>
   </div>
   <div class='ocr_carea' id='block_1_109' title="bbox 951 2365 1742 2401">
    <p class='ocr_par' dir='ltr' id='par_1_109' title="bbox 951 2365 1742 2401">
     <span class='ocr_line' id='line_1_109' title="bbox 951 2365 1742 2401; baseline 0.003 -9"><span class='ocrx_word' id='word_1_775' title='bbox 951 2365 1069 2401; x_wconf 85' lang='lat' dir='ltr'><strong>postasis</strong></span> <span class='ocrx_word' id='word_1_776' title='bbox 1100 2370 1127 2393; x_wconf 89' lang='lat' dir='ltr'><strong>et</strong></span> <span class='ocrx_word' id='word_1_777' title='bbox 1142 2366 1296 2401; x_wconf 85' lang='lat' dir='ltr'><strong>proprietas</strong></span> <span class='ocrx_word' id='word_1_778' title='bbox 1318 2366 1346 2394; x_wconf 90' lang='lat' dir='ltr'><strong>in</strong></span> <span class='ocrx_word' id='word_1_779' title='bbox 1361 2367 1417 2395; x_wconf 86' lang='lat' dir='ltr'><strong>Deo</strong></span> <span class='ocrx_word' id='word_1_780' title='bbox 1433 2368 1504 2395; x_wconf 86' lang='lat' dir='ltr'><strong>idem</strong></span> <span class='ocrx_word' id='word_1_781' title='bbox 1523 2369 1568 2395; x_wconf 84' lang='lat' dir='ltr'><strong>sit.</strong></span> <span class='ocrx_word' id='word_1_782' title='bbox 1584 2368 1742 2395; x_wconf 74' lang='lat' dir='ltr'><strong>Dicendum</strong></span> 
     </span>
    </p>
   </div>
   <div class='ocr_carea' id='block_1_110' title="bbox 952 2411 1743 2449">
    <p class='ocr_par' dir='ltr' id='par_1_110' title="bbox 952 2411 1743 2449">
     <span class='ocr_line' id='line_1_110' title="bbox 952 2411 1743 2449; baseline 0.004 -10"><span class='ocrx_word' id='word_1_783' title='bbox 952 2412 1038 2447; x_wconf 84' lang='lat' dir='ltr'><strong>igitur</strong></span> <span class='ocrx_word' id='word_1_784' title='bbox 1066 2412 1145 2439; x_wconf 85' lang='lat' dir='ltr'><strong>nobis</strong></span> <span class='ocrx_word' id='word_1_785' title='bbox 1167 2416 1209 2439; x_wconf 84' lang='lat' dir='ltr'><strong>est</strong></span> <span class='ocrx_word' id='word_1_786' title='bbox 1240 2411 1305 2440; x_wconf 89' lang='lat' dir='ltr'><strong>illud</strong></span> <span class='ocrx_word' id='word_1_787' title='bbox 1333 2414 1572 2448; x_wconf 85' lang='lat' dir='ltr'><strong>proponentibus,</strong></span> <span class='ocrx_word' id='word_1_788' title='bbox 1600 2414 1672 2449; x_wconf 88' lang='lat' dir='ltr'><strong>quod</strong></span> <span class='ocrx_word' id='word_1_789' title='bbox 1702 2416 1743 2442; x_wconf 85' lang='lat' dir='ltr'><strong>a&#39;t</strong></span> 
     </span>
    </p>
   </div>
   <div class='ocr_carea' id='block_1_111' title="bbox 952 2456 1741 2494">
    <p class='ocr_par' dir='ltr' id='par_1_111' title="bbox 952 2456 1741 2494">
     <span class='ocr_line' id='line_1_111' title="bbox 952 2456 1741 2494; baseline 0.005 -11"><span class='ocrx_word' id='word_1_790' title='bbox 952 2464 1067 2492; x_wconf 81' lang='lat' dir='ltr'><strong>magnus</strong></span> <span class='ocrx_word' id='word_1_791' title='bbox 1082 2456 1200 2484; x_wconf 83' lang='lat' dir='ltr'><strong>Basilius</strong></span> <span class='ocrx_word' id='word_1_792' title='bbox 1218 2457 1251 2484; x_wconf 55' lang='lat' dir='ltr'><strong>’in</strong></span> <span class='ocrx_word' id='word_1_793' title='bbox 1266 2457 1381 2492; x_wconf 85' lang='lat' dir='ltr'><strong>cpistola</strong></span> <span class='ocrx_word' id='word_1_794' title='bbox 1395 2458 1440 2486; x_wconf 91' lang='lat' dir='ltr'><strong>ubi</strong></span> <span class='ocrx_word' id='word_1_795' title='bbox 1457 2459 1512 2494; x_wconf 78' lang='lat' dir='ltr'><strong>agit</strong></span> <span class='ocrx_word' id='word_1_796' title='bbox 1527 2460 1561 2487; x_wconf 85' lang='lat' dir='ltr'><strong>de</strong></span> <span class='ocrx_word' id='word_1_797' title='bbox 1581 2459 1741 2487; x_wconf 72' lang='lat' dir='ltr'><strong>tliﬂerentia</strong></span> 
     </span>
    </p>
   </div>
   <div class='ocr_carea' id='block_1_112' title="bbox 953 2502 1740 2540">
    <p class='ocr_par' dir='ltr' id='par_1_112' title="bbox 953 2502 1740 2540">
     <span class='ocr_line' id='line_1_112' title="bbox 953 2502 1740 2540; baseline 0.003 -10"><span class='ocrx_word' id='word_1_798' title='bbox 953 2503 1112 2531; x_wconf 68' lang='lat' dir='ltr'><strong>substantiae</strong></span> <span class='ocrx_word' id='word_1_799' title='bbox 1128 2507 1157 2530; x_wconf 86' lang='lat' dir='ltr'><strong>et</strong></span> <span class='ocrx_word' id='word_1_800' title='bbox 1182 2502 1382 2539; x_wconf 82' lang='lat' dir='ltr'><strong>hypostaseos:</strong></span> <span class='ocrx_word' id='word_1_801' title='bbox 1401 2505 1474 2539; x_wconf 89' lang='lat' dir='ltr'><strong>quod</strong></span> <span class='ocrx_word' id='word_1_802' title='bbox 1494 2513 1576 2540; x_wconf 91' lang='lat' dir='ltr'><strong>quam</strong></span> <span class='ocrx_word' id='word_1_803' title='bbox 1601 2506 1740 2533; x_wconf 83' lang='lat' dir='ltr'><strong>rationem</strong></span> 
     </span>
    </p>
   </div>
   <div class='ocr_carea' id='block_1_113' title="bbox 952 2549 1744 2585">
    <p class='ocr_par' dir='ltr' id='par_1_113' title="bbox 952 2549 1744 2585">
     <span class='ocr_line' id='line_1_113' title="bbox 952 2549 1744 2585; baseline 0.004 -10"><span class='ocrx_word' id='word_1_804' title='bbox 952 2549 1036 2576; x_wconf 86' lang='lat' dir='ltr'><strong>habet</strong></span> <span class='ocrx_word' id='word_1_805' title='bbox 1051 2556 1198 2576; x_wconf 87' lang='lat' dir='ltr'><strong>commune</strong></span> <span class='ocrx_word' id='word_1_806' title='bbox 1212 2549 1244 2576; x_wconf 87' lang='lat' dir='ltr'><strong>ad</strong></span> <span class='ocrx_word' id='word_1_807' title='bbox 1263 2550 1415 2585; x_wconf 88' lang='lat' dir='ltr'><strong>proprium,</strong></span> <span class='ocrx_word' id='word_1_808' title='bbox 1430 2551 1502 2578; x_wconf 85' lang='lat' dir='ltr'><strong>banc</strong></span> <span class='ocrx_word' id='word_1_809' title='bbox 1516 2551 1596 2578; x_wconf 82' lang='lat' dir='ltr'><strong>habet</strong></span> <span class='ocrx_word' id='word_1_810' title='bbox 1611 2552 1744 2578; x_wconf 64' lang='lat' dir='ltr'><strong>substanv</strong></span> 
     </span>
    </p>
   </div>
   <div class='ocr_carea' id='block_1_114' title="bbox 953 2594 1744 2630">
    <p class='ocr_par' dir='ltr' id='par_1_114' title="bbox 953 2594 1744 2630">
     <span class='ocr_line' id='line_1_114' title="bbox 953 2594 1744 2630; baseline 0.001 -8"><span class='ocrx_word' id='word_1_811' title='bbox 953 2595 990 2622; x_wconf 87' lang='lat' dir='ltr'><strong>tia</strong></span> <span class='ocrx_word' id='word_1_812' title='bbox 1010 2594 1043 2622; x_wconf 90' lang='lat' dir='ltr'><strong>ad</strong></span> <span class='ocrx_word' id='word_1_813' title='bbox 1059 2594 1239 2630; x_wconf 85' lang='lat' dir='ltr'><strong>hyposlasim.</strong></span> <span class='ocrx_word' id='word_1_814' title='bbox 1256 2595 1428 2630; x_wconf 82' lang='lat' dir='ltr'><strong>Hyposlasim</strong></span> <span class='ocrx_word' id='word_1_815' title='bbox 1448 2601 1538 2624; x_wconf 84' lang='lat' dir='ltr'><strong>autem</strong></span> <span class='ocrx_word' id='word_1_816' title='bbox 1553 2597 1744 2624; x_wconf 81' lang='lat' dir='ltr'><strong>Damascenus-</strong></span> 
     </span>
    </p>
   </div>
   <div class='ocr_carea' id='block_1_115' title="bbox 952 2640 1742 2676">
    <p class='ocr_par' dir='ltr' id='par_1_115' title="bbox 952 2640 1742 2676">
     <span class='ocr_line' id='line_1_115' title="bbox 952 2640 1742 2676; baseline 0 -8"><span class='ocrx_word' id='word_1_817' title='bbox 952 2640 1095 2673; x_wconf 77' lang='lat' dir='ltr'><strong>deﬁniens,</strong></span> <span class='ocrx_word' id='word_1_818' title='bbox 1125 2640 1184 2668; x_wconf 88' lang='lat' dir='ltr'><strong>ait:</strong></span> <span class='ocrx_word' id='word_1_819' title='bbox 1215 2649 1224 2666; x_wconf 79' lang='grc' dir='ltr'>ι</span> <span class='ocrx_word' id='word_1_820' title='bbox 1257 2640 1417 2676; x_wconf 79' lang='lat' dir='ltr'><strong>Hyposlasis</strong></span> <span class='ocrx_word' id='word_1_821' title='bbox 1441 2647 1483 2669; x_wconf 87' lang='lat' dir='ltr'><strong>est</strong></span> <span class='ocrx_word' id='word_1_822' title='bbox 1505 2649 1652 2669; x_wconf 84' lang='lat' dir='ltr'><strong>commune</strong></span> <span class='ocrx_word' id='word_1_823' title='bbox 1675 2649 1742 2669; x_wconf 84' lang='lat' dir='ltr'><strong>cum</strong></span> 
     </span>
    </p>
   </div>
   <div class='ocr_carea' id='block_1_116' title="bbox 952 2686 1742 2722">
    <p class='ocr_par' dir='ltr' id='par_1_116' title="bbox 952 2686 1742 2722">
     <span class='ocr_line' id='line_1_116' title="bbox 952 2686 1742 2722; baseline 0.001 -9"><span class='ocrx_word' id='word_1_824' title='bbox 952 2686 1077 2721; x_wconf 86' lang='lat' dir='ltr'><strong>proprio.</strong></span> <span class='ocrx_word' id='word_1_825' title='bbox 1096 2696 1105 2713; x_wconf 78' lang='grc' dir='ltr'><strong>ι</strong></span> <span class='ocrx_word' id='word_1_826' title='bbox 1128 2686 1199 2720; x_wconf 85' lang='lat' dir='ltr'><strong>Quid</strong></span> <span class='ocrx_word' id='word_1_827' title='bbox 1224 2692 1315 2714; x_wconf 87' lang='lat' dir='ltr'><strong>autem</strong></span> <span class='ocrx_word' id='word_1_828' title='bbox 1335 2687 1406 2722; x_wconf 91' lang='lat' dir='ltr'><strong>apud</strong></span> <span class='ocrx_word' id='word_1_829' title='bbox 1431 2688 1504 2722; x_wconf 82' lang='lat' dir='ltr'><strong>ipsos</strong></span> <span class='ocrx_word' id='word_1_830' title='bbox 1520 2688 1571 2715; x_wconf 87' lang='lat' dir='ltr'><strong>hoc</strong></span> <span class='ocrx_word' id='word_1_831' title='bbox 1590 2694 1742 2715; x_wconf 76' lang='lat' dir='ltr'><strong>commune</strong></span> 
     </span>
    </p>
   </div>
   <div class='ocr_carea' id='block_1_117' title="bbox 953 2732 1741 2766">
    <p class='ocr_par' dir='ltr' id='par_1_117' title="bbox 953 2732 1741 2766">
     <span class='ocr_line' id='line_1_117' title="bbox 953 2732 1741 2766; baseline 0.001 -6"><span class='ocrx_word' id='word_1_832' title='bbox 953 2732 1005 2760; x_wconf 77' lang='lat' dir='ltr'><strong>sibi</strong></span> <span class='ocrx_word' id='word_1_833' title='bbox 1025 2732 1111 2766; x_wconf 81' lang='lat' dir='ltr'><strong>velit,</strong></span> <span class='ocrx_word' id='word_1_834' title='bbox 1127 2740 1223 2760; x_wconf 85' lang='lat' dir='ltr'><strong>rursus</strong></span> <span class='ocrx_word' id='word_1_835' title='bbox 1241 2732 1314 2760; x_wconf 86' lang='lat' dir='ltr'><strong>clare</strong></span> <span class='ocrx_word' id='word_1_836' title='bbox 1335 2733 1414 2760; x_wconf 85' lang='lat' dir='ltr'><strong>divus</strong></span> <span class='ocrx_word' id='word_1_837' title='bbox 1429 2733 1547 2761; x_wconf 82' lang='lat' dir='ltr'><strong>Basilius</strong></span> <span class='ocrx_word' id='word_1_838' title='bbox 1568 2733 1691 2765; x_wconf 84' lang='lat' dir='ltr'><strong>tradidit,</strong></span> <span class='ocrx_word' id='word_1_839' title='bbox 1709 2734 1741 2761; x_wconf 71' lang='lat' dir='ltr'><strong>in:</strong></span> 
     </span>
    </p>
   </div>
   <div class='ocr_carea' id='block_1_118' title="bbox 953 2778 1742 2814">
    <p class='ocr_par' dir='ltr' id='par_1_118' title="bbox 953 2778 1742 2814">
     <span class='ocr_line' id='line_1_118' title="bbox 953 2778 1742 2814; baseline 0.001 -8"><span class='ocrx_word' id='word_1_840' title='bbox 953 2778 1067 2813; x_wconf 77' lang='lat' dir='ltr'><strong>epistola</strong></span> <span class='ocrx_word' id='word_1_841' title='bbox 1097 2778 1131 2806; x_wconf 87' lang='lat' dir='ltr'><strong>ad</strong></span> <span class='ocrx_word' id='word_1_842' title='bbox 1151 2778 1311 2814; x_wconf 79' lang='lat' dir='ltr'><strong>Gregorium</strong></span> <span class='ocrx_word' id='word_1_843' title='bbox 1338 2779 1471 2812; x_wconf 84' lang='lat' dir='ltr'><strong>fratrem,</strong></span> <span class='ocrx_word' id='word_1_844' title='bbox 1497 2788 1506 2805; x_wconf 79' lang='grc' dir='ltr'><strong>ι</strong></span> <span class='ocrx_word' id='word_1_845' title='bbox 1537 2778 1742 2813; x_wconf 70' lang='lat' dir='ltr'><strong>Communium,</strong></span> 
     </span>
    </p>
   </div>
   <div class='ocr_carea' id='block_1_119' title="bbox 953 2823 1739 2860">
    <p class='ocr_par' dir='ltr' id='par_1_119' title="bbox 953 2823 1739 2860">
     <span class='ocr_line' id='line_1_119' title="bbox 953 2823 1739 2860; baseline 0 -8"><span class='ocrx_word' id='word_1_846' title='bbox 953 2823 1093 2860; x_wconf 85' lang='lat' dir='ltr'><strong>inquiens,</strong></span> <span class='ocrx_word' id='word_1_847' title='bbox 1105 2823 1138 2852; x_wconf 86' lang='lat' dir='ltr'><strong>ad</strong></span> <span class='ocrx_word' id='word_1_848' title='bbox 1157 2824 1340 2853; x_wconf 79' lang='lat' dir='ltr'><strong>substantiam</strong></span> <span class='ocrx_word' id='word_1_849' title='bbox 1354 2823 1482 2859; x_wconf 73' lang='lat' dir='ltr'><strong>retertur,</strong></span> <span class='ocrx_word' id='word_1_850' title='bbox 1500 2824 1653 2860; x_wconf 81' lang='lat' dir='ltr'><strong>hypostasis</strong></span> <span class='ocrx_word' id='word_1_851' title='bbox 1668 2831 1739 2852; x_wconf 75' lang='lat' dir='ltr'><strong>vero</strong></span> 
     </span>
    </p>
   </div>
  </div>
