1942 3091
259 47 278 63 ο

222 112 271 144 871

222 219 306 254 igitur
319 217 493 245 manifestum
509 224 561 250 est.
579 218 651 253 quod
673 225 819 245 commune
835 217 946 253 quidem
969 218 1007 250 ei,

221 265 294 300 quod
309 269 351 292 est
366 264 538 299 simpliciter,
567 264 727 299 respondet,
743 264 884 300 proprium
896 271 961 291 vero
970 263 1007 295 ei,

221 312 294 347 quod
306 316 349 338 est
361 319 416 346 quo
443 311 542 338 modo:
559 311 606 339 sed
626 315 654 338 et
681 312 780 339 Petrus
805 315 833 338 et
854 311 937 338 homo
953 316 1007 342 est,

223 363 250 385 ct
264 358 337 385 ﬁlius
352 358 431 390 Joua,
444 362 473 385 ct
507 365 561 385 non
577 358 694 385 alterum
717 365 782 385 sane
799 357 944 392 signiﬁcat,
961 356 1008 391 qui

222 404 350 432 eumdem
377 404 488 431 Petrum
514 404 652 430 hominem
681 403 758 436 dicit,
789 403 904 430 alterum
933 411 1008 436 vero,

222 458 284 478 cum
305 451 433 478 eumdem
461 454 489 477 ct
508 449 593 476 ﬁlium
620 449 689 477 Jona
711 449 788 477 dicit.
807 449 1008 476 Tantummodo

222 497 376 525 secundum
391 496 459 524 illud
478 496 550 532 quod
565 501 608 524 est
621 496 794 531 simpliciter,
808 500 836 523 et
854 496 920 523 illud
933 495 1006 531 quod

221 548 262 570 est
281 543 430 577 quomodo,
460 541 644 569 diﬁ'ercntiam
665 540 795 573 ostendit,
822 541 953 569 nimirum
971 540 1008 568 ibi

221 590 332 624 quidem
348 588 421 621 quod
438 588 548 615 Petrum
573 587 712 615 hominem
725 592 814 619 vocet,
829 587 955 614 absoluto
981 592 1009 614 et

222 633 362 660 communi
382 633 494 660 nomine
509 632 682 666 suppositum
705 631 852 667 signiﬁcat.
871 631 917 659 hic
941 638 1008 659 vero

222 679 336 713 proprio
354 686 386 705 ac
410 677 525 704 relativo
542 677 781 712 determinatoquc
801 678 912 705 nomine
930 685 1009 705 cum-

221 725 284 751 dem
309 724 448 751 hominem
472 728 500 750 et
518 723 603 750 lilium
639 731 700 751 esse
719 731 751 750 ex
787 723 898 751 homine
929 723 1007 757 Jona,

222 771 268 805 qui
295 775 337 797 est
353 770 403 805 ipsi
420 775 507 804 pater.
536 769 658 802 Utroque
685 768 767 804 igitur
795 769 907 797 nemine
928 769 1008 796 aliter

222 822 304 851 atque
338 816 418 843 aliter
445 816 517 843 idem
541 815 677 842 indicatur
709 824 715 842 :
748 816 863 843 relative
889 815 1006 847 scilicet,

222 858 304 898 atque
327 863 465 896 absolute,
488 869 522 889 eo
538 862 612 897 quod
635 867 677 890 est
693 862 866 897 simpliciter,
884 867 912 889 et
935 862 1008 897 quod

221 915 275 942 est,
292 909 433 945 quomodo
457 909 546 936 solum
568 908 671 936 diﬁ‘ert.
696 909 817 936 Alterum
841 909 915 936 enim
936 909 1010 944 quod

223 960 301 983 caret
331 954 510 987 habitudine.
547 955 754 988 substantiam,
793 955 909 982 alterum
944 962 1010 982 vero

223 1003 357 1034 eatudem,
371 1006 399 1029 et
425 1001 458 1028 ad
475 1001 580 1036 aliquid
602 1001 694 1036 aliquo
710 1002 792 1029 modo
817 1009 846 1029 se
863 1001 1010 1029 habentem

222 1048 366 1083 signiﬁcat.
381 1047 515 1080 Quoniam
533 1047 615 1082 igitur
634 1055 780 1075 commune
798 1048 958 1076 substantiae
976 1048 1005 1075 in

225 1093 281 1120 Deo
301 1098 356 1120 tres
379 1097 444 1120 sunt
462 1092 634 1127 hyposlases,
650 1095 678 1120 et
705 1099 852 1120 commune
877 1093 935 1128 ipsa
953 1096 1010 1126 est,

224 1147 284 1174 (ινεε
311 1139 462 1174 unicuique
481 1143 509 1166 et
534 1139 643 1173 propria
668 1143 710 1166 est
737 1139 901 1172 substantia,
925 1148 1010 1168 unum

223 1185 323 1219 quippe
336 1191 387 1217 est,
406 1185 479 1220 quod
497 1185 562 1220 quid
577 1189 638 1212 erat
651 1192 713 1212 esse
735 1185 828 1218 trium,
838 1191 866 1213 et
880 1187 952 1221 quod
969 1193 1011 1215 est

225 1238 395 1265 unaqureque
436 1231 612 1266 hypostasis,
647 1231 701 1258 hoc
738 1231 937 1260 admirabiliter
968 1239 1011 1262 est

224 1277 306 1303 etiam
321 1284 478 1304 con-mune.
496 1276 585 1311 Atque
597 1295 606 1308 ,
627 1280 659 1303 ut
676 1277 715 1304 ait
726 1275 878 1312 Gregorius
892 1277 1011 1306 Theolo-

224 1331 287 1358 gus,
307 1330 394 1350 unum
421 1323 483 1356 tria,
506 1326 533 1350 et
557 1322 612 1350 tria
635 1329 719 1350 unum
735 1322 763 1350 in
780 1323 881 1358 quibus
902 1323 1010 1359 Deitas;

224 1369 267 1397 vel
296 1373 327 1396 ut
343 1369 467 1396 exsolius
487 1369 587 1401 dicam,
603 1377 664 1404 qua:
684 1369 736 1396 tria
758 1369 859 1398 Deitas.
876 1371 1011 1407 Unaqua-

225 1422 280 1451 que
303 1419 395 1442 autem
421 1414 579 1450 hypostasis
601 1415 644 1442 vel
670 1414 763 1449 Pater,
776 1416 819 1444 vel
845 1417 940 1450 Filius,
968 1418 1010 1445 vel

223 1462 345 1498 Spiritus
360 1463 473 1489 sanctus
492 1465 545 1493 est,
564 1466 699 1496 quatenus
715 1466 742 1489 et
756 1462 871 1490 relative
886 1463 921 1490 ad
943 1464 1012 1492 invi-

858 112 1049 144 DEMETRII
1069 112 1227 144 CYDONII
1515 140 1522 146 ,

221 177 265 200 est
285 171 397 207 propria
423 171 563 207 cujusque'
580 176 643 199 nota
674 171 831 207 singularis.
866 180 875 198 ι
907 171 946 199 Ex
965 172 1009 200 his

1062 174 1131 206 πῶς·
1147 174 1245 208 ὥσπερ
1261 173 1275 200 6
1290 172 1378 206 δεξιὸς
1399 173 1545 210 ἄνθρωπος
1562 173 1610 201 τοῦ
1630 173 1719 205 ἁπλῶς
1732 175 1819 211 ἀνθρώ-

1026 847 1047 875 Β

1778 113 1821 146 872

1060 229 1112 246 που
1129 219 1202 246 κατὰ
1228 220 1258 246 τὸ
1283 220 1378 251 ἁπλῶς
1405 220 1526 251 καὶπῶς
1538 220 1674 256 διαφέρει.
1698 220 1769 248 Ἀλλὰ
1784 222 1822 248 καὶ

1058 267 1073 292 6
1092 265 1198 301 Πέτρος
1214 269 1261 293 χαὶ
1275 266 1419 302 ἄνθρωπός
1432 266 1552 293 ἐστικαὶ
1564 266 1621 298 υἱὺς
1637 267 1683 293 τοῦ
1697 267 1773 293 Ίωνᾱ⁸
1786 268 1823 295 καὶ

1059 312 1109 347 οὐχ
1128 311 1223 348 ἕτερον
1243 313 1292 347 μὶν
1315 313 1444 348 σημαίνει
1465 314 1479 339 ό
1495 313 1541 339 τὸν
1565 313 1647 340 αὑτὸν
1671 313 1763 348 Πέτρον
1783 314 1821 341 ἄνη

1060 359 1172 394 θρωπον
1188 360 1288 394 λέγων,
1311 360 1407 395 ἕτερον
1422 360 1449 387 δὲ
1466 360 1534 387 ὃταν
1551 360 1597 387 τὸν
1619 359 1701 386 αὑτὸν
1722 361 1764 386 καὶ
1778 361 1823 385 υἰῦν

1059 406 1108 433 τοῦ
1129 407 1216 434 Ἰωνᾶ.
1238 407 1319 434 Κατὰ
1344 407 1373 434 δὲ
1396 406 1427 433 τὸ
1443 406 1539 438 ἁπλῶς
1555 407 1603 433 καὶ
1622 406 1680 438 πῶς
1701 406 1773 442 μόνον
1785 406 1824 440 τὴν

1059 453 1195 489 διαφορὰν
1223 453 1411 480 ἐνδείκνυται·
1440 453 1566 488 δηλονότι
1592 454 1652 480 ἐκεῖ
1669 453 1715 487 μὲν
1735 452 1774 479 διὰ
1787 452 1825 479 τοῦ

1060 499 1108 526 τὸν
1123 500 1228 535 Πέτρον
1247 499 1393 535 ἄνθρωπον
1410 499 1500 526 εἰπεῖν
1515 498 1711 534 ἀπολελυμένῳ
1721 499 1765 525 καὶ
1781 506 1828 523 κοι-

1060 546 1098 580 νῷ
1117 547 1231 581 ὀνόματι
1259 546 1289 573 τδ
1300 545 1494 580 ὑποκείμενον
1521 545 1651 580 σημαίνει
1665 552 1672 558 ·
1688 543 1794 571 ἐνταῦθα
1805 543 1828 569 δὲ

1062 592 1121 628 ίδίῳ
1147 592 1196 619 καὶ
1225 591 1388 628 άναφορικῷ
1414 591 1462 618 καὶ
1490 591 1638 626 ὡρισμένῳ
1668 590 1774 625 ὀνόματι
1792 588 1828 615 τὶν

1060 638 1142 665 αὐτὸν
1156 637 1302 673 ἄνθρωπον
1326 638 1374 664 καὶ
1404 637 1462 664 υἱὸν
1488 635 1560 664 εἶναι
1581 637 1611 669 ὲξ
1633 637 1771 673 ἀνθρώπου
1791 635 1828 661 τοῦ

1065 684 1143 711 Ἰωνᾶ
1175 684 1279 719 πατρδς
1308 683 1386 715 ὕντος
1415 683 1500 719 αὑτῷ.
1532 683 1571 710 Δι’
1601 684 1702 718 ἀμφοῖν
1728 681 1770 709 οὖν
1784 682 1830 708 τῶν

1058 729 1199 765 ὀνομάτων
1221 729 1309 760 ἄλλως
1339 729 1386 755 καὶ
1416 729 1505 760 ἄλλως
1535 729 1566 755 1:6
1585 729 1651 755 αὐτὸ
1671 728 1829 763 ἐμφαίνεται,

1059 776 1236 812 ἀναφορικῶς
1272 776 1395 810 δηλονότι
1424 776 1473 802 καὶ
1500 775 1728 810 ἀπολελυμὲικυς’
1750 773 1787 808 τῷ
1809 771 1832 798 δὲ

1062 822 1156 853 ἁπλῶς
1174 822 1222 848 καὶ
1238 821 1297 852 πῶς
1317 821 1444 856 διαφέρει
1463 820 1556 855 μόνον.
1571 820 1609 847 T6
1624 820 1675 854 μὲν
1690 819 1741 854 γὰρ
1760 819 1831 853 ἄσχε-

1060 876 1106 895 τον
1116 867 1212 894 οὐσίαν
1226 867 1316 901 δηλοῖ,
1333 867 1363 893 τῦ
1378 866 1406 893 δὲ
1419 866 1468 902 τὴν
1489 867 1577 900 αὐτὴν
1589 866 1636 893 καὶ
1651 865 1720 901 πρός
1742 872 1766 891 τι
1784 863 1833 894 πῶς

1062 915 1188 950 ἔχουσαν.
1211 913 1288 940 Ἐπεὶ
1315 913 1407 939 τοίνυν
1425 912 1455 939 τὸ
1481 912 1572 939 κοινὸν
1598 913 1647 947 τῆς
1679 910 1768 942 οὑσίις
1793 909 1833 935 ἐπὶ

1060 961 1129 988 Θεοῦ
1163 961 1191 988 αἱ
1220 961 1296 994 τρεῖς
1327 960 1398 985 εἰσιν
1419 959 1597 991 ὑποστάσεις,
1625 958 1674 983 καὶ
1701 957 1730 983 τὸ
1758 955 1834 981 κοινὸν

1060 1007 1129 1043 αὐτή
1151 1007 1236 1038 ἐστιν,
1253 1006 1315 1041 ἥτις
1336 1006 1446 1040 ἑκάστῳ
1462 1005 1510 1031 καὶ
1529 1004 1594 1036 ἴδιος
1610 1004 1700 1034 obsta,
1712 1003 1739 1028 ἓν
1750 1001 1799 1036 γὰρ
1809 1001 1835 1026 τὺ

1059 1053 1087 1080 τί
1100 1050 1134 1088 ἦν
1149 1051 1219 1079 εἶναι
1235 1050 1289 1077 τῶν
1304 1050 1399 1086 τριῶν,
1414 1050 1459 1076 καὶ
1471 1050 1538 1084 ὅπερ
1555 1049 1656 1083 ἑκάστη
1670 1048 1747 1075 τοῦτο
1757 1054 1835 1081 παρσ-

1059 1099 1143 1132 δόξως
1159 1098 1207 1124 καὶ
1218 1097 1309 1124 κοινδν
1329 1096 1377 1124 καὶ
1400 1095 1438 1128 ὥς
1459 1104 1542 1130 φησιν
1565 1096 1578 1122 6
1598 1094 1724 1128 θεοὶόγος
1744 1091 1836 1128 Γρηγό-

1062 1153 1130 1180 ριος,
1151 1144 1181 1171 ἓν
1195 1144 1229 1170 τὰ
1247 1143 1323 1178 τρία,
1347 1142 1393 1169 καὶ
1412 1142 1446 1169 τὰ
1460 1142 1524 1176 τρία
1540 1140 1581 1172 ἓν,
1595 1141 1624 1166 ἓν
1639 1137 1681 1171 οἷς
1703 1140 1720 1175 ἡ
1741 1138 1835 1172 θεότης,

1060 1191 1078 1227 ἦ
1090 1191 1121 1217 τό
1134 1199 1166 1224 γε
1178 1189 1376 1224 ἀκριϐέστερον
1391 1189 1491 1220 εἰπεῖν,
1509 1187 1527 1214 ἃ
1543 1188 1560 1223 ἡ
1580 1187 1688 1221 Θεότης,
1706 1185 1802 1220 ἑκάστη
1814 1184 1837 1210 δὲ

1061 1236 1116 1263 τῶν
1131 1235 1308 1262 ὑποστάσεων
1332 1235 1349 1270 ἢ
1366 1234 1474 1268 Πατὴρ,
1491 1233 1507 1268 ἦ
1523 1233 1598 1265 Υἱὸς,
1615 1233 1631 1268 ἦ
1647 1231 1759 1266 Πνεῦμα
1771 1230 1838 1264 άτιόν

1061 1281 1131 1315 ἐστι,
1151 1280 1220 1307 καθὸ
1242 1281 1289 1315 καὶ
1305 1279 1482 1314 ἀνιιρορικῶς
1497 1277 1566 1313 πρὸς
1582 1277 1690 1312 ἄλληλα
1714 1277 1837 1311 λέγονται,

1062 1327 1212 1359 ὑπόστασις
1226 1326 1254 1353 δὲ
1268 1326 1298 1352 τδ
1325 1325 1414 1352 κοινὸν
1433 1324 1504 1360 μετὰ
1528 1323 1576 1351 τοῦ
1601 1324 1750 1356 ἱδιάζοντος
1773 1322 1839 1356 εἴρη-

1061 1379 1119 1400 ται·
1136 1372 1253 1407 φανερὸν
1274 1371 1312 1403 ὡς
1328 1371 1382 1397 τῶν
1399 1369 1553 1405 προσώπων
1569 1370 1688 1397 ἕκαστον
1714 1368 1789 1396 οὐσία
1800 1366 1840 1394 καὶ

1063 1417 1210 1449 ὑπόστασις
1231 1418 1315 1443 ἐστιν.
1337 1417 1444 1451 Ὠσπερ
1476 1416 1528 1450 γὰρ
1545 1415 1616 1450 αὑτὴ
1646 1415 1664 1450 ή
1681 1415 1736 1442 τῶν
1766 1413 1840 1450 τριῶν

1063 1462 1141 1490 οὑσία
1166 1463 1193 1489 ai
1225 1461 1389 1494 ὑποστάσεις
1416 1460 1512 1495 ἐστὶν,
1541 1461 1629 1493 οὕτως
1673 1461 1776 1494 ἑκάστη
1793 1459 1840 1486 τῶν

225 1515 285 1535 cem
312 1507 454 1534 dicuntur.
480 1507 566 1534 Porro
596 1506 751 1543 hypostasis
777 1515 923 1537 commune
947 1517 1010 1537 cum

1065 1509 1240 1536 ὑποστάσεων
1266 1508 1343 1535 οὑσία
1374 1509 1422 1535 καὶ
1454 1507 1604 1539 ὑπόστασίς
1643 1509 1730 1535 ἐστιν.
1757 1507 1842 1533 Ἔστιν

225 1554 338 1589 proprio
349 1554 420 1581 dicta
430 1558 482 1585 est,
495 1552 672 1581 manifestum
686 1553 759 1588 quod
770 1562 938 1590 unaquaeque
950 1563 1013 1591 pcr-

225 1607 356 1627 sonarum
369 1599 523 1628 substantia
546 1603 576 1627 et
587 1599 744 1635 hypostasis
765 1606 815 1628 est.
828 1601 1012 1634 Quemadmo-

225 1645 291 1673 dum
298 1647 370 1673 enim
380 1646 437 1681 ipsa
447 1645 528 1672 trium
538 1645 689 1674 substantia
699 1646 834 1682 suntlipsa:
843 1647 1013 1683 hypostascs,

226 1692 263 1720 ita
271 1693 641 1728 unaquaequehypostaseum
659 1693 826 1727 substantia,
843 1698 872 1722 et
882 1694 1012 1730 hyposta-

229 1739 279 1766 sis.
297 1739 343 1766 Est
357 1739 438 1775 igitur
453 1739 526 1766 idem
541 1739 735 1773 substantiam,
745 1740 959 1775 ethypostasim,
972 1741 1013 1768 di-

226 1793 289 1814 ecre
296 1786 445 1814 secundum
454 1793 521 1818 rem,
532 1785 640 1820 ettaliud
650 1786 844 1819 Substantiam,
852 1792 933 1822 atque
939 1787 1013 1814 aliud

228 1832 397 1868 hyposmsim
417 1832 570 1859 secundum
591 1832 737 1865 ratioaem,
754 1832 897 1860 diﬂ'erente
925 1834 1014 1860 nomi-

228 1887 304 1912 num,
316 1886 370 1906 non
386 1886 478 1906 rerum
494 1877 706 1913 signiﬁcatione,
721 1883 748 1906 et
763 1884 909 1914 utrumque
919 1887 1013 1907 verum

227 1930 279 1952 est.
298 1924 356 1951 Non
369 1924 442 1951 enim
456 1925 608 1952 secundum
628 1924 700 1951 idem
722 1928 750 1952 et
766 1925 856 1957 ambo,
877 1931 1014 1960 quatenus

229 1969 384 1997 substantia
394 1969 507 2003 quidem
515 1976 662 1997 commune
670 1969 805 2006 signiﬁcat
817 1978 824 2003 ;
833 1975 860 1998 et
868 1971 941 2006 quod
948 1971 1014 2007 quid

227 2020 288 2043 erat
305 2023 374 2047 esse,
401 2015 558 2051 hypostasis
574 2021 665 2043 autem
685 2015 755 2043 idem
771 2016 805 2043 ad
826 2016 929 2052 aliquid
944 2025 1014 2053 quo-

228 2062 290 2087 dam
305 2061 387 2088 modo
409 2068 438 2089 se
453 2060 570 2093 habens,
586 2061 630 2089 vel
646 2069 696 2097 per
712 2061 823 2089 modum
846 2064 1014 2098 generantis,

228 2107 271 2133 vel
286 2106 383 2142 geniti,
410 2107 468 2134 sive
487 2106 683 2142 producentis,
699 2111 726 2135 ct
746 2107 934 2143 procedentis.
951 2108 1014 2137 llxc

229 2157 345 2180 testatur
376 2152 493 2188 primum
531 2153 643 2188 quidem
679 2161 794 2189 magnus
825 2154 1013 2189 Athanasius,

1063 1556 1118 1592 ἄρα
1149 1555 1179 1582 τὸ
1208 1555 1274 1581 αὐτὸ
1303 1554 1396 1582 οὑσίσν
1427 1554 1474 1581 καὶ
1492 1554 1642 1582 ὑπόστασιν
1665 1555 1754 1582 εἰπεῖν
1779 1553 1843 1580 κατὰ

1063 1601 1094 1628 τδ
1124 1601 1264 1637 πρᾶγμα,
1297 1601 1344 1627 καὶ
1377 1600 1441 1628 ἀλλο
1474 1600 1569 1627 οὖσίαν
1600 1602 1649 1628 καὶ
1688 1601 1754 1629 ﬂio
1786 1600 1845 1627 ὺτιό·

1065 1653 1161 1673 στασιν
1187 1646 1258 1672 κατὰ
1278 1647 1324 1672 τὸν
1359 1645 1449 1680 λόγον,
1480 1646 1610 1681 διαξόρου
1633 1647 1684 1682 τῆς
1709 1646 1764 1673 τῶν
1791 1645 1844 1672 ὀνο-

1065 1693 1173 1728 μάτων,
1197 1692 1228 1718 οὑ
1255 1692 1309 1719 τῶν
1337 1693 1511 1727 πραγμάτων
1527 1693 1667 1727 σημασίας
1691 1692 1786 1728 οὔσης,
1804 1692 1846 1719 καὶ

1064 1739 1194 1774 ἑκάτερον
1214 1738 1323 1773 ἀληθές.
1344 1740 1380 1765 Οὐ
1403 1739 1458 1773 γὰρ
1472 1738 1542 1765 κατὰ
1557 1739 1588 1776 ἐδ
1603 1739 1671 1766 αὐτὸ
1691 1741 1739 1767 καὶ
1757 1739 1844 1774 ἄμφω,

1064 1784 1162 1818 ἐφόσον
1179 1785 1196 1819 ὴ
1217 1785 1267 1820 μὲν
1289 1785 1368 1811 οὐσία
1395 1785 1426 1811 τδ
1448 1786 1539 1812 κοινὸν
1562 1786 1650 1821 δηλοῖ,
1671 1786 1720 1813 καὶ
1739 1785 1805 1812 τὸτί
1817 1782 1847 1819 ἦν

1064 1828 1145 1862 εἶναι,
1173 1832 1191 1866 ἡ
1212 1831 1240 1857 δὲ
1267 1831 1417 1862 ὑπόστασις
1447 1831 1478 1857 τὸ
1504 1832 1571 1858 αὐτὸ
1600 1833 1648 1858 καὶ
1665 1833 1734 1868 πρός
1747 1841 1774 1859 τι
1791 1830 1846 1861 πῶς

1064 1877 1137 1912 ἔχον,
1150 1877 1167 1912 ἢ
1183 1877 1364 1912 γεννητιχῶς,
1381 1877 1397 1912 ῆ
1414 1878 1565 1912 γεννητῶς,
1582 1877 1599 1913 ἢ
1617 1875 1846 1913 προϐλητικῶς,ἢ

1066 1923 1241 1958 προὸλητῶς.
1260 1924 1403 1959 Μαρτυρεί
1417 1924 1525 1956 τούτοις
1541 1925 1651 1960 ττρῶτον
1671 1925 1721 1961 μὲν
1736 1925 1750 1951 6
1766 1925 1847 1960 μέγας

1071 1969 1245 2003 Ἀθανάσιος,
1260 1970 1319 2005 μετ’
1341 1971 1447 1997 ικείνον
1466 1970 1494 1997 δὲ
1511 1971 1557 1997 καὶ
1572 1971 1586 1998 6
1605 1970 1746 2002 θειότατος
1768 1969 1848 2002 Μάξιο

1066 2023 1126 2050 μος,
1139 2016 1226 2043 ταυτα
1240 2015 1327 2050 λέγων
1343 2017 1371 2043 ὲν
1387 2016 1425 2051 τῷ
1436 2017 1512 2051 πρὸς
1519 2017 1655 2052 Ὰνόμιον
1664 2017 1790 2054 διαλόγῳ.
1799 2016 1848 2044 Τοῦ

1065 2060 1120 2095 γὰρ
1141 2061 1271 2096 ’Δνομοου
1288 2061 1423 2094 εἰπόντος,
1451 2071 1460 2087 ι
1486 2062 1569 2090 Ἄλλο
1595 2064 1678 2091 ἐστὶν
1705 2064 1784 2091 obuia
1804 2063 1848 2090 καὶ

1064 2105 1128 2133 ἄλλο
1144 2106 1304 2139 ὑπόστασις,
1328 2115 1338 2132 ι
1370 2107 1385 2132 6
1401 2106 1472 2139 θεῖος
1499 2107 1627 2143 Μάξιμος
1651 2110 1846 2145 ἀποκρίνεται,

1069 2161 1079 2178 ‹
1092 2151 1173 2178 Ἀλλο
1189 2153 1237 2178 καὶ
1250 2152 1312 2180 ἄλλο
1326 2153 1376 2188 οὑχ
1394 2153 1431 2185 ὡς
1447 2155 1576 2189 πρᾶγμα·
1592 2165 1602 2180 ι
1622 2156 1753 2182 κάκείνου
1765 2155 1846 2182 είπόνσ

228 2199 326 2226 deinde
348 2203 409 2234 post
428 2206 490 2227 eum
506 2199 586 2228 divus
607 2199 740 2227 Maximus
759 2200 853 2227 eadem
869 2200 966 2229 dicens
984 2201 1011 2228 in

1064 2205 1120 2228 τος,
1132 2206 1141 2223 ι
1155 2197 1261 2224 Οὐκοῦν
1278 2197 1430 2230 σύνθεσις»
1448 2199 1462 2225 ό
1476 2200 1553 2233 ἅγιος
1569 2200 1680 2235 ἐπάγει,
1695 2201 1793 2227 (Ἀλλο
1806 2200 1847 2226 καὶ

228 2246 335 2281 dialogo
361 2246 397 2272 ad
421 2245 590 2273 Dissimilem
603 2245 670 2273 Cum
690 2246 763 2273 enim
779 2247 929 2274 Anomt‘eus
949 2248 1013 2283 (hoc

228 2298 271 2319 est
292 2291 447 2325 Dissimilis)
470 2291 591 2323 dixisset,
618 2291 699 2319 Aliud
729 2297 772 2319 est
797 2292 958 2326 substantia,
986 2297 1014 2320 et

230 2337 323 2366 aliud‘
347 2339 506 2375 hypostasis
522 2358 530 2371 ,
567 2338 648 2366 divus
683 2338 817 2366 Maximus
843 2339 1012 2374 respondet:

231 2394 240 2410 ε
263 2384 345 2412 Aliud
370 2391 452 2419 atque
473 2383 548 2411 aliud
566 2391 620 2411 non
651 2389 779 2419 tanquam
804 2392 866 2417 res;
886 2393 896 2410 ›
925 2391 1014 2419 eoque

229 2431 349 2462 dicente,
376 2439 385 2456 ι
412 2430 497 2465 Igitur
525 2430 700 2465 compositio,
717 2435 872 2466 “sanctus
901 2429 1013 2458 infert:

232 2485 241 2502 ι
263 2477 343 2503 Aliud
374 2482 402 2504 et
430 2476 505 2504 aliud
528 2477 597 2509 dixi,
619 2485 674 2504 non
693 2481 723 2503 ut
743 2484 796 2509 res,
813 2477 860 2505 sed
885 2481 1013 2511 tanquam

229 2522 302 2549 aliud
315 2522 450 2557 signiﬁcet
464 2522 633 2554 substantia,
648 2527 676 2550 et
691 2522 767 2549 aliud
789 2522 946 2557 hypostasis
962 2531 968 2549 :
984 2528 1015 2551 ut

229 2575 343 2602 granum
357 2567 487 2595 frumenti
501 2567 614 2600 dicitur,
629 2571 658 2595 et
669 2572 712 2595 est
732 2575 838 2599 semen.
852 2572 881 2595 et
895 2567 1014 2602 fructus,

229 2613 358 2649 aliudque
376 2613 512 2648 signiﬁcat
523 2621 629 2646 semen,
643 2617 671 2641 et
686 2614 759 2641 aliud
778 2614 896 2642 fructus.
913 2624 923 2641 ›
942 2615 1016 2642 Con-

229 2660 332 2686 eedens
353 2659 436 2694 igitur
460 2663 573 2686 sanctus
589 2659 626 2686 ibi
650 2659 819 2694 hypostasim
843 2660 931 2687 Patris
950 2660 1017 2688 sub-

230 2704 358 2732 stantiam
378 2712 438 2732 esse
461 2712 494 2732 ac
528 2705 668 2737 deitatem,
690 2712 743 2731 non
771 2709 860 2731 tamen
890 2707 1016 2734 concedit

230 2750 300 2778 duas
321 2758 382 2778 esse
414 2751 541 2783 deitatcs,
571 2755 600 2777 ut
616 2750 685 2777 duas
708 2750 877 2786 hypostascs,
893 2758 926 2778 eo
942 2751 1015 2785 quod

231 2793 302 2821 idem
318 2801 372 2820 non
393 2794 488 2822 eodem
510 2795 590 2834 modo
608 2794 743 2830 signiﬁcet
760 2794 858 2827 dcitas,
882 2801 910 2822 ct
933 2795 1017 2830 hypo-

230 2839 323 2868 stasis.
343 2850 352 2866 ι
373 2840 464 2868 Deitas
478 2841 551 2869 cuitu
567 2841 640 2876 quod
663 2841 728 2877 quid
745 2847 803 2869 erat
826 2849 896 2875 esse,
913 2842 1011 2877 inquit,

1063 2242 1127 2270 ἄλλο
1154 2239 1244 2275 εἷπον,
1270 2243 1319 2278 οὑχ
1341 2244 1379 2275 ὡς
1393 2245 1522 2278 πρᾶγμα,
1547 2245 1606 2272 ἀλλ’
1621 2246 1659 2276 ὡ;
1677 2246 1745 2274 ἄλλο
1763 2254 1789 2272 τι
1804 2253 1846 2280 σηι

1066 2288 1215 2324 μαινοὺσης
1239 2288 1288 2323 τῆς
1306 2288 1409 2322 οὐσίας,
1427 2290 1475 2316 καὶ
1497 2290 1562 2317 ἄλλο
1586 2291 1636 2326 τῆς
1655 2292 1846 2322 ὑποστάσεως·

1064 2334 1102 2366 ὡς
1118 2337 1131 2361 6
1153 2335 1256 2367 κόκκος
1267 2335 1312 2361 τοῦ
1332 2335 1405 2362 σίτου
1420 2336 1530 2369 λέγεται
1544 2338 1591 2363 καὶ
1607 2337 1666 2364 ἔστι
1682 2339 1794 2372 σπέρμα
1807 2338 1850 2364 tul

1064 2380 1181 2415 καρπὸς,
1198 2381 1262 2408 ἄλλο
1286 2381 1315 2408 δέ
1333 2390 1361 2407 τι
1378 2382 1507 2416 σημαίνει
1526 2382 1556 2408 τὸ
1578 2383 1704 2418 σπέρμα,
1721 2384 1770 2410 καὶ
1791 2383 1852 2409 ἄλλο

1064 2426 1079 2452 6
1095 2427 1211 2468 καρπός.
1232 2435 1242 2452 ι
1259 2428 1404 2462 Συγχορῶν
1428 2427 1475 2455 οὖν
1498 2429 1512 2455 6
1534 2429 1612 2463 ἅγιος
1640 2431 1700 2457 ἐκεῖ
1714 2429 1765 2466 τὴν
1787 2427 1851 2456 ὑπό·

1067 2480 1163 2499 στάσιν
1183 2472 1230 2499 τοῦ
1248 2473 1355 2507 Πατρός
1382 2473 1477 2501 οὐσίαν
1503 2473 1574 2502 εἶναι
1600 2476 1648 2502 καὶ
1673 2475 1804 2510 θεότητα,
1823 2474 1852 2500 οὑ

1065 2517 1173 2545 δίδωσιν
1198 2519 1273 2554 ὅμως
1298 2519 1348 2546 δύο
1372 2520 1503 2555 θεότητας
1518 2518 1601 2552 εἶναι,
1618 2520 1717 2555 ὥσπερ
1734 2522 1781 2547 καὶ
1794 2520 1856 2547 ὑπο-

1067 2565 1179 2597 στάσεις
1203 2566 1250 2593 δύο
1266 2586 1275 2599 ,
1295 2566 1339 2593 διὰ
1357 2566 1387 2593 1:6
1414 2568 1481 2594 αὐτὸ
1501 2568 1541 2604 μὴ
1573 2568 1681 2599 ταυτῶς
1695 2568 1796 2602 δηλοῦν
1807 2567 1854 2600 τὴν

1067 2611 1183 2646 Θεότητα
1200 2613 1247 2638 καὶ
1262 2612 1311 2647 τὴν
1329 2612 1491 2641 ὑπόστασιν.
1514 2613 1546 2640 Ἦ
1574 2614 1624 2647 μὲν
1640 2613 1697 2648 γὰρ
1713 2613 1812 2647 θεότης
1828 2611 1856 2638 τὸ

1065 2657 1092 2684 τί
1117 2655 1151 2693 ἦν
1170 2655 1241 2684 εἶναι
1267 2659 1408 2693 σημαίνει,
1436 2660 1531 2694 φησὶν,
1554 2661 1571 2695 ὴ
1590 2660 1618 2686 δὲ
1646 2659 1800 2689 ὑπόστασις
1826 2659 1855 2684 τό

1066 2702 1147 2732 εἶναι.
1162 2704 1192 2730 El
1208 2702 1254 2731 οὖν
1281 2705 1328 2731 καὶ
1352 2705 1426 2732 ἐστιν
1452 2707 1541 2732 ἐκεῖνο
1557 2707 1587 2732 τὸ
1606 2703 1689 2738 εἶναι,
1715 2706 1765 2732 καὶ
1787 2704 1818 2731 τδ
1831 2704 1855 2730 τί

1066 2747 1100 2785 ἦν
1115 2748 1185 2776 εἶναι
1201 2751 1230 2777 τὺ
1248 2751 1325 2784 αὐτὸ,
1339 2752 1400 2778 ἀλλ’
1417 2753 1458 2778 ὅτι
1474 2753 1500 2787 ιλ
1512 2752 1562 2787 μὲν
1577 2752 1728 2783 ὑπόστασις
1741 2752 1772 2778 τὸ
1787 2750 1854 2778 εἶναι

1067 2797 1143 2832 δηλοῖ
1156 2797 1202 2823 τοῦ
1228 2797 1312 2824 αὑτοῦ
1337 2795 1512 2833 πράγματδςξ
1529 2800 1545 2834 ἡ
1562 2799 1590 2826 δὲ
1611 2798 1711 2834 θεότης
1723 2798 1756 2826 τὸ
1773 2798 1800 2824 τί
1811 2795 1851 2832 ἦν.

1069 2844 1085 2878 ἡ
1104 2843 1153 2878 μὲν
1169 2843 1266 2880 Οεότης
1279 2843 1317 2876 ὡς
1333 2844 1363 2871 τὸ
1390 2844 1479 2871 κοιιὺν
1500 2845 1684 2880 λσμὸάνετσι,
1705 2845 1724 2880 ἡ
1743 2844 1771 2871 δὲ
1788 2842 1853 2870 ὑπό-
