1942 3091
119 159 165 185 κης
188 149 364 184 ἐμφαίνουσιν
392 149 565 184 ἁναῳοριχῶς
588 148 657 183 πρὸς
671 148 773 184 ἄλληλα
790 148 896 184 ἔχοντα·
912 149 934 178 Α

118 196 161 223 καὶ
176 195 220 222 διὰ
236 195 315 221 τοῦτο
329 195 418 228 λέγειν
435 194 485 230 τὴν
504 194 598 220 οὐσίαν
613 193 660 220 τοῦ
678 195 783 229 Πατρός
799 194 897 228 γεννᾷν

117 242 163 277 τὴν
182 241 228 269 τοῦ
248 241 314 267 Υιοῦ
329 241 423 267 οὐσίαν
438 241 536 276 ἀληθές
556 242 641 267 ἐστιν·
656 241 672 275 ὴ
686 241 741 275 γὰρ
753 241 833 267 οὐσία
850 240 897 266 τοῦ

119 288 219 322 Πατρὸς
235 287 312 314 οὐδὲν
325 287 418 321 ἕτερον
434 286 526 313 δίδωσι
542 287 614 312 νοεῖν
629 285 646 321 ἢ
663 286 712 321 τὴν
728 285 775 312 τοῦ
791 285 897 320 Πατρὺς

118 335 274 365 ὑπόστασιν,
292 334 307 367 ἢ
325 334 354 360 τδ
369 333 526 368 πρόσωπον.
545 331 713 363 ’Υπόστασις
728 331 757 358 δὲ
770 331 800 358 τὺ
810 331 898 358 κοινὸν

120 380 184 416 μετὰ
206 379 253 406 τοῦ
272 379 419 410 ίδιάζοντος
434 378 578 405 δέδεικταιο
598 377 648 403 καὶ
661 377 678 412 ἡ
702 376 752 412 μὲν
774 376 854 403 οὐσία
867 376 898 402 τὸ

119 427 215 458 κοινὸν,
229 425 259 452 τὸ
273 425 302 451 δὲ
318 424 412 459 Πατὴρ
428 424 459 450 τὸ
475 423 576 455 ἰδιάζον
594 423 669 450 ἐστὶν
688 422 778 457 (ειπερ
799 422 837 457 μὴ
859 422 899 448 δεῖ

119 471 224 505 φρονεῖν
249 469 314 496 ἄλλο
337 469 386 504 μὲν
412 469 528 504 πρᾶγμα
546 467 594 503 τὴν
608 467 712 499 οὐσίαν,
728 467 791 494 ἄλλο
810 467 839 493 δὲ
850 467 898 501 τὴν

119 516 276 547 ὑπόστασιν,
291 515 384 549 ἕτερον
406 514 434 540 δὲ
449 513 495 540 τὸν
510 513 632 548 Πατέρα,
645 513 694 539 καὶ
707 512 771 539 ἄλλο
781 513 831 547 τὴν
846 521 898 539 πα-

117 562 244 597 τρότητα,
259 560 274 587 ὃ
293 561 362 595 μετὰ
386 560 435 594 τῆς
447 559 575 588 ἀσεΰείας
596 558 663 584 πολὺ
678 559 725 585 καὶ
738 558 768 584 τὸ
784 558 899 592 ἀνόητον

119 608 194 644 ἔχει).
208 607 263 634 Καὶ
275 607 368 641 ὅμοιον
379 605 475 640 ὥσπερ
490 606 522 632 ἂν
533 606 557 632 εί
572 605 691 639 ἐλέγετο,
705 606 722 640 ὴ
736 604 781 631 τοῦ
794 604 900 639 Πατρδς

120 644 267 684 ὗπόστασις
281 653 365 687 γεννᾷ
380 651 429 685 τὴν
442 650 594 677 ὑπόστασιν
609 649 657 677 τοῦ
668 649 747 682 Υίοῦ,
763 650 831 684 ὅπερ
842 649 901 676 ἐστὶ

119 699 186 727 κατὰ
199 699 248 734 τὴν
263 699 310 733 τῆς
328 699 446 729 πίστεως
459 697 543 724 θέσιν.
559 696 652 724 Ταῦτα
662 695 751 722 τοίνυν
765 695 900 730 ἠγνόησαν

120 745 269 776 παντελῶς,
283 744 329 775 οὒς
345 743 429 779 ἐχρῆν
441 744 458 778 ἢ
477 742 585 769 οίκοθεν
603 741 726 777 ἔχοντας,
742 742 758 776 ἢ
776 742 822 767 καὶ
834 741 900 776 παρ’

120 788 218 823 ἑτέρων
233 787 365 818 λαϐόντας
382 786 420 822 μὴ
432 785 560 812 τοσοῦτον
571 785 621 820 τῆς
635 784 764 819 ἀληθείας
778 785 900 811 ἀποπλα-

120 818 226 861 νᾶσθαι.
244 832 313 866 μηδὲ
333 818 431 865 σοφοὺς
447 829 517 857 εἶναι
535 818 699 864 φάσκοντας,
722 827 781 856 εἶτα
796 829 900 864 μωραί-
918 818 937 844 Β

119 887 184 906 νειν.
203 879 299 906 Καίτοι
315 877 366 912 τὴν
391 876 438 904 τοῦ
455 876 521 903 Υῑοῦ
545 875 641 902 οὐσίαν
664 874 810 909 γεννᾶσθαι
824 874 901 908 λεγοα

122 925 201 960 μένου
213 925 246 951 ἐκ
262 924 311 958 τῆς
324 922 421 954 οὐσίας’
434 922 480 949 τοῦ
500 921 619 956 Πατρὸς,
635 921 750 955 πότερον
764 920 832 954 πρὸς
855 920 902 946 τὸν

120 970 181 998 νοῦν
195 970 213 1005 ἢ
232 969 281 1005 τὴν
295 969 367 1001 λέξιν
378 969 579 1001 διενίστανται;
597 967 629 994 El
647 967 697 1002 μὲν
708 966 762 1001 γὰρ
778 966 846 1003 πρὸς
857 965 902 992 τὴν

121 1014 192 1047 νοῦν,
207 1015 276 1050 μετὰ
291 1014 344 1041 τῶν
359 1013 482 1041 ἀπίστων
498 1012 637 1047 τετάχθων
650 1011 702 1046 τὴν
715 1010 762 1037 τοῦ
776 1009 842 1037 Υίοῦ
856 1010 903 1036 οὐ·

122 1061 182 1088 σίαν
199 1060 248 1095 τῆς
273 1060 320 1087 τοῦ
347 1059 453 1094 Πατρὺς
477 1059 572 1090 οὐσίας
597 1057 816 1093 ἁλλοτριοῦντες²
833 1057 857 1083 εί
874 1057 902 1083 δὲ

121 1108 169 1142 τὴν
184 1107 234 1142 μὲν
246 1106 320 1138 λέξιν
334 1106 364 1132 οὐ
387 1105 596 1140 παραδέχονται,
614 1105 681 1131 ἀλλὰ
704 1105 758 1130 τῶν
774 1104 902 1131 διδασκά-

121 1152 173 1178 λων
188 1152 202 1178 ό
214 1151 303 1185 λόγος.
320 1151 351 1178 Εἰ
366 1150 394 1177 δὲ
409 1150 458 1184 τὴν
474 1150 524 1183 μὲν
539 1150 611 1182 λέξιν
632 1150 670 1183 ὡς
689 1149 742 1176 τῶν
761 1149 846 1182 ἁγίων
860 1147 904 1176 οῦ-

123 1206 171 1224 σαν
194 1197 412 1233 ἀναγκαζόμενοι
428 1196 606 1232 προσίενται,
631 1196 694 1223 νοῦν
720 1196 749 1223 δὲ
774 1195 846 1231 ἔχειν
872 1196 905 1222 ὲκ

122 1243 223 1279 ταύτης
246 1244 341 1270 οὐδένα
369 1243 528 1278 βούλονται,
555 1243 731 1270 παντάπασιν
759 1241 905 1276 ἀδιανόητα

123 1289 296 1324 φθέγγονται,
323 1289 384 1316 κατ’
401 1289 493 1316 ἐκεῖνα
510 1288 565 1315 τῶν
589 1288 667 1320 ζώων
681 1287 715 1314 τὰ
738 1287 834 1321 ἄλογα,
849 1284 905 1313 οἷον

122 1336 171 1369 τὴν
187 1335 282 1361 κίτταν
296 1334 344 1361 καὶ
359 1334 496 1369 ἀκούομεν
510 1334 558 1360 καὶ
570 1333 679 1368 ὁρῶμεν
692 1332 784 1368 φωνὴν
800 1331 906 1367 ἀνορω-

123 1380 203 1414 πίνην
221 1380 453 1415 προσαλλομένην,
471 1379 485 1406 ὃ
500 1379 530 1406 δὲ
544 1379 570 1406 τί
585 1379 645 1405 ποτ’
668 1379 702 1405 ἂν
718 1379 766 1405 καὶ
778 1378 852 1412 λέγοι
868 1377 906 1413 μὴ

124 1427 271 1458 συνιεῖσαν,
283 1425 313 1452 οὐ
329 1425 401 1452 κατὰ
425 1425 526 1453 σκοπὸν
549 1425 604 1451 τῶν
629 1425 797 1452 διδασκάλων
812 1425 907 1459 ἀναγι-

123 1471 275 1503 νώσκοντες
285 1492 294 1505 ,
321 1472 345 1499 οἳ
367 1471 444 1498 ταῦθ’
459 1471 529 1506 ὑπὲρ
545 1470 625 1506 ἡμῶν
645 1471 906 1507 ἐπραγματεύσαντο
918 1480 940 1510 c

124 1516 222 1543 πάντα.
242 1516 272 1542 Εἰ
294 1516 317 1542 δ’
339 1515 377 1547 ὡς
398 1515 538 1550 ἄνθρωποι
564 1515 611 1542 καί
625 1523 687 1542 τινα
710 1515 773 1542 νοῦν
788 1515 860 1550 ἔχειν
874 1515 906 1542 ἐκ

123 1563 174 1597 τῆς
200 1562 300 1595 λέξεως
327 1561 486 1596 βούλονται,
501 1561 528 1588 τί
543 1561 582 1596 τῷ
609 1561 754 1596 γράμματι
780 1560 906 1595 καθάπερ

131 1608 254 1636 Ἰουδαῖοι
277 1608 493 1644 προσπταίοντες
518 1608 688 1643 πάσχουσινς
716 1607 785 1642 ὅπερ
801 1607 815 1633 ό
835 1606 906 1637 θεῖος

126 1653 264 1685 Διονύσιος
287 1653 384 1686 ἄλογον
409 1652 457 1679 καὶ
481 1652 576 1678 σκαιὸν
590 1649 661 1678 εἶναι
678 1651 763 1685 λέγει,
777 1651 808 1677 τὺ
823 1651 861 1686 μὴ
872 1652 906 1686 τῇ

125 1699 239 1733 δυνάμει
256 1698 303 1725 τοῦ
319 1697 422 1724 σκοποῦ
447 1697 604 1732 προσέχειν,
631 1697 699 1724 ἀλλὰ
715 1698 776 1728 ταῖς
795 1697 884 1729 λέξεσι
898 1706 905 1729 ς

127 1744 174 1770 καὶ
190 1744 285 1778 ὥσπερ
301 1743 389 1779 νήπια
405 1739 551 1778 φοϐοῦνται
577 1743 671 1778 φόϐον,
685 1744 753 1770 ὅπου
775 1743 826 1770 οὐκ
850 1744 908 1770 ἐστι

126 1789 228 1824 φόδο;;
254 1789 323 1816 ἀλλὰ
346 1789 385 1825 μὴ
403 1789 471 1823 πρὸς
484 1789 530 1815 τὸν
546 1788 609 1815 νοῦν
631 1789 756 1824 ἀφορῶσι
770 1790 823 1815 τῶν
837 1789 923 1815 διδαυ

127 1836 245 1868 σκάλων,
263 1835 292 1868 ἐξ
308 1833 345 1862 ὧν
373 1834 464 1866 αὐτοῖς
490 1833 523 1860 ἂν
540 1834 633 1860 εἵπετο
653 1835 728 1861 πᾶσα
753 1834 909 1868 καθαρότης

125 1881 181 1907 τῶν
198 1879 303 1914 λογων;
317 1880 374 1906 Νῦν
389 1880 444 1914 γὰρ
460 1879 527 1914 πρὸς
546 1880 645 1912 αὐτοὺς
670 1881 837 1914 ἀφορῶντες,
862 1882 910 1907 καὶ

125 1925 182 1953 οἷον
198 1927 291 1957 αὐτοῖς
306 1926 417 1952 κανόσιν
440 1925 500 1952 οὖσι
517 1927 579 1957 τοὺς
601 1926 696 1960 λόγους
713 1927 908 1962 προσάγοντες,

126 1970 177 2001 τὰς
194 1971 282 2006 ἀρχὰς
306 1971 355 2004 τῆς
374 1970 492 2001 πίστεως
509 1969 662 2005 ἀναιροῦσι,
687 1971 735 1997 καὶ
762 1970 910 2006 βλάσφημα

127 2015 252 2050 περὶτοῦ
265 2015 333 2042 Θεοῦ
351 2015 593 2055 συμπεραίνουσιν.
610 2016 647 2042 Οὐ
663 2016 718 2050 γὰρ
738 2015 871 2051 δήπουθεν
885 2016 910 2042 οἰ

127 2061 284 2090 διδάσκαλοι
297 2061 343 2088 δύο
357 2061 451 2091 οὐσίας
467 2061 499 2086 ἐκ
515 2060 562 2087 τοῦ
575 2060 656 2094 λόγου
672 2061 742 2087 νοεῖν
756 2060 908 2096 βούλονται,

127 2107 378 2141 ἀπεσχοινισμένας
403 2105 544 2140 ἀλλήλων,
576 2105 685 2141 ἀριθμῷ
711 2106 909 2140 διαφερούσας,

585 92 634 123 DE
654 92 911 123 PROCESSIONE
930 91 1110 122 SPIlllTUS
1128 90 1270 120 SANCTI.

1654 91 1660 96 ”
1678 92 1730 124 906

950 147 1126 181 recipiantur.
1144 145 1231 173 Patris
1247 149 1338 172 autem
1351 149 1377 171 ct
1394 144 1455 172 Filii
1468 152 1567 173 nomen
1581 153 1615 173 ex
1631 147 1665 174 iis
1678 153 1731 180 est,

948 200 1009 226 qua:
1024 196 1088 219 sunt
1109 193 1142 219 ad
1159 191 1279 226 aliquid,
1295 195 1323 218 et
1345 198 1475 225 personas
1489 192 1644 219 necessario
1660 192 1733 219 indi-

947 241 1022 269 cant,
1036 244 1097 271 qua:
1119 243 1148 263 se
1164 235 1267 262 habent
1289 236 1405 263 relative
1419 236 1453 262 ad
1469 236 1584 263 invicem
1598 245 1606 269 ;
1629 236 1733 264 idcirco

949 282 1039 310 dicere
1064 282 1244 310 substantiam
1269 282 1369 313 Patris,
1393 289 1525 316 generare
1547 282 1728 310 substantiam

950 329 1023 362 Filii,
1036 335 1133 355 verum
1148 333 1200 359 est,
1216 328 1280 362 quia
1298 335 1346 361 per
1361 327 1542 355 substantiam
1559 327 1649 354 Patris
1662 327 1731 354 nihil

948 373 1023 401 aliud
1045 373 1201 408 intelligere
1226 372 1307 406 licet,
1329 380 1412 407 quain
1435 373 1601 407 hypostasim
1629 373 1729 405 Patris,

949 427 996 448 seu
1020 427 1177 455 personam.
1199 419 1357 454 Hypostasis
1373 424 1483 451 autem,
1507 424 1646 447 ostensum
1672 424 1731 453 est,

949 473 1009 494 esse
1023 473 1168 493 commune
1186 472 1247 492 cum
1260 465 1391 500 proprio;
1408 470 1435 493 et
1453 465 1604 493 substantia
1620 466 1730 500 quidem

949 518 1094 539 commune
1116 515 1179 543 est;
1202 510 1268 537 illud
1286 518 1352 538 vero
1373 511 1453 538 Pater
1469 512 1610 545 proprium
1627 518 1669 539 est
1684 512 1734 547 (si-

950 557 1061 592 quidem
1077 564 1130 583 non
1155 561 1198 583 cst
1222 563 1291 590 opus
1307 556 1420 587 sentire,
1442 556 1524 583 aliam
1541 557 1651 591 quid-1n
1674 550 1735 584 esse

950 611 1007 630 rem
1038 602 1231 634 substantiam,
1257 602 1338 628 aliam
1365 609 1430 629 vero
1456 602 1635 637 hypostasim,
1661 603 1733 630 aliud

950 653 1040 675 autem
1057 647 1177 678 Patrem,
1193 647 1266 674 aliud
1287 647 1492 681 paternitatem,
1509 648 1581 681 quod
1602 655 1655 675 una
1672 656 1735 675 cum

952 693 1091 728 impietate
1113 694 1228 720 multum
1243 694 1325 720 etiam
1343 693 1424 720 habet
1437 694 1571 728 stultitia:)
1582 713 1590 726 ,
1606 700 1633 722 et
1646 694 1735 722 simile

951 745 1008 773 est,
1037 748 1068 768 ac
1094 740 1117 767 si
1144 740 1294 773 diceretur,
1326 739 1414 767 Patris
1445 740 1600 775 hypostasis
1623 745 1736 776 generat

953 786 1118 821 bypostasim
1132 786 1205 818 Filii,
1219 785 1293 820 quod
1311 792 1377 812 sane
1390 785 1466 820 juxta
1489 786 1653 820 positionem
1671 787 1735 814 ﬂdci

953 837 1004 860 est.
1020 831 1083 859 [hcc
1098 833 1181 866 igitur
1199 832 1308 866 penitus
1322 832 1491 867 ignorarunt,
1509 840 1578 868 quos
1591 833 1736 868 oportebat

953 879 994 905 vel
1007 885 1021 904 a
1035 877 1144 912 seipsis,
1154 878 1196 904 vol
1212 878 1246 904 ab
1258 877 1320 905 aliis
1334 877 1458 909 edoctus,
1476 885 1530 905 non
1545 878 1614 906 adeo
1631 886 1646 906 a
1661 879 1736 906 veri-

953 929 1008 952 tate
1033 925 1171 958 aberrare,
1198 931 1287 958 neque
1314 931 1344 952 se
1368 924 1506 959 sapientes
1520 932 1582 952 esse
1606 932 1668 951 cum
1695 926 1735 952 ia-

954 974 1072 1002 teantur,
1093 969 1228 1004 desipere.
1243 968 1373 1002 Quamvis
1388 977 1450 996 cum
1474 969 1575 996 dicitur
1591 969 1651 996 Filii
1672 971 1737 997 sub-

953 1014 1054 1041 stantia
1072 1021 1106 1041 ex
1122 1013 1277 1041 substantia
1294 1013 1384 1040 Patris
1396 1013 1532 1048 generari,
1548 1021 1614 1040 num
1631 1013 1735 1044 sensui,

953 1068 986 1086 an
1004 1059 1095 1087 verbis
1111 1058 1322 1086 contradicunt?
1335 1058 1363 1086 Si
1379 1060 1451 1086 enim
1465 1058 1569 1091 sensui,
1582 1059 1607 1085 in
1625 1067 1738 1086 numero

955 1104 1104 1132 inﬁdelium
1129 1104 1321 1136 collocentur;
1354 1104 1453 1139 quippe
1477 1103 1522 1139 qui
1557 1104 1737 1131 substantiam

954 1150 1016 1178 Filii
1034 1157 1049 1177 a
1066 1150 1217 1177 substantia
1233 1149 1322 1176 Patris
1337 1149 1470 1176 alienant.
1487 1148 1535 1176 Sin
1561 1149 1672 1176 moduni
1690 1149 1740 1175 di-

954 1196 1035 1224 cendi
1049 1204 1103 1223 non
1119 1196 1255 1231 rccipiunt
1266 1216 1273 1228 ,
1292 1195 1367 1230 atqui
1385 1196 1511 1222 doctores
1525 1195 1561 1222 ita
1578 1195 1739 1229 loquuntur.

960 1241 1037 1275 Quod
1062 1241 1084 1268 si
1112 1242 1261 1269 dictionem
1286 1241 1396 1276 quidem
1422 1246 1550 1275 tanquam
1579 1246 1738 1269 sanctorum

954 1287 1130 1314 exsistentem
1140 1287 1227 1314 coacti
1240 1287 1398 1319 admittunt,
1405 1294 1516 1314 sensum
1529 1291 1619 1314 autem
1633 1287 1738 1314 nullum

955 1340 988 1360 ex
1003 1332 1052 1360 hoc
1068 1333 1148 1360 modo
1164 1332 1292 1367 loquendi
1309 1332 1433 1366 eliciunt,
1455 1332 1613 1360 omnimodo
1629 1332 1740 1360 ininici-

955 1378 1068 1414 ligibilia
1091 1379 1252 1413 loquuntur,
1273 1378 1307 1406 ad
1341 1379 1427 1406 instar
1448 1378 1560 1406 illorum
1582 1378 1740 1406 animalium

958 1424 1197 1457 irrationabiiium,
1210 1424 1301 1459 qualis
1314 1429 1357 1452 est
1376 1424 1450 1459 pica,
1468 1432 1548 1459 quam
1570 1424 1695 1452 audimus
1715 1429 1742 1451 et

957 1469 1082 1497 videmus
1094 1477 1189 1497 vocem
1203 1469 1350 1496 humanam
1363 1470 1558 1504 proferentem,
1570 1470 1636 1505 quid
1650 1475 1741 1498 autem

958 1515 1005 1548 sit,
1020 1515 1093 1549 quod
1106 1514 1184 1546 dicit,
1203 1522 1258 1541 non
1277 1515 1475 1549 intelligentem
1495 1524 1501 1539 :
1518 1523 1571 1542 r-ou
1589 1516 1741 1543 secundum

958 1565 1078 1588 mentem
1103 1559 1248 1588 doctorum
1272 1559 1404 1594 legentes,
1424 1562 1470 1595 qui
1494 1561 1551 1588 haec
1573 1561 1665 1588 omnia
1690 1569 1741 1596 pro

957 1605 1038 1633 nobis
1057 1604 1307 1638 tractarunt.Quod
1321 1605 1343 1632 si
1360 1609 1389 1632 ut
1406 1605 1532 1633 homines
1546 1606 1665 1641 aliquem
1679 1614 1743 1634 scn-

958 1658 1018 1678 sum
1036 1658 1070 1679 ex
1086 1650 1220 1678 voeabqu
1244 1655 1356 1683 eruunt,
1372 1659 1460 1685 quare
1476 1651 1579 1684 littera,
1603 1657 1633 1679 ut
1654 1652 1741 1680 1ῐιιιίίιιί

958 1695 1138 1724 offenduntur
1149 1697 1160 1723 ί
1173 1697 1295 1732 illudque
1309 1697 1451 1731 patiuntur
1463 1698 1537 1732 quod
1555 1698 1665 1725 divinus
1677 1698 1743 1726 Dio-

959 1742 1236 1778 nysiusirrationale,
1257 1751 1289 1770 ac
1312 1743 1425 1771 stultum
1450 1751 1513 1771 esse
1532 1736 1655 1772 asserit?
1668 1745 1743 1780 quod

959 1795 1014 1816 non
1026 1788 1058 1815 ad
1074 1788 1129 1816 vim
1143 1796 1250 1822 sensus,
1265 1789 1313 1816 sed
1327 1789 1360 1816 ad
1374 1790 1510 1817 dictiones
1524 1791 1647 1818 animum
1661 1791 1743 1818 adhi-

959 1835 1063 1862 beant?
1077 1839 1104 1862 et
1125 1835 1198 1862 sicut
1220 1835 1326 1869 parvuli
1345 1835 1469 1862 timorem
1485 1836 1607 1866 timeant.
1625 1837 1672 1864 ubi
1689 1845 1743 1864 non

959 1884 1001 1907 est
1017 1880 1115 1907 timor?
1130 1887 1218 1915 neque
1234 1880 1268 1907 ad
1285 1885 1402 1908 mentem
1416 1881 1558 1908 dovtorum
1575 1881 1745 1916 respiciant?

959 1933 992 1953 ex
1005 1926 1107 1961 quibus
1124 1930 1287 1960 sequeretur
1303 1926 1370 1960 ipsis
1383 1927 1529 1954 verborum
1542 1927 1744 1961 perspicuitas?

960 1972 1039 2000 Nune
1063 1979 1130 1998 vero
1155 1971 1189 1998 ad
1218 1971 1293 2006 ipsos
1325 1971 1522 2005 respicientes,
1548 1977 1630 2007 atque
1658 1973 1743 2000 veluti

960 2018 1069 2053 regulas
1093 2025 1206 2045 suorum
1241 2017 1378 2044 dictorum
1404 2017 1586 2051 adhibentes,
1611 2019 1746 2054 principia

962 2063 1023 2090 ﬁdei
1038 2063 1147 2096 tollunt,
1161 2069 1245 2097 atque
1266 2063 1425 2097 blasphema
1445 2064 1478 2091 de
1498 2064 1553 2091 Deo
1566 2065 1746 2092 concludunt.

961 2109 1021 2136 Non
1044 2109 1118 2135 enim
1142 2108 1266 2143 profecto
1284 2108 1411 2136 doctores
1435 2110 1503 2137 duas
1525 2107 1694 2138 substantias
1708 2118 1742 2137 ex

125 2152 186 2179 ἀλλ’
200 2153 241 2179 ὃτι
257 2153 312 2179 τῶν
336 2152 490 2187 ⁴ιιροσώιιιων
512 2151 628 2179 ἕκαστον
641 2152 773 2184 ὲνούσιον,
790 2153 837 2178 καὶ
850 2153 906 2179 καθ¹

965 2154 1012 2181 illo
1031 2160 1158 2181 sermone
1183 2154 1335 2189 intelligere
1351 2154 1447 2181 volunt
1461 2155 1599 2190 sejunctas
1619 2156 1654 2182 ab
1675 2155 1746 2183 invi-

126 2199 195 2225 αὖτδ
218 2198 341 2233 ὑφεστὼς
357 2198 443 2231 ἴσασι,
458 2198 504 2224 καὶ
522 2197 584 2224 οὔτε
602 2198 652 2233 τὴν
667 2198 817 2224 ὑπόστασιν
832 2198 912 2224 ἀῦοὺ-

126 2253 197 2277 σιον,
212 2244 266 2271 οὐδ’
280 2242 314 2271 αὖ
338 2244 433 2270 οὐσίαν
447 2245 635 2271 ἀνυπόστατον
652 2244 752 2270 ἐκεῖνοι
767 2244 834 2278 φασί
846 2253 853 2260 ·
867 2244 912 2271 διὰ

128 2290 181 2324 μὲν
196 2289 244 2316 τοῦ
268 2289 331 2320 Υίὸς
347 2289 396 2324 τὴν
412 2289 560 2316 ὑπόστασιν
576 2289 592 2324 ἥ
609 2290 639 2315 τὸ
662 2290 808 2324 πρόσωπον
833 2298 913 2324 παρι-

127 2335 258 2367 στῶντες,
285 2335 328 2361 διὰ
353 2335 382 2362 δὲ
396 2335 445 2368 τῆς
469 2335 563 2366 οὐσίας
586 2335 709 2361 ἑνούσιον
734 2336 781 2362 καὶ
805 2335 913 2362 τελείαν

126 2380 226 2407 οὐσίαν
240 2381 444 2416 σαφηνίζοντες,
461 2381 509 2407 καὶ
521 2380 616 2407 οὐσίαν
630 2380 695 2407 Υίοῦ
709 2381 771 2408 ἀντὶ
783 2381 832 2415 τῆς
849 2381 915 2407 ὕπο-

127 2427 252 2458 στάσεως
273 2426 356 2453 αὐτοῦ
385 2425 624 2461 ἐκλαμϐάνοντες’
647 2425 717 2452 ὥστε
742 2426 793 2460 τῆς
816 2426 915 2458 λέξεως

126 2472 185 2498 τῶν
208 2472 376 2499 διδασκάλων
404 2471 473 2505 μετὰ
487 2472 538 2506 τῆς
555 2471 717 2506 πρεπούσης
736 2471 841 2503 ἑννοίας
857 2472 916 2506 ἑχό-

129 2526 219 2553 μενοι,
247 2517 306 2553 μεθ’
321 2517 401 2553 ἡμῶν
416 2525 445 2543 τι
469 2517 604 2543 κάκείνων
623 2517 791 2544 ἐστάτωσαν.
809 2517 916 2551 Ὠσπερ

128 2564 185 2598 γὰρ
197 2563 243 2589 τὸν
258 2562 321 2588 Υίδν
337 2563 370 2588 ὲκ
386 2561 431 2588 τοῦ
449 2561 518 2588 Θεοῦ
532 2559 603 2588 εἶναι
616 2561 744 2596 λέγομεν,
767 2562 815 2588 καὶ
828 2562 857 2588 οὺ
871 2562 917 2597 δή·

128 2617 184 2635 που
200 2608 267 2635 διότι
281 2609 295 2635 ὁ
317 2608 380 2640 Υἱὸς
397 2608 463 2639 Θεός
485 2609 554 2640 ἐστι,
575 2608 623 2634 καὶ
635 2609 648 2634 ὁ
665 2608 759 2643 Πατὴρ
775 2608 850 2641 Θεὸς,
871 2608 918 2634 καὶ

128 2654 161 2679 τὴ
181 2652 290 2686 Πνεῦμα
310 2653 340 2679 τὸ
356 2652 433 2686 ἅγιον
451 2653 528 2684 Θεὸς,
546 2653 578 2678 τὺ
600 2653 676 2687 ῥῆμα
694 2651 916 2686 ἁποὸαλλόμεοα,

130 2700 177 2725 ἵνα
195 2699 233 2733 μὴ
248 2697 470 2732 ἀναγκαζώμεθα
494 2697 575 2732 δῆθεν
590 2697 606 2732 ἢ
629 2698 675 2723 τὸν
691 2697 754 2723 Υίὺν
765 2697 795 2729 ἐξ
820 2696 918 2724 ἑαυτοῦ

129 2745 224 2778 λέγειν
238 2744 313 2775 ὖντος
328 2743 407 2776 Θεοῦ,
428 2743 445 2778 ἢ
461 2744 493 2769 ὲκ
508 2742 554 2769 τοῦ
573 2743 651 2776 ἁγίου
670 2742 841 2778 Πνεύματος,
860 2743 919 2769 ἀλλ’

132 2789 236 2821 εἰδότες
249 2789 296 2816 δύο
322 2788 451 2824 προόδους
465 2789 494 2815 ὲν
508 2787 547 2821 τῷ
561 2787 620 2822 θεῷ
636 2786 717 2818 οὖσας
736 2787 855 2822 φυσικὰς
871 2789 917 2815 καὶ

257 2837 393 2867 Parnm.
412 2836 472 2867 Gtt.
494 2832 596 2865 CLIV.

963 2206 1023 2226 cem
1044 2199 1202 2227 differentes
1224 2207 1352 2233 numero,
1365 2200 1412 2227 sed
1425 2201 1498 2234 quod
1524 2208 1747 2235 unamquamque

963 2251 1106 2278 personam
1132 2245 1331 2277 exsistentem,
1359 2249 1387 2273 et
1410 2253 1459 2280 per
1488 2253 1518 2273 se
1549 2246 1745 2274 subsistentem

963 2296 1083 2323 norunt;
1098 2294 1127 2317 et
1151 2297 1240 2324 neque
1255 2290 1421 2326 hypostasim
1437 2290 1497 2318 sine
1517 2291 1683 2324 substantia,
1696 2299 1746 2318 nc-

964 2344 1018 2370 que
1034 2335 1218 2363 substantiam
1232 2336 1291 2363 sine
1304 2336 1444 2371 hypostasi
1457 2344 1518 2364 esse
1534 2338 1585 2372 ipsi
1599 2343 1726 2365 asserunt
1739 2347 1746 2364 :

966 2389 1014 2416 per
1028 2381 1101 2408 illam
1115 2389 1223 2414 vocent,
1240 2382 1336 2414 Filius,
1354 2382 1519 2417 hyposlasim
1540 2392 1586 2410 st'll
1600 2391 1745 2418 personant

965 2427 1139 2460 indicantes;
1165 2434 1214 2461 per
1235 2428 1415 2455 substantiam
1431 2433 1534 2461 autent,
1551 2430 1746 2456 subsistentem

966 2472 1170 2508 perfectamque
1185 2473 1364 2500 substantiam
1382 2474 1560 2507 explicantes,
1581 2481 1663 2508 atque
1679 2476 1746 2502 sub-

967 2519 1094 2546 stantiam
1120 2519 1180 2546 Filii
1207 2519 1269 2546 loco
1292 2520 1352 2555 ejus
1366 2520 1543 2555 ltypostascos
1566 2521 1743 2555 accipientes.

968 2565 1062 2599 [taque
1086 2565 1200 2592 dictioni
1218 2565 1360 2593 doctorum
1386 2574 1447 2593 cum
1475 2567 1646 2593 convcnicnti
1664 2574 1748 2594 sensu

968 2609 1139 2637 adhmrentes
1162 2611 1317 2643 nobiscum,
1335 2616 1363 2638 et
1379 2619 1441 2638 cum
1467 2612 1533 2646 ipsis
1551 2617 1635 2639 stent.
1651 2613 1751 2644 Quem-

968 2654 1115 2681 admodum
1139 2655 1236 2683 Filium
1266 2664 1300 2683 ex
1325 2657 1380 2684 Deo
1402 2665 1462 2684 esse
1478 2658 1604 2689 dicimus.
1620 2663 1647 2685 et
1675 2664 1750 2686 certe

970 2708 1024 2726 nou
1037 2705 1190 2734 propterea,
1202 2701 1266 2736 quia
1280 2702 1365 2729 Filius
1376 2702 1448 2729 Deus
1462 2707 1514 2733 cst.
1528 2708 1556 2729 et
1569 2703 1649 2730 Pater
1667 2703 1751 2736 Deus,

969 2751 996 2772 et
1021 2744 1141 2778 Spiritus
1161 2751 1272 2773 sanctus
1290 2747 1371 2779 Deus,
1397 2747 1450 2776 hoc
1467 2748 1580 2776 verbum
1601 2748 1750 2783 rejictmus,

971 2798 1005 2817 ne
1021 2797 1152 2825 cogamur
1167 2798 1232 2818 sane
1249 2792 1290 2819 vel
1314 2792 1412 2819 Filium
1429 2801 1443 2820 a
1459 2801 1488 2820 se
1507 2794 1610 2827 dicere,
1631 2801 1694 2821 cum
1715 2793 1752 2823 sit

1495 2840 1535 2869 29
