1942 3091
139 132 192 164 90}

591 133 639 163 DE
662 133 924 164 PllOCESSlONE
947 133 1127 164 SPllllTUS
1147 134 1294 163 SANCTI.

1694 132 1748 165 910

138 191 186 226 τὴν
207 189 319 224 πλάνην,
340 189 426 218 ταῦτά
458 190 541 218 ἐστιν.
565 191 672 224 Ἤγαγε
695 191 723 217 δὲ
753 191 849 222 αὐτοὺς
871 192 915 217 ὲπῖ

969 198 1089 218 errorem
1107 192 1162 218 hare
1181 196 1256 222 sunt,
1271 195 1351 225 atque
1368 190 1394 217 in
1412 191 1482 218 lianc
1496 188 1603 223 nov'am,
1619 196 1648 219 et
1662 192 1750 227 inopi-

139 237 189 271 τὴν
204 236 358 270 παράλογον
371 236 497 263 ἔνστασιν
511 236 624 272 ταύτην,
639 237 709 263 ὥστε
724 237 761 272 μὴ
775 237 916 271 ὁμολογεῖν

137 282 169 308 ἐκ
185 282 233 316 τῆς
248 281 343 312 οὐσίας
357 281 403 307 τοῦ
424 281 528 315 Πατρδς
545 279 615 308 εἶναι
638 281 684 308 τὸν
708 281 784 313 Υιὺν,
800 282 831 307 τὸ
854 280 917 314 σφό-

136 330 187 363 δρα
209 326 366 354 ἐνίστασθαι
389 327 458 361 πρὸς
473 328 537 359 τοὺς
555 328 586 354 τὺ
606 328 718 362 Πνεῦμα
741 327 772 354 τὸ
793 327 869 360 ἆγιον
885 327 918 353 ἐκ

135 372 184 398 τοῦ
211 372 316 406 Πατρὸς
331 374 379 398 καὶ
401 373 450 397 τοῦ
478 372 543 398 Υίοῠ
569 371 768 406 ἐκπορεύεσθαι
794 371 917 406 διομολο-

136 417 260 450 γοίντας.
276 414 354 443 Οὗτοι
369 417 423 452 γὰρ
439 416 532 451 σαφῶς
549 417 582 442 ἑκ
609 416 714 443 πολλῶν
727 417 815 443 ἄλλων
827 415 918 442 πειθό-

137 471 213 499 μενοι
239 463 402 498 βεϐαιότατα
424 462 455 490 τὸ
484 463 594 497 Πνεῦμα
609 463 638 490 τὸ
659 464 737 496 ἅγιον
761 463 790 496 ἐξ
815 464 918 498 ἀμφοῖν

135 509 345 544 ἐκπορεύεσθαι,
361 509 408 536 καὶ
430 509 462 544 δὴ
477 509 524 536 καὶ
545 509 601 536 ἀπὸ
617 509 712 535 τούτου
734 509 775 535 ὅτι
797 509 826 535 τὺ
851 508 918 535 αὐτὸ

136 556 182 582 καὶ
197 554 225 581 ἓν
239 555 318 589 ἅγιον
333 555 447 589 Πνεῦμα.
460 556 492 581 ὲκ
505 555 553 589 τῆς
574 555 666 586 οὐσίας
681 554 729 581 τοῦ
743 555 849 589 Πατρῦς
869 555 917 581 καὶ

134 601 182 627 τοῦ
198 601 263 627 Υίού
277 601 335 631 τοῖς
358 600 494 634 θεολόγοις
507 600 625 636 εἴρηται,
638 600 787 627 κάντεῦθεν
810 601 914 636 ἐπιχει-

136 646 246 681 ροῦντες
261 646 306 672 καὶ
321 646 440 678 εὐσεϐῶς
456 646 688 681 συμπεραίνοντες
703 646 735 672 ὲκ
748 646 796 672 τοῦ
810 645 918 682 Πατρδς
935 656 945 659 -

135 691 184 718 καὶ
204 691 250 718 τοῦ
269 691 334 717 Υίοῦ
360 691 409 726 τὴν
436 691 555 726 ὓπαρξιν
578 691 661 726 ἔχειν,
684 691 768 718 ταυτδ
794 692 866 719 κατὰ
887 692 918 719 τὸ

136 737 252 772 πρᾶγμα
268 736 441 768 πιστεύοντες
456 737 550 763 οὐσίαν
574 740 623 764 καὶ
647 738 807 770 ὑπόστασιν,
823 738 870 764 καὶ
886 737 917 764 τὸ

134 783 182 809 τοῦ
197 783 303 817 Πατρδς
317 782 402 818 ὄνομα
416 783 510 809 οὐσίαν
531 783 713 809 ἐνυπόστατον
739 783 786 810 καὶ
809 783 918 819 πρόσω-

135 837 186 855 πον
203 829 357 863 σημαίνειν,
376 828 424 854 καὶ
436 829 492 855 ῐσον
508 829 656 867 ἡγούμενοι
671 829 700 855 τὸ
711 829 743 855 ὲκ
757 829 806 863 τῆς
820 828 916 859 οὐσίας

135 873 184 900 τοῦ
201 874 348 909 προσώπου
359 874 398 910 τῷ
410 873 500 908 λέγειν
516 875 548 901 ἐκ
560 874 609 909 τῆς
624 874 808 907 ὑποστάσεως,
822 873 916 909 ὥσπερ

136 918 184 946 καὶ
206 919 238 945 τὺ
258 920 304 946 τὸν
322 919 385 946 Υἰδν
411 920 443 946 ὲκ
467 920 516 955 τῆς
541 919 588 946 τοῦ
614 920 720 955 Πατρὺς
743 920 916 952 ὑποστάσεως

135 965 183 992 καὶ
200 965 250 999 τῆς
266 966 360 998 οὐσίας
384 966 466 993 αὑτοῦ
484 965 631 1000 γεννᾶσθαι
657 965 794 999 λέγεσθαι,
807 965 838 991 οὐ
857 965 916 991 διαο

137 1011 230 1045 φέρειν
258 1011 409 1046 ἡγούμεθα,
431 1013 547 1039 Ἐκεῖνοι
576 1011 646 1045 πρὸς
676 1011 706 1046 το
732 1012 916 1046 συναγόμενον

135 1055 224 1090 ἀηδῶς
246 1055 364 1091 ἔχοντες,
382 1056 424 1082 ὅτι
444 1057 474 1083 οὑ
499 1055 651 1091 βούλονται,
669 1056 713 1083 ἵνα
735 1057 773 1090 μὴ
795 1057 915 1091 ἀναγκά-

135 1099 246 1131 ζωνται,
265 1099 392 1135 καθάπερ
417 1101 448 1126 τὸ
474 1100 519 1127 τὸν
535 1101 598 1127 Υίὸν
622 1101 654 1127 ὲκ
675 1102 724 1135 τῆς
740 1101 787 1128 τοῦ
808 1101 916 1136 Πατρὸς

136 1141 205 1170 εἶναι
221 1144 408 1178 ὑποστάσεως,
418 1146 466 1173 καὶ
479 1146 510 1173 τὸ
523 1147 556 1172 ὲκ
571 1146 622 1180 τῆς
636 1146 732 1178 οὐσίας
745 1147 828 1174 αὐτοῦ
846 1148 916 1182 πρὸς

135 1189 238 1224 ᾱλληλα
270 1190 320 1225 οὑχ
351 1190 491 1226 ἡγούμεθα
515 1191 674 1226 διαφέρειν,
703 1190 775 1218 οὑτω
804 1192 853 1219 καὶ
884 1192 915 1218 τὸ

137 1235 248 1273 Πνεῦμα
264 1235 295 1261 τὸ
313 1235 389 1269 ἇγιον
409 1237 442 1262 ἐκ
460 1237 509 1271 τῆς
531 1236 705 1268 ὑποστάσεως
728 1237 775 1264 τοῦ
790 1236 853 1264 Υεοῦ
868 1236 917 1264 καὶ

135 1281 184 1316 τῆς
199 1280 293 1312 οὐσίας
305 1281 389 1308 αὐτοῦ
403 1281 493 1315 λέγειν
507 1278 577 1308 εἶναι
588 1281 747 1316 ἀδιάφορον,
768 1281 915 1309 γάιτεῦθεν

138 1325 207 1360 μετὰ
222 1326 269 1352 τοῦ
285 1326 390 1362 Πατρδς
404 1327 450 1353 τὸν
466 1326 530 1353 Υίδν
545 1327 574 1354 ἐν
590 1327 637 1353 τοῦ
653 1326 812 1361 Πνεύματο;
828 1327 915 1355 αἴτιον

135 1370 372 1406 συνομολογοῦσιν,
397 1370 428 1398 οὐ
454 1380 520 1406 φασι
543 1372 588 1398 τὸν
608 1371 672 1398 Υίὸν
696 1373 728 1398 ὲκ
748 1372 798 1406 τῆς
822 1372 915 1404 οὐσίας

135 1413 206 1441 εἶναι
231 1416 280 1442 τοῦ
299 1416 416 1450 Πατρὸς,
431 1417 462 1443 ἐκ
488 1416 517 1442 δὲ
544 1416 593 1450 τῆς
617 1416 793 1448 ὑποστάσεως
823 1417 913 1451 μόνον,

135 1460 213 1495 κακῷ
230 1461 261 1487 τὸ
285 1462 372 1488 κακον
392 1462 512 1496 ἰώμενοι,
535 1462 585 1496 τὴν
608 1462 659 1497 μὲν
679 1463 772 1489 οὐσίαν
793 1463 864 1489 κατὰ
885 1463 915 1489 τὸ

135 1506 252 1541 πρᾶγμα
267 1506 316 1540 τῆς
331 1506 507 1539 ὑποστάσεως
528 1507 623 1542 ἕτερον
640 1507 789 1542 τιθέμενοι,
803 1508 910 1540 πολλοῖς
929 1525 949 1553 c

135 1552 163 1578 δὲ
188 1552 297 1582 ἀτόποις
313 1552 484 1590 ἐνεχόμενοι.
512 1553 543 1580 Et
568 1553 600 1587 δὴ
631 1553 756 1587 φαίνεται
783 1553 915 1588 θεωροῦσι

83 1621 86 1623 .
136 1597 222 1624 πολλὰ
245 1597 295 1632 μὲν
317 1598 349 1624 ἐκ
369 1598 463 1624 τούτου
485 1598 650 1632 συνάγεσθαι
673 1598 773 1630 ἄτοπα,
787 1598 915 1625 πολλὰδὲ

135 1643 191 1670 τῶν
211 1643 436 1677 ὁμολογουμένων
462 1643 647 1678 ἀναιρεῖσθαι,
677 1644 724 1670 καὶ
753 1644 826 1675 ὁπως
851 1644 916 1671 ἄλλο

136 1689 214 1716 οὐσία
237 1690 284 1716 καὶ
301 1689 363 1715 ἄλλο
383 1690 531 1721 ὑπόστασις
554 1690 671 1724 είρηται,
687 1690 703 1725 ἦ
721 1698 750 1716 τε
776 1690 853 1716 οὐσία
869 1691 916 1717 καὶ

137 1735 286 1766 ὑπόστασις
312 1735 360 1762 καὶ
382 1737 399 1770 ἡ
423 1735 522 1770 ἰδιότης
542 1735 626 1761 ταύτὸ
649 1735 720 1762 κατὰ
743 1736 773 1762 τὸ
799 1735 916 1770 πρᾶγμά

136 1782 206 1812 ἔστι,
223 1781 270 1807 καὶ
282 1781 324 1807 ὅτι
338 1780 369 1807 τὸ
387 1781 419 1807 ὲκ
437 1781 486 1816 τῆς
503 1781 598 1811 οὐσίας
613 1781 660 1807 τοῦ
677 1781 784 1815 Πατρὸς
804 1781 861 1807 ῑσον
876 1781 915 1816 τῷ

135 1827 168 1854 ἐκ
194 1827 244 1861 τῆς
272 1827 449 1857 ὑποστάσεως
479 1826 573 1858 αὑτοῦ,
602 1827 645 1853 ἵνα
674 1826 712 1862 μὴ
735 1827 775 1858 είς
799 1827 916 1858 ἀτόπους

136 1872 342 1907 ὲκκυλισθῶμεν
363 1871 478 1905 ἑννοίας,
492 1872 610 1907 φανερὸν
638 1872 685 1899 καὶ
702 1873 731 1898 τὸ
748 1873 780 1899 ὲκ
802 1873 851 1904 τῆς
875 1873 916 1898 οὐ·

137 1920 199 1952 σίας
212 1918 259 1946 τοῦ
277 1918 342 1946 Υἱοῦ
359 1919 456 1945 ταυτὸν
478 1916 550 1946 εἶναι
572 1919 610 1952 τῷ
623 1919 655 1944 ὲκ
670 1918 719 1953 τῆς
739 1918 915 1950 ὑποστάσεως

136 1964 218 1991 αὐτοῦ
229 1972 236 1979 ·
252 1963 299 1990 καὶ
327 1962 403 1990 οὐδὲν
428 1963 527 1989 ἄτοπον
554 1964 610 1994 τοῖς
633 1963 666 1989 ἐκ
683 1962 730 1988 τοῦ
746 1963 852 1997 Πατρὸς
869 1963 917 1989 καὶ

136 2009 203 2036 Υἱοῦ
219 2009 249 2036 τὸ
262 2009 335 2035 θεῖον
351 2009 464 2043 Πνεῦμα
483 2008 531 2043 τὴν
546 2007 663 2044 ὓπαρξιν
685 2007 757 2043 ἔχειν
772 2007 918 2042 ὁμολογοῦ-

137 2063 179 2082 σιν
206 2054 356 2082 ἀκολουθεῖ.
385 2054 446 2085 Τοῖς
484 2054 538 2089 γὰρ
573 2054 651 2080 τοῦτο
677 2053 854 2089 ἀρνουμένοις
884 2053 917 2079 τὰ

136 2103 325 2138 προειρημένα
347 2102 435 2129 ἄτοπα
449 2102 556 2128 ἕπεται.
576 2101 632 2128 Οὐκ
648 2101 680 2128 ἂν
698 2101 727 2127 δὲ
747 2101 826 2127 τοῦτο
843 2101 919 2127 συνέ-

136 2147 239 2179 6αινεν,
250 2147 275 2173 εί
289 2146 327 2182 μὴ
341 2146 372 2172 τὸ
385 2145 578 2180 ὑποτιθέμενον
593 2145 691 2172 ἄτοπον
704 2144 751 2171 καὶ
766 2144 862 2179 ψεῦδος
872 2142 916 2179 ἦν.

969 241 1059 264 natam
1076 237 1232 264 instantiam
1249 244 1298 264 eos
1316 236 1432 269 induxit,
1451 242 1480 264 ut
1497 245 1549 265 non
1568 237 1749 266 conﬁteantur

969 290 1001 309 ex
1023 283 1174 309 subsmntia
1191 282 1278 309 Patris
1291 290 1351 309 esse
1368 282 1477 314 Filium,
1490 283 1562 316 quod
1575 283 1652 310 valde
1665 291 1751 319 oppu-

968 332 1083 362 gnarent
1092 335 1139 354 eos
1150 328 1195 361 qui
1210 327 1340 361 Spiritum
1354 332 1479 355 sanctum
1491 335 1523 355 cx
1535 328 1615 355 Patre
1625 328 1750 364 Filioque

968 372 1117 406 procedere
1141 372 1286 398 alIirmant.
1315 372 1347 398 lli
1371 373 1443 399 enim
1467 372 1610 400 manifeste
1634 381 1695 400 cum
1716 381 1750 400 ex

969 417 1062 444 multis
1071 417 1131 444 aliis
1143 417 1267 450 adducti,
1278 422 1308 444 ut
1319 417 1476 445 ﬁrmissime
1488 419 1609 450 credant,
1619 418 1749 453 Spiritum

968 465 1091 488 sanctum
1107 468 1139 488 ex
1152 461 1286 488 ambobus
1297 462 1455 496 procedere,
1471 467 1527 489 tuiu
1542 463 1624 490 etiam
1641 471 1674 490 ex
1686 463 1748 496 hoc,

967 507 1039 541 quod
1059 507 1130 534 idem
1151 512 1179 534 et
1194 515 1263 534 unus
1284 512 1396 535 sanctus
1412 507 1533 543 Spiritus
1549 516 1581 535 ex
1597 509 1749 536 substantia

969 551 1056 578 Patris
1071 556 1097 578 et
1113 552 1172 579 Filii
1186 562 1199 578 a
1217 552 1349 587 theologis
1365 552 1454 580 dictus
1471 554 1516 580 sit.
1533 553 1651 588 Indeque
1670 562 1751 589 argu-

968 601 1129 627 mentantes,
1145 597 1188 631 pie
1205 597 1378 629 concludent,
1392 605 1423 624 cx
1444 598 1522 625 Patre
1539 598 1661 633 Filioque
1676 599 1750 627 exsi-

968 642 1095 669 stentiam
1108 642 1222 675 habere;
1241 643 1310 670 idem
1330 645 1481 671 secundum
1497 652 1552 671 rem
1568 645 1748 673 substantiam

967 691 995 713 et
1009 687 1175 722 bypostasim
1187 688 1339 721 credentes,
1354 696 1381 715 et
1399 697 1498 717 nomen
1516 690 1603 718 Patris
1622 691 1751 718 substan-

968 733 1032 760 tiam
1055 733 1246 761 subsistentem
1269 739 1297 761 et
1319 742 1462 769 personam
1487 736 1649 770 signiﬁcare,
1669 743 1751 771 atque

967 780 1071 814 aequale
1087 780 1249 808 arbitrantes
1263 788 1334 812 esse,
1346 781 1368 808 si
1384 782 1445 815 quis
1457 781 1565 814 dixerit,
1576 791 1608 809 ex
1623 784 1750 811 substan-

968 826 1005 853 tia
1029 833 1164 860 personae.
1186 830 1213 853 et
1235 834 1268 853 ex
1291 827 1438 862 liypostasi.
1462 827 1696 861 Quemadmodum
1722 833 1750 857 et

933 863 954 891 Β
968 870 1053 898 Filius
1072 878 1105 898 ex
1132 871 1271 906 hypostasi
1295 872 1395 905 Patris,
1418 878 1446 900 et
1461 881 1493 900 ex
1516 874 1576 908 ejus
1597 874 1749 902 substantia

967 916 1091 951 generari
1108 916 1130 943 si
1150 916 1267 949 dicatur,
1284 917 1351 944 nihil
1368 917 1478 945 diﬂcrre
1494 918 1692 946 existimamus.
1708 919 1748 947 Illi

967 963 1169 990 conclusionem
1180 971 1249 998 aegre
1259 964 1388 996 ferentes,
1398 971 1479 998 quam
1490 965 1603 998 nollent,
1614 974 1647 993 ne
1655 974 1750 1001 quem-

965 1007 1113 1034 admodum
1138 1007 1238 1034 Filium
1258 1015 1319 1036 esse
1341 1015 1374 1035 ex
1396 1009 1533 1044 hypostasi
1558 1009 1654 1040 Patris.
1669 1016 1697 1038 et
1713 1018 1749 1037 cx

966 1052 1120 1080 substantia
1132 1053 1192 1087 ejus
1203 1053 1275 1080 inter
1285 1061 1314 1080 se
1329 1053 1438 1081 differre
1450 1062 1504 1081 non
1519 1054 1696 1086 arbitramur,
1712 1055 1749 1082 ita

965 1097 1047 1125 etiam
1075 1103 1207 1133 cogantur
1229 1098 1389 1126 indiﬂerens
1412 1106 1472 1126 esse
1496 1099 1588 1127 dicere
1616 1099 1749 1135 Spiritum

966 1148 1090 1172 sanctum
1098 1151 1131 1171 ex
1141 1143 1279 1178 bypostasi
1292 1143 1395 1177 Filii,el
1404 1151 1436 1171 ex
1449 1145 1599 1173 substantia
1608 1146 1668 1181 ejus
1677 1153 1747 1180 esse,

966 1190 1085 1225 indeque
1105 1197 1158 1216 una
1176 1197 1237 1216 cum
1255 1190 1334 1218 Patre
1349 1190 1449 1218 Filium
1461 1199 1542 1218 unam
1558 1199 1618 1219 esse
1638 1200 1749 1220 causam

966 1235 1118 1263 concedant
1129 1241 1156 1262 et
1167 1236 1314 1269 fateantur,
1327 1242 1427 1271 negant
1439 1236 1537 1264 Filium
1547 1245 1581 1265 ex
1593 1237 1748 1266 substantia

966 1289 1026 1309 esse
1045 1281 1149 1314 Patris,
1169 1281 1216 1309 sed
1242 1286 1346 1308 tantum
1369 1290 1402 1310 cx
1427 1282 1575 1318 hypostasi,
1597 1283 1749 1312 absurdum

966 1326 1084 1354 absurdo
1101 1331 1240 1360 curantes,
1255 1326 1321 1354 dilui
1334 1327 1513 1355 substantiam
1528 1329 1679 1356 secundum
1692 1337 1747 1357 rem

966 1371 1038 1399 aliud
1049 1379 1109 1399 esse
1122 1372 1156 1399 ab
1170 1372 1309 1407 hypostasi
1322 1378 1437 1408 ponunt.
1447 1373 1538 1402 Multis
1551 1379 1642 1402 autem
1653 1375 1751 1402 absur-

966 1418 1009 1445 dis
1024 1422 1089 1445 sunt
1103 1418 1246 1452 implicati.
1268 1418 1401 1451 Quoniam
1416 1424 1527 1454 apparet
1552 1420 1748 1448 consideranti-

966 1464 1027 1494 bus,
1042 1464 1114 1498 quod
1128 1464 1211 1491 multa
1227 1472 1261 1496 ex
1274 1464 1327 1491 hoc
1342 1465 1505 1500 colligantur
1520 1465 1652 1498 absurda,
1666 1466 1750 1494 multa

968 1517 1033 1536 vero
1050 1517 1110 1543 qua:
1126 1515 1189 1536 sunt
1211 1510 1239 1536 in
1262 1509 1387 1537 confesso
1412 1511 1555 1544 tollantur;
1577 1516 1606 1538 et
1629 1519 1748 1546 quonam

967 1556 1047 1582 modo
1074 1555 1147 1582 aliud
1168 1555 1203 1582 sit
1224 1555 1388 1587 substantia,
1411 1555 1486 1582 aliud
1509 1563 1572 1582 vero
1597 1556 1750 1591 liypostasis

966 1600 1070 1628 dictum
1085 1605 1136 1627 est.
1157 1599 1235 1632 Quod
1256 1600 1337 1627 etiam
1360 1600 1522 1633 substantia,
1537 1605 1565 1628 et
1585 1601 1748 1636 liypostasis,

966 1650 1048 1680 atque
1065 1645 1227 1678 proprietas,
1242 1644 1314 1671 idem
1326 1650 1368 1672 est
1382 1645 1531 1672 secundum
1547 1654 1618 1680 rem;
1634 1653 1662 1674 et
1676 1647 1748 1682 quod

968 1690 1034 1717 illud
1051 1698 1084 1717 ex
1105 1690 1259 1718 substantia
1275 1690 1371 1722 Patris,
1392 1690 1565 1724 atquipolleat
1579 1691 1603 1718 ei
1619 1692 1692 1726 quod
1707 1698 1750 1720 est

967 1743 999 1763 ex
1022 1735 1160 1771 liypostasi
1185 1735 1280 1770 ipsius,
1307 1743 1341 1763 ne
1365 1736 1392 1762 in
1415 1736 1548 1764 absurdas
1570 1738 1749 1772 cogitationes

968 1782 1154 1808 devolvainur.
1180 1780 1290 1808 Clarum
1313 1785 1356 1808 est
1377 1786 1405 1808 ct
1429 1782 1506 1814 illud,
1534 1790 1568 1810 ex
1595 1784 1748 1812 substantia

969 1827 1041 1858 Filii,
1056 1826 1127 1853 idem
1143 1833 1212 1857 esse,
1225 1825 1297 1860 quod
1313 1834 1344 1852 ex
1361 1826 1420 1861 ejus
1437 1827 1588 1862 hypostasi,
1599 1836 1630 1855 ac
1644 1829 1747 1856 nullum

968 1871 1115 1898 absurdum
1133 1869 1257 1904 sequitur
1270 1877 1318 1898 eos
1334 1871 1380 1904 qui
1401 1878 1434 1898 ex
1448 1871 1527 1898 Patre
1546 1871 1668 1906 Filioque
1683 1872 1750 1899 div,-

968 1924 1033 1943 num
1044 1915 1174 1950 Spiritum
1187 1915 1374 1942 exsistentiam
1389 1916 1487 1943 habere
1500 1916 1630 1944 fatentur.
1643 1917 1748 1952 Quippe

967 1968 1016 1988 eos
1033 1960 1081 1995 qui
1098 1960 1149 1987 hoc
1171 1959 1328 1987 inﬁciantur
1349 1960 1477 1994 praedicta
1492 1961 1608 1988 absurda
1626 1969 1748 1997 sequun-

969 2009 1024 2032 tur.
1041 2005 1100 2032 Non
1121 2009 1211 2032 autem
1225 2004 1252 2031 id
1267 2004 1445 2039 contingeret,
1461 2005 1514 2032 nisi
1529 2005 1601 2040 quod
1620 2007 1750 2041 supponi-

969 2055 1014 2077 tur
1029 2048 1179 2077 absurduin
1193 2053 1221 2077 et
1236 2048 1334 2076 falsum
1350 2054 1433 2076 esset.
1449 2048 1485 2076 Ut
1499 2051 1572 2077 enim
1589 2051 1750 2080 universalis

971 2094 1054 2122 tradit
1069 2095 1173 2130 regula,
1188 2095 1264 2127 illud,
1282 2102 1337 2129 quo
1356 2095 1445 2129 posito
1462 2095 1587 2130 sequitur
1599 2096 1750 2124 absurdum

969 2141 1079 2176 aliquod
1093 2145 1121 2168 et
1138 2140 1245 2173 falsum,
1259 2144 1288 2168 et
1308 2140 1397 2174 ipsum
1413 2140 1547 2175 ejusmodi
1560 2146 1613 2169 est.
1625 2141 1653 2169 Si
1669 2142 1752 2177 igitur

142 2193 186 2224 Ὠς
202 2193 257 2227 γὰρ
270 2193 284 2218 ὁ
298 2191 414 2218 καθόλου
436 2191 602 2225 παραδίδωσι
625 2191 714 2231 λόγος,
732 2188 836 2222 οὗτινος
853 2191 916 2217 ὑπο-

969 2186 1016 2221 qui
1035 2194 1068 2214 ex
1091 2186 1243 2214 substantia
1260 2186 1347 2213 Patris
1366 2193 1426 2213 esse
1449 2186 1557 2219 Filium,
1573 2191 1600 2214 et
1615 2194 1667 2214 una
1688 2195 1752 2215 cum

135 2238 258 2268 τεθέντος
278 2237 378 2264 ἄτοπον
393 2237 440 2264 καὶ
452 2236 549 2270 ψεῦδος
565 2237 672 2266 ἕπεται.
691 2235 738 2262 καὶ
753 2236 819 2262 αὐτο
829 2235 918 2262 τοιοῦ-

135 2282 181 2308 τόν
196 2283 279 2309 ἐστιν.
297 2282 328 2308 El
353 2280 402 2315 μὲν
421 2277 468 2306 οὑν
486 2280 500 2306 ό
518 2280 547 2307 τὸ
566 2281 597 2306 ὲκ
619 2280 669 2314 τῆς
683 2280 777 2311 οὐσίας
796 2280 843 2306 τοῦ
861 2280 918 2306 Πα-

136 2329 200 2362 apii;
221 2325 291 2354 εἶναι
317 2326 363 2353 τὸν
378 2326 442 2352 Υῑον
469 2326 536 2360 μετὰ
561 2325 608 2351 τοῦ
631 2326 664 2351 ὲκ
685 2325 734 2359 τῆς
757 2325 850 2356 οὐσίας
871 2323 917 2351 τοῦ

137 2373 243 2408 ιιατρδς
269 2372 315 2398 καὶ
339 2370 386 2397 τοῦ
413 2369 477 2396 Υίοῦ
502 2367 572 2396 εἶναι
598 2369 628 2395 τὸ
653 2369 763 2403 Πνεῦμα
786 2369 815 2395 τὸ
841 2370 918 2403 ἅγιον

137 2418 302 2454 ἀρνούμενος
325 2416 536 2451 συναπαρνεϊται
563 2415 608 2441 καὶ
630 2415 661 2440 τὺ
687 2416 719 2440 ἐκ
742 2414 789 2440 τοῦ
813 2414 919 2449 Πατρὸς

137 2465 185 2490 καὶ
205 2463 252 2491 τοῦ
274 2462 338 2489 Υίοῦ
360 2462 408 2498 τὴν
430 2461 547 2496 ὓπαρξιν
562 2460 635 2495 ἔχειν
656 2460 687 2486 τὸ
702 2460 779 2493 ἆγιον
797 2460 917 2495 Πνεῦμα,

138 2509 294 2544 παράλογος
321 2507 370 2542 μὲν
384 2507 417 2533 ἂν
442 2506 486 2540 εῐη
510 2505 570 2532 κατ’
589 2506 681 2532 ἐκεῖνα
697 2505 750 2531 τῶν
769 2505 882 2539 θηρίων,
902 2504 919 2531 ἃ

138 2554 311 2590 πληττόμενα
339 2552 438 2588 μᾶλλον
453 2551 498 2577 ἐπὶ
513 2551 543 2577 τὺ
563 2551 639 2585 ξίφος
654 2551 748 2582 ῐενται,
767 2550 823 2584 ἔχοι
844 2550 867 2576 δ’
887 2551 919 2577 ἄν

137 2609 199 2627 τινα
221 2601 270 2634 τὴν
294 2599 467 2634 παραίτησιν,
496 2596 603 2632 ψυχρὰν
625 2595 716 2631 μέντοι
744 2595 789 2622 καὶ
815 2595 919 2621 ἐπικίν-

138 2647 216 2673 δυνον
230 2645 313 2672 διὰτὸ
328 2645 377 2679 τῆς
394 2643 536 2677 συνηθείας
550 2642 656 2676 ἄλογον.

176 2692 206 2719 El
234 2692 263 2718 δέ
286 2700 328 2723 τις
353 2691 384 2718 τὺ
411 2692 444 2717 ὲκ
470 2690 517 2716 τοῦ
536 2690 642 2724 Πατρδς
662 2690 709 2715 καὶ
731 2688 776 2714 τοῦ
800 2688 865 2715 Υίοῦ
890 2689 920 2714 τὸ

141 2736 252 2771 Πνεῦμα
269 2737 299 2763 τὺ
313 2736 389 2770 ἅγιον
403 2735 541 2770 ὁμολογῶν
556 2734 764 2770 ἐκπορεύεσθαι,
778 2734 807 2760 τὸ
820 2734 853 2760 ὲκ
870 2734 920 2768 τῆς

139 2783 233 2814 οὐσίας
254 2782 302 2808 τοῦ
322 2782 428 2817 Πατρος
449 2783 497 2808 καὶ
511 2781 557 2808 τοῦ
578 2781 644 2808 Υἱοῦ
659 2779 726 2808 αὐτὸ
742 2778 824 2812 εἶναι,
842 2780 858 2815 ἢ
873 2780 921 2806 τὸν

141 2827 208 2854 Υίδν
225 2828 257 2853 ἐκ
269 2827 317 2862 τῆς
334 2828 425 2859 οὐσίας
446 2827 494 2854 τοῦ
507 2827 613 2862 Πατρὺς
630 2825 777 2861 γεννᾶσθαι
790 2825 921 2860 ἀπαρνεῖ-

971 2232 1023 2259 lioc
1037 2238 1070 2259 ex
1085 2231 1239 2259 substantia
1252 2231 1341 2259 Patris
1353 2235 1380 2258 et
1396 2231 1455 2258 Filii
1468 2239 1527 2259 esse
1543 2231 1674 2266 Spiritum
1687 2240 1751 2260 san-

969 2282 1043 2304 ctum
1068 2282 1158 2312 negat,
1179 2277 1258 2304 simul
1282 2277 1364 2304 etiam
1382 2281 1462 2311 negat
1485 2285 1517 2304 ex
1532 2277 1612 2305 Patre
1629 2277 1752 2313 Filioque

969 2327 1094 2350 sanctum
1131 2322 1262 2355 Spiritum
1295 2322 1483 2349 exsistentiam
1517 2323 1627 2355 habere,
1655 2324 1751 2358 utique

969 2373 1045 2396 extra
1060 2368 1193 2395 terminos
1206 2367 1305 2401 fertur,
1322 2369 1436 2402 perinde
1450 2373 1531 2403 atque
1548 2369 1685 2407 illm‘ferte
1705 2359 1764 2399 be:

970 2414 1039 2448 stite,
1057 2421 1117 2449 quae
1135 2421 1269 2448 percussae
1285 2414 1374 2449 gladio
1391 2421 1420 2441 se
1437 2415 1522 2450 magis
1538 2415 1681 2451 objiciunt.
1699 2417 1750 2445 Ha-

971 2460 1067 2486 berent
1095 2463 1186 2486 autem
1212 2459 1358 2493 quamdam
1386 2460 1601 2493 excusationem,
1625 2462 1751 2498 frigidam

971 2509 1072 2535 tamen,
1087 2508 1168 2537 atque
1185 2503 1365 2538 periculosam
1379 2503 1414 2531 ob
1432 2503 1618 2532 irrationalem
1635 2513 1750 2534 consue-

970 2550 1101 2576 tudinem.

1006 2689 1041 2716 At
1056 2696 1121 2716 vero
1133 2688 1156 2715 si
1172 2688 1234 2723 quis
1248 2696 1281 2715 ex
1301 2688 1379 2715 Patre
1398 2688 1519 2723 Filioque
1540 2687 1672 2724 Spiritum
1689 2695 1750 2716 san-

971 2740 1045 2763 ctum
1060 2735 1208 2770 procedere
1223 2734 1394 2767 conﬁteatur,
1410 2742 1442 2762 ex
1455 2734 1606 2763 substantia
1621 2735 1708 2763 Patris
1720 2742 1752 2763 ac

972 2781 1033 2808 Filii
1047 2789 1109 2808 eum
1125 2788 1196 2813 esse,
1212 2780 1254 2807 vel
1270 2780 1367 2808 Filium
1387 2788 1420 2808 ex
1434 2781 1586 2808 substantia
1599 2781 1689 2809 Patris
1703 2788 1752 2816 ge-

973 2826 1065 2854 nerari
1082 2829 1173 2859 neget.
1196 2825 1367 2859 alterutrum,
1390 2824 1441 2852 iste
1456 2823 1517 2852 talis
1533 2825 1575 2852 vel
1589 2824 1750 2853 Arianorum
