1942 3091
128 180 131 181 ,
180 154 248 187 911·

816 151 1003 184 DEMETRII
1025 150 1181 181 CYDONlI

1751 153 1805 185 912

182 212 280 240 morbo
299 215 400 239 temere
424 211 542 244 laborat,
558 215 588 238 ut
612 215 752 238 ostensum
776 215 829 242 est.
850 216 969 244 eumque

1024 218 1074 241 rat,
1090 210 1161 236 δυοῖν
1187 210 1299 245 θάτερον
1314 211 1328 237 6
1343 209 1473 243 τοιοῦτος,
1495 211 1511 246 ἥ
1527 210 1560 237 τὰ
1584 210 1639 238 τῶν
1659 210 1808 246 Ἀρειανῶν

182 267 245 287 cum
268 261 368 294 pudeat
383 258 517 285 manifesti
534 257 647 284 absurdi
671 264 720 292 per
743 256 823 284 aliam
839 257 910 284 viam
933 256 967 283 ad

183 305 254 333 idem
271 304 377 345 tendit:
394 304 434 331 vel
450 303 562 330 omnino
577 302 678 331 stultus
692 308 744 335 est,
760 303 968 338 quomodocun-

182 359 235 386 que
250 358 315 378 vero
329 358 372 378 res
387 358 415 377 se
432 350 566 382 habuerit,
583 349 708 376 falsitatis
719 349 811 376 evadit
830 348 967 384 magister.

491 449 602 477 CAPUT
622 449 656 476 Χ.

183 498 254 531 Quae
266 497 381 529 tandem,
391 506 447 532 qua‘
457 497 575 532 videntur
586 497 740 532 objections
752 505 807 524 esse
817 498 968 532 prrrcipme,

215 534 249 560 iis
261 533 388 563 inferant,
397 531 445 567 qui
457 540 488 558 ea:
500 531 582 558 Patre
597 531 718 566 Filioque
730 533 869 566 procedere
883 534 968 564 aiunt,

216 573 240 608 et
257 568 370 608 primum
389 576 421 594 (τε
432 567 719 608 'consubslantialt‘tate,
733 572 812 602 atque
828 568 970 595 solutiones

217 603 368 637 Imjusmodi
385 603 529 629 rationum.

216 658 351 685 Caeterum
366 658 416 684 hoc
433 657 493 684 loco
510 657 572 692 quis
592 657 689 684 horum
705 657 860 692 elegantum
882 658 970 685 homi-

181 711 247 730 nutn
273 703 441 737 objectioncs
464 703 549 730 ferat?
573 702 720 738 Opponunt
741 703 826 734 enim,
848 703 921 738 quod
946 703 970 730 si

183 753 328 784 propterea
342 749 461 784 Spiritus
479 753 592 776 sancttts
604 754 647 777 est
662 756 694 776 ex
712 748 864 776 substantia
881 748 971 776 Patris

181 800 209 823 et
232 795 304 828 Filii.
327 795 399 830 quod
418 795 498 822 Pater
520 799 547 822 et
567 794 653 822 Filius
672 802 726 822 non
749 795 786 822 sit
808 796 969 826 substantia.

181 843 306 876 profecto
337 841 489 869 secundum
517 840 641 868 eamdem
669 840 814 873 rationem,
839 842 970 876 quoniam

1019 255 1135 290 ἀλόγως,
1149 256 1185 288 ὡς
1199 257 1344 290 δέδεικται,
1359 257 1444 288 νοσεῖ,
1462 256 1532 290 πρὸς
1557 257 1608 291 μὲν
1636 253 1672 283 ἰδ’
1687 257 1806 292 φανερὸν

1018 301 1120 328 ἄτοπον
1134 301 1341 336 αἰσχυνόμενος,
1364 302 1398 328 δι’
1425 302 1523 338 ἑτέρας
1547 302 1576 329 δὲ
1599 302 1668 337 πρὸς
1687 302 1718 329 τὸ
1741 302 1807 329 αὐτὸ

1020 344 1190 379 φερόμενος’
1209 343 1225 380 ἢ
1250 344 1424 372 παντάπασιν
1448 346 1562 381 μάταιός
1587 347 1672 374 ἔστιν.
1692 346 1807 373 Ὀποτέ-

1020 398 1074 425 ρως
1092 390 1115 416 6‘
1131 390 1163 417 ἂν
1179 390 1246 426 ἔχοι,
1264 390 1312 417 τοῦ
1328 391 1444 427 ψεύδους
1457 392 1619 425 διδάσκαλος
1632 393 1749 427 γίνεται.

1319 449 1446 476 ΚΕΦΑΛ.
1474 448 1503 476 ι’.

1022 492 1109 533 Τίνας
1133 492 1206 534 ,τοτὲ
1237 493 1392 534 δοκούσας
1419 487 1603 534 ἆντιᾴέονᾳς.
1617 495 1809 534 καιριωτέίίις

1024 548 1027 551 .
1055 529 1117 564 τοῖς
1142 529 1177 554 ἐκ
1201 529 1255 555 τοῦ
1283 530 1398 563 Πατρός
1421 529 1470 556 καὶ
1499 530 1568 558 Υιοῦ
1579 530 1809 564 ,ἐκπορεύεσθαι

1054 563 1200 596 λέγουσιν
1235 564 1398 598 ἐπάγουσι,
1425 565 1476 592 καὶ
1508 565 1628 599 πρῶτον
1659 563 1718 592 ἀπὸ
1751 565 1810 599 τῆς

1055 599 1300 632 ὀμοηυσιότητος,
1317 599 1367 626 καὶ
1383 600 1491 633 λύσεις
1502 600 1562 627 τῶν
1576 601 1729 628 τοιούτων.

1063 656 1132 682 Ἀλλ’
1146 656 1263 683 ἐνταῦθα
1284 657 1327 688 τίς
1343 657 1377 684 ἂν
1391 657 1446 685 τῶν
1461 658 1575 693 κομψῶν
1592 659 1641 690 τὰς
1656 659 1810 696 ἀνῃθέσεις

1021 702 1147 736 ὲνέγκαι;
1177 703 1358 730 Ἀντιτιθέασι
1385 704 1457 739 γὰρ,
1488 705 1525 736 ὤς
1555 705 1582 732 et
1610 705 1654 732 διὰ
1681 705 1712 732 τὸ
1742 705 1811 740 μίαν

1021 747 1115 774 οὐσίαν
1135 743 1206 775 εἶναι
1231 748 1276 775 τὸν
1296 749 1407 784 Πατέρα
1433 750 1480 777 καὶ
1498 750 1545 777 τὸν
1564 750 1640 783 Υιδν,
1653 751 1685 778 ὲκ
1699 751 1747 786 τῆς
1762 751 1810 777 οὒ-

1022 791 1081 823 σίας
1109 793 1156 819 τοῦ
1188 794 1294 829 Πατρὸς
1320 795 1369 821 καὶ
1398 795 1446 822 τοῦ
1473 795 1538 822 Υῑοῦ
1566 794 1637 823 εἶναι
1666 796 1696 823 τὸ
1726 796 1811 831 ᾇγιον

1022 839 1146 874 Πνεῦμα,
1171 841 1242 867 κατὰ
1266 841 1312 868 τὸν
1340 842 1424 869 αὑτὸν
1447 843 1533 878 δήπου
1559 844 1650 878 λόγον,
1671 844 1732 870 ἐπεὶ
1758 844 1810 879 μία

181 896 236 915 una
251 893 292 916 est
308 888 462 915 substantia
477 887 566 915 Patris
579 894 611 914 ac
623 887 752 922 Spiritus.
764 888 862 915 merito
874 895 969 922 seque-

1024 886 1098 912 tt'tot'a
1121 886 1169 913 τοῦ
1187 887 1293 922 Πατρδς
1311 888 1357 914 καὶ
1382 887 1429 915 τοῦ
1453 889 1623 924 Πνεῦματος,
1639 890 1753 921 εἰκότως
1774 890 1811 916 ἂν

180 938 258 961 retur
270 933 352 960 etiam
368 933 466 960 Filium
483 941 515 960 ex
535 933 687 962 substantia
702 933 791 961 Patris
806 939 833 961 et
849 933 968 968 Spiritus

179 987 251 1006 esse.
275 979 326 1012 Qui
342 979 425 1013 igitur
449 980 506 1006 haec
526 979 670 1012 objiciunt.
692 979 820 1006 videntur
842 979 968 1014 ignorare

181 1025 316 1059 principia
338 1024 418 1057 ﬁdei;
435 1032 504 1059 quos
520 1025 664 1059 oportebat
682 1024 714 1051 ad
739 1024 828 1052 minus
843 1032 874 1052 ca
898 1024 970 1052 didi-

181 1071 262 1102 cisse,
275 1071 373 1098 deinde
389 1070 544 1104 theologum
567 1078 659 1105 agere.
674 1070 708 1098 Ut
723 1070 879 1108 enimdixit
893 1071 962 1104 quis-

180 1117 253 1152 piam
269 1125 284 1144 e
298 1117 384 1144 sacris
396 1116 554 1143 doctoribus
565 1117 600 1148 tis
613 1116 760 1152 Gregorius
773 1118 838 1151 est),
851 1118 969 1151 optimus

181 1164 251 1191 ordo
268 1164 385 1198 primum
404 1163 522 1193 discere,
535 1167 628 1197 postea
644 1163 752 1191 docere.
765 1164 894 1196 Quamvis
907 1172 968 1191 cum

182 1210 270 1237 sancti
295 1218 328 1237 ex
345 1209 498 1237 substantia
515 1209 603 1237 Patris
625 1213 652 1236 et
672 1209 732 1236 Filii
754 1211 885 1245 Spiritum
908 1219 968 1239 esse

181 1245 334 1289 disserunt,
353 1256 419 1282 nihil
437 1255 470 1283 ad
487 1263 538 1283 nos
554 1261 678 1290 spectare
696 1257 878 1291 objectionem
893 1258 969 1287 dice-

181 1308 252 1334 mus,
272 1300 449 1327 nihilominus
463 1299 608 1327 dicendum
628 1305 690 1327 est:
706 1301 890 1328 necessarium
909 1309 969 1330 esse

184 1356 236 1375 una
253 1356 315 1376 cum
334 1348 396 1375 ﬁdei
409 1348 561 1383 principiis,
576 1352 606 1375 ut
619 1348 672 1376 hoe
684 1348 766 1376 etiam
779 1348 968 1382 conﬁteamur,

183 1394 325 1422 Monadem
346 1394 372 1421 in
391 1394 501 1426 Triade,
518 1401 551 1421 ac
566 1393 694 1421 Triadem
712 1394 738 1421 in
756 1395 870 1422 Monade
887 1403 969 1422 vane-

184 1441 255 1470 rari.
271 1446 353 1475 atque
366 1448 436 1474 opus
451 1447 511 1467 esse
526 1440 590 1466 dum
610 1440 782 1474 disputamus
799 1449 886 1476 neque
903 1441 970 1468 Uni-

185 1491 266 1513 tatem
284 1491 396 1521 propter
408 1485 570 1513 Trinitatem
587 1485 765 1520 distinguere,
779 1494 867 1521 neque
881 1487 970 1513 Trini-

184 1536 266 1559 tatem
283 1537 396 1566 propter
417 1531 553 1560 Unitatem
569 1531 746 1559 confundere.
765 1532 817 1559 Sed
834 1532 886 1560 hoc
910 1533 970 1559 loco

1021 932 1115 959 ἕποιτο
1126 933 1173 959 καὶ
1189 933 1234 960 τὸν
1250 933 1314 960 Υἱὺν
1329 934 1360 961 ἐκ
1377 935 1428 970 τῆς
1452 935 1546 967 οὐσίας
1566 935 1613 962 τοῦ
1637 935 1743 970 Πατρδς
1762 936 1811 962 καὶ

1020 975 1068 1002 τοῦ
1088 976 1247 1011 Πνεύματος
1263 975 1344 1005 εἶναι.
1361 979 1431 1010 Τοὺς
1454 979 1501 1006 οὖν
1521 979 1609 1007 ταῦτα
1623 979 1812 1012 ἀντιτιθέντας

1022 1021 1130 1054 ἀγνοεῖν
1150 1023 1202 1054 τὰς
1223 1023 1312 1059 ἀρχὰς
1327 1024 1376 1060 τῆς
1393 1025 1511 1056 πίστεως
1536 1026 1660 1060 φαίνεται
1671 1033 1679 1042 ”
1695 1026 1741 1056 οὓς
1757 1027 1811 1054 αὺ-

1022 1067 1072 1099 τὰς
1086 1068 1263 1104 τούλάχιστον
1277 1070 1361 1105 ἐχρῆν
1373 1071 1558 1106 διδαχθέντας,
1579 1069 1640 1100 εἶτα
1660 1073 1810 1107 θεολογείν.

1028 1113 1072 1145 Ὠς
1089 1115 1143 1150 γὰρ
1160 1115 1212 1150 ἔφη
1235 1124 1277 1147 τις
1293 1116 1345 1142 τῶν
1361 1116 1441 1152 ιερῶν
1457 1117 1627 1145 διδασκάλων
1645 1118 1811 1154 (Γρηγόριος

1022 1157 1100 1192 οὗτός
1113 1161 1196 1194 ἐστι),
1212 1160 1287 1193 τάξις
1312 1162 1410 1198 ἀρίστη
1437 1163 1583 1198 μανθάνειν
1610 1163 1729 1198 πρῶτον,
1749 1162 1811 1190 εἶτα

1023 1204 1169 1233 διδάσκειν.
1187 1206 1284 1233 Καίτοι
1312 1206 1368 1234 τῶν
1396 1207 1483 1242 ἁγίων
1511 1208 1544 1235 ὲκ
1569 1209 1618 1243 τῆς
1645 1208 1739 1240 οὐσίας
1762 1209 1810 1235 τοῦ

1024 1251 1132 1287 Πατρδς
1164 1253 1212 1279 καὶ
1237 1253 1286 1280 τοῦ
1312 1253 1378 1280 Υίοῦ
1404 1253 1434 1280 τὸ
1456 1254 1570 1290 Πνεῦμα
1596 1254 1810 1290 θεολογούντων,

1023 1299 1100 1326 οὐδὲν
1127 1297 1197 1326 εἷναι
1224 1301 1274 1335 τὴν
1305 1301 1443 1328 ἀντίθεσιν
1473 1302 1540 1338 πρὸς
1567 1303 1642 1338 ἡμᾶς
1667 1304 1804 1339 φήσομεν.

1024 1344 1097 1380 Πλὴν
1115 1345 1169 1372 καὶ·
1180 1344 1252 1372 οὕτω
1267 1345 1365 1381 ῥητέον
1377 1346 1500 1381 ἀνάγκην
1515 1344 1585 1373 εἷναι
1602 1347 1672 1382 μετὰ
1686 1347 1740 1374 τῶν
1759 1347 1810 1382 τῆς

1024 1390 1143 1423 πίστεως
1164 1392 1258 1426 ἀρχῶν
1279 1393 1327 1418 καὶ
1353 1392 1431 1419 τοῦτο
1459 1392 1613 1428 ὁμολογεῖν,
1643 1393 1754 1421 Μονάδα
1780 1395 1810 1421 ὲν

1024 1438 1130 1472 Τριάδι,
1146 1439 1194 1465 καὶ
1211 1439 1314 1473 Τριάδα
1337 1440 1366 1466 ἐν
1390 1440 1494 1467 Μονάδι
1520 1440 1663 1468 σέϐεσθαι·
1681 1443 1729 1468 καὶ
1755 1441 1810 1468 δεῖν

1026 1484 1094 1519 μήτε
1119 1484 1330 1519 διαλεγομένους
1355 1485 1405 1521 τὴν
1433 1486 1545 1513 Μονάδα
1569 1479 1613 1513 διὰ
1639 1488 1688 1522 τὴν
1704 1488 1809 1522 Τριάδι

1023 1530 1149 1566 διαιρεῖν,
1169 1531 1238 1566 μήτι
1253 1532 1302 1566 τὴν
1319 1532 1422 1567 Τριάδα
1435 1533 1479 1559 διὰ
1494 1534 1543 1568 τὴν
1558 1534 1668 1561 Μονάδα
1684 1536 1808 1569 συγχεῖν.

185 1579 336 1606 clarissime
350 1577 476 1605 confusio
488 1582 630 1612 sequetur.
646 1577 673 1605 Si
688 1577 786 1604 Filium
798 1585 830 1605 ex
847 1578 970 1616 substan-

1028 1563 1098 1616 ’ᾼλλ’
1123 1563 1239 1604 ἐνταῦθα
1263 1563 1392 1612 σῦγχυσις
1405 1563 1564 1614 περιφανῶς
1579 1579 1683 1613 ἕψεται.
1710 1563 1809 1606 et)»;

186 1626 223 1652 tia
249 1625 337 1652 Patris
360 1629 388 1651 et
412 1624 530 1657 Spiritus
552 1631 613 1652 esse
637 1624 737 1658 aliquis
759 1624 875 1657 dixerit;
889 1614 972 1652 'esset

185 1672 258 1700 enim
272 1670 390 1705 Spiritus
402 1670 493 1701 Pater,
510 1670 611 1704 quippe
627 1669 711 1697 Filius
727 1670 760 1697 ad
777 1669 884 1697 Patrem
905 1670 973 1698 dici-

186 1723 240 1745 tur.
255 1718 349 1750 Itaque
364 1716 419 1743 duo
433 1716 526 1742 Patres
540 1719 632 1742 essent
646 1716 672 1741 in
686 1715 831 1746 Trinitate,
845 1719 872 1742 et
892 1715 973 1743 Pater

186 1772 240 1791 non
263 1767 336 1791 esset
359 1762 467 1798 proprie
489 1762 579 1789 Pater.
596 1762 661 1794 Quae
683 1768 699 1788 α
717 1760 770 1788 (ide
789 1761 876 1788 aliena
898 1766 972 1788 sunt.

186 1810 348 1845 Quanquam
375 1817 430 1835 non
459 1809 558 1835 desunt
582 1807 635 1834 alia
662 1806 789 1837 nomina,
815 1813 847 1832 ex
872 1806 974 1840 quibus

187 1856 319 1891 suspicari
340 1854 477 1889 quispiam
505 1853 618 1880 minimc
644 1856 747 1886 posset,
764 1851 896 1886 Spiritum
912 1859 973 1879 esse

188 1902 295 1929 Patrem
311 1901 384 1933 Filii,
406 1900 490 1927 veluti
507 1899 607 1926 Filium
623 1904 684 1924 esse
706 1897 825 1925 Verbum
841 1897 972 1932 Spiritus,

187 1946 350 1981 potentiam,
373 1945 473 1977 vivam,
497 1948 524 1971 et
549 1942 753 1971 substantialem
773 1942 972 1977 operationem,

188 1991 444 2022 sanetiticationem,
467 1989 618 2016 naturalem
634 1988 728 2017 vitam.
745 1995 846 2019 rosam,
861 1995 971 2023 suawm

189 2038 312 2069 odorem,
333 2035 491 2070 imaginem.
514 2039 542 2062 et
568 2033 733 2069 huiusmodi,
757 2041 818 2068 qua:
841 2033 972 2068 Spiritum

189 2091 249 2111 esse
263 2082 323 2110 Filii
341 2089 357 2109 a
375 2081 533 2108 doctoribus
550 2080 690 2107 dicuntur.
707 2079 801 2114 Neque
821 2080 972 2107 secundum

190 2133 248 2157 haec
272 2129 382 2156 nomina
407 2127 491 2156 Filius
521 2127 575 2154 dici
598 2126 718 2161 Spiritus
740 2127 827 2153 sancti
853 2134 972 2161 unquam

190 2180 315 2211 repertus
338 2179 389 2202 est.
412 2173 469 2201 Hoc
491 2178 580 2200 autem
603 2180 657 2200 non
681 2173 790 2200 aliunde
815 2174 972 2208 contingere

1022 1623 1088 1649 Υίὸν
1100 1623 1132 1649 ἐκ
1147 1623 1196 1658 τῆς
1213 1623 1308 1655 οὐσίας
1323 1623 1370 1651 τοῦ
1385 1624 1493 1660 Πατρὺς
1508 1626 1555 1652 καὶ
1577 1625 1624 1652 τοῦ
1648 1625 1810 1661 Πνεὺματος

1022 1669 1097 1703 λέγει
1111 1678 1153 1701 τις
1167 1666 1237 1696 εἶναι
1251 1677 1259 1684 ·
1281 1669 1324 1704 εἴη
1346 1669 1400 1706 γὰρ
1422 1670 1456 1697 ἂν
1477 1670 1508 1698 τδ
1532 1671 1643 1706 Πνεῦμα
1663 1671 1781 1707 Πατήρο
1795 1672 1810 1698 ὁ

1023 1716 1077 1750 γὰρ
1096 1715 1160 1748 Υἱὸς
1179 1716 1248 1750 πρδς
1269 1716 1316 1743 τὸν
1331 1716 1443 1752 Πατέρα
1457 1716 1566 1751 λέγεται
1578 1725 1585 1733 ’
1602 1717 1689 1753 ταύτῃ
1707 1725 1752 1745 τοι
1763 1718 1812 1745 δύο

1023 1761 1140 1797 πατέρες
1158 1762 1191 1788 ἂν
1205 1760 1260 1788 εἷεν
1282 1762 1311 1788 ἐν
1332 1763 1366 1798 τῇ
1387 1762 1491 1797 Τριάδι,
1512 1763 1559 1789 καὶ
1573 1763 1587 1789 ό
1602 1763 1696 1797 Πατὴρ
1711 1762 1742 1789 οὗ
1759 1771 1810 1789 κυ-

1024 1807 1089 1843 ρίως
1112 1807 1218 1842 Πατήρ.
1238 1807 1272 1833 ’Δ
1293 1807 1368 1842 παρὰ
1389 1806 1439 1842 τῆς
1460 1807 1579 1839 πίστεως
1607 1807 1810 1843 ἀπηγόρευται.

1024 1854 1119 1881 Καίτοι
1142 1862 1175 1888 γε
1199 1853 1257 1880 ἐστι
1273 1853 1323 1880 καὶ
1344 1852 1403 1880 ἀλλ’
1423 1853 1492 1881 ἄττα
1516 1853 1572 1880 τῶν
1598 1855 1750 1890 ὀνομάτων,
1780 1855 1811 1888 ὲξ

1023 1896 1060 1927 ὧν
1083 1900 1134 1926 οὐκ
1156 1899 1189 1927 ἄν
1213 1907 1255 1931 τις
1276 1899 1465 1934 ὕπερνοήσειε,
1482 1899 1511 1926 τὸ
1535 1900 1646 1934 Πνεῦμα
1671 1900 1719 1927 τοῦ
1745 1901 1811 1927 Υἱοῦ

1023 1943 1093 1973 εἶναι
1110 1945 1230 1980 Πατέρα,
1243 1943 1298 1972 οἷον
1316 1946 1362 1972 τὸν
1377 1945 1443 1972 Υἱὸν
1458 1946 1544 1980 Λόγον
1562 1944 1633 1973 εἶναι
1655 1946 1701 1973 τοῦ
1725 1945 1813 1974 11vst-

1024 2001 1119 2027 ματος,
1150 1991 1274 2026 δὺναμιν,
1305 1991 1396 2022 ζῶσαν
1427 1992 1475 2018 καὶ
1501 1991 1618 2026 οὺσιώδη
1651 1993 1810 2027 ἐνέργειαν,

1024 2037 1175 2072 ἀγιασμὺν,
1198 2035 1315 2072 φυσικὴν
1340 2036 1428 2072 ζωὴν,
1455 2037 1551 2072 ῥόδον,
1582 2037 1681 2070 ἄνθος,
1708 2037 1810 2073 ὀσμὴν,

1024 2083 1128 2114 εἰκόνα,
1145 2083 1194 2109 καὶ
1218 2083 1252 2109 τὰ
1279 2082 1391 2109 τοιαῦτα
1417 2083 1468 2108 ὅσα
1490 2083 1537 2109 τοῦ
1561 2082 1626 2110 Υἰοῦ
1643 2083 1673 2109 τὸ
1696 2083 1811 2118 Πνεῦμα

1023 2127 1093 2155 εἶναι
1121 2129 1196 2164 παρὰ
1225 2128 1280 2160 τοῖς
1307 2128 1477 2160 διδασκάλοις
1504 2128 1622 2163 λέγεται.
1643 2129 1710 2156 Οὐδὲ
1736 2131 1810 2157 κατᾶ

1023 2175 1108 2202 ταῦτα
1124 2176 1177 2201 τῶν
1203 2175 1342 2210 ὀνομάτων
1364 2176 1378 2202 6
1404 2175 1467 2206 Υἱὸς
1490 2175 1539 2202 τοῦ
1557 2176 1716 2211 Πνεύματος
1732 2176 1810 2210 λεγό-

190 2225 286 2256 ιιοιοει,
303 2227 385 2255 quam
407 2227 440 2247 ex
457 2219 516 2254 ipso
533 2218 639 2250 ordine,
658 2223 685 2245 cl.
702 2224 832 2253 praeterea
848 2226 970 2246 necessa-

1027 2230 1105 2256 μενος
1118 2221 1232 2256 εὓρηται
1257 2220 1377 2248 πώποτε.
1391 2221 1478 2247 Τοῦτο
1493 2221 1516 2247 δ’
1536 2221 1587 2248 οὐκ
1606 2221 1640 2248 ἂν
1661 2222 1750 2254 ἄλλως
1764 2222 1809 2258 εἴη

193 2268 263 2293 ritnn
284 2270 324 2293 est
345 2273 420 2298 eum,
433 2265 479 2300 qui
498 2264 542 2292 illa
562 2265 730 2299 opposuerit,
749 2272 802 2291 non
819 2269 923 2291 tantum
944 2265 972 2292 in

193 2314 250 2340 haec
264 2312 416 2344 incurrere,
428 2310 476 2338 sed
487 2310 569 2338 etiam
581 2310 704 2337 ordinem
717 2310 743 2336 in
758 2309 890 2337 Trinitate
904 2310 975 2338 inter

193 2369 221 2394 se
233 2360 387 2387 divinarum
401 2365 578 2394 personarum
591 2357 723 2391 contingit
735 2356 879 2383 invertere.
888 2357 974 2385 Filius

192 2407 264 2434 enim
278 2405 366 2433 Patris
379 2413 438 2432 esse
458 2404 570 2435 dicitur,
586 2403 704 2438 Spiritus
721 2410 786 2429 vero
801 2403 871 2434 Filii,
886 2407 914 2430 et
929 2403 974 2430 hic

192 2451 302 2486 quidem
317 2452 390 2478 solus
407 2458 439 2477 ex
453 2449 510 2477 solo
523 2449 679 2484 unigenitus
690 2448 889 2482 dicitur,atqtte
904 2449 973 2474 huc-

193 2504 279 2530 usque
306 2500 348 2521 est
371 2495 421 2530 ipsi
443 2495 605 2533 proprietas,
620 2493 691 2527 quod
712 2497 753 2520 est
768 2499 828 2519 esse
843 2499 875 2519 ex
894 2493 972 2520 Patre

192 2542 358 2573 immediate,
372 2547 399 2568 et
414 2541 487 2576 quod
501 2539 647 2574 appellatio
659 2539 732 2572 Filii,
743 2546 803 2566 esse
818 2538 972 2565 immediate

191 2596 223 2615 ex
242 2595 322 2615 causa
343 2586 488 2621 significat,
510 2585 659 2612 secundum
686 2584 780 2611 divum
800 2584 971 2611 Anastasium

192 2633 219 2660 in
237 2640 285 2660 sua
302 2631 454 2666 dogmatica
471 2630 605 2661 oratione,
626 2633 655 2656 ut
676 2628 889 2663 procedentibus
903 2636 972 2656 con-

191 2677 293 2706 stabit:
309 2676 441 2712 Spiritum
458 2683 523 2703 vero
540 2679 662 2702 sanctum
679 2674 775 2701 ordine
790 2674 899 2701 tertium
912 2681 972 2700 esse

190 2731 206 2751 a
233 2724 312 2752 Patre
338 2722 476 2750 communi
500 2728 634 2748 consensu
665 2728 679 2748 a
704 2720 805 2748 sanctis
832 2724 972 2754 receptum

190 2774 244 2803 est,
255 2776 309 2796 non
320 2773 411 2796 tamen
424 2773 520 2795 natura
535 2767 643 2795 tertium
656 2775 663 2794 :
676 2771 703 2793 et
716 2774 777 2793 eutn
790 2766 836 2799 qui
848 2765 970 2793 ordinem

190 2816 234 2843 vel
252 2814 385 2842 tantulum
403 2814 512 2849 quidem
534 2817 692 2844 commutat,
715 2811 892 2838 inliciatorem
912 2818 972 2837 esse

191 2861 265 2894 lidei,
277 2868 309 2888 ac
323 2859 442 2896 Spiritus
452 2858 618 2887 exsistentiae
633 2857 841 2888 dcstructorem,
859 2863 971 2892 magnus

1026 2267 1172 2301 συμϐαῖνον
1189 2267 1205 2302 ἢ
1219 2266 1262 2293 διὰ
1281 2266 1329 2301 τὴν
1342 2266 1419 2298 τάξιν
1444 2267 1539 2302 αὐτήν.
1556 2267 1612 2294 Καὶ
1630 2269 1683 2303 μὴν
1698 2270 1729 2295 οὐ
1747 2269 1811 2296 τού-

1023 2319 1080 2342 τοις
1100 2311 1180 2345 μόνον
1201 2311 1377 2345 περιπίπτειν
1402 2312 1508 2346 ἀνάγκη
1526 2312 1573 2338 τὸν
1596 2313 1688 2339 ἐκεῖνα
1705 2314 1809 2340 ἀντιτι-

1024 2355 1114 2387 θέντα,
1128 2355 1196 2381 ἀλλὰ
1209 2356 1256 2382 καὶ
1269 2355 1318 2390 τὴν
1330 2356 1358 2381 ὲν
1372 2356 1465 2390 Τριάδι
1485 2356 1540 2382 τῶν
1553 2357 1632 2384 θείων
1652 2358 1811 2392 προσώπων

1024 2398 1090 2433 πρὸς
1104 2398 1206 2433 ἄλληλα
1233 2398 1313 2430 τάξιν
1333 2401 1512 2434 περιτρέπειν
1533 2401 1689 2436 συμϐαίνει.
1710 2402 1739 2428 '0
1758 2403 1812 2438 μὲν

1024 2444 1077 2479 γὰρ
1094 2443 1157 2474 Υἱὸς
1184 2442 1232 2469 τοῦ
1256 2443 1362 2477 Πατρὸς
1377 2441 1446 2469 εἶναι
1472 2443 1592 2478 λέγεται,
1608 2444 1639 2471 τὸ
1653 2446 1681 2472 δὲ
1695 2447 1812 2482 Πνεῦμα

1023 2487 1070 2514 τοῦ
1093 2487 1158 2514 Υἱοῦ
1173 2495 1179 2502 ·
1204 2487 1251 2513 καὶ
1278 2488 1291 2513 ὀ
1315 2487 1365 2522 μὲν
1395 2488 1474 2522 μόνος
1504 2489 1535 2514 ὲκ
1560 2489 1641 2523 μόνου
1657 2492 1812 2527 μονογενὴς

1023 2534 1142 2569 λέγεται,
1160 2534 1208 2560 καὶ
1231 2533 1315 2569 μέχρι
1339 2534 1433 2561 τούτου
1458 2535 1532 2562 ἐστὶν
1552 2535 1628 2571 αὺτῷ
1650 2536 1680 2562 τὸ
1697 2537 1810 2572 ίδίωμα,

1025 2582 1039 2608 ὅ
1055 2581 1127 2607 ἐστιν
1152 2581 1184 2607 ἐκ
1200 2580 1247 2607 τοῦ
1268 2579 1374 2614 Πατρδς
1389 2580 1500 2615 ἀμέσως
1511 2589 1519 2597 ·
1535 2582 1582 2608 καὶ
1593 2581 1634 2608 δτι
1648 2583 1664 2617 ή
1679 2582 1725 2610 τοῦ
1742 2583 1810 2611 Υιοῦ

1023 2625 1167 2660 ἐπίκλησις
1180 2625 1210 2652 τὸ
1225 2626 1337 2660 ἀμέσως
1350 2626 1383 2652 ἐκ
1396 2626 1443 2652 τοῦ
1461 2626 1551 2653 αἰτίου
1567 2627 1644 2663 δηλοῖ
1667 2629 1738 2655 κατὰ
1762 2630 1810 2656 τὸν

1023 2672 1094 2698 θεῖον
1118 2671 1295 2699 Ἀναστάσιον
1316 2673 1346 2698 ὲν
1367 2673 1406 2708 τῷ
1428 2673 1587 2708 δογματικῷ
1611 2674 1693 2700 αὐτοῦ
1722 2675 1807 2710 λόγῳ,

1022 2718 1059 2749 ὡς
1076 2717 1201 2752 προϊοῦσι
1219 2718 1371 2753 φανήσεται
1381 2725 1388 2733 ⁸
1403 2718 1434 2745 τὸ
1449 2719 1477 2744 δὲ
1498 2718 1613 2754 Πνεῦμα
1634 2719 1665 2746 τὸ
1679 2719 1758 2754 ἅγιον
1771 2723 1806 2756 τῇ

1022 2763 1098 2796 τάξει
1128 2763 1218 2797 τρίτον
1247 2763 1301 2791 ἀπὸ
1333 2763 1380 2790 τοῦ
1406 2764 1513 2798 Πατρδς
1541 2764 1718 2800 ὡμολόγηται
1747 2767 1806 2797 τοῖς

1023 2810 1123 2843 ἁγίοις,
1145 2810 1175 2836 οὒ
1201 2809 1255 2845 μὴν
1275 2811 1308 2845 τῇ
1323 2809 1402 2844 φύσει
1421 2810 1511 2845 τρίτον
1523 2818 1530 2825 '
1543 2812 1590 2838 καὶ
1604 2811 1650 2837 τὺν
1665 2812 1713 2847 τὴν
1728 2813 1806 2844 τάξιν

1023 2855 1205 2891 μετατιθέντα
1234 2855 1282 2882 καὶ.
1306 2856 1430 2882 ὁπωσοῦν
1456 2857 1577 2892 ἀρνητὴν
1597 2857 1646 2892 τῆς
1674 2858 1804 2890 πίστεως,
