1942 3091
159 132 210 163 923

617 137 665 167 DE
686 137 946 168 PBGCESSIONE
966 138 1145 171 SPIRITUS
1165 141 1312 173 SANCTI.

1699 141 1771 176 .915

157 188 204 214 καὶ
229 187 279 222 τῆς
301 187 348 214 τοῦ
381 189 538 224 Πνεύματος
567 189 708 228 ὑτέάρξεως
732 193 900 230 ναθαιρέτην
923 194 937 220 ὁ

994 194 1104 223 Basilius
1129 197 1156 224 in
1179 198 1295 232 epistola
1327 197 1360 224 ad
1384 198 1529 225 canonicas
1554 197 1678 224 adirmat.
1702 197 1769 224 item

157 232 244 267 μέγας
266 232 406 266 Βασίλειος
428 235 458 263 ὲν
478 236 606 272 ἐπιστολῇ
621 240 654 274 τῇ
673 239 744 274 πρὸς
760 241 810 272 τὰς
825 249 936 267 κανονμ

155 280 205 309 κάς
219 278 367 314 διορίζεται
380 288 388 296 υ
409 281 455 307 καὶ
468 282 502 317 ἢν
514 283 590 315 τάξιν
613 284 668 319 ἔχει
684 286 698 312 6
719 285 782 317 Υἱὸς
803 286 872 321 πρὸς
890 287 936 313 τὸν

155 322 276 358 Πατέρα,
290 324 339 360 τὴν
356 325 441 361 αὐτὴν
457 328 525 361 πρὸς
538 330 584 356 τὸν
606 330 668 357 Υίδν
684 330 740 366 ἔχει
756 331 786 358 16
805 332 935 368 Πνεῦμα·

154 368 202 393 καὶ
227 369 242 394 6
266 369 315 404 μὲν
340 370 404 402 Υἱὸς
429 371 476 398 τοῦ
501 373 608 408 [ἰατρὸς
634 375 760 411 ἐνέργεια
785 376 861 408 ζῶσα
889 378 937 405 καὶ

155 414 289 449 οὐσιώδης
318 418 364 442 καὶ
390 417 588 452 ὲνυπύστατος,
618 420 665 447 τοῦ
697 422 725 449 δὲ
755 423 819 450 Υίοῦ
849 424 937 451 ταῦτα

157 460 245 486 πάντα
270 460 300 487 16
322 462 452 498 Πνεῦμα·
468 465 516 492 καὶ
531 467 545 492 ὁ
564 466 614 500 μὲν
629 467 725 504 Πατὴρ
740 469 783 496 διὰ
799 471 846 497 τοῦ
870 470 935 497 Υἰοΰ

155 505 273 550 ενεργετ,
288 507 302 532 6
321 507 350 534 δὲ
372 507 435 540 Υἱὸς
457 510 501 536 διὰ
524 511 572 538 τοῦ
599 512 775 547 Πνεὺματος·
792 515 840 542 καὶ
857 517 871 542 ὁ
887 517 937 550 μὲν

156 549 220 582 Υἱὸς
230 552 263 577 ἐκ
275 551 323 578 τοῦ
338 552 444 588 [ἰατρὸς
459 554 603 590 λαμϐάνει,
620 558 650 584 τὸ
662 558 690 585 δὲ
708 559 820 595 Πνεῦμα
836 561 869 587 ὲκ
888 549 950 588 τοῦ.

156 595 232 623 Υίοῦ.
254 606 263 623 ι
285 597 333 624 Ἐκ
354 598 401 625 τοῦ
421 601 489 635 ἐμοῦ
511 602 576 637 γὰρ,
599 604 676 639 φησι,
692 605 817 640 λήψεται,
838 616 847 632 ι
866 607 938 634 κατὰ

156 641 201 668 τὸν
220 643 306 676 μέγαν
321 643 496 673 Ἀθανάσιον·
512 648 560 675 καὶ
581 651 769 685 παραιτοῦμαι
789 653 823 679 τὰ
839 653 935 687 πλείω,

157 687 251 733 ἴνα-μὴ
267 689 327 716 καθ’
344 690 457 718 ἕκαστον
479 693 604 729 ἀριθμῶν
627 695 759 730 διατρίϐω
774 706 780 713 ·
801 699 869 732 πρὸς
882 700 937 733 γὰρ

156 731 261 763 εἰδότας
272 733 356 760 ταῦτα
369 734 488 769 λέγεται.
502 738 546 764 Διὸ
556 738 588 775 δὴ
604 739 690 767 ταῦτα
707 743 754 768 καὶ
766 743 814 778 τὴν
823 731 938 772 γαίὼνιον

158 775 274 825 ῦῗαρξιν
289 779 354 806 Υίοῦ
367 782 412 807 καὶ
428 782 586 818 Πνεύματος
602 787 630 812 ὲν
644 788 700 818 τοῖς
722 775 938 825 Ἀντιρρητικοϊς

157 822 293 870 δίλίύσσης
317 827 490 862 παραδιδοὺς,
511 839 520 856 ι
538 831 573 857 Τὸ
592 831 642 866 μὲν
669 833 733 868 γὰρ,
748 822 823 868 φηάιζ
839 822 938 870 npude-

158 866 214 901 χῶς
228 869 260 895 ὲκ
279 870 326 896 τοῦ
349 872 470 906 πρώτου,
483 874 497 900 6
513 874 577 907 Υἱὸς
593 866 724 910 δηλονότι,
738 866 767 904 16
788 879 817 905 δὲ
834 866 878 907 δια
892 882 938 908 τοῦ
955 868 976 895 Β

160 913 301 960 ¹ιζιροιιεχῶς
321 915 352 942 ὲκ
373 916 421 944 τοῦ
438 919 548 954 πρώτου
561 927 569 934 ⁵
588 930 597 947 ι
615 921 709 956 ὥσπερ
733 923 765 950 ἂν
784 926 809 951 εί
834 925 940 960 ἔλεγεν,

164 957 194 984 '0
208 958 257 993 μὲν
271 960 336 992 Υίὸς
361 962 392 989 ἐκ
407 963 453 990 τοῦ
470 964 576 1000 Πατρὸς
591 966 640 1001 τὴν
656 967 772 1003 ὕπαρξιν
783 969 840 1004 ἔχει
855 957 939 1005 προσ-ζ

158 1005 228 1039 εχῶς
250 1006 297 1032 καὶ
324 1007 452 1042 ἀμέσως·
483 1011 514 1037 16
539 1011 568 1038 δὲ
595 1013 707 1047 Πνεῦμα
736 1015 779 1041 διὰ
801 1015 847 1042 τοῦ
875 1017 940 1043 Υἱοῦ

159 1050 209 1086 τὴν
233 1051 348 1087 ὕπαρξιν
372 1053 438 1090 ἔχει,
454 1056 502 1082 τοῦ
531 1060 704 1092 γεννωμένου
721 1061 752 1087 ὲκ
771 1061 818 1088 τοῦ
836 1063 941 1096 Πατρδς

126 1119 130 1122 .
159 1098 300 1132 προσεχῶς
332 1100 380 1126 καὶ
408 1100 531 1136 ἀμέσως.
564 1103 620 1130 Καὶ
651 1106 717 1140 περὶ
747 1106 797 1140 τῆς
830 1107 940 1134 αίωνίου

160 1141 303 1177 ὑπάρξεως
320 1144 410 1171 αὐτῶν
429 1146 443 1172 6
458 1145 536 1181 λόγος
551 1147 625 1176 ἐστὶν
645 1149 730 1184 αὐτῷ.
749 1150 831 1177 Ὅθεν
845 1152 876 1186 δὴ
892 1152 941 1178 καὶ

160 1187 314 1220 ἀκολούθως
339 1189 370 1216 16
385 1190 499 1226 Πνεῦμα
512 1192 545 1219 τὺ
556 1192 635 1227 ἅγιον
659 1195 691 1220 ὲκ
713 1194 760 1222 τοῦ
778 1196 883 1231 Πατρὸς
897 1197 942 1225 διὰ

160 1233 207 1260 τοῦ
230 1234 295 1261 Υἱοῦ
316 1236 515 1270 ἐκπορεύεσθαι
540 1239 738 1274 παραδιδόασι,
756 1241 805 1276 τὴν
826 1241 942 1278 ὕπαρξιν

161 1278 244 1305 αὐτοῦ
260 1279 415 1316 βουλόμενοι
435 1281 544 1317 δηλοῦν,
563 1284 611 1310 καὶ
633 1285 663 1311 τὸ
687 1286 851 1320 ἔκπορευτὸν
865 1288 942 1315 οὐδὲν

160 1324 254 1359 ἕτερον
275 1325 291 1360 ἢ
312 1325 386 1353 τοῦτ’
410 1324 497 1360 εἴναι,
529 1330 576 1356 καὶ
603 1329 646 1357 διὰ
671 1331 718 1357 τοῦ
747 1333 868 1360 τοιούτου
893 1334 942 1369 τὴν

161 1371 266 1397 ἑαυτῶν
288 1371 432 1406 ὑφαίνουσι
460 1373 601 1408 θεολογίαν
623 1376 647 1402 οι
672 1376 726 1403 ἀπὸ
753 1378 803 1412 τῆς
830 1379 942 1414 πρώτης

161 1416 242 1451 μέχρι
259 1417 310 1452 τῆς
329 1417 446 1454 ἑϐδόμης
466 1419 578 1447 συνόδου
590 1423 750 1457 περιφανεῖς
761 1424 810 1458 τῆς
828 1424 943 1460 Ἐκκλη-

162 1461 221 1493 eis;
242 1462 398 1491 διδάσκαλοι
424 1465 578 1499 γεγονότες.
593 1466 622 1493 '0
649 1468 739 1495 τοίνυν
764 1469 811 1496 τὸν
823 1470 887 1498 Υίὺν
910 1473 942 1498 ἐκ

989 249 1070 276 quem
1092 242 1215 270 ordinem
1238 243 1320 271 habet
1344 243 1430 271 Filius
1453 243 1486 270 ad
1510 243 1628 275 Patrem,
1645 244 1770 270 eumdem

989 288 1073 316 habet
1087 288 1205 324 Spiritus
1218 289 1251 316 ad
1270 290 1387 322 Filium;
1406 293 1432 316 et
1452 289 1538 316 Filius
1556 289 1665 323 quidem
1683 288 1779 316 Patris-

990 333 1112 367 operatio
1133 333 1194 360 viva
1216 338 1270 365 est,
1290 341 1321 360 ac
1345 333 1543 364 substantialis,
1561 338 1588 361 et
1606 333 1769 360 subsistens.

990 377 1050 405 Filii
1063 383 1156 405 autem
1173 379 1232 406 haec
1247 379 1338 406 omnia
1363 378 1481 414 Spiritus
1503 384 1557 412 est;
1577 384 1603 406 et
1618 378 1697 405 Pater
1711 378 1772 412 qui-

990 423 1052 451 dem
1073 431 1122 458 per
1137 424 1234 451 Filium
1256 429 1394 459 operatur,
1411 424 1496 451 Filius
1512 428 1602 451 autem
1618 431 1667 458 per
1688 422 1774 457 Spiri-

991 473 1059 496 tum.
1074 469 1108 496 Et
1123 469 1207 497 Filius
1228 470 1337 504 quidem
1360 478 1394 496 ex
1415 470 1495 497 Patre
1521 469 1635 503 accipit;
1653 468 1774 503 Spiritus

991 519 1081 541 autem
1092 522 1125 541 ex
1139 514 1225 541 Filio:
1246 523 1255 540 ι
1272 515 1310 541 De
1326 522 1387 541 meo
1401 515 1486 544 enim,
1502 513 1600 548 inquit,
1616 513 1741 548 accipiet,
1760 522 1769 538 ι

989 559 1065 594 iuxta
1088 567 1216 595 magnum
1245 560 1432 588 Athanasium.
1462 560 1495 587 Et
1528 560 1658 594 pleraque
1690 559 1778 586 missa»

990 604 1072 637 facio,
1095 612 1130 632 ne
1154 606 1258 640 singula
1283 613 1448 633 enumerans
1477 612 1583 637 morer;
1611 607 1712 639 quippe
1738 604 1772 631 ad

990 650 1094 685 peritos
1116 650 1173 677 haec
1193 650 1332 678 dicuntur.
1348 651 1520 685 Quapropter
1541 650 1624 678 etiam
1642 655 1773 678 aeternam

991 695 1175 723 exsistentiain
1190 695 1263 727 Filii,
1276 700 1304 724 et
1320 696 1438 731 Spiritus
1451 696 1478 723 in
1493 695 1682 724 confutatoriis
1695 695 1774 722 libris

990 740 1127 776 Nysscnus
1140 742 1248 770 tradens
1264 742 1320 777 (6):
1341 752 1350 768 ι
1369 743 1477 769 Etenim
1492 749 1576 769 unum
1592 741 1714 776 quidem,
1731 741 1775 768 in-

991 786 1061 820 quit,
1073 786 1227 814 immediate
1244 795 1276 815 ex
1292 788 1390 822 primo,
1403 780 1531 815 nimirum
1544 787 1643 818 Filius;
1656 787 1772 814 alterum

992 839 1056 859 vero
1073 840 1121 866 per
1137 832 1164 859 id
1188 832 1260 867 quod
1280 832 1436 860 immediate
1450 837 1492 860 est
1513 840 1546 860 ex
1569 831 1668 866 primo,
1687 840 1696 857 ι
1716 836 1774 858 tan-

991 884 1071 911 quam
1084 877 1107 904 si
1124 876 1244 904 diceret:
1263 877 1348 904 Filius
1360 877 1471 911 quidem
1486 876 1672 904 exsistentiam
1691 876 1774 903 habet

991 924 1164 952 continenter
1183 932 1217 952 ex
1244 924 1336 957 Patre,
1363 929 1445 959 atque
1467 924 1633 956 immediate,
1653 923 1774 958 Spiritus

991 973 1082 996 autem
1099 976 1148 1003 per
1161 969 1260 996 Filium
1281 969 1470 997 exsistentiam
1488 969 1580 1001 habet.
1599 970 1646 1004 qui
1663 970 1773 1004 genitus

972 1050 976 1051 γ
991 1019 1033 1041 est
1047 1022 1079 1041 ex
1102 1014 1183 1042 Patre
1200 1015 1374 1042 continenter
1390 1019 1472 1049 atque
1494 1014 1663 1042 immediate.
1681 1014 1774 1048 Deque

991 1064 1092 1087 interna
1115 1060 1238 1094 ipsorum
1261 1060 1420 1087 cxsistentia
1446 1064 1488 1088 est
1511 1061 1549 1087 illi
1572 1067 1672 1087 sermo.
1695 1059 1774 1086 [inde

992 1113 1057 1133 sane
1070 1110 1271 1141 consequenter
1283 1106 1415 1141 Spiritum
1435 1111 1559 1134 sanctum
1581 1113 1614 1133 ex
1631 1106 1711 1133 Patre
1725 1113 1774 1139 pcr

992 1151 1090 1179 Filium
1112 1152 1259 1186 procedere
1281 1152 1466 1186 tradiderunt,
1481 1153 1667 1180 exsistentiam
1689 1151 1774 1185 ipsius

991 1198 1115 1225 volentes
1129 1198 1292 1232 signiﬁcare,
1308 1202 1337 1225 et
1358 1198 1425 1225 illud
1442 1198 1590 1232 procedere
1611 1197 1680 1224 nihil
1700 1197 1774 1223 aliud

992 1250 1052 1271 esse
1069 1250 1150 1277 quam
1166 1243 1229 1276 hoc,
1243 1248 1323 1278 atque
1336 1251 1385 1278 per
1400 1244 1450 1271 hoc
1463 1251 1538 1271 suam
1553 1247 1648 1270 texunt
1662 1247 1690 1270 et
1702 1243 1776 1270 ordi-

993 1294 1077 1317 untur
1093 1289 1268 1324 theologiam,
1285 1290 1331 1324 qui
1350 1297 1364 1316 a
1380 1290 1467 1324 prima
1483 1297 1569 1324 usque
1585 1290 1617 1317 ad
1631 1289 1774 1324 septimam

993 1336 1126 1372 synodum
1156 1336 1277 1371 illustres
1300 1336 1429 1364 Ecclesia:
1452 1337 1578 1364 doctores
1600 1337 1775 1364 exstiterunt.

993 1382 1044 1415 Qui
1060 1382 1143 1418 igitur
1161 1382 1260 1409 Filium
1281 1389 1313 1409 ex
1327 1382 1479 1410 substantia
1500 1382 1589 1409 Patris
1610 1387 1636 1409 el
1658 1381 1777 1416 Spiritus

993 1429 1069 1463 sequi
1090 1429 1245 1456 necessario
1260 1427 1352 1459 infert,
1371 1427 1428 1455 haec
1442 1427 1543 1461 omnia,
1558 1432 1689 1462 quantum
1707 1427 1733 1454 in
1748 1435 1777 1454 se

993 1477 1045 1509 est,
1062 1473 1143 1499 tollit.
1165 1473 1223 1499 Hoc
1240 1472 1313 1499 enim
1334 1472 1474 1506 supposito
1500 1471 1667 1498 contrarium
1687 1472 1791 1506 potius.

160 1506 209 1556 τῆς
220 1507 313 1556 operta;
328 1509 374 1535 τοῦ
385 1510 490 1546 Πατρὸς
498 1513 545 1539 καὶ
557 1512 604 1539 τοῦ
616 1513 774 1548 Πνεύματος
785 1516 942 1550 ἀναγκαίως

994 1506 1139 1552 contingit.
1155 1517 1244 1544 Filius
1260 1516 1371 1551 quidem
1390 1516 1511 1550 Spiritus
1527 1515 1614 1543 sancti
1630 1523 1690 1542 esse
1706 1516 1780 1542 dicc-

160 1551 275 1580 ἕπεσθαι
299 1555 411 1589 ἐπάγων
434 1557 522 1584 πάντα
541 1558 620 1585 ταῦθ’
642 1560 703 1587 ὅσον
722 1561 752 1587 τὸ
775 1561 836 1588 καθ’
863 1562 943 1589 αὑτὸν

162 1600 279 1644 ᾲναιρεί.
297 1601 399 1628 Τούτου
425 1603 479 1638 γὰρ
502 1604 682 1639 ὑποκειμένου
701 1607 858 1635 τούναντίον
877 1610 945 1644 μᾶλ-

161 1643 206 1670 λον
225 1644 259 1671 ἂν
273 1645 426 1679 συμϐαίνοι.
446 1647 476 1673 '0
489 1647 538 1682 μὲν
547 1648 610 1680 Υίὸς
626 1649 673 1676 τοῦ
692 1649 851 1685 Πνεύματος
873 1643 944 1678 εἶναι

161 1690 259 1725 λέγοιτ’
275 1692 318 1723 ἂν,
342 1693 388 1719 καὶ
407 1693 437 1720 οὐ
462 1694 542 1728 μόνος
562 1695 594 1721 ὲκ
608 1695 770 1729 μόνου.οὐδὲ
784 1697 943 1733 μονογενὴς⁹

161 1735 221 1762 οὐδὲ
232 1737 265 1771 τῇ
283 1736 358 1768 τάξει
371 1737 498 1772 δεύτερος
514 1739 568 1766 ἀπὸ
582 1738 630 1766 τοῦ
653 1740 771 1776 Πατρὸς,
796 1740 864 1768 ἀλλὰ
883 1742 943 1777 τρί-

160 1789 206 1812 τος
216 1789 224 1797 ·
237 1781 268 1808 16
281 1782 309 1808 δὲ
326 1783 437 1817 Πνεῦμα
450 1784 577 1819 δεύτερον
588 1785 636 1812 ἀπ’
652 1785 770 1819 ἐκείνου,
782 1786 831 1813 καὶ
845 1787 879 1814 ὲκ
897 1787 944 1813 τοῦ

163 1828 269 1864 Πατρὺς
283 1829 327 1855 διὰ
347 1829 393 1856 τοῦ
420 1830 579 1865 Πνεύματος
600 1831 756 1866 γεννᾶσθαι.
771 1833 826 1860 Καὶ
849 1833 945 1860 σιωπῶ

161 1875 247 1902 ¹ιςᾶλλα
267 1875 322 1902 τῶν
342 1875 483 1911 ὀνομάτων
499 1877 561 1903 καθ’
574 1877 625 1904 ὅσα
639 1877 671 1904 ἂν
683 1879 696 1904 6
712 1878 777 1909 Υἱὸς
790 1879 837 1905 καὶ
858 1879 944 1913 Λόγος

161 1920 230 1955 πρὸς
245 1920 275 1947 16
291 1921 403 1956 Πνεῦμα
420 1921 530 1956 ἐλέγετο
544 1930 552 1938 ο
567 1922 629 1949 καθ’
647 1923 666 1950 ἃ
684 1923 785 1958 μᾶλλον
809 1924 878 1960 πρὸς
899 1925 945 1952 τὸν

162 1966 227 1993 Υἱδν
242 1967 272 1993 16
292 1967 403 2002 Πνεῦμα
418 1968 595 2004 ἀναφέρεται.
611 1969 693 1997 Ἀλλὰ
707 1970 794 1997 ταῦτα
816 1971 946 2006 σύγχυσιν

161 2013 215 2039 τῶν
241 2013 394 2048 ἰδιωμάτων
418 2015 578 2049 περιφανῶς
602 2016 726 2050 εἰσάγει,
747 2016 795 2044 καὶ
818 2017 868 2051 τὴν
894 2018 947 2051 τῆς

162 2058 279 2094 Τριάδος
303 2059 432 2095 ἀκίνητον
452 2061 597 2097 μεθίστησι
617 2062 704 2095 τάξιν.
722 2062 780 2090 Ἵνα
798 2063 889 2089 τοίνυν
909 2063 946 2099 μὴ

160 2105 242 2132 τοῦτο
260 2105 408 2143 συμσαίνῃ,
423 2107 438 2133 ὀ
455 2107 519 2139 Υἱδς
540 2107 587 2135 τοῦ
602 2107 774 2143 Πνεύματος,
790 2109 838 2136 καὶ
856 2110 948 2136 πάντα

161 2150 195 2186 δὴ
213 2151 284 2186 λέγω
306 2152 374 2179 τάπὶ
403 2152 520 2185 τούτοις.
538 2153 602 2180 οὔτε
625 2154 712 2186 ἐστιν,
737 2154 799 2181 οὗτε
824 2154 945 2188 λέγεται,

995 1567 1082 1594 retur,
1106 1570 1137 1590 ac
1159 1570 1213 1589 non
1238 1563 1313 1589 solus
1336 1569 1370 1589 ex
1393 1561 1451 1589 solo
1472 1569 1523 1588 nec
1547 1561 1714 1595 unigenitus.
1728 1569 1779 1588 nec

994 1608 1090 1635 ordine
1105 1607 1243 1634 secundus
1257 1614 1272 1633 a
1289 1606 1380 1637 Patre,
1395 1605 1443 1633 sed
1465 1605 1572 1632 tertius.
1589 1604 1707 1639 Spiritus
1727 1612 1778 1631 au-

995 1658 1048 1679 tem
1064 1651 1201 1679 secundus
1225 1651 1260 1678 ab
1282 1651 1328 1678 illo
1350 1650 1452 1685 (Patre)
1473 1654 1554 1683 atque
1573 1656 1606 1676 ex
1626 1649 1706 1676 Patre
1730 1656 1780 1683 per

995 1698 1127 1733 Spiritum
1143 1696 1280 1732 generari,
1294 1701 1322 1724 et
1340 1696 1449 1723 silentio
1464 1702 1558 1730 premo
1571 1695 1674 1729 reliqua
1692 1695 1779 1721 nomi-

996 1750 1040 1775 na,
1055 1742 1154 1777 quibus
1178 1741 1262 1768 Filius
1284 1745 1313 1768 et
1338 1739 1455 1768 Verbum
1473 1740 1507 1767 ad
1525 1739 1659 1774 Spiritum
1685 1739 1789 1774 utique-

995 1789 1152 1816 diccrctur:
1169 1787 1271 1822 quibus
1285 1787 1377 1821 potius
1393 1786 1513 1821 Spiritus
1529 1785 1561 1813 ad
1577 1785 1676 1813 Filium
1692 1785 1780 1812 refer-

997 1839 1050 1862 tur.
1066 1834 1119 1862 Sed
1136 1834 1194 1861 haec
1211 1833 1401 1861 confusionem
1419 1831 1617 1867 proprietatum
1634 1832 1779 1866 perspicue

996 1881 1146 1911 inducunt,
1173 1884 1255 1915 atque
1281 1876 1424 1906 Trinitatis
1453 1878 1650 1905 immutabilem
1674 1882 1791 1904 mutant:

995 1928 1130 1955 ordinem.
1145 1927 1184 1954 Ne
1202 1918 1284 1962 igitur
1300 1925 1327 1952 id
1343 1924 1463 1956 eveniat,
1483 1924 1569 1951 Filius
1584 1923 1702 1958 Spiritus
1717 1930 1783 1949 san-

997 1973 1042 2004 cti,
1053 1977 1081 2000 et
1095 1972 1187 1999 omnia
1201 1979 1262 2006 qum
1276 1971 1338 1998 inde
1353 1975 1516 2005 sequuntur,
1528 1976 1615 2004 neque
1627 1973 1678 2000 est.
1692 1976 1782 2003 neque

997 2018 1108 2050 dicitur,
1119 2025 1210 2051 neque
1225 2016 1411 2051 reciprocatur
1422 2014 1536 2042 relativa
1550 2015 1601 2041 ista
1612 2021 1783 2047 consc'iuen.

998 2063 1034 2091 tia
1060 2062 1213 2090 secundum
1242 2062 1395 2097 Nyssenum
1421 2060 1583 2095 Gregorium
1613 2059 1724 2087 homilia
1754 2059 1796 2086 in.

998 2108 1080 2135 Pater
1097 2112 1195 2135 noster.
1213 2107 1267 2135 Sed
1283 2113 1373 2141 neque
1391 2106 1479 2133 Patris
1496 2104 1631 2137 deﬁnitio,
1649 2101 1784 2131 termirfus

998 2159 1026 2182 et
1050 2154 1186 2186 Verbum,
1203 2159 1254 2180 nec
1280 2152 1370 2187 imago
1401 2150 1633 2178 incommutabilis
1665 2149 1784 2184 Spiritus

161 2197 223 2223 οὐδὲ
241 2197 416 2233 ἀντιστρέφει
444 2199 462 2234 ὴ
492 2199 603 2234 σχετικὴ
626 2199 696 2234 αὕτη
716 2199 862 2226 ἀκολουθία
876 2200 942 2227 κατὰ

997 2199 1109 2231 dicitur,
1124 2197 1249 2233 quamvis
1269 2204 1322 2223 una
1339 2204 1400 2223 cum
1419 2196 1511 2228 Patre,
1526 2195 1649 2230 Filioque
1672 2194 1784 2230 conglo~

161 2242 208 2269 τὸν
223 2242 335 2277 Νύσσης
361 2242 513 2279 Γρηγόριον
532 2244 561 2270 ἐν
580 2245 613 2279 τῇ
629 2244 670 2276 είς
694 2244 726 2271 τδ
748 2243 845 2279 Πάτερ
863 2243 949 2279 ἡμῶν

1002 2244 1135 2274 riiicetur,
1150 2247 1180 2269 et
1192 2241 1432 2270 conSUbstantialis
1446 2240 1569 2267 exsistat.

163 2287 264 2323 ὁμιλίᾳ.
278 2287 345 2314 Οὐδὲ
366 2296 398 2321 γε
427 2288 481 2323 μὴν
501 2287 549 2316 τοῦ
568 2289 675 2324 Πατρὺς
698 2289 760 2324 ὄρος
782 2290 830 2316 καὶ
853 2290 942 2324 λόγος,
961 2289 1015 2316 οὐδ’
1029 2289 1112 2316 εἰκὼν
1127 2287 1336 2324 ἀπαράλλακτος
1350 2287 1380 2314 16
1410 2285 1522 2321 Πνεῦμα
1551 2285 1672 2319 λέγεται,
1696 2286 1785 2312 καίτοι

161 2333 200 2368 τῷ
216 2334 304 2367 Πατρὶ
314 2334 361 2361 καὶ
373 2333 413 2369 τῷ
426 2333 483 2368 Υἱῷ
497 2334 725 2370 συνδοξαζόμενον
739 2336 786 2362 καὶ
800 2335 944 2370 ὁμοούσιον
963 2335 1097 2370 ὑπάρχον.
1589 2342 1597 2347 "
1769 2339 1774 2343 '

205 2380 287 2406 Ἀλλὰ
312 2380 366 2414 μὴν
394 2379 456 2406 οὐδὲ
478 2380 551 2407 τοῦτ’
577 2380 689 2414 εὔλογον
704 2399 712 2413 ,
743 2381 790 2408 τοῦ
824 2381 891 2408 Υίοῦ
921 2381 952 2408 16

163 2425 276 2460 Πνεῦμα
287 2425 335 2452 καὶ
348 2424 435 2452 ταῦτα
455 2425 543 2453 πάντα
556 2426 673 2460 φάσκειν
687 2426 814 2461 λέγεσθαι
830 2427 875 2454 διὰ
898 2427 948 2462 τὴν

162 2472 368 2506 ὁμοουσιότητα.
397 2471 508 2507 Πρῶτον
537 2473 586 2506 μὲν
615 2473 657 2499 ὃτι
679 2471 714 2499 τὰ
728 2472 860 2506 ὸμοούσια
882 2473 951 2507 πρὸς

163 2517 265 2552 ἄλληλα
279 2517 463 2553 ἀντιστρέφει,
480 2517 567 2545 ταῦτα
582 2517 610 2544 δὲ
623 2518 748 2553 οὐδαμῶς
759 2526 766 2534 ·
783 2518 880 2546 ἔπειτα
903 2519 951 2545 οὑ-

163 2562 192 2589 δὲ
209 2563 277 2589 κατὰ
291 2563 341 2598 τὴν
353 2563 448 2590 οὐσίαν
466 2561 552 2589 ταῦτα
563 2562 684 2597 λέγεται.
707 2563 765 2590 Μία
779 2563 835 2598 γὰρ
847 2564 863 2598 ἡ
879 2563 948 2599 αὐτή

162 2608 237 2634 ἐστιν
250 2609 339 2641 οὐσία,
352 2610 399 2636 καὶ
410 2609 440 2635 οὐ
455 2608 514 2634 τόδε
527 2608 604 2635 τοῦδε
619 2609 690 2636 κατὰ
705 2608 805 2644 ταύτην
819 2609 930 2644 λέγεται
939 2618 946 2626 υ

162 2653 250 2686 ἄλλως
262 2654 315 2690 γὰρ
324 2655 397 2689 τρεῖς
408 2655 448 2687 ἄν¹
463 2651 533 2690 ἦσαν
543 2654 631 2681 οὐσίαι
649 2654 849 2689 ἀπολελυμέναι
868 2655 949 2690 ἀλλή-

163 2700 227 2732 λων,
235 2699 296 2726 οὐδὲ
313 2700 381 2727 καθὸ
390 2699 520 2736 ὀμοούσια
532 2700 600 2736 πρὸς
612 2700 714 2736 ἄλληλα
726 2699 859 2734 λέγονται.
869 2700 948 2727 Κατὰ

200 2769 238 2803 (4)
252 2768 340 2806 Locus
350 2768 464 2806 Nyssenri
475 2775 556 2804 quem
568 2770 635 2798 citat
645 2770 801 2798 Demetrius
813 2771 950 2806 reperitur

165 2805 192 2831 in
206 2805 329 2831 oratione
349 2804 383 2841 ad
409 2804 566 2841 Abiabium,
583 2813 644 2840 quae
666 2813 722 2832 non
750 2811 792 2833 est
818 2804 888 2841 typis
902 2815 950 2834 ex-

165 2847 244 2866 cussa
264 2847 326 2866 cum
340 2840 400 2867 aliis
415 2840 475 2875 ejus
492 2841 632 2875 operibus,
647 2846 674 2868 ct
688 2846 776 2868 exstat
804 2840 942 2869 in’tiibliu—

1037 2380 1089 2408 Sed
1104 2388 1192 2416 neque
1220 2380 1319 2407 rationi
1347 2382 1560 2406 consentaneum
1579 2384 1631 2411 est,
1658 2386 1786 2411 asserere

1000 2426 1062 2454 Filii
1074 2427 1218 2462 Spiritum.
1232 2431 1261 2453 et
1275 2426 1333 2453 haec
1346 2426 1439 2453 omnia
1452 2425 1506 2452 dici
1527 2430 1639 2459 propter
1652 2425 1780 2452 consub—

1000 2472 1217 2500 stantialitatem.
1233 2472 1355 2499 Primum
1372 2470 1495 2506 quidem,
1511 2470 1585 2506 quod
1601 2470 1784 2498 consubstan-

1000 2519 1074 2546 tiaiia
1090 2518 1163 2545 inter
1178 2525 1207 2545 se
1228 2518 1446 2552 reciprocantur,
1471 2516 1530 2543 hiec
1545 2523 1611 2543 vero
1633 2515 1709 2542 nullo
1724 2523 1786 2542 mo—

1001 2564 1047 2591 do.
1073 2563 1175 2591 Deinde
1210 2571 1300 2598 neque
1334 2562 1487 2590 secundum
1511 2560 1692 2590 substantiam
1727 2561 1785 2587 hare

1001 2609 1149 2643 dicuntur;
1170 2616 1223 2636 una
1238 2609 1311 2636 enim
1331 2607 1427 2636 eadem
1443 2611 1486 2635 est
1502 2607 1665 2637 substantia,
1682 2611 1710 2633 et
1729 2613 1784 2632 non

1001 2655 1054 2683 hoc
1071 2655 1153 2690 hujus
1178 2653 1329 2682 secundum
1349 2661 1409 2681 eam
1441 2653 1553 2687 dicitur,
1586 2651 1708 2686 alioquin
1729 2655 1785 2677 tres

1001 2705 1094 2728 essent
1122 2700 1284 2728 substantia
1313 2699 1444 2726 absolutae
1470 2698 1504 2725 ab
1533 2698 1662 2726 invicem.
1689 2696 1788 2731 Neque

1003 2772 1081 2799 thera
1095 2772 1234 2802 Vaticana.
1251 2779 1304 2798 non
1322 2775 1413 2798 autem
1428 2770 1456 2797 in
1480 2769 1557 2798 libris
1581 2769 1784 2800 confutatoriis.

1002 2808 1049 2841 qui
1065 2812 1129 2834 sunt
1145 2811 1239 2834 contra
1254 2805 1417 2832 Eunomium
1430 2814 1437 2837 ;
1453 2812 1538 2839 quare
1554 2805 1710 2838 Demetrius
1720 2812 1797 2840 pasov-

1000 2840 1046 2870 sius
1066 2847 1109 2870 est
1127 2841 1292 2876 μνημονικὸν
1310 2840 1471 2874 ἁμάρτημα.
