1942 3091
202 166 254 198 915

833 174 1024 206 DEMETRII
1044 176 1197 214 CYDOle

1760 175 1813 208 916

200 225 335 257 quatenus
352 223 474 259 ejusdem
489 224 648 255 summie
669 233 733 255 sunt
748 233 841 256 mutuo
854 230 976 257 referun-

1029 232 1106 258 τοῦτο
1123 233 1176 267 γάρ
1186 233 1255 258 εἰσιν
1269 232 1308 264 ἒν,
1321 233 1366 259 καὶ
1380 233 1409 258 οὒ
1423 231 1547 265 λέγονται
1568 230 1636 267 πρός
1654 240 1692 258 τι.
1709 230 1741 258 Ἢ
1756 232 1811 267 γὰρ

200 273 256 296 tttr.
273 270 378 304 Quippe
397 272 547 299 secundum
562 273 613 300 hoe
634 282 716 300 unum
731 280 806 306 sunt,
818 280 846 302 et
864 283 917 303 non
934 276 978 303 di-

198 319 299 342 cuntur
309 316 341 342 ad
359 317 473 351 aliquid.
495 317 602 345 Etenim
620 319 716 346 relatio
736 321 806 347 inter
820 321 873 348 duo
889 319 979 349 consi-

198 361 324 393 dcratur;
342 365 423 396 atque
436 370 530 395 unum,
543 369 679 398 quatenus
695 372 723 391 re
744 373 826 392 unum
844 372 896 398 est,
910 368 978 394 rela-

199 407 253 434 tive
273 407 305 434 ad
335 415 363 434 se
389 416 442 434 non
468 409 579 440 dicitur,
608 410 656 436 sed
686 411 814 438 nimirum
842 419 978 446 quatenus

197 459 321 485 persona
335 458 410 481 sunt.
432 454 577 487 quemdam
590 455 711 481 ordinem
729 456 799 483 inter
817 465 846 484 se
865 457 984 490 habent,-

196 498 310 532 ctjuxta
323 498 520 525 immutabilem
534 503 614 533 atque
630 504 760 527 mternum
779 502 850 528 inter
863 509 892 529 sc
906 503 979 529 ordi-

197 551 270 574 nom,
284 543 335 570 hoc
350 543 442 578 hujus,
457 549 486 571 et
503 544 554 572 hoc
575 545 647 572 illius
660 553 721 573 esse
735 547 846 580 dicitur,
864 548 914 575 hoc
930 549 979 575 alii

197 587 263 621 quid
280 595 349 619 esse.
365 588 521 623 imaginem,
536 590 578 616 vel
592 591 750 624 potentiam,
768 592 808 619 vel
826 594 976 620 naturalem

1027 277 1151 311 ἀναφορὰ
1167 279 1212 303 ἐπὶ
1225 277 1271 303 δύο
1286 278 1443 312 Θεωρεῖται·
1459 277 1507 304 κα)⁸
1521 278 1552 304 τὸ
1563 278 1604 309 ἓν,
1625 278 1720 311 ἑᾎόσον
1737 277 1811 304 ἐστὶν

1025 322 1055 349 ἓν
1070 323 1107 357 τῷ
1123 323 1276 357 πράγματι,
1290 323 1462 357 ἀναφορικῶς
1476 323 1544 357 πρὸς
1554 323 1634 349 ἑαυτὸ
1650 323 1680 348 οῦ
1692 322 1812 356 λέγεται,

1026 368 1095 394 ἀλλὰ
1120 368 1210 403 δῆλον,
1225 369 1267 395 ὄτι
1293 368 1360 395 καθὸ
1376 369 1509 402 πρόσωπα
1536 368 1604 402 πρὸς
1629 367 1731 402 ἄλληλά
1755 376 1813 398 πως

1027 413 1129 446 τάξεως
1155 414 1258 448 ἔχουσι,
1281 414 1329 441 καὶ
1353 414 1424 440 κατὰ
1436 415 1484 448 τὴν
1499 414 1601 440 τούτων
1617 413 1744 448 ἀκίνητον
1766 413 1813 438 καὶ

1029 460 1114 485 ἀῖδιον
1130 460 1198 494 πρὸς
1215 460 1298 486 ἑαυτὰ
1310 460 1386 491 τάξιν
1399 460 1458 486 τόδε
1473 459 1550 488 τοῦδε
1565 459 1680 493 λέγεται,
1698 459 1744 485 καὶ
1754 458 1812 484 τόδε

1027 504 1114 535 τοῦδε,
1129 505 1159 531 τὸ
1172 505 1200 531 δέ
1216 514 1242 531 τι
1257 503 1337 537 εἶναι,
1352 505 1455 536 εἰκόνα,
1479 505 1495 540 ἣ
1511 504 1636 537 δύναμιν,
1660 503 1676 538 ἦ
1695 503 1812 537 φυσικὴν

1028 549 1110 584 ζωὴν,
1123 551 1140 586 ἦ
1155 559 1182 576 τι
1199 550 1327 577 τοιοῦτον.
1352 551 1396 582 Ἐξ
1409 548 1446 577 ὧν
1461 550 1508 577 καὶ
1525 551 1541 584 ἡ
1560 549 1670 582 πρόοδος
1686 550 1755 583 μετὰ
1765 549 1814 582 τῆς

1027 594 1205 629 προσωπικῆς
1214 595 1303 622 αὐτῶν
1319 595 1462 631 ὑπάρξεως
1478 594 1726 629 καταλαμϐάνεται.

198 635 292 668 vitam,
307 636 350 663 vel
365 636 466 671 aliquid
481 637 581 665 simile.
599 639 637 665 Ex
657 640 754 674 quibus
767 641 849 667 etiam
866 649 1071 675 processusuna
1090 651 1150 670 cum
1161 644 1295 679 personali
1309 644 1406 670 horum
1416 643 1574 671 exsistentia
1586 642 1811 676 deprehenditur.

233 682 377 715 Praeterea,
400 690 415 710 a
429 685 532 719 sanctis
547 689 685 713 ostensum
707 692 758 718 est.
773 693 917 723 propterea
933 690 977 716 Fi-

204 727 271 754 lium
294 735 355 755 esse
369 729 627 757 consubstantialem
655 731 739 763 Patri,
760 732 832 766 quod
861 741 893 760 ex
916 734 982 761 sub-

197 773 297 800 stantia
314 778 465 809 naturaque
481 775 569 803 Patris
587 782 745 811 generetur.
758 778 835 810 Quod
855 780 980 813 profecto

1067 691 1126 717 Ἔτι
1143 691 1219 726 παρὰ
1241 692 1294 718 τῶν
1318 691 1412 724 ἁγίων
1428 691 1562 717 δέδεικται
1582 689 1627 716 διὰ
1642 689 1720 715 τοῦτο
1744 685 1816 713 εἶναι

1033 736 1078 762 τὸν
1093 736 1156 762 Υἰὸν
1171 736 1313 771 ὁμοούσιον
1332 736 1369 770 τῷ
1398 735 1497 770 Ila-cpt,
1515 735 1582 761 διότι
1602 735 1633 760 ἐκ
1658 733 1707 767 τῆς
1720 733 1816 762 οὐσίας

1033 781 1079 807 καὶ
1094 782 1142 815 τῆς
1169 782 1276 815 φύσεως
1302 781 1347 808 τοῦ
1369 781 1475 816 Πατρδς
1501 780 1638 814 γεννᾶται.
1660 779 1693 804 ’Ὁ
1714 778 1746 812 δὴ
1767 777 1816 803 καὶ

196 822 225 844 et
239 817 274 845 ab
290 818 346 852 ipsa
369 820 528 854 operatione
553 821 730 849 manifestum
748 828 799 850 est.
820 824 887 857 Quia
905 826 976 852 enim

1031 825 1075 852 ἐπ’
1088 826 1171 860 αὐτῆς
1185 826 1235 860 τῆς
1254 826 1392 861 ἐνεργείας
1417 825 1543 859 φανερόν.
1570 825 1641 850 Διότι
1658 823 1743 870 γὶργὸ
1762 821 1816 870 ἰῖλέ-

197 862 295 890 Petrus
309 872 342 890 ex
366 868 462 892 natura
480 865 564 892 Joana
583 867 735 894 secundum
751 864 861 896 causam
885 878 978 897 essen-

198 908 290 935 tialetn
303 908 492 936 e'rsistentiam
507 911 600 943 habet,
615 912 717 939 idcirco
734 913 856 948 ejusdem
874 919 980 942 natura:

196 961 258 979 cum
272 955 330 988 ipso
343 959 430 988 est,et
449 955 521 983 filius
537 957 596 992 ejus
605 964 664 984 esse
676 957 737 992 jure
752 959 856 992 optimo
871 959 982 987 dicitur.

195 998 323 1033 Alioquin
333 1008 386 1027 non
395 1006 467 1028 esset
480 1001 561 1034 filius,
575 1002 622 1029 scd
633 1002 716 1030 frater
724 1003 766 1030 vel
776 1005 983 1039 quomodocun-

195 1051 250 1076 que
262 1043 342 1071 aliter
353 1045 506 1073 secundum
518 1047 720 1080 similitudinis,
739 1057 785 1076 seu
800 1049 938 1078 afﬁnitatis
946 1051 979 1078 ad

196 1088 299 1115 similes
312 1090 528 1124 reciprocantem
548 1093 788 1125 consequentiam.
803 1094 931 1126 Quamvis
954 1096 980 1122 in

201 1131 244 1162 iis,
261 1140 320 1167 qua:
342 1139 406 1161 sunt
433 1143 481 1169 per
498 1137 702 1169 generationem
733 1145 757 1165 et
774 1141 979 1174 corrttptionetn

195 1177 279 1204 etiam
292 1179 393 1213 absque
404 1188 436 1206 eo
452 1181 524 1214 quod
539 1182 655 1209 alterum
679 1183 712 1209 ab
727 1184 813 1211 altero
829 1187 978 1214 naturalem

198 1230 308 1250 causam
324 1225 492 1252 exsistentim
510 1226 619 1258 haheat.
636 1228 694 1255 fieri
711 1235 814 1263 potest,
831 1236 860 1257 ut
879 1239 977 1259 secun-

196 1269 262 1295 dum
288 1270 434 1303 quamdam
456 1273 575 1300 materia!
599 1274 757 1302 affinitatem
783 1277 834 1304 hoc
852 1278 933 1313 hujus
951 1285 979 1307 et

197 1313 297 1342 simile.
316 1315 357 1342 vel
379 1317 610 1346 consubstantiale
631 1320 791 1354 simpliciter
809 1322 933 1353 dicatur;
951 1330 978 1351 at

195 1365 263 1386 vero
283 1359 310 1386 in
327 1360 393 1392 Deo,
407 1362 452 1389 ubi
467 1370 518 1388 llOll
534 1368 575 1390 est
592 1366 716 1397 materia.
734 1371 761 1393 et
775 1372 873 1394 cuncta
893 1374 978 1395 mate-

197 1407 274 1434 rialia
293 1406 401 1439 absunt.
423 1415 512 1443 neque
529 1410 679 1440 secundum
699 1419 852 1445 excessum,
872 1418 900 1441 et
929 1414 977 1442 de-

198 1453 312 1485 fectum,
328 1460 417 1487 neque
450 1458 480 1480 ut
505 1456 718 1489 possessionem.
736 1466 825 1492 neque
841 1459 871 1486 u't
895 1467 974 1494 opus,

196 1504 284 1531 neque
303 1498 552 1534 quomodocunque
572 1501 652 1528 aliter
666 1502 726 1529 ﬁeri
749 1508 837 1535 potest
853 1509 883 1531 ut
901 1505 973 1532 dira-

197 1547 241 1568 tur
255 1543 406 1570 secundum
421 1544 502 1571 talem
528 1545 698 1580 afﬁnitatem,
716 1549 840 1583 profecto
860 1558 915 1578 non
931 1559 975 1579 se-

195 1587 317 1614 ruudum
333 1588 413 1615 aliam
436 1590 571 1618 rationem
590 1592 643 1620 hoc
659 1593 741 1628 hujus
759 1595 816 1622 fieri
834 1601 922 1630 potest
947 1601 977 1624 ut

195 1631 316 1664 dicatur,
343 1638 370 1660 et
384 1635 619 1664 consubstantiale
633 1638 679 1670 sit,
706 1639 758 1666 nisi
773 1641 837 1674 quia
865 1649 899 1669 ex
918 1643 976 1677 ipso

195 1685 306 1705 causam
325 1678 436 1707 habeat.
455 1680 556 1709 Eadem
580 1682 663 1717 igitur
685 1685 790 1712 ratione
812 1694 866 1714 non
891 1687 977 1722 Spiri-

196 1727 240 1750 tus
250 1730 311 1751 esse
327 1724 387 1752 Filii
404 1725 517 1758 dicitur,
532 1732 560 1754 et
575 1727 657 1755 etiam
674 1730 808 1763 potentia,
826 1735 854 1758 et
866 1737 978 1760 natura-

194 1768 229 1796 lis
246 1773 329 1804 atque
353 1771 509 1798 essentialis
523 1771 588 1804 vita,
613 1777 641 1800 et
664 1774 724 1808 ejus
748 1776 882 1809 operatio,
902 1781 930 1804 et
943 1784 977 1804 ex

169 1820 172 1823 ·
193 1813 345 1841 substantia
359 1815 420 1850 ejus
434 1823 505 1848 esse,
533 1818 661 1850 quoniam
684 1823 714 1845 ut
738 1819 788 1853 ipsi
803 1821 890 1853 aiunt,
912 1829 977 1849 con-

194 1859 381 1887 substantialis
393 1865 435 1888 est
448 1861 516 1896 ipsi;
537 1863 585 1889 sed
599 1864 662 1898 quia
676 1871 708 1891 ex
726 1864 806 1892 Patre
825 1874 873 1900 per
885 1868 973 1902 ipsum

193 1903 292 1931 Filium
315 1906 465 1939 personalis
485 1914 540 1934 sua:
561 1908 725 1936 cxsistentiat
748 1917 857 1937 causam
882 1911 974 1944 habet.

194 1953 339 1984 propterea
351 1949 409 1977 haec
418 1958 478 1978 esse
487 1951 607 1987 Spiritus
623 1952 683 1980 Filii
698 1953 810 1988 dicitur,
822 1962 849 1983 ct
865 1963 898 1983 ex
911 1958 975 1985 sub-

193 1994 291 2020 stantia
300 1994 359 2029 ejus
369 2002 442 2026 esse,
456 2001 484 2023 et
500 1998 740 2027 consubstantialis
755 2008 814 2028 esse
829 2001 892 2036 ipsi,
908 2011 976 2038 prir-

193 2039 289 2065 sertim
312 2046 373 2066 cum
396 2047 450 2068 non
481 2047 659 2069 convertatur
687 2043 786 2071 horum
815 2046 912 2074 relatio
939 2048 974 2075 ad

194 2083 339 2118 Spiritum.
366 2085 432 2118 Quae
453 2093 519 2114 sane
533 2089 677 2121 oportebat
702 2094 731 2117 ut
752 2097 973 2128 converteretur,

1027 880 1089 906 τρος
1104 873 1134 898 ἐκ
1152 872 1200 905 τῆς
1218 872 1324 906 φύσεως
1335 872 1382 898 τοῦ
1402 872 1500 898 Ἰωανᾶ
1513 871 1574 898 κατ’
1591 870 1679 897 αἰτίαν
1693 867 1813 902 οὖσιώδη

1034 917 1084 951 τὴν
1099 916 1213 952 ὓπαρξιν
1225 917 1291 951 ἔχει,
1306 917 1349 943 διὰ
1363 917 1442 943 τοῦτο
1456 916 1504 951 τῆς
1522 915 1606 950 αὐτῆς
1617 914 1691 949 αὐτῷ
1707 911 1817 947 φύσεώς

1034 962 1102 994 ἔστι,
1120 963 1167 988 καὶ
1181 963 1237 992 υἰδς
1257 962 1338 988 αὐτοῦ
1355 960 1423 988 εἶναι
1445 961 1553 995 λέγεται
1573 961 1693 990 εἰκότως.
1710 958 1817 990 Ἀλλως

1033 1007 1086 1041 γὰρ
1100 1007 1149 1033 οὐκ
1163 1007 1196 1034 ἂν
1209 1005 1242 1042 ἦν
1254 1008 1320 1039 υἱὸς,
1337 1007 1394 1034 ἀλλ’
1413 1007 1536 1042 ἀδελφὸς,
1556 1007 1572 1041 ἢ
1587 1004 1712 1032 ὁπωσοῦν
1727 1004 1817 1035 ἄλλως

1033 1052 1103 1078 κατὰ
1127 1052 1175 1087 τὴν
1189 1053 1238 1088 τῆς
1254 1053 1410 1088 ὁμοιότητος
1446 1053 1462 1088 ἢ
1478 1052 1641 1086 οἰκειότητος
1669 1051 1737 1085 πρδς
1753 1050 1824 1096 τοῦς.

1031 1097 1140 1131 ὁμοίους
1152 1097 1384 1133 ἀντιστρέφουσαν
1403 1097 1573 1125 ἀκολουθίαν.
1592 1096 1687 1123 Καίτοι
1702 1096 1748 1122 ἐπὶ
1765 1095 1816 1130 μὲν

1030 1142 1085 1168 τὼν
1095 1143 1124 1168 ὲν
1137 1142 1244 1176 γενέσει
1260 1143 1306 1170 καί
1323 1143 1420 1179 φθορᾷ,
1433 1144 1479 1170 καὶ
1493 1143 1576 1178 χωρὶς
1591 1142 1684 1169 τούτου
1706 1141 1736 1167 τὺ
1753 1141 1814 1167 ἓτε-

1032 1195 1077 1221 ρον
1090 1187 1118 1219 ἐξ
1130 1187 1224 1221 ἐτέρου
1246 1188 1295 1222 τὴν
1321 1189 1438 1223 φυσικὴν
1452 1188 1542 1215 αἰτίαν
1561 1187 1633 1222 ἔχειν
1657 1186 1708 1220 τῆς
1721 1186 1815 1218 ὑπάρ-

1031 1232 1109 1264 ξεως,
1134 1233 1246 1259 δυνατὸν
1261 1234 1330 1260 κατά
1344 1242 1403 1260 τινα
1428 1234 1478 1267 τῆς
1493 1234 1558 1268 ὕλης
1576 1232 1728 1267 οἰκειότητα
1752 1231 1813 1258 τόδε

1029 1277 1105 1304 τοῦδε
1133 1277 1258 1312 λέγεσθαι
1274 1279 1321 1305 xui.
1339 1275 1430 1313 ὅμοιον
1453 1278 1469 1313 ἢ
1484 1278 1624 1313 ὁμοούσιον
1640 1277 1731 1308 ἁπλῶς
1742 1284 1749 1291 ·
1766 1277 1814 1302 ἐπὶ

1028 1323 1055 1349 δὲ
1074 1324 1119 1349 τοῦ
1134 1323 1211 1357 Θεοῦ,
1228 1324 1288 1350 ἐπεὶ
1308 1325 1336 1350 ὲν
1352 1324 1423 1358 αὐτῷ
1439 1325 1455 1359 ἡ
1472 1323 1521 1359 ὕλη
1537 1324 1584 1350 καὶ
1608 1323 1696 1350 πάντα
1709 1323 1744 1349 τὰ
1763 1322 1814 1356 τῆς

1030 1368 1094 1404 ὕλης
1122 1369 1229 1402 ἄπεστι,
1247 1370 1293 1396 καὶ
1308 1369 1369 1396 οὕτε
1385 1369 1445 1397 καθ’
1461 1370 1596 1405 ὑπεροχήν
1611 1377 1638 1395 τε
1656 1368 1702 1395 καὶ
1723 1368 1811 1394 ἐλλει-

1027 1414 1084 1448 ψιν,
1096 1414 1156 1440 οὔτε
1172 1415 1210 1446 ὡς
1224 1415 1356 1451 κτῆμα,ἢ
1373 1415 1487 1450 ποίημα,
1504 1415 1560 1441 οὗθ’
1575 1414 1699 1441 ὁπωσοῦν
1725 1413 1815 1444 ἄλλως

1027 1460 1138 1486 δύναται
1154 1460 1279 1494 λέγεσθαι
1303 1461 1373 1487 κατὰ
1386 1461 1513 1494 τοιαύτην
1529 1461 1693 1493 οἰκειότητα,
1705 1460 1734 1484 οὐ
1750 1458 1814 1485 καθ’

1027 1506 1120 1541 ἕτερον
1143 1506 1228 1541 δήπου
1255 1506 1333 1540 λόγον
1353 1507 1412 1532 τάδε
1427 1505 1503 1532 τοῦδε
1531 1505 1656 1539 λέγεσοαι
1674 1504 1813 1539 ἐνδέχεται

1029 1553 1077 1579 καὶ
1089 1552 1234 1587 ὀμοούσιον
1254 1553 1404 1587 ὑπάρχειν,
1429 1552 1446 1588 ῆ
1473 1553 1516 1579 ὃτι
1539 1552 1588 1586 τὴν
1605 1551 1695 1577 αἰτίαν
1710 1550 1767 1584 ἔχει
1782 1550 1815 1582 ἑξ

1027 1597 1123 1624 αὑτοῦ.
1143 1598 1220 1625 Κατὰ
1232 1599 1278 1624 τὸν
1295 1598 1376 1625 αὐτὸν
1399 1598 1488 1624 τοίνυν
1511 1597 1599 1630 λόγον,
1626 1598 1675 1623 οῦκ
1697 1595 1752 1630 ἄρα
1766 1595 1814 1622 τοῦ

1030 1643 1093 1669 Υἰοῦ
1108 1643 1139 1670 τὸ
1157 1643 1275 1678 ’Πνεῦμα
1290 1641 1359 1670 εἶναι
1375 1643 1493 1677 λέγεται,
1516 1643 1562 1669 καὶ
1573 1642 1605 1678 δὴ
1619 1642 1667 1669 καὶ
1683 1642 1814 1675 δύναμις,

1028 1690 1074 1716 καὶ
1088 1688 1189 1724 φυσικὴ
1209 1690 1255 1716 καὶ
1281 1689 1413 1724 οὐσιώδης
1435 1689 1492 1723 ζωὴ
1514 1689 1561 1715 καὶ
1577 1688 1701 1722 ἐνέργεια
1718 1687 1815 1720 αὐτοῦ,

1029 1735 1076 1761 καὶ
1095 1735 1127 1761 ὲκ
1141 1734 1189 1768 τῆς
1202 1735 1296 1765 οὐσίας
1310 1732 1380 1761 εἶναι
1397 1733 1489 1766 αὐτοῦ,
1504 1734 1555 1766 ὃτι,
1571 1733 1608 1765 ὡς
1624 1734 1701 1760 αὐτοί
1717 1741 1813 1766 φασιν.

1030 1780 1170 1815 ὁμοοὺσιον
1187 1777 1255 1807 εἶναι
1268 1780 1351 1815 αὐτῷ,
1369 1780 1436 1807 ἀλλὰ
1457 1780 1525 1806 διότι
1549 1780 1580 1806 ὲκ
1593 1779 1639 1806 τοῦ
1653 1779 1760 1814 Πατρὺς
1778 1778 1814 1805 δι’

1030 1826 1113 1852 αὑτοῦ
1135 1826 1182 1852 τοῦ
1206 1826 1271 1853 Υἰοῦ
1295 1826 1346 1862 τὴν
1377 1826 1466 1853 αἰτίαν
1482 1826 1538 1861 ἔχει
1564 1825 1613 1859 τῆς
1633 1825 1815 1860 προσωπικῆς

1029 1871 1173 1906 ὑπάρξεως
1188 1872 1283 1903 αὑτοῦ,
1297 1872 1342 1898 διὰ
1356 1872 1435 1898 τοῦτο
1446 1871 1530 1898 ταῦτα
1555 1869 1625 1898 εῖναι
1638 1871 1747 1904 λέγεται
1763 1870 1813 1897 τοῦ

1027 1916 1093 1944 Υἱοῦ
1108 1917 1139 1943 τὺ
1155 1916 1277 1952 Πνεῦμα,
1291 1919 1339 1944 καὶ
1355 1918 1386 1944 ἐκ
1401 1917 1450 1952 τῆς
1461 1918 1554 1949 οὐσίας
1567 1917 1648 1944 αὑτοῦ
1661 1913 1741 1948 εῖναι,
1765 1916 1814 1943 καὶ

1025 1963 1166 1998 ὀμοοὺσιον
1179 1963 1266 1999 αὐτῷ,
1296 1963 1404 1998 μάλισθ’
1429 1965 1470 1990 ὅτι
1492 1964 1539 1990 καὶ
1562 1963 1623 1990 οὐδὲ
1636 1963 1814 1998 ἀντιστρέφει

1024 2009 1127 2035 τούτων
1141 2009 1157 2042 ἡ
1169 2009 1260 2044 σχέσις
1271 2009 1323 2036 ἀπὸ
1337 2009 1383 2037 τοῦ
1391 2009 1457 2036 Υἰοῦ
1473 2009 1542 2044 πρὸς
1553 2010 1583 2037 τὸ
1598 2010 1723 2044 Πνεῦμα’
1738 2009 1814 2044 ἅπερ

1025 2054 1118 2089 ἐχρῆν,
1134 2055 1159 2081 εἰ
1183 2054 1254 2081 κατὰ
1269 2055 1313 2082 τὸν
1329 2055 1417 2082 κοινὸν
1438 2056 1500 2091 ὅρον
1514 2055 1564 2091 τῆς
1585 2055 1657 2082 κατὰ
1669 2055 1719 2091 τὴν
1733 2056 1814 2082 ἀντι-

1026 2099 1146 2135 στροφὴν
1159 2099 1321 2132 ἀκολουθίας
1328 2100 1477 2128 ἀπεδιδοτο·
1491 2101 1529 2132 ὡς
1539 2101 1656 2136 εἴρηται,
1676 2101 1755 2136 εἴπερ
1767 2100 1814 2128 διὰ

192 2129 216 2156 si
231 2130 382 2158 secundum
400 2139 574 2161 communem
593 2134 781 2163 definitionem
802 2145 974 2174 consequen-

1029 2129 1215 2179 t‘t-bjio'otiatov
1230 2129 1322 2174 ἐκεῖνα
1336 2147 1427 2173 πάντα
1443 2129 1564 2181 ἐλέγετο.

193 2179 246 2211 tiae,
261 2186 322 2214 quae
337 2184 379 2207 est
402 2180 553 2208 secundum
575 2183 832 2220 reciprocationem,
867 2188 1077 2223 assignaretur:
1100 2197 1131 2219 ut
1161 2193 1266 2221 dictum
1280 2198 1341 2227 est,
1368 2193 1392 2222 si
1426 2199 1539 2230 propter
1570 2193 1813 2230 consubstantiali-

193 2229 276 2252 talem
296 2225 340 2253 illa
359 2228 451 2255 omnia
470 2228 640 2256 dicerentur.

229 2271 374 2305 Prteterea,
389 2272 411 2300 si
430 2273 487 2300 hmc
501 2274 592 2302 omnia
614 2275 675 2303 Filii
693 2284 754 2304 esse
773 2277 894 2313 Spiritus
906 2279 974 2307 dici-

194 2322 249 2349 tur,
263 2318 393 2353 quoniam
415 2324 458 2346 est
470 2319 520 2354 ipsi
539 2321 791 2356 consubstantialis,
811 2325 972 2353 alterutrum

192 2370 305 2390 necesse
316 2368 368 2395 est,
382 2365 424 2391 vel
436 2373 468 2392 ex
481 2366 539 2393 solo
551 2366 629 2394 Patre
643 2368 723 2395 ambo
732 2377 793 2396 esse
807 2371 972 2404 immediate.

192 2409 268 2436 nullo
284 2409 391 2441 ordine.
412 2419 443 2438 ac
459 2412 592 2439 relatione
606 2414 780 2442 considerata
797 2416 824 2443 in
846 2416 925 2449 Filio.
947 2423 974 2446 et

194 2451 310 2487 Spiritu,
325 2454 366 2481 vn-l
382 2454 498 2482 alterum
509 2463 542 2483 ex
569 2457 656 2484 altero
673 2459 860 2487 exsistentiam
884 2462 970 2489 hahe—

192 2506 232 2525 re.
246 2497 299 2526 Sed
317 2499 338 2526 si
354 2499 482 2533 primum.
499 2500 597 2528 fratres
620 2507 701 2530 erunt
713 2504 784 2531 inter
802 2513 830 2531 sc
846 2505 931 2534 Filius
947 2511 973 2534 et.

193 2544 331 2578 Spiritus;
349 2553 409 2580 qua),
427 2545 500 2572 enim
524 2554 556 2573 ex
576 2555 628 2574 una
646 2556 763 2582 persona
783 2556 856 2582 sunt,
883 2560 974 2587 nequc

192 2589 278 2616 ullum
295 2590 396 2617 habent
414 2590 537 2618 ordinent
570 2592 644 2619 inter
667 2601 697 2621 se
727 2602 783 2622 sua).
807 2596 973 2625 exsistcntia:

193 2635 291 2664 fratres
311 2641 375 2664 sunt
401 2637 473 2664 inter
491 2644 537 2670 se;
552 2637 594 2665 vel
627 2639 873 2676 quomodocunque
894 2643 974 2670 aliter

192 2682 343 2709 secundum
356 2683 490 2717 ejusmodi
511 2683 681 2712 affinitatem.
699 2683 755 2712 Hoc
771 2691 862 2714 autem
878 2689 973 2716 absur-

192 2728 258 2754 dum
275 2732 328 2754 est.
342 2728 439 2755 Essent
453 2728 527 2756 enim
545 2728 600 2755 duo
627 2729 673 2756 filii
690 2730 719 2756 in
740 2730 875 2760 Trinitate
889 2742 896 2765 ;
912 2734 967 2761 itno

191 2781 258 2800 vero
276 2781 329 2800 non
345 2778 418 2801 esset
439 2774 570 2801 Trinitas.
593 2774 701 2809 Quippe
724 2777 821 2804 nterito
837 2784 973 2815 quareret

192 2819 302 2855 aliquis,
315 2827 370 2855 quo
384 2820 468 2848 Filius
488 2820 661 2847 discernatur
672 2829 685 2847 a
702 2821 818 2859 Spiritu.
836 2824 969 2856 Quoniam

1063 2280 1133 2312 Ἔτι,
1155 2283 1180 2308 εἰ
1205 2282 1292 2308 πάντα
1315 2282 1401 2310 ταῦτα
1418 2283 1465 2310 τοῦ
1485 2283 1550 2310 Υιοῦ
1565 2283 1596 2310 τὺ
1611 2282 1721 2311 Πνεῦμα
1739 2279 1812 2310 εἶναι

1025 2326 1143 2359 λέγεται,
1171 2327 1237 2354 διότι
1254 2328 1327 2354 ἐστὶν
1342 2329 1484 2363 ὁμοοὺσιον
1501 2329 1575 2364 αὐτῷ
1587 2337 1594 2344 ·
1609 2330 1682 2356 δυοῖν
1703 2330 1810 2365 ἀνάγκη

1026 2372 1153 2407 θάτερον,
1170 2373 1186 2408 ἦ
1201 2374 1232 2400 ἐκ
1260 2374 1341 2409 μόνου
1361 2373 1408 2400 τοῦ
1427 2375 1533 2410 Πατρδς
1545 2372 1615 2401 εἶναι
1627 2375 1746 2408 ἀμέσως,
1763 2376 1813 2402 καὶ

1025 2419 1108 2454 ἄμφω
1124 2420 1258 2454 μηδεμιᾶς
1274 2420 1376 2452 τάξεως
1399 2421 1446 2447 καὶ
1459 2421 1575 2455 σχέσεως
1591 2420 1813 2455 ὲνθεωρουμένης

1025 2464 1081 2499 Υἰῴ
1103 2465 1150 2491 καὶ
1163 2466 1311 2500 Πνεύματι,
1329 2466 1345 2501 ἢ
1372 2466 1401 2493 τὸ
1419 2465 1448 2493 ἓν
1464 2467 1493 2499 ἐξ
1512 2466 1605 2502 ἑτέρου
1626 2466 1675 2501 τὴν
1692 2465 1813 2501 ὓπαρξιν

1025 2510 1107 2544 ἔχειν.
1128 2511 1198 2537 Ἀλλ’
1216 2513 1240 2538 εἰ
1255 2511 1305 2545 μὲν
1321 2512 1350 2538 τὸ
1377 2511 1495 2546 πρῶτον⁷
1511 2512 1614 2546 ἀδελφὰ
1635 2512 1762 2547 ἀλλήλοις
1777 2512 1813 2539 ἂν

1025 2556 1066 2590 εἴη
1079 2557 1093 2582 ὁ
1102 2556 1165 2587 Υἰὸς
1180 2557 1227 2584 καὶ
1238 2557 1268 2583 τὸ
1282 2557 1406 2592 Πνεῦμα·
1416 2558 1450 2585 τὰ
1463 2558 1517 2593 γὰρ
1533 2557 1562 2590 ἐξ
1573 2557 1631 2589 ἐνὸς
1646 2557 1710 2584 ὅντα
1721 2565 1810 2592 προσ-

1023 2600 1109 2632 ώπου,
1135 2602 1271 2636 μηδεμίαν
1301 2602 1329 2629 δὲ
1354 2604 1421 2638 πρδς
1443 2603 1542 2638 ἄλληλα
1557 2603 1633 2636 τάξιν
1654 2604 1749 2638 ἔχοντα
1761 2603 1813 2638 τῆς

1024 2645 1167 2680 ὑπάρξεως
1180 2648 1281 2680 αὐτῶν,
1295 2648 1398 2682 ἅδε).φά
1412 2649 1479 2676 εἰσιν
1495 2649 1634 2683 ἀλλήλοις·
1651 2649 1667 2683 ἣ
1682 2649 1810 2675 ὁπωσοῦν

1025 2691 1111 2723 ἅλλως
1124 2693 1193 2719 κατὰ
1210 2693 1259 2728 τὴν
1274 2694 1402 2728 τοιαύτην
1417 2695 1581 2729 οἰκειότητα.
1602 2693 1687 2720 Τοῦτο
1705 2694 1732 2719 δὲ
1747 2693 1814 2720 ἄτο-

1025 2745 1086 2763 πον.
1106 2738 1165 2764 Υἱοὶ
1181 2738 1234 2772 γὰρ
1249 2738 1295 2765 δύο
1309 2736 1363 2765 εἶεν
1381 2739 1414 2766 ἂν
1433 2740 1462 2766 ὲν
1477 2741 1509 2774 τῇ
1537 2739 1632 2774 Τριὰδι
1645 2747 1652 2754 ·
1671 2739 1771 2773 μᾶλλον
1782 2739 1811 2764 δὲ

1024 2783 1084 2809 οὐδὲ
1099 2783 1182 2818 Τριὰς
1207 2784 1259 2817 εἴη.
1271 2785 1401 2819 Ζητήσειε
1417 2785 1472 2821 γὰρ
1493 2785 1525 2811 ἄν
1542 2794 1583 2815 τις
1598 2785 1717 2816 εἰκότως,
1729 2785 1782 2810 τινι
1798 2785 1812 2810 ό

1027 2827 1087 2854 Υἱ³ς
1105 2828 1149 2853 ττιῦ
1168 2829 1321 2863 "vetitum;
1333 2830 1511 2862 Euxpivstat'
1542 2830 1602 2856 ἐπεὶ
1620 2831 1648 2856 ἐν
1661 2830 1717 2861 τοῖς
1727 2829 1811 2861 Θειοις
