1942 3091
113 145 140 176 9η·
149 145 165 176 7

573 149 624 180 DE
643 149 904 183 PROCESSIONE
926 152 1106 184 SPIRlTUS
1126 153 1272 184 SANCTI.

1680 152 1737 185 918

110 202 160 228 οὐκ
175 201 240 229 ἄλλο
261 202 310 237 τῆς
326 203 490 239 διακρίσεως
517 206 604 234 αἴτιόν
628 208 685 235 ἔστι
709 210 759 244 τῆς
775 209 841 245 ὕλης
856 210 902 237 καὶ

974 222 980 240 ι
991 213 1090 241 divinis
1102 206 1156 241 non
1167 214 1219 241 alia
1233 218 1274 241 est
1283 220 1365 241 causa
1378 213 1562 240 distinctionis
1573 213 1644 246 (cum
1654 217 1743 240 mate-

111 248 166 275 τῶν
180 248 280 283 τλύτης
306 250 430 278 ἀπόντων
455 252 471 287 ἢ
498 253 527 279 τὺ
544 253 594 288 μὲν
616 255 702 282 αἴτιον
729 254 809 290 εἷναι,
828 258 857 283 τὸ
872 257 900 284 δὲ

111 293 240 320 αἰτιατόν,
257 294 386 322 Λείπεται
413 296 502 323 τοίνυν
518 298 548 324 τὸ
564 298 701 334 δεύτερον,
715 300 834 336 δηλονότι
853 301 900 328 θά-

111 347 190 373 τῖρον
205 339 233 371 ἐξ
249 340 343 376 ἑτέρου
357 342 406 376 τὴν
423 341 541 377 ὓπαρξιν
556 344 637 378 ἔχειν.
655 346 733 372 Ἐπεὶ
757 347 804 374 καὶ
819 347 902 373 δέδει-

113 393 176 411 κται
191 385 221 412 τὸ
245 386 387 420 ὀμοοὺσιον
406 387 533 415 ἐντεῦθεν
546 390 592 416 ἐπὶ
613 391 666 417 τῶν
688 391 768 418 Θείων
787 393 903 425 συνάγε-

114 431 185 463 σθαι,
202 431 270 459 διότι
284 433 396 469 θάτερον
407 435 436 466 ἐξ
446 434 539 470 ἐτέρου
551 437 625 462 ἐστὶν
640 437 677 468 ὡς
688 438 778 469 αἰτίας
794 438 902 466 ἑαυτοῦ,

121 476 191 503 Ἀλλ’
204 479 217 504 ό
231 479 280 512 μὲν
295 479 358 510 Υἱὸς
373 480 422 506 οὐκ
436 480 469 506 ἄν
482 482 513 507 ἐκ
535 481 582 508 τοῦ
608 483 767 517 Πνεύματοξ
787 483 903 517 λέγοιτο.

116 523 154 548 Οὖ
166 523 220 558 γὰρ
236 523 268 550 ἂν
286 525 430 558 συμϐαίνοι
446 526 479 553 τὰ
494 525 570 562 παρὰ
584 528 635 562 τῆς
651 528 761 563 Γραφῆς
777 529 845 564 πρὸς
859 530 906 556 τὸν

118 568 181 594 Υίδν
195 569 374 605 ἀποδιδόμενα
389 571 427 606 τῷ
444 572 583 607 Πνεύματι
599 581 607 589 ⁸
630 574 738 608 μάλισθ’
749 575 791 601 ὅτι
817 576 865 601 καὶ
877 575 906 601 τὸ

106 615 230 650 -Πνεῦμα
245 616 276 642 ὲκ
293 616 339 642 τοῦ
362 617 468 651 Harpe;
492 619 536 644 διὰ
552 619 598 644 τοῦ
616 618 681 646 Υξοῦ
709 620 907 654 ἐκπορεύεσθαι

119 661 195 696 παρὰ
208 662 263 688 τῶν
278 662 444 690 διδασκάλων
461 664 624 698 οεολογεῖται
637 674 644 680 ι
668 662 753 700 οὗπερ
780 666 909 698 ἐναντίως

119 706 225 741 ἔχοντος
243 707 260 743 ἡ
275 708 352 740 τάξις
370 710 439 743 μετὰ
453 710 503 744 τῆς
519 712 698 746 προσωπικῆς
712 712 803 738 αὐτῶν
819 712 909 746 ὑπάρ-

121 752 188 784 ξεως
202 753 424 789 ἀναιρεθήσεται.
443 755 499 781 Οὐκ
518 756 572 790 ἄρα
584 756 695 790 Πνεῦμα
710 755 774 782 Υἰοῦ
789 756 910 790 λέγεται,

121 798 187 824 διότι
196 798 338 833 όμοούσιόν
354 801 427 826 ἐστιν
439 800 524 835 αὐτῷ,
546 801 603 827 ἀλλ’
618 802 658 828 ὅτι
677 802 707 833 ὲξ
722 801 805 828 αὑτοῦ
823 803 908 832 ἐστιν,

122 844 162 875 εἰς
177 844 258 871 αὐτὸν
274 845 449 880 ἀναφέρεται.
466 847 511 873 Διὺ
531 847 579 873 καὶ
599 847 631 873 ὲκ
649 847 698 882 τῆς
719 848 813 879 οὐσίας
829 847 911 874 αξιτοῦ

122 889 242 924 λέγεται,
259 891 306 918 καὶ
320 891 461 925 ὁμοούσιον
474 892 547 927 αὐτῷ
562 893 645 918 ἐστιν.
926 882 950 912 Β

162 978 222 1005 Ἔτι
236 978 265 1005 τὸ
278 979 337 1006 τόδε
356 979 434 1007 τοῦδε
458 971 594 1014 λέγεσθαι.
603 981 758 1016 πλεοναχῶς
784 982 911 1016 λέγεται·

125 1024 172 1051 καὶ
183 1024 238 1060 γὰρ
262 1025 299 1056 ὡς
314 1025 418 1060 κτῆμα,
434 1027 481 1053 καὶ
498 1026 613 1061 ποίημα,
637 1027 684 1053 καὶ
707 1027 841 1062 γέννημα,
866 1028 915 1054 καὶ

127 1071 219 1106 μέρος,
235 1072 282 1098 καὶ
292 1072 418 1106 ἧργανον,
434 1073 482 1099 καὶ
493 1073 543 1100 ὅσα
556 1073 669 1100 τοιαῦτα
679 1082 686 1089 ⁸
699 1074 766 1100 ἀλλὰ
778 1074 808 1100 τὸ
817 1073 914 1109 ὁμοού-

125 1125 184 1145 σιον
206 1118 250 1144 ἐπ’
266 1119 430 1146 ὲλλαττόνων
451 1120 572 1154 λέγεται.
585 1120 643 1155 'Ezp'
672 1117 709 1148 ὧν
738 1121 787 1156 μὲν
815 1122 869 1156 γὰρ
885 1121 915 1148 τὺ

125 1163 268 1198 ὀμοούσιον
280 1164 398 1198 λέγεται,
419 1165 450 1192 τὸ
464 1165 522 1192 τόδε
538 1165 613 1192 τοῦδε
630 1166 743 1193 δύναται
767 1166 893 1200 λέγεσθαι
906 1175 913 1182 ·

127 1209 169 1243 ἐφ’
184 1207 222 1237 ὥν
237 1210 264 1237 δὲ
279 1211 372 1243 ἁπλῶς
383 1211 413 1238 τὸ
426 1211 485 1238 τάδε
502 1212 579 1238 τοῦδε
591 1212 709 1246 λέγεται,
727 1213 777 1239 οὐκ
793 1214 839 1239 ἐπὶ
853 1213 915 1239 τού-

127 1263 181 1281 των
195 1256 304 1282 πάντων
324 1257 353 1283 τὸ
365 1257 506 1292 ὁμοούσιον
519 1258 631 1285 δύναται
648 1259 775 1293 ῥηθῆναι.
793 1259 871 1286 Πᾶσα
885 1259 913 1285 δὲ

127 1302 201 1328 αἰτία
215 1302 231 1337 ἢ
247 1303 294 1329 ἐπὶ
309 1303 399 1337 πλέον,
415 1303 431 1339 ἢ
445 1304 542 1339 ἐπίσης
558 1305 625 1339 πρὸς
640 1305 675 1332 τὰ
690 1305 799 1332 etiam}:
819 1305 914 1332 ἀποδῖ-

126 1346 200 1374 eam
211 1356 218 1363 '
234 1348 277 1374 ἐπ’
294 1348 402 1375 ἔλαττον
417 1348 445 1375 δὲ
460 1350 596 1384 οὐδαμῶς.
617 1350 688 1385 Πρὸς
713 1351 767 1385 γὰρ
784 1351 828 1378 τὸν
846 1351 916 1386 ἐρω-

127 1393 228 1426 τῶντα,
251 1393 322 1420 διατι
336 1395 350 1421 ὁ
365 1394 508 1430 ἄνθρωπος
532 1395 600 1428 ζῶόν
616 1396 684 1429 ἐστι,
703 1397 771 1423 διότι
786 1397 860 1423 ἐστὶν
873 1398 916 1423 αἰ-

131 1438 238 1473 σθητὸν,
255 1440 361 1471 οἰκείως
384 1441 592 1476 ἀποδοθήσεται.
607 1442 643 1468 Τὸ
658 1443 712 1477 γὰρ
726 1443 856 1477 αἰσθητὸν
872 1443 917 1468 ἐπὶ

129 1485 260 1511 πλειόνων
313 1486 326 1512 ὀ
349 1485 491 1521 ἄνθρωπος
507 1486 625 1520 λέγεται,
655 1487 725 1522 Πρδς
740 1488 768 1514 δὲ
785 1488 830 1513 τὸν
844 1489 915 1522 έρωο

126 1530 217 1557 τῶντα
231 1530 303 1556 διατι
319 1531 488 1564 γελαστικὸν,
504 1531 570 1558 διότι
582 1531 726 1566 ἅνθρωπός
742 1533 826 1564 ἐκστιν,
846 1533 915 1559 ἀπο·
931 1551 953 1581 C

129 1577 280 1611 δοθήσεται.
294 1576 384 1603 Ταῦτα
395 1577 448 1611 γὰρ
462 1577 583 1612 ἀλλήλων
599 1578 853 1612 ἀντικατηγορξῖται
870 1578 917 1604 καὶ

131 1623 261 1656 ὲξισάζει.
282 1624 330 1649 “Av
344 1623 372 1650 δὲ
390 1623 457 1659 λέγῃ
471 1633 522 1657 τις,
537 1624 581 1650 διὰ
598 1623 677 1651 τοῦτό
697 1624 771 1650 ἐστιν
786 1625 799 1650 ὁ
814 1625 918 1658 ἄνθρω-

131 1680 182 1703 πος
196 1671 275 1704 ζῶον,
291 1672 357 1698 διότι
373 1672 431 1698 ἐστὶ
442 1672 615 1707 γελαστικὸν,
628 1672 659 1698 οὐ
675 1671 745 1698 κατὰ
761 1671 839 1704 λόγον
854 1671 920 1696 ἁπο-

130 1717 220 1749 δώσει,
232 1717 262 1744 τὺ
277 1718 432 1751 γελαστικὸν
445 1718 588 1750 ἀποδιδοὺς
599 1718 687 1745 αἰτίαν
699 1717 799 1744 τοῦτὸν
818 1716 921 1751 ἄν’)ρω-

132 1772 183 1790 πον
195 1761 264 1790 εἶναι
276 1764 355 1797 ζῶον,
378 1765 447 1799 ὅπερ
471 1765 518 1791 ἐπὶ
531 1764 662 1791 πλειόνων
680 1764 781 1798 μᾶλλον
797 1763 813 1799 ἢ
828 1764 858 1790 τὸ
871 1771 919 1796 γε-

131 1808 257 1835 λαστικὸν
273 1810 474 1845 κατηγορεῖται.
491 1809 525 1836 Εἰ
549 1818 576 1836 τι
598 1810 647 1845 μὲν
675 1810 730 1845 γὰρ
749 1809 920 1844 γελαστικὸν,

133 1855 214 1888 ζῶον,
228 1855 258 1882 οὐ
277 1856 328 1890 μὴν
343 1856 370 1882 εί
385 1864 413 1882 τι
432 1855 510 1888 ζῶον,
527 1855 700 1890 γελαστικόν.
720 1856 756 1882 Οὔ
775 1856 828 1890 γὰρ
844 1857 920 1882 ἀντι-

135 1901 256 1936 στρέφει,
283 1901 326 1928 διὰ
341 1902 372 1928 τὸ
397 1901 434 1937 μὴ
449 1902 547 1937 ἐπίσης
574 1903 860 1937 ἀντικατηγορεῖσοαι.
881 1901 920 1927 Οὑ

133 1949 222 1974 τοίνυν
234 1948 280 1975 τοῦ
295 1948 360 1975 Υίοῦ
383 1948 414 1975 τὸ
432 1948 542 1983 Πνεῦμα
567 1948 665 1982 λέγοιτ’
684 1947 716 1974 ἂν
732 1948 748 1983 ἢ
764 1947 885 1981 δύναμις,
904 1947 921 1982 ἢ

134 1994 269 2029 ἐνέργεια,
289 1993 305 2029 ἢ
320 1994 376 2029 ζωὴ
392 1994 493 2029 φυσικὴ
515 1994 563 2020 καὶ
581 1993 723 2027 οὐσιώδηε,
744 1992 812 2019 διότι
825 1991 922 2026 ὁμοού-

136 2051 193 2070 σιον
205 2040 282 2076 αὐτῷ
296 2042 380 2068 ἐστιν.
406 2040 436 2066 '0
450 2040 505 2075 γὰρ
519 2039 549 2065 τὸ
565 2039 708 2074 ὀμοούσιον
722 2038 768 2065 τοῦ
779 2035 866 2065 ταῦτα
879 2037 923 2064 λέ-

134 2089 232 2124 γεσθαι
245 2088 276 2116 τὸ
289 2087 401 2122 Πνεῦμα
418 2086 482 2113 Υίιῦ
498 2086 638 2121 τιθέμενος
655 2085 745 2117 αἰτίαν
759 2084 923 2120 ἁμαρτάνει,

135 2136 166 2163 τὸ
179 2136 222 2163 ἐπ’
238 2134 347 2161 ἔλαττον
364 2132 410 2159 τοῦ
426 2133 472 2159 ἐπὶ
486 2133 579 2158 πλεῖον
595 2131 742 2165 λεγομένου
762 2131 851 2156 αἰτίαν
863 2130 924 2156 ἔπι-

138 2181 246 2216 σφαλῶς
261 2179 414 2211 ἀποδιδούς.
427 2179 457 2206 Εἰ
471 2179 500 2206 δὲ
516 2179 563 2205 καὶ
577 2179 624 2204 ἐπὶ
633 2177 688 2204 τῶν
702 2176 854 2212 ὁμοουσίων
875 2176 923 2210 μό·
933 2206 947 2221 ι

952 258 1003 291 ria,
1018 263 1046 286 et
1060 259 1162 292 omnia,
1177 266 1237 293 quas
1246 266 1305 285 eam
1314 262 1467 293 sequuntur
1476 257 1555 292 longe
1565 256 1680 292 absint).
1690 256 1744 284 nisi

953 312 1036 331 unum
1049 304 1158 338 quidem
1169 312 1229 332 esse
1243 311 1362 336 causam,
1379 303 1494 331 alterum
1512 310 1576 330 vero
1589 307 1741 330 causatum.

953 351 1047 379 Restat
1066 352 1149 386 igitur
1170 350 1316 385 posterius,
1339 350 1445 377 scilicet
1471 349 1586 376 alterum
1604 356 1637 376 ex
1658 348 1746 376 altero

954 390 1140 425 exsistentiam
1159 397 1269 424 habere.
1287 396 1420 429 Quoniam
1445 400 1586 422 ostensum
1613 398 1667 426 est,
1680 402 1743 421 con-

955 443 1214 470 substantialitatem
1232 443 1295 470 inde
1312 443 1338 469 in
1353 442 1454 469 divinis
1468 442 1569 476 colligi,
1584 441 1655 476 quod
1674 441 1745 467 alte-

957 496 1017 516 rum
1034 489 1070 516 sit
1098 489 1132 515 ab
1153 489 1240 516 altero
1263 493 1392 523 tanquam
1408 495 1441 515 ex
1459 495 1508 514 sua
1532 494 1624 514 causa.
1641 486 1742 512 Verum

957 534 1044 562 Filius
1073 535 1184 569 quidem
1212 542 1266 561 non
1288 542 1320 561 ex
1349 534 1451 567 Spiritu
1469 532 1523 560 dici
1556 526 1659 566 posset.
1688 531 1746 558 Non

958 581 1031 607 enim
1049 580 1238 615 ,‘convenirent
1268 580 1347 611 Filio,
1372 588 1432 614 qua:
1458 587 1472 606 a
1496 586 1572 606 sacra
1605 578 1748 612 Scriptura

959 626 1074 661 Spiritui
1103 627 1291 660 assignantur.
1321 625 1477 652 Przesertim
1496 629 1600 652 cumet
1629 624 1750 658 Spiritus

959 679 992 699 ex
1008 673 1086 698 Patre
1104 679 1151 706 per
1175 671 1272 698 Filium
1293 671 1444 706 procedere
1462 679 1475 696 a
1495 670 1628 704 theologis
1643 677 1749 696 assera-

961 723 1016 744 tur.
1035 717 1112 750 Quod
1129 711 1334 744 si'contrarium
1354 722 1437 749 esset,
1454 716 1521 743 ordo
1537 723 1590 743 una
1605 724 1665 743 cum
1686 724 1750 750 per-

963 763 1051 790 sonali
1068 763 1191 797 ipsorum
1226 762 1389 789 exsistentia
1418 762 1573 789 tolleretur.
1601 762 1659 788 Non
1685 769 1750 796 ergo

962 808 1082 842 Spiritus
1100 808 1161 834 Filii
1179 807 1291 840 dicitur,
1304 808 1368 842 quia
1384 807 1626 835 consubstantialis
1640 807 1675 834 sit
1687 807 1749 840 ipsi,

964 855 1011 881 sed
1040 856 1169 889 quoniam
1186 864 1219 883 ex
1237 856 1296 890 ipso
1314 859 1365 885 est,
1393 854 1427 880 ad
1454 854 1543 888 ipsum
1562 854 1692 883 refertur,
1707 853 1750 879 id-

964 901 1038 928 circo
1063 906 1090 928 et
1116 909 1151 928 ex
1183 901 1335 928 substantia
1367 900 1426 936 ejus
1448 900 1558 931 dicitur,
1589 904 1617 926 et
1631 899 1751 926 consub-

964 946 1098 983 stantialis
1113 951 1153 973 est
1167 946 1230 980 ipsi.

1000 992 1147 1025 Praeterea,
1166 992 1219 1019 hoc
1242 992 1323 1027 hujus
1346 991 1400 1018 dici
1427 989 1605 1017 multifariam
1632 990 1750 1021 dicitur;

964 1038 1066 1065 etenim
1099 1042 1129 1064 ιιι
1161 1037 1318 1071 possessio,
1349 1040 1376 1063 et
1400 1035 1561 1070 opificium,
1587 1039 1614 1062 et
1641 1034 1751 1068 proles.

965 1091 1095 1118 parsque,
1122 1088 1150 1110 et
1179 1083 1403 1115 instrumentum,
1423 1086 1506 1116 atque
1532 1081 1559 1108 id
1580 1088 1666 1115 genus
1681 1089 1687 1106 :
1704 1079 1752 1106 sed

965 1129 1202 1158 eonsubstantiale
1220 1137 1273 1156 non
1295 1129 1331 1156 ita
1347 1129 1402 1155 late
1418 1131 1504 1162 patet.
1516 1127 1545 1154 In
1560 1127 1661 1161 quibus
1679 1125 1752 1152 enim

967 1175 1202 1202 consubstantialc
1226 1175 1339 1206 dicitur,
1360 1171 1400 1200 ibi
1414 1173 1495 1201 etiam
1523 1173 1574 1199 hoc
1602 1172 1684 1207 hujus
1700 1171 1753 1198 dici

967 1225 1068 1256 potest.
1080 1221 1115 1248 At
1131 1221 1159 1248 in
1174 1220 1278 1256 quibus
1292 1219 1453 1253 simpliciter
1471 1218 1522 1245 hoc
1540 1218 1622 1253 hujus
1640 1218 1753 1248 dicitur,

968 1275 1023 1294 non
1040 1267 1067 1293 in
1085 1267 1129 1293 his
1143 1267 1274 1294 omnibus
1297 1264 1571 1293 consubstantialitas
1583 1264 1637 1291 diei
1653 1268 1752 1298 potest.

967 1312 1062 1340 Omnis
1087 1318 1177 1339 autem
1206 1319 1298 1344 causa,
1316 1311 1358 1338 vel
1386 1315 1414 1338 ut
1434 1310 1518 1337 latius
1542 1314 1648 1343 patens,
1669 1309 1710 1336 vel
1727 1314 1756 1336 ιιι

968 1366 1045 1393 mque
1071 1359 1127 1386 late
1156 1363 1252 1392 patens
1270 1357 1304 1384 ad
1322 1362 1432 1384 causata
1461 1357 1590 1388 refertur,
1616 1363 1755 1390 nunquam

970 1409 1061 1431 autem
1081 1409 1111 1431 ut
1133 1405 1227 1431 minus
1249 1404 1303 1430 late
1323 1407 1430 1438 patens.
1450 1402 1556 1436 Quippe
1580 1402 1613 1428 ad
1638 1402 1756 1428 interro-

969 1454 1090 1484 gantem,
1107 1457 1192 1483 quare
1208 1449 1290 1475 homo
1302 1449 1338 1475 sit
1353 1448 1467 1479 animal,
1481 1448 1545 1482 quia
1559 1452 1601 1474 est
1614 1447 1755 1477 sensibile,

971 1495 1168 1521 convenienter
1193 1493 1381 1529 respondebit.
1399 1492 1534 1520 Sensibile
1549 1493 1622 1519 enim
1644 1492 1678 1519 de
1697 1492 1758 1526 plu-

971 1540 1056 1572 ribus,
1073 1547 1154 1574 quam
1179 1539 1261 1567 homo
1284 1539 1460 1574 przedicatur.
1485 1538 1525 1565 Ad
1542 1537 1756 1572 interrogantem

972 1591 1076 1618 autem,
1091 1593 1177 1620 quare
1191 1585 1296 1612 risibile
1311 1585 1358 1617 sit,
1376 1584 1505 1619 quoniam
1524 1584 1607 1610 homo
1634 1583 1755 1610 dicetur.

973 1629 1035 1657 [huc
1052 1629 1126 1656 enim
1159 1629 1229 1656 inter
1247 1636 1277 1655 se
1304 1634 1399 1654 mutuo
1416 1627 1610 1662 praedicantur,
1632 1631 1660 1654 et
1686 1626 1756 1652 mla:—

972 1680 1103 1711 quantur.
1127 1675 1155 1702 Si
1174 1683 1239 1702 vero
1265 1674 1339 1701 dicat
1352 1675 1425 1709 quis,
1453 1678 1596 1708 propterea
1613 1673 1694 1699 homo
1715 1676 1758 1699 est

972 1721 1155 1756 animal,quia
1167 1725 1208 1748 est
1220 1721 1337 1753 risibile,
1352 1728 1406 1748 non
1423 1724 1497 1747 recte
1513 1717 1704 1753 respondebit,
1722 1717 1743 1743 ri
1756 1731 1759 1735 ~

973 1768 1052 1796 sibile
1071 1768 1215 1803 assignans
1239 1775 1361 1800 causam,
1377 1765 1451 1801 quod
1481 1766 1564 1793 homo
1587 1765 1623 1792 sit
1646 1765 1757 1795 animal,

973 1815 1045 1849 quod
1063 1814 1149 1850 magis
1167 1813 1202 1842 de
1233 1813 1369 1848 pluribus,
1396 1820 1478 1848 quam
1508 1812 1613 1840 risibile
1629 1811 1759 1846 prmdicae

974 1863 1028 1886 tur.
1045 1858 1075 1886 Si
1091 1859 1155 1893 quid
1168 1857 1240 1886 enim
1262 1857 1367 1885 risibile
1383 1861 1435 1889 est,
1456 1856 1557 1884 animal
1573 1860 1625 1888 est,
1641 1863 1695 1882 non
1719 1859 1760 1893 ta;

974 1911 1036 1931 men
1055 1903 1077 1930 si
1098 1903 1165 1938 quid
1191 1902 1304 1934 animal,
1321 1901 1437 1929 risibile.
1453 1901 1513 1928 Non
1541 1900 1617 1928 enim
1646 1892 1760 1926 com-er;

975 1954 1081 1980 tnntur,
1095 1956 1128 1976 eo
1142 1949 1214 1983 quod
1228 1944 1282 1975 non
1296 1955 1372 1982 atque
1382 1954 1414 1974 ae
1430 1946 1551 1974 vicissim
1565 1945 1759 1980 praedicantur.

973 1995 1032 2022 Non
1052 1995 1134 2030 igitur
1151 1993 1272 2028 Spiritus
1292 1993 1353 2020 Filii
1370 1992 1466 2027 utique
1485 1991 1636 2024 diceretur,
1654 1990 1695 2017 vel
1713 1998 1761 2025 po-

974 2041 1071 2072 tentia,
1084 2040 1127 2067 vel
1140 2039 1274 2075 operatio,
1289 2046 1338 2066 seu
1352 2038 1408 2065 vita
1424 2037 1570 2070 naturalis,
1586 2044 1618 2063 ac
1630 2036 1759 2063 substan-

976 2085 1058 2116 tialis,
1075 2084 1204 2120 quoniam
1219 2083 1463 2111 consubstantialis
1480 2087 1521 2110 est
1538 2081 1600 2116 ipsi.
1619 2080 1670 2114 Qui
1685 2082 1760 2107 enim

974 2129 1295 2158 consubstantialitatem
1312 2129 1389 2163 ponit
1403 2135 1514 2156 causam
1528 2150 1530 2152 .
1543 2131 1573 2154 ut
1589 2126 1638 2152 ista
1653 2126 1761 2153 dicatur

975 2177 1095 2212 Spiritus
1119 2176 1193 2207 Filii,
1216 2180 1302 2207 errat,
1329 2182 1390 2202 cum
1406 2174 1471 2201 illud
1488 2172 1561 2207 quod
1592 2172 1683 2199 minus
1709 2176 1760 2202 est,

137 2238 190 2255 νων
207 2227 383 2261 θεωροῦντες,
400 2226 430 2252 οὺ
452 2225 590 2255 παντελῶς
613 2225 765 2260 εὑρήσομεν
791 2223 916 2257 ἑπόμενοι

978 2223 1099 2257 assignet
1113 2229 1243 2256 perverse
1261 2228 1371 2248 causam
1399 2220 1471 2254 ejus,
1487 2219 1561 2254 quod
1577 2218 1659 2248 latius
1676 2222 1762 2252 patet.

137 2275 195 2300 τάδε
210 2273 286 2310 τοῦδε
301 2272 437 2306 λέγεσθαι,
457 2271 516 2298 ἀλλ’
531 2270 665 2297 ἐλλείπειν
695 2270 742 2297 καὶ
762 2269 809 2296 ἐπὶ
822 2268 926 2295 τούτων

138 2320 172 2346 τὰ
195 2319 327 2345 πλεῖστα·
351 2317 494 2353 ὀμοούσιος
520 2316 575 2352 γὰρ
604 2315 706 2350 Πέτρος
735 2315 846 2349 Παύλῳ,
879 2314 927 2340 καὶ

141 2366 244 2397 Παῦλος
257 2366 362 2400 Πέτρῳ,
380 2364 438 2390 ἀλλ’
449 2363 511 2390 οὕτε
525 2363 571 2390 τοῦ
588 2361 697 2389 Παύλου
710 2362 723 2388 ὁ
739 2362 852 2395 Πέτρος,
864 2360 926 2387 οὔτε

139 2412 153 2437 ὁ
165 2410 269 2442 Παῦλος
283 2410 329 2436 τοῦ
343 2410 446 2443 Πέτρον
470 2409 580 2442 λέγεται
597 2416 604 2423 °
635 2408 725 2440 πολλῷ
741 2407 823 2433 πλέον
837 2407 928 2441 ἁμαρ-

140 2457 230 2484 τάνειν
245 2456 326 2483 αὑτὸν
350 2455 483 2491 ἐροῦμεν·
506 2454 596 2489 πολλῷ
617 2454 673 2488 γὰρ
689 2453 770 2480 πλέον
788 2452 830 2479 ἐπ’
847 2453 925 2479 ἐλατ-

140 2511 185 2529 τον
200 2502 232 2528 ἂν
245 2502 287 2536 εἰη
305 2501 336 2528 τὸ
348 2500 489 2536 ὀμοούσιον
508 2501 575 2535 πρὸς
597 2500 626 2526 τὸ
641 2499 699 2526 τόδε
712 2499 788 2525 τοῦδὲ
799 2506 869 2530 τινος
880 2498 927 2524 καὶ

142 2546 211 2574 εἶναι
227 2548 274 2574 καὶ
286 2546 426 2581 λέγεσθαι.

179 2638 283 2665 "En-rb
297 2637 426 2673 ἐγχρονον
451 2637 502 2665 οὐκ
521 2636 554 2664 ἂν
576 2636 684 2664 δύναιτο
699 2636 773 2663 αἰτία
792 2636 839 2662 τοῦ
859 2635 929 2669 ὑπὲρ

144 2685 238 2719 χρόνον
257 2683 342 2711 εἶναι’
359 2683 428 2711 ἀλλὰ
438 2683 469 2710 τὸ
486 2684 535 2719 μὲν
547 2683 722 2719 χορηγεῖσθαι
736 2683 784 2709 καὶ
797 2681 927 2713 δίδοσθαι,

145 2733 193 2758 καὶ
207 2731 419 2758 ἀποστέλλεσθαι
444 2724 490 2757 τὸν
511 2730 690 2765 Παράκλητον
703 2729 778 2763 παρὰ
799 2728 845 2754 τοῦ
865 2727 930 2753 Υίοῦ

145 2779 198 2808 τοῖς
215 2776 299 2810 ἀξίοις
310 2777 382 2804 κατὰ
395 2776 491 2812 χρόνον
506 2776 618 2809 γέγονεν
628 2783 635 2789 ·
652 2775 682 2801 τὸ
691 2774 719 2800 δὲ
738 2773 800 2799 Υἱοῦ
819 2772 931 2807 Πνεῦμα

146 2822 273 2856 λέγεσθαι
290 2822 338 2848 καὶ
355 2821 469 2856 δύναμιν
490 2821 536 2848 καὶ
558 2820 675 2856 φυσικὴν
700 2819 781 2846 αὐτοῦ
797 2818 869 2852 ζωὴν
885 2819 932 2845 καὶ

146 2866 276 2902 οὐσιὼδη,
291 2868 340 2895 καὶ
353 2867 386 2894 ἐκ
407 2867 458 2902 τῆς
477 2867 570 2898 οὐσίας
587 2865 669 2893 αὑτοῦ
690 2862 772 2899 εἶναι,
794 2865 841 2892 καὶ
857 2863 932 2899 παρὰ

977 2268 1055 2301 Quod
1072 2267 1095 2295 si
1111 2268 1138 2294 in
1155 2267 1439 2294 consubstantialibus
1451 2267 1532 2293 etiam
1553 2265 1620 2292 solis
1634 2262 1762 2291 conside-

978 2321 1081 2345 remus,
1105 2321 1161 2340 non
1191 2312 1305 2339 omnino
1336 2312 1517 2346 reperiemus,
1537 2311 1609 2346 quod
1633 2313 1765 2343 sequatur

980 2360 1032 2387 hoc
1047 2359 1129 2395 hujus
1145 2359 1212 2391 dici,
1226 2358 1274 2386 sed
1289 2359 1315 2385 in
1328 2358 1372 2385 bis
1383 2365 1493 2393 quoque
1505 2358 1623 2385 deﬁcere
1636 2356 1768 2391 plurima.

979 2405 1088 2433 Etenim
1101 2406 1199 2432 Petrus
1213 2404 1297 2432 Paulo
1315 2404 1561 2431 consubstantialis
1576 2408 1629 2435 est,
1650 2405 1678 2429 et
1695 2402 1766 2428 Pau-

979 2453 1021 2480 lus
1038 2453 1129 2484 Petro,
1154 2451 1202 2480 sed
1223 2458 1312 2486 neque
1335 2450 1413 2478 Pauli
1439 2451 1547 2483 Petrus,
1573 2457 1676 2484 neque,
1690 2448 1780 2475 Pctri~

980 2498 1081 2527 Paulus
1095 2497 1206 2524 dicitur.
1222 2496 1304 2524 Multo
1321 2496 1409 2531 magis
1423 2503 1485 2523 eum
1502 2502 1616 2530 peccare
1632 2494 1763 2524 dicemus;

980 2545 1068 2572 multo
1100 2544 1173 2571 enim
1201 2542 1293 2570 minus
1318 2542 1371 2569 late
1401 2542 1505 2577 patebit
1532 2539 1766 2569 eonsubstantiale

981 2594 1108 2625 respectu
1123 2589 1195 2624 ejus,
1207 2588 1282 2623 ηυοά
1297 2591 1348 2620 est,
1360 2595 1420 2615 esse
1438 2595 1470 2614 ac
1482 2587 1535 2613 dici
1554 2586 1605 2613 hoc
1619 2584 1744 2619 alicujus.

1018 2636 1162 2665 Prmterea,
1176 2634 1249 2670 quod
1270 2634 1296 2660 in
1314 2638 1437 2668 tempore
1453 2637 1506 2664 est,
1525 2639 1579 2658 non
1595 2635 1687 2665 posset
1706 2637 1781 2656 esse.

981 2689 1064 2709 causa
1089 2683 1160 2717 ejus,
1181 2681 1254 2716 quod
1284 2687 1366 2714 supra
1392 2672 1473 2706 omne
1499 2685 1608 2711 tempus
1632 2681 1695 2704 cst:
1717 2676 1764 2702 sui

983 2727 1050 2755 illud
1072 2727 1190 2762 erogari,
1207 2730 1289 2760 atque
1318 2725 1413 2756 tribui,
1429 2729 1456 2751 et
1470 2723 1540 2750 mitti
1565 2723 1736 2749 Paracleluni
1751 2730 1766 2747 a

983 2773 1051 2800 Filio
1077 2773 1167 2807 dignis
1197 2771 1223 2798 in
1250 2776 1371 2805 tempore
1398 2770 1468 2797 facta
1491 2773 1573 2801 sunt;
1597 2768 1651 2795 diei
1676 2772 1766 2794 autem

983 2818 1115 2853 Spiritum
1141 2818 1213 2850 Filii,
1232 2825 1264 2844 ac
1293 2816 1454 2851 potentiam,
1472 2819 1500 2842 ct
1531 2813 1681 2841 naturalem
1707 2811 1769 2846 ejus

983 2865 1077 2897 vitam,
1096 2869 1123 2890 ct
1145 2862 1330 2895 cssentialcm,
1347 2866 1374 2889 ct
1395 2868 1428 2888 ex
1445 2860 1600 2888 substantia
1620 2860 1680 2894 ejus
1694 2865 1768 2890 esse.
