1942 3091
198 136 250 168 919

822 136 1008 166 DEMETRII
1032 137 1190 168 CYDONII

1769 137 1826 170 920

199 198 226 221 et
242 202 274 220 υλ
291 192 369 220 Patre
384 199 432 226 per
445 191 543 220 Filium
556 192 704 227 procedere
716 197 781 219 ante
806 196 915 228 tempus
929 192 980 227 ipsi

1032 193 1078 220 τοῦ
1109 194 1213 228 Harpe;
1233 194 1276 220 διὰ
1299 193 1346 220 τοῦ
1373 193 1438 220 Υίοῦ
1463 193 1662 228 ἐκπορεύεσθαι
1694 193 1823 228 ἁχρόνως

198 239 397 267 attribuuntur.
410 239 516 273 Quippe
539 239 668 274 temporis
684 247 783 274 expers
804 244 848 266 est
866 238 979 266 omnino

198 285 320 320 Spiritus
344 285 495 320 processio,
511 289 539 312 et
568 285 680 312 omnino
705 285 772 312 ordo
786 292 868 319 quem
897 284 982 312 habet

199 330 318 366 Spiritus
334 331 366 357 ad
395 331 505 358 Filium.
528 331 580 364 Qui
601 331 686 366 igitur
717 331 816 358 asserit
833 335 979 372 prpplerea

197 381 327 415 Spiritum
344 381 397 408 dici
415 381 487 412 Filii.
503 386 530 408 et
544 380 602 408 haec
614 381 704 408 omnia
718 381 790 415 quod
811 381 845 408 ab
866 381 924 415 ipso
938 380 980 407 di-

198 426 258 460 gnis
275 426 408 458 mittatur,
435 427 508 461 quod
527 427 553 453 in
586 431 708 462 tempore
725 426 825 454 factum
841 431 894 459 est,
916 433 981 453 cau-

198 480 255 499 sam
270 471 389 506 assignat
415 472 498 504 illius,
525 472 597 507 quod
613 477 654 500 est
677 477 739 500 ante
757 480 838 500 omne
863 477 979 507 tempus.

198 518 260 552 ipse
280 516 363 552 igitur
377 525 438 544 cum
454 517 597 552 imperitus
613 523 664 549 est,
681 518 753 545 circa
768 518 980 553 assignationem

197 571 306 594 errans,
319 568 375 590 tum
391 564 472 591 etiam
485 563 602 598 Spiritus
614 564 800 592 exsistentiam
816 563 843 590 in
859 568 981 597 tempore

197 608 352 640 constituit,
371 613 453 643 atque
477 609 579 636 divinis
596 609 719 643 personis
733 609 861 635 nonnulla
875 609 982 636 contin-

199 661 262 688 gere
287 653 313 680 in
333 659 457 689 tempore
485 653 640 682 aﬂirmahit.
669 654 729 681 Non
753 658 854 686 tamen,
868 655 931 689 quia
953 653 981 680 in

200 703 323 734 tempore
338 699 497 727 Paraeletus
515 699 605 734 dignis
620 699 690 726 mitti
707 699 819 731 dicitur,
837 703 981 734 propterea

201 745 255 771 Deo
271 745 297 771 in
315 749 436 779 tempore
452 744 555 780 aliquid
571 745 680 773 accidit.
702 744 808 772 Etenim
831 745 982 773 secundum

202 798 329 824 magnum
357 791 487 818 Basiliam
513 791 540 818 in
561 796 657 826 quarto
675 791 744 818 libro
774 791 981 818 eoufutatorio:

203 846 213 862 σ
237 837 295 864 Non
309 837 334 863 in
354 841 478 871 tempore
492 837 628 871 provenit,
644 836 716 870 quod
731 844 763 863 ex
781 835 834 863 Deo
848 836 980 871 procedit,

199 882 324 917 quamvis
338 882 363 909 in
379 887 501 917 tempore
516 883 693 916 operationes
712 886 828 916 promat.
849 892 858 907 I

237 927 372 955 Przeterea
403 928 473 955 idem
501 928 528 955 in
553 928 647 955 eodem
663 928 752 955 libro:
769 937 778 953 ι
800 927 894 962 Neque
910 927 981 954 enim

200 974 302 1008 aliquid
329 974 420 1000 minus
438 973 558 1000 habituri
573 980 682 1000 eramus
713 973 745 999 ad
765 974 982 1008 cognoscendum

203 1018 336 1053 Spiritum
367 1025 428 1045 esse
459 1026 493 1045 ex
520 1018 587 1051 Deo,
607 1017 672 1044 dum
692 1017 819 1044 audimus
850 1017 981 1052 Spiritum

198 1062 256 1088 oris
266 1062 335 1094 ejus,
349 1062 396 1088 sed
415 1060 552 1089 suﬂiciens
578 1065 620 1088 est
640 1062 691 1088 hoc
711 1069 810 1088 nomen
827 1061 859 1088 ad
879 1061 982 1096 signifi-

199 1108 313 1134 candam
338 1107 526 1134 exsistentiam
550 1107 636 1141 ipsius
650 1115 683 1134 ex
710 1108 778 1136 Deo.
802 1107 830 1134 Si
852 1108 934 1142 igitur
952 1108 983 1134 il-

200 1153 258 1184 iud,
287 1152 407 1187 Spiritus
440 1152 573 1179 exsistere
598 1159 630 1179 ex
664 1153 731 1184 Deo,
757 1153 914 1186 azquipollet
944 1152 981 1184 ei,

199 1194 273 1234 quod
287 1200 405 1230 dicatur,
420 1198 479 1233 ipse
504 1198 622 1233 Spiritus
637 1200 694 1226 oris
707 1199 783 1232 ejus;
801 1198 867 1226 illud
889 1203 981 1226 autem

196 1245 385 1272 exsisteutiam
403 1244 490 1271 sancti
505 1244 624 1278 Spiritus
637 1253 671 1272 ex
685 1244 740 1272 Deo
756 1245 901 1280 signiﬁcat,
918 1252 982 1281 ergo

199 1290 329 1324 Spiritum
345 1289 399 1317 dici
419 1289 492 1322 Filii,
508 1290 631 1317 eamdem
650 1291 837 1318 exsistentiam
864 1290 982 1325 Spirilus

198 1343 223 1364 ei
243 1345 257 1363 a
277 1336 346 1363 Filio
373 1335 492 1369 indicat;
519 1336 588 1363 satis
614 1337 699 1369 enim,
719 1337 818 1372 inquit,
831 1341 857 1363 et
879 1337 930 1364 hoc
948 1336 982 1364 ad

198 1379 371 1408 indicandam
385 1379 571 1406 exsistenliam
587 1379 717 1414 Spiritus.
739 1390 749 1407 ι
768 1380 827 1408 Non
847 1388 912 1416 ergo
929 1380 982 1408 dici

199 1426 331 1461 Spiritum
346 1425 419 1458 Elii,
437 1429 467 1452 ut
486 1426 598 1460 quidam
620 1427 724 1459 volunt,
742 1426 982 1454 consubstantiali-

198 1476 281 1500 tatem
307 1471 454 1507 signiﬁcat,
470 1471 516 1499 sed
534 1472 598 1507 quia
627 1480 660 1499 ex
689 1473 748 1508 ipso
765 1473 818 1506 sit;
839 1473 942 1500 idcirco
953 1476 981 1500 et

1031 239 1183 266 ἀποδίδοται
1196 240 1283 274 αὐτῷ·
1302 240 1414 274 ᾶχρονος
1427 239 1481 273 γὰρ
1496 239 1512 273 ἠ
1533 238 1580 265 τοῦ
1596 237 1755 272 Πνεύμστος
1771 240 1820 265 ικ-

1031 287 1169 322 πόρευσις,
1187 287 1233 313 καὶ
1244 287 1312 318 ὅλως
1325 287 1341 320 ἡ
1352 286 1438 318 τάξις,
1451 286 1486 321 ἣν
1501 285 1558 320 ἔχει
1571 285 1638 319 προς
1647 284 1694 311 τὸν
1710 285 1776 311 Υίδν
1791 284 1824 311 τὸ

1031 331 1154 366 Πνεῦμα.
1180 332 1209 359 'O
1223 331 1311 358 τοίνυν
1334 331 1378 358 διὰ
1397 331 1476 357 τοῦτο
1504 329 1550 356 τοῦ
1566 329 1633 356 Υίοῦ
1651 329 1681 355 τὺ
1707 329 1823 361 Πνεῦμα

1031 377 1169 411 λέγεσθαι,
1195 377 1244 403 καὶ
1270 377 1360 404 πάντα
1388 376 1422 403 τὰ
1447 375 1561 402 τοιαῦτα
1580 375 1733 407 ἀποδιδοὺς,
1749 374 1821 400 δήτι

1031 423 1096 457 παρ’
1105 421 1187 450 αὑτοῦ
1198 423 1253 453 τοῖς
1270 421 1355 454 ἀξίοις
1368 420 1575 452 ἀποστέλλεται,
1591 421 1622 446 τὸ
1633 420 1705 446 κατὰ
1719 420 1820 454 χρόνον

1031 469 1142 502 γεγονὸς
1164 468 1255 495 αἰτίαν
1280 467 1330 494 τοῦ
1350 467 1420 502 ὑπὲρ
1435 468 1530 502 χρόνον
1550 467 1626 498 ἧντος
1642 466 1824 493 ἀποδίδωσιν.

1031 515 1116 546 Αὐτός
1143 523 1173 541 τε
1188 513 1233 541 οὖν
1253 513 1361 549 ἀμαθής
1377 514 1436 540 ὲστι
1446 514 1512 548 περὶ
1521 513 1571 547 τὴν
1586 512 1714 539 ἀπόδοσιν
1725 513 1825 546 ἁμαρ-

1032 561 1132 592 τάνων,
1155 561 1207 595 τήν
1230 569 1258 586 τε
1287 559 1334 586 τοῦ
1364 560 1523 594 Πνεύματος
1549 557 1665 592 ὕπαρξιν
1691 558 1826 592 ἐγχρονον

1032 605 1191 641 καθίστησι,
1205 606 1253 632 καὶ
1268 607 1324 636 τοῖς
1341 605 1423 637 θείοις
1446 604 1601 640 προσώποις
1617 603 1824 638 συμϐεϐηκέναι

1032 655 1093 679 τινὰ
1119 652 1188 679 κατὰ
1207 651 1301 687 χρόνον
1329 651 1499 686 ὁμολογήσει.
1529 651 1568 677 Οὐ
1595 650 1687 685 μέντοι
1706 649 1776 676 διότι
1791 649 1823 674 ὲν

1032 698 1121 734 χρόνῳ
1137 698 1192 729 τοῖς
1206 698 1292 731 ἀξίοις
1310 699 1323 723 ὁ
1337 697 1516 732 Παράκλητος
1536 695 1751 723 ἀποστέλλεσθαι
1777 695 1826 720 λέ-

1033 754 1122 779 γετσι,
1138 744 1182 771 διὰ
1194 745 1272 771 τοῦτο
1289 746 1317 770 ὲν
1335 744 1375 778 τῷ
1387 743 1447 777 Θεῷ
1461 742 1532 769 κατὰ
1547 742 1643 777 χρόνον
1659 750 1684 768 τι
1700 740 1824 775 συμϐαί-

1033 800 1083 818 νει,
1103 790 1182 818 Κατὰ
1195 790 1250 825 γὰρ
1264 789 1308 816 τὸν
1325 789 1412 823 μέγαν
1425 789 1563 815 Βασίλειον
1578 789 1607 814 ὲν
1620 787 1742 821 ’τετάρτῳ
1765 785 1823 811 τῶν

1034 835 1259 871 Ἀντιρρητικῶν,
1272 844 1282 861 ι
1297 835 1354 861 Οὐκ
1366 835 1395 860 ἑν
1409 833 1497 868 χρόνῳ
1506 833 1537 859 τὸ
1548 832 1641 868 προϊὸν
1652 833 1685 858 ἐκ
1696 831 1745 858 τοῦ
1751 830 1823 858 Θεοῦ

1035 881 1153 915 πρόεισι,
1167 880 1218 906 κᾶν
1231 880 1258 905 ἐν
1270 879 1358 914 χρόνῳ
1370 878 1418 910 τὰς
1431 877 1571 912 ἐνεργείας
1589 875 1716 911 ἀποδιδῷ.
1735 885 1746 901 ι

1070 927 1131 953 Ἔτι
1148 927 1162 953 ὸ
1179 926 1259 957 αὐτὸς
1275 926 1304 950 ὲν
1320 925 1359 960 τῷ
1372 924 1462 959 αὐτῷ’
1483 933 1492 950 ‹
1511 923 1577 950 Οὐδὲ
1592 923 1645 957 γὰρ
1669 921 1779 949 ἔλαττόν
1794 931 1823 949 τι

1033 974 1104 1007 ἕξειν
1116 973 1263 1008 ἒμέὶλημεν
1275 973 1314 1003 εἰς
1325 971 1356 998 τδ
1369 970 1513 1005 γινώσκειν
1522 970 1553 997 τὸ
1563 968 1673 1003 Πνεῦμα
1685 968 1823 1003 ὑπάρχειν

1033 1019 1065 1045 ἐκ
1076 1018 1120 1044 τοῦ
1133 1017 1212 1050 Θεοῦ,
1229 1017 1340 1051 Πνεῦμα
1352 1016 1484 1049 στόματος
1495 1014 1575 1042 αὑτοῦ
1587 1014 1731 1044 ἀκούοντες
1741 1013 1821 1046 αὐτὸ,

1033 1065 1089 1092 ἀλλ’
1105 1063 1195 1090 ἱκανὸν
1207 1063 1255 1090 καὶ
1264 1062 1342 1089 τοῦτο
1352 1062 1381 1089 τὸ
1395 1062 1478 1096 ὄνομα
1491 1061 1541 1096 τὴν
1552 1060 1669 1095 ὓπαρξιν
1678 1060 1762 1087 αὑτοῦ
1773 1061 1822 1094 δη-

1032 1109 1116 1136 λῶσαι
1128 1108 1176 1143 τὴν
1190 1109 1221 1134 ὲκ
1231 1107 1309 1134 Θεοῦ.
1321 1107 1351 1135 Et
1365 1107 1453 1134 τοίνυν
1465 1107 1495 1133 τὸ
1512 1107 1542 1133 τὸ
1557 1106 1668 1141 Πνεῦμα
1684 1106 1822 1140 ὑπάρχειν

1033 1157 1065 1182 ὲκ
1080 1154 1127 1182 τοῦ
1140 1155 1207 1182 Θεοῦ
1223 1155 1279 1181 ἴσον
1293 1154 1350 1180 ἐστὶ
1358 1153 1396 1189 τῷ
1412 1153 1442 1180 τδ
1457 1152 1568 1187 Πνεῦμα
1585 1153 1718 1187 στόματος
1735 1152 1820 1179 αὑτοῦ

1033 1200 1158 1234 λέγεσθαι
1168 1200 1233 1228 tib-.6
1246 1209 1253 1216 '
1267 1199 1324 1227 ἀλλ’
1338 1201 1426 1226 ἐκεῖνο
1442 1199 1491 1233 τὴν
1506 1200 1538 1226 ὲκ
1552 1199 1600 1226 τοῦ
1614 1198 1681 1225 Θεοῦ
1699 1198 1821 1232 ὕπαρξιν

1032 1248 1079 1275 τοῦ
1103 1247 1181 1281 ἁγίου
1207 1246 1364 1280 Πνεύματος
1395 1245 1488 1281 δηλοῖ·
1515 1245 1569 1279 ἄρα.
1586 1245 1633 1271 καὶ
1657 1245 1688 1272 τὺ
1705 1244 1820 1277 Πνεῦμα

1036 1292 1098 1321 Υίοῦ
1122 1292 1248 1327 λέγεσθαι
1266 1292 1315 1326 τὴν
1340 1291 1424 1326 αὐτὴν
1447 1287 1628 1325 ὕπαρξιντοῦ
1656 1289 1818 1324 Πνεύματος

1033 1339 1080 1365 καὶ
1094 1338 1167 1374 παρὰ
1179 1337 1226 1364 τοῦ
1241 1336 1306 1363 Υίοῦ
1323 1335 1460 1371 ἐμφαίνει.
1481 1335 1585 1363 Ἰκανδν
1602 1336 1668 1370 γὰρ,
1684 1335 1752 1369 ἔφη,
1766 1335 1818 1361 καὶ

1032 1383 1112 1412 τοῦτο
1123 1383 1172 1418 τὴν
1193 1382 1310 1418 ὓπαρξιν
1329 1381 1376 1409 τοῦ
1392 1381 1550 1415 Πνιύματος
1571 1380 1678 1416 δηλοῦν.
1695 1381 1754 1407 Οὐκ
1764 1380 1818 1415 ἄρα

1032 1430 1062 1456 τὸ
1081 1429 1191 1464 Πνεῦμα
1201 1429 1247 1456 τοῦ
1260 1428 1324 1454 Υἱοῦ
1334 1427 1470 1462 λέγεσθαι,
1485 1427 1523 1459 ὣς
1537 1436 1609 1458 τινες
1621 1426 1773 1460 βούλονται,
1785 1427 1818 1453 τὸ

1031 1474 1174 1510 ὁμουύσιον
1193 1473 1329 1509 ἐμφαίνει,
1360 1472 1418 1499 ἀλλ’
1441 1473 1482 1499 ὅτι
1496 1472 1526 1505 ἐξ
1547 1471 1653 1498 ἐκείνου
1670 1471 1748 1502 ἐστὶ,
1771 1470 1818 1496 διὰ

198 1518 444 1546 consubstantialis
469 1522 512 1545 est
541 1518 604 1553 Ipsi.
621 1518 721 1546 Eadem
735 1523 777 1546 est
793 1521 883 1555 autem
900 1518 980 1550 ratio,

1032 1521 1111 1547 τοῦτο
1139 1520 1186 1547 καὶ
1208 1520 1350 1554 ὁμοοῦσιόν
1368 1519 1442 1546 ἐστιν
1455 1518 1540 1553 αὐτῷ.
1563 1517 1594 1545 '0
1607 1517 1631 1544 δ’
1644 1517 1725 1548 αὐτὸς
1736 1516 1818 1550 λόγος

197 1569 226 1591 et
242 1564 277 1591 de
289 1571 323 1591 eo
336 1563 408 1598 quod
422 1563 528 1591 dicatur
550 1563 667 1598 Spiritus
683 1563 811 1598 proprius
829 1562 902 1590 Filii.
917 1563 982 1590 Pro-

198 1609 275 1645 prius
303 1616 422 1644 namque
445 1609 530 1637 Filius
554 1609 655 1636 dicitur
677 1609 778 1642 Patris,
805 1613 832 1636 et
863 1608 982 1644 Spiritus

196 1654 286 1683 Patris
307 1660 335 1683 et
361 1654 436 1688 Filii,
461 1655 534 1690 quod
550 1660 697 1690 utrumque
711 1656 744 1682 ad
759 1662 833 1687 eum,
847 1655 924 1690 cujus
941 1659 983 1682 est

199 1701 351 1736 proprium,
368 1704 398 1728 ut
423 1705 565 1728 causatum
596 1700 749 1734 referatur;
765 1704 793 1727 et
808 1699 981 1727 manifestum

197 1753 250 1780 est,
266 1748 330 1783 quia
355 1756 409 1776 non
434 1749 615 1776 convertitur.
634 1748 711 1782 Quod
728 1748 750 1775 si
770 1748 899 1784 proprius
913 1747 980 1774 diei-

198 1796 242 1819 tur
257 1797 288 1820 ut
310 1794 564 1826 consubstantialis,
594 1795 672 1827 cujus
697 1798 739 1821 est
764 1792 904 1828 proprius,
933 1791 980 1819 sed

197 1839 468 1867 consubstantialiras
499 1840 686 1874 principaliter
714 1846 824 1866 causam
842 1843 869 1866 et
886 1845 981 1866 eausa—

199 1891 256 1912 tum
276 1885 422 1921 signiﬁcat,
435 1889 464 1912 ut
480 1890 620 1913 ostensum
646 1889 705 1917 est;
721 1890 748 1912 et
763 1892 823 1912 esse
839 1885 980 1919 proprium

197 1940 264 1968 ergo
281 1939 390 1959 causam
406 1936 435 1958 et
462 1936 604 1959 causatum
629 1931 766 1965 exprimit.
785 1930 867 1965 Atqui
886 1938 981 1965 proce-

198 1977 264 2005 dere
292 1976 361 2003 nihil
391 1976 476 2008 aliud,
497 1984 578 2011 quam
607 1976 793 2003 exsistentiam
815 1976 916 2004 habere
932 1984 980 2010 pel:

198 2023 310 2050 modum
327 2022 511 2057 processionis
525 2020 687 2057 signiﬁcate,
700 2029 795 2049 omnes
808 2022 901 2057 utique
913 2022 980 2049 fate-

198 2069 319 2101 buntur;
346 2068 573 2104 qucrnadmodum
598 2073 625 2095 et
640 2068 761 2103 generari
785 2068 895 2095 modum
909 2067 982 2095 exsi-

197 2114 287 2142 stendi
304 2114 364 2141 Filii
393 2113 533 2147 exprimit,
554 2113 628 2148 quod
658 2112 762 2140 scilicet
794 2120 843 2148 per
870 2114 980 2140 modum

199 2159 394 2195 generationis.
421 2159 505 2194 Igitur
535 2159 608 2194 quod
631 2158 666 2186 ab
692 2158 819 2186 omnibus
847 2158 981 2194 theologis

197 2209 340 2233 asseratur
353 2204 473 2240 Spiritus
489 2213 537 2241 per
550 2205 648 2232 Filium
662 2205 820 2240 procedere,
837 2205 980 2232 manifesta

199 2251 323 2279 doctrina
338 2256 380 2279 est
409 2251 479 2287 ejus,
502 2251 575 2286 quod
597 2259 645 2286 per
657 2251 756 2279 Filium
776 2259 810 2279 ex
826 2252 906 2280 Patre
923 2251 981 2286 ipse

198 2296 298 2325 habeat
324 2297 523 2325 exsistcntiam.
548 2297 607 2325 Hoc
629 2302 719 2325 autem
746 2297 832 2325 instar
858 2297 980 2324 omnium

197 2343 307 2376 suﬂicit,
324 2348 352 2371 et
367 2343 435 2370 nihil
448 2351 517 2378 opus
537 2348 580 2371 est
603 2343 720 2370 ulterius
743 2351 831 2378 neque
849 2342 981 2377 theolog's

197 2389 245 2425 qui
271 2389 305 2417 de
331 2389 529 2418 subsistentiali
558 2389 735 2425 processione
747 2389 834 2417 divini
861 2389 981 2425 Spiritus

202 2436 350 2468 disserant,
378 2443 467 2470 neque
496 2436 614 2470 amplius
640 2435 674 2463 iis
700 2435 747 2470 qui
777 2434 861 2462 velint
883 2435 917 2462 de
931 2435 981 2462 hac

205 2489 278 2510 recte
297 2482 399 2509 dotcri.
421 2481 481 2509 Non
510 2489 575 2517 ergo
599 2486 693 2509 carent
706 2481 834 2513 dictione,
851 2480 896 2516 qui
910 2481 981 2507 hanc

202 2532 339 2563 qua-runt,
358 2535 420 2554 eum
447 2526 557 2561 quidam
575 2527 697 2562 primarii
724 2531 880 2554 sanctorum
892 2535 925 2555 ex
938 2527 982 2555 Fi-

197 2574 246 2607 lio,
262 2575 307 2602 alii
321 2582 384 2602 rero
404 2581 452 2608 per
467 2573 565 2601 Filium
596 2574 744 2608 procedere
765 2574 867 2602 dicant.
878 2574 982 2602 Distin-

197 2628 281 2656 guere
295 2620 366 2647 enim
384 2620 437 2647 hoc
461 2619 522 2647 loco
542 2619 761 2654 praepositionem
786 2628 832 2655 per
846 2620 873 2647 in
890 2620 981 2648 diver-

198 2674 243 2695 sas
271 2666 482 2700 intelligentias,
512 2670 610 2700 praeter
641 2673 750 2692 omnem
778 2665 912 2692 rationem
939 2670 982 2694 est

198 2713 338 2748 a~signare
360 2713 434 2740 hunc
459 2719 569 2739 sensum
583 2716 685 2739 temere
704 2711 819 2738 dictioni
846 2719 892 2745 per
905 2719 937 2738 ac
952 2718 981 2739 se

199 2759 274 2793 ipsos
290 2757 410 2793 regulam
426 2757 603 2785 constituere.
618 2758 656 2785 Ex
681 2757 782 2792 quibus
806 2757 983 2785 absurdiores

199 2805 233 2832 iis
260 2802 326 2831 mihi
343 2803 469 2831 videntur
495 2803 540 2838 qui
559 2803 636 2830 hirco
660 2810 754 2830 cervos
772 2802 886 2837 tingunt.
904 2802 981 2836 Quod

185 2849 222 2879 si
237 2849 294 2876 hare
309 2848 345 2877 ita
359 2856 387 2876 se
405 2848 516 2880 habent,
533 2848 594 2883 quis
610 2853 701 2875 mente
722 2847 852 2882 praeditus
863 2847 979 2876 obsiste-

1033 1567 1157 1602 καὶπερὶ
1173 1565 1220 1593 τοῦ
1237 1567 1301 1593 ἴδιον
1318 1565 1446 1597 λέγεσθαι
1471 1564 1502 1591 τὸ
1525 1563 1636 1598 Πνεῦμα
1661 1562 1708 1590 τοῦ
1736 1562 1817 1589 Υίοῦ.

1034 1614 1114 1644 Ἷδιος
1134 1613 1188 1648 γὰρ
1201 1612 1312 1646 λέγεται
1333 1611 1380 1638 καὶ
1402 1611 1417 1638 ὀ
1443 1611 1508 1642 Υῑδς
1525 1610 1573 1637 τοῦ
1589 1609 1704 1643 Πατρὺς,
1722 1610 1771 1635 καὶ
1784 1609 1820 1636 τδ

1033 1658 1144 1693 Πνεῦμα
1160 1658 1224 1685 ίδιον
1239 1658 1285 1684 τοῦ
1304 1657 1412 1691 Πατρδς
1435 1656 1484 1682 καὶ
1504 1655 1551 1682 τοῦ
1567 1655 1644 1687 Υἰοῦ,
1656 1655 1696 1682 ὅτι
1719 1654 1818 1681 ἑκάτε-

1034 1713 1079 1739 ρον
1092 1704 1160 1739 προς
1175 1703 1221 1730 τὸν
1232 1700 1261 1731 οῦ
1278 1703 1352 1730 ἐστιν
1368 1703 1432 1729 ῐδιον
1446 1701 1484 1734 ὼς
1494 1701 1613 1729 αἰτιατδν
1628 1701 1796 1736 ἀναφέρεται
1808 1708 1817 1717 ·

1032 1751 1080 1777 καὶ
1103 1750 1194 1785 δῆλον,
1221 1749 1262 1777 ὅτι
1285 1749 1346 1777 οὐδὲ
1373 1749 1560 1783 ἀντιστρέφει.
1581 1748 1612 1774 Et
1635 1747 1665 1773 δὲ
1694 1747 1760 1774 [διον
1778 1747 1819 1778 ὡς

1032 1796 1182 1832 ὁμοούσιον,
1198 1793 1229 1823 οῦ
1245 1796 1318 1824 ἐστιν
1334 1795 1408 1828 ῐδιον,
1422 1795 1541 1829 λέγεται,
1553 1793 1622 1820 ἀλλὰ
1635 1792 1665 1819 τδ
1673 1792 1819 1827 ὁμοούσιον

1032 1841 1153 1878 ἀρχικῶς
1163 1842 1193 1869 τὶ.
1210 1842 1295 1868 αἴτιον
1315 1841 1365 1868 καὶ
1384 1841 1416 1867 τὸ
1431 1840 1553 1868 αίτιατδν
1566 1838 1703 1874 ὲμφσινει,
1722 1838 1819 1870 dig-8:-

1031 1888 1152 1915 δεικται·
1171 1888 1218 1914 καὶ
1234 1887 1264 1914 τὸ
1274 1887 1338 1914 ἴδιον
1351 1887 1406 1921 ἄρα
1421 1887 1451 1913 τὺ
1467 1887 1555 1914 αῐτιον
1573 1886 1621 1912 καὶ
1643 1887 1673 1914 τὸ
1693 1886 1819 1913 αἰτιατίν

1033 1936 1192 1969 παρίστησι.
1209 1934 1264 1961 Καὶ
1283 1932 1337 1968 μὴν
1353 1933 1383 1960 τὸ
1398 1933 1597 1969 ἐκπορεύεσθαι
1619 1935 1670 1960 οὐκ
1685 1933 1750 1960 ἄλλο
1759 1942 1786 1959 τι
1800 1933 1817 1968 ἢ

1031 1982 1080 2015 τὴν
1095 1980 1212 2015 ὓπαρξιν
1232 1979 1406 2014 ἐκπορευτῶς
1426 1979 1498 2014 ἔχειν
1511 1980 1654 2014 σημαίνειν
1667 1981 1768 2011 πάντες
1783 1979 1819 2007 ἂν

1031 2026 1226 2061 ὁμολογήσαιεν
1238 2034 1244 2041 ·
1258 2025 1353 2061 ὥσπερ
1368 2026 1456 2052 καὶτὸ
1468 2026 1614 2060 γεννᾶσθαι
1626 2026 1677 2060 τῆς
1687 2025 1734 2052 τοῦ
1749 2025 1817 2052 Υιοῦ

1033 2072 1175 2107 ὑπάρξεως
1191 2072 1339 2106 παρίστησι
1361 2071 1407 2098 τὸν
1420 2072 1530 2107 τρόπον,
1553 2071 1594 2098 ὅτι
1618 2071 1703 2108 δήπου
1718 2080 1817 2106 γεννη-

1032 2118 1096 2149 τῶς.
1109 2117 1212 2143 Οὐκοῦν
1226 2117 1257 2144 τὸ
1271 2116 1314 2143 διὰ
1327 2116 1375 2143 τοῦ
1393 2117 1457 2144 Υίοῦ
1473 2117 1673 2152 ἐκπορεύεσθαι
1684 2117 1714 2144 τὸ
1731 2117 1817 2144 Πνεῦ-

1035 2173 1072 2199 μα
1086 2163 1116 2190 τδ
1131 2163 1209 2197 ἅγιον
1221 2163 1298 2198 παρὰ
1322 2163 1431 2189 πάντων
1450 2162 1635 2196 θεολογεῖσθαι
1655 2162 1814 2189 διδασκαλία

1033 2209 1121 2244 σαφὴς
1137 2208 1183 2235 τοῦ
1203 2209 1248 2235 διὰ
1269 2207 1319 2235 τοῦ
1336 2207 1402 2235 Υἱοῦ
1424 2209 1457 2235 ὲκ
1472 2208 1520 2235 τοῦ
1551 2208 1658 2242 Πατρδς
1683 2207 1751 2234 αὺτδ
1764 2207 1814 2242 τὴν

1032 2254 1148 2288 ὓπαρξιν
1174 2254 1257 2289 ἔχειν.
1286 2253 1371 2281 Τοῦτο
1386 2254 1415 2280 δὲ
1441 2254 1501 2280 ἀντὶ
1525 2254 1633 2280 πάντων
1657 2254 1748 2287 ἀρκεῖ,
1768 2253 1816 2280 καὶ

1031 2299 1106 2325 οὐδὲν
1119 2299 1160 2325 δεῖ
1168 2298 1322 2333 περαιτέρω
1331 2297 1393 2324 οὔτε
1407 2299 1462 2328 τοῖς
1476 2298 1647 2330 διδασκάλοις
1658 2298 1815 2332 θεολογοῦσι

1031 2344 1155 2379 περὶτῆς
1169 2344 1342 2379 ὑπαρκτικῆς
1361 2345 1476 2380 προόδου
1492 2345 1539 2371 τοῦ
1556 2344 1631 2372 θείου
1645 2345 1815 2381 Πνεύματος,

1030 2389 1092 2416 οὔτε
1107 2389 1161 2424 μὴν
1175 2391 1231 2421 τοῖς
1252 2389 1374 2416 ἐθέλουσι
1392 2390 1456 2424 περὶ
1466 2389 1568 2426 ταύτης
1584 2389 1670 2424 ὀρθῶς
1685 2390 1815 2426 διδαχθῆ-

1030 2443 1074 2461 ναι
1096 2435 1188 2470 δεήσει
1208 2443 1235 2462 τι
1252 2434 1342 2462 πλέον.
1355 2435 1412 2461 Οὐκ
1432 2435 1486 2470 ἄρα
1502 2436 1636 2471 ἀποροῦσι
1648 2436 1698 2471 τῆς
1717 2437 1817 2469 λέξεως

1032 2482 1056 2508 0i.
1082 2481 1185 2516 ταύτην
1202 2481 1404 2516 ἐπιζητοῦντες,
1432 2481 1487 2508 τῶν
1509 2482 1558 2517 μὲν
1574 2483 1818 2516 περιφανεστάτων

1031 2527 1116 2560 ἁγίων
1132 2529 1164 2554 ὲκ
1178 2527 1224 2554 τοῦ
1243 2527 1307 2553 Υἰοῦ
1334 2527 1532 2562 ἐκπορεύεσθαι
1553 2528 1703 2561 λεγόντων,
1719 2528 1774 2555 τῶν
1788 2529 1817 2556 δὲ

1031 2574 1075 2600 διὰ
1091 2573 1137 2599 ’τοῦ
1162 2572 1226 2599 Υῑοῦ
1247 2572 1446 2608 ἐκπορεύεσθαι
1459 2580 1467 2589 ·
1485 2573 1515 2599 τὸ
1538 2573 1592 2607 γὰρ
1609 2574 1649 2605 είς
1672 2574 1817 2608 διαφόρους

1031 2620 1134 2651 ἑννοίας
1161 2618 1278 2646 ἐνταῦθα
1303 2619 1352 2653 τὴν
1373 2618 1422 2645 διὰ
1436 2618 1552 2654 διαιρεῖν
1579 2619 1812 2654 ἀποκληρούντων

1031 2668 1118 2699 ἄλλως
1132 2667 1206 2702 παρὰ
1219 2667 1308 2693 πάντα
1331 2667 1409 2701 λόγον
1424 2667 1494 2699 ἐστὶ,
1509 2668 1556 2694 καὶ
1576 2668 1687 2700 ἑαυτοὺς
1699 2670 1818 2704 ἡγουμτ-

1031 2722 1084 2740 νων
1098 2712 1207 2741 κανόνα.
1230 2713 1275 2745 Ἐξ
1291 2710 1328 2740 ὦν
1343 2713 1511 2748 ἀτοπώτεροι
1523 2714 1664 2748 φαίνονται
1699 2716 1754 2742 τῶν
1771 2716 1816 2742 καὶ

1032 2759 1093 2790 τοὺς
1107 2759 1297 2794 τραγελάφους
1309 2759 1546 2786 ἅναπλαττόντων.
1557 2760 1588 2786 Ei.
1604 2759 1633 2787 δὲ
1647 2761 1724 2787 ταῦθ’
1735 2761 1815 2792 οὓτω.

1032 2804 1073 2834 τις
1089 2803 1120 2829 iv
1133 2802 1194 2829 νοῦν
1212 2803 1281 2839 ἔχων
1294 2804 1402 2839 ὲνσταίη
1420 2805 1456 2840 μὴ
1468 2806 1501 2832 ὲκ
1519 2805 1566 2831 τοῦ
1583 2806 1688 2840 nam;
1708 2807 1756 2832 καὶ
1771 2806 1815 2833 τοῦ

1034 2849 1098 2876 Υίοῦ
1123 2851 1154 2876 τὸ
1181 2850 1291 2886 Πνεῦμα
1307 2850 1336 2877 τὸ
1351 2850 1427 2886 ἅγιον
1444 2851 1492 2886 τὴν
1515 2850 1631 2885 ὓπαρξιν
1660 2852 1748 2886 ἔχεινς
1769 2852 1812 2879 καὶ
