1942 3091
171 119 218 151 921

630 123 679 153 DE
698 123 960 153 PROCESSIONE
981 123 1161 153 SPlRITUS
1182 122 1330 152 SANCTI.

1739 120 1794 151 932

172 172 292 206 τοσούτῳ
311 173 421 206 μᾶλλον,
449 174 504 210 ὅσῳ
518 177 565 202 καὶ
587 176 631 203 διὰ
657 177 704 203 τοῦ
721 177 807 209 Λόγου
821 178 835 203 ὁ
858 177 953 211 Πατὴρ

1009 182 1058 209 ret,
1077 185 1129 205 nou
1155 185 1188 205 ex
1213 177 1292 203 Patre
1315 183 1364 210 per
1388 175 1487 202 Filium
1516 175 1647 210 Spiritum
1669 180 1794 202 sanctum

172 217 319 252 προδολεῡς
334 218 381 245 τοῦ
409 219 565 255 Πνεύμςιτος
579 222 618 257 τῷ
639 222 813 258 Δαμασκηνῷ
829 223 953 257 εἴρηται.

173 263 204 289 Εί
221 263 276 298 γὰρ
289 264 320 290 τὸ
344 265 389 292 διὰ
404 266 450 293 τοῦ
472 267 536 294 Υἰοῦ
563 268 598 295 τὰ
613 269 701 295 πάντα
724 268 876 302 γεγονέναι,
894 267 956 294 ὅσον

171 309 232 344 ἥκει
245 312 285 342 εις
298 311 349 345 τὴν
363 311 424 346 διὰ,
439 314 487 340 καὶ
498 314 543 340 τὸν
556 315 619 341 Υἰὸν
636 314 684 341 ἕνα
705 314 869 351 δημιουργὸν
887 313 956 349 μετὰ

171 354 219 382 τοῦ
244 356 350 391 Πατρδς
365 358 413 384 καὶ
427 358 541 394 ποιητὴν
559 359 613 386 τῶν
628 360 712 387 ὄντων
727 360 903 396 παρίστησιν,
919 359 957 391 ὡς

173 402 190 436 ἡ
207 401 339 437 καθολικὴ
365 404 456 435 πίστις
473 404 611 439 ὁμολογεῖ,
628 404 687 437 πῶς
701 406 748 432 ἐπὶ
776 406 827 440 τῆς
843 406 955 440 προόδου

172 445 219 472 τοῦ
236 446 307 473 θείου
321 447 480 483 Πνεύματος
497 449 547 476 οὑκ
557 449 589 476 ἂν
607 451 620 476 ό
636 450 698 482 Υἱὸς
715 449 798 477 αὑτοῦ
820 451 957 483 συναίτιος

172 492 215 526 εἴη
226 512 235 524 ,
249 493 296 519 καὶ
307 489 348 524 εἷς
363 494 460 526 αἴτιος,
477 494 511 521 δι’
525 495 622 522 ἑαυτοῦ
639 495 685 522 τὸν
699 496 810 531 Πατέρα
822 495 956 530 προόολέα

171 537 219 564 τοῦ
231 538 387 573 Πνεύματος
400 540 468 574 ἔχων
484 540 531 567 τοῦ
546 541 688 575 ὑμοουσίου
704 542 811 577 ὲαυτῷ;
828 542 956 568 Διδασκέ-

171 592 263 611 τωσαν
273 585 326 620 γὰρ
338 585 422 620 ἡμᾶς,
437 587 494 614 πῶς
509 588 536 613 ὲν
549 586 634 614 ἅπασι
651 588 701 623 μὲν
711 589 766 619 τοῖς
776 588 820 615 διὰ
833 589 879 616 τοῦ
889 587 955 615 Υίοῦ

172 628 340 663 κτιζομὲνοις
350 628 426 662 οὗτος
443 632 544 666 μᾶλλον
554 633 656 668 ἥνωται
671 634 711 667 τῷ
725 635 823 668 Πατρὶ,
837 635 866 660 ἐν
878 635 906 661 δὲ
922 636 954 670 τῇ

172 673 215 700 διὰ
225 674 272 700 τοῦ
289 675 352 701 Υίοῡ
365 676 526 709 ὲκπορεύσει
538 677 682 712 διῄρηται;
699 679 728 703 ὲν
779 687 821 709 τις
834 678 867 704 ἂν
890 677 957 710 ἴσως

171 720 242 746 ετποι
254 721 301 747 καὶ
317 721 402 756 μείζω
416 722 466 757 τὴν
479 723 622 751 κοινωνίαν
638 724 729 750 αὐτῶν
750 722 819 750 εἶναι
838 725 904 755 δεῖν,
919 724 957 755 ὡς

171 765 204 792 ἂν
215 766 247 792 ὲκ
261 766 311 802 τῆς
326 768 418 802 κοινῆς
434 768 526 800 οὐσίας
551 769 600 796 καὶ
627 769 701 801 θείας
723 770 770 796 τοῦ
791 770 897 804 Πατρδς
910 770 958 797 καὶ

171 811 219 838 τοῦ
235 812 300 839 Υἱοῦ
312 814 489 848 προαγόντων
499 815 530 841 τὸ
546 815 659 849 Πνεῦμα
674 816 704 842 τὺ
717 816 795 850 ἂγιον
808 817 858 851 τῆς
872 816 956 847 αὐτῆς

171 856 201 883 ὃν
215 858 261 884 καὶ
276 859 341 885 αὐτὸ
354 859 458 893 οὐσίας,
476 859 492 896 ἢ
509 861 538 887 ὲν
552 862 584 895 τῇ
604 861 659 888 τῶν
682 862 841 895 κτισμάτων
867 870 954 896 παρα·
969 851 993 881 Β

173 904 249 938 γωγῇ
266 903 328 930 οὔτε
343 905 375 931 ἐκ
390 905 439 939 τῆς
454 906 548 941 κοινῆς
567 907 661 938 οὐσίας
676 907 745 933 αὐτὰ
762 907 955 941 παραγόντων,

171 949 239 976 ἀλλὰ
254 950 302 977 καὶ
316 951 366 985 τῆς
388 951 496 985 φύσεως
516 952 607 979 αὐτῶν
620 951 703 987 οὔσης
723 953 789 988 πρὸς
805 953 855 986 τὴν
881 953 957 979 θείαν

173 995 346 1022 παντάπασιν
357 995 508 1031 ἀλλοτρίας.
523 996 628 1023 Οὔκουν
640 997 696 1032 ἔχοι
713 1005 755 1028 τις
771 997 804 1023 ἂν
819 997 917 1030 εἰπεῖν,
932 996 966 1023 ει.

173 1039 211 1074 μὴ
226 1043 387 1076 μαινόμενος
402 1042 456 1076 είη,
482 1041 521 1073 ὡς
544 1041 598 1077 ἄρα
621 1043 651 1068 τὸ
666 1043 709 1069 διὰ
730 1043 776 1069 τοῦ
793 1042 858 1069 Υίοῦ
878 1043 959 1068 ὲχπο-

174 1085 299 1118 ρεύεσθαι
315 1085 345 1113 τὸ
358 1086 400 1113 διὰ
411 1087 456 1114 τοῦ
472 1087 538 1114 Υἱοῦ
554 1080 674 1114 δίδοσθαι
689 1088 829 1123 σημαίνει.
845 1088 881 1114 Οὐ
904 1088 958 1122 γὰρ

171 1131 214 1157 (ti
226 1130 273 1156 τοῦ
288 1131 353 1158 Υίοῠ
366 1132 500 1164 δίδοσθαι,
514 1133 530 1167 ἢ
554 1133 728 1167 πέμπεσθαι,
745 1133 761 1168 ἢ
778 1133 959 1168 χορηγεῖσθαι

173 1175 254 1209 μόνον
265 1177 339 1212 παρὰ
364 1177 417 1203 τῶν
431 1178 598 1204 διδασκάλων
613 1178 732 1212 λέγεται,
744 1179 804 1205 οὐδὲ
821 1179 884 1213 περὶ
898 1179 960 1205 τού-

171 1228 225 1246 των
238 1221 418 1256 διαλεγόμεθα
435 1217 483 1249 νῦν
499 1223 533 1258 (εί
552 1224 599 1250 ita!
614 1224 681 1250 αὐτό
707 1224 875 1251 ἐνδεικτικόν
899 1225 958 1250 ἐστι

172 1267 220 1293 τοῦ
244 1267 287 1294 διὰ
303 1267 350 1294 τοῦ
373 1268 437 1295 Υἱοῦ
463 1269 661 1303 ἐκπορεύεσθαι
690 1270 738 1296 καὶ
763 1269 812 1305 τὴν
838 1269 957 1304 ὓπαρξιν

173 1312 255 1347 ἔχειν.
274 1314 310 1340 οὐ
334 1314 388 1349 γὰρ
409 1314 494 1350 δήπου
511 1316 555 1342 διὰ
573 1316 619 1343 τοῦ
637 1317 702 1343 Υίοῦ
718 1315 894 1343 ἀπεστέλλετ’
912 1316 967 1349 av“

174 1359 200 1384 sl
217 1358 254 1394 μὴ
266 1361 313 1385 καῖ
327 1359 360 1386 δι’
375 1360 459 1387 αὐτοῦ
475 1361 607 1396 πρότερον
621 1362 670 1398 τὴν
683 1361 801 1397 ὕπαρξιν
813 1360 882 1396 εἶχε,
896 1361 958 1388 καθ’

176 1405 210 1438 ἢν
235 1405 327 1452 ᾄῖδίως
353 1407 585 1452 ὲιιτοορευόμενον,
611 1408 747 1443 χρονικῶς
776 1407 862 1439 οὕτως
887 1407 959 1442 ιχειν

178 1451 253 1486 παρὰ
271 1451 324 1478 τῶν
350 1451 503 1487 ἀνθρώπων
522 1454 688 1487 γινώσκεται
700 1462 708 1471 ο
723 1454 783 1488 ἥτις
806 1454 838 1489 δὴ
858 1454 959 1488 γνῶσις

173 1498 450 1549 τῆς-μεγαλειότητος
478 1499 561 1526 αὑτοῦ
587 1500 635 1526 καὶ
656 1501 706 1534 τῆς
725 1500 869 1535 ὑπάρξεως
889 1501 958 1526 ἀπο·
971 1516 996 1549 C

175 1543 255 1579 στολὴ
273 1543 342 1579 πρὸς
359 1544 422 1576 τοὺς
436 1544 594 1580 ἀνθρώπους
612 1545 660 1572 καὶ
675 1546 751 1581 παρὰ
770 1545 825 1572 τῶν
849 1544 956 1580 ἀνθρώ-

175 1596 234 1615 πιον
247 1589 451 1625 λέγεται),ὰλλὰ
460 1591 524 1625 περὶ
535 1592 585 1625 τῆς
593 1590 638 1617 τοῦ
649 1590 846 1626 ἐκπορεύεσθαι
859 1590 958 1623 λέξεως

173 1634 187 1659 ό
200 1634 278 1668 λὸγος
293 1634 349 1667 νῦν,
368 1635 427 1661 καθ’
440 1635 473 1671 ἢν
484 1635 516 1662 ἐκ
529 1635 577 1662 τοῦ
593 1637 699 1671 Πατρὸς
714 1636 758 1662 διὰ
770 1635 815 1662 τοῦ
832 1635 897 1661 Υἱοῦ
913 1635 960 1660 ὲκ-

173 1679 336 1713 πορεύεσθαί
349 1689 424 1715 φασι,
450 1681 497 1708 καὶ
513 1681 546 1717 ἢν
568 1682 721 1717 δηλωτικὴν
746 1683 796 1717 τῆς
812 1681 956 1717 ὑπάρξεως

172 1725 253 1752 αὐτοῦ
267 1726 366 1758 πάντες
380 1726 550 1762 ὁμολογοῦσι.
578 1728 674 1754 Καίτοι
695 1729 742 1755 καὶ
755 1728 809 1757 τῶν
828 1729 957 1756 διδασκά-

172 1771 227 1798 λων
241 1771 312 1802 τινὲς
331 1771 381 1807 τὴν
395 1772 442 1799 τοῦ
458 1773 537 1807 ἁγίου
560 1774 718 1808 Πνεύματος
729 1776 893 1810 ικπόρευσιν
909 1777 956 1804 ἐκ·

172 1817 275 1852 πεμψιν
290 1815 360 1845 εἶναι
383 1818 555 1846 διδάσκουσιν
571 1819 666 1851 ἀΐδιον,
689 1820 769 1847 10-310
786 1822 835 1856 μὲν
850 1823 864 1849 ό
879 1822 953 1849 Θαυ-

173 1863 326 1898 ματουργδς
338 1863 497 1900 Γρηγόριος,
515 1865 593 1892 τοῦτο
608 1865 636 1892 δὲ
656 1866 805 1902 Γρηγόριος
824 1869 838 1895 ό
859 1868 956 1896 Θεολό-

171 1917 229 1943 γος,
242 1910 256 1936 ό
268 1910 318 1944 μὲν
326 1910 355 1936 ἐν
368 1910 450 1946 λόγῳ.
465 1907 495 1938 οὗ
506 1912 522 1946 η
533 1912 616 1947 ἀρχὴ,
633 1913 789 1946 Ἕχθιστοι
801 1914 850 1941 καὶ
861 1915 957 1942 ἀλλό-

172 1963 256 1989 τριοι,
273 1955 395 1990 φάσκων,
410 1966 420 1982 ι
435 1957 601 1992 ’Δγιννητως
618 1959 666 1993 μὲν
681 1959 756 1990 ὄντος
774 1960 820 1986 τοῦ
837 1961 955 1996 Πατρδς,

171 2001 346 2036 γεννηθέντος
365 2002 393 2029 δὲ
419 2001 466 2028 τοῦ
487 2002 552 2029 Υίοῦ
575 2003 607 2029 ὲκ
631 2003 677 2029 τοῦ
708 2004 824 2039 Πατρὺς,
854 2005 901 2032 τοῦ
927 2015 956 2032 τε

172 2047 328 2081 Πνεύματος
344 2048 377 2074 ὲκ
390 2047 438 2082 τῆς
448 2047 539 2080 οὐσίας
551 2048 599 2074 τοῦ
618 2048 723 2084 Πατρδς
734 2050 768 2076 δι’
781 2049 845 2076 Υίοῦ
863 2050 956 2082 ἁῖδέως

171 2092 391 2127 ικπεμφθέντοςι
410 2101 419 2118 ι
435 2094 449 2119 ό
463 2093 492 2121 δὲ
506 2093 536 2120 ὲν
554 2094 593 2129 τῷ
608 2095 677 2129 πρὸς
693 2095 806 2131 Ἥρωνα
820 2097 865 2123 τὸν
879 2096 956 2132 φιλό-

172 2145 266 2172 σοφον,
285 2137 351 2164 ἴδιον
369 2138 417 2164 τοῦ
439 2138 518 2173 ἁγίου
549 2139 707 2174 Πνεύματος
735 2141 786 2177 τὴν
814 2141 956 2177 ἔκπεμψιν

1010 223 1197 252 exsistentiam
1226 223 1349 251 habere?
1378 226 1461 256 atque
1483 229 1512 249 et
1542 222 1638 256 magis.
1666 229 1722 256 quo
1748 229 1796 256 per

1010 269 1129 297 Verbum
1162 269 1244 296 Pater
1269 267 1420 303 productor
1445 266 1565 301 Spiritus
1588 274 1603 293 ε
1629 266 1796 293 Damasceno

1010 316 1102 343 dictus
1126 319 1179 343 est.
1193 315 1221 342 Si
1245 314 1318 341 enim
1341 312 1406 340 illud
1438 320 1487 347 per
1514 311 1612 338 Filium
1637 319 1697 338 esse
1726 311 1794 337 facta

1010 361 1121 393 omnia,
1146 365 1277 395 quantum
1305 359 1404 386 attinet
1441 357 1474 384 ad
1499 356 1718 392 praepositionem
1750 363 1796 389 per

1010 408 1091 435 etiam
1107 407 1204 434 Filium
1224 413 1309 432 unum
1333 403 1507 431 conditorem
1532 407 1614 437 atque
1643 407 1794 429 creatorem

1011 458 1102 478 rerum
1119 457 1180 478 cum
1198 449 1288 481 Patre,
1304 448 1392 480 docet,
1411 452 1438 475 ct
1459 447 1596 480 exprimit,
1615 451 1644 473 ιιι
1661 445 1796 473 catholica

1009 497 1079 525 ﬁdes
1098 496 1210 528 fatetur,
1229 494 1368 530 quomodo
1394 493 1422 520 in
1449 500 1578 528 processu
1607 492 1690 519 diriui
1711 492 1797 526 Spiri-

1011 548 1064 574 tus,
1084 550 1138 570 non
1152 542 1234 569 etiam
1262 541 1349 568 Filius
1368 541 1428 575 ejus
1449 546 1583 566 concausa
1601 538 1747 570 exstiterit,
1768 541 1796 564 et

1010 596 1063 615 una
1080 595 1161 615 causa
1179 587 1215 614 sit
1230 587 1338 614 Patrem
1366 585 1558 620 producmrem
1577 583 1681 610 habens
1695 590 1744 617 per
1766 589 1796 608 se

1010 635 1100 670 ipsum
1118 633 1238 667 Spiritus
1249 632 1301 659 sibi
1317 629 1577 659 eonsubstantialis?
1593 629 1712 656 Doceant
1722 627 1795 655 enim

1009 690 1070 712 nos.
1085 681 1224 716 quomodo
1237 680 1265 707 in
1292 678 1422 706 omnibus
1443 686 1494 713 per
1519 677 1618 704 Filium
1637 675 1736 703 creatis
1754 675 1796 702 Fi-

1010 728 1063 755 lius
1083 727 1169 762 magis
1187 727 1222 754 sit
1248 727 1412 761 conjunctus
1440 724 1512 751 Patri
1537 723 1590 752 :in
1620 721 1796 757 processioue

1010 782 1075 802 vero
1096 782 1145 809 per
1173 773 1270 800 Filium
1301 772 1336 799 sit
1355 770 1525 805 disjuuctus?
1549 769 1576 796 in
1599 776 1653 804 quo
1673 768 1796 795 fortassis

1010 820 1108 855 aliquis
1132 819 1242 850 dixerit,
1268 818 1350 845 ctiam
1369 819 1499 851 majorem
1515 814 1718 850 conjuctionem
1735 820 1796 840 esse

1008 871 1146 901 oportere.
1159 865 1226 892 Cum
1247 872 1279 891 ex
1303 862 1441 890 communi
1473 865 1502 888 et
1531 860 1623 888 divina
1642 858 1796 887 substantia

1007 913 1089 941 Pater
1111 917 1140 939 et
1158 911 1243 938 Filius
1258 910 1411 945 producant
1437 907 1568 942 Spiritum
1594 910 1729 935 sanctum.
1746 904 1794 938 qui

1008 963 1035 985 et
1049 958 1106 992 ipse
1123 956 1245 992 ejusdem
1261 955 1368 982 exsistit
1385 952 1554 985 substantias,
1568 952 1594 978 in
1614 951 1796 986 productione

1009 1008 1100 1030 autem
1125 1007 1316 1029 creaturarum
1346 1007 1402 1027 non
1430 1007 1462 1026 ex
1484 997 1622 1025 communi
1643 995 1797 1024 substantia

1009 1056 1056 1076 eas
1071 1047 1243 1082 producant;
1260 1053 1376 1081 quarum
1404 1048 1505 1072 natura
1531 1049 1572 1071 est
1587 1051 1601 1070 a
1617 1042 1707 1069 divina
1721 1040 1798 1076 peni-

1010 1100 1056 1122 ttts
1073 1093 1187 1121 aliena?
1203 1092 1263 1120 Non
1280 1092 1365 1126 igitur
1391 1095 1483 1125 posset
1505 1089 1605 1124 aliquis
1623 1088 1727 1119 dicere,
1743 1086 1796 1113 nisi

1010 1139 1140 1169 insaniat,
1157 1137 1231 1173 quod
1262 1137 1394 1164 nimirum
1422 1135 1489 1162 illud
1518 1142 1567 1169 per
1584 1133 1681 1160 Filium
1699 1139 1796 1167 proce-

1010 1185 1086 1216 dere,
1103 1192 1152 1219 per
1179 1182 1279 1210 Filium
1306 1181 1432 1209 exhiberi
1460 1179 1605 1215 signiﬁcat.
1631 1178 1690 1206 Non
1722 1177 1796 1203 enim

1011 1235 1116 1258 tantum
1144 1237 1193 1264 per
1209 1229 1310 1256 Filium
1334 1228 1394 1255 dari
1420 1234 1469 1254 seu
1496 1225 1579 1257 mitti,
1595 1231 1642 1252 seu
1659 1222 1763 1257 erogari
1779 1229 1796 1250 ι

1009 1275 1170 1304 doctoribus
1186 1275 1299 1306 dicitur.
1316 1280 1405 1308 neque
1425 1272 1460 1300 de
1481 1271 1525 1298 his
1538 1277 1612 1297 nunc
1627 1269 1796 1304 disputamus

1010 1320 1147 1355 (quamvis
1160 1324 1188 1347 et
1203 1319 1292 1354 ipsum
1315 1317 1495 1348 demonstret.
1513 1323 1561 1350 per
1575 1314 1676 1342 Filium
1696 1320 1796 1348 proce-

1010 1367 1086 1398 dere,
1112 1370 1141 1393 et
1157 1364 1348 1393 exsistentiam
1364 1363 1478 1390 habere.
1498 1362 1559 1388 Non
1575 1361 1649 1388 enim
1675 1359 1796 1394 proiecto

1010 1420 1059 1448 per
1078 1411 1177 1439 Filium
1204 1411 1370 1440 mitteretur,
1389 1408 1441 1435 nisi
1459 1415 1507 1442 per
1526 1407 1615 1441 ipsum
1631 1405 1709 1441 prius
1723 1402 1796 1431 exsi-

1010 1457 1138 1486 steutiam
1156 1456 1281 1487 haberet,
1298 1454 1449 1483 secundum
1471 1461 1553 1487 quam
1568 1452 1602 1479 ab
1614 1457 1716 1478 :cteruo
1734 1457 1796 1485 pro-

1011 1503 1111 1531 cedens
1134 1502 1162 1529 in
1188 1506 1321 1536 tempore.
1337 1501 1375 1528 ita
1393 1507 1422 1527 se
1446 1499 1549 1526 habere
1574 1498 1609 1524 ab
1638 1496 1796 1524 hominibus

1013 1548 1196 1584 dignoscitur.
1212 1546 1278 1580 Quae
1300 1553 1366 1573 sane
1384 1545 1504 1580 cognitio
1514 1542 1709 1578 magnitudinis
1725 1542 1796 1576 ejus,

1011 1599 1093 1627 atque
1108 1592 1276 1621 exsistentise
1298 1591 1394 1619 missio
1417 1590 1451 1617 ad
1468 1590 1603 1620 homines,
1617 1593 1642 1616 et
1659 1588 1692 1615 ab
1706 1586 1796 1614 homi-

1011 1639 1092 1667 nibus
1106 1637 1231 1667 dicitur).
1246 1637 1299 1664 Sed
1317 1644 1392 1664 nunc
1406 1643 1497 1664 sermo
1509 1639 1552 1663 est
1563 1634 1598 1662 de
1610 1634 1731 1661 dictione
1751 1631 1795 1659 illa

1011 1686 1174 1722 procedere,
1192 1684 1345 1712 secundum
1361 1691 1442 1719 quam
1460 1690 1494 1710 ex
1522 1682 1601 1709 Patre
1629 1688 1677 1714 per
1697 1678 1796 1707 Filiutn

1011 1732 1162 1768 procedere
1184 1731 1279 1761 aiunt.
1302 1735 1332 1758 et
1365 1737 1447 1765 quam
1471 1728 1703 1756 manifestalivam
1735 1733 1797 1754 esse

1010 1778 1175 1807 exsisteutiae
1189 1778 1249 1814 ejus
1263 1783 1358 1805 omnes
1370 1775 1500 1807 fatentur.
1520 1774 1646 1810 quamvis
1670 1771 1796 1801 nonnulli

1011 1825 1155 1852 doctorum
1174 1824 1378 1860 processionem
1394 1822 1482 1850 sancti
1493 1820 1610 1855 Spiritus
1622 1818 1797 1847 emissionem

1011 1878 1072 1898 esse
1085 1875 1215 1897 aeternam
1241 1868 1368 1900 doceant,
1383 1867 1483 1902 partim
1513 1865 1624 1901 quidem
1648 1863 1796 1899 Gregorius

1011 1917 1243 1950 Tltaumaturgus,
1262 1913 1361 1949 partim
1379 1919 1444 1940 vero
1467 1911 1616 1947 Gregorius
1630 1909 1793 1944 Titeologus.

1011 1962 1087 1989 Alter
1110 1960 1221 1995 quidem
1239 1959 1267 1986 in
1287 1958 1424 1990 oratione,
1445 1958 1523 1993 cujus
1541 1957 1648 1984 initium
1666 1965 1673 1983 ε
1702 1955 1796 1983 Inimi-

1011 2006 1123 2039 cim‘mi,
1137 2010 1218 2040 atque
1243 2004 1336 2037 alicui,
1352 2003 1500 2038 inquiens:
1523 2012 1532 2028 ι
1550 2002 1618 2030 Cum
1633 2001 1669 2029 sit
1685 2001 1797 2037 quidem

1010 2051 1090 2079 Pater
1103 2050 1251 2086 ingenitus,
1267 2050 1353 2077 Filius
1375 2057 1440 2076 vero
1455 2056 1489 2075 ex
1503 2048 1584 2075 Patre
1600 2047 1722 2083 genitus,
1734 2046 1797 2080 Spi-

1010 2096 1081 2124 ritus
1094 2102 1203 2130 quoque
1229 2102 1263 2122 ex
1277 2094 1433 2122 substantia
1450 2093 1539 2121 Patris
1563 2100 1612 2128 per
1635 2092 1735 2120 Filium
1762 2092 1799 2119 ab'

1009 2145 1113 2170 aeterno
1129 2141 1258 2168 emissus.
1278 2149 1288 2167 ι
1303 2140 1381 2168 Alter
1392 2147 1457 2167 vero
1472 2140 1500 2168 in
1514 2139 1640 2167 oratione
1656 2138 1690 2166 ad
1707 2137 1797 2165 Hero-

170 2182 266 2210 εῐπών,
277 2183 309 2210 Et
325 2183 414 2210 τοίνυν
429 2184 475 2210 τοῦ
492 2184 570 2218 ἁγίου
583 2185 741 2220 Ιινεύματος
751 2187 802 2222 τὴν
817 2187 955 2223 ἔκπεμψιν

1009 2196 1071 2216 nem
1097 2187 1303 2223 philosophum,
1324 2186 1464 2221 propriam
1481 2185 1569 2213 sancti
1586 2184 1704 2220 Spiritus
1716 2184 1798 2211 emis-

170 2229 255 2255 ἀΐδιον
268 2230 316 2256 καὶ
327 2229 445 2265 ἰδιότητα
460 2229 506 2256 τοῦ
518 2231 675 2266 Πνεύματός
691 2240 770 2266 φασι,
785 2232 843 2264 πῶς
858 2234 908 2260 οὐκ
921 2233 955 2260 ἂν

170 2273 288 2309 εὐλόγως
308 2275 325 2309 ὴ
341 2274 490 2310 ἔκπεμψις,
519 2276 566 2303 καὶ
596 2277 665 2304 κατὰ
692 2277 772 2308 τοῦτο
792 2279 955 2314 ἑκπόρευσις

170 2319 213 2355 εἴη
230 2320 279 2347 καὶ
305 2320 428 2355 Hreno;
449 2321 524 2357 Πλὴν
540 2322 564 2348 ει
581 2323 619 2358 μὴ
646 2324 692 2350 καὶ
710 2324 760 2359 τὴν
789 2325 955 2360 ὲκπόρευσιν

170 2366 298 2402 χρονιιιὴν
313 2365 382 2394 εἶναι
396 2367 469 2402 λέγοι
484 2376 541 2400 τις’
555 2368 571 2403 ἢ
586 2370 674 2396 καὶτὸ
686 2369 814 2406 ἐγχρονον
822 2371 869 2398 τοῦ
883 2371 955 2408 ὑπὲρ

169 2412 264 2447 χρόνον
280 2412 383 2447 τίθησιν
395 2414 480 2441 αἴτιον
490 2421 498 2429 ·
513 2414 560 2441 καί
570 2423 630 2442 τινα
640 2417 696 2447 τοῖς
704 2416 785 2447 θείοις
799 2416 954 2453 προσώποις

168 2458 377 2493 ὲπισυμὸαίνειν
391 2460 483 2491 οῐοιτο,
498 2461 545 2486 καὶ
567 2461 646 2488 πάντ’
657 2462 698 2494 τίς
714 2462 811 2490 ἑαυτὸν
822 2464 855 2490 τὰ
876 2464 954 2499 οιρη-

170 2504 241 2539 μένα
259 2504 313 2531 τῶν
324 2505 433 2532 ἀτόπων
444 2506 619 2540 ὲπισωρεύοι.

209 2636 289 2664 Ἀλλὰ
304 2637 351 2664 καὶ
364 2637 444 2664 τοῦτο
457 2636 598 2669 παντελῶς
610 2638 701 2671 uorat;
715 2639 811 2671 ἕωλον.
822 2640 837 2667 ὅ
852 2649 948 2676 φασιν,

165 2682 203 2715 ὡς
216 2683 240 2710 εί
253 2683 283 2710 τὸ
293 2683 406 2718 Πνεῦμα
422 2684 454 2711 τὸ
468 2684 546 2718 ἅγιον
556 2685 589 2711 ὲκ
601 2685 649 2720 τῆς
665 2685 761 2717 οὐσίας
776 2685 823 2713 τοῦ
841 2687 950 2722 Πατρὺς

166 2729 214 2754 καὶ
239 2728 287 2755 τοῦ
318 2729 383 2756 rio-3
404 2730 474 2762 tum,
495 2729 541 2757 διὰ
565 2730 595 2757 τὸ
619 2731 685 2765 μίαν
709 2728 850 2758 εἶναιτῶν
865 2732 950 2767 τριῶν

164 2772 271 2806 οὐσίαν,
291 2774 332 2800 δεῖ
348 2774 395 2801 καὶ
410 2774 478 2801 αὐτὸ
502 2773 533 2807 ἐξ
554 2774 652 2801 ἑαυτοῦ
667 2774 810 2811 ὑπάρχειν.
836 2777 949 2812 Πρῶτον

167 2816 217 2853 μὶ]
229 2817 282 2853 γὰρ
295 2818 345 2846 οὐχ
364 2819 471 2855 ἀνάγκη
485 2820 519 2847 τὰ
533 2819 581 2847 τοῦ
599 2820 706 2857 Πατρδς
720 2821 768 2848 καὶ
783 2821 845 2848 Υῑοῦ
858 2823 947 2851 πάντα

1007 2236 1113 2263 sionem
1131 2240 1266 2262 asserens.
1281 2233 1310 2260 Si
1333 2232 1417 2268 igitur
1431 2231 1551 2266 Spiritus
1566 2231 1652 2259 sancti
1673 2230 1799 2258 emissio-

1008 2287 1070 2307 nem
1102 2282 1244 2310 aaternam,
1269 2281 1298 2305 et
1328 2277 1525 2313 proprietatem
1554 2275 1675 2310 Spiritus
1707 2274 1797 2305 aiunt,

1009 2323 1148 2361 quomodo
1163 2330 1219 2350 non
1235 2322 1334 2350 merito
1348 2321 1460 2349 emissio
1471 2321 1556 2349 etiam
1569 2320 1722 2348 secundum
1746 2319 1798 2346 hoc

1005 2370 1145 2406 processio
1158 2373 1243 2401 esset,
1261 2375 1294 2396 ac
1309 2367 1467 2396 diceretur?
1480 2367 1538 2395 Nisi
1551 2367 1614 2402 quis
1627 2366 1710 2394 etiam
1732 2371 1796 2400 pro-

1005 2414 1159 2443 cessionetn
1172 2412 1200 2440 in
1220 2416 1342 2446 tempore
1358 2418 1419 2438 esse
1433 2411 1556 2443 dixerit;
1573 2415 1601 2438 et
1619 2409 1694 2444 quod
1707 2413 1749 2436 est
1769 2408 1798 2436 in

1005 2465 1130 2494 tempore
1144 2458 1226 2489 illius.
1236 2456 1308 2492 quod
1324 2461 1366 2484 est
1383 2461 1446 2483 ante
1460 2463 1541 2483 omne
1557 2461 1675 2490 tempus,
1687 2461 1796 2481 causam

1002 2513 1063 2541 esse
1075 2505 1215 2540 posuerit;
1231 2508 1261 2532 et
1274 2503 1404 2531 nonnulla
1419 2502 1519 2530 divinis
1531 2501 1657 2537 personis
1668 2500 1795 2527 accidere

1003 2551 1151 2587 putaverit,
1167 2555 1248 2585 atque
1262 2549 1368 2582 omnia,
1387 2556 1448 2584 qua:
1460 2548 1531 2576 dicta
1550 2551 1615 2576 sunt
1631 2546 1750 2575 absurda
1767 2546 1796 2574 in

1002 2603 1033 2624 se
1049 2596 1107 2631 ipse
1121 2595 1348 2623 accumulaverit.

1038 2641 1091 2669 Sed
1116 2645 1145 2669 et
1170 2641 1345 2671 illudrnimis
1370 2640 1500 2675 frigidum
1523 2644 1576 2672 est.
1603 2638 1676 2674 quod
1704 2638 1795 2667 aiunt.

1003 2688 1077 2724 quod
1095 2688 1119 2715 si
1148 2687 1268 2723 Spiritus
1292 2693 1406 2715 sanctus
1430 2694 1465 2714 ex
1495 2686 1646 2713 substantia
1662 2685 1750 2713 Patris
1769 2689 1796 2712 et

1006 2734 1070 2762 Filii
1084 2737 1137 2766 est,
1149 2741 1183 2761 eo
1197 2733 1270 2768 quod
1290 2733 1326 2760 sit
1339 2740 1394 2760 una
1405 2731 1525 2760 essentia
1542 2731 1636 2764 trium,
1650 2734 1757 2765 oportet
1768 2733 1796 2756 et

1001 2779 1092 2815 ipsum
1105 2787 1138 2807 ex
1150 2787 1180 2808 se
1192 2779 1334 2807 exsistere.
1345 2778 1413 2806 Nam
1428 2778 1547 2812 primum
1563 2777 1674 2812 quidem
1685 2784 1738 2803 non
1753 2779 1795 2802 est

1000 2832 1122 2857 necesse,
1144 2829 1174 2852 ut
1189 2824 1287 2857 ,omuia
1317 2830 1378 2855 quae
1408 2828 1473 2851 sunt
1502 2821 1658 2850 communia
1670 2820 1744 2848 Patri
1761 2827 1792 2850 ac
