1942 3091
148 129 203 163 928

777 127 971 159 DEMETRII
992 126 1150 159 CYDON-lI

1721 123 1777 156 ε]Ξὶ

148 187 230 218 Filio,
253 185 309 213 sint
326 184 409 212 etiam
435 183 561 220 Spiritui,
583 184 706 220 exceptis
734 184 769 213 iis
793 193 854 220 quae
869 189 937 212 sunt

996 185 1070 212 κοινὰ
1090 181 1162 211 εῖναι
1183 183 1231 210 καὶ
1259 181 1298 217 τῷ
1326 175 1475 216 Πνεύματι,
1492 179 1562 214 πλὴν
1576 180 1631 207 τῶν
1646 179 1781 207 ἀπολελυ-

148 232 285 259 absoluta.
299 230 363 258 Haec
387 230 460 258 enim
485 230 670 258 communiter
685 233 766 265 atque
785 229 938 258 incommu—

150 276 273 304 tabililer
298 281 327 303 ut
345 275 392 303 uni
420 275 459 303 rei
475 276 561 303 tribus
580 275 695 308 insunt;
713 283 774 310 qua:
792 280 883 303 autem
898 283 940 303 se-

149 327 275 356 quuntur
291 322 457 355 personalia,
471 327 498 348 et
522 321 705 356 ltypostatica,
719 329 772 348 non
789 321 829 348 sic
844 329 874 348 se
889 321 940 348 ha-

150 368 214 395 bere
238 375 353 394 necesse
381 372 431 394 est.
456 366 568 394 Clarum
597 371 690 394 autem
719 372 761 394 est
791 367 856 394 illud
879 374 940 394 esse

152 413 263 445 quidem
287 417 443 444 causatum,
469 412 576 439 duabus
609 417 714 439 tantum
744 413 869 447 personis
885 417 938 443 est.

151 457 223 485 l’atri
247 461 338 484 autem
361 457 494 489 minime;
523 461 550 484 et
571 457 638 484 illud
652 457 775 491 quidem
803 457 873 489 dari,
891 464 939 484 seu

151 504 222 530 mitti
241 503 375 537 Spiritum
398 508 536 534 sanctum,
548 503 622 530 Patri
639 511 670 530 ac
688 503 757 530 Filio
771 503 938 537 assignatur,

149 549 206 583 ipse
221 556 287 576 vero
301 548 421 582 Spiritus
448 556 503 575 non
520 548 622 575 dicitur
638 556 666 575 se
693 548 779 582 ipsum
798 548 873 579 dare,
893 553 939 576 aut

151 595 270 620 ntittere.
295 594 399 621 Deinde
421 594 653 629 quemadmodum
687 595 773 621 Filius
798 602 831 621 ex
860 595 939 622 Patre

149 641 275 674 generari
310 640 421 671 dicitur,
445 645 473 667 et
501 648 555 667 una
582 641 736 668 substantia
760 646 801 668 est
819 641 898 668 Pater
912 644 940 667 et

150 687 246 727 Filius.
261 694 316 713 non
338 692 427 714 tamen
445 691 590 721 propterea
610 687 722 719 dicitur,
736 693 824 720 neque
840 686 941 721 reperi-

154 739 199 759 tur
217 732 303 760 Filius
320 741 353 760 ex
377 733 533 760 substantia
557 740 606 760 sua
631 733 766 767 generari,
785 732 833 759 Sed
851 740 940 766 neque

151 779 259 806 Patrem
275 787 306 806 ex
324 779 476 806 substantia
499 787 560 806 esse
580 778 652 805 Filii.
670 778 726 805 lloc
746 778 820 805 enim
838 780 865 804 in
880 778 940 805 Tri-

150 827 235 851 nita:e
262 825 416 852 divinarum
443 831 622 859 personarum
647 824 771 851 ordinem
793 823 937 858 pervertit.

995 231 1084 266 μένων
1106 229 1177 265 φημί
1202 229 1290 256 ταῦτα
1313 228 1367 264 γὰρ
1383 228 1480 259 κοινῶς
1497 227 1546 254 καὶ
1561 226 1781 262 ἀπαραλλάκτως

994 277 1051 307 τοῖς
1069 276 1169 310 τρισὶν,
1192 276 1230 306 ὡς
1251 274 1293 301 ἑνὶ
1313 273 1455 308 πράγματι
1469 273 1599 308 ὑπάρχει.
1620 272 1660 299 Τὰ
1683 272 1711 298 δὲ
1725 273 1780 303 τοῖς

993 322 1181 357 προσωπικοῖς
1205 321 1253 348 καὶ
1276 320 1470 351 ὑποστατικοῖς
1487 320 1611 353 ἑπόμενα
1627 319 1677 353 οὐχ
1693 318 1780 349 οὕτως

993 368 1066 403 ἔχειν
1080 367 1199 402 ἀνάγκη.
1219 367 1303 402 Δῆλον
1325 367 1354 393 δὲ
1365 367 1382 383 ·“
1393 366 1424 392 τὺ
1438 367 1486 401 μὲν
1507 365 1628 392 αἰτιατὸν
1645 365 1700 396 τοῖς
1716 364 1780 390 δυσὶ

993 413 1152 449 προσώποις
1170 413 1238 444 ἐστὶ,
1255 412 1294 447 τῷ
1307 412 1335 439 δὲ
1358 413 1447 447 Ila-rp!
1462 411 1600 446 οὐδαμῶς·
1617 411 1664 438 καὶ
1679 410 1710 436 τὸ
1730 410 1779 444 μὲν

992 460 1124 492 δίδοσθαι,
1136 460 1153 494 ἢ
1168 459 1328 494 πέμπεσθαι
1340 458 1371 485 τὸ
1382 458 1494 492 Πνεῦμα
1508 457 1539 484 τὸ
1554 457 1631 489 ἆγιον
1644 456 1681 490 τῷ
1692 456 1780 491 Πατρὶ

995 505 1044 532 καὶ
1061 505 1099 540 τῷ
1116 505 1173 539 Υῑῷ
1200 504 1366 531 ἀποδίδοται·
1383 504 1450 530 αὐτὸ
1465 503 1500 534 ,δὲ
1520 503 1549 529 οὐ
1569 502 1678 536 λέγεται
1698 501 1782 535 ἑαυτὸ

993 552 1093 578 διδόναι
1109 552 1125 587 ἢ
1143 551 1276 586 πέμπειν.
1291 551 1418 581 Ἔπειτα,
1443 549 1538 583 ὥσπερ
1557 549 1571 574 ὁ
1597 548 1659 578 Υἱὸς
1684 548 1716 574 ἐκ
1732 546 1781 573 τοῦ

994 598 1100 633 nam;
1126 597 1273 632 γεννᾶσθαι
1298 597 1419 630 λέγεται,
1448 596 1494 622 καὶ
1523 595 1572 629 μία
1601 594 1681 620 οὺσὶα
1706 594 1783 620 ἐστὶν

1000 643 1029 670 'U
1045 644 1140 678 Πατὴρ
1155 643 1203 670 καὶ
1223 645 1237 669 ὁ
1250 642 1324 674 Υἱὸς,
1342 642 1372 668 οὐ
1393 641 1437 668 διὰ
1453 640 1532 667 τοῦτο
1550 641 1642 675 μέντοι
1659 640 1781 673 λέγεται,

993 690 1054 716 οὐδὲ
1070 689 1184 724 εὕρηται
1200 688 1246 715 τὸν
1266 688 1330 715 Υἱὴν
1348 688 1380 714 ὲκ
1392 687 1441 722 τῆς
1452 687 1546 717 οὐσίας
1567 685 1664 712 ἑαυτοῦ
1685 685 1784 718 γεννᾶ-

995 734 1068 766 σθαι,
1087 734 1146 760 ἀλλ’
1165 734 1226 760 οὐδὲ
1244 733 1290 759 τὸν
1315 732 1426 767 Πατέρα
1457 731 1489 757 ὲκ
1513 732 1564 766 τῆς
1591 730 1684 761 οὐσίας
1711 727 1783 757 εἶναι

992 779 1039 807 τοῦ
1068 779 1146 813 Υίοῦ,
1176 779 1257 805 τοῦτο
1282 778 1336 813 γὰρ
1368 778 1420 813 τὴν
1447 778 1476 804 ὲν
1500 776 1597 812 Τριάδι
1623 776 1677 802 τῶν
1701 775 1784 802 θείων

993 825 1147 861 προσώπων
1174 826 1251 858 τάξιν
1281 825 1427 860 ἀνατρέπει
1441 831 1448 838 ·
1472 823 1520 850 τὸν
1542 824 1600 849 ἴσον
1619 822 1718 856 τρόπον
1734 821 1783 848 καὶ

150 870 190 897 Ad
206 871 334 898 eumdem
360 870 470 898 modum
492 870 575 898 etiam
590 870 624 898 de
645 870 762 904 Spiritu,
781 870 803 897 si
835 870 941 897 dicatur

996 871 1125 906 περὶτοῦ
1154 871 1316 906 Πνεύματος
1333 889 1340 901 ,
1370 870 1394 895 εἰ
1414 869 1521 902 λέγοιτο
1547 868 1580 893 ὲκ
1608 867 1658 901 τῆς
1686 866 1784 897 οὐσίας

153 925 186 944 ex
202 917 356 944 substantia
387 924 447 943 esse
467 916 555 943 Patris
581 920 609 942 et
630 915 703 948 Fllii,
719 921 793 942 certe
810 922 862 941 non
880 921 942 949 pro-

152 967 245 997 pterea
259 969 372 990 necesse
387 966 439 993 est,
457 965 487 988 ut
499 962 581 988 etiam
603 969 635 988 ex
649 960 803 988 substantia
816 968 864 987 sua
877 967 941 987 csse

151 1008 275 1040 dicatur;
292 1007 422 1043 quoniam
439 1007 513 1034 nulla
529 1015 646 1042 persona
663 1007 710 1033 dat
722 1007 775 1034 sibi
790 1006 942 1034 subsisten-

152 1059 235 1084 ttatu;
255 1061 343 1088 neque
360 1054 417 1089 ipse
433 1054 474 1080 sui
496 1054 583 1088 ipsius
597 1058 640 1080 est
663 1060 756 1086 causa,
767 1053 843 1087 juxta
859 1059 941 1087 quam

152 1108 219 1127 sane
234 1100 368 1127 rationem
398 1107 487 1134 neque
517 1099 638 1134 Spiritus
663 1106 693 1126 se
721 1099 810 1133 ipsqu
827 1098 884 1130 dat,
900 1097 941 1125 vel

155 1145 250 1172 mittil.
263 1145 333 1172 Mitti
346 1149 437 1172 autem
461 1152 575 1172 necesse
592 1148 633 1172 est
653 1144 687 1171 ab
698 1152 742 1176 eo,
760 1151 775 1170 a
791 1151 846 1178 quo
859 1143 941 1170 etiam

151 1191 342 1219 exsistentiam
361 1190 464 1222 habet;
483 1190 605 1225 alioquin
631 1194 737 1217 tantutn
755 1198 770 1217 a
785 1190 853 1217 Filio
874 1190 941 1217 mis-

156 1243 214 1268 sus,
230 1244 285 1263 non
300 1240 390 1262 tamen
402 1240 430 1263 et
445 1236 480 1263 ab
493 1236 552 1271 ipso
569 1236 718 1271 accipiens,
730 1237 830 1264 Filium
848 1241 943 1264 osten-

153 1282 243 1315 deret,
266 1289 319 1308 non
341 1281 443 1314 omnia,
468 1289 529 1316 qua:
547 1282 635 1309 Patris
663 1287 738 1314 sunt,
755 1290 818 1309 eum
841 1282 941 1309 habere

152 1327 429 1360 incommutabiliter;
458 1335 547 1361 neque
585 1335 759 1354 commuueut
800 1327 941 1354 amborum

154 1375 290 1410 Spiritum
308 1379 433 1402 sanctum
451 1374 594 1409 aequaliter
610 1375 675 1409 ipsis
696 1382 767 1403 esse.
781 1374 857 1401 Itane
878 1382 944 1402 vero

154 1428 262 1455 aequum
277 1421 374 1448 esset?
390 1420 437 1455 qui
454 1425 496 1448 est
509 1421 653 1448 character
676 1421 855 1456 bypostaseos
871 1421 942 1456 ejus,

152 1471 236 1501 atque
252 1466 341 1501 imago
355 1466 601 1498 incommutabilis,
621 1467 766 1502 Patrisque
781 1466 905 1494 deﬁnitio
916 1472 944 1494 et

155 1512 293 1539 Verbum?
309 1512 348 1539 Ex
364 1520 419 1547 quo
445 1516 521 1547 patet
542 1512 623 1545 ratio,
641 1521 726 1547 quare
750 1521 803 1540 non
819 1513 944 1540 mittatur
955 1522 978 1553 ε

153 1558 245 1586 l-‘aler.
260 1557 394 1594 Quoniam
411 1559 485 1585 enim
503 1562 633 1593 tanquam
650 1559 808 1587 ineausatus
832 1567 886 1586 non
901 1565 944 1587 est

153 1602 188 1628 ab
203 1601 306 1637 aliquo,
323 1601 428 1630 idcirco
448 1610 537 1637 neque
554 1603 589 1630 ab
605 1602 698 1638 aliquo
713 1603 783 1630 mitti
807 1603 833 1630 in
859 1604 944 1631 sacris

154 1647 304 1684 Scripturis
316 1656 445 1684 expresse
461 1648 574 1678 dicitur.

452 1705 566 1734 CAPUT
596 1705 643 1734 XI.

154 1750 231 1783 Quod
252 1751 367 1788 alterum
386 1752 557 1787 objectionem
579 1752 672 1788 iisdem
688 1752 815 1787 inferum,
832 1761 890 1788 qua:
905 1757 943 1780 eu

259 1794 290 1812 ea;
305 1787 406 1814 duobus
418 1787 562 1822 principiis,
581 1791 606 1814 at
621 1787 700 1821 hujus
715 1788 822 1815 solutio.

188 1831 265 1865 Quod
281 1840 346 1860 vero
364 1840 460 1860 rursus
482 1833 627 1868 objiciunt,
650 1832 773 1868 ejusdem
793 1833 890 1861 farina:
902 1838 945 1862 est

154 1882 345 1911 argumentum
360 1885 367 1909 ;
381 1884 441 1905 esse
456 1877 529 1904 enim
545 1877 615 1904 duas
632 1884 728 1905 causas
743 1877 861 1912 Spiritus
875 1878 945 1906 falso

158 1922 340 1954 mentiuntur,
355 1921 377 1949 si
404 1922 466 1957 quis
489 1922 561 1949 hunc
585 1929 618 1949 ex
646 1922 799 1956 substantia
813 1923 902 1950 Patris
917 1927 946 1951 et

156 1966 218 1994 Filii
234 1966 346 1995 dixerit.
360 1967 463 1995 Verum
477 1967 531 1994 hoc
553 1975 607 1995 non
626 1968 716 2001 nobis,
733 1969 780 1996 sed
796 1968 945 2003 Scriptura:

155 2019 239 2049 atque
262 2010 424 2043 doctoribus
451 2015 570 2050 objicere
587 2023 636 2051 par
661 2020 713 2043 est.
729 2016 762 2043 lli
778 2015 851 2043 enim
870 2021 944 2048 sunt,

155 2061 203 2095 qui
233 2060 366 2096 Spiritum
387 2069 423 2089 ex
449 2061 601 2089 substantia
627 2061 719 2090 Patris
748 2067 777 2090 et
803 2062 863 2089 Filii
884 2070 946 2090 esse

157 2106 311 2142 theologica
325 2107 484 2140 disserunt;
501 2112 529 2135 et
544 2115 578 2135 ex
603 2107 738 2136 ambobus
753 2108 836 2141 mitti,
851 2113 878 2136 et
898 2116 946 2144 per

157 2152 257 2188 Filium
271 2153 430 2188 procedere,
444 2158 524 2189 atque
542 2161 574 2181 ex
591 2155 671 2182 Patre
692 2162 724 2182 ac
744 2155 814 2182 Filio
829 2162 900 2187 esse,
918 2159 946 2182 et

991 915 1064 944 εἶναι
1080 917 1127 944 τοῦ
1142 917 1247 950 Πατρὺς
1262 917 1309 944 καὶ
1322 916 1369 943 τοῦ
1387 916 1465 948 Υἱοῦ,
1481 916 1511 943 οὐ
1527 917 1614 951 δήπου
1633 915 1677 943 διὰ
1691 915 1782 942 ταῦτα

991 964 1099 998 ἀνάγκη
1114 964 1161 990 καὶ
1176 963 1209 989 ὲκ
1232 963 1282 998 τῆς
1296 963 1391 994 οὐσίας
1418 963 1515 991 ἑαυτοῦ
1543 963 1672 997 λέγεσθαι
1695 961 1780 990 εἶναι·

992 1011 1054 1036 ἐπεὶ
1077 1010 1153 1036 οὐδὲν
1176 1008 1323 1044 πρόσωπον
1351 1009 1496 1044 ὑφίστησιν
1516 1009 1611 1041 ὲαυτδ,
1632 1009 1686 1035 οὐδ’
1700 1009 1784 1040 alt-cl;

992 1057 1090 1083 ἑαυτοῦ
1114 1057 1189 1082 ἐστιν
1214 1055 1300 1086 αἰτία,
1323 1055 1386 1082 καθ’
1402 1055 1432 1082 δν
1456 1055 1488 1090 δὴ
1514 1055 1592 1088 λόγον
1617 1055 1647 1081 τὸ
1666 1054 1782 1089 Πνεῦμα

992 1103 1053 1130 οὐδὲ
1065 1102 1145 1128 ἑαυτὸ
1158 1101 1266 1128 δὶδωσιν
1279 1101 1296 1137 ἢ
1313 1101 1428 1135 πέμπει.
1447 1101 1608 1136 Πέμπεσθαι
1622 1100 1650 1127 δὲ
1668 1101 1779 1134 ἀνάγκη

993 1149 1058 1184 παρ’
1073 1144 1103 1175 οὗ
1120 1148 1166 1175 καὶ
1181 1147 1229 1183 τὴν
1257 1147 1374 1183 ὕπαρξιν
1399 1148 1477 1183 ἔχει’
1502 1147 1588 1179 ἄλλως
1616 1147 1669 1182 γὰρ
1697 1147 1779 1182 μόνον

992 1195 1067 1229 παρὰ
1095 1193 1142 1220 τοῦ
1161 1194 1225 1221 Υἰοῦ
1240 1194 1426 1228 πεμπόμενον,
1451 1193 1482 1220 οὐ
1504 1193 1556 1228 μὴν
1580 1194 1628 1220 καὶ
1651 1193 1680 1225 ἐξ
1695 1193 1780 1220 αὑτοῦ

993 1240 1141 1275 λαμϐάνον,
1159 1240 1205 1266 τὸν
1231 1241 1293 1267 Υίὸν
1310 1240 1343 1266 ἂν
1366 1239 1471 1266 rsum
1499 1240 1536 1274 μὴ
1557 1239 1646 1266 πάντα
1673 1240 1706 1266 τὰ
1733 1239 1781 1265 τοῦ

993 1284 1101 1319 Πατρδς
1117 1284 1198 1310 αὑτὸν
1212 1284 1285 1319 ἔχειν
1301 1283 1531 1319 ἀπαραλλάκτως,
1549 1283 1617 1318 μηδὲ
1640 1283 1671 1309 τὸ
1688 1285 1780 1309 κοινζν

994 1329 1095 1363 ἀμφοῖν
1113 1329 1190 1362 ἅγιον
1216 1328 1329 1364 Πνεῦμα
1361 1329 1458 1362 ἐπίσης
1483 1329 1576 1361 αὐτοῖς
1596 1326 1676 1356 εἶναι.
1702 1329 1783 1355 Οὕτω

994 1375 1018 1402 δ’
1034 1375 1067 1402 ἂν
1086 1375 1192 1406 δίκαιος
1205 1373 1248 1410 ἦν.
1265 1375 1293 1406 ὃς
1309 1375 1369 1402 ἐστι
1383 1375 1526 1409 χαρακτὴρ
1541 1375 1590 1408 τῆς
1605 1375 1783 1405 ὑποστάσεως

994 1420 1090 1453 αὐτοῦ,
1109 1421 1157 1447 καὶ
1180 1420 1263 1447 εἰκὼν
1285 1420 1495 1455 ἀπαράλλακτος
1530 1419 1578 1446 καὶ
1604 1419 1651 1446 τοῦ
1676 1419 1784 1454 [laspr

994 1466 1057 1501 ὅρος
1072 1466 1117 1492 καὶ
1135 1466 1220 1500 Λόγος
1238 1474 1245 1498 ;
1270 1465 1315 1498 Ἐξ
1337 1462 1374 1492 ὥν
1389 1466 1469 1500 δῆλος
1487 1465 1533 1492 καὶ
1547 1466 1561 1492 ὁ
1575 1464 1622 1491 τοῦ
1648 1464 1684 1499 μὴ
1712 1464 1786 1499 πέμ-

995 1510 1095 1537 πεειθαι
1117 1511 1164 1537 τὸν
1180 1510 1291 1546 Πατέρα
1304 1511 1394 1544 λόγος.
1416 1510 1496 1537 Ἐπεὶ
1520 1510 1574 1544 γὰρ
1595 1510 1635 1541 ὡς
1660 1509 1784 1541 ἀναίτιος

994 1557 1045 1584 οὐχ
1061 1557 1136 1583 ἔστιν
1149 1557 1181 1583 ἔκ
1195 1565 1278 1588 τινος,
1294 1556 1337 1583 διὰ
1354 1555 1435 1583 τοῦτο
1451 1556 1512 1583 οὐδὲ
1527 1555 1603 1589 παρά
1615 1564 1687 1587 τινος
1712 1556 1777 1582 ἀπο-

995 1602 1153 1629 στέλλεσθαι
1167 1602 1276 1637 λέγεται
1293 1603 1322 1629 ὲν
1337 1603 1398 1634 ταῖς
1410 1602 1532 1638 Γραφαῖς
1547 1601 1710 1638 διαρρήδην.

1296 1704 1422 1732 ΚΕΦΑΛ.
1440 1703 1493 1731 lA'.

994 1750 1059 1779 "Ott
1078 1750 1127 1778 καὶ
1140 1751 1246 1786 ἑτέραν
1260 1751 1417 1779 ἀντίθεσιν
1428 1743 1611 1785 τοῖς-αὺτοῖς
1633 1750 1784 1786 ἐπάγουσι

1030 1787 1087 1820 τὴν
1103 1786 1162 1813 ἀπὸ
1180 1786 1239 1814 τῶν
1253 1786 1309 1813 δύο
1327 1786 1439 1821 ἀρχῶν,
1457 1787 1507 1814 καὶ
1521 1787 1613 1820 λύσις
1627 1785 1735 1820 αὐτῆς.

1032 1834 1065 1859 ’Ὀ
1079 1833 1107 1860 δὲ
1126 1833 1223 1868 ἕτερον
1236 1833 1430 1867 ἀντεπάγουσι,
1444 1833 1493 1868 τῆς
1512 1833 1599 1868 αὐτῆς
1623 1833 1638 1859 ὃ
1651 1833 1683 1867 δὴ
1702 1832 1784 1867 λέγε-

994 1888 1040 1906 ται
1056 1879 1218 1914 κεραμείας·
1239 1876 1312 1906 εἷναι
1329 1879 1384 1915 γὰρ
1399 1877 1446 1906 alio
1462 1879 1538 1906 αἴτια
1551 1879 1599 1906 τοῦ
1620 1877 1785 1913 Πνεύματος

995 1925 1232 1960 καταψεύδονται,
1260 1925 1285 1955 al
1305 1924 1384 1951 τοῦτό
1403 1933 1446 1957 τις
1468 1926 1501 1952 ἔκ
1529 1925 1581 1959 τῆς
1610 1925 1705 1956 οὐσίας
1735 1925 1783 1952 τοῦ

995 1971 1101 2006 Πατρδς
1120 1971 1168 1997 καὶ
1191 1969 1238 1997 τοῦ
1262 1970 1330 1996 Υῐοῦ
1356 1970 1442 2005 λέγοι.
1465 1970 1547 1998 Ἀλλὰ
1576 1970 1657 1998 τοῦτό
1684 1979 1715 2005 γε
1732 1971 1785 2006 οὐχ

995 2017 1071 2052 ἡμῖν,
1086 2017 1120 2051 τῇ
1145 2015 1175 2043 δὲ
1193 2016 1288 2051 Γραφῇ
1311 2016 1359 2042 καὶ
1385 2017 1441 2048 τοῖς
1468 2015 1638 2049 διδασκάλοις
1657 2017 1784 2051 ἐγκαλεῖν

995 2062 1078 2094 εἰκός.
1091 2058 1170 2089 Οὗτοι
1185 2063 1239 2096 γάρ
1258 2062 1328 2088 εἰσιν
1343 2061 1369 2088 οί
1394 2062 1425 2088 τὺ
1441 2062 1555 2096 Πνεῦμα
1576 2063 1609 2088 ἐκ
1625 2062 1674 2097 τῆς
1689 2063 1785 2094 οὐσίας

994 2107 1042 2134 τοῦ
1068 2107 1176 2143 Πατρδς
1202 2108 1251 2135 καὶ
1276 2107 1322 2134 τοῦ
1339 2107 1404 2134 Υιοῦ
1429 2105 1501 2134 εἶναι
1518 2107 1723 2142 θεοὶιογοῦντες,
1736 2108 1786 2135 καὶ

996 2153 1062 2188 παρ’
1085 2153 1187 2189 ἀμφοῖν
1212 2153 1383 2189 πέμπεσθαι.
1403 2155 1450 2181 καὶ
1471 2154 1516 2181 διὰ
1540 2154 1587 2181 τοῦ
1611 2153 1678 2180 Υὶοῦ
1701 2155 1786 2180 ἐκπο-

158 2197 186 2225 id
212 2205 310 2233 genus.
332 2198 361 2227 Si
389 2198 473 2234 igitur
501 2199 559 2227 hac
584 2200 653 2228 duos
670 2201 793 2234 datores,
807 2202 850 2229 vel
874 2201 942 2229 duos

997 2197 1134 2234 ρεύεσθαι,
1153 2198 1200 2225 καὶ
1223 2199 1255 2225 ὲκ
1279 2198 1326 2226 τοῦ
1353 2199 1460 2233 Πατρὺς
1484 2199 1532 2225 καὶ
1551 2198 1597 2225 τοῦ
1619 2198 1683 2225 Υἱοῦ
1700 2196 1782 2230 εἶναι,

156 2250 304 2278 processus
331 2248 360 2271 et
386 2251 484 2272 causas
510 2245 605 2274 volunt
635 2246 802 2282 signiﬁcare,
829 2247 945 2275 omnino

157 2295 246 2322 neque
262 2296 313 2316 nos
328 2288 389 2317 illos
408 2295 436 2317 et
449 2298 545 2318 eorum
561 2298 643 2319 voces
655 2293 753 2324 secttti,
764 2300 827 2320 eum
841 2291 946 2319 nullum

156 2337 288 2367 sequatur
304 2333 465 2367 absurdum,
481 2335 655 2370 arguentium
672 2337 771 2364 merito
783 2337 948 2364 criminibus

158 2376 272 2404 obnoxii
289 2377 403 2411 erimus,
419 2379 467 2407 sed
489 2380 664 2408 manifestum
689 2387 740 2412 est.
759 2383 830 2415 quod
853 2382 888 2409 ab
903 2389 935 2409 ac

156 2424 346 2454 cusationibus
362 2425 454 2460 liberi,
470 2435 532 2455 cum
555 2427 610 2456 illis
626 2432 786 2456 constanter
800 2429 945 2457 stabimus.

192 2556 272 2597 Quod
287 2558 309 2586 si
328 2567 399 2595 opus
422 2566 463 2588 est
485 2561 531 2589 hic
553 2562 637 2589 etiam
651 2562 755 2597 aliquid
771 2563 875 2592 dicere.
893 2564 948 2592 Ne-

159 2594 305 2638 gamus‘ex
321 2594 402 2633 Patre
431 2614 492 2634 esse
520 2607 666 2643 Spiritum,
687 2594 823 2643 quatenus
843 2614 884 2636 est
896 2609 948 2636 Pa-

162 2656 219 2682 ter;
236 2651 387 2678 secundum
398 2652 470 2680 enim
488 2657 611 2680 sanctum
625 2653 785 2685 Maximum,
801 2654 828 2681 in
840 2655 948 2692 dialogo

161 2698 196 2725 ad
221 2698 381 2726 Dissimilem
407 2708 416 2726 :
448 2709 457 2726 ι
489 2700 609 2736 Spiritus
638 2709 693 2729 non
717 2701 800 2729 liabet
826 2702 946 2730 Patrem.

163 2743 257 2778 Neque
275 2752 370 2772 rursus
388 2754 420 2773 ex
438 2745 517 2779 Filio,
533 2750 669 2782 quatenus
683 2753 724 2775 est
739 2747 833 2780 Filius,
846 2748 948 2783 quippe

163 2790 247 2817 it'ilius
264 2790 296 2817 ad
311 2790 419 2819 Patrem
440 2793 542 2820 dicitur
558 2793 660 2827 Filius;
678 2793 803 2828 quamvis
813 2799 948 2828 quatenus

161 2836 250 2868 Patris
265 2837 350 2867 Filius
379 2843 476 2866 natura
494 2847 585 2872 verus,
608 2844 636 2867 et
663 2839 734 2868 nulla
754 2839 885 2868 varietate
913 2840 947 2868 ab

997 2244 1044 2270 καὶ
1059 2244 1147 2270 πάντα
1160 2244 1195 2270 τὰ
1209 2243 1334 2272 τοιαῦτα.
1350 2244 1381 2270 El
1395 2245 1486 2271 τοίνυν
1503 2245 1538 2271 τά
1554 2253 1586 2278 γε
1603 2245 1716 2271 τοιαῦτα
1737 2244 1784 2271 δύο

995 2290 1112 2325 δοτῆρας
1128 2289 1144 2325 ἢ
1160 2290 1206 2317 δύο
1232 2290 1366 2326 προόδους
1393 2291 1443 2317 καὶ
1463 2290 1539 2317 αῐτια
1555 2290 1682 2325 βούλεται
1699 2299 1784 2325 παρι-

998 2337 1074 2372 στᾷν,
1090 2337 1121 2363 οὺ
1138 2337 1247 2367 πάντως
1258 2336 1313 2363 οὐδ’
1330 2337 1411 2371 ἡμεῖς
1434 2337 1557 2368 ἐκείνους
1574 2336 1622 2362 καὶ
1643 2337 1692 2368 τὰς
1710 2337 1783 2362 ἐκεί-

997 2391 1050 2409 νων
1075 2382 1167 2417 φωνὰς
1186 2382 1339 2417 δεχόμενοι,
1362 2382 1475 2417 μηδενὸς
1497 2381 1710 2413 ἀκολουθοῦντος
1722 2383 1786 2408 ἀτό-

997 2435 1049 2453 πευ
1069 2428 1125 2458 τοῖς
1149 2426 1204 2453 τῶν
1229 2427 1400 2461 αἰτιωμένων
1414 2426 1570 2460 ἐγκλήμασι
1588 2426 1700 2457 δικαίως
1716 2426 1787 2452 ὑπο-

997 2472 1161 2507 κεισόμεθα’
1176 2472 1244 2499 ἀλλὰ
1257 2472 1348 2507 δῆλον,
1365 2472 1403 2504 ὠς
1424 2472 1480 2498 τῶν
1499 2471 1682 2506 ἐγκλημάτων
1708 2471 1785 2498 ἐλεύ-

998 2518 1073 2553 θεροι
1089 2518 1150 2553 μετ’
1166 2518 1279 2545 ἐκείνων
1301 2517 1464 2552 ἑστήξομεν.

1035 2564 1065 2590 Et
1079 2564 1108 2590 δὲ
1119 2564 1159 2590 δεῖ
1173 2573 1199 2591 τι
1222 2563 1361 2590 κάνταῦθα
1389 2564 1488 2596 εἰπεῖν,
1514 2564 1544 2590 οὕ
1572 2572 1663 2598 φαμεν
1684 2564 1716 2590 ἐκ
1735 2563 1784 2590 τοῦ

997 2608 1104 2642 Ila-.91);
1122 2606 1193 2641 εἶναι
1207 2609 1239 2635 τὸ
1253 2609 1366 2643 Πνεῦμα
1386 2609 1430 2643 ἐφ’
1446 2609 1508 2635 ὅσον
1522 2609 1581 2636 ἐστὶ
1595 2603 1700 2643 Πατήρ2
1713 2608 1785 2635 κατὰ

997 2655 1052 2690 γὰρ
1067 2655 1110 2682 τὸν
1125 2655 1201 2687 Ξιγιον
1215 2654 1340 2689 Μάξιμον
1355 2655 1383 2681 ὲν
1399 2654 1439 2690 τῷ
1454 2655 1530 2688 πρὸς
1552 2654 1709 2688 Ἀνόμοιον
1725 2654 1785 2680 δια-

997 2701 1078 2734 λόγῳ,
1091 2710 1100 2726 ι
1118 2701 1155 2726 Τὸ
1168 2699 1281 2734 Πνεῦμα
1307 2700 1358 2727 οὐκ
1373 2700 1429 2735 ἔχει
1447 2701 1555 2734 Πατέρα
1567 2708 1574 2715 ⁸
1600 2709 1609 2725 ι
1627 2699 1682 2726 οὐδ’
1702 2699 1736 2725 αὖ
1751 2701 1784 2725 ὲκ

997 2746 1044 2773 τοῦ
1060 2745 1138 2776 Υἰοῦ.
1165 2745 1263 2780 ἐφόσον
1286 2745 1360 2771 ἐστὶν
1373 2745 1448 2775 Υἱός·
1465 2746 1479 2772 ὁ
1491 2745 1545 2780 γὰρ
1566 2745 1629 2775 Υἱὸς
1649 2744 1720 2778 πρὸς
1733 2744 1781 2770 τὸν

999 2792 1109 2828 Πατέρα
1121 2791 1230 2825 λέγεται
1246 2791 1321 2822 Υἱός·
1338 2791 1362 2817 εἰ
1378 2792 1426 2818 καὶ
1443 2791 1512 2817 καθὸ
1536 2790 1582 2816 τοῦ
1600 2790 1705 2823 Πατρὺς
1721 2789 1785 2820 Υἱὸς

1000 2838 1081 2873 φύσει
1097 2836 1199 2873 ἀληθὴς
1220 2837 1267 2864 καὶ
1297 2836 1508 2872 ἀπαράλλακτος
1534 2835 1618 2871 αὐτῷ,
1641 2835 1729 2861 πάντα
1749 2836 1785 2862 τὰ
