1942 3091
169 113 221 143 937

804 114 994 144 DEMETRH
1015 114 1176 145 CYDONII

1744 119 1776 148 Ωέ
1781 119 1798 150 8

168 174 194 200 in
208 174 335 201 omnibus
359 174 459 202 divinis
486 174 696 203 indetermlnate
721 177 889 208 censuerint,
915 181 955 204 at-

1011 177 1161 203 Βασκόντων
1188 178 1238 210 τὴν
1263 176 1297 203 ἐκ
1320 176 1369 211 τῆς
1384 175 1434 202 διὰ
1456 174 1539 210 μηδὲν
1554 174 1707 210 διαφέρειν,
1725 175 1798 210 πλὴν

167 228 220 254 que
235 220 261 246 in
279 219 357 246 Patre
373 224 399 245 et
413 219 479 247 Filio
492 222 712 255 pnepositioncm
733 231 776 254 ex,
794 230 808 249 a
823 223 955 258 praeposi-

169 267 244 293 tione
273 274 330 301 per.
356 266 424 293 nihil
442 266 554 294 diﬂ'erre
566 267 730 300 docuerint;
746 268 796 295 nisi
818 273 956 303 quatenus

170 312 332 347 hyposlases
351 313 536 347 distinguunt.
548 318 575 340 et
598 313 753 341 divinarum
779 322 956 348 personarum

169 357 294 384 ordinem
312 356 477 391 signiﬁcant,
501 357 530 384 in
547 365 601 392 quo
618 365 733 392 persona
757 358 818 385 Filii
837 358 957 384 medium

170 405 277 431 obtinet
293 404 395 435 locum,
410 411 491 438 quem
508 411 618 438 semper
632 403 788 438 prmposiiio
804 411 860 437 per,
873 404 916 430 vel
931 403 957 430 in

170 449 308 476 communi
335 449 463 482 loquendi
491 450 692 476 consuetudine
716 450 866 484 signiﬁcat;
882 454 908 476 et
925 457 959 477 ne

169 495 210 522 virl
227 503 307 521 unam
322 503 468 528 personam
483 495 589 522 Patrem
605 499 633 522 et
645 495 745 522 Filium
759 495 857 529 aliquis
870 495 959 529 suspi-

169 545 245 566 cetur
276 544 386 574 propter
412 539 623 566 similitudinem
652 539 888 574 prmpositionum,
917 539 959 566 vel

170 586 225 613 duo
248 586 383 621 principia
401 586 630 612 contradistincta
654 586 774 620 Spiritus
793 586 874 612 ambo
899 594 959 613 esse

170 632 333 665 vidcantur;
357 632 399 659 vel
427 632 507 659 talem
531 640 591 659 esse
607 639 751 667 personam
765 632 837 663 Filii,
852 632 958 666 qualem

170 685 198 707 et
213 680 310 711 Patris,
326 679 395 706 nihil
422 679 580 711 habentem,
599 679 671 714 quod
697 679 748 714 ipsi
767 680 960 715 praiintelliga—

172 730 225 756 lur,
248 727 320 753 sicut
344 730 371 752 et
396 725 487 752 Pater.
510 725 616 752 Etenim
642 734 673 752 ea:
702 726 860 761 prmpositio
888 727 962 754 sistit

172 780 187 797 ιι
199 776 302 803 entcm,
318 776 345 798 et
364 771 479 798 ulterius
498 771 647 806 procedere
674 779 728 798 non
742 773 823 807 cogit,
841 777 869 799 et
885 780 960 807 qua:—

172 825 232 844 rere
245 818 422 852 principalem
438 825 560 849 causam,
572 817 616 844 cui
634 818 791 852 prmpositio
813 826 844 845 ex
860 819 961 853 piinci.

1008 223 1071 258 ὅσον
1084 222 1236 258 διακρίνειν
1255 223 1304 254 τὰς
1320 221 1497 255 ὑποστάσεις,
1514 221 1562 247 καὶ
1581 220 1631 255 τὴν
1650 220 1705 247 τῶν
1715 220 1797 247 θείων

1010 269 1165 304 προσώπων
1176 269 1253 301 τάξιν
1268 268 1422 303 ἐμφαίνειν,
1440 268 1469 294 ὲν
1518 267 1550 294 τὺ
1563 266 1611 293 τοῦ
1627 267 1693 293 Υἱοῦ
1709 267 1799 300 πρόσ-

1010 323 1085 341 ωπον
1105 315 1154 350 τὴν
1170 315 1256 349 μέσην
1276 315 1370 349 εἴληχέ
1396 313 1500 348 χώραν,
1517 313 1550 348 ἢν
1578 314 1622 340 ἀεὶ
1639 314 1655 347 ἡ
1681 313 1731 339 διὰ
1746 314 1797 339 κάν

1009 362 1042 397 τῇ
1065 362 1141 395 κοινῇ
1160 360 1291 396 συνηθείᾳ
1316 360 1402 394 δηλοῖ·
1429 360 1478 387 καὶ
1504 359 1547 386 ἵνα
1573 359 1611 395 μὴ
1626 360 1643 393 ἢ
1663 359 1694 386 ἐν
1711 359 1798 393 πρόσ-

1010 415 1084 433 ωπον
1101 407 1114 433 ὁ
1133 406 1228 441 Πατὴρ
1251 407 1300 432 καὶ
1324 406 1337 432 ὁ
1357 405 1422 436 Υίδς
1453 405 1647 432 ὑποπτευοεῖεν
1676 405 1722 431 διὰ
1749 404 1799 438 τὴν

1009 452 1064 478 τῶν
1083 452 1240 486 προθέσεων
1266 451 1429 486 ὁμοιότητα,
1448 451 1464 486 ἢ
1480 450 1527 477 δύο
1546 450 1594 476 καὶ
1612 441 1798 484 ἀντιδιαιροὺς

1011 506 1089 532 μεναι
1104 498 1188 531 ἄμφω
1196 497 1242 523 τοῦ
1259 497 1418 530 Πνεύματος
1433 497 1516 531 ἀρχαὶ
1538 495 1661 528 δόξωσιν.
1677 495 1694 530 ἢ
1708 494 1800 520 τοιοῦο

1010 551 1056 569 τον
1071 541 1142 569 εἶναι
1170 543 1201 568 τὸ
1229 542 1276 568 τοῦ
1298 541 1364 568 Υἱοῦ
1389 542 1547 576 πρόσωπον,
1562 538 1618 567 οἷον
1638 541 1686 567 καὶ
1706 540 1738 567 τὸ
1751 539 1800 566 τοῦ

1010 589 1128 622 Πατρὸς.
1145 589 1226 623 μηδὲν
1237 588 1337 615 ἑαυτοῦ
1355 587 1604 622 προεπινοούμενον
1620 587 1691 620 ἔχον,
1702 586 1800 620 ὥτπερ

1010 636 1058 662 καὶ
1071 636 1084 661 ὁ
1100 635 1208 670 Πατήρ.
1229 634 1274 661 Ἦ.
1288 635 1344 669 γὰρ
1359 635 1393 661 ἐκ
1412 634 1504 668 ἵστησι
1525 633 1574 668 τὴν
1595 633 1726 662 διάνοιαν,
1751 633 1800 659 καὶ

1012 680 1168 715 περαιτέρω
1198 679 1324 715 προϊέναι
1350 680 1401 706 οὐκ
1417 679 1567 714 ἀναγκάζει
1596 679 1643 705 καὶ
1660 678 1754 712 ζητεῖν
1769 678 1801 704 τδ

1013 727 1125 761 ἀρχικδν
1138 726 1234 758 αἴτιον,
1249 724 1325 760 ᾧτινι
1344 727 1360 762 ἠ
1374 726 1408 752 ἐκ
1421 725 1543 761 ἀρχικῶς
1557 725 1799 760 ἀποκεκλήρωται.

1018 774 1051 799 ’Π
1065 773 1092 799 δὲ
1107 772 1156 800 διὰ
1165 773 1256 807 ἕτερόν
1275 782 1300 799 τι
1314 773 1460 807 πρόσωπον
1477 772 1552 807 παρᾶ
1567 772 1617 806 τὴν
1633 771 1666 797 ἐκ
1683 778 1796 797 συνεισ-

1011 820 1083 852 άγει,
1100 819 1147 845 καὶ
1172 818 1240 853 πρὸς
1264 819 1352 845 ἐκεῖνο
1377 818 1426 852 τὴν
1451 818 1572 845 διάνοιαν
1605 816 1799 849 προσϐιϐάζει,

172 863 270 897 paliti‘r
295 863 466 890 attribuitur.
487 863 648 897 Pra‘positio
677 867 768 890 autem
784 872 829 897 per
844 863 958 890 alteram

1012 863 1125 898 ἀρχικόν
1153 872 1182 889 τε
1216 864 1304 889 ἐκεῖνο
1321 864 1409 891 αῐτιον
1426 863 1565 899 σημαίνει,
1580 859 1667 897 ἀφ’οὖ
1683 872 1713 889 τε
1728 863 1799 897 αὕτη

170 909 317 948 quamdam
334 916 489 942 personam,
506 913 680 943 praeteream
698 916 779 943 quam
796 917 828 936 ea;
843 909 960 940 inducit.

170 960 198 981 et
224 955 257 981 ad
284 963 344 981 eam
380 959 499 981 mentem
530 959 695 989 promovet,
721 955 958 990 principalemque

170 998 244 1026 illam
258 1006 317 1025 esse
343 1005 451 1024 causam
478 998 624 1032 signiﬁcat,
646 1003 674 1025 et
701 998 776 1025 illam
802 1006 959 1034 personam,

172 1044 198 1070 in
217 1052 270 1079 qua
292 1044 404 1078 ponitur
429 1044 496 1078 ipsa,
513 1051 569 1076 per,
583 1043 700 1070 mediam
720 1052 782 1072 esse
802 1053 959 1079 personam,

171 1089 243 1115 inter
255 1089 369 1123 primam
396 1093 423 1114 et
443 1096 502 1116 eam
525 1088 558 1115 ad
583 1096 664 1123 quam
681 1093 723 1116 est
749 1091 899 1124 processio,
917 1090 960 1117 vel

170 1135 303 1169 operatio.
318 1135 407 1169 Atque
421 1135 457 1161 ita
473 1135 630 1169 praepositio
646 1144 691 1170 per
708 1135 872 1162 Trinitatem
892 1143 960 1170 pure

171 1180 253 1207 nobis
268 1180 408 1214 exprimit,
423 1181 559 1215 simulque
574 1181 697 1208 ordinem
712 1189 793 1216 quem
809 1182 911 1208 habent
926 1181 959 1207 ad

172 1227 289 1254 invicem
310 1234 444 1261 personae,
458 1232 540 1261 atque
564 1227 698 1254 unitatem
712 1227 872 1254 substantiae
886 1231 960 1262 pate-

171 1272 246 1304 l‘acit,
261 1271 370 1299 tertiam
397 1279 540 1306 personam
557 1280 618 1299 eum
646 1272 733 1306 prima
759 1280 806 1306 per
828 1280 857 1299 se
874 1273 959 1307 ipsam

170 1320 352 1353 coniungens.
365 1317 446 1345 Juxta
461 1318 534 1345 enim
547 1318 699 1353 Nyssenum
723 1318 896 1353 Gregorium,
906 1326 959 1345 una

170 1365 280 1400 quidem
308 1364 447 1399 (persona)
469 1367 512 1390 est
539 1363 697 1391 immediate
724 1372 739 1391 a
763 1365 860 1399 prima,
874 1365 958 1391 altera

171 1419 237 1438 vero
254 1419 303 1446 per
318 1418 377 1437 eam
398 1418 458 1444 qua:
484 1410 641 1437 immediate
657 1415 699 1437 est
722 1418 736 1437 ιι
753 1411 852 1445 prima.
864 1411 959 1446 Itaque

169 1463 199 1486 et
215 1465 274 1485 esse
289 1457 458 1492 unigenitum
475 1457 502 1484 in
519 1457 588 1484 Filio
602 1461 693 1484 manet
721 1456 922 1488 indubitatum,
933 1461 960 1484 tl.

171 1513 204 1532 ex
219 1505 299 1532 Patre
310 1512 370 1532 esse
379 1503 525 1538 Spiritum,
538 1510 592 1529 non
613 1507 657 1530 est
676 1502 882 1538 ambigendum,
895 1511 957 1531 cum
972 1517 994 1549 ο

172 1551 255 1577 Filius
266 1548 474 1579 intercedendo,
484 1553 512 1575 et
523 1547 574 1574 sibi
594 1549 651 1582 ipse
661 1548 838 1583 Unigenitum
858 1553 959 1580 servet,

170 1602 199 1622 et
210 1595 343 1630 Spiritum
359 1602 373 1622 a
390 1593 509 1621 naturali
523 1594 556 1620 ad
573 1593 681 1621 Patrem
697 1594 831 1622 relatione
845 1602 899 1621 non
916 1601 959 1622 ar-

171 1646 242 1669 ceat.
256 1641 345 1674 Quare
357 1640 515 1676 praepositio
533 1648 589 1675 per,
601 1644 706 1667 tantum
715 1640 849 1673 ostendit,
859 1640 958 1668 Filium

170 1696 231 1715 esse
254 1687 374 1714 medium
394 1687 466 1713 inter
493 1687 614 1718 Patrem,
637 1690 665 1714 et
684 1686 817 1721 Spiritum
833 1691 958 1714 sanctum

171 1733 273 1760 nullam
285 1737 416 1768 prmlerea
428 1731 626 1760 ditI‘ercntiam.
642 1732 704 1759 Haec
715 1740 781 1760 sane
791 1733 954 1764 ell‘ecerunt,

170 1784 202 1806 ut
217 1779 299 1807 etiam
317 1778 505 1805 Damascenus
527 1778 639 1810 dixerit,
659 1778 721 1806 Filii
742 1778 874 1813 Spiritum
891 1778 959 1805 dici-

171 1833 243 1856 mus,
263 1833 296 1851 ex
313 1825 382 1853 Filio
400 1829 492 1851 autem
510 1832 563 1851 non
580 1825 709 1852 dicimus.
727 1824 757 1852 Si
774 1825 847 1852 enim
864 1825 915 1853 hac
930 1826 958 1853 in

172 1879 212 1902 re.
243 1875 274 1897 ut
300 1870 424 1897 nonnulli
445 1869 628 1903 arbitrantur,
657 1869 685 1896 id
717 1869 826 1897 volebat
848 1875 959 1898 sanctus

173 1915 341 1951 signiﬁcare,
369 1920 452 1949 atque
469 1915 542 1941 hunc
557 1914 674 1941 habebat
693 1921 816 1948 sensum,
838 1916 910 1949 quod
925 1923 959 1943 ex

171 1962 242 1990 Filio
264 1969 319 1988 non
336 1961 381 1991 sit,
407 1960 520 1987 omnino
539 1960 622 1995 igitur
639 1959 737 1987 doctor
753 1968 786 1987 ex
806 1960 864 1987 solo
878 1960 959 1988 Patre

171 2008 302 2044 Spiritum
321 2012 445 2034 sanctum
459 2006 648 2034 exsislentiam
662 2005 762 2034 habere
776 2006 958 2041 existimabat,

170 2058 244 2092 quod
268 2057 290 2084 si
312 2056 364 2083 hoc
385 2060 437 2088 est,
457 2055 539 2082 etiam
558 2054 716 2082 immediate
731 2062 764 2082 ex
782 2055 862 2082 Patre
879 2063 958 2089 esse;

172 2104 195 2131 si
220 2107 311 2129 autem
336 2101 507 2133 immediate,
524 2100 606 2128 etiam
623 2101 776 2136 producere
790 2101 878 2129 Patris
893 2109 959 2129 eon—

171 2147 328 2175 slitutivum
346 2153 417 2179 esse,
440 2153 472 2173 ac
493 2153 588 2173 rursus
610 2146 633 2173 si
651 2145 714 2179 hoc,
741 2146 960 2174 incommunica--

1012 910 1101 935 κεῖται
1121 909 1204 943 μέσον
1218 909 1266 936 τοῦ
1281 918 1309 936 τε
1324 909 1433 944 πρώτου
1450 911 1496 936 καὶ
1515 909 1562 936 τοῦ
1576 909 1644 944 πρὸς
1658 909 1688 935 ὃν
1701 910 1718 944 ἡ
1730 909 1800 944 πρό-

1012 955 1080 985 οδος,
1097 954 1113 989 ἦ
1128 954 1295 989 ἡὲνέργεια·
1315 956 1362 982 καὶ
1379 954 1451 982 οὕτω
1470 955 1519 989 τὴν
1540 955 1644 990 Τριάδα
1667 955 1799 989 καθαρῶς

1011 1001 1077 1035 ἡμῖν
1090 1001 1253 1036 παρίστησιν
1267 1002 1283 1036 ἡ
1297 1000 1356 1034 διὰ,
1365 1001 1433 1035 ὁμοῦ
1447 1009 1476 1027 τε
1487 1001 1536 1036 τὴν
1548 1001 1616 1036 προς
1630 1000 1735 1036 ἄλληλα
1744 1000 1801 1026 τῶν

1012 1047 1169 1082 προσώπων
1199 1047 1275 1080 τάξιν
1304 1047 1491 1082 ἐμφαίνουσα,
1509 1048 1556 1073 καὶ
1570 1047 1619 1082 τὴν
1640 1047 1688 1082 τῆς
1703 1046 1799 1078 obsta;

1011 1093 1124 1127 ἑνότητα
1151 1093 1182 1119 τὺ
1215 1093 1308 1127 τρίτον
1334 1093 1366 1119 δι’
1386 1094 1488 1127 ἑαυτῆς
1515 1093 1555 1128 τῷ
1589 1093 1691 1129 πρώτῳ
1717 1093 1801 1120 συνά-

1011 1145 1134 1165 πτουσα.
1161 1138 1241 1164 Κατά
1262 1138 1317 1173 γὰρ
1333 1138 1377 1164 τὸν
1392 1138 1503 1172 Νύσσης
1526 1137 1685 1173 Γρηγόριον,
1701 1137 1731 1164 τὸ
1748 1137 1801 1171 μὲν

1011 1184 1071 1210 ἐστι
1089 1183 1232 1219 προσεχῶς
1256 1184 1288 1211 ὲκ
1302 1193 1350 1210 του
1366 1183 1491 1217 πρώτου,
1503 1184 1534 1210 τὸ
1549 1184 1577 1211 δὲ
1597 1183 1643 1210 διὰ
1654 1183 1701 1210 τοῦ
1714 1191 1800 1224 προσ-

1011 1228 1082 1262 εχῶς
1097 1229 1130 1254 ὲκ
1144 1227 1191 1254 τοῦ
1208 1227 1330 1264 πρώτου,
1351 1228 1421 1255 ὥστε
1438 1229 1486 1255 καὶ
1503 1228 1534 1255 τδ
1552 1227 1695 1263 μονογενὲς
1711 1228 1801 1262 ἀναμ-

1011 1273 1121 1307 φίὸολον
1137 1272 1184 1298 ἐπὶ
1197 1272 1243 1299 τοῦ
1258 1273 1324 1299 Υίοῦ
1342 1273 1445 1308 μένειν,
1466 1273 1514 1300 καὶ
1525 1273 1556 1299 τδ
1578 1274 1610 1299 ἐκ
1623 1272 1670 1299 τοῦ
1692 1273 1800 1307 Πατρὶς

1010 1317 1081 1345 εἶναι
1102 1318 1134 1344 τδ
1161 1317 1274 1353 Πνεῦμα
1303 1318 1341 1353 μὴ
1369 1318 1564 1352 ἀμφιϐάλλειν,
1590 1317 1641 1353 τῆς
1663 1318 1712 1345 τοῦ
1732 1318 1799 1346 Τίοῦ

1011 1363 1153 1398 μεσιτείας
1176 1365 1224 1390 καὶ
1244 1364 1333 1399 ἑαυτῷ
1367 1364 1398 1390 τὸ
1428 1365 1572 1398 μονογενὲς
1599 1364 1799 1399 φυλαττούσης,

1011 1410 1058 1436 καὶ
1085 1410 1116 1436 τὸ
1137 1409 1252 1445 Πνεῦμα
1271 1410 1322 1446 τῆς
1337 1411 1452 1446 φυσικῆς
1469 1412 1538 1447 πρὸς
1553 1411 1598 1438 τὸν
1614 1412 1724 1446 Πατέρα
1738 1412 1800 1446 σχέ-

1011 1462 1080 1486 σεως
1103 1454 1142 1489 μὴ
1163 1454 1362 1490 ἀπειργούσης.
1380 1455 1463 1482 ’Ὥστε
1482 1456 1498 1491 ἠ
1514 1455 1564 1483 διὰ
1589 1457 1638 1491 τὴν
1661 1457 1710 1484 τοῦ
1734 1457 1799 1484 Υίιιῦ

1013 1499 1094 1534 μόνον
1110 1499 1250 1535 μεσότητα
1267 1500 1337 1536 πρός
1351 1508 1380 1526 τε
1396 1500 1441 1527 τδν
1456 1500 1566 1534 Πατέρα
1582 1501 1629 1528 καὶ
1645 1501 1675 1527 τὸ
1686 1501 1799 1536 Πνεῦμα

1010 1546 1158 1580 δείκνυσιν,
1174 1546 1233 1573 ἀλλ’
1249 1546 1298 1581 οὺχ
1323 1546 1420 1581 ἑτέραν
1438 1546 1581 1581 διαφοράν.
1593 1546 1686 1573 Ταῦτα
1699 1547 1731 1581 δὴ
1751 1548 1800 1574 καὶ

1011 1592 1057 1619 τὸν
1076 1592 1257 1628 Δαμασκηνὸν
1286 1593 1449 1627 πεποίηκεν.
1473 1602 1482 1618 ι
1512 1593 1578 1619 Υίοῦ
1605 1593 1656 1628 μὲν
1684 1592 1799 1628 Πνεῦμα

1011 1637 1139 1672 λέγομεν,
1159 1639 1258 1670 εἰπεῖν,
1284 1638 1317 1665 ἐκ
1340 1638 1388 1665 τοῦ
1408 1637 1474 1664 Υῑοῦ
1495 1638 1523 1664 δὲ
1546 1638 1576 1664 οὐ
1589 1637 1716 1672 λέγομεν.
1740 1647 1749 1663 ι
1767 1637 1800 1665 El

1010 1683 1067 1719 γὰρ
1092 1684 1120 1710 ὲν
1146 1683 1247 1720 τούτῳ,
1262 1683 1300 1716 ὥς
1322 1693 1394 1716 τινες
1417 1684 1530 1716 οἴονται,
1552 1684 1625 1711 τοῦτ’
1643 1684 1770 1711 ἐϐούλετο
1787 1686 1801 1712 ὁ

1010 1729 1087 1764 ἅγιος
1100 1730 1209 1765 δηλοῦν,
1224 1731 1272 1758 καὶ
1295 1730 1400 1766 ταύτην
1419 1728 1476 1765 εἷχε
1492 1731 1540 1766 τὴν
1565 1731 1681 1763 ἔννοιαν,
1702 1732 1745 1758 ὅτι
1759 1733 1794 1758 ἐκ

1009 1774 1058 1802 τοῦ
1075 1775 1142 1802 Υῐοῦ
1157 1775 1208 1802 οὐκ
1230 1775 1301 1807 ἔστι.
1318 1775 1428 1807 πάντως
1446 1775 1479 1803 ἂν
1495 1775 1527 1802 τὸ
1541 1776 1653 1811 Πνεῦμα
1668 1776 1700 1803 τδ
1721 1777 1802 1811 ἆγιον

1009 1822 1042 1848 ἐκ
1057 1822 1138 1857 μόνου
1152 1821 1200 1848 τοῦ
1215 1822 1319 1857 Πατρὺς
1343 1823 1357 1849 ὁ
1384 1822 1544 1859 διόᾀσκαλος
1560 1822 1628 1857 ᾧετο
1643 1822 1693 1858 τὴν
1709 1823 1801 1858 ῦπαρ-

1011 1867 1052 1900 ξιν
1070 1867 1151 1902 ἔχειν.
1171 1867 1202 1894 Ei
1220 1867 1249 1895 δὲ
1267 1867 1358 1900 τοῦτο,
1377 1868 1425 1894 καὶ
1440 1868 1550 1902 ἀμέσως
1565 1870 1597 1894 ὲκ
1613 1868 1662 1895 τοῦ
1680 1869 1798 1902 Πατρός

1011 1914 1035 1940 εὶ
1050 1912 1079 1940 δὲ
1094 1913 1217 1948 ἀμέσως,
1239 1914 1287 1940 καὶ
1310 1913 1350 1949 τῷ
1363 1914 1525 1949 προϐάλλειν
1545 1914 1592 1941 τοῦ
1610 1915 1716 1950 Πατρδς
1733 1915 1802 1941 ὑπο-

1012 1959 1142 1986 στατικδν
1167 1956 1238 1985 εἶναι
1253 1967 1259 1974 ·
1288 1960 1335 1986 καὶ
1353 1961 1377 1986 εί
1397 1960 1476 1987 τοῦτο
1503 1961 1596 1992 πάλιν,
1616 1960 1801 1996 ἀκοινώνητον

1009 2001 1080 2031 εἶναι
1106 2003 1145 2039 τῷ
1161 2004 1219 2037 Υἱῷ
1230 2012 1237 2020 ·
1256 2004 1290 2031 τὰ
1316 2005 1372 2040 γὰρ
1389 2005 1560 2033 ὑποστατικὰ
1574 2005 1629 2032 τῶν
1643 2006 1801 2040 προσώπων

1009 2049 1064 2076 ῐδια
1079 2050 1127 2077 καὶ
1153 2050 1244 2078 πάντα
1267 2051 1368 2086 τρόπον
1389 2052 1515 2087 ἀλλήλοις
1533 2052 1716 2087 ἀκοινώνητα.
1733 2053 1798 2085 Πῶς

1009 2094 1056 2122 οῦν
1073 2095 1121 2122 τὸν
1137 2095 1247 2131 Πατέρα
1270 2097 1405 2132 προϐολέα
1428 2098 1472 2125 διὰ
1496 2098 1584 2131 Λόγου
1603 2097 1650 2125 τοῦ
1665 2099 1801 2132 ἑκφαντο-

1011 2140 1090 2176 ρικφῦ
1111 2141 1271 2177 Πνεύματος
1299 2142 1394 2178 λέγεις
1413 2143 1475 2176 Πῶς
1501 2144 1534 2170 ὲκ
1560 2143 1608 2171 τοῦ
1634 2144 1740 2178 Πατρδς
1756 2144 1801 2171 διὰ

172 2193 226 2220 bile
240 2200 300 2220 eSSe
316 2192 402 2225 Filio;
420 2191 599 2219 constitutiva
616 2191 690 2218 enim
706 2199 885 2226 personarum
897 2200 956 2227 pro-

1011 2189 1057 2213 τοῦ
1081 2189 1141 2214 1⁷ἱοῦ
1158 2188 1359 2217 ἐντείεύειθαι
1376 2189 1408 2216 τὸ
1430 2189 1544 2225 Πνεῦμα
1570 2190 1704 2224 πολλαχοῦ
1725 2190 1800 2218 διδά-

172 2238 231 2272 pria
247 2242 320 2270 sunt,
349 2242 376 2264 et
396 2236 471 2264 nullo
493 2235 575 2263 modo
607 2236 642 2264 ad
658 2236 778 2264 invicem
804 2237 959 2264 commutti-

171 2283 270 2310 cabilia
288 2281 447 2317 :quomodo
474 2281 558 2317 igitur
575 2282 682 2310 Patrem
699 2281 893 2317 productorem
907 2289 956 2318 per

171 2329 292 2356 Verbum
319 2329 513 2356 manifestativi
541 2328 661 2363 Spiritus
683 2328 800 2356 asserit?
818 2327 960 2361 Quomodo

172 2383 206 2403 ex
220 2376 301 2402 Patre
317 2383 366 2410 per
391 2374 490 2402 Filium
511 2373 644 2409 Spiritum
661 2373 811 2409 procedere
825 2373 917 2401 multis
931 2373 959 2401 in

172 2421 241 2449 locis
255 2420 357 2448 docet?
371 2421 526 2453 Quomodo,
540 2420 564 2447 si
577 2420 682 2447 nullum
701 2420 836 2452 ordinem,
854 2419 898 2446 vel
911 2419 960 2446 ha-

173 2466 326 2494 biludiuem
343 2466 462 2500 Spiritus
488 2465 572 2493 habet
588 2466 621 2492 ad
642 2465 751 2498 Filium,
768 2465 816 2498 ait,
837 2465 959 2493 Verbum

173 2517 265 2539 autem
287 2516 394 2546 oportet
411 2511 544 2546 Spiritum
561 2510 679 2538 habeat?
704 2511 766 2538 llaec
792 2511 866 2538 enim
889 2518 959 2544 pon-

173 2557 255 2585 traria
275 2557 384 2591 penitus
397 2561 462 2584 sunt
482 2557 516 2583 ad
531 2557 660 2584 invicem.
677 2556 705 2584 Si
723 2557 795 2585 enim
811 2557 960 2592 productor

173 2610 221 2636 per
231 2602 359 2635 Verbum,
373 2610 427 2629 non
444 2603 539 2637 utique
552 2602 750 2637 hypostalicum
763 2603 850 2632 Patris
859 2603 960 2637 produ-

171 2658 245 2684 cere;
254 2655 282 2678 et
290 2650 313 2678 si
321 2658 355 2679 ex
364 2651 443 2678 Patre
453 2650 610 2678 immediate
620 2651 743 2686 profecto
759 2659 812 2678 non
831 2659 880 2686 per
889 2651 959 2679 Ver-

173 2695 235 2722 bum
248 2696 418 2730 procederet.
428 2695 534 2731 Quippe
542 2703 591 2730 per
598 2695 717 2723 Verbum
729 2695 888 2730 procedere.
900 2703 958 2723 me-

172 2740 246 2768 dium
256 2749 316 2769 esse
324 2742 423 2769 Filium
433 2742 585 2769 clarissime
594 2741 723 2769 ostendit.
733 2740 810 2774 Quod
820 2741 957 2776 Nyssenus

171 2787 268 2820 tradit,
292 2792 320 2814 et
335 2795 388 2814 una
407 2795 468 2814 eum
487 2794 520 2814 eo
535 2786 628 2814 cuncti
647 2786 778 2821 theologi,
803 2791 885 2821 atque
902 2790 957 2812 ter—-

171 2831 226 2860 tius
240 2839 256 2860 a
271 2832 350 2860 Patre
366 2831 486 2868 Spiritus
499 2836 609 2859 sanctus
624 2830 721 2859 ordine
735 2831 813 2867 juxta
828 2837 956 2866 magnum

1016 2242 1098 2267 σκει;
1117 2234 1179 2266 Πῶς
1194 2235 1220 2262 ει
1236 2234 1371 2270 μηδεμίαν
1386 2235 1476 2269 τάξιν,
1494 2236 1511 2271 ἢ
1531 2235 1626 2271 σχέσιν
1641 2236 1671 2263 τὸ
1688 2236 1802 2271 Πνεῦμα

1015 2280 1085 2316 πρὸς
1103 2281 1149 2307 τὸν
1162 2281 1227 2308 Υῐδν
1241 2281 1310 2316 ἔχει,
1339 2282 1417 2316 φησὶ,
1441 2291 1450 2308 ι
1467 2282 1514 2308 Δεῖ
1535 2281 1564 2308 δὲ
1587 2281 1634 2308 τὸν
1650 2282 1737 2316 Λόγον
1753 2283 1802 2309 καὶ

1014 2325 1126 2361 Πνεῦμα
1158 2326 1250 2361 ἔχεινι
1284 2336 1294 2353 ι
1322 2327 1416 2354 Ταῦτα
1444 2327 1498 2361 γὰρ
1523 2327 1633 2354 ἐναντία
1662 2327 1800 2358 παντελῶς

1013 2372 1150 2407 ἀλλήλοις.
1169 2373 1201 2400 El
1226 2372 1280 2408 γὰρ
1300 2373 1451 2408 προσολεὺς
1472 2373 1516 2400 διὰ
1533 2373 1631 2406 Λόγου,
1648 2373 1699 2400 οὐκ
1708 2373 1742 2400 ἂν
1757 2373 1802 2408 εἴη

1013 2417 1061 2443 τοῦ
1080 2417 1189 2452 Πατρὺς
1214 2416 1398 2444 ὑποστατικδν
1416 2418 1447 2444 τὸ
1472 2417 1648 2452 προσάλλειν·
1661 2418 1708 2444 καὶ
1722 2418 1747 2444 εἰ
1769 2418 1803 2444 ὲιι

1012 2461 1059 2489 τοῦ
1078 2462 1185 2498 Πατρὸς
1211 2463 1335 2497 ἀμέσως,
1362 2462 1412 2489 οὐκ
1439 2462 1472 2489 ἂν
1494 2462 1538 2489 διὰ
1563 2462 1612 2489 τοῦ
1635 2462 1701 2489 Υίοῦ
1716 2463 1801 2489 ἐκπο-

1014 2508 1131 2543 ρεύοιτο.
1157 2507 1195 2534 Τὸ
1214 2508 1269 2543 γὰρ
1293 2508 1338 2534 διὰ
1353 2508 1400 2535 τοῦ
1416 2508 1484 2535 Υίοῦ
1501 2508 1701 2544 ἐκπορεύεσθαι
1718 2510 1802 2543 μεσό-

1012 2562 1083 2586 τητα
1099 2552 1146 2580 τοῦ
1167 2553 1229 2580 Υἰοῦ
1245 2553 1406 2588 περιφανῶς
1425 2553 1570 2588 ἐμφαίνει,
1592 2554 1625 2589 ἢν
1651 2554 1666 2580 ὁ
1688 2554 1802 2588 Νύασης

1013 2599 1185 2633 παραδίδωσι
1200 2599 1249 2626 καὶ
1265 2599 1328 2634 μετ’
1345 2599 1429 2626 αὐτοῦ
1450 2599 1553 2631 πάντες
1564 2599 1590 2625 οι
1606 2599 1739 2632 θεολόγον
1752 2599 1802 2625 καὶ

1012 2647 1104 2682 τριτον
1119 2646 1173 2674 ἀπὸ
1188 2646 1234 2672 τοῦ
1251 2645 1358 2680 Πατρδς
1370 2645 1401 2672 τδ
1414 2645 1527 2680 Πνεῦμα
1543 2645 1574 2672 τὸ
1588 2645 1667 2679 ἅγιον
1679 2646 1711 2680 τῇ
1723 2644 1801 2677 τάξει

1012 2693 1083 2720 κατὰ
1106 2692 1152 2718 τὸν
1179 2691 1267 2727 μέγαν
1285 2691 1431 2718 Βασίλειον
1446 2690 1606 2725 διορίζεται.
1627 2691 1682 2718 Καὶ
1698 2690 1752 2726 μὴν
1767 2690 1802 2717 οὐ

1014 2739 1105 2774 μόνον,
1130 2737 1168 2770 ὣς
1189 2746 1263 2769 τινες
1279 2737 1482 2773 ἐκλαμϐάνουσι
1502 2737 1552 2772 τὴν
1572 2737 1655 2769 λέξιν,
1678 2736 1800 2768 ἐναντίος

1012 2785 1046 2811 ἂν
1061 2786 1075 2811 ὁ
1099 2784 1261 2816 διδάσκαλος
1275 2783 1366 2818 ἑαυτῷ
1385 2784 1440 2818 εἴη,
1463 2783 1532 2810 ἀλλὰ
1549 2785 1597 2810 καὶ
1610 2784 1667 2815 τοῖς
1681 2782 1735 2817 πρδ
1748 2783 1801 2808 αὑ-

1011 2827 1058 2856 τοῦ
1084 2829 1264 2861 διδασκάλοις.
1281 2828 1314 2856 Οῑ
1334 2829 1382 2864 μὲν
1397 2829 1461 2865 γὰρ,
1481 2837 1491 2855 ι
1518 2829 1565 2856 Ἐκ
1586 2828 1633 2855 τοῦ
1646 2827 1712 2855 Υἱοῦ
1727 2828 1801 2860 ἐστι,
