1942 3091
139 113 194 146 9Ξ9

603 119 653 148 DE
674 119 932 149 PROCESSIONE
953 119 1129 151 SPIRITUS
1150 119 1294 150 SANCTI.

1705 123 1758 155 930

141 175 206 207 φασὶ
222 193 229 205 ,
254 173 302 200 καὶ
322 172 352 200 ἐκ
379 173 427 207 τῆς
458 175 552 208 οὐσίας
580 176 684 208 αὑτοῦ,
713 178 759 204 καὶ
790 178 819 210 ἐξ
841 177 914 204 αὺτοὶ

976 178 1107 206 Basiliam
1121 180 1308 207 constituitur.
1324 181 1357 208 Et
1373 184 1503 215 praeterea
1522 189 1576 208 non
1591 187 1708 215 tantum,
1728 189 1758 212 ut

139 219 271 253 πρόεισιν·
290 228 299 245 ι
317 219 424 246 ὁδόὒκ
438 217 508 248 εἶναι
526 222 558 248 ἐκ
580 223 626 249 τοῦ
643 223 718 255 Υἱοῦ,
733 223 795 250 οὐδὲ
824 225 855 250 ἐκ
873 225 919 258 τῆς

139 264 233 296 οὐσίας
257 265 351 298 αὑτοῦ,
380 266 437 292 οὐδ’
456 266 486 299 ἐξ
510 268 595 294 αὑτοῦ
621 269 756 302 προϊέναι.
777 269 870 296 Ταῦτα
891 269 918 295 δὲ

139 310 365 345 ὁμολογουμένως
377 311 531 345 ἀντίφασις.
555 312 600 345 Ἐξ
616 310 652 339 ὧν
667 313 763 340 ἕπεται
787 314 803 349 ἢ
826 314 920 340 τοῦτον

141 356 219 391 μόνον
235 356 394 383 διδάσκαλον
414 357 558 392 ὁμολογεῖν
586 357 656 385 εἶναι
673 360 722 394 τῆς
742 359 918 394 Ἐκκλησίας,

138 403 185 427 καὶ
197 401 255 436 ἅμα
267 402 345 435 ἅγιον
359 403 532 437 ἀποφαίνειν,
547 405 739 440 ἀμελουμένων
752 407 805 432 τῶν
821 406 918 437 ἄλλων,

138 447 209 473 ὀκνῶ
225 448 280 482 γὰρ
293 449 541 484 ἀπορριπτομένων
558 450 658 482 εἰπεῖν,
670 451 686 484 ἦ
703 450 734 478 τὸ
754 451 853 486 πλῆθος
872 452 921 478 καὶ

139 494 167 519 τὺ
181 493 325 528 πρεσεεῖον
343 495 519 530 αἰδουμένους
531 496 652 528 ἐκείνων,
669 497 705 531 μὴ
720 498 920 532 παραδέχεσθαι

138 539 240 566 τοῦτον.
265 539 345 566 Ἀλλά
370 541 448 567 τοῦτο
464 541 576 568 ἇτοποψ
599 542 651 576 χρὴ
667 542 720 578 γὰρ
737 542 860 569 ἆπανταε
876 544 920 569 εὑ-

138 584 228 616 λαῦῶς
253 586 326 621 ἡμᾶς
345 586 510 621 δεχομένους
534 588 579 614 καὶ
597 588 759 623 σεϐομένους
771 609 778 620 ,
795 589 832 619 ὡς
849 589 920 624 ὑπὲρ

138 630 185 663 τῆς
211 630 292 665 ἡμῶν
316 632 455 667 σωτηρίας
473 633 526 658 ὑπὸ
540 633 587 659 τοῦ
603 633 670 660 Θεοῦ
686 634 918 669 ἐμπνευσοέντας,

138 675 166 706 ὃς
192 676 240 702 οὐκ
267 675 300 702 ἂν
321 677 460 712 ὴθὲληπεν,
475 677 575 710 ἀγαθὸς
590 677 638 712 ὢν,
661 679 705 705 διὰ
726 680 830 706 τούτων
856 680 919 712 τοὺς

91 736 94 737 ν
138 719 252 756 ὕστερον
276 722 396 757 ἀπατᾷν,
419 721 467 754 οὓς
494 723 626 750 ἐϐούλετο
643 724 710 760 πρὸς
725 725 775 759 τὴν
790 725 919 760 ἀλήθειαν

138 766 267 800 ἀνάγειν·
297 768 352 803 χρὴ
374 768 464 795 τοίνυν
483 768 554 795 οὕτω
580 770 615 796 τὰ
634 770 745 796 ἐκείνων
762 770 918 804 ἐξηγεῖσθ;.ι

139 811 300 845 πειρᾶσθαι,
318 811 355 843 ὡς
372 812 405 839 ἂν
420 813 487 848 πρός
507 822 536 839 τε
554 814 668 846 ἑαυτοὺς
683 815 730 841 καὶ
748 815 872 851 ἀλλήλοις
894 817 918 843 ot

971 225 1094 252 nonnulli
1109 226 1246 260 accipiunt
1258 223 1405 254 dictionem
1423 229 1579 255 contrarius
1593 229 1644 256 sibi
1661 229 1757 258 dor-tor

972 275 1055 302 esset.
1072 271 1118 298 sed
1133 276 1160 299 et
1175 272 1334 299 doctoribus
1345 274 1391 307 qui
1405 278 1467 300 ante
1481 274 1570 308 ipsum
1583 276 1754 303 exstiterunt.

971 315 1002 342 Hi
1012 317 1083 344 enim
1093 317 1202 351 quidem
1214 325 1247 345 ex
1256 317 1324 345 Filio
1339 326 1399 345 esse
1414 319 1502 351 aiunt,
1516 325 1543 347 et
1558 328 1590 347 ex
1602 322 1755 349 substantia

970 362 1040 396 ejus,
1048 367 1073 389 et
1082 371 1114 390 ex
1125 363 1183 396 ipso
1194 364 1354 398 procedere;
1368 365 1412 392 ille
1422 374 1487 394 vero
1500 375 1553 393 non
1564 375 1624 395 esse
1631 375 1663 395 ex
1673 367 1754 400 Filio,

972 414 1059 441 neqtte
1074 415 1105 434 ex
1123 408 1274 436 substantia
1287 409 1356 445 ejus,
1375 418 1463 444 neque
1478 411 1511 438 ah
1522 411 1580 446 ipso
1596 413 1754 447 procedere.

970 452 1033 479 llrec
1043 458 1132 480 autem
1146 455 1204 481 sine
1219 456 1405 483 controversia
1420 464 1483 484 sunt
1507 459 1700 486 contradictio.
1715 459 1754 487 Ex

970 497 1070 530 quibus
1080 498 1213 532 sequitur,
1225 500 1267 527 vel
1282 500 1422 527 fatendum
1439 502 1511 529 hunc
1534 503 1620 530 solum
1634 512 1694 531 esse
1709 505 1757 531 do-

970 546 1072 568 ctorem
1083 542 1218 576 Ecclesize,
1227 545 1473 574 etsilnulsauetum
1486 547 1651 579 habendum,
1663 550 1756 583 uegie—

969 586 1021 614 ctis
1031 588 1101 618 aliis.
1111 596 1209 615 vereor
1217 590 1288 616 enim
1303 592 1410 625 rejectis
1419 593 1508 619 dicere
1520 603 1527 624 ;
1537 594 1578 620 vel
1588 595 1755 622 multitudini

969 637 996 659 et
1011 634 1166 668 antiquitati
1187 635 1293 662 ill-.trum
1304 639 1459 671 praestando
1471 640 1662 670 reverentiam,
1679 641 1753 668 hune

971 686 1020 705 nou
1031 686 1092 706 esse
1101 680 1295 715 recipiendum.
1306 683 1358 710 Sed
1368 684 1418 711 hoe
1426 685 1574 712 absurdum
1585 686 1754 720 est.0portet

969 724 1042 751 enim
1053 732 1147 753 omnes
1161 733 1319 755 reverenter
1336 730 1470 763 recipere,
1490 738 1521 757 ac
1537 732 1673 764 venerari,
1692 735 1753 759 tan-

970 777 1051 803 quam
1064 772 1164 805 eosqui
1183 779 1196 798 a
1209 772 1262 800 lteo
1278 781 1325 808 pro
1343 775 1428 801 salute
1445 781 1536 803 nostra
1547 777 1649 804 fuerint
1668 778 1755 813 inspi-

970 816 1032 842 rati.
1045 815 1095 848 Qui
1109 821 1183 844 certe
1196 826 1257 845 eum
1275 819 1310 845 sit
1323 819 1420 854 bonus,
1433 829 1481 856 per
1497 830 1544 849 eos
1556 825 1650 857 uthue
1667 824 1756 851 noluit

137 856 294 883 διδάσκαλοι
317 858 503 892 συμφωνῶσι·
520 858 568 886 καὶ
595 859 711 895 μάλιστα
724 861 772 887 ἐπὶ
794 861 842 887 τοῦ
863 862 914 888 vuv‘

973 862 1141 896 posteriores
1159 863 1296 898 decipere,
1324 873 1394 900 quos
1418 867 1528 895 volebat
1551 869 1584 895 ad
1607 856 1753 897 veritatem

137 903 333 938 προκειμένου,
348 904 392 938 ἐφ’
404 900 436 931 οὗ
456 904 523 931 πολὺ
545 905 576 931 τδ
590 906 638 940 τῆς
652 906 816 940 φιλονεικίας
835 909 920 942 προὺ-

136 948 273 983 χώρησεν.
290 949 379 985 ὀπερ
407 950 457 976 οὐκ
479 949 512 976 ἂν
541 950 630 982 ἄλλως
659 953 855 988 συμφωνηθείη
873 955 920 980 καὶ

137 994 252 1026 σώζοιτο
279 996 352 1029 μετὰ
369 997 479 1024 πάντων
492 1000 539 1026 καὶ.
553 1000 597 1026 διὰ
612 1000 731 1034 πάντων,
744 1001 768 1027 εί
781 1001 818 1037 μὴ
831 1002 920 1036 λέγοι-

137 1047 188 1073 μεν
209 1039 404 1074 ἀσφαλέστατα
421 1043 469 1078 τὴν
484 1043 534 1078 μὲν
554 1044 588 1071 ἐκ
603 1046 650 1071 ἐπὶ
668 1046 715 1072 τοῦ
735 1046 799 1073 Υίοῠ
813 1047 851 1081 τῷ
866 1048 920 1074 Δα-

136 1085 269 1121 μασκηνῷ
286 1087 323 1122 μὴ
341 1088 565 1124 παραληφθῆναι,
585 1089 628 1116 ha.
645 1091 683 1126 μὴ
697 1091 713 1126 ἢ
728 1091 758 1118 ἓν
773 1093 920 1127 πρόσωπον

134 1130 149 1156 6
169 1131 263 1166 Πατὴρ
290 1133 336 1159 καὶ
358 1134 372 1159 6
394 1133 457 1165 Υιὺς
485 1134 687 1170 ὑποπτευθείη,
714 1137 759 1163 διὰ
786 1137 834 1172 τὴν
865 1138 920 1165 τῶν

135 1176 291 1210 προθέσεων
314 1177 481 1213 ὁμοιότητα·
516 1178 532 1214 ἢ
563 1179 601 1215 μὴ
629 1179 694 1215 δοκῇ
717 1179 800 1215 μηδὲν
823 1180 918 1207 ἑαυτοῦ

135 1221 384 1256 προεπινοούμενον
400 1223 414 1249 6
432 1223 497 1255 Υἱὸς
512 1223 595 1260 ἐχειν,
606 1224 701 1260 ὥσπερ
719 1226 768 1252 καὶ
782 1226 796 1252 6
813 1227 918 1261 Πατὴρ,

134 1267 182 1293 καὶ
197 1267 282 1294 τᾶλλα
310 1269 361 1294 ὅσα
377 1270 533 1304 πρόκειται·
550 1271 599 1304 τὴν
620 1270 649 1297 δὲ
673 1271 721 1298 διὰ
736 1272 785 1298 καὶ
801 1272 919 1305 μάλιστα

134 1312 279 1346 δέξασθαι,
293 1314 334 1341 δτι
350 1315 400 1351 τὴν
415 1315 492 1348 τάξιν
511 1316 577 1351 ἡμῖν
597 1316 651 1343 τῶν
667 1317 821 1349 προσώπων
846 1318 914 1352 μετὰ

132 1359 183 1394 τῆς
206 1360 327 1392 Μονάδος
352 1359 503 1398 παρίστησι
527 1362 572 1389 διὰ
596 1362 647 1399 τὴν
665 1363 767 1398 ἑαυτῆς
787 1363 917 1398 ἰδιότητα.

138 1406 214 1433 Ἐπεὶ
241 1407 310 1442 μετὰ
331 1408 382 1442 τῆς
410 1409 531 1442 Μονάδος
559 1413 606 1437 καὶ
629 1411 679 1446 τὴν
694 1412 748 1438 τῶν
764 1411 919 1447 προσώπων

131 1451 268 1487 διάκρισιν
282 1453 424 1488 ὁμολογεῖν
442 1455 587 1490 ὀφείλομεν
603 1457 674 1483 κατὰ
688 1457 738 1491 τὴν
770 1457 919 1492 παραδεδο-

133 1497 220 1531 μένην
235 1498 302 1532 ἡμῖν
318 1499 418 1527 πίστιν.
435 1500 469 1526 ’Δ
486 1500 519 1535 δὴ
534 1501 580 1528 καὶ
596 1502 679 1536 ἄμφω
701 1503 730 1528 τὸ
745 1503 776 1528 ἐκ
796 1502 842 1529 τοῦ
863 1503 919 1529 Πα-
932 1519 954 1549 C

132 1544 195 1578 τρὺς
205 1543 239 1570 δι’
250 1544 315 1570 Υίοῦ
330 1545 460 1579 λέγεσθαι
480 1547 510 1573 τὺ
527 1547 604 1581 ἅγιον
617 1548 817 1583 ἐκπορεύεσθαι
833 1549 917 1575 [1νεῦ-

134 1598 172 1624 μα
186 1590 342 1625 ἐμφανίζει·
359 1591 390 1618 τὸ
406 1591 428 1618 δ’
442 1592 474 1618 ἑκ
488 1591 535 1618 τοῦ
544 1592 610 1620 Υῑοῢ
624 1593 749 1627 λέγεσθαι
765 1594 794 1620 οὗ
810 1594 895 1628 δήπου
907 1602 914 1609 ·

135 1633 256 1670 Ἤρεσεν
281 1633 328 1662 οὖν
355 1637 430 1672 αὐτῷ
448 1637 551 1673 μᾶλλον
567 1638 617 1673 ¹τὴν
639 1639 708 1673 μετὰ
733 1639 782 1673 τῆς
795 1639 916 1671 Μονάδος

132 1681 181 1706 καὶ
218 1680 268 1716 τὴν
295 1681 433 1717 διάκρισιν
463 1683 650 1718 ἐμφαίνουσαν
674 1684 724 1711 διὰ
745 1685 916 1720 παραλαϐεῖν

131 1726 259 1761 πρόθεσιν
273 1727 289 1762 ἢ
307 1727 356 1763 τὴν
367 1728 402 1755 ἐκ
415 1729 507 1756 αἰτίαν
520 1730 601 1764 μόνον
614 1731 661 1756 καὶ
672 1731 703 1756 οὺ
715 1731 852 1765 διάκρισιν
868 1731 916 1767 δη-

130 1771 240 1800 λοῦσαν.
257 1770 340 1799 Ὥστε
364 1775 493 1809 τοιαύτην
521 1774 612 1810 πηγὴν
633 1777 646 1802 6
665 1777 846 1811 Δαμασκηνὸς
868 1777 915 1804 ἐπὶ

129 1817 177 1843 τοῦ
194 1817 258 1844 Υίοΰ
285 1819 458 1855 ἀπαρνεῖται,
490 1820 550 1846 οἵαν
570 1821 584 1847 6
607 1821 694 1856 μέγας
711 1821 846 1853 Διονύσιος
868 1823 914 1849 ἐπὶ

129 1864 177 1890 τοῦ
195 1865 302 1899 Πατρὺς
329 1865 420 1900 τίθησι
453 1866 537 1901 μόνην
562 1867 653 1902 πηγὴν
677 1867 726 1902 τῆς
750 1868 912 1903 ὑπερουσίου

130 1912 255 1948 θεότητος
273 1914 355 1940 αὐτὸν
370 1914 467 1940 είπςῦν.
495 1915 622 1942 Τοιοῦτον
643 1915 670 1942 δὲ
686 1916 771 1943 αἴτιον
788 1917 833 1942 τοῦ
849 1915 912 1942 Υίοῦ

128 1960 296 1994 ἀφαιρεῖται,
317 1961 407 1987 ὁποῖον
425 1961 438 1986 6
462 1961 641 1995 Αὐγουστίνος
656 1961 702 1987 τὸν
718 1961 826 1996 Πατέρα
848 1961 911 1996 ἔφη,

126 2003 241 2038 ἀρχικὸν
266 2004 354 2030 αἴτιον
376 2003 459 2029 αὑτὸν
479 2004 636 2040 προσειπὼν
649 2012 655 2019 ·
672 2005 713 2031 δτι
729 2005 778 2040 μὲν
795 2005 849 2040 γὰρ
865 2006 911 2032 καὶ

126 2051 140 2075 ὁ
156 2050 219 2080 Υἱὸς
239 2049 314 2085 πηγὴ
339 2048 386 2076 τοῦ
410 2049 489 2083 ἁγίου
504 2050 663 2085 Πνεύματις
677 2050 798 2085 λέγεται,
812 2051 911 2077 πολλα-

125 2093 206 2129 χέθεν
223 2096 297 2129 παρὰ
321 2094 375 2120 τῶν
400 2094 567 2121 διδασκάλων
583 2095 691 2129 ἔχομεν·
709 2095 767 2122 ἀλλ’
784 2097 846 2121 ἐπεὶ
863 2095 909 2122 τοῦ

131 2138 199 2164 Υἱοῦ
217 2139 231 2165 6
251 2139 346 2173 Πατὴρ
364 2140 579 2174 προεπινοείται,
591 2139 638 2165 τοῦ
653 2139 682 2166 δὲ
697 2140 802 2174 Πατρὸ;
820 2140 908 2173 οὐδὲν,

970 906 1114 934 adducere.
1137 908 1252 943 Oportet
1275 911 1358 946 igitur
1372 912 1413 940 sic
1427 920 1521 941 eorum
1541 915 1642 950 scripta
1660 917 1752 944 conari

969 959 1117 987 exponere,
1136 959 1165 981 ut
1182 960 1210 982 et
1233 957 1407 992 sibimetipsi,
1431 962 1458 985 et
1476 959 1548 986 inter
1566 967 1596 988 se
1627 961 1754 989 doctotcs

970 999 1146 1030 conveniant:
1170 1002 1319 1034 przcsertim
1339 1003 1365 1029 in
1383 1004 1513 1037 praesenti
1531 1006 1673 1039 proposito
1688 1006 1755 1041 dog-

970 1045 1052 1073 mate,
1067 1042 1093 1069 in
1105 1045 1256 1077 quo,multa
1268 1047 1412 1074 contentio
1427 1047 1520 1075 habita
1532 1053 1583 1075 est.
1599 1049 1675 1081 Quod
1688 1058 1753 1077 sane

970 1088 1050 1114 aliter
1065 1095 1126 1115 cum
1148 1090 1279 1117 omnibus
1303 1097 1330 1118 et
1353 1100 1400 1126 per
1417 1093 1510 1120 omnia
1525 1095 1682 1122 concordari
1699 1104 1753 1123 non

970 1138 1073 1168 posset,
1091 1135 1142 1161 nisi
1170 1135 1326 1164 firmissime
1342 1138 1505 1172 dixerimus,
1532 1141 1752 1176 praepositionem

970 1187 1002 1205 ex
1026 1187 1041 1206 a
1058 1180 1227 1208 Damasceno
1245 1181 1271 1208 in
1297 1183 1367 1211 Filio
1393 1192 1446 1211 non
1471 1193 1531 1213 esse
1546 1191 1698 1221 acceptam,
1719 1196 1753 1215 ne

969 1226 1012 1252 vel
1029 1233 1108 1252 unam
1123 1234 1266 1261 personam
1286 1228 1393 1257 Patrem
1411 1235 1438 1257 et
1451 1229 1550 1258 Filium
1564 1239 1624 1259 esse
1642 1238 1753 1267 propter

969 1271 1178 1300 similitudinem
1192 1275 1414 1309 praapositionum
1438 1277 1537 1312 aliquis
1550 1278 1752 1312 suspicaretur;
1773 1282 1778 1292 ‘

969 1317 1011 1344 vel
1037 1325 1071 1344 ne
1092 1318 1220 1346 videatur
1237 1319 1322 1347 Filius
1339 1325 1368 1348 ut
1384 1321 1476 1354 Pater,
1502 1323 1569 1350 nihil
1587 1324 1639 1351 sibi
1656 1325 1754 1359 prmiu-

970 1362 1109 1390 telleetum
1121 1363 1234 1398 habere,
1253 1371 1281 1393 et
1296 1374 1330 1394 ne
1346 1372 1529 1402 sequerentur
1543 1369 1595 1396 alia
1608 1377 1667 1404 quae
1680 1370 1752 1398 dicta

969 1411 1042 1434 sunt.
1059 1407 1283 1442 Praepositionem
1300 1414 1392 1437 autem
1406 1419 1452 1445 per
1469 1412 1640 1446 potissimum
1658 1413 1754 1441 Dama-

969 1460 1080 1479 scenum
1093 1455 1269 1488 approbasse,
1282 1455 1355 1490 quod
1365 1457 1488 1484 ordinem
1501 1466 1678 1492 personarum
1688 1468 1750 1486 eum

971 1499 1086 1525 monade
1098 1499 1177 1526 nobis
1192 1499 1327 1534 exprimat
1339 1501 1375 1527 ob
1388 1501 1447 1536 ejus
1461 1502 1666 1536 proprietatem.
1679 1504 1752 1537 Quo-

970 1542 1042 1568 niam
1061 1550 1122 1569 eum
1145 1543 1262 1570 monade
1278 1551 1457 1578 personarum
1474 1552 1583 1580 quoque
1597 1547 1751 1575 distinctio-

967 1595 1029 1614 nem
1056 1587 1182 1615 confiteri
1205 1589 1349 1621 debemus,
1364 1592 1514 1617 secundum
1532 1592 1655 1619 traditam
1671 1593 1752 1621 nobis

967 1633 1060 1661 ﬁdem.
1079 1634 1144 1666 Quae
1159 1642 1224 1661 sane
1243 1635 1323 1662 ambo
1338 1635 1405 1662 illud
1422 1636 1534 1668 indicat.
1550 1637 1603 1664 dici
1616 1637 1748 1672 Spiritum

966 1683 1089 1707 sanctum
1106 1688 1139 1707 ex
1166 1680 1244 1708 Patre
1264 1688 1312 1715 per
1325 1680 1425 1708 Filium
1442 1683 1605 1716 procedere;
1631 1689 1665 1710 'ex
1681 1685 1750 1711 Filio

965 1729 1057 1752 autem
1069 1725 1134 1758 dici,
1153 1733 1252 1760 nempe
1268 1726 1391 1754 minime.
1411 1727 1517 1755 Placuit
1533 1728 1614 1763 igitur
1629 1729 1678 1764 ipsi
1694 1738 1749 1756 nia-

965 1770 1006 1805 gis
1021 1770 1242 1804 prtepositionem
1260 1779 1305 1804 per
1329 1779 1447 1802 sumere.
1468 1780 1529 1807 qua:
1554 1781 1615 1800 eum
1632 1775 1749 1802 monade

964 1816 1167 1844 distinctionem
1184 1816 1298 1847 iudicat.
1315 1824 1395 1851 quam
1421 1825 1462 1849 ex,
1479 1825 1541 1852 qua:
1564 1823 1669 1845 tantum
1683 1827 1747 1846 cau-

964 1869 1033 1896 sam,
1052 1866 1079 1889 et
1099 1870 1152 1889 non
1171 1861 1378 1890 distinctionem
1394 1863 1541 1898 signiﬁcat.
1560 1864 1654 1899 itaque
1666 1866 1746 1892 talem

963 1910 1066 1935 fontem
1084 1908 1267 1936 Damascenus
1283 1909 1309 1935 in
1322 1908 1391 1936 Filio
1401 1915 1493 1945 negat,
1511 1910 1618 1945 qualem
1632 1918 1747 1946 magnus

964 1954 1110 1989 Dionysius
1122 1955 1148 1981 in
1169 1954 1247 1982 Patre
1264 1955 1417 1988 constituit,
1433 1956 1521 1982 solum
1536 1956 1638 1984 fontem
1651 1965 1746 1992 super-

963 1999 1151 2027 substantialis
1167 2000 1282 2028 Deitatis
1303 2001 1391 2034 ipsum
1408 2002 1566 2036 appellans:
1583 2002 1663 2030 talem
1681 2010 1746 2030 cau-

963 2053 1019 2072 sam
1040 2045 1109 2073 Filio
1131 2046 1236 2078 adimit,
1262 2047 1369 2081 qualetn
1387 2047 1555 2082 Augustinus
1571 2048 1677 2075 Patrem
1704 2056 1748 2075 as-

961 2091 1038 2123 serit,
1066 2092 1245 2126 principalem
1271 2100 1382 2120 causam
1409 2093 1497 2128 ipsum
1526 2101 1636 2121 vocans.
1668 2093 1745 2128 Quod

960 2137 1034 2164 enitn
1058 2137 1139 2164 etiam
1171 2136 1257 2164 Filius
1282 2137 1343 2164 fons
1372 2137 1481 2164 dicatur
1501 2138 1621 2172 Spiritus
1645 2139 1745 2171 sant-ti,

127 2185 209 2215 αὐτός
225 2193 254 2210 τε
276 2185 304 2217 ἐξ
330 2185 436 2211 ἐκείνου
456 2185 564 2218 λέγεται
581 2183 660 2217 εῖναι,
676 2186 723 2212 καὶ
741 2187 809 2220 πρὸς
826 2187 909 2213 αὑτὸν

965 2183 1056 2210 multis
1073 2191 1106 2209 ex
1124 2184 1190 2210 locis
1214 2185 1357 2220 doctorum
1379 2184 1521 2211 habemus.
1544 2184 1596 2211 Sed
1613 2185 1742 2218 quoniam

125 2230 302 2264 ἀναφέρεται,
319 2231 367 2257 καὶ
380 2231 433 2257 πᾶν
448 2231 478 2257 τὸ
499 2230 565 2266 παρ’
576 2231 661 2257 αὑτοῦ
677 2231 823 2266 λεγόμενον
838 2230 908 2259 εἶναι

126 2277 196 2310 πρὸς
225 2277 275 2312 τὴν
299 2277 411 2312 πρώτην
439 2277 529 2303 αίτίαν
543 2277 593 2312 τὴν
610 2278 750 2312 ἀναφορὰν
767 2278 823 2313 ἔχει
838 2279 909 2304 κατὰ

123 2322 171 2349 τὸν
186 2323 273 2356 μέγαν
284 2322 422 2349 Βασίλειον
436 2323 464 2349 ἐν
478 2323 534 2354 τοῖς
559 2322 784 2359 ’Λντιρῤητικοῖ;·
803 2323 863 2349 καθ’
881 2324 909 2349 ὃν

123 2368 226 2402 τρόπον
249 2369 296 2394 καὶ
322 2369 394 2403 ῥίζα,
414 2369 461 2394 καὶ
489 2368 585 2403 πηγὴ,
611 2370 658 2394 καὶ
687 2369 767 2403 μόνος
791 2369 876 2400 αἴτιος
895 2369 909 2395 6

125 2414 221 2449 Πατὴρ
233 2414 336 2440 δύναιτ’
351 2414 384 2441 ἂν
399 2414 526 2449 ῥηθῆναι,
543 2414 587 2440 ἴνα
605 2415 635 2441 τὸ
653 2414 683 2446 ἐξ
695 2412 725 2441 οὗ
741 2415 845 2450 δειχθῇ,
862 2415 909 2441 καὶ

125 2461 166 2496 μὴ
181 2462 255 2495 τρεῖς
279 2460 295 2496 ἢ
319 2460 365 2487 δύο
390 2460 474 2496 ἁρχαὶ
498 2460 636 2492 πολυθέως
652 2460 852 2496 παραδεχθῶσι·
869 2461 909 2487 δ.ὸ

123 2508 173 2532 καὶ
192 2506 311 2541 εἴρηται,
325 2516 333 2531 t
350 2506 393 2532 Ζῶ
407 2506 460 2539 ἐγὼ
476 2506 519 2533 διὰ
531 2506 576 2533 τὸν
590 2506 708 2542 Πατέρα,
722 2516 730 2531 ι
746 2508 803 2538 καὶ,
818 2516 826 2532 ι
841 2506 908 2541 Περὶ

122 2553 174 2587 τῆς
205 2551 277 2587 ὥρας
300 2553 407 2587 ἐκείνης
436 2553 523 2584 οὐδεὶς
550 2549 635 2584 οἶδεν,
664 2553 724 2579 οὐδέ
749 2554 763 2578 ὁ
789 2552 867 2583 Υἱὸς,
894 2561 903 2577 ι

123 2599 182 2631 καὶ,
194 2607 205 2624 ι
216 2598 402 2633 Ἀπ’ἑμαυτοῦ
415 2599 483 2625 ποιῶ
492 2597 581 2631 οὐδὲν,
592 2608 601 2624 ι
613 2598 670 2631 καὶ,
683 2608 691 2624 ι
704 2598 803 2630 Καθὼς
815 2597 907 2625 ἀκούω

121 2645 219 2679 κρίνω,
244 2654 253 2670 ›
267 2645 324 2676 καὶ,
337 2653 346 2670 ι
363 2644 396 2670 ἸΙ
413 2644 466 2678 ἐμὴ
480 2644 574 2679 διδαχὴ
584 2644 634 2670 οὐκ
649 2644 722 2670 ἐστιν
739 2644 803 2679 ἐμὴ,
820 2653 830 2670 ›
845 2644 904 2676 καὶ,

125 2700 134 2716 ι
155 2691 184 2717 ὐ
197 2691 291 2725 Πατήρ
307 2699 356 2725 μου
371 2690 471 2725 μείζων
486 2690 537 2724 μού
550 2691 624 2717 ἐστιν
634 2698 641 2706 ·
656 2699 665 2716 ι
678 2691 724 2716 καὶ
741 2690 768 2716 εί
778 2698 803 2716 τι
815 2689 903 2716 τοιοῦ-

119 2744 168 2763 τον
181 2737 287 2771 εἴρηται
300 2736 374 2771 αὐτῷ
388 2737 455 2772 πρὸς
469 2736 515 2762 τὸν
531 2736 639 2770 Πατέρα
660 2736 748 2763 πάντα
763 2735 903 2768 ἀνάγοντι.

121 2782 205 2808 Ὅθεν
221 2783 269 2809 καὶ
291 2784 304 2809 6
330 2783 417 2817 μέγας
435 2783 503 2818 φησὶ
529 2782 681 2814 Βααίλειος,
700 2791 708 2807 ι
735 2781 766 2807 'H
791 2780 840 2807 δ.ὰ
855 2780 904 2807 οὐκ

119 2827 216 2854 ἄτονον
240 2827 287 2854 τοῦ
313 2827 377 2854 Υἰοῦ
401 2829 549 2863 παρίστησι
573 2827 622 2862 τὴν
646 2827 805 2862 ἐνέργειαν,
836 2825 910 2852 ἀλλέί

960 2229 1029 2256 Fdio
1043 2229 1121 2256 Pater
1137 2229 1367 2264 praginteliigitur,
1383 2229 1455 2256 Patri
1469 2234 1560 2256 autem
1576 2221 1657 2262 nihil,
1674 2230 1746 2264 ipsu-

959 2284 1013 2310 que
1028 2275 1113 2303 Filius
1129 2275 1162 2303 ab
1179 2283 1213 2302 eo
1230 2275 1333 2303 dicitur
1345 2283 1422 2309 esse;
1439 2281 1466 2302 et
1483 2275 1516 2302 ad
1534 2284 1596 2303 eum
1616 2276 1744 2308 refertur,

959 2327 987 2349 et
1002 2330 1083 2349 omne
1098 2321 1170 2357 quod
1189 2322 1222 2348 ab
1239 2322 1298 2356 ipso
1315 2321 1410 2357 (Filio)
1427 2321 1529 2349 dicitur
1546 2329 1617 2354 esse,
1638 2322 1670 2349 ad
1689 2323 1747 2357 pri-

959 2376 1029 2395 mam
1044 2376 1153 2395 causam
1169 2368 1328 2395 relationem
1344 2368 1426 2395 habet
1437 2369 1587 2395 secundum
1615 2375 1744 2404 magnum

958 2414 1089 2441 Basilium
1111 2414 1138 2440 in
1164 2413 1243 2441 libris
1259 2414 1469 2448 confutatoriis;
1491 2415 1567 2450 juxta
1584 2423 1665 2450 quem
1683 2423 1743 2442 mo-

957 2460 1021 2486 dum
1039 2459 1122 2486 etiam
1152 2457 1241 2490 radix,
1269 2463 1297 2485 et
1324 2458 1396 2491 fons,
1417 2463 1445 2485 ct
1472 2458 1546 2486 solus
1564 2467 1644 2487 causa
1663 2460 1744 2487 Pater

957 2505 1011 2532 diei
1033 2508 1136 2539 pOSSct,
1162 2509 1192 2532 ut
1212 2503 1278 2531 illud
1304 2511 1336 2531 ex
1354 2511 1409 2538 quo
1434 2504 1603 2536 ostendatur,
1632 2510 1659 2532 et
1686 2513 1742 2532 non

958 2552 1021 2583 tria,
1046 2550 1088 2577 vel
1115 2550 1170 2577 duo
1187 2550 1326 2585 principia
1350 2550 1436 2577 instar
1462 2550 1609 2577 multorttm
1626 2552 1739 2578 deorum

955 2597 1156 2630 adtoiltantur;
1173 2596 1277 2624 ideirco
1293 2596 1374 2623 etiam
1390 2596 1492 2623 dictum
1512 2601 1563 2628 est,
1584 2606 1592 2622 ι
1608 2596 1676 2624 Vivo
1689 2606 1743 2632 ego

955 2647 1068 2678 propter
1078 2642 1197 2675 Patrem,
1214 2651 1222 2668 ι
1237 2648 1281 2670 et:
1302 2652 1311 2668 ‹
1328 2642 1364 2670 De
1376 2642 1421 2669 illa
1439 2643 1504 2668 liora
1518 2650 1598 2669 nemo
1616 2642 1679 2673 scit.
1692 2651 1741 2670 ne-

954 2696 1007 2724 que
1019 2689 1114 2720 Filius,
1129 2698 1137 2714 ι
1153 2693 1198 2716 et:
1213 2698 1221 2714 ι
1235 2688 1257 2715 Α
1269 2696 1310 2715 me
1322 2689 1381 2722 ipso
1389 2688 1457 2715 nihil
1470 2687 1566 2717 facio,»
1579 2692 1605 2715 et
1619 2696 1625 2715 :
1642 2698 1650 2712 ι
1664 2688 1742 2715 Sirut

955 2733 1046 2766 audio,
1060 2733 1165 2768 judico,
1183 2742 1190 2758 ι
1211 2738 1253 2760 et:
1273 2742 1281 2758 ι
1297 2733 1354 2759 Mea
1373 2732 1498 2759 doctrina
1516 2739 1622 2760 nonest
1639 2741 1712 2760 mea.
1727 2743 1736 2758 ι

953 2784 998 2806 et:
1026 2789 1034 2804 ι
1051 2779 1132 2806 Pater
1148 2786 1225 2806 meus
1239 2779 1326 2814 major
1341 2786 1383 2805 me
1399 2782 1460 2808 est;
1476 2788 1485 2803 ι
1504 2783 1530 2805 et
1545 2779 1565 2805 si
1584 2779 1647 2813 quid
1664 2780 1741 2813 ejus-

954 2824 1027 2852 modi
1043 2825 1077 2852 ab
1089 2832 1122 2852 co
1138 2824 1242 2852 dictum
1253 2828 1307 2856 est,
1319 2823 1351 2851 ad
1365 2823 1471 2851 Patrem
1486 2824 1577 2851 omnia
1590 2823 1733 2857 referente,
