  <div class='ocr_page' id='page_1' title='image "/cluster/home/n/w/nwhite01/storage/ocr_20150623/154/njp.32101010943486/481.png"; bbox 0 0 1942 3091; ppageno 0'>
   <div class='ocr_carea' id='block_1_1' title="bbox 185 142 236 172">
    <p class='ocr_par' dir='ltr' id='par_1_1' title="bbox 185 142 236 172">
     <span class='ocr_line' id='line_1_1' title="bbox 185 142 236 172; baseline 0.02 -1"><span class='ocrx_word' id='word_1_1' title='bbox 185 142 236 172; x_wconf 66' lang='lat'><strong>931</strong></span> 
     </span>
    </p>
   </div>
   <div class='ocr_carea' id='block_1_2' title="bbox 824 139 1191 169">
    <p class='ocr_par' dir='ltr' id='par_1_2' title="bbox 824 139 1191 169">
     <span class='ocr_line' id='line_1_2' title="bbox 824 139 1191 169; baseline 0.005 -2"><span class='ocrx_word' id='word_1_2' title='bbox 824 139 1014 168; x_wconf 72' lang='lat' dir='ltr'><strong>DEMETRH</strong></span> <span class='ocrx_word' id='word_1_3' title='bbox 1036 139 1191 169; x_wconf 74' lang='lat' dir='ltr'>CYDONII</span> 
     </span>
    </p>
   </div>
   <div class='ocr_carea' id='block_1_3' title="bbox 184 183 966 220">
    <p class='ocr_par' dir='ltr' id='par_1_3' title="bbox 184 183 964 220">
     <span class='ocr_line' id='line_1_3' title="bbox 184 183 964 220; baseline -0.008 -6"><span class='ocrx_word' id='word_1_4' title='bbox 184 187 261 215; x_wconf 85' lang='lat' dir='ltr'><strong>Unde</strong></span> <span class='ocrx_word' id='word_1_5' title='bbox 273 185 419 220; x_wconf 59' lang='lat' dir='ltr'><strong>etilagnus</strong></span> <span class='ocrx_word' id='word_1_6' title='bbox 433 184 549 211; x_wconf 78' lang='lat' dir='ltr'><strong>Basilius</strong></span> <span class='ocrx_word' id='word_1_7' title='bbox 566 184 618 210; x_wconf 82' lang='lat' dir='ltr'><strong>ait:</strong></span> <span class='ocrx_word' id='word_1_8' title='bbox 637 183 809 218; x_wconf 75' lang='lat' dir='ltr'><strong>tl‘rcrpositio</strong></span> <span class='ocrx_word' id='word_1_9' title='bbox 819 191 864 216; x_wconf 76' lang='lat' dir='ltr'><strong>per</strong></span> <span class='ocrx_word' id='word_1_10' title='bbox 874 191 926 209; x_wconf 90' lang='lat' dir='ltr'><strong>non</strong></span> <span class='ocrx_word' id='word_1_11' title='bbox 948 183 964 209; x_wconf 86' lang='lat' dir='ltr'><strong>it</strong></span> 
     </span>
    </p>
   </div>
   <div class='ocr_carea' id='block_1_4' title="bbox 1019 183 1475 220">
    <p class='ocr_par' dir='ltr' id='par_1_4' title="bbox 1028 185 1475 220">
     <span class='ocr_line' id='line_1_4' title="bbox 1028 185 1475 220; baseline -0.007 -9"><span class='ocrx_word' id='word_1_12' title='bbox 1028 185 1077 218; x_wconf 73' lang='grc' dir='ltr'>τῆς</span> <span class='ocrx_word' id='word_1_13' title='bbox 1113 185 1354 220; x_wconf 64' lang='grc' dir='ltr'>προκαταρκτικῆς</span> <span class='ocrx_word' id='word_1_14' title='bbox 1387 185 1475 215; x_wconf 81' lang='grc' dir='ltr'>οίτί;ις</span> 
     </span>
    </p>
   </div>
   <div class='ocr_carea' id='block_1_5' title="bbox 1754 143 1805 174">
    <p class='ocr_par' dir='ltr' id='par_1_5' title="bbox 1754 143 1805 174">
     <span class='ocr_line' id='line_1_5' title="bbox 1754 143 1805 174; baseline 0.039 -3"><span class='ocrx_word' id='word_1_15' title='bbox 1754 143 1805 174; x_wconf 69' lang='lat'><strong>935&#39;.</strong></span> 
     </span>
    </p>
   </div>
   <div class='ocr_carea' id='block_1_6' title="bbox 1511 184 1801 220">
    <p class='ocr_par' dir='ltr' id='par_1_6' title="bbox 1511 184 1801 220">
     <span class='ocr_line' id='line_1_6' title="bbox 1511 184 1801 220; baseline 0.003 -9"><span class='ocrx_word' id='word_1_16' title='bbox 1511 184 1657 219; x_wconf 73' lang='grc' dir='ltr'><strong>ὁμολογίαν</strong></span> <span class='ocrx_word' id='word_1_17' title='bbox 1691 185 1756 220; x_wconf 76' lang='grc' dir='ltr'>ἔχει.</span> <span class='ocrx_word' id='word_1_18' title='bbox 1792 196 1801 212; x_wconf 73' lang='grc' dir='ltr'><strong>ι</strong></span> 
     </span>
    </p>
   </div>
   <div class='ocr_carea' id='block_1_7' title="bbox 185 229 1798 264">
    <p class='ocr_par' dir='ltr' id='par_1_7' title="bbox 185 229 1798 264">
     <span class='ocr_line' id='line_1_7' title="bbox 185 229 1798 264; baseline -0.001 -5"><span class='ocrx_word' id='word_1_19' title='bbox 185 233 323 259; x_wconf 73' lang='lat' dir='ltr'><strong>etlicacem</strong></span> <span class='ocrx_word' id='word_1_20' title='bbox 333 230 393 257; x_wconf 82' lang='lat' dir='ltr'><strong>Filii</strong></span> <span class='ocrx_word' id='word_1_21' title='bbox 402 229 589 264; x_wconf 85' lang='lat' dir='ltr'><strong>operationem</strong></span> <span class='ocrx_word' id='word_1_22' title='bbox 599 229 738 263; x_wconf 81' lang='lat' dir='ltr'><strong>exprimit,</strong></span> <span class='ocrx_word' id='word_1_23' title='bbox 749 236 770 255; x_wconf 87' lang='lat' dir='ltr'><strong>St</strong></span> <span class='ocrx_word' id='word_1_24' title='bbox 779 229 794 254; x_wconf 80' lang='grc' dir='ltr'>ι]</span> <span class='ocrx_word' id='word_1_25' title='bbox 808 229 1024 262; x_wconf 69' lang='lat' dir='ltr'><strong>procatareticw.</strong></span> <span class='ocrx_word' id='word_1_26' title='bbox 1044 232 1094 256; x_wconf 78' lang='lat' dir='ltr'><strong>hoc</strong></span> <span class='ocrx_word' id='word_1_27' title='bbox 1108 235 1161 260; x_wconf 74' lang='lat' dir='ltr'><strong>est,</strong></span> <span class='ocrx_word' id='word_1_28' title='bbox 1172 230 1328 264; x_wconf 69' lang='lat' dir='ltr'><strong>originarire</strong></span> <span class='ocrx_word' id='word_1_29' title='bbox 1340 238 1428 257; x_wconf 76' lang='lat' dir='ltr'><strong>eausm</strong></span> <span class='ocrx_word' id='word_1_30' title='bbox 1440 230 1640 258; x_wconf 87' lang='lat' dir='ltr'><strong>confessionem</strong></span> <span class='ocrx_word' id='word_1_31' title='bbox 1651 232 1798 259; x_wconf 57' lang='lat' dir='ltr'><strong>eontineta</strong></span> 
     </span>
    </p>
   </div>
   <div class='ocr_carea' id='block_1_8' title="bbox 219 276 966 312">
    <p class='ocr_par' dir='ltr' id='par_1_8' title="bbox 219 276 966 312">
     <span class='ocr_line' id='line_1_8' title="bbox 219 276 966 312; baseline -0.005 -6"><span class='ocrx_word' id='word_1_32' title='bbox 219 280 275 307; x_wconf 90' lang='lat' dir='ltr'><strong>lloc</strong></span> <span class='ocrx_word' id='word_1_33' title='bbox 287 280 367 307; x_wconf 87' lang='lat' dir='ltr'><strong>etiant</strong></span> <span class='ocrx_word' id='word_1_34' title='bbox 380 279 496 305; x_wconf 87' lang='lat' dir='ltr'><strong>addatur</strong></span> <span class='ocrx_word' id='word_1_35' title='bbox 508 278 551 305; x_wconf 89' lang='lat' dir='ltr'><strong>his</strong></span> <span class='ocrx_word' id='word_1_36' title='bbox 565 285 625 312; x_wconf 63' lang='lat' dir='ltr'><strong>quae</strong></span> <span class='ocrx_word' id='word_1_37' title='bbox 636 278 707 304; x_wconf 88' lang='lat' dir='ltr'><strong>dicta</strong></span> <span class='ocrx_word' id='word_1_38' title='bbox 722 281 803 304; x_wconf 85' lang='lat' dir='ltr'><strong>sunt:</strong></span> <span class='ocrx_word' id='word_1_39' title='bbox 816 276 876 303; x_wconf 87' lang='lat' dir='ltr'><strong>Non</strong></span> <span class='ocrx_word' id='word_1_40' title='bbox 888 276 966 307; x_wconf 75' lang='lat' dir='ltr'><strong>dixit,</strong></span> 
     </span>
    </p>
   </div>
   <div class='ocr_carea' id='block_1_9' title="bbox 137 322 966 360">
    <p class='ocr_par' dir='ltr' id='par_1_9' title="bbox 137 322 966 360">
     <span class='ocr_line' id='line_1_9' title="bbox 137 322 966 360; baseline -0.006 -7"><span class='ocrx_word' id='word_1_41' title='bbox 137 341 146 349; x_wconf 76' lang='grc' dir='ltr'><strong><em>ο</em></strong></span> <span class='ocrx_word' id='word_1_42' title='bbox 187 326 260 360; x_wconf 91' lang='lat' dir='ltr'><strong>quod</strong></span> <span class='ocrx_word' id='word_1_43' title='bbox 280 333 310 352; x_wconf 81' lang='lat' dir='ltr'><strong>ex</strong></span> <span class='ocrx_word' id='word_1_44' title='bbox 328 324 396 352; x_wconf 79' lang='lat' dir='ltr'><strong>Filio</strong></span> <span class='ocrx_word' id='word_1_45' title='bbox 413 332 466 350; x_wconf 87' lang='lat' dir='ltr'><strong>non</strong></span> <span class='ocrx_word' id='word_1_46' title='bbox 483 329 535 356; x_wconf 86' lang='lat' dir='ltr'><strong>est,</strong></span> <span class='ocrx_word' id='word_1_47' title='bbox 554 323 601 350; x_wconf 87' lang='lat' dir='ltr'><strong>sed</strong></span> <span class='ocrx_word' id='word_1_48' title='bbox 618 323 691 357; x_wconf 87' lang='lat' dir='ltr'><strong>quod</strong></span> <span class='ocrx_word' id='word_1_49' title='bbox 716 331 749 349; x_wconf 88' lang='lat' dir='ltr'><strong>ex</strong></span> <span class='ocrx_word' id='word_1_50' title='bbox 763 322 831 349; x_wconf 84' lang='lat' dir='ltr'><strong>Filio</strong></span> <span class='ocrx_word' id='word_1_51' title='bbox 852 330 906 349; x_wconf 88' lang='lat' dir='ltr'><strong>non</strong></span> <span class='ocrx_word' id='word_1_52' title='bbox 922 322 966 348; x_wconf 84' lang='lat' dir='ltr'><strong>di-</strong></span> 
     </span>
    </p>
   </div>
   <div class='ocr_carea' id='block_1_10' title="bbox 185 367 966 398">
    <p class='ocr_par' dir='ltr' id='par_1_10' title="bbox 185 367 966 398">
     <span class='ocr_line' id='line_1_10' title="bbox 185 367 966 398; baseline -0.005 -2"><span class='ocrx_word' id='word_1_53' title='bbox 185 370 284 396; x_wconf 83' lang='lat' dir='ltr'><strong>cimus.</strong></span> <span class='ocrx_word' id='word_1_54' title='bbox 304 367 361 396; x_wconf 91' lang='lat' dir='ltr'><strong>lloc</strong></span> <span class='ocrx_word' id='word_1_55' title='bbox 374 373 466 395; x_wconf 86' lang='lat' dir='ltr'><strong>autem</strong></span> <span class='ocrx_word' id='word_1_56' title='bbox 487 368 554 394; x_wconf 89' lang='lat' dir='ltr'><strong>nihil</strong></span> <span class='ocrx_word' id='word_1_57' title='bbox 569 367 633 394; x_wconf 90' lang='lat' dir='ltr'><strong>facit</strong></span> <span class='ocrx_word' id='word_1_58' title='bbox 650 367 683 394; x_wconf 91' lang='lat' dir='ltr'><strong>ad</strong></span> <span class='ocrx_word' id='word_1_59' title='bbox 701 374 775 398; x_wconf 84' lang='lat' dir='ltr'><strong>rem;</strong></span> <span class='ocrx_word' id='word_1_60' title='bbox 798 367 880 394; x_wconf 77' lang='lat' dir='ltr'><strong>multa</strong></span> <span class='ocrx_word' id='word_1_61' title='bbox 893 367 966 393; x_wconf 87' lang='lat' dir='ltr'><strong>enim</strong></span> 
     </span>
    </p>
   </div>
   <div class='ocr_carea' id='block_1_11' title="bbox 184 412 967 449">
    <p class='ocr_par' dir='ltr' id='par_1_11' title="bbox 184 412 967 449">
     <span class='ocr_line' id='line_1_11' title="bbox 184 412 967 449; baseline -0.003 -8"><span class='ocrx_word' id='word_1_62' title='bbox 184 419 258 445; x_wconf 84' lang='lat' dir='ltr'><strong>sunt,</strong></span> <span class='ocrx_word' id='word_1_63' title='bbox 289 423 349 449; x_wconf 70' lang='lat' dir='ltr'><strong>qua:</strong></span> <span class='ocrx_word' id='word_1_64' title='bbox 374 422 429 441; x_wconf 89' lang='lat' dir='ltr'><strong>non</strong></span> <span class='ocrx_word' id='word_1_65' title='bbox 455 413 583 446; x_wconf 83' lang='lat' dir='ltr'><strong>dicimus,</strong></span> <span class='ocrx_word' id='word_1_66' title='bbox 609 413 689 447; x_wconf 83' lang='lat' dir='ltr'><strong>quale</strong></span> <span class='ocrx_word' id='word_1_67' title='bbox 714 412 780 440; x_wconf 88' lang='lat' dir='ltr'><strong>illttd</strong></span> <span class='ocrx_word' id='word_1_68' title='bbox 801 420 815 439; x_wconf 91' lang='lat' dir='ltr'><strong>a</strong></span> <span class='ocrx_word' id='word_1_69' title='bbox 835 413 967 447; x_wconf 61' lang='lat' dir='ltr'><strong>principio</strong></span> 
     </span>
    </p>
   </div>
   <div class='ocr_carea' id='block_1_12' title="bbox 183 457 966 495">
    <p class='ocr_par' dir='ltr' id='par_1_12' title="bbox 183 457 966 495">
     <span class='ocr_line' id='line_1_12' title="bbox 183 457 966 495; baseline -0.004 -8"><span class='ocrx_word' id='word_1_70' title='bbox 183 460 388 495; x_wconf 64' lang='lat' dir='ltr'><strong>praedicationis</strong></span> <span class='ocrx_word' id='word_1_71' title='bbox 403 459 564 486; x_wconf 76' lang='lat' dir='ltr'><strong>accidebat:</strong></span> <span class='ocrx_word' id='word_1_72' title='bbox 587 459 663 486; x_wconf 86' lang='lat' dir='ltr'><strong>verbi</strong></span> <span class='ocrx_word' id='word_1_73' title='bbox 687 459 784 493; x_wconf 82' lang='lat' dir='ltr'><strong>gratia,</strong></span> <span class='ocrx_word' id='word_1_74' title='bbox 807 457 904 484; x_wconf 87' lang='lat' dir='ltr'><strong>Filiutn</strong></span> <span class='ocrx_word' id='word_1_75' title='bbox 921 458 966 484; x_wconf 88' lang='lat' dir='ltr'><strong>Dei</strong></span> 
     </span>
    </p>
   </div>
   <div class='ocr_carea' id='block_1_13' title="bbox 184 503 965 539">
    <p class='ocr_par' dir='ltr' id='par_1_13' title="bbox 184 503 965 539">
     <span class='ocr_line' id='line_1_13' title="bbox 184 503 965 539; baseline -0.004 -6"><span class='ocrx_word' id='word_1_76' title='bbox 184 514 245 533; x_wconf 85' lang='lat' dir='ltr'><strong>esse</strong></span> <span class='ocrx_word' id='word_1_77' title='bbox 269 506 534 533; x_wconf 80' lang='lat' dir='ltr'><strong>consubstantialem</strong></span> <span class='ocrx_word' id='word_1_78' title='bbox 550 505 635 536; x_wconf 83' lang='lat' dir='ltr'><strong>Patri,</strong></span> <span class='ocrx_word' id='word_1_79' title='bbox 660 512 769 539; x_wconf 84' lang='lat' dir='ltr'><strong>semper</strong></span> <span class='ocrx_word' id='word_1_80' title='bbox 783 503 922 539; x_wconf 80' lang='lat' dir='ltr'><strong>Virginem</strong></span> <span class='ocrx_word' id='word_1_81' title='bbox 940 505 965 530; x_wconf 90' lang='lat' dir='ltr'><strong>iu</strong></span> 
     </span>
    </p>
   </div>
   <div class='ocr_carea' id='block_1_14' title="bbox 184 550 967 586">
    <p class='ocr_par' dir='ltr' id='par_1_14' title="bbox 184 550 967 586">
     <span class='ocr_line' id='line_1_14' title="bbox 184 550 967 586; baseline -0.001 -9"><span class='ocrx_word' id='word_1_82' title='bbox 184 551 304 578; x_wconf 75' lang='lat' dir='ltr'><strong>Ecclesia</strong></span> <span class='ocrx_word' id='word_1_83' title='bbox 320 552 462 586; x_wconf 87' lang='lat' dir='ltr'><strong>Deiparam</strong></span> <span class='ocrx_word' id='word_1_84' title='bbox 488 550 642 585; x_wconf 66' lang='lat' dir='ltr'><strong>prmdicari,</strong></span> <span class='ocrx_word' id='word_1_85' title='bbox 660 550 759 577; x_wconf 83' lang='lat' dir='ltr'><strong>Filium</strong></span> <span class='ocrx_word' id='word_1_86' title='bbox 779 550 825 576; x_wconf 89' lang='lat' dir='ltr'><strong>Dei</strong></span> <span class='ocrx_word' id='word_1_87' title='bbox 843 550 967 576; x_wconf 71' lang='lat' dir='ltr'><strong>humana:</strong></span> 
     </span>
    </p>
   </div>
   <div class='ocr_carea' id='block_1_15' title="bbox 182 595 965 630">
    <p class='ocr_par' dir='ltr' id='par_1_15' title="bbox 182 595 965 630">
     <span class='ocr_line' id='line_1_15' title="bbox 182 595 965 630; baseline -0.001 -7"><span class='ocrx_word' id='word_1_88' title='bbox 182 601 286 623; x_wconf 78' lang='lat' dir='ltr'><strong>natura:</strong></span> <span class='ocrx_word' id='word_1_89' title='bbox 310 597 461 623; x_wconf 84' lang='lat' dir='ltr'><strong>secundum</strong></span> <span class='ocrx_word' id='word_1_90' title='bbox 480 596 680 630; x_wconf 87' lang='lat' dir='ltr'><strong>hypostaticatn</strong></span> <span class='ocrx_word' id='word_1_91' title='bbox 706 595 837 622; x_wconf 86' lang='lat' dir='ltr'><strong>unionem</strong></span> <span class='ocrx_word' id='word_1_92' title='bbox 860 596 965 622; x_wconf 92' lang='lat' dir='ltr'><strong>unitum</strong></span> 
     </span>
    </p>
   </div>
   <div class='ocr_carea' id='block_1_16' title="bbox 181 641 968 676">
    <p class='ocr_par' dir='ltr' id='par_1_16' title="bbox 181 641 968 676">
     <span class='ocr_line' id='line_1_16' title="bbox 181 641 968 676; baseline -0.003 -7"><span class='ocrx_word' id='word_1_93' title='bbox 181 650 252 674; x_wconf 89' lang='lat' dir='ltr'><strong>esse,</strong></span> <span class='ocrx_word' id='word_1_94' title='bbox 283 647 311 668; x_wconf 89' lang='lat' dir='ltr'><strong>et</strong></span> <span class='ocrx_word' id='word_1_95' title='bbox 337 642 363 668; x_wconf 90' lang='lat' dir='ltr'><strong>id</strong></span> <span class='ocrx_word' id='word_1_96' title='bbox 383 650 479 676; x_wconf 80' lang='lat' dir='ltr'><strong>genus.</strong></span> <span class='ocrx_word' id='word_1_97' title='bbox 497 641 563 674; x_wconf 73' lang='lat' dir='ltr'><strong>Quae</strong></span> <span class='ocrx_word' id='word_1_98' title='bbox 593 649 658 668; x_wconf 87' lang='lat' dir='ltr'><strong>sane</strong></span> <span class='ocrx_word' id='word_1_99' title='bbox 672 649 734 668; x_wconf 89' lang='lat' dir='ltr'><strong>cttm</strong></span> <span class='ocrx_word' id='word_1_100' title='bbox 755 641 831 676; x_wconf 88' lang='lat' dir='ltr'><strong>prius</strong></span> <span class='ocrx_word' id='word_1_101' title='bbox 847 649 901 668; x_wconf 89' lang='lat' dir='ltr'><strong>non</strong></span> <span class='ocrx_word' id='word_1_102' title='bbox 927 641 968 668; x_wconf 87' lang='lat' dir='ltr'><strong>di-</strong></span> 
     </span>
    </p>
   </div>
   <div class='ocr_carea' id='block_1_17' title="bbox 183 687 966 722">
    <p class='ocr_par' dir='ltr' id='par_1_17' title="bbox 183 687 966 722">
     <span class='ocr_line' id='line_1_17' title="bbox 183 687 966 722; baseline -0.001 -8"><span class='ocrx_word' id='word_1_103' title='bbox 183 693 319 719; x_wconf 85' lang='lat' dir='ltr'><strong>cerentur,</strong></span> <span class='ocrx_word' id='word_1_104' title='bbox 345 688 470 722; x_wconf 77' lang='lat' dir='ltr'><strong>quamvis</strong></span> <span class='ocrx_word' id='word_1_105' title='bbox 486 695 549 714; x_wconf 83' lang='lat' dir='ltr'><strong>vera</strong></span> <span class='ocrx_word' id='word_1_106' title='bbox 574 691 676 719; x_wconf 82' lang='lat' dir='ltr'><strong>essent,</strong></span> <span class='ocrx_word' id='word_1_107' title='bbox 704 692 797 721; x_wconf 89' lang='lat' dir='ltr'><strong>postea</strong></span> <span class='ocrx_word' id='word_1_108' title='bbox 812 687 966 721; x_wconf 88' lang='lat' dir='ltr'><strong>quomodo-</strong></span> 
     </span>
    </p>
   </div>
   <div class='ocr_carea' id='block_1_18' title="bbox 182 732 964 769">
    <p class='ocr_par' dir='ltr' id='par_1_18' title="bbox 182 732 964 769">
     <span class='ocr_line' id='line_1_18' title="bbox 182 732 964 769; baseline -0.001 -9"><span class='ocrx_word' id='word_1_109' title='bbox 182 742 291 768; x_wconf 87' lang='lat' dir='ltr'><strong>cunque</strong></span> <span class='ocrx_word' id='word_1_110' title='bbox 308 738 422 769; x_wconf 78' lang='lat' dir='ltr'><strong>urgente</strong></span> <span class='ocrx_word' id='word_1_111' title='bbox 437 733 612 764; x_wconf 82' lang='lat' dir='ltr'><strong>necessitate,</strong></span> <span class='ocrx_word' id='word_1_112' title='bbox 629 733 713 759; x_wconf 90' lang='lat' dir='ltr'><strong>etiam</strong></span> <span class='ocrx_word' id='word_1_113' title='bbox 729 732 755 759; x_wconf 92' lang='lat' dir='ltr'><strong>in</strong></span> <span class='ocrx_word' id='word_1_114' title='bbox 773 732 895 759; x_wconf 87' lang='lat' dir='ltr'><strong>Ecclesia</strong></span> <span class='ocrx_word' id='word_1_115' title='bbox 911 732 964 759; x_wconf 90' lang='lat' dir='ltr'><strong>dici</strong></span> 
     </span>
    </p>
   </div>
   <div class='ocr_carea' id='block_1_19' title="bbox 184 778 966 814">
    <p class='ocr_par' dir='ltr' id='par_1_19' title="bbox 184 778 966 814">
     <span class='ocr_line' id='line_1_19' title="bbox 184 778 966 814; baseline -0.003 -7"><span class='ocrx_word' id='word_1_116' title='bbox 184 780 320 807; x_wconf 87' lang='lat' dir='ltr'><strong>sancitum</strong></span> <span class='ocrx_word' id='word_1_117' title='bbox 347 785 398 807; x_wconf 77' lang='lat' dir='ltr'><strong>est.</strong></span> <span class='ocrx_word' id='word_1_118' title='bbox 418 779 445 807; x_wconf 91' lang='lat' dir='ltr'><strong>Si</strong></span> <span class='ocrx_word' id='word_1_119' title='bbox 472 780 534 814; x_wconf 84' lang='lat' dir='ltr'><strong>quis</strong></span> <span class='ocrx_word' id='word_1_120' title='bbox 549 779 631 812; x_wconf 71' lang='lat' dir='ltr'><strong>igitur</strong></span> <span class='ocrx_word' id='word_1_121' title='bbox 648 779 818 813; x_wconf 68' lang='lat' dir='ltr'><strong>qumsivisset</strong></span> <span class='ocrx_word' id='word_1_122' title='bbox 832 778 866 804; x_wconf 89' lang='lat' dir='ltr'><strong>ab</strong></span> <span class='ocrx_word' id='word_1_123' title='bbox 880 778 966 805; x_wconf 83' lang='lat' dir='ltr'><strong>altero</strong></span> 
     </span>
    </p>
   </div>
   <div class='ocr_carea' id='block_1_20' title="bbox 185 823 966 860">
    <p class='ocr_par' dir='ltr' id='par_1_20' title="bbox 185 823 966 860">
     <span class='ocr_line' id='line_1_20' title="bbox 185 823 966 860; baseline -0.004 -7"><span class='ocrx_word' id='word_1_124' title='bbox 185 827 262 860; x_wconf 83' lang='lat' dir='ltr'><strong>prius</strong></span> <span class='ocrx_word' id='word_1_125' title='bbox 286 834 367 860; x_wconf 90' lang='lat' dir='ltr'><strong>quam</strong></span> <span class='ocrx_word' id='word_1_126' title='bbox 385 826 472 860; x_wconf 86' lang='lat' dir='ltr'><strong>prima</strong></span> <span class='ocrx_word' id='word_1_127' title='bbox 486 825 606 860; x_wconf 87' lang='lat' dir='ltr'><strong>synodus</strong></span> <span class='ocrx_word' id='word_1_128' title='bbox 621 829 784 859; x_wconf 81' lang='lat' dir='ltr'><strong>congregata</strong></span> <span class='ocrx_word' id='word_1_129' title='bbox 809 824 915 856; x_wconf 87' lang='lat' dir='ltr'><strong>fuisset,</strong></span> <span class='ocrx_word' id='word_1_130' title='bbox 933 823 966 850; x_wconf 85' lang='lat' dir='ltr'><strong>ad</strong></span> 
     </span>
    </p>
   </div>
   <div class='ocr_carea' id='block_1_21' title="bbox 183 861 966 902">
    <p class='ocr_par' dir='ltr' id='par_1_21' title="bbox 183 861 966 902">
     <span class='ocr_line' id='line_1_21' title="bbox 183 861 966 902; baseline -0.006 -3"><span class='ocrx_word' id='word_1_131' title='bbox 183 861 373 900; x_wconf 74' lang='lat' dir='ltr'><strong>stabiiiendam</strong></span> <span class='ocrx_word' id='word_1_132' title='bbox 404 871 538 898; x_wconf 88' lang='lat' dir='ltr'><strong>Deitatem</strong></span> <span class='ocrx_word' id='word_1_133' title='bbox 570 870 644 902; x_wconf 83' lang='lat' dir='ltr'><strong>Filii,</strong></span> <span class='ocrx_word' id='word_1_134' title='bbox 674 870 696 897; x_wconf 92' lang='lat' dir='ltr'><strong>si</strong></span> <span class='ocrx_word' id='word_1_135' title='bbox 725 868 966 897; x_wconf 85' lang='lat' dir='ltr'><strong>consubstantialis</strong></span> 
     </span>
    </p>
   </div>
   <div class='ocr_carea' id='block_1_22' title="bbox 188 915 964 951">
    <p class='ocr_par' dir='ltr' id='par_1_22' title="bbox 188 915 964 951">
     <span class='ocr_line' id='line_1_22' title="bbox 188 915 964 951; baseline -0.006 -4"><span class='ocrx_word' id='word_1_136' title='bbox 188 919 274 947; x_wconf 83' lang='lat' dir='ltr'><strong>Filius</strong></span> <span class='ocrx_word' id='word_1_137' title='bbox 293 919 442 950; x_wconf 79' lang='lat' dir='ltr'><strong>diceretur,</strong></span> <span class='ocrx_word' id='word_1_138' title='bbox 460 918 531 944; x_wconf 84' lang='lat' dir='ltr'><strong>idem</strong></span> <span class='ocrx_word' id='word_1_139' title='bbox 551 919 630 951; x_wconf 84' lang='lat' dir='ltr'><strong>plane</strong></span> <span class='ocrx_word' id='word_1_140' title='bbox 644 917 804 948; x_wconf 84' lang='lat' dir='ltr'><strong>audivisset,</strong></span> <span class='ocrx_word' id='word_1_141' title='bbox 821 915 893 947; x_wconf 87' lang='lat' dir='ltr'><strong>quod</strong></span> <span class='ocrx_word' id='word_1_142' title='bbox 911 923 964 942; x_wconf 78' lang='lat' dir='ltr'><strong>non</strong></span> 
     </span>
    </p>
   </div>
   <div class='ocr_carea' id='block_1_23' title="bbox 1058 277 1806 313">
    <p class='ocr_par' dir='ltr' id='par_1_23' title="bbox 1058 277 1806 313">
     <span class='ocr_line' id='line_1_23' title="bbox 1058 277 1806 313; baseline 0.003 -9"><span class='ocrx_word' id='word_1_143' title='bbox 1058 279 1112 304; x_wconf 71' lang='grc' dir='ltr'><strong>Καὶ</strong></span> <span class='ocrx_word' id='word_1_144' title='bbox 1123 278 1200 304; x_wconf 74' lang='grc' dir='ltr'>τοῦτο</span> <span class='ocrx_word' id='word_1_145' title='bbox 1218 279 1389 313; x_wconf 74' lang='grc' dir='ltr'><strong>προσκείσθω</strong></span> <span class='ocrx_word' id='word_1_146' title='bbox 1404 280 1458 309; x_wconf 70' lang='grc' dir='ltr'>τοῖς</span> <span class='ocrx_word' id='word_1_147' title='bbox 1471 279 1642 313; x_wconf 74' lang='grc' dir='ltr'>εἰρημένοις·</span> <span class='ocrx_word' id='word_1_148' title='bbox 1657 280 1713 305; x_wconf 76' lang='grc' dir='ltr'>Οὐκ</span> <span class='ocrx_word' id='word_1_149' title='bbox 1734 277 1806 306; x_wconf 76' lang='grc' dir='ltr'>εἶπεν</span> 
     </span>
    </p>
   </div>
   <div class='ocr_carea' id='block_1_24' title="bbox 1019 323 1803 355">
    <p class='ocr_par' dir='ltr' id='par_1_24' title="bbox 1019 323 1803 355">
     <span class='ocr_line' id='line_1_24' title="bbox 1019 323 1803 355; baseline 0.001 -5"><span class='ocrx_word' id='word_1_150' title='bbox 1019 324 1059 350; x_wconf 84' lang='grc' dir='ltr'><strong>ὅτι</strong></span> <span class='ocrx_word' id='word_1_151' title='bbox 1073 324 1104 350; x_wconf 83' lang='grc' dir='ltr'>ὲκ</span> <span class='ocrx_word' id='word_1_152' title='bbox 1122 323 1169 350; x_wconf 80' lang='grc' dir='ltr'>τοῦ</span> <span class='ocrx_word' id='word_1_153' title='bbox 1187 324 1252 350; x_wconf 80' lang='grc' dir='ltr'><strong>Υἱοῦ</strong></span> <span class='ocrx_word' id='word_1_154' title='bbox 1265 325 1314 350; x_wconf 80' lang='grc' dir='ltr'><strong>οὐκ</strong></span> <span class='ocrx_word' id='word_1_155' title='bbox 1337 323 1421 355; x_wconf 77' lang='grc' dir='ltr'>ἐστιν,</span> <span class='ocrx_word' id='word_1_156' title='bbox 1437 323 1496 350; x_wconf 71' lang='grc' dir='ltr'>ἀλλ’</span> <span class='ocrx_word' id='word_1_157' title='bbox 1511 324 1551 350; x_wconf 82' lang='grc' dir='ltr'>ὅτι</span> <span class='ocrx_word' id='word_1_158' title='bbox 1571 325 1602 350; x_wconf 81' lang='grc' dir='ltr'>ὲκ</span> <span class='ocrx_word' id='word_1_159' title='bbox 1630 324 1677 350; x_wconf 82' lang='grc' dir='ltr'>τοῦ</span> <span class='ocrx_word' id='word_1_160' title='bbox 1692 324 1756 351; x_wconf 84' lang='grc' dir='ltr'><strong>Υίοῦ</strong></span> <span class='ocrx_word' id='word_1_161' title='bbox 1773 326 1803 351; x_wconf 74' lang='grc' dir='ltr'><strong>οὐ</strong></span> 
     </span>
    </p>
   </div>
   <div class='ocr_carea' id='block_1_25' title="bbox 1020 369 1807 404">
    <p class='ocr_par' dir='ltr' id='par_1_25' title="bbox 1020 369 1807 404">
     <span class='ocr_line' id='line_1_25' title="bbox 1020 369 1807 404; baseline 0.001 -9"><span class='ocrx_word' id='word_1_162' title='bbox 1020 369 1146 403; x_wconf 81' lang='grc' dir='ltr'>λέγομεν.</span> <span class='ocrx_word' id='word_1_163' title='bbox 1160 369 1244 396; x_wconf 83' lang='grc' dir='ltr'>Τοῦτο</span> <span class='ocrx_word' id='word_1_164' title='bbox 1258 370 1286 395; x_wconf 83' lang='grc' dir='ltr'>δὲ</span> <span class='ocrx_word' id='word_1_165' title='bbox 1296 370 1371 396; x_wconf 72' lang='grc' dir='ltr'>οὐδὲν</span> <span class='ocrx_word' id='word_1_166' title='bbox 1388 371 1455 404; x_wconf 80' lang='grc' dir='ltr'>πρὸς</span> <span class='ocrx_word' id='word_1_167' title='bbox 1470 370 1501 396; x_wconf 82' lang='grc' dir='ltr'>τὸ</span> <span class='ocrx_word' id='word_1_168' title='bbox 1517 371 1706 404; x_wconf 79' lang='grc' dir='ltr'>προκείμενον·</span> <span class='ocrx_word' id='word_1_169' title='bbox 1723 371 1807 397; x_wconf 58' lang='grc' dir='ltr'>πολλὰ</span> 
     </span>
    </p>
   </div>
   <div class='ocr_carea' id='block_1_26' title="bbox 1019 415 1806 451">
    <p class='ocr_par' dir='ltr' id='par_1_26' title="bbox 1019 415 1806 451">
     <span class='ocr_line' id='line_1_26' title="bbox 1019 415 1806 451; baseline 0.001 -10"><span class='ocrx_word' id='word_1_170' title='bbox 1019 416 1073 451; x_wconf 71' lang='grc' dir='ltr'>γάρ</span> <span class='ocrx_word' id='word_1_171' title='bbox 1084 418 1162 448; x_wconf 78' lang='grc' dir='ltr'>εἰσιν,</span> <span class='ocrx_word' id='word_1_172' title='bbox 1180 416 1250 451; x_wconf 83' lang='grc' dir='ltr'>ἆπερ</span> <span class='ocrx_word' id='word_1_173' title='bbox 1268 415 1298 442; x_wconf 79' lang='grc' dir='ltr'><strong>οὐ</strong></span> <span class='ocrx_word' id='word_1_174' title='bbox 1313 415 1427 449; x_wconf 64' lang='grc' dir='ltr'>λέγομεν</span> <span class='ocrx_word' id='word_1_175' title='bbox 1443 423 1452 432; x_wconf 90' lang='grc'><strong>·</strong></span> <span class='ocrx_word' id='word_1_176' title='bbox 1468 416 1558 442; x_wconf 79' lang='grc' dir='ltr'>ὁποῖον</span> <span class='ocrx_word' id='word_1_177' title='bbox 1574 418 1643 442; x_wconf 79' lang='grc' dir='ltr'>κατᾶ</span> <span class='ocrx_word' id='word_1_178' title='bbox 1657 417 1705 446; x_wconf 72' lang='grc' dir='ltr'><strong>τὰς</strong></span> <span class='ocrx_word' id='word_1_179' title='bbox 1721 416 1806 451; x_wconf 67' lang='grc' dir='ltr'>ἀρχὰς</span> 
     </span>
    </p>
   </div>
   <div class='ocr_carea' id='block_1_27' title="bbox 1018 459 1806 498">
    <p class='ocr_par' dir='ltr' id='par_1_27' title="bbox 1018 459 1806 498">
     <span class='ocr_line' id='line_1_27' title="bbox 1018 459 1806 498; baseline -0.001 -8"><span class='ocrx_word' id='word_1_180' title='bbox 1018 463 1064 490; x_wconf 82' lang='grc' dir='ltr'>τοῦ</span> <span class='ocrx_word' id='word_1_181' title='bbox 1083 463 1260 498; x_wconf 72' lang='grc' dir='ltr'><strong>κηρύγματος</strong></span> <span class='ocrx_word' id='word_1_182' title='bbox 1285 463 1440 489; x_wconf 66' lang='grc' dir='ltr'>συηέδαινεν</span> <span class='ocrx_word' id='word_1_183' title='bbox 1454 470 1461 477; x_wconf 91' lang='grc'><strong>·</strong></span> <span class='ocrx_word' id='word_1_184' title='bbox 1479 459 1534 489; x_wconf 81' lang='grc' dir='ltr'>οἷον</span> <span class='ocrx_word' id='word_1_185' title='bbox 1553 464 1583 489; x_wconf 71' lang='grc' dir='ltr'><strong>τὸ</strong></span> <span class='ocrx_word' id='word_1_186' title='bbox 1602 462 1648 489; x_wconf 81' lang='grc' dir='ltr'>τὸν</span> <span class='ocrx_word' id='word_1_187' title='bbox 1675 463 1740 490; x_wconf 69' lang='grc' dir='ltr'>Υίζν</span> <span class='ocrx_word' id='word_1_188' title='bbox 1761 463 1806 489; x_wconf 80' lang='grc' dir='ltr'>τοῦ</span> 
     </span>
    </p>
   </div>
   <div class='ocr_carea' id='block_1_28' title="bbox 1018 509 1804 544">
    <p class='ocr_par' dir='ltr' id='par_1_28' title="bbox 1018 509 1804 544">
     <span class='ocr_line' id='line_1_28' title="bbox 1018 509 1804 544; baseline -0.001 -9"><span class='ocrx_word' id='word_1_189' title='bbox 1018 509 1086 535; x_wconf 77' lang='grc' dir='ltr'>Θεοῦ</span> <span class='ocrx_word' id='word_1_190' title='bbox 1103 509 1142 544; x_wconf 83' lang='grc' dir='ltr'>τῷ</span> <span class='ocrx_word' id='word_1_191' title='bbox 1155 509 1243 544; x_wconf 71' lang='grc' dir='ltr'>Πιτρὶ</span> <span class='ocrx_word' id='word_1_192' title='bbox 1261 509 1331 536; x_wconf 83' lang='grc' dir='ltr'>εἶναι</span> <span class='ocrx_word' id='word_1_193' title='bbox 1344 509 1498 543; x_wconf 80' lang='grc' dir='ltr'>ὁμοούσιον,</span> <span class='ocrx_word' id='word_1_194' title='bbox 1515 509 1544 536; x_wconf 80' lang='grc' dir='ltr'>τὸ</span> <span class='ocrx_word' id='word_1_195' title='bbox 1560 509 1610 543; x_wconf 86' lang='grc' dir='ltr'>τὴν</span> <span class='ocrx_word' id='word_1_196' title='bbox 1628 509 1804 544; x_wconf 53' lang='grc' dir='ltr'>ἀειπάρθενον</span> 
     </span>
    </p>
   </div>
   <div class='ocr_carea' id='block_1_29' title="bbox 1018 554 1806 590">
    <p class='ocr_par' dir='ltr' id='par_1_29' title="bbox 1018 554 1806 590">
     <span class='ocr_line' id='line_1_29' title="bbox 1018 554 1806 590; baseline -0.001 -9"><span class='ocrx_word' id='word_1_197' title='bbox 1018 555 1148 581; x_wconf 73' lang='grc' dir='ltr'>Θενιτὸκον</span> <span class='ocrx_word' id='word_1_198' title='bbox 1168 555 1210 581; x_wconf 69' lang='grc' dir='ltr'><strong>ἐπ’</strong></span> <span class='ocrx_word' id='word_1_199' title='bbox 1226 555 1371 590; x_wconf 85' lang='grc' dir='ltr'>ὲκκλησία;</span> <span class='ocrx_word' id='word_1_200' title='bbox 1401 555 1593 590; x_wconf 80' lang='grc' dir='ltr'>κηρύττεσθαι.</span> <span class='ocrx_word' id='word_1_201' title='bbox 1615 555 1646 580; x_wconf 75' lang='grc' dir='ltr'><strong>τὺ</strong></span> <span class='ocrx_word' id='word_1_202' title='bbox 1672 554 1717 581; x_wconf 72' lang='grc' dir='ltr'><strong>τδν</strong></span> <span class='ocrx_word' id='word_1_203' title='bbox 1743 554 1806 580; x_wconf 74' lang='grc' dir='ltr'>Υἱὸν</span> 
     </span>
    </p>
   </div>
   <div class='ocr_carea' id='block_1_30' title="bbox 1018 601 1805 638">
    <p class='ocr_par' dir='ltr' id='par_1_30' title="bbox 1018 601 1805 638">
     <span class='ocr_line' id='line_1_30' title="bbox 1018 601 1805 638; baseline -0.001 -10"><span class='ocrx_word' id='word_1_204' title='bbox 1018 602 1064 628; x_wconf 80' lang='grc' dir='ltr'>τοῦ</span> <span class='ocrx_word' id='word_1_205' title='bbox 1076 602 1143 629; x_wconf 70' lang='grc' dir='ltr'>Θεοῦ</span> <span class='ocrx_word' id='word_1_206' title='bbox 1155 604 1188 638; x_wconf 76' lang='grc' dir='ltr'><strong>τῇ</strong></span> <span class='ocrx_word' id='word_1_207' title='bbox 1202 602 1359 638; x_wconf 75' lang='grc' dir='ltr'>ἀνθρωπίνῃ</span> <span class='ocrx_word' id='word_1_208' title='bbox 1376 602 1454 636; x_wconf 83' lang='grc' dir='ltr'>φύσει</span> <span class='ocrx_word' id='word_1_209' title='bbox 1470 602 1538 628; x_wconf 77' lang='grc' dir='ltr'>κατὰ</span> <span class='ocrx_word' id='word_1_210' title='bbox 1552 601 1600 637; x_wconf 85' lang='grc' dir='ltr'>τὴν</span> <span class='ocrx_word' id='word_1_211' title='bbox 1610 601 1672 628; x_wconf 78' lang='grc' dir='ltr'>καθ’</span> <span class='ocrx_word' id='word_1_212' title='bbox 1686 601 1805 627; x_wconf 69' lang='grc' dir='ltr'>ὑπεστα-</span> 
     </span>
    </p>
   </div>
   <div class='ocr_carea' id='block_1_31' title="bbox 1020 646 1804 681">
    <p class='ocr_par' dir='ltr' id='par_1_31' title="bbox 1020 646 1804 681">
     <span class='ocr_line' id='line_1_31' title="bbox 1020 646 1804 681; baseline -0.001 -8"><span class='ocrx_word' id='word_1_213' title='bbox 1020 656 1061 673; x_wconf 91' lang='grc' dir='ltr'><strong>σιν</strong></span> <span class='ocrx_word' id='word_1_214' title='bbox 1078 647 1174 673; x_wconf 78' lang='grc' dir='ltr'>ἕνωσιν</span> <span class='ocrx_word' id='word_1_215' title='bbox 1202 647 1344 681; x_wconf 79' lang='grc' dir='ltr'>ὲνωθῆναι,</span> <span class='ocrx_word' id='word_1_216' title='bbox 1369 648 1416 673; x_wconf 75' lang='grc' dir='ltr'>καὶ</span> <span class='ocrx_word' id='word_1_217' title='bbox 1441 647 1489 674; x_wconf 78' lang='grc' dir='ltr'>ὅσα</span> <span class='ocrx_word' id='word_1_218' title='bbox 1517 646 1639 674; x_wconf 84' lang='grc' dir='ltr'>τοιαῦτα.</span> <span class='ocrx_word' id='word_1_219' title='bbox 1657 647 1689 672; x_wconf 77' lang='grc' dir='ltr'><strong>Ἀ</strong></span> <span class='ocrx_word' id='word_1_220' title='bbox 1703 646 1735 681; x_wconf 83' lang='grc' dir='ltr'>δὴ</span> <span class='ocrx_word' id='word_1_221' title='bbox 1768 646 1804 680; x_wconf 81' lang='grc' dir='ltr'><strong>μὴ</strong></span> 
     </span>
    </p>
   </div>
   <div class='ocr_carea' id='block_1_32' title="bbox 1019 690 1805 727">
    <p class='ocr_par' dir='ltr' id='par_1_32' title="bbox 1019 690 1805 727">
     <span class='ocr_line' id='line_1_32' title="bbox 1019 690 1805 727; baseline -0.003 -10"><span class='ocrx_word' id='word_1_222' title='bbox 1019 691 1152 726; x_wconf 64' lang='grc' dir='ltr'>λεγᾶμενα</span> <span class='ocrx_word' id='word_1_223' title='bbox 1168 693 1311 727; x_wconf 69' lang='grc' dir='ltr'>πρῦτερον,</span> <span class='ocrx_word' id='word_1_224' title='bbox 1334 693 1421 718; x_wconf 64' lang='grc' dir='ltr'>καίτοι</span> <span class='ocrx_word' id='word_1_225' title='bbox 1444 691 1550 726; x_wconf 82' lang='grc' dir='ltr'>ἀληθῶς</span> <span class='ocrx_word' id='word_1_226' title='bbox 1571 691 1676 726; x_wconf 47' lang='grc' dir='ltr'>ἔχοντα.</span> <span class='ocrx_word' id='word_1_227' title='bbox 1692 690 1805 723; x_wconf 76' lang='grc' dir='ltr'>ὕστερον</span> 
     </span>
    </p>
   </div>
   <div class='ocr_carea' id='block_1_33' title="bbox 1018 736 1802 772">
    <p class='ocr_par' dir='ltr' id='par_1_33' title="bbox 1018 736 1802 772">
     <span class='ocr_line' id='line_1_33' title="bbox 1018 736 1802 772; baseline -0.001 -10"><span class='ocrx_word' id='word_1_228' title='bbox 1018 737 1092 768; x_wconf 78' lang='grc' dir='ltr'>ὅπως</span> <span class='ocrx_word' id='word_1_229' title='bbox 1106 737 1205 771; x_wconf 76' lang='grc' dir='ltr'>δήποτε</span> <span class='ocrx_word' id='word_1_230' title='bbox 1220 737 1313 771; x_wconf 82' lang='grc' dir='ltr'><strong>χρείας</strong></span> <span class='ocrx_word' id='word_1_231' title='bbox 1329 737 1455 772; x_wconf 79' lang='grc' dir='ltr'><strong>κινούσης</strong></span> <span class='ocrx_word' id='word_1_232' title='bbox 1470 737 1516 763; x_wconf 74' lang='grc' dir='ltr'>καὶ</span> <span class='ocrx_word' id='word_1_233' title='bbox 1530 736 1656 769; x_wconf 77' lang='grc' dir='ltr'>λέγεσθαι</span> <span class='ocrx_word' id='word_1_234' title='bbox 1682 736 1724 762; x_wconf 78' lang='grc' dir='ltr'><strong>ἐπ’</strong></span> <span class='ocrx_word' id='word_1_235' title='bbox 1740 736 1802 762; x_wconf 75' lang='grc' dir='ltr'><strong>Ἐκ-</strong></span> 
     </span>
    </p>
   </div>
   <div class='ocr_carea' id='block_1_34' title="bbox 1017 779 1803 817">
    <p class='ocr_par' dir='ltr' id='par_1_34' title="bbox 1017 779 1803 817">
     <span class='ocr_line' id='line_1_34' title="bbox 1017 779 1803 817; baseline -0.004 -8"><span class='ocrx_word' id='word_1_236' title='bbox 1017 782 1129 817; x_wconf 76' lang='grc' dir='ltr'>κλησίας</span> <span class='ocrx_word' id='word_1_237' title='bbox 1146 782 1309 816; x_wconf 67' lang='grc' dir='ltr'><strong>ἐὸεῆαιώθη.</strong></span> <span class='ocrx_word' id='word_1_238' title='bbox 1326 782 1358 808; x_wconf 71' lang='lat' dir='ltr'><strong>El</strong></span> <span class='ocrx_word' id='word_1_239' title='bbox 1371 791 1412 813; x_wconf 74' lang='grc' dir='ltr'><strong>τις</strong></span> <span class='ocrx_word' id='word_1_240' title='bbox 1425 780 1470 808; x_wconf 73' lang='grc' dir='ltr'>οὖν</span> <span class='ocrx_word' id='word_1_241' title='bbox 1481 788 1540 808; x_wconf 74' lang='grc' dir='ltr'>τινα</span> <span class='ocrx_word' id='word_1_242' title='bbox 1555 782 1636 816; x_wconf 74' lang='grc' dir='ltr'>ἤρετο</span> <span class='ocrx_word' id='word_1_243' title='bbox 1648 781 1712 815; x_wconf 71' lang='grc' dir='ltr'>πρὶν</span> <span class='ocrx_word' id='word_1_244' title='bbox 1726 781 1743 815; x_wconf 88' lang='grc' dir='ltr'>ἢ</span> <span class='ocrx_word' id='word_1_245' title='bbox 1755 779 1803 814; x_wconf 80' lang='grc' dir='ltr'>τὴν</span> 
     </span>
    </p>
   </div>
   <div class='ocr_carea' id='block_1_35' title="bbox 1017 825 1803 862">
    <p class='ocr_par' dir='ltr' id='par_1_35' title="bbox 1017 825 1803 862">
     <span class='ocr_line' id='line_1_35' title="bbox 1017 825 1803 862; baseline -0.003 -9"><span class='ocrx_word' id='word_1_246' title='bbox 1017 827 1129 862; x_wconf 79' lang='grc' dir='ltr'>πρώτην</span> <span class='ocrx_word' id='word_1_247' title='bbox 1144 827 1271 861; x_wconf 64' lang='grc' dir='ltr'>συστῆναι</span> <span class='ocrx_word' id='word_1_248' title='bbox 1284 826 1391 852; x_wconf 69' lang='grc' dir='ltr'>σύνοδον</span> <span class='ocrx_word' id='word_1_249' title='bbox 1405 827 1451 853; x_wconf 79' lang='grc' dir='ltr'><strong>ἐπὶ</strong></span> <span class='ocrx_word' id='word_1_250' title='bbox 1467 826 1611 860; x_wconf 73' lang='grc' dir='ltr'>βεϐαιώσει</span> <span class='ocrx_word' id='word_1_251' title='bbox 1620 826 1669 860; x_wconf 79' lang='grc' dir='ltr'>τῆς</span> <span class='ocrx_word' id='word_1_252' title='bbox 1679 825 1803 860; x_wconf 68' lang='grc' dir='ltr'>θεότητος</span> 
     </span>
    </p>
   </div>
   <div class='ocr_carea' id='block_1_36' title="bbox 1017 869 1804 905">
    <p class='ocr_par' dir='ltr' id='par_1_36' title="bbox 1017 869 1804 905">
     <span class='ocr_line' id='line_1_36' title="bbox 1017 869 1804 905; baseline -0.004 -8"><span class='ocrx_word' id='word_1_253' title='bbox 1017 871 1065 898; x_wconf 83' lang='grc' dir='ltr'>τοῦ</span> <span class='ocrx_word' id='word_1_254' title='bbox 1082 870 1159 903; x_wconf 81' lang='grc' dir='ltr'><strong>Υιοῦ,</strong></span> <span class='ocrx_word' id='word_1_255' title='bbox 1181 872 1205 897; x_wconf 75' lang='grc' dir='ltr'>εἰ</span> <span class='ocrx_word' id='word_1_256' title='bbox 1231 870 1374 905; x_wconf 82' lang='grc' dir='ltr'>ὁμοούσιος</span> <span class='ocrx_word' id='word_1_257' title='bbox 1391 872 1405 897; x_wconf 79' lang='grc' dir='ltr'><strong>ὁ</strong></span> <span class='ocrx_word' id='word_1_258' title='bbox 1422 871 1485 902; x_wconf 82' lang='grc' dir='ltr'>Υἱδς</span> <span class='ocrx_word' id='word_1_259' title='bbox 1512 869 1552 904; x_wconf 84' lang='grc' dir='ltr'>τῷ</span> <span class='ocrx_word' id='word_1_260' title='bbox 1567 869 1655 904; x_wconf 74' lang='grc' dir='ltr'>Πατρὶ</span> <span class='ocrx_word' id='word_1_261' title='bbox 1687 869 1804 903; x_wconf 78' lang='grc' dir='ltr'><strong>λέγοιτο,</strong></span> 
     </span>
    </p>
   </div>
   <div class='ocr_carea' id='block_1_37' title="bbox 1016 915 1804 951">
    <p class='ocr_par' dir='ltr' id='par_1_37' title="bbox 1016 915 1804 951">
     <span class='ocr_line' id='line_1_37' title="bbox 1016 915 1804 951; baseline -0.004 -8"><span class='ocrx_word' id='word_1_262' title='bbox 1016 917 1101 943; x_wconf 75' lang='grc' dir='ltr'><strong>ταύτὸ</strong></span> <span class='ocrx_word' id='word_1_263' title='bbox 1117 917 1223 948; x_wconf 83' lang='grc' dir='ltr'>πάντως</span> <span class='ocrx_word' id='word_1_264' title='bbox 1239 917 1271 944; x_wconf 84' lang='grc' dir='ltr'>ἂν</span> <span class='ocrx_word' id='word_1_265' title='bbox 1286 917 1416 951; x_wconf 71' lang='grc' dir='ltr'>ἤκουσεν,</span> <span class='ocrx_word' id='word_1_266' title='bbox 1433 917 1473 943; x_wconf 77' lang='grc' dir='ltr'>ὅτι</span> <span class='ocrx_word' id='word_1_267' title='bbox 1499 917 1530 942; x_wconf 89' lang='grc' dir='ltr'><strong>οὐ</strong></span> <span class='ocrx_word' id='word_1_268' title='bbox 1556 915 1687 950; x_wconf 83' lang='grc' dir='ltr'>λέγομεν·</span> <span class='ocrx_word' id='word_1_269' title='bbox 1702 915 1732 941; x_wconf 71' lang='grc' dir='ltr'><strong>οὐ</strong></span> <span class='ocrx_word' id='word_1_270' title='bbox 1751 915 1804 949; x_wconf 83' lang='grc' dir='ltr'>μὴν</span> 
     </span>
    </p>
   </div>
   <div class='ocr_carea' id='block_1_38' title="bbox 182 951 966 997">
    <p class='ocr_par' dir='ltr' id='par_1_38' title="bbox 182 960 963 997">
     <span class='ocr_line' id='line_1_38' title="bbox 182 960 963 997; baseline -0.006 -6"><span class='ocrx_word' id='word_1_271' title='bbox 182 964 317 995; x_wconf 83' lang='lat' dir='ltr'><strong>dicimus:</strong></span> <span class='ocrx_word' id='word_1_272' title='bbox 335 971 389 990; x_wconf 92' lang='lat' dir='ltr'><strong>non</strong></span> <span class='ocrx_word' id='word_1_273' title='bbox 405 970 493 990; x_wconf 88' lang='lat' dir='ltr'><strong>tamen</strong></span> <span class='ocrx_word' id='word_1_274' title='bbox 510 970 557 997; x_wconf 90' lang='lat' dir='ltr'><strong>per</strong></span> <span class='ocrx_word' id='word_1_275' title='bbox 573 962 625 989; x_wconf 90' lang='lat' dir='ltr'><strong>hoc</strong></span> <span class='ocrx_word' id='word_1_276' title='bbox 637 961 811 996; x_wconf 72' lang='lat' dir='ltr'><strong>significavit,</strong></span> <span class='ocrx_word' id='word_1_277' title='bbox 822 960 893 995; x_wconf 91' lang='lat' dir='ltr'><strong>quod</strong></span> <span class='ocrx_word' id='word_1_278' title='bbox 909 967 963 986; x_wconf 92' lang='lat' dir='ltr'><strong>non</strong></span> 
     </span>
    </p>
   </div>
   <div class='ocr_carea' id='block_1_39' title="bbox 1019 951 1805 997">
    <p class='ocr_par' dir='ltr' id='par_1_39' title="bbox 1019 960 1805 997">
     <span class='ocr_line' id='line_1_39' title="bbox 1019 960 1805 997; baseline -0.006 -7"><span class='ocrx_word' id='word_1_279' title='bbox 1019 964 1070 990; x_wconf 76' lang='grc' dir='ltr'><strong>ἀπὸ</strong></span> <span class='ocrx_word' id='word_1_280' title='bbox 1083 963 1176 989; x_wconf 82' lang='grc' dir='ltr'>τούτου</span> <span class='ocrx_word' id='word_1_281' title='bbox 1190 963 1348 997; x_wconf 74' lang='grc' dir='ltr'><strong>δεδήλωκεν,</strong></span> <span class='ocrx_word' id='word_1_282' title='bbox 1365 963 1406 989; x_wconf 74' lang='grc' dir='ltr'>ὅτι</span> <span class='ocrx_word' id='word_1_283' title='bbox 1420 963 1469 988; x_wconf 66' lang='grc' dir='ltr'><strong>οὐκ</strong></span> <span class='ocrx_word' id='word_1_284' title='bbox 1478 961 1547 988; x_wconf 72' lang='grc' dir='ltr'>ἔστι·</span> <span class='ocrx_word' id='word_1_285' title='bbox 1565 960 1691 988; x_wconf 74' lang='grc' dir='ltr'>τοσοῦτον</span> <span class='ocrx_word' id='word_1_286' title='bbox 1711 960 1738 986; x_wconf 75' lang='grc' dir='ltr'><strong>δε</strong></span> <span class='ocrx_word' id='word_1_287' title='bbox 1757 960 1805 986; x_wconf 68' lang='grc' dir='ltr'>καὶ</span> 
     </span>
    </p>
   </div>
   <div class='ocr_carea' id='block_1_40' title="bbox 182 1006 966 1043">
    <p class='ocr_par' dir='ltr' id='par_1_40' title="bbox 182 1006 966 1043">
     <span class='ocr_line' id='line_1_40' title="bbox 182 1006 966 1043; baseline -0.005 -6"><span class='ocrx_word' id='word_1_288' title='bbox 182 1010 233 1037; x_wconf 85' lang='lat' dir='ltr'><strong>sit:</strong></span> <span class='ocrx_word' id='word_1_289' title='bbox 253 1014 357 1036; x_wconf 87' lang='lat' dir='ltr'><strong>tantum</strong></span> <span class='ocrx_word' id='word_1_290' title='bbox 371 1009 424 1037; x_wconf 91' lang='lat' dir='ltr'><strong>hoc</strong></span> <span class='ocrx_word' id='word_1_291' title='bbox 436 1008 535 1040; x_wconf 87' lang='lat' dir='ltr'><strong>solum,</strong></span> <span class='ocrx_word' id='word_1_292' title='bbox 550 1008 622 1043; x_wconf 90' lang='lat' dir='ltr'><strong>quod</strong></span> <span class='ocrx_word' id='word_1_293' title='bbox 636 1015 724 1042; x_wconf 91' lang='lat' dir='ltr'><strong>neque</strong></span> <span class='ocrx_word' id='word_1_294' title='bbox 740 1008 766 1035; x_wconf 91' lang='lat' dir='ltr'><strong>in</strong></span> <span class='ocrx_word' id='word_1_295' title='bbox 781 1015 857 1035; x_wconf 89' lang='lat' dir='ltr'><strong>sacra</strong></span> <span class='ocrx_word' id='word_1_296' title='bbox 873 1006 966 1040; x_wconf 84' lang='lat' dir='ltr'><strong>Scrip-</strong></span> 
     </span>
    </p>
   </div>
   <div class='ocr_carea' id='block_1_41' title="bbox 184 1051 966 1090">
    <p class='ocr_par' dir='ltr' id='par_1_41' title="bbox 184 1051 966 1090">
     <span class='ocr_line' id='line_1_41' title="bbox 184 1051 966 1090; baseline -0.005 -8"><span class='ocrx_word' id='word_1_297' title='bbox 184 1061 257 1087; x_wconf 86' lang='lat' dir='ltr'><strong>tura,</strong></span> <span class='ocrx_word' id='word_1_298' title='bbox 278 1063 367 1090; x_wconf 88' lang='lat' dir='ltr'><strong>neqtte</strong></span> <span class='ocrx_word' id='word_1_299' title='bbox 389 1055 415 1081; x_wconf 92' lang='lat' dir='ltr'><strong>in</strong></span> <span class='ocrx_word' id='word_1_300' title='bbox 443 1063 494 1082; x_wconf 89' lang='lat' dir='ltr'><strong>usu</strong></span> <span class='ocrx_word' id='word_1_301' title='bbox 522 1054 555 1081; x_wconf 89' lang='lat' dir='ltr'><strong>ad</strong></span> <span class='ocrx_word' id='word_1_302' title='bbox 580 1054 693 1081; x_wconf 91' lang='lat' dir='ltr'><strong>verbum</strong></span> <span class='ocrx_word' id='word_1_303' title='bbox 721 1053 876 1088; x_wconf 76' lang='lat' dir='ltr'><strong>reperitur;</strong></span> <span class='ocrx_word' id='word_1_304' title='bbox 893 1051 966 1086; x_wconf 86' lang='lat' dir='ltr'><strong>quud</strong></span> 
     </span>
    </p>
   </div>
   <div class='ocr_carea' id='block_1_42' title="bbox 182 1099 966 1136">
    <p class='ocr_par' dir='ltr' id='par_1_42' title="bbox 182 1099 966 1136">
     <span class='ocr_line' id='line_1_42' title="bbox 182 1099 966 1136; baseline -0.004 -9"><span class='ocrx_word' id='word_1_305' title='bbox 182 1107 276 1136; x_wconf 78' lang='lat' dir='ltr'><strong>postea</strong></span> <span class='ocrx_word' id='word_1_306' title='bbox 294 1108 327 1127; x_wconf 80' lang='lat' dir='ltr'><strong>cx</strong></span> <span class='ocrx_word' id='word_1_307' title='bbox 351 1099 443 1127; x_wconf 89' lang='lat' dir='ltr'><strong>verbis</strong></span> <span class='ocrx_word' id='word_1_308' title='bbox 461 1107 544 1128; x_wconf 68' lang='lat' dir='ltr'><strong>sacra:</strong></span> <span class='ocrx_word' id='word_1_309' title='bbox 560 1099 711 1134; x_wconf 65' lang='lat' dir='ltr'><strong>Scriptum</strong></span> <span class='ocrx_word' id='word_1_310' title='bbox 737 1099 966 1130; x_wconf 88' lang='lat' dir='ltr'><strong>detnonstratum,</strong></span> 
     </span>
    </p>
   </div>
   <div class='ocr_carea' id='block_1_43' title="bbox 183 1144 968 1177">
    <p class='ocr_par' dir='ltr' id='par_1_43' title="bbox 183 1144 968 1177">
     <span class='ocr_line' id='line_1_43' title="bbox 183 1144 968 1177; baseline -0.004 -4"><span class='ocrx_word' id='word_1_311' title='bbox 183 1147 219 1173; x_wconf 88' lang='lat' dir='ltr'><strong>ita</strong></span> <span class='ocrx_word' id='word_1_312' title='bbox 236 1154 296 1173; x_wconf 73' lang='lat' dir='ltr'><strong>esse</strong></span> <span class='ocrx_word' id='word_1_313' title='bbox 311 1150 444 1172; x_wconf 87' lang='lat' dir='ltr'><strong>statutum</strong></span> <span class='ocrx_word' id='word_1_314' title='bbox 462 1149 514 1177; x_wconf 79' lang='lat' dir='ltr'><strong>cst,</strong></span> <span class='ocrx_word' id='word_1_315' title='bbox 537 1149 566 1172; x_wconf 91' lang='lat' dir='ltr'><strong>ut</strong></span> <span class='ocrx_word' id='word_1_316' title='bbox 581 1145 706 1172; x_wconf 90' lang='lat' dir='ltr'><strong>ordinem</strong></span> <span class='ocrx_word' id='word_1_317' title='bbox 728 1144 868 1171; x_wconf 80' lang='lat' dir='ltr'><strong>ascribaut</strong></span> <span class='ocrx_word' id='word_1_318' title='bbox 883 1144 968 1170; x_wconf 69' lang='lat' dir='ltr'><strong>lucre-</strong></span> 
     </span>
    </p>
   </div>
   <div class='ocr_carea' id='block_1_44' title="bbox 183 1189 967 1225">
    <p class='ocr_par' dir='ltr' id='par_1_44' title="bbox 183 1189 967 1225">
     <span class='ocr_line' id='line_1_44' title="bbox 183 1189 967 1225; baseline -0.004 -6"><span class='ocrx_word' id='word_1_319' title='bbox 183 1193 300 1219; x_wconf 87' lang='lat' dir='ltr'><strong>ticorutn</strong></span> <span class='ocrx_word' id='word_1_320' title='bbox 317 1199 379 1218; x_wconf 88' lang='lat' dir='ltr'><strong>eum</strong></span> <span class='ocrx_word' id='word_1_321' title='bbox 397 1191 443 1225; x_wconf 87' lang='lat' dir='ltr'><strong>qui</strong></span> <span class='ocrx_word' id='word_1_322' title='bbox 469 1191 522 1218; x_wconf 89' lang='lat' dir='ltr'><strong>hoc</strong></span> <span class='ocrx_word' id='word_1_323' title='bbox 539 1198 593 1218; x_wconf 88' lang='lat' dir='ltr'><strong>non</strong></span> <span class='ocrx_word' id='word_1_324' title='bbox 618 1190 775 1223; x_wconf 84' lang='lat' dir='ltr'><strong>confitetur,</strong></span> <span class='ocrx_word' id='word_1_325' title='bbox 791 1189 863 1217; x_wconf 89' lang='lat' dir='ltr'><strong>idem</strong></span> <span class='ocrx_word' id='word_1_326' title='bbox 886 1194 915 1216; x_wconf 91' lang='lat' dir='ltr'><strong>et</strong></span> <span class='ocrx_word' id='word_1_327' title='bbox 933 1189 967 1217; x_wconf 86' lang='lat' dir='ltr'><strong>de</strong></span> 
     </span>
    </p>
   </div>
   <div class='ocr_carea' id='block_1_45' title="bbox 183 1235 592 1271">
    <p class='ocr_par' dir='ltr' id='par_1_45' title="bbox 183 1235 592 1271">
     <span class='ocr_line' id='line_1_45' title="bbox 183 1235 592 1271; baseline 0 -8"><span class='ocrx_word' id='word_1_328' title='bbox 183 1243 214 1263; x_wconf 83' lang='lat' dir='ltr'><strong>re</strong></span> <span class='ocrx_word' id='word_1_329' title='bbox 232 1236 360 1271; x_wconf 68' lang='lat' dir='ltr'><strong>praesenti</strong></span> <span class='ocrx_word' id='word_1_330' title='bbox 378 1235 525 1262; x_wconf 85' lang='lat' dir='ltr'><strong>dicendum</strong></span> <span class='ocrx_word' id='word_1_331' title='bbox 539 1240 592 1263; x_wconf 85' lang='lat' dir='ltr'><strong>est.</strong></span> 
     </span>
    </p>
   </div>
   <div class='ocr_carea' id='block_1_46' title="bbox 219 1322 968 1357">
    <p class='ocr_par' dir='ltr' id='par_1_46' title="bbox 219 1322 968 1357">
     <span class='ocr_line' id='line_1_46' title="bbox 219 1322 968 1357; baseline 0 -8"><span class='ocrx_word' id='word_1_332' title='bbox 219 1322 296 1356; x_wconf 84' lang='lat' dir='ltr'><strong>Quod</strong></span> <span class='ocrx_word' id='word_1_333' title='bbox 328 1322 410 1357; x_wconf 75' lang='lat' dir='ltr'><strong>igitur</strong></span> <span class='ocrx_word' id='word_1_334' title='bbox 435 1323 579 1357; x_wconf 63' lang='lat' dir='ltr'><strong>prasposito</strong></span> <span class='ocrx_word' id='word_1_335' title='bbox 607 1331 653 1357; x_wconf 83' lang='lat' dir='ltr'><strong>per</strong></span> <span class='ocrx_word' id='word_1_336' title='bbox 680 1330 694 1349; x_wconf 88' lang='lat' dir='ltr'><strong>a</strong></span> <span class='ocrx_word' id='word_1_337' title='bbox 712 1323 907 1357; x_wconf 66' lang='lat' dir='ltr'><strong>praepositione</strong></span> <span class='ocrx_word' id='word_1_338' title='bbox 936 1330 968 1349; x_wconf 74' lang='lat' dir='ltr'><strong>ex</strong></span> 
     </span>
    </p>
   </div>
   <div class='ocr_carea' id='block_1_47' title="bbox 183 1366 967 1401">
    <p class='ocr_par' dir='ltr' id='par_1_47' title="bbox 183 1366 967 1401">
     <span class='ocr_line' id='line_1_47' title="bbox 183 1366 967 1401; baseline -0.003 -6"><span class='ocrx_word' id='word_1_339' title='bbox 183 1368 252 1396; x_wconf 84' lang='lat' dir='ltr'><strong>nihil</strong></span> <span class='ocrx_word' id='word_1_340' title='bbox 273 1367 391 1398; x_wconf 74' lang='lat' dir='ltr'><strong>differat,</strong></span> <span class='ocrx_word' id='word_1_341' title='bbox 410 1366 462 1393; x_wconf 90' lang='lat' dir='ltr'><strong>nisi</strong></span> <span class='ocrx_word' id='word_1_342' title='bbox 477 1366 550 1401; x_wconf 90' lang='lat' dir='ltr'><strong>quod</strong></span> <span class='ocrx_word' id='word_1_343' title='bbox 565 1366 715 1401; x_wconf 75' lang='lat' dir='ltr'><strong>distinguat</strong></span> <span class='ocrx_word' id='word_1_344' title='bbox 732 1367 900 1401; x_wconf 79' lang='lat' dir='ltr'><strong>hypostascs,</strong></span> <span class='ocrx_word' id='word_1_345' title='bbox 925 1372 967 1393; x_wconf 80' lang='lat' dir='ltr'><strong>at-</strong></span> 
     </span>
    </p>
   </div>
   <div class='ocr_carea' id='block_1_48' title="bbox 182 1411 967 1450">
    <p class='ocr_par' dir='ltr' id='par_1_48' title="bbox 182 1411 967 1450">
     <span class='ocr_line' id='line_1_48' title="bbox 182 1411 967 1450; baseline -0.003 -9"><span class='ocrx_word' id='word_1_346' title='bbox 182 1422 237 1450; x_wconf 82' lang='lat' dir='ltr'><strong>que</strong></span> <span class='ocrx_word' id='word_1_347' title='bbox 261 1414 332 1440; x_wconf 88' lang='lat' dir='ltr'><strong>inter</strong></span> <span class='ocrx_word' id='word_1_348' title='bbox 349 1420 378 1440; x_wconf 89' lang='lat' dir='ltr'><strong>se</strong></span> <span class='ocrx_word' id='word_1_349' title='bbox 403 1412 527 1439; x_wconf 81' lang='lat' dir='ltr'><strong>ordinem</strong></span> <span class='ocrx_word' id='word_1_350' title='bbox 545 1412 651 1438; x_wconf 87' lang='lat' dir='ltr'><strong>illarutn</strong></span> <span class='ocrx_word' id='word_1_351' title='bbox 669 1411 813 1446; x_wconf 80' lang='lat' dir='ltr'><strong>significet.</strong></span> <span class='ocrx_word' id='word_1_352' title='bbox 834 1416 862 1439; x_wconf 85' lang='lat' dir='ltr'><strong>et</strong></span> <span class='ocrx_word' id='word_1_353' title='bbox 885 1420 967 1439; x_wconf 90' lang='lat' dir='ltr'><strong>unam</strong></span> 
     </span>
    </p>
   </div>
   <div class='ocr_carea' id='block_1_49' title="bbox 182 1457 965 1494">
    <p class='ocr_par' dir='ltr' id='par_1_49' title="bbox 182 1457 965 1494">
     <span class='ocr_line' id='line_1_49' title="bbox 182 1457 965 1494; baseline -0.005 -6"><span class='ocrx_word' id='word_1_354' title='bbox 182 1467 244 1488; x_wconf 87' lang='lat' dir='ltr'><strong>esse</strong></span> <span class='ocrx_word' id='word_1_355' title='bbox 260 1459 447 1494; x_wconf 84' lang='lat' dir='ltr'><strong>operationem</strong></span> <span class='ocrx_word' id='word_1_356' title='bbox 471 1457 609 1489; x_wconf 85' lang='lat' dir='ltr'><strong>ostendat,</strong></span> <span class='ocrx_word' id='word_1_357' title='bbox 630 1457 686 1484; x_wconf 82' lang='lat' dir='ltr'><strong>sive</strong></span> <span class='ocrx_word' id='word_1_358' title='bbox 702 1465 733 1484; x_wconf 84' lang='lat' dir='ltr'><strong>ex</strong></span> <span class='ocrx_word' id='word_1_359' title='bbox 756 1458 835 1485; x_wconf 81' lang='lat' dir='ltr'><strong>Patre</strong></span> <span class='ocrx_word' id='word_1_360' title='bbox 853 1465 902 1492; x_wconf 89' lang='lat' dir='ltr'><strong>per</strong></span> <span class='ocrx_word' id='word_1_361' title='bbox 920 1457 965 1484; x_wconf 84' lang='lat' dir='ltr'><strong>Fi-</strong></span> 
     </span>
    </p>
   </div>
   <div class='ocr_carea' id='block_1_50' title="bbox 184 1502 968 1534">
    <p class='ocr_par' dir='ltr' id='par_1_50' title="bbox 184 1502 968 1534">
     <span class='ocr_line' id='line_1_50' title="bbox 184 1502 968 1534; baseline -0.001 -3"><span class='ocrx_word' id='word_1_362' title='bbox 184 1506 250 1532; x_wconf 88' lang='lat' dir='ltr'><strong>ltum</strong></span> <span class='ocrx_word' id='word_1_363' title='bbox 267 1508 366 1530; x_wconf 84' lang='lat' dir='ltr'><strong>cuncta</strong></span> <span class='ocrx_word' id='word_1_364' title='bbox 392 1503 502 1530; x_wconf 82' lang='lat' dir='ltr'><strong>condita</strong></span> <span class='ocrx_word' id='word_1_365' title='bbox 527 1510 587 1530; x_wconf 86' lang='lat' dir='ltr'><strong>esse</strong></span> <span class='ocrx_word' id='word_1_366' title='bbox 605 1502 742 1534; x_wconf 89' lang='lat' dir='ltr'><strong>dicantur,</strong></span> <span class='ocrx_word' id='word_1_367' title='bbox 768 1503 826 1529; x_wconf 83' lang='lat' dir='ltr'><strong>sive</strong></span> <span class='ocrx_word' id='word_1_368' title='bbox 840 1510 871 1530; x_wconf 85' lang='lat' dir='ltr'><strong>ex</strong></span> <span class='ocrx_word' id='word_1_369' title='bbox 891 1503 968 1530; x_wconf 79' lang='lat' dir='ltr'><strong>l‘atre</strong></span> 
     </span>
    </p>
   </div>
   <div class='ocr_carea' id='block_1_51' title="bbox 183 1547 966 1585">
    <p class='ocr_par' dir='ltr' id='par_1_51' title="bbox 183 1547 966 1585">
     <span class='ocr_line' id='line_1_51' title="bbox 183 1547 966 1585; baseline -0.005 -8"><span class='ocrx_word' id='word_1_370' title='bbox 183 1558 232 1585; x_wconf 80' lang='lat' dir='ltr'><strong>per</strong></span> <span class='ocrx_word' id='word_1_371' title='bbox 267 1549 365 1576; x_wconf 89' lang='lat' dir='ltr'><strong>Filium</strong></span> <span class='ocrx_word' id='word_1_372' title='bbox 396 1547 514 1582; x_wconf 86' lang='lat' dir='ltr'><strong>Spiritus</strong></span> <span class='ocrx_word' id='word_1_373' title='bbox 541 1552 651 1575; x_wconf 81' lang='lat' dir='ltr'><strong>sanctus</strong></span> <span class='ocrx_word' id='word_1_374' title='bbox 679 1548 827 1581; x_wconf 82' lang='lat' dir='ltr'><strong>procedere</strong></span> <span class='ocrx_word' id='word_1_375' title='bbox 850 1547 966 1580; x_wconf 87' lang='lat' dir='ltr'><strong>dicatur,</strong></span> 
     </span>
    </p>
   </div>
   <div class='ocr_carea' id='block_1_52' title="bbox 183 1593 966 1627">
    <p class='ocr_par' dir='ltr' id='par_1_52' title="bbox 183 1593 966 1627">
     <span class='ocr_line' id='line_1_52' title="bbox 183 1593 966 1627; baseline -0.004 -5"><span class='ocrx_word' id='word_1_376' title='bbox 183 1595 358 1622; x_wconf 85' lang='lat' dir='ltr'><strong>manifestum</strong></span> <span class='ocrx_word' id='word_1_377' title='bbox 375 1598 426 1625; x_wconf 86' lang='lat' dir='ltr'><strong>est,</strong></span> <span class='ocrx_word' id='word_1_378' title='bbox 444 1600 505 1620; x_wconf 88' lang='lat' dir='ltr'><strong>cum</strong></span> <span class='ocrx_word' id='word_1_379' title='bbox 517 1600 550 1619; x_wconf 85' lang='lat' dir='ltr'><strong>ex</strong></span> <span class='ocrx_word' id='word_1_380' title='bbox 565 1593 621 1627; x_wconf 83' lang='lat' dir='ltr'><strong>ipsa</strong></span> <span class='ocrx_word' id='word_1_381' title='bbox 637 1593 807 1627; x_wconf 88' lang='lat' dir='ltr'><strong>operatione,</strong></span> <span class='ocrx_word' id='word_1_382' title='bbox 822 1597 851 1619; x_wconf 94' lang='lat' dir='ltr'><strong>ut</strong></span> <span class='ocrx_word' id='word_1_383' title='bbox 864 1593 966 1619; x_wconf 90' lang='lat' dir='ltr'><strong>dictum</strong></span> 
     </span>
    </p>
   </div>
   <div class='ocr_carea' id='block_1_53' title="bbox 181 1638 967 1672">
    <p class='ocr_par' dir='ltr' id='par_1_53' title="bbox 181 1638 967 1672">
     <span class='ocr_line' id='line_1_53' title="bbox 181 1638 967 1672; baseline -0.005 -5"><span class='ocrx_word' id='word_1_384' title='bbox 181 1644 234 1668; x_wconf 66' lang='lat' dir='ltr'><strong>est.</strong></span> <span class='ocrx_word' id='word_1_385' title='bbox 254 1644 310 1666; x_wconf 92' lang='lat' dir='ltr'><strong>tum</strong></span> <span class='ocrx_word' id='word_1_386' title='bbox 327 1646 360 1665; x_wconf 79' lang='lat' dir='ltr'><strong>ex</strong></span> <span class='ocrx_word' id='word_1_387' title='bbox 381 1638 541 1665; x_wconf 78' lang='lat' dir='ltr'><strong>doctoribus</strong></span> <span class='ocrx_word' id='word_1_388' title='bbox 568 1638 614 1672; x_wconf 89' lang='lat' dir='ltr'><strong>qui</strong></span> <span class='ocrx_word' id='word_1_389' title='bbox 634 1645 805 1672; x_wconf 80' lang='lat' dir='ltr'><strong>nequaquam</strong></span> <span class='ocrx_word' id='word_1_390' title='bbox 827 1638 967 1672; x_wconf 87' lang='lat' dir='ltr'><strong>patiuntur</strong></span> 
     </span>
    </p>
   </div>
   <div class='ocr_carea' id='block_1_54' title="bbox 184 1685 965 1720">
    <p class='ocr_par' dir='ltr' id='par_1_54' title="bbox 184 1685 965 1720">
     <span class='ocr_line' id='line_1_54' title="bbox 184 1685 965 1720; baseline -0.003 -7"><span class='ocrx_word' id='word_1_391' title='bbox 184 1687 304 1719; x_wconf 44' lang='grc' dir='ltr'>(ἠξίωτο</span> <span class='ocrx_word' id='word_1_392' title='bbox 330 1685 511 1713; x_wconf 70' lang='lat' dir='ltr'><strong>differentiam</strong></span> <span class='ocrx_word' id='word_1_393' title='bbox 533 1685 650 1719; x_wconf 88' lang='lat' dir='ltr'><strong>aliquam</strong></span> <span class='ocrx_word' id='word_1_394' title='bbox 667 1685 917 1720; x_wconf 88' lang='lat' dir='ltr'><strong>quotnodocunqtte</strong></span> <span class='ocrx_word' id='word_1_395' title='bbox 937 1685 965 1711; x_wconf 88' lang='lat' dir='ltr'><strong>in</strong></span> 
     </span>
    </p>
   </div>
   <div class='ocr_carea' id='block_1_55' title="bbox 188 1731 968 1773">
    <p class='ocr_par' dir='ltr' id='par_1_55' title="bbox 188 1731 968 1773">
     <span class='ocr_line' id='line_1_55' title="bbox 188 1731 968 1773; baseline -0.01 -7"><span class='ocrx_word' id='word_1_396' title='bbox 188 1739 231 1766; x_wconf 85' lang='lat' dir='ltr'><strong>his</strong></span> <span class='ocrx_word' id='word_1_397' title='bbox 248 1734 488 1773; x_wconf 56' lang='lat' dir='ltr'><strong>prmposi‘tmﬁlms</strong></span> <span class='ocrx_word' id='word_1_398' title='bbox 505 1733 540 1760; x_wconf 90' lang='lat' dir='ltr'><strong>ob</strong></span> <span class='ocrx_word' id='word_1_399' title='bbox 556 1740 636 1760; x_wconf 86' lang='lat' dir='ltr'><strong>uuam</strong></span> <span class='ocrx_word' id='word_1_400' title='bbox 655 1731 845 1764; x_wconf 84' lang='lat' dir='ltr'><strong>substantiam,</strong></span> <span class='ocrx_word' id='word_1_401' title='bbox 862 1736 890 1759; x_wconf 89' lang='lat' dir='ltr'><strong>et</strong></span> <span class='ocrx_word' id='word_1_402' title='bbox 904 1739 968 1766; x_wconf 85' lang='lat' dir='ltr'><strong>pro-</strong></span> 
     </span>
    </p>
   </div>
   <div class='ocr_carea' id='block_1_56' title="bbox 185 1777 964 1817">
    <p class='ocr_par' dir='ltr' id='par_1_56' title="bbox 185 1777 964 1817">
     <span class='ocr_line' id='line_1_56' title="bbox 185 1777 964 1817; baseline -0.009 -6"><span class='ocrx_word' id='word_1_403' title='bbox 185 1792 292 1811; x_wconf 87' lang='lat' dir='ltr'><strong>cessum</strong></span> <span class='ocrx_word' id='word_1_404' title='bbox 305 1793 312 1810; x_wconf 90' lang='lat'>:</span> <span class='ocrx_word' id='word_1_405' title='bbox 328 1783 409 1817; x_wconf 88' lang='lat' dir='ltr'><strong>idque</strong></span> <span class='ocrx_word' id='word_1_406' title='bbox 419 1788 460 1809; x_wconf 87' lang='lat' dir='ltr'><strong>est</strong></span> <span class='ocrx_word' id='word_1_407' title='bbox 475 1779 597 1808; x_wconf 73' lang='lat' dir='ltr'><strong>omnium</strong></span> <span class='ocrx_word' id='word_1_408' title='bbox 613 1783 769 1805; x_wconf 87' lang='lat' dir='ltr'><strong>sanctorum</strong></span> <span class='ocrx_word' id='word_1_409' title='bbox 784 1777 906 1811; x_wconf 85' lang='lat' dir='ltr'><strong>Patrum,</strong></span> <span class='ocrx_word' id='word_1_410' title='bbox 917 1777 964 1812; x_wconf 86' lang='lat' dir='ltr'><strong>qui</strong></span> 
     </span>
    </p>
   </div>
   <div class='ocr_carea' id='block_1_57' title="bbox 185 1823 967 1862">
    <p class='ocr_par' dir='ltr' id='par_1_57' title="bbox 185 1823 967 1862">
     <span class='ocr_line' id='line_1_57' title="bbox 185 1823 967 1862; baseline -0.009 -6"><span class='ocrx_word' id='word_1_411' title='bbox 185 1829 346 1856; x_wconf 88' lang='lat' dir='ltr'><strong>imlistinctc</strong></span> <span class='ocrx_word' id='word_1_412' title='bbox 369 1835 476 1862; x_wconf 80' lang='lat' dir='ltr'><strong>aequum</strong></span> <span class='ocrx_word' id='word_1_413' title='bbox 492 1834 552 1853; x_wconf 91' lang='lat' dir='ltr'><strong>esse</strong></span> <span class='ocrx_word' id='word_1_414' title='bbox 572 1827 750 1857; x_wconf 76' lang='lat' dir='ltr'><strong>censuerunt,</strong></span> <span class='ocrx_word' id='word_1_415' title='bbox 770 1828 851 1859; x_wconf 83' lang='lat' dir='ltr'><strong>atque</strong></span> <span class='ocrx_word' id='word_1_416' title='bbox 868 1823 967 1858; x_wconf 85' lang='lat' dir='ltr'><strong>proba-</strong></span> 
     </span>
    </p>
   </div>
   <div class='ocr_carea' id='block_1_58' title="bbox 184 1870 966 1908">
    <p class='ocr_par' dir='ltr' id='par_1_58' title="bbox 184 1870 966 1908">
     <span class='ocr_line' id='line_1_58' title="bbox 184 1870 966 1908; baseline -0.008 -6"><span class='ocrx_word' id='word_1_417' title='bbox 184 1880 249 1902; x_wconf 89' lang='lat' dir='ltr'><strong>runt</strong></span> <span class='ocrx_word' id='word_1_418' title='bbox 271 1882 286 1901; x_wconf 90' lang='lat' dir='ltr'><strong>a</strong></span> <span class='ocrx_word' id='word_1_419' title='bbox 301 1874 440 1908; x_wconf 88' lang='lat' dir='ltr'><strong>Scriptura</strong></span> <span class='ocrx_word' id='word_1_420' title='bbox 458 1873 485 1898; x_wconf 92' lang='lat' dir='ltr'><strong>in</strong></span> <span class='ocrx_word' id='word_1_421' title='bbox 511 1873 590 1899; x_wconf 85' lang='lat' dir='ltr'><strong>Patre</strong></span> <span class='ocrx_word' id='word_1_422' title='bbox 611 1871 734 1905; x_wconf 81' lang='lat' dir='ltr'><strong>Filioque</strong></span> <span class='ocrx_word' id='word_1_423' title='bbox 754 1870 966 1897; x_wconf 82' lang='lat' dir='ltr'><strong>indiﬂ&#39;erentiam</strong></span> 
     </span>
    </p>
   </div>
   <div class='ocr_carea' id='block_1_59' title="bbox 184 1914 966 1954">
    <p class='ocr_par' dir='ltr' id='par_1_59' title="bbox 184 1914 966 1954">
     <span class='ocr_line' id='line_1_59' title="bbox 184 1914 966 1954; baseline -0.006 -8"><span class='ocrx_word' id='word_1_424' title='bbox 184 1919 418 1954; x_wconf 72' lang='lat' dir='ltr'><strong>pnepositionum.</strong></span> <span class='ocrx_word' id='word_1_425' title='bbox 445 1917 552 1951; x_wconf 85' lang='lat' dir='ltr'><strong>Quippe</strong></span> <span class='ocrx_word' id='word_1_426' title='bbox 582 1916 741 1943; x_wconf 78' lang='lat' dir='ltr'><strong>existimare</strong></span> <span class='ocrx_word' id='word_1_427' title='bbox 759 1914 814 1942; x_wconf 67' lang='lat' dir='ltr'><strong>has</strong></span> <span class='ocrx_word' id='word_1_428' title='bbox 833 1915 966 1949; x_wconf 70' lang='lat' dir='ltr'><strong>praeposi-</strong></span> 
     </span>
    </p>
   </div>
   <div class='ocr_carea' id='block_1_60' title="bbox 192 1960 967 1995">
    <p class='ocr_par' dir='ltr' id='par_1_60' title="bbox 192 1960 967 1995">
     <span class='ocr_line' id='line_1_60' title="bbox 192 1960 967 1995; baseline -0.005 -3"><span class='ocrx_word' id='word_1_429' title='bbox 192 1966 280 1992; x_wconf 88' lang='lat' dir='ltr'><strong>tiones</strong></span> <span class='ocrx_word' id='word_1_430' title='bbox 301 1964 327 1991; x_wconf 92' lang='lat' dir='ltr'><strong>in</strong></span> <span class='ocrx_word' id='word_1_431' title='bbox 348 1963 427 1990; x_wconf 85' lang='lat' dir='ltr'><strong>Patre</strong></span> <span class='ocrx_word' id='word_1_432' title='bbox 442 1970 473 1989; x_wconf 88' lang='lat' dir='ltr'><strong>ac</strong></span> <span class='ocrx_word' id='word_1_433' title='bbox 496 1962 564 1989; x_wconf 81' lang='lat' dir='ltr'><strong>Filio</strong></span> <span class='ocrx_word' id='word_1_434' title='bbox 579 1960 701 1992; x_wconf 86' lang='lat' dir='ltr'><strong>dierrrc,</strong></span> <span class='ocrx_word' id='word_1_435' title='bbox 719 1961 894 1995; x_wconf 89' lang='lat' dir='ltr'><strong>antiquorutn</strong></span> <span class='ocrx_word' id='word_1_436' title='bbox 911 1960 967 1988; x_wconf 66' lang='lat' dir='ltr'><strong>haz-</strong></span> 
     </span>
    </p>
   </div>
   <div class='ocr_carea' id='block_1_61' title="bbox 185 2006 965 2043">
    <p class='ocr_par' dir='ltr' id='par_1_61' title="bbox 185 2006 965 2043">
     <span class='ocr_line' id='line_1_61' title="bbox 185 2006 965 2043; baseline -0.006 -6"><span class='ocrx_word' id='word_1_437' title='bbox 185 2011 331 2038; x_wconf 88' lang='lat' dir='ltr'><strong>retieorutn</strong></span> <span class='ocrx_word' id='word_1_438' title='bbox 344 2013 412 2041; x_wconf 83' lang='lat' dir='ltr'><strong>erat,</strong></span> <span class='ocrx_word' id='word_1_439' title='bbox 428 2008 473 2042; x_wconf 91' lang='lat' dir='ltr'><strong>qui</strong></span> <span class='ocrx_word' id='word_1_440' title='bbox 485 2015 517 2034; x_wconf 78' lang='lat' dir='ltr'><strong>ex</strong></span> <span class='ocrx_word' id='word_1_441' title='bbox 532 2008 583 2034; x_wconf 92' lang='lat' dir='ltr'><strong>hoc</strong></span> <span class='ocrx_word' id='word_1_442' title='bbox 595 2006 755 2034; x_wconf 90' lang='lat' dir='ltr'><strong>discrimine</strong></span> <span class='ocrx_word' id='word_1_443' title='bbox 767 2006 965 2043; x_wconf 82' lang='lat' dir='ltr'><strong>potentiarpm,</strong></span> 
     </span>
    </p>
   </div>
   <div class='ocr_carea' id='block_1_62' title="bbox 185 2053 967 2088">
    <p class='ocr_par' dir='ltr' id='par_1_62' title="bbox 185 2053 967 2088">
     <span class='ocr_line' id='line_1_62' title="bbox 185 2053 967 2088; baseline -0.005 -5"><span class='ocrx_word' id='word_1_444' title='bbox 185 2058 334 2087; x_wconf 86' lang='lat' dir='ltr'><strong>actionum,</strong></span> <span class='ocrx_word' id='word_1_445' title='bbox 351 2060 432 2088; x_wconf 89' lang='lat' dir='ltr'><strong>atque</strong></span> <span class='ocrx_word' id='word_1_446' title='bbox 447 2053 662 2088; x_wconf 89' lang='lat' dir='ltr'><strong>proccssionum,</strong></span> <span class='ocrx_word' id='word_1_447' title='bbox 682 2058 711 2081; x_wconf 85' lang='lat' dir='ltr'><strong>et</strong></span> <span class='ocrx_word' id='word_1_448' title='bbox 730 2061 779 2087; x_wconf 87' lang='lat' dir='ltr'><strong>per</strong></span> <span class='ocrx_word' id='word_1_449' title='bbox 794 2060 967 2087; x_wconf 88' lang='lat' dir='ltr'><strong>consequens</strong></span> 
     </span>
    </p>
   </div>
   <div class='ocr_carea' id='block_1_63' title="bbox 185 2097 966 2129">
    <p class='ocr_par' dir='ltr' id='par_1_63' title="bbox 185 2097 966 2129">
     <span class='ocr_line' id='line_1_63' title="bbox 185 2097 966 2129; baseline -0.003 -1"><span class='ocrx_word' id='word_1_450' title='bbox 185 2101 402 2129; x_wconf 80' lang='lat' dir='ltr'><strong>substanttarum</strong></span> <span class='ocrx_word' id='word_1_451' title='bbox 439 2099 621 2126; x_wconf 76' lang='lat' dir='ltr'><strong>differentiam</strong></span> <span class='ocrx_word' id='word_1_452' title='bbox 662 2097 792 2125; x_wconf 88' lang='lat' dir='ltr'><strong>inducere</strong></span> <span class='ocrx_word' id='word_1_453' title='bbox 827 2098 966 2126; x_wconf 79' lang='lat' dir='ltr'><strong>volebant.</strong></span> 
     </span>
    </p>
   </div>
   <div class='ocr_carea' id='block_1_64' title="bbox 187 2144 968 2180">
    <p class='ocr_par' dir='ltr' id='par_1_64' title="bbox 187 2144 968 2180">
     <span class='ocr_line' id='line_1_64' title="bbox 187 2144 968 2180; baseline -0.003 -7"><span class='ocrx_word' id='word_1_454' title='bbox 187 2145 423 2180; x_wconf 78' lang='lat' dir='ltr'><strong>Quemadmodum</strong></span> <span class='ocrx_word' id='word_1_455' title='bbox 451 2145 573 2179; x_wconf 85' lang='lat' dir='ltr'><strong>profecto</strong></span> <span class='ocrx_word' id='word_1_456' title='bbox 589 2150 617 2172; x_wconf 89' lang='lat' dir='ltr'><strong>et</strong></span> <span class='ocrx_word' id='word_1_457' title='bbox 633 2144 694 2177; x_wconf 89' lang='lat' dir='ltr'><strong>hos,</strong></span> <span class='ocrx_word' id='word_1_458' title='bbox 712 2145 758 2179; x_wconf 88' lang='lat' dir='ltr'><strong>qui</strong></span> <span class='ocrx_word' id='word_1_459' title='bbox 778 2152 852 2172; x_wconf 90' lang='lat' dir='ltr'><strong>nunc</strong></span> <span class='ocrx_word' id='word_1_460' title='bbox 868 2144 968 2171; x_wconf 88' lang='lat' dir='ltr'><strong>distiu-</strong></span> 
     </span>
    </p>
   </div>
   <div class='ocr_carea' id='block_1_65' title="bbox 185 2189 969 2226">
    <p class='ocr_par' dir='ltr' id='par_1_65' title="bbox 185 2189 969 2226">
     <span class='ocr_line' id='line_1_65' title="bbox 185 2189 969 2226; baseline -0.003 -8"><span class='ocrx_word' id='word_1_461' title='bbox 185 2199 269 2226; x_wconf 69' lang='lat' dir='ltr'><strong>guere</strong></span> <span class='ocrx_word' id='word_1_462' title='bbox 287 2191 391 2224; x_wconf 89' lang='lat' dir='ltr'><strong>volunt,</strong></span> <span class='ocrx_word' id='word_1_463' title='bbox 417 2189 574 2217; x_wconf 82' lang='lat' dir='ltr'><strong>necessario</strong></span> <span class='ocrx_word' id='word_1_464' title='bbox 593 2190 719 2224; x_wconf 90' lang='lat' dir='ltr'><strong>sequitur</strong></span> <span class='ocrx_word' id='word_1_465' title='bbox 734 2190 816 2217; x_wconf 86' lang='lat' dir='ltr'><strong>etiam</strong></span> <span class='ocrx_word' id='word_1_466' title='bbox 842 2190 969 2217; x_wconf 85' lang='lat' dir='ltr'><strong>substan-</strong></span> 
     </span>
    </p>
   </div>
   <div class='ocr_carea' id='block_1_66' title="bbox 186 2234 965 2270">
    <p class='ocr_par' dir='ltr' id='par_1_66' title="bbox 186 2234 965 2270">
     <span class='ocr_line' id='line_1_66' title="bbox 186 2234 965 2270; baseline -0.003 -7"><span class='ocrx_word' id='word_1_467' title='bbox 186 2237 230 2264; x_wconf 75' lang='lat' dir='ltr'><strong>tia:</strong></span> <span class='ocrx_word' id='word_1_468' title='bbox 248 2236 399 2263; x_wconf 70' lang='lat' dir='ltr'><strong>distinctio.</strong></span> <span class='ocrx_word' id='word_1_469' title='bbox 421 2235 506 2270; x_wconf 86' lang='lat' dir='ltr'><strong>llujus</strong></span> <span class='ocrx_word' id='word_1_470' title='bbox 523 2235 595 2262; x_wconf 89' lang='lat' dir='ltr'><strong>enim</strong></span> <span class='ocrx_word' id='word_1_471' title='bbox 612 2234 684 2269; x_wconf 91' lang='lat' dir='ltr'><strong>quod</strong></span> <span class='ocrx_word' id='word_1_472' title='bbox 700 2235 771 2261; x_wconf 89' lang='lat' dir='ltr'><strong>hanc</strong></span> <span class='ocrx_word' id='word_1_473' title='bbox 786 2235 965 2261; x_wconf 84' lang='lat' dir='ltr'><strong>substantiam</strong></span> 
     </span>
    </p>
   </div>
   <div class='ocr_carea' id='block_1_67' title="bbox 1021 1005 1805 1044">
    <p class='ocr_par' dir='ltr' id='par_1_67' title="bbox 1021 1005 1805 1044">
     <span class='ocr_line' id='line_1_67' title="bbox 1021 1005 1805 1044; baseline -0.004 -10"><span class='ocrx_word' id='word_1_474' title='bbox 1021 1009 1110 1044; x_wconf 74' lang='grc' dir='ltr'>μόνον.</span> <span class='ocrx_word' id='word_1_475' title='bbox 1125 1008 1162 1040; x_wconf 81' lang='grc' dir='ltr'><strong>ὡς</strong></span> <span class='ocrx_word' id='word_1_476' title='bbox 1185 1007 1247 1034; x_wconf 69' lang='grc' dir='ltr'>οὔτε</span> <span class='ocrx_word' id='word_1_477' title='bbox 1263 1009 1293 1034; x_wconf 71' lang='grc' dir='ltr'>ὲν</span> <span class='ocrx_word' id='word_1_478' title='bbox 1317 1009 1350 1043; x_wconf 83' lang='grc' dir='ltr'><strong>τῇ</strong></span> <span class='ocrx_word' id='word_1_479' title='bbox 1363 1008 1459 1043; x_wconf 80' lang='grc' dir='ltr'>Γραφῇ</span> <span class='ocrx_word' id='word_1_480' title='bbox 1487 1007 1549 1033; x_wconf 85' lang='grc' dir='ltr'>οὐτε</span> <span class='ocrx_word' id='word_1_481' title='bbox 1571 1007 1600 1033; x_wconf 82' lang='grc' dir='ltr'>ὲν</span> <span class='ocrx_word' id='word_1_482' title='bbox 1616 1007 1649 1041; x_wconf 79' lang='grc' dir='ltr'>τῇ</span> <span class='ocrx_word' id='word_1_483' title='bbox 1676 1005 1805 1040; x_wconf 64' lang='grc' dir='ltr'>συνηθείᾳ</span> 
     </span>
    </p>
   </div>
   <div class='ocr_carea' id='block_1_68' title="bbox 1019 1052 1805 1089">
    <p class='ocr_par' dir='ltr' id='par_1_68' title="bbox 1019 1052 1805 1089">
     <span class='ocr_line' id='line_1_68' title="bbox 1019 1052 1805 1089; baseline 0.001 -10"><span class='ocrx_word' id='word_1_484' title='bbox 1019 1053 1105 1089; x_wconf 73' lang='grc' dir='ltr'>ῥητῶς</span> <span class='ocrx_word' id='word_1_485' title='bbox 1117 1054 1284 1088; x_wconf 74' lang='grc' dir='ltr'><strong>ἐμφέρεται·</strong></span> <span class='ocrx_word' id='word_1_486' title='bbox 1300 1054 1368 1088; x_wconf 81' lang='grc' dir='ltr'>ὅπερ</span> <span class='ocrx_word' id='word_1_487' title='bbox 1385 1053 1498 1088; x_wconf 75' lang='grc' dir='ltr'>ὕστερον</span> <span class='ocrx_word' id='word_1_488' title='bbox 1509 1055 1540 1080; x_wconf 75' lang='grc' dir='ltr'>ὲκ</span> <span class='ocrx_word' id='word_1_489' title='bbox 1557 1054 1610 1080; x_wconf 89' lang='grc' dir='ltr'>τῶν</span> <span class='ocrx_word' id='word_1_490' title='bbox 1621 1055 1670 1088; x_wconf 84' lang='grc' dir='ltr'>τῆς</span> <span class='ocrx_word' id='word_1_491' title='bbox 1692 1052 1805 1088; x_wconf 81' lang='grc' dir='ltr'>Γραφῆς</span> 
     </span>
    </p>
   </div>
   <div class='ocr_carea' id='block_1_69' title="bbox 1018 1099 1805 1134">
    <p class='ocr_par' dir='ltr' id='par_1_69' title="bbox 1018 1099 1805 1134">
     <span class='ocr_line' id='line_1_69' title="bbox 1018 1099 1805 1134; baseline 0 -10"><span class='ocrx_word' id='word_1_492' title='bbox 1018 1099 1127 1133; x_wconf 75' lang='grc' dir='ltr'>ἀληθῶς</span> <span class='ocrx_word' id='word_1_493' title='bbox 1141 1099 1226 1131; x_wconf 78' lang='grc' dir='ltr'>οὕτως</span> <span class='ocrx_word' id='word_1_494' title='bbox 1245 1099 1469 1132; x_wconf 74' lang='grc' dir='ltr'><strong>ἀποδεδειγμένον</strong></span> <span class='ocrx_word' id='word_1_495' title='bbox 1492 1099 1654 1134; x_wconf 77' lang='grc' dir='ltr'>ὲὸεὸαιώθη,</span> <span class='ocrx_word' id='word_1_496' title='bbox 1668 1099 1705 1130; x_wconf 76' lang='grc' dir='ltr'>ὡς</span> <span class='ocrx_word' id='word_1_497' title='bbox 1734 1099 1805 1132; x_wconf 79' lang='grc' dir='ltr'>μετὰ</span> 
     </span>
    </p>
   </div>
   <div class='ocr_carea' id='block_1_70' title="bbox 1016 1142 1803 1181">
    <p class='ocr_par' dir='ltr' id='par_1_70' title="bbox 1016 1142 1803 1181">
     <span class='ocr_line' id='line_1_70' title="bbox 1016 1142 1803 1181; baseline -0.001 -9"><span class='ocrx_word' id='word_1_498' title='bbox 1016 1145 1071 1172; x_wconf 79' lang='grc' dir='ltr'>τῶν</span> <span class='ocrx_word' id='word_1_499' title='bbox 1086 1145 1231 1181; x_wconf 79' lang='grc' dir='ltr'>αἱρετικῶν</span> <span class='ocrx_word' id='word_1_500' title='bbox 1244 1145 1372 1180; x_wconf 71' lang='grc' dir='ltr'>τετάχθαι</span> <span class='ocrx_word' id='word_1_501' title='bbox 1392 1144 1436 1172; x_wconf 78' lang='grc' dir='ltr'>τὸν</span> <span class='ocrx_word' id='word_1_502' title='bbox 1457 1144 1494 1180; x_wconf 83' lang='grc' dir='ltr'>μὴ</span> <span class='ocrx_word' id='word_1_503' title='bbox 1511 1144 1590 1171; x_wconf 78' lang='grc' dir='ltr'>τοῦτο</span> <span class='ocrx_word' id='word_1_504' title='bbox 1606 1142 1803 1180; x_wconf 69' lang='grc' dir='ltr'>ὀμολογοῦνταο</span> 
     </span>
    </p>
   </div>
   <div class='ocr_carea' id='block_1_71' title="bbox 1017 1189 1644 1226">
    <p class='ocr_par' dir='ltr' id='par_1_71' title="bbox 1017 1189 1644 1226">
     <span class='ocr_line' id='line_1_71' title="bbox 1017 1189 1644 1226; baseline -0.002 -8"><span class='ocrx_word' id='word_1_505' title='bbox 1017 1191 1048 1218; x_wconf 72' lang='grc' dir='ltr'>τὸ</span> <span class='ocrx_word' id='word_1_506' title='bbox 1062 1191 1119 1219; x_wconf 72' lang='lat' dir='ltr'><strong>[sev</strong></span> <span class='ocrx_word' id='word_1_507' title='bbox 1129 1190 1174 1218; x_wconf 73' lang='grc' dir='ltr'>οὖν</span> <span class='ocrx_word' id='word_1_508' title='bbox 1189 1191 1236 1218; x_wconf 73' lang='grc' dir='ltr'>καὶ</span> <span class='ocrx_word' id='word_1_509' title='bbox 1253 1189 1376 1224; x_wconf 74' lang='grc' dir='ltr'>περὶτοῦ</span> <span class='ocrx_word' id='word_1_510' title='bbox 1391 1189 1523 1224; x_wconf 79' lang='grc' dir='ltr'>παρόντος</span> <span class='ocrx_word' id='word_1_511' title='bbox 1538 1189 1644 1226; x_wconf 77' lang='grc' dir='ltr'>ῥητέον.</span> 
     </span>
    </p>
   </div>
   <div class='ocr_carea' id='block_1_72' title="bbox 1053 1323 1806 1361">
    <p class='ocr_par' dir='ltr' id='par_1_72' title="bbox 1053 1323 1806 1361">
     <span class='ocr_line' id='line_1_72' title="bbox 1053 1323 1806 1361; baseline -0.005 -8"><span class='ocrx_word' id='word_1_512' title='bbox 1053 1326 1115 1353; x_wconf 86' lang='grc' dir='ltr'><strong>Ὀτι</strong></span> <span class='ocrx_word' id='word_1_513' title='bbox 1134 1326 1183 1361; x_wconf 81' lang='grc' dir='ltr'>μὲν</span> <span class='ocrx_word' id='word_1_514' title='bbox 1207 1325 1283 1360; x_wconf 55' lang='lat' dir='ltr'><strong>obvii</strong></span> <span class='ocrx_word' id='word_1_515' title='bbox 1298 1324 1348 1352; x_wconf 79' lang='grc' dir='ltr'>διὰ</span> <span class='ocrx_word' id='word_1_516' title='bbox 1360 1324 1411 1360; x_wconf 79' lang='grc' dir='ltr'>τῆς</span> <span class='ocrx_word' id='word_1_517' title='bbox 1426 1325 1461 1352; x_wconf 74' lang='grc' dir='ltr'>ἐκ</span> <span class='ocrx_word' id='word_1_518' title='bbox 1484 1325 1559 1351; x_wconf 69' lang='grc' dir='ltr'>οἰδὲν</span> <span class='ocrx_word' id='word_1_519' title='bbox 1577 1323 1710 1359; x_wconf 77' lang='grc' dir='ltr'><strong>διαφέρει,</strong></span> <span class='ocrx_word' id='word_1_520' title='bbox 1735 1323 1806 1358; x_wconf 73' lang='grc' dir='ltr'>πλὴν</span> 
     </span>
    </p>
   </div>
   <div class='ocr_carea' id='block_1_73' title="bbox 1017 1369 1805 1406">
    <p class='ocr_par' dir='ltr' id='par_1_73' title="bbox 1017 1369 1805 1406">
     <span class='ocr_line' id='line_1_73' title="bbox 1017 1369 1805 1406; baseline -0.006 -7"><span class='ocrx_word' id='word_1_521' title='bbox 1017 1374 1081 1399; x_wconf 82' lang='grc' dir='ltr'>ὅσον</span> <span class='ocrx_word' id='word_1_522' title='bbox 1094 1372 1241 1406; x_wconf 70' lang='grc' dir='ltr'>διακρίνειν</span> <span class='ocrx_word' id='word_1_523' title='bbox 1252 1371 1301 1403; x_wconf 77' lang='grc' dir='ltr'><strong>τὰς</strong></span> <span class='ocrx_word' id='word_1_524' title='bbox 1317 1371 1491 1403; x_wconf 82' lang='grc' dir='ltr'>ὑποστάσει;,</span> <span class='ocrx_word' id='word_1_525' title='bbox 1505 1371 1553 1397; x_wconf 76' lang='grc' dir='ltr'>καὶ</span> <span class='ocrx_word' id='word_1_526' title='bbox 1565 1370 1615 1405; x_wconf 78' lang='grc' dir='ltr'>τὴν</span> <span class='ocrx_word' id='word_1_527' title='bbox 1627 1370 1695 1404; x_wconf 78' lang='grc' dir='ltr'>πρὸς</span> <span class='ocrx_word' id='word_1_528' title='bbox 1721 1369 1805 1403; x_wconf 79' lang='grc' dir='ltr'>ἀλλή-</span> 
     </span>
    </p>
   </div>
   <div class='ocr_carea' id='block_1_74' title="bbox 1017 1413 1804 1450">
    <p class='ocr_par' dir='ltr' id='par_1_74' title="bbox 1017 1413 1804 1450">
     <span class='ocr_line' id='line_1_74' title="bbox 1017 1413 1804 1450; baseline -0.004 -6"><span class='ocrx_word' id='word_1_529' title='bbox 1017 1418 1065 1449; x_wconf 75' lang='grc' dir='ltr'><strong>λας</strong></span> <span class='ocrx_word' id='word_1_530' title='bbox 1090 1417 1179 1444; x_wconf 71' lang='grc' dir='ltr'>αὐτῶν</span> <span class='ocrx_word' id='word_1_531' title='bbox 1206 1417 1281 1449; x_wconf 83' lang='grc' dir='ltr'>τάξιν</span> <span class='ocrx_word' id='word_1_532' title='bbox 1312 1416 1464 1450; x_wconf 77' lang='grc' dir='ltr'>ἐμφαίνειν,</span> <span class='ocrx_word' id='word_1_533' title='bbox 1489 1416 1536 1442; x_wconf 80' lang='grc' dir='ltr'>καὶ</span> <span class='ocrx_word' id='word_1_534' title='bbox 1563 1416 1628 1450; x_wconf 86' lang='grc' dir='ltr'>μίαν</span> <span class='ocrx_word' id='word_1_535' title='bbox 1659 1413 1728 1441; x_wconf 78' lang='grc' dir='ltr'>εἶναι</span> <span class='ocrx_word' id='word_1_536' title='bbox 1753 1415 1804 1450; x_wconf 79' lang='grc' dir='ltr'><strong>τὴν</strong></span> 
     </span>
    </p>
   </div>
   <div class='ocr_carea' id='block_1_75' title="bbox 1019 1460 1803 1497">
    <p class='ocr_par' dir='ltr' id='par_1_75' title="bbox 1019 1460 1803 1497">
     <span class='ocr_line' id='line_1_75' title="bbox 1019 1460 1803 1497; baseline -0.001 -9"><span class='ocrx_word' id='word_1_537' title='bbox 1019 1464 1157 1497; x_wconf 73' lang='grc' dir='ltr'>ἐνέργειαν</span> <span class='ocrx_word' id='word_1_538' title='bbox 1180 1462 1343 1497; x_wconf 77' lang='grc' dir='ltr'>παρίστησιν</span> <span class='ocrx_word' id='word_1_539' title='bbox 1367 1462 1422 1488; x_wconf 71' lang='grc' dir='ltr'>εἴτε</span> <span class='ocrx_word' id='word_1_540' title='bbox 1447 1463 1478 1488; x_wconf 80' lang='grc' dir='ltr'>ὲκ</span> <span class='ocrx_word' id='word_1_541' title='bbox 1497 1460 1543 1487; x_wconf 69' lang='grc' dir='ltr'>τοῦ</span> <span class='ocrx_word' id='word_1_542' title='bbox 1572 1461 1679 1496; x_wconf 49' lang='lat' dir='ltr'><strong>ﬁngo;</strong></span> <span class='ocrx_word' id='word_1_543' title='bbox 1697 1461 1740 1487; x_wconf 67' lang='grc' dir='ltr'><strong>διὰ</strong></span> <span class='ocrx_word' id='word_1_544' title='bbox 1756 1461 1803 1487; x_wconf 83' lang='grc' dir='ltr'>τοῦ</span> 
     </span>
    </p>
   </div>
   <div class='ocr_carea' id='block_1_76' title="bbox 1018 1505 1805 1542">
    <p class='ocr_par' dir='ltr' id='par_1_76' title="bbox 1018 1505 1805 1542">
     <span class='ocr_line' id='line_1_76' title="bbox 1018 1505 1805 1542; baseline -0.003 -8"><span class='ocrx_word' id='word_1_545' title='bbox 1018 1507 1084 1534; x_wconf 82' lang='grc' dir='ltr'><strong>Υἱοῦ</strong></span> <span class='ocrx_word' id='word_1_546' title='bbox 1100 1507 1133 1534; x_wconf 80' lang='grc' dir='ltr'><strong>τὰ</strong></span> <span class='ocrx_word' id='word_1_547' title='bbox 1145 1508 1233 1534; x_wconf 73' lang='grc' dir='ltr'>πάντα</span> <span class='ocrx_word' id='word_1_548' title='bbox 1244 1508 1479 1542; x_wconf 78' lang='grc' dir='ltr'>δημιουργηθῆναι</span> <span class='ocrx_word' id='word_1_549' title='bbox 1490 1506 1609 1540; x_wconf 84' lang='grc' dir='ltr'>λέγεται,</span> <span class='ocrx_word' id='word_1_550' title='bbox 1637 1506 1686 1532; x_wconf 78' lang='grc' dir='ltr'>εἶτ’</span> <span class='ocrx_word' id='word_1_551' title='bbox 1703 1507 1735 1532; x_wconf 81' lang='grc' dir='ltr'>ἐκ</span> <span class='ocrx_word' id='word_1_552' title='bbox 1757 1505 1805 1532; x_wconf 79' lang='grc' dir='ltr'>τοῦ</span> 
     </span>
    </p>
   </div>
   <div class='ocr_carea' id='block_1_77' title="bbox 1020 1552 1805 1589">
    <p class='ocr_par' dir='ltr' id='par_1_77' title="bbox 1020 1552 1805 1589">
     <span class='ocr_line' id='line_1_77' title="bbox 1020 1552 1805 1589; baseline -0.004 -8"><span class='ocrx_word' id='word_1_553' title='bbox 1020 1555 1124 1589; x_wconf 58' lang='grc' dir='ltr'>Πατρὶς</span> <span class='ocrx_word' id='word_1_554' title='bbox 1135 1554 1179 1580; x_wconf 82' lang='grc' dir='ltr'>διὰ</span> <span class='ocrx_word' id='word_1_555' title='bbox 1190 1554 1236 1580; x_wconf 84' lang='grc' dir='ltr'>τοῦ</span> <span class='ocrx_word' id='word_1_556' title='bbox 1253 1553 1318 1580; x_wconf 67' lang='grc' dir='ltr'><strong>Υἱιῦ</strong></span> <span class='ocrx_word' id='word_1_557' title='bbox 1334 1553 1364 1580; x_wconf 86' lang='grc' dir='ltr'><strong>τὺ</strong></span> <span class='ocrx_word' id='word_1_558' title='bbox 1382 1553 1493 1588; x_wconf 77' lang='grc' dir='ltr'>Πνεῦμα</span> <span class='ocrx_word' id='word_1_559' title='bbox 1503 1553 1532 1579; x_wconf 87' lang='grc' dir='ltr'><strong>τὺ</strong></span> <span class='ocrx_word' id='word_1_560' title='bbox 1547 1552 1624 1587; x_wconf 81' lang='grc' dir='ltr'>ἆγιον</span> <span class='ocrx_word' id='word_1_561' title='bbox 1654 1552 1805 1586; x_wconf 74' lang='grc' dir='ltr'>ἐκπορεύε-</span> 
     </span>
    </p>
   </div>
   <div class='ocr_carea' id='block_1_78' title="bbox 1021 1598 1804 1635">
    <p class='ocr_par' dir='ltr' id='par_1_78' title="bbox 1021 1598 1804 1635">
     <span class='ocr_line' id='line_1_78' title="bbox 1021 1598 1804 1635; baseline -0.004 -9"><span class='ocrx_word' id='word_1_562' title='bbox 1021 1600 1092 1632; x_wconf 83' lang='grc' dir='ltr'>σθαι,</span> <span class='ocrx_word' id='word_1_563' title='bbox 1104 1598 1181 1635; x_wconf 83' lang='grc' dir='ltr'>δῆλον</span> <span class='ocrx_word' id='word_1_564' title='bbox 1196 1599 1249 1625; x_wconf 83' lang='grc' dir='ltr'><strong>ἀπό</strong></span> <span class='ocrx_word' id='word_1_565' title='bbox 1260 1607 1289 1625; x_wconf 86' lang='grc' dir='ltr'><strong>τε</strong></span> <span class='ocrx_word' id='word_1_566' title='bbox 1299 1598 1349 1634; x_wconf 84' lang='grc' dir='ltr'>τῆς</span> <span class='ocrx_word' id='word_1_567' title='bbox 1372 1599 1508 1633; x_wconf 74' lang='grc' dir='ltr'>ἐνεργείας</span> <span class='ocrx_word' id='word_1_568' title='bbox 1528 1598 1623 1632; x_wconf 81' lang='grc' dir='ltr'>αὐτῆς,</span> <span class='ocrx_word' id='word_1_569' title='bbox 1636 1598 1673 1629; x_wconf 79' lang='grc' dir='ltr'>ὡς</span> <span class='ocrx_word' id='word_1_570' title='bbox 1685 1598 1804 1632; x_wconf 69' lang='grc' dir='ltr'>εἴρηται,</span> 
     </span>
    </p>
   </div>
   <div class='ocr_carea' id='block_1_79' title="bbox 1019 1643 1806 1679">
    <p class='ocr_par' dir='ltr' id='par_1_79' title="bbox 1019 1643 1806 1679">
     <span class='ocr_line' id='line_1_79' title="bbox 1019 1643 1806 1679; baseline -0.003 -8"><span class='ocrx_word' id='word_1_571' title='bbox 1019 1645 1072 1672; x_wconf 77' lang='grc' dir='ltr'><strong>ἀπὸ</strong></span> <span class='ocrx_word' id='word_1_572' title='bbox 1100 1654 1130 1671; x_wconf 82' lang='grc' dir='ltr'><strong>τε</strong></span> <span class='ocrx_word' id='word_1_573' title='bbox 1158 1645 1211 1671; x_wconf 82' lang='grc' dir='ltr'>τῶν</span> <span class='ocrx_word' id='word_1_574' title='bbox 1243 1644 1410 1671; x_wconf 70' lang='grc' dir='ltr'>διδασκάλων</span> <span class='ocrx_word' id='word_1_575' title='bbox 1441 1644 1553 1679; x_wconf 68' lang='grc' dir='ltr'>μηδαμῆ</span> <span class='ocrx_word' id='word_1_576' title='bbox 1581 1643 1806 1678; x_wconf 75' lang='grc' dir='ltr'>καταδεχομένων</span> 
     </span>
    </p>
   </div>
   <div class='ocr_carea' id='block_1_80' title="bbox 1016 1688 1806 1725">
    <p class='ocr_par' dir='ltr' id='par_1_80' title="bbox 1016 1688 1806 1725">
     <span class='ocr_line' id='line_1_80' title="bbox 1016 1688 1806 1725; baseline -0.005 -8"><span class='ocrx_word' id='word_1_577' title='bbox 1016 1690 1147 1725; x_wconf 73' lang='grc' dir='ltr'>διαφοράν</span> <span class='ocrx_word' id='word_1_578' title='bbox 1157 1699 1216 1716; x_wconf 88' lang='grc' dir='ltr'>τινα</span> <span class='ocrx_word' id='word_1_579' title='bbox 1228 1691 1275 1717; x_wconf 70' lang='grc' dir='ltr'>καὶ</span> <span class='ocrx_word' id='word_1_580' title='bbox 1284 1689 1408 1716; x_wconf 66' lang='grc' dir='ltr'>ὁπωσοῦν</span> <span class='ocrx_word' id='word_1_581' title='bbox 1420 1690 1467 1716; x_wconf 82' lang='grc' dir='ltr'><strong>ὲπὶ</strong></span> <span class='ocrx_word' id='word_1_582' title='bbox 1477 1689 1579 1715; x_wconf 82' lang='grc' dir='ltr'>τούτων</span> <span class='ocrx_word' id='word_1_583' title='bbox 1586 1688 1641 1715; x_wconf 87' lang='grc' dir='ltr'>τῶν</span> <span class='ocrx_word' id='word_1_584' title='bbox 1650 1688 1806 1723; x_wconf 69' lang='grc' dir='ltr'>προθέσεων</span> 
     </span>
    </p>
   </div>
   <div class='ocr_carea' id='block_1_81' title="bbox 1018 1733 1807 1771">
    <p class='ocr_par' dir='ltr' id='par_1_81' title="bbox 1018 1733 1807 1771">
     <span class='ocr_line' id='line_1_81' title="bbox 1018 1733 1807 1771; baseline -0.005 -9"><span class='ocrx_word' id='word_1_585' title='bbox 1018 1737 1117 1762; x_wconf 82' lang='grc' dir='ltr'>ὲννοείν</span> <span class='ocrx_word' id='word_1_586' title='bbox 1131 1736 1175 1762; x_wconf 68' lang='grc' dir='ltr'>διὰ</span> <span class='ocrx_word' id='word_1_587' title='bbox 1188 1737 1237 1770; x_wconf 80' lang='grc' dir='ltr'>τὴν</span> <span class='ocrx_word' id='word_1_588' title='bbox 1252 1737 1316 1771; x_wconf 88' lang='grc' dir='ltr'>μίαν</span> <span class='ocrx_word' id='word_1_589' title='bbox 1343 1735 1435 1762; x_wconf 82' lang='grc' dir='ltr'>οὐσίαν</span> <span class='ocrx_word' id='word_1_590' title='bbox 1452 1735 1499 1762; x_wconf 71' lang='grc' dir='ltr'><strong>καὶ</strong></span> <span class='ocrx_word' id='word_1_591' title='bbox 1525 1735 1647 1769; x_wconf 76' lang='grc' dir='ltr'>πρόοδον·</span> <span class='ocrx_word' id='word_1_592' title='bbox 1660 1735 1708 1761; x_wconf 76' lang='grc' dir='ltr'><strong>καὶ</strong></span> <span class='ocrx_word' id='word_1_593' title='bbox 1731 1733 1807 1759; x_wconf 80' lang='grc' dir='ltr'>τοῦτ’</span> 
     </span>
    </p>
   </div>
   <div class='ocr_carea' id='block_1_82' title="bbox 1017 1778 1809 1816">
    <p class='ocr_par' dir='ltr' id='par_1_82' title="bbox 1017 1778 1809 1816">
     <span class='ocr_line' id='line_1_82' title="bbox 1017 1778 1809 1816; baseline -0.004 -8"><span class='ocrx_word' id='word_1_594' title='bbox 1017 1782 1077 1808; x_wconf 74' lang='grc' dir='ltr'>ἐστὶ</span> <span class='ocrx_word' id='word_1_595' title='bbox 1093 1781 1201 1808; x_wconf 77' lang='grc' dir='ltr'>πάντων</span> <span class='ocrx_word' id='word_1_596' title='bbox 1215 1781 1267 1808; x_wconf 84' lang='grc' dir='ltr'><strong>τῶν</strong></span> <span class='ocrx_word' id='word_1_597' title='bbox 1282 1781 1362 1808; x_wconf 80' lang='grc' dir='ltr'>θείων</span> <span class='ocrx_word' id='word_1_598' title='bbox 1392 1781 1520 1816; x_wconf 82' lang='grc' dir='ltr'>Πατέρων</span> <span class='ocrx_word' id='word_1_599' title='bbox 1542 1780 1700 1815; x_wconf 80' lang='grc' dir='ltr'>ἀδιορίστως</span> <span class='ocrx_word' id='word_1_600' title='bbox 1724 1778 1809 1811; x_wconf 82' lang='grc' dir='ltr'>ἀξιω-</span> 
     </span>
    </p>
   </div>
   <div class='ocr_carea' id='block_1_83' title="bbox 1018 1824 1807 1861">
    <p class='ocr_par' dir='ltr' id='par_1_83' title="bbox 1018 1824 1807 1861">
     <span class='ocr_line' id='line_1_83' title="bbox 1018 1824 1807 1861; baseline -0.005 -7"><span class='ocrx_word' id='word_1_601' title='bbox 1018 1827 1134 1861; x_wconf 83' lang='grc' dir='ltr'>σάντων,</span> <span class='ocrx_word' id='word_1_602' title='bbox 1163 1827 1210 1854; x_wconf 69' lang='grc' dir='ltr'><strong>καὶ</strong></span> <span class='ocrx_word' id='word_1_603' title='bbox 1243 1827 1403 1854; x_wconf 80' lang='grc' dir='ltr'>δεικνύντων</span> <span class='ocrx_word' id='word_1_604' title='bbox 1426 1826 1479 1853; x_wconf 79' lang='grc' dir='ltr'>ἀπὺ</span> <span class='ocrx_word' id='word_1_605' title='bbox 1494 1826 1543 1860; x_wconf 88' lang='grc' dir='ltr'>τῆς</span> <span class='ocrx_word' id='word_1_606' title='bbox 1562 1825 1673 1860; x_wconf 77' lang='grc' dir='ltr'>Γραφῆς</span> <span class='ocrx_word' id='word_1_607' title='bbox 1701 1824 1731 1851; x_wconf 80' lang='grc' dir='ltr'>τὸ</span> <span class='ocrx_word' id='word_1_608' title='bbox 1750 1824 1807 1850; x_wconf 82' lang='grc' dir='ltr'><strong>τῶν</strong></span> 
     </span>
    </p>
   </div>
   <div class='ocr_carea' id='block_1_84' title="bbox 1018 1871 1807 1909">
    <p class='ocr_par' dir='ltr' id='par_1_84' title="bbox 1018 1871 1807 1909">
     <span class='ocr_line' id='line_1_84' title="bbox 1018 1871 1807 1909; baseline -0.004 -9"><span class='ocrx_word' id='word_1_609' title='bbox 1018 1874 1175 1909; x_wconf 75' lang='grc' dir='ltr'>προθέσεων</span> <span class='ocrx_word' id='word_1_610' title='bbox 1194 1873 1340 1906; x_wconf 84' lang='grc' dir='ltr'>ἀδιάφορον</span> <span class='ocrx_word' id='word_1_611' title='bbox 1351 1872 1398 1899; x_wconf 78' lang='grc' dir='ltr'><strong>ἐπὶ</strong></span> <span class='ocrx_word' id='word_1_612' title='bbox 1412 1871 1517 1906; x_wconf 74' lang='grc' dir='ltr'>Πατρὸς</span> <span class='ocrx_word' id='word_1_613' title='bbox 1539 1872 1586 1898; x_wconf 74' lang='grc' dir='ltr'><strong>καὶ</strong></span> <span class='ocrx_word' id='word_1_614' title='bbox 1610 1871 1690 1898; x_wconf 81' lang='grc' dir='ltr'><strong>Υἱοῦ·</strong></span> <span class='ocrx_word' id='word_1_615' title='bbox 1705 1871 1736 1897; x_wconf 84' lang='grc' dir='ltr'><strong>τδ</strong></span> <span class='ocrx_word' id='word_1_616' title='bbox 1750 1871 1807 1906; x_wconf 84' lang='grc' dir='ltr'>γὰρ</span> 
     </span>
    </p>
   </div>
   <div class='ocr_carea' id='block_1_85' title="bbox 1017 1917 1807 1954">
    <p class='ocr_par' dir='ltr' id='par_1_85' title="bbox 1017 1917 1807 1954">
     <span class='ocr_line' id='line_1_85' title="bbox 1017 1917 1807 1954; baseline -0.003 -8"><span class='ocrx_word' id='word_1_617' title='bbox 1017 1919 1155 1954; x_wconf 79' lang='grc' dir='ltr'>διαφέρειν</span> <span class='ocrx_word' id='word_1_618' title='bbox 1170 1919 1273 1946; x_wconf 73' lang='grc' dir='ltr'>οἴεσθαι</span> <span class='ocrx_word' id='word_1_619' title='bbox 1290 1917 1391 1949; x_wconf 77' lang='grc' dir='ltr'>ταύτας</span> <span class='ocrx_word' id='word_1_620' title='bbox 1418 1918 1465 1944; x_wconf 73' lang='grc' dir='ltr'><strong>ἐπὶ</strong></span> <span class='ocrx_word' id='word_1_621' title='bbox 1480 1918 1585 1951; x_wconf 53' lang='lat' dir='ltr'><strong>Harpe;</strong></span> <span class='ocrx_word' id='word_1_622' title='bbox 1602 1918 1650 1944; x_wconf 72' lang='grc' dir='ltr'>καὶ</span> <span class='ocrx_word' id='word_1_623' title='bbox 1662 1917 1728 1944; x_wconf 87' lang='grc' dir='ltr'><strong>Υἱοῦ</strong></span> <span class='ocrx_word' id='word_1_624' title='bbox 1751 1917 1807 1944; x_wconf 83' lang='grc' dir='ltr'><strong>τῶν</strong></span> 
     </span>
    </p>
   </div>
   <div class='ocr_carea' id='block_1_86' title="bbox 1017 1962 1807 2000">
    <p class='ocr_par' dir='ltr' id='par_1_86' title="bbox 1017 1962 1807 2000">
     <span class='ocr_line' id='line_1_86' title="bbox 1017 1962 1807 2000; baseline -0.004 -8"><span class='ocrx_word' id='word_1_625' title='bbox 1017 1966 1139 1993; x_wconf 72' lang='grc' dir='ltr'>παλαιῶν</span> <span class='ocrx_word' id='word_1_626' title='bbox 1155 1964 1299 2000; x_wconf 67' lang='grc' dir='ltr'>αἱρετικῶν</span> <span class='ocrx_word' id='word_1_627' title='bbox 1315 1962 1359 1999; x_wconf 81' lang='grc' dir='ltr'>ἦν,</span> <span class='ocrx_word' id='word_1_628' title='bbox 1373 1963 1541 1999; x_wconf 76' lang='grc' dir='ltr'>βουλομένων</span> <span class='ocrx_word' id='word_1_629' title='bbox 1551 1964 1605 1990; x_wconf 79' lang='grc' dir='ltr'><strong>ἀπὸ</strong></span> <span class='ocrx_word' id='word_1_630' title='bbox 1615 1964 1664 1998; x_wconf 80' lang='grc' dir='ltr'>τῆς</span> <span class='ocrx_word' id='word_1_631' title='bbox 1674 1963 1807 1998; x_wconf 75' lang='grc' dir='ltr'>διαφορᾶς</span> 
     </span>
    </p>
   </div>
   <div class='ocr_carea' id='block_1_87' title="bbox 1017 2007 1808 2044">
    <p class='ocr_par' dir='ltr' id='par_1_87' title="bbox 1017 2007 1808 2044">
     <span class='ocr_line' id='line_1_87' title="bbox 1017 2007 1808 2044; baseline -0.003 -8"><span class='ocrx_word' id='word_1_632' title='bbox 1017 2010 1120 2044; x_wconf 82' lang='grc' dir='ltr'>ταύτης</span> <span class='ocrx_word' id='word_1_633' title='bbox 1137 2009 1278 2043; x_wconf 80' lang='grc' dir='ltr'>δυνάμεων</span> <span class='ocrx_word' id='word_1_634' title='bbox 1306 2008 1354 2034; x_wconf 77' lang='grc' dir='ltr'>καὶ</span> <span class='ocrx_word' id='word_1_635' title='bbox 1379 2007 1525 2043; x_wconf 81' lang='grc' dir='ltr'>ἐνεργειῶν</span> <span class='ocrx_word' id='word_1_636' title='bbox 1546 2008 1594 2034; x_wconf 80' lang='grc' dir='ltr'>καὶ</span> <span class='ocrx_word' id='word_1_637' title='bbox 1612 2007 1742 2043; x_wconf 84' lang='grc' dir='ltr'>προόδων,</span> <span class='ocrx_word' id='word_1_638' title='bbox 1758 2008 1808 2034; x_wconf 71' lang='grc' dir='ltr'>καὶ</span> 
     </span>
    </p>
   </div>
   <div class='ocr_carea' id='block_1_88' title="bbox 1018 2053 1805 2088">
    <p class='ocr_par' dir='ltr' id='par_1_88' title="bbox 1018 2053 1805 2088">
     <span class='ocr_line' id='line_1_88' title="bbox 1018 2053 1805 2088; baseline -0.004 -6"><span class='ocrx_word' id='word_1_639' title='bbox 1018 2055 1170 2086; x_wconf 74' lang='grc' dir='ltr'>ἀκολούθως</span> <span class='ocrx_word' id='word_1_640' title='bbox 1195 2055 1293 2081; x_wconf 83' lang='grc' dir='ltr'>οὐσιῶν</span> <span class='ocrx_word' id='word_1_641' title='bbox 1318 2053 1450 2088; x_wconf 74' lang='grc' dir='ltr'>διαφορὰν</span> <span class='ocrx_word' id='word_1_642' title='bbox 1479 2053 1616 2087; x_wconf 79' lang='grc' dir='ltr'>εἰσάγειν·</span> <span class='ocrx_word' id='word_1_643' title='bbox 1649 2053 1744 2088; x_wconf 85' lang='grc' dir='ltr'>ὥσπερ</span> <span class='ocrx_word' id='word_1_644' title='bbox 1772 2053 1805 2088; x_wconf 76' lang='grc' dir='ltr'>δὴ</span> 
     </span>
    </p>
   </div>
   <div class='ocr_carea' id='block_1_89' title="bbox 1017 2099 1805 2134">
    <p class='ocr_par' dir='ltr' id='par_1_89' title="bbox 1017 2099 1805 2134">
     <span class='ocr_line' id='line_1_89' title="bbox 1017 2099 1805 2134; baseline -0.003 -6"><span class='ocrx_word' id='word_1_645' title='bbox 1017 2102 1131 2132; x_wconf 77' lang='grc' dir='ltr'>καὶτοῖς</span> <span class='ocrx_word' id='word_1_646' title='bbox 1143 2101 1190 2127; x_wconf 77' lang='grc' dir='ltr'>νῦν</span> <span class='ocrx_word' id='word_1_647' title='bbox 1212 2101 1324 2134; x_wconf 85' lang='grc' dir='ltr'>διαιρεῖν</span> <span class='ocrx_word' id='word_1_648' title='bbox 1339 2099 1509 2134; x_wconf 85' lang='grc' dir='ltr'>βουλομένοις</span> <span class='ocrx_word' id='word_1_649' title='bbox 1530 2099 1559 2131; x_wconf 72' lang='grc' dir='ltr'>ἐξ</span> <span class='ocrx_word' id='word_1_650' title='bbox 1576 2100 1697 2134; x_wconf 68' lang='grc' dir='ltr'>ἀνάγκης</span> <span class='ocrx_word' id='word_1_651' title='bbox 1724 2101 1771 2126; x_wconf 74' lang='grc' dir='ltr'>καὶ</span> <span class='ocrx_word' id='word_1_652' title='bbox 1788 2101 1805 2134; x_wconf 81' lang='grc' dir='ltr'><strong>ἡ</strong></span> 
     </span>
    </p>
   </div>
   <div class='ocr_carea' id='block_1_90' title="bbox 1017 2145 1804 2182">
    <p class='ocr_par' dir='ltr' id='par_1_90' title="bbox 1017 2145 1804 2182">
     <span class='ocr_line' id='line_1_90' title="bbox 1017 2145 1804 2182; baseline -0.003 -9"><span class='ocrx_word' id='word_1_653' title='bbox 1017 2147 1068 2182; x_wconf 81' lang='grc' dir='ltr'>τῆς</span> <span class='ocrx_word' id='word_1_654' title='bbox 1077 2147 1170 2178; x_wconf 83' lang='grc' dir='ltr'>οὐσίας</span> <span class='ocrx_word' id='word_1_655' title='bbox 1187 2146 1317 2180; x_wconf 83' lang='grc' dir='ltr'>διαίρεσις</span> <span class='ocrx_word' id='word_1_656' title='bbox 1330 2146 1435 2173; x_wconf 71' lang='grc' dir='ltr'>ἕπεται.</span> <span class='ocrx_word' id='word_1_657' title='bbox 1448 2145 1501 2172; x_wconf 86' lang='grc' dir='ltr'><strong>Τοῦ</strong></span> <span class='ocrx_word' id='word_1_658' title='bbox 1519 2146 1574 2181; x_wconf 74' lang='grc' dir='ltr'>γὰρ</span> <span class='ocrx_word' id='word_1_659' title='bbox 1592 2145 1630 2181; x_wconf 79' lang='grc' dir='ltr'>μὴ</span> <span class='ocrx_word' id='word_1_660' title='bbox 1641 2146 1689 2172; x_wconf 76' lang='grc' dir='ltr'>καὶ</span> <span class='ocrx_word' id='word_1_661' title='bbox 1701 2146 1804 2180; x_wconf 74' lang='grc' dir='ltr'>ταύτην</span> 
     </span>
    </p>
   </div>
   <div class='ocr_carea' id='block_1_91' title="bbox 1017 2191 1806 2229">
    <p class='ocr_par' dir='ltr' id='par_1_91' title="bbox 1017 2191 1806 2229">
     <span class='ocr_line' id='line_1_91' title="bbox 1017 2191 1806 2229; baseline -0.003 -10"><span class='ocrx_word' id='word_1_662' title='bbox 1017 2193 1131 2228; x_wconf 84' lang='grc' dir='ltr'>διαιρεῖν</span> <span class='ocrx_word' id='word_1_663' title='bbox 1144 2192 1192 2226; x_wconf 87' lang='grc' dir='ltr'>οὐχ</span> <span class='ocrx_word' id='word_1_664' title='bbox 1206 2191 1296 2229; x_wconf 75' lang='grc' dir='ltr'>ἕξουσι</span> <span class='ocrx_word' id='word_1_665' title='bbox 1315 2191 1363 2226; x_wconf 82' lang='grc' dir='ltr'>τὴν</span> <span class='ocrx_word' id='word_1_666' title='bbox 1374 2191 1463 2217; x_wconf 78' lang='grc' dir='ltr'>αἰτίαν</span> <span class='ocrx_word' id='word_1_667' title='bbox 1486 2192 1591 2218; x_wconf 80' lang='grc' dir='ltr'>εἰπεῖν·</span> <span class='ocrx_word' id='word_1_668' title='bbox 1610 2191 1627 2226; x_wconf 80' lang='grc' dir='ltr'><strong>ἢ</strong></span> <span class='ocrx_word' id='word_1_669' title='bbox 1651 2191 1704 2226; x_wconf 85' lang='grc' dir='ltr'><strong>γὰρ</strong></span> <span class='ocrx_word' id='word_1_670' title='bbox 1728 2191 1806 2217; x_wconf 81' lang='grc' dir='ltr'>οὐδὲν</span> 
     </span>
    </p>
   </div>
   <div class='ocr_carea' id='block_1_92' title="bbox 1018 2236 1804 2274">
    <p class='ocr_par' dir='ltr' id='par_1_92' title="bbox 1018 2236 1804 2274">
     <span class='ocr_line' id='line_1_92' title="bbox 1018 2236 1804 2274; baseline -0.004 -9"><span class='ocrx_word' id='word_1_671' title='bbox 1018 2239 1086 2274; x_wconf 73' lang='grc' dir='ltr'>πρὸς</span> <span class='ocrx_word' id='word_1_672' title='bbox 1100 2239 1149 2273; x_wconf 79' lang='grc' dir='ltr'>τὴν</span> <span class='ocrx_word' id='word_1_673' title='bbox 1163 2237 1209 2264; x_wconf 82' lang='grc' dir='ltr'><strong>τοῦ</strong></span> <span class='ocrx_word' id='word_1_674' title='bbox 1226 2237 1381 2272; x_wconf 83' lang='grc' dir='ltr'>Πνεύματος</span> <span class='ocrx_word' id='word_1_675' title='bbox 1396 2237 1507 2272; x_wconf 79' lang='grc' dir='ltr'>πρόοδον</span> <span class='ocrx_word' id='word_1_676' title='bbox 1529 2238 1544 2271; x_wconf 82' lang='grc' dir='ltr'>ὴ</span> <span class='ocrx_word' id='word_1_677' title='bbox 1561 2236 1610 2264; x_wconf 81' lang='grc' dir='ltr'>διὰ</span> <span class='ocrx_word' id='word_1_678' title='bbox 1625 2237 1804 2272; x_wconf 54' lang='grc' dir='ltr'>συνεισςςέρει,</span> 
     </span>
    </p>
   </div>
   <div class='ocr_carea' id='block_1_93' title="bbox 186 2279 966 2321">
    <p class='ocr_par' dir='ltr' id='par_1_93' title="bbox 186 2279 963 2317">
     <span class='ocr_line' id='line_1_93' title="bbox 186 2279 963 2317; baseline -0.004 -7"><span class='ocrx_word' id='word_1_679' title='bbox 186 2291 241 2310; x_wconf 87' lang='lat' dir='ltr'><strong>non</strong></span> <span class='ocrx_word' id='word_1_680' title='bbox 256 2282 434 2317; x_wconf 78' lang='lat' dir='ltr'><strong>distinguant,</strong></span> <span class='ocrx_word' id='word_1_681' title='bbox 451 2288 559 2308; x_wconf 81' lang='lat' dir='ltr'><strong>causam</strong></span> <span class='ocrx_word' id='word_1_682' title='bbox 575 2281 665 2307; x_wconf 85' lang='lat' dir='ltr'><strong>dicere</strong></span> <span class='ocrx_word' id='word_1_683' title='bbox 681 2288 733 2306; x_wconf 89' lang='lat' dir='ltr'><strong>non</strong></span> <span class='ocrx_word' id='word_1_684' title='bbox 751 2280 900 2308; x_wconf 81' lang='lat' dir='ltr'><strong>habebunt.</strong></span> <span class='ocrx_word' id='word_1_685' title='bbox 919 2279 963 2307; x_wconf 77' lang='lat' dir='ltr'><strong>Vel</strong></span> 
     </span>
    </p>
   </div>
   <div class='ocr_carea' id='block_1_94' title="bbox 1019 2279 1806 2321">
    <p class='ocr_par' dir='ltr' id='par_1_94' title="bbox 1019 2282 1806 2321">
     <span class='ocr_line' id='line_1_94' title="bbox 1019 2282 1806 2321; baseline -0.004 -10"><span class='ocrx_word' id='word_1_686' title='bbox 1019 2286 1032 2319; x_wconf 80' lang='grc' dir='ltr'>ἢ</span> <span class='ocrx_word' id='word_1_687' title='bbox 1051 2284 1221 2319; x_wconf 77' lang='grc' dir='ltr'>συνεισφέρει</span> <span class='ocrx_word' id='word_1_688' title='bbox 1239 2284 1299 2319; x_wconf 79' lang='grc' dir='ltr'>μὲν,</span> <span class='ocrx_word' id='word_1_689' title='bbox 1317 2284 1399 2318; x_wconf 84' lang='grc' dir='ltr'>ἀτελῆ</span> <span class='ocrx_word' id='word_1_690' title='bbox 1411 2283 1451 2316; x_wconf 84' lang='grc' dir='ltr'>δὲ,</span> <span class='ocrx_word' id='word_1_691' title='bbox 1468 2283 1484 2318; x_wconf 79' lang='grc' dir='ltr'>ἦ</span> <span class='ocrx_word' id='word_1_692' title='bbox 1502 2282 1660 2318; x_wconf 80' lang='grc' dir='ltr'>ὀργανικὴν,</span> <span class='ocrx_word' id='word_1_693' title='bbox 1677 2283 1694 2318; x_wconf 80' lang='grc' dir='ltr'>ἢ</span> <span class='ocrx_word' id='word_1_694' title='bbox 1710 2283 1806 2321; x_wconf 79' lang='grc' dir='ltr'>ὥσπερ</span> 
     </span>
    </p>
   </div>
   <div class='ocr_carea' id='block_1_95' title="bbox 185 2325 964 2361">
    <p class='ocr_par' dir='ltr' id='par_1_95' title="bbox 185 2325 964 2361">
     <span class='ocr_line' id='line_1_95' title="bbox 185 2325 964 2361; baseline -0.003 -7"><span class='ocrx_word' id='word_1_695' title='bbox 185 2328 258 2354; x_wconf 88' lang='lat' dir='ltr'><strong>enim</strong></span> <span class='ocrx_word' id='word_1_696' title='bbox 274 2327 430 2361; x_wconf 74' lang='lat' dir='ltr'><strong>prmpositio</strong></span> <span class='ocrx_word' id='word_1_697' title='bbox 446 2334 491 2361; x_wconf 81' lang='lat' dir='ltr'><strong>per</strong></span> <span class='ocrx_word' id='word_1_698' title='bbox 513 2326 545 2353; x_wconf 88' lang='lat' dir='ltr'><strong>ad</strong></span> <span class='ocrx_word' id='word_1_699' title='bbox 563 2326 764 2360; x_wconf 75' lang='lat' dir='ltr'><strong>pt&#39;occssionem</strong></span> <span class='ocrx_word' id='word_1_700' title='bbox 789 2326 909 2360; x_wconf 86' lang='lat' dir='ltr'><strong>Spiritus</strong></span> <span class='ocrx_word' id='word_1_701' title='bbox 922 2325 964 2352; x_wconf 87' lang='lat' dir='ltr'><strong>ui-</strong></span> 
     </span>
    </p>
   </div>
   <div class='ocr_carea' id='block_1_96' title="bbox 186 2371 966 2406">
    <p class='ocr_par' dir='ltr' id='par_1_96' title="bbox 186 2371 966 2406">
     <span class='ocr_line' id='line_1_96' title="bbox 186 2371 966 2406; baseline -0.003 -6"><span class='ocrx_word' id='word_1_702' title='bbox 186 2374 224 2400; x_wconf 89' lang='lat' dir='ltr'><strong>hil</strong></span> <span class='ocrx_word' id='word_1_703' title='bbox 241 2374 357 2402; x_wconf 81' lang='lat' dir='ltr'><strong>confert.</strong></span> <span class='ocrx_word' id='word_1_704' title='bbox 382 2372 424 2399; x_wconf 90' lang='lat' dir='ltr'><strong>vel</strong></span> <span class='ocrx_word' id='word_1_705' title='bbox 447 2371 553 2399; x_wconf 84' lang='lat' dir='ltr'><strong>confert</strong></span> <span class='ocrx_word' id='word_1_706' title='bbox 569 2371 692 2406; x_wconf 75' lang='lat' dir='ltr'><strong>quidem,</strong></span> <span class='ocrx_word' id='word_1_707' title='bbox 716 2371 761 2398; x_wconf 88' lang='lat' dir='ltr'><strong>sed</strong></span> <span class='ocrx_word' id='word_1_708' title='bbox 779 2371 966 2406; x_wconf 76' lang='lat' dir='ltr'><strong>imperfectam</strong></span> 
     </span>
    </p>
   </div>
   <div class='ocr_carea' id='block_1_97' title="bbox 184 2416 968 2452">
    <p class='ocr_par' dir='ltr' id='par_1_97' title="bbox 184 2416 968 2452">
     <span class='ocr_line' id='line_1_97' title="bbox 184 2416 968 2452; baseline -0.003 -6"><span class='ocrx_word' id='word_1_709' title='bbox 184 2427 306 2450; x_wconf 82' lang='lat' dir='ltr'><strong>causam,</strong></span> <span class='ocrx_word' id='word_1_710' title='bbox 323 2426 371 2445; x_wconf 85' lang='lat' dir='ltr'><strong>seu</strong></span> <span class='ocrx_word' id='word_1_711' title='bbox 393 2417 641 2448; x_wconf 70' lang='lat' dir='ltr'><strong>instrumentaletn,</strong></span> <span class='ocrx_word' id='word_1_712' title='bbox 660 2416 708 2443; x_wconf 88' lang='lat' dir='ltr'><strong>s&#39;eu</strong></span> <span class='ocrx_word' id='word_1_713' title='bbox 723 2421 850 2452; x_wconf 86' lang='lat' dir='ltr'><strong>tanquam</strong></span> <span class='ocrx_word' id='word_1_714' title='bbox 867 2425 916 2452; x_wconf 90' lang='lat' dir='ltr'><strong>per</strong></span> <span class='ocrx_word' id='word_1_715' title='bbox 930 2417 968 2444; x_wconf 93' lang='lat' dir='ltr'><strong>lo-</strong></span> 
     </span>
    </p>
   </div>
   <div class='ocr_carea' id='block_1_98' title="bbox 185 2463 969 2499">
    <p class='ocr_par' dir='ltr' id='par_1_98' title="bbox 185 2463 969 2499">
     <span class='ocr_line' id='line_1_98' title="bbox 185 2463 969 2499; baseline -0.004 -6"><span class='ocrx_word' id='word_1_716' title='bbox 185 2474 259 2499; x_wconf 87' lang='lat' dir='ltr'><strong>emn,</strong></span> <span class='ocrx_word' id='word_1_717' title='bbox 283 2473 331 2492; x_wconf 88' lang='lat' dir='ltr'><strong>seu</strong></span> <span class='ocrx_word' id='word_1_718' title='bbox 348 2472 396 2498; x_wconf 87' lang='lat' dir='ltr'><strong>per</strong></span> <span class='ocrx_word' id='word_1_719' title='bbox 420 2468 544 2498; x_wconf 71' lang='lat' dir='ltr'><strong>tempus;</strong></span> <span class='ocrx_word' id='word_1_720' title='bbox 569 2463 618 2490; x_wconf 86' lang='lat' dir='ltr'><strong>sed</strong></span> <span class='ocrx_word' id='word_1_721' title='bbox 637 2463 766 2497; x_wconf 91' lang='lat' dir='ltr'><strong>quoniam</strong></span> <span class='ocrx_word' id='word_1_722' title='bbox 790 2470 890 2490; x_wconf 87' lang='lat' dir='ltr'><strong>vanum</strong></span> <span class='ocrx_word' id='word_1_723' title='bbox 908 2468 969 2490; x_wconf 83' lang='lat' dir='ltr'><strong>erat</strong></span> 
     </span>
    </p>
   </div>
   <div class='ocr_carea' id='block_1_99' title="bbox 187 2508 968 2546">
    <p class='ocr_par' dir='ltr' id='par_1_99' title="bbox 187 2508 968 2546">
     <span class='ocr_line' id='line_1_99' title="bbox 187 2508 968 2546; baseline -0.005 -7"><span class='ocrx_word' id='word_1_724' title='bbox 187 2513 279 2539; x_wconf 75' lang='lat' dir='ltr'><strong>dicere</strong></span> <span class='ocrx_word' id='word_1_725' title='bbox 293 2519 341 2546; x_wconf 87' lang='lat' dir='ltr'><strong>per</strong></span> <span class='ocrx_word' id='word_1_726' title='bbox 359 2510 467 2541; x_wconf 84' lang='lat' dir='ltr'><strong>Filium,</strong></span> <span class='ocrx_word' id='word_1_727' title='bbox 492 2509 560 2536; x_wconf 89' lang='lat' dir='ltr'><strong>nihil</strong></span> <span class='ocrx_word' id='word_1_728' title='bbox 576 2509 656 2543; x_wconf 87' lang='lat' dir='ltr'><strong>plane</strong></span> <span class='ocrx_word' id='word_1_729' title='bbox 671 2508 843 2544; x_wconf 74' lang='lat' dir='ltr'><strong>signiﬁcante</strong></span> <span class='ocrx_word' id='word_1_730' title='bbox 862 2517 968 2544; x_wconf 63' lang='grc' dir='ltr'>[πωρο-</span> 
     </span>
    </p>
   </div>
   <div class='ocr_carea' id='block_1_100' title="bbox 186 2553 969 2589">
    <p class='ocr_par' dir='ltr' id='par_1_100' title="bbox 186 2553 969 2589">
     <span class='ocr_line' id='line_1_100' title="bbox 186 2553 969 2589; baseline -0.005 -5"><span class='ocrx_word' id='word_1_731' title='bbox 186 2558 297 2589; x_wconf 87' lang='lat' dir='ltr'><strong>sitione,</strong></span> <span class='ocrx_word' id='word_1_732' title='bbox 315 2559 400 2582; x_wconf 85' lang='lat' dir='ltr'><strong>restat</strong></span> <span class='ocrx_word' id='word_1_733' title='bbox 414 2560 444 2581; x_wconf 92' lang='lat' dir='ltr'><strong>ut</strong></span> <span class='ocrx_word' id='word_1_734' title='bbox 460 2561 521 2581; x_wconf 91' lang='lat' dir='ltr'><strong>cum</strong></span> <span class='ocrx_word' id='word_1_735' title='bbox 536 2553 599 2586; x_wconf 84' lang='lat' dir='ltr'><strong>alia,</strong></span> <span class='ocrx_word' id='word_1_736' title='bbox 615 2561 675 2587; x_wconf 74' lang='lat' dir='ltr'><strong>qua:</strong></span> <span class='ocrx_word' id='word_1_737' title='bbox 689 2558 847 2588; x_wconf 81' lang='lat' dir='ltr'><strong>supersunt,</strong></span> <span class='ocrx_word' id='word_1_738' title='bbox 867 2561 969 2588; x_wconf 83' lang='lat' dir='ltr'><strong>nequa-</strong></span> 
     </span>
    </p>
   </div>
   <div class='ocr_carea' id='block_1_101' title="bbox 185 2599 968 2638">
    <p class='ocr_par' dir='ltr' id='par_1_101' title="bbox 185 2599 968 2638">
     <span class='ocr_line' id='line_1_101' title="bbox 185 2599 968 2638; baseline -0.004 -9"><span class='ocrx_word' id='word_1_739' title='bbox 185 2611 267 2638; x_wconf 86' lang='lat' dir='ltr'><strong>quam</strong></span> <span class='ocrx_word' id='word_1_740' title='bbox 284 2601 447 2629; x_wconf 87' lang='lat' dir='ltr'><strong>conveniant</strong></span> <span class='ocrx_word' id='word_1_741' title='bbox 466 2599 530 2632; x_wconf 87' lang='lat' dir='ltr'><strong>Deo,</strong></span> <span class='ocrx_word' id='word_1_742' title='bbox 552 2599 677 2626; x_wconf 88' lang='lat' dir='ltr'><strong>dicamus</strong></span> <span class='ocrx_word' id='word_1_743' title='bbox 691 2599 816 2626; x_wconf 87' lang='lat' dir='ltr'><strong>conferre</strong></span> <span class='ocrx_word' id='word_1_744' title='bbox 834 2601 918 2633; x_wconf 87' lang='lat' dir='ltr'><strong>ipsatu</strong></span> <span class='ocrx_word' id='word_1_745' title='bbox 935 2600 968 2627; x_wconf 89' lang='lat' dir='ltr'><strong>ad</strong></span> 
     </span>
    </p>
   </div>
   <div class='ocr_carea' id='block_1_102' title="bbox 185 2644 969 2682">
    <p class='ocr_par' dir='ltr' id='par_1_102' title="bbox 185 2644 969 2682">
     <span class='ocr_line' id='line_1_102' title="bbox 185 2644 969 2682; baseline -0.005 -6"><span class='ocrx_word' id='word_1_746' title='bbox 185 2648 247 2681; x_wconf 75' lang='lat' dir='ltr'><strong>hoc,</strong></span> <span class='ocrx_word' id='word_1_747' title='bbox 262 2647 382 2682; x_wconf 71' lang='lat' dir='ltr'><strong>quodex</strong></span> <span class='ocrx_word' id='word_1_748' title='bbox 396 2646 475 2673; x_wconf 79' lang='lat' dir='ltr'><strong>Patre</strong></span> <span class='ocrx_word' id='word_1_749' title='bbox 490 2644 708 2672; x_wconf 76' lang='lat' dir='ltr'><strong>substantialiter</strong></span> <span class='ocrx_word' id='word_1_750' title='bbox 725 2645 855 2679; x_wconf 85' lang='lat' dir='ltr'><strong>procedat</strong></span> <span class='ocrx_word' id='word_1_751' title='bbox 869 2653 969 2672; x_wconf 84' lang='lat' dir='ltr'><strong>secun-</strong></span> 
     </span>
    </p>
   </div>
   <div class='ocr_carea' id='block_1_103' title="bbox 184 2690 968 2726">
    <p class='ocr_par' dir='ltr' id='par_1_103' title="bbox 184 2690 968 2726">
     <span class='ocr_line' id='line_1_103' title="bbox 184 2690 968 2726; baseline -0.005 -4"><span class='ocrx_word' id='word_1_752' title='bbox 184 2695 250 2722; x_wconf 90' lang='lat' dir='ltr'><strong>dum</strong></span> <span class='ocrx_word' id='word_1_753' title='bbox 265 2693 391 2721; x_wconf 80' lang='lat' dir='ltr'><strong>eamdem</strong></span> <span class='ocrx_word' id='word_1_754' title='bbox 405 2696 433 2718; x_wconf 89' lang='lat' dir='ltr'><strong>et</strong></span> <span class='ocrx_word' id='word_1_755' title='bbox 445 2699 527 2718; x_wconf 86' lang='lat' dir='ltr'><strong>unam</strong></span> <span class='ocrx_word' id='word_1_756' title='bbox 544 2690 758 2724; x_wconf 80' lang='lat' dir='ltr'><strong>processionetn,</strong></span> <span class='ocrx_word' id='word_1_757' title='bbox 775 2696 857 2726; x_wconf 87' lang='lat' dir='ltr'><strong>atque</strong></span> <span class='ocrx_word' id='word_1_758' title='bbox 872 2699 968 2726; x_wconf 91' lang='lat' dir='ltr'><strong>opera-</strong></span> 
     </span>
    </p>
   </div>
   <div class='ocr_carea' id='block_1_104' title="bbox 186 2737 968 2772">
    <p class='ocr_par' dir='ltr' id='par_1_104' title="bbox 186 2737 968 2772">
     <span class='ocr_line' id='line_1_104' title="bbox 186 2737 968 2772; baseline -0.004 -5"><span class='ocrx_word' id='word_1_759' title='bbox 186 2741 288 2768; x_wconf 79' lang='lat' dir='ltr'><strong>tionem</strong></span> <span class='ocrx_word' id='word_1_760' title='bbox 305 2740 337 2766; x_wconf 86' lang='lat' dir='ltr'><strong>ad</strong></span> <span class='ocrx_word' id='word_1_761' title='bbox 352 2738 468 2765; x_wconf 84' lang='lat' dir='ltr'><strong>dandam</strong></span> <span class='ocrx_word' id='word_1_762' title='bbox 492 2737 542 2772; x_wconf 88' lang='lat' dir='ltr'><strong>ipsi</strong></span> <span class='ocrx_word' id='word_1_763' title='bbox 563 2737 781 2769; x_wconf 82' lang='lat' dir='ltr'><strong>subsistentiaut,</strong></span> <span class='ocrx_word' id='word_1_764' title='bbox 801 2737 874 2771; x_wconf 90' lang='lat' dir='ltr'><strong>quod</strong></span> <span class='ocrx_word' id='word_1_765' title='bbox 886 2738 968 2765; x_wconf 87' lang='lat' dir='ltr'><strong>etiam</strong></span> 
     </span>
    </p>
   </div>
   <div class='ocr_carea' id='block_1_105' title="bbox 187 2782 969 2817">
    <p class='ocr_par' dir='ltr' id='par_1_105' title="bbox 187 2782 969 2817">
     <span class='ocr_line' id='line_1_105' title="bbox 187 2782 969 2817; baseline -0.004 -5"><span class='ocrx_word' id='word_1_766' title='bbox 187 2785 273 2812; x_wconf 83' lang='lat' dir='ltr'><strong>sancti</strong></span> <span class='ocrx_word' id='word_1_767' title='bbox 296 2784 472 2811; x_wconf 88' lang='lat' dir='ltr'><strong>confitentur.</strong></span> <span class='ocrx_word' id='word_1_768' title='bbox 487 2783 564 2816; x_wconf 83' lang='lat' dir='ltr'><strong>Quod</strong></span> <span class='ocrx_word' id='word_1_769' title='bbox 584 2783 657 2810; x_wconf 85' lang='lat' dir='ltr'><strong>cuitu</strong></span> <span class='ocrx_word' id='word_1_770' title='bbox 674 2790 723 2817; x_wconf 89' lang='lat' dir='ltr'><strong>per</strong></span> <span class='ocrx_word' id='word_1_771' title='bbox 738 2782 847 2817; x_wconf 87' lang='lat' dir='ltr'><strong>aliquod</strong></span> <span class='ocrx_word' id='word_1_772' title='bbox 863 2789 902 2810; x_wconf 88' lang='lat' dir='ltr'><strong>est</strong></span> <span class='ocrx_word' id='word_1_773' title='bbox 919 2791 969 2810; x_wconf 85' lang='lat' dir='ltr'><strong>na-</strong></span> 
     </span>
    </p>
   </div>
   <div class='ocr_carea' id='block_1_106' title="bbox 186 2828 969 2864">
    <p class='ocr_par' dir='ltr' id='par_1_106' title="bbox 186 2828 969 2864">
     <span class='ocr_line' id='line_1_106' title="bbox 186 2828 969 2864; baseline -0.003 -6"><span class='ocrx_word' id='word_1_774' title='bbox 186 2832 322 2862; x_wconf 81' lang='lat' dir='ltr'><strong>turalttcr,</strong></span> <span class='ocrx_word' id='word_1_775' title='bbox 344 2835 425 2857; x_wconf 70' lang='lat' dir='ltr'><strong>etiam</strong></span> <span class='ocrx_word' id='word_1_776' title='bbox 444 2837 476 2856; x_wconf 79' lang='lat' dir='ltr'><strong>ex</strong></span> <span class='ocrx_word' id='word_1_777' title='bbox 503 2830 562 2864; x_wconf 86' lang='lat' dir='ltr'><strong>ipso</strong></span> <span class='ocrx_word' id='word_1_778' title='bbox 576 2834 636 2862; x_wconf 87' lang='lat' dir='ltr'><strong>est;</strong></span> <span class='ocrx_word' id='word_1_779' title='bbox 658 2832 686 2855; x_wconf 88' lang='lat' dir='ltr'><strong>et</strong></span> <span class='ocrx_word' id='word_1_780' title='bbox 702 2828 753 2856; x_wconf 90' lang='lat' dir='ltr'><strong>hoc</strong></span> <span class='ocrx_word' id='word_1_781' title='bbox 771 2829 856 2864; x_wconf 73' lang='lat' dir='ltr'><strong>magis</strong></span> <span class='ocrx_word' id='word_1_782' title='bbox 878 2829 969 2856; x_wconf 75' lang='lat' dir='ltr'><strong>valere</strong></span> 
     </span>
    </p>
   </div>
   <div class='ocr_carea' id='block_1_107' title="bbox 1018 2319 1808 2364">
    <p class='ocr_par' dir='ltr' id='par_1_107' title="bbox 1018 2319 1808 2364">
     <span class='ocr_line' id='line_1_107' title="bbox 1018 2319 1808 2364; baseline 0 -8"><span class='ocrx_word' id='word_1_783' title='bbox 1018 2330 1062 2357; x_wconf 75' lang='grc' dir='ltr'>διὰ</span> <span class='ocrx_word' id='word_1_784' title='bbox 1076 2330 1160 2356; x_wconf 66' lang='grc' dir='ltr'>τόπου</span> <span class='ocrx_word' id='word_1_785' title='bbox 1177 2329 1313 2364; x_wconf 87' lang='grc' dir='ltr'>ῆχρόνου.</span> <span class='ocrx_word' id='word_1_786' title='bbox 1332 2329 1412 2355; x_wconf 74' lang='grc' dir='ltr'>Ἀλλὰ</span> <span class='ocrx_word' id='word_1_787' title='bbox 1430 2329 1483 2364; x_wconf 85' lang='grc' dir='ltr'>μὴν</span> <span class='ocrx_word' id='word_1_788' title='bbox 1508 2330 1569 2355; x_wconf 77' lang='grc' dir='ltr'>ἐπεὶ</span> <span class='ocrx_word' id='word_1_789' title='bbox 1588 2330 1701 2363; x_wconf 82' lang='grc' dir='ltr'>μάταιον</span> <span class='ocrx_word' id='word_1_790' title='bbox 1723 2327 1757 2364; x_wconf 81' lang='grc' dir='ltr'>ἦν</span> <span class='ocrx_word' id='word_1_791' title='bbox 1773 2319 1808 2356; x_wconf 61' lang='grc' dir='ltr'>δι’</span> 
     </span>
    </p>
   </div>
   <div class='ocr_carea' id='block_1_108' title="bbox 1020 2372 1808 2408">
    <p class='ocr_par' dir='ltr' id='par_1_108' title="bbox 1020 2372 1808 2408">
     <span class='ocr_line' id='line_1_108' title="bbox 1020 2372 1808 2408; baseline -0.004 -7"><span class='ocrx_word' id='word_1_792' title='bbox 1020 2375 1083 2402; x_wconf 81' lang='grc' dir='ltr'>Υίοῦ</span> <span class='ocrx_word' id='word_1_793' title='bbox 1099 2375 1187 2408; x_wconf 76' lang='grc' dir='ltr'>λέγειν</span> <span class='ocrx_word' id='word_1_794' title='bbox 1197 2373 1252 2400; x_wconf 78' lang='grc' dir='ltr'>οὐδ’</span> <span class='ocrx_word' id='word_1_795' title='bbox 1266 2374 1354 2401; x_wconf 82' lang='grc' dir='ltr'>ὁτιοῦν</span> <span class='ocrx_word' id='word_1_796' title='bbox 1376 2373 1508 2408; x_wconf 84' lang='grc' dir='ltr'>δηλούσης</span> <span class='ocrx_word' id='word_1_797' title='bbox 1523 2375 1572 2408; x_wconf 82' lang='grc' dir='ltr'>τῆς</span> <span class='ocrx_word' id='word_1_798' title='bbox 1588 2373 1695 2406; x_wconf 75' lang='grc' dir='ltr'>λέξεως,</span> <span class='ocrx_word' id='word_1_799' title='bbox 1714 2372 1808 2398; x_wconf 80' lang='grc' dir='ltr'>λείπε-</span> 
     </span>
    </p>
   </div>
   <div class='ocr_carea' id='block_1_109' title="bbox 1018 2418 1807 2453">
    <p class='ocr_par' dir='ltr' id='par_1_109' title="bbox 1018 2418 1807 2453">
     <span class='ocr_line' id='line_1_109' title="bbox 1018 2418 1807 2453; baseline -0.003 -7"><span class='ocrx_word' id='word_1_800' title='bbox 1018 2428 1074 2453; x_wconf 82' lang='grc' dir='ltr'>ται,</span> <span class='ocrx_word' id='word_1_801' title='bbox 1087 2419 1140 2446; x_wconf 81' lang='grc' dir='ltr'>τῶν</span> <span class='ocrx_word' id='word_1_802' title='bbox 1163 2418 1248 2446; x_wconf 63' lang='grc' dir='ltr'>ἄλλω]</span> <span class='ocrx_word' id='word_1_803' title='bbox 1261 2418 1298 2450; x_wconf 78' lang='grc' dir='ltr'>ὡς</span> <span class='ocrx_word' id='word_1_804' title='bbox 1317 2418 1423 2453; x_wconf 84' lang='grc' dir='ltr'>οὐδαμῆ</span> <span class='ocrx_word' id='word_1_805' title='bbox 1446 2418 1638 2452; x_wconf 82' lang='grc' dir='ltr'>προσηκόντων</span> <span class='ocrx_word' id='word_1_806' title='bbox 1663 2418 1710 2444; x_wconf 78' lang='grc' dir='ltr'><strong>ἐπὶ</strong></span> <span class='ocrx_word' id='word_1_807' title='bbox 1737 2418 1807 2444; x_wconf 77' lang='grc' dir='ltr'>Θεοῦ</span> 
     </span>
    </p>
   </div>
   <div class='ocr_carea' id='block_1_110' title="bbox 1020 2463 1808 2500">
    <p class='ocr_par' dir='ltr' id='par_1_110' title="bbox 1020 2463 1808 2500">
     <span class='ocr_line' id='line_1_110' title="bbox 1020 2463 1808 2500; baseline -0.003 -8"><span class='ocrx_word' id='word_1_808' title='bbox 1020 2465 1273 2500; x_wconf 83' lang='grc' dir='ltr'>παραλειπομένων,</span> <span class='ocrx_word' id='word_1_809' title='bbox 1302 2464 1392 2498; x_wconf 82' lang='grc' dir='ltr'>λέγειν</span> <span class='ocrx_word' id='word_1_810' title='bbox 1419 2464 1606 2498; x_wconf 81' lang='grc' dir='ltr'>συνεισφέρειν</span> <span class='ocrx_word' id='word_1_811' title='bbox 1630 2463 1714 2498; x_wconf 72' lang='grc' dir='ltr'>αὐτὴν</span> <span class='ocrx_word' id='word_1_812' title='bbox 1730 2463 1761 2490; x_wconf 72' lang='grc' dir='ltr'>τὸ</span> <span class='ocrx_word' id='word_1_813' title='bbox 1775 2465 1808 2490; x_wconf 83' lang='grc' dir='ltr'>ἐκ</span> 
     </span>
    </p>
   </div>
   <div class='ocr_carea' id='block_1_111' title="bbox 1019 2508 1810 2545">
    <p class='ocr_par' dir='ltr' id='par_1_111' title="bbox 1019 2508 1810 2545">
     <span class='ocr_line' id='line_1_111' title="bbox 1019 2508 1810 2545; baseline -0.004 -8"><span class='ocrx_word' id='word_1_814' title='bbox 1019 2511 1065 2538; x_wconf 81' lang='grc' dir='ltr'>τοῦ</span> <span class='ocrx_word' id='word_1_815' title='bbox 1078 2510 1185 2545; x_wconf 76' lang='grc' dir='ltr'>Πατρδς</span> <span class='ocrx_word' id='word_1_816' title='bbox 1200 2509 1334 2537; x_wconf 75' lang='grc' dir='ltr'>οὐσιωδῶς</span> <span class='ocrx_word' id='word_1_817' title='bbox 1358 2509 1480 2544; x_wconf 77' lang='grc' dir='ltr'>προϊέναι</span> <span class='ocrx_word' id='word_1_818' title='bbox 1495 2508 1566 2534; x_wconf 75' lang='grc' dir='ltr'>κατὰ</span> <span class='ocrx_word' id='word_1_819' title='bbox 1593 2509 1641 2543; x_wconf 83' lang='grc' dir='ltr'>τὴν</span> <span class='ocrx_word' id='word_1_820' title='bbox 1659 2509 1744 2543; x_wconf 76' lang='grc' dir='ltr'>αὐτὴν</span> <span class='ocrx_word' id='word_1_821' title='bbox 1759 2509 1810 2535; x_wconf 80' lang='grc' dir='ltr'>καὶ</span> 
     </span>
    </p>
   </div>
   <div class='ocr_carea' id='block_1_112' title="bbox 1022 2554 1810 2592">
    <p class='ocr_par' dir='ltr' id='par_1_112' title="bbox 1022 2554 1810 2592">
     <span class='ocr_line' id='line_1_112' title="bbox 1022 2554 1810 2592; baseline 0 -10"><span class='ocrx_word' id='word_1_822' title='bbox 1022 2557 1086 2591; x_wconf 82' lang='grc' dir='ltr'>μίαν</span> <span class='ocrx_word' id='word_1_823' title='bbox 1098 2556 1210 2592; x_wconf 86' lang='grc' dir='ltr'>πρόοδον</span> <span class='ocrx_word' id='word_1_824' title='bbox 1222 2555 1269 2582; x_wconf 73' lang='grc' dir='ltr'><strong>καὶ</strong></span> <span class='ocrx_word' id='word_1_825' title='bbox 1282 2555 1424 2590; x_wconf 81' lang='grc' dir='ltr'>ἐνέργειαν</span> <span class='ocrx_word' id='word_1_826' title='bbox 1453 2554 1628 2590; x_wconf 77' lang='grc' dir='ltr'>ὑπαρκτικῶς</span> <span class='ocrx_word' id='word_1_827' title='bbox 1646 2555 1677 2581; x_wconf 81' lang='grc' dir='ltr'>τὸ</span> <span class='ocrx_word' id='word_1_828' title='bbox 1693 2555 1810 2590; x_wconf 84' lang='grc' dir='ltr'>Πνεῦμα</span> 
     </span>
    </p>
   </div>
   <div class='ocr_carea' id='block_1_113' title="bbox 1019 2600 1810 2636">
    <p class='ocr_par' dir='ltr' id='par_1_113' title="bbox 1019 2600 1810 2636">
     <span class='ocr_line' id='line_1_113' title="bbox 1019 2600 1810 2636; baseline -0.003 -7"><span class='ocrx_word' id='word_1_829' title='bbox 1019 2603 1050 2629; x_wconf 80' lang='grc' dir='ltr'>τὸ</span> <span class='ocrx_word' id='word_1_830' title='bbox 1064 2601 1152 2636; x_wconf 78' lang='grc' dir='ltr'>ἇγιον.</span> <span class='ocrx_word' id='word_1_831' title='bbox 1170 2602 1203 2628; x_wconf 80' lang='grc' dir='ltr'><strong>ι’0</strong></span> <span class='ocrx_word' id='word_1_832' title='bbox 1221 2602 1269 2628; x_wconf 78' lang='grc' dir='ltr'>καὶ</span> <span class='ocrx_word' id='word_1_833' title='bbox 1283 2601 1358 2636; x_wconf 83' lang='grc' dir='ltr'>παρὰ</span> <span class='ocrx_word' id='word_1_834' title='bbox 1387 2601 1439 2627; x_wconf 78' lang='grc' dir='ltr'>τῶν</span> <span class='ocrx_word' id='word_1_835' title='bbox 1457 2601 1541 2634; x_wconf 84' lang='grc' dir='ltr'>ἁγίων</span> <span class='ocrx_word' id='word_1_836' title='bbox 1568 2600 1741 2635; x_wconf 78' lang='grc' dir='ltr'>ὁμολογεῖται</span> <span class='ocrx_word' id='word_1_837' title='bbox 1752 2609 1758 2616; x_wconf 95' lang='grc'>·</span> <span class='ocrx_word' id='word_1_838' title='bbox 1776 2602 1810 2628; x_wconf 81' lang='grc' dir='ltr'><strong>τὺ</strong></span> 
     </span>
    </p>
   </div>
   <div class='ocr_carea' id='block_1_114' title="bbox 1020 2646 1809 2683">
    <p class='ocr_par' dir='ltr' id='par_1_114' title="bbox 1020 2646 1809 2683">
     <span class='ocr_line' id='line_1_114' title="bbox 1020 2646 1809 2683; baseline 0 -9"><span class='ocrx_word' id='word_1_839' title='bbox 1020 2649 1074 2683; x_wconf 84' lang='grc' dir='ltr'><strong>γὰρ</strong></span> <span class='ocrx_word' id='word_1_840' title='bbox 1089 2648 1134 2675; x_wconf 67' lang='grc' dir='ltr'>διαὶ</span> <span class='ocrx_word' id='word_1_841' title='bbox 1147 2656 1218 2678; x_wconf 84' lang='grc' dir='ltr'>τινος</span> <span class='ocrx_word' id='word_1_842' title='bbox 1234 2647 1263 2674; x_wconf 79' lang='grc' dir='ltr'>ὃν</span> <span class='ocrx_word' id='word_1_843' title='bbox 1280 2646 1403 2681; x_wconf 82' lang='grc' dir='ltr'>φυσικῶς</span> <span class='ocrx_word' id='word_1_844' title='bbox 1434 2648 1481 2673; x_wconf 79' lang='grc' dir='ltr'>καὶ</span> <span class='ocrx_word' id='word_1_845' title='bbox 1508 2648 1538 2679; x_wconf 78' lang='grc' dir='ltr'>ἐξ</span> <span class='ocrx_word' id='word_1_846' title='bbox 1565 2647 1648 2674; x_wconf 78' lang='grc' dir='ltr'>αὐτοῦ</span> <span class='ocrx_word' id='word_1_847' title='bbox 1662 2648 1720 2674; x_wconf 76' lang='grc' dir='ltr'>ἑστι</span> <span class='ocrx_word' id='word_1_848' title='bbox 1731 2655 1740 2664; x_wconf 83' lang='lat'><strong>&#39;</strong></span> <span class='ocrx_word' id='word_1_849' title='bbox 1758 2649 1809 2674; x_wconf 77' lang='grc' dir='ltr'>καὶ</span> 
     </span>
    </p>
   </div>
   <div class='ocr_carea' id='block_1_115' title="bbox 1018 2692 1810 2727">
    <p class='ocr_par' dir='ltr' id='par_1_115' title="bbox 1018 2692 1810 2727">
     <span class='ocr_line' id='line_1_115' title="bbox 1018 2692 1810 2727; baseline 0.001 -8"><span class='ocrx_word' id='word_1_850' title='bbox 1018 2693 1097 2719; x_wconf 84' lang='grc' dir='ltr'>τοῦτο</span> <span class='ocrx_word' id='word_1_851' title='bbox 1122 2692 1222 2727; x_wconf 82' lang='grc' dir='ltr'>μᾶλλον</span> <span class='ocrx_word' id='word_1_852' title='bbox 1242 2693 1343 2727; x_wconf 75' lang='grc' dir='ltr'>ἰσχύειν</span> <span class='ocrx_word' id='word_1_853' title='bbox 1359 2693 1416 2718; x_wconf 73' lang='grc' dir='ltr'>ἐκεῖ</span> <span class='ocrx_word' id='word_1_854' title='bbox 1427 2693 1516 2718; x_wconf 77' lang='grc' dir='ltr'>ίοτέον</span> <span class='ocrx_word' id='word_1_855' title='bbox 1530 2692 1573 2718; x_wconf 70' lang='grc' dir='ltr'><strong>διὰ</strong></span> <span class='ocrx_word' id='word_1_856' title='bbox 1591 2692 1621 2719; x_wconf 77' lang='grc' dir='ltr'>τὸ</span> <span class='ocrx_word' id='word_1_857' title='bbox 1636 2692 1686 2727; x_wconf 82' lang='grc' dir='ltr'>τῆς</span> <span class='ocrx_word' id='word_1_858' title='bbox 1710 2692 1810 2725; x_wconf 74' lang='grc' dir='ltr'>οὐσίας</span> 
     </span>
    </p>
   </div>
   <div class='ocr_carea' id='block_1_116' title="bbox 1017 2737 1806 2773">
    <p class='ocr_par' dir='ltr' id='par_1_116' title="bbox 1017 2737 1806 2773">
     <span class='ocr_line' id='line_1_116' title="bbox 1017 2737 1806 2773; baseline 0 -9"><span class='ocrx_word' id='word_1_859' title='bbox 1017 2738 1126 2770; x_wconf 81' lang='grc' dir='ltr'>ταυτὸν,</span> <span class='ocrx_word' id='word_1_860' title='bbox 1141 2737 1228 2764; x_wconf 75' lang='grc' dir='ltr'>καὶτὸ</span> <span class='ocrx_word' id='word_1_861' title='bbox 1254 2738 1322 2772; x_wconf 70' lang='grc' dir='ltr'>πρὸς</span> <span class='ocrx_word' id='word_1_862' title='bbox 1338 2738 1383 2764; x_wconf 75' lang='grc' dir='ltr'>τὸν</span> <span class='ocrx_word' id='word_1_863' title='bbox 1401 2738 1510 2772; x_wconf 86' lang='grc' dir='ltr'>Πατέρα</span> <span class='ocrx_word' id='word_1_864' title='bbox 1536 2738 1582 2764; x_wconf 82' lang='grc' dir='ltr'>τοῦ</span> <span class='ocrx_word' id='word_1_865' title='bbox 1599 2738 1665 2764; x_wconf 79' lang='grc' dir='ltr'>Υίοῡ</span> <span class='ocrx_word' id='word_1_866' title='bbox 1681 2739 1806 2773; x_wconf 74' lang='grc' dir='ltr'>ὁμόοεον,</span> 
     </span>
    </p>
   </div>
   <div class='ocr_carea' id='block_1_117' title="bbox 1019 2783 1807 2819">
    <p class='ocr_par' dir='ltr' id='par_1_117' title="bbox 1019 2783 1807 2819">
     <span class='ocr_line' id='line_1_117' title="bbox 1019 2783 1807 2819; baseline -0.003 -8"><span class='ocrx_word' id='word_1_867' title='bbox 1019 2784 1066 2811; x_wconf 73' lang='grc' dir='ltr'>καὶ</span> <span class='ocrx_word' id='word_1_868' title='bbox 1074 2784 1123 2818; x_wconf 83' lang='grc' dir='ltr'>τὴν</span> <span class='ocrx_word' id='word_1_869' title='bbox 1135 2784 1218 2818; x_wconf 77' lang='grc' dir='ltr'>ἄλλην</span> <span class='ocrx_word' id='word_1_870' title='bbox 1233 2785 1308 2819; x_wconf 68' lang='grc' dir='ltr'>παρὰ</span> <span class='ocrx_word' id='word_1_871' title='bbox 1319 2785 1352 2819; x_wconf 84' lang='grc' dir='ltr'><strong>τῇ</strong></span> <span class='ocrx_word' id='word_1_872' title='bbox 1366 2784 1461 2819; x_wconf 72' lang='grc' dir='ltr'>Γραφῇ</span> <span class='ocrx_word' id='word_1_873' title='bbox 1474 2784 1540 2819; x_wconf 82' lang='grc' dir='ltr'>πρὸς</span> <span class='ocrx_word' id='word_1_874' title='bbox 1552 2785 1655 2810; x_wconf 78' lang='grc' dir='ltr'>ἐκεῖνον</span> <span class='ocrx_word' id='word_1_875' title='bbox 1675 2783 1807 2818; x_wconf 75' lang='grc' dir='ltr'>ταυτότη-</span> 
     </span>
    </p>
   </div>
   <div class='ocr_carea' id='block_1_118' title="bbox 1019 2829 1805 2866">
    <p class='ocr_par' dir='ltr' id='par_1_118' title="bbox 1019 2829 1805 2866">
     <span class='ocr_line' id='line_1_118' title="bbox 1019 2829 1805 2866; baseline -0.001 -10"><span class='ocrx_word' id='word_1_876' title='bbox 1019 2839 1052 2856; x_wconf 87' lang='grc' dir='ltr'><strong>τα</strong></span> <span class='ocrx_word' id='word_1_877' title='bbox 1081 2830 1129 2856; x_wconf 71' lang='grc' dir='ltr'><strong>καὶ</strong></span> <span class='ocrx_word' id='word_1_878' title='bbox 1159 2830 1381 2865; x_wconf 71' lang='grc' dir='ltr'>ἀπαραλλαξίαν·</span> <span class='ocrx_word' id='word_1_879' title='bbox 1407 2831 1476 2866; x_wconf 71' lang='grc' dir='ltr'>πρὸς</span> <span class='ocrx_word' id='word_1_880' title='bbox 1502 2831 1529 2856; x_wconf 78' lang='lat' dir='ltr'><strong>6‘s</strong></span> <span class='ocrx_word' id='word_1_881' title='bbox 1560 2830 1607 2857; x_wconf 67' lang='grc' dir='ltr'><strong>καὶ</strong></span> <span class='ocrx_word' id='word_1_882' title='bbox 1635 2829 1666 2856; x_wconf 84' lang='grc' dir='ltr'><strong>τδ</strong></span> <span class='ocrx_word' id='word_1_883' title='bbox 1691 2830 1724 2856; x_wconf 78' lang='grc' dir='ltr'>ὲκ</span> <span class='ocrx_word' id='word_1_884' title='bbox 1751 2829 1805 2862; x_wconf 78' lang='grc' dir='ltr'>τῆς</span> 
     </span>
    </p>
   </div>
  </div>
