1942 3091
854 42 872 50 οε

139 118 191 149 933

600 119 649 149 DE
669 119 929 150 PROCESSIONE
950 119 1128 151 SPIRITUS
1153 119 1300 150 SANCTI.

1715 119 1769 151 9:1

137 163 228 195 οὐσίας
249 162 295 191 τοῦ
312 163 376 189 Υιοῦ
393 162 518 198 λέγεσθαι
537 165 583 190 καὶ
600 165 629 198 ἐξ
643 165 725 192 αὐτου
743 166 870 200 προίέναι
886 166 926 191 κα“

988 163 1028 191 ibi
1048 164 1169 191 dandum
1195 169 1246 196 est,
1268 169 1378 199 propter
1404 164 1572 192 identitatcm
1588 165 1723 200 essentite,
1741 173 1768 193 ct

137 205 214 235 εἷναι.

986 210 1050 244 quia
1065 209 1151 236 Filius
1168 217 1238 236 unus
1261 214 1302 236 cst
1318 217 1379 236 cum
1395 210 1474 238 Patre
1494 211 1582 244 Deus;
1596 216 1677 246 atque
1691 212 1768 246 juxta

136 261 238 281 sacram
255 254 425 290 Scriptarum
437 255 464 282 in
478 255 592 291 reliquis
603 265 656 284 una
669 261 711 284 est
722 257 831 284 illorum
843 256 971 284 identitas
989 259 1017 283 et
1032 255 1293 283 incommutabilitas
1325 255 1449 283 Deitatis.
1480 257 1520 283 Ad
1541 256 1608 289 liazc,
1638 262 1666 284 ct
1695 263 1767 292 quod

136 307 167 328 ex
184 301 338 328 substantia
352 302 414 329 Filii
430 301 550 337 Spiritus
564 303 682 336 dicatur,
696 308 725 331 et
737 311 769 330 ex
786 304 847 339 ipso
860 302 1009 338 procedere
1023 307 1051 329 et
1064 309 1138 330 csse.

171 348 232 374 Ἔτι
245 347 273 374 δὲ
289 348 337 375 καὶ
351 349 430 375 αὐτοὶ
447 349 471 376 οί
487 349 674 384 ἀντιλέγοντες
699 350 749 385 τὴν
768 351 922 385 ἐνέργειαν,

137 394 151 429 ἢ
165 394 214 429 τὴν
226 394 381 429 ἀγαθότητα
395 395 441 422 καὶ
453 395 502 430 τὴν
535 396 608 431 ζωὴν
625 397 672 423 τοῦ
688 396 767 427 Θεοῦ,
782 396 798 431 ἢ
814 396 847 422 τὰ
873 396 926 422 ὑπὸ

136 441 188 467 τῶν
215 434 365 475 ἀνθρώπων
389 440 463 475 παρὰ
482 440 529 467 τοῦ
544 442 611 468 Θεοῦ
628 443 666 472 είς
689 444 718 469 τὸ
748 442 925 477 μετέρχεσθαι

137 484 330 520 λαμϐανόμενα
345 486 513 519 χαρίσματα,
530 486 548 512 ἃ
565 485 597 520 δὴ
613 486 701 512 πάντα
725 485 841 512 ἄκτιστα
855 484 926 513 εἶναι

140 529 279 562 βούλονται
294 530 342 556 καὶ
354 529 468 564 διάφορα
482 530 529 564 τῆς
555 530 650 561 οὐσίας
667 531 827 565 πράγματα,
843 531 925 564 φασὶν

139 575 166 601 ὲν
181 575 249 610 αὺτῇ
271 576 304 610 τῇ
317 575 396 610 οὐσίᾳ
408 575 455 601 τοῦ
467 575 533 602 Θεοῦ
560 575 732 611 ὲνιδρυμένα,
749 577 796 602 καὶ
824 576 926 611 ταύτην

140 622 227 649 αὐτῶν
251 623 340 649 αἰτίαν
367 620 446 654 εἶναι,
475 622 522 649 νῦν
546 623 595 657 μὲν
622 623 654 649 ἐκ
677 622 722 649 τοῦ
745 622 848 657 Πατρδς
879 623 926 648 καὶ

139 669 184 696 τοῦ
218 668 300 700 Υίοῦ,
319 668 367 694 νῦν
393 667 421 694 δὲ
443 667 475 694 ἐκ
500 669 546 695 τοῦ
576 669 682 704 Πατρδς
713 669 760 695 καὶ
783 668 830 695 τοῦ
859 666 924 696 Υίοῦ

139 714 186 741 καὶ
206 714 251 741 τοῦ
275 715 354 748 ἁγίου
376 715 534 750 Πνεὺματος
555 715 604 748 τὴν
628 713 744 748 ὕπαρξιν
766 714 838 749 ἔχειν
861 714 925 750 ὁμο-

140 760 290 794 ).ογοῦντες.
312 761 359 787 Ἐκ
374 761 428 795 γὰρ
439 761 493 788 τῶν
518 761 601 795 τριῶν
625 761 798 787 oms-ciosum
815 761 926 787 αἱτιατὰ

140 807 255 835 τιθέασι.
282 807 367 834 Τοῦτο
390 807 413 834 δ’
437 807 488 834 οὐκ
516 806 549 834 ἂν
572 807 681 838 πάντως
709 807 812 841 ἔλεγον,
835 807 860 833 ει
887 807 924 842 μὴ

141 855 187 887 τὰς
200 855 362 886 ὑποστάσεις
372 854 423 889 τὴν
450 853 543 880 οὐσίαν
568 851 638 880 εἶναι
652 853 699 880 τοῦ
717 852 783 880 Θεοῦ
798 852 924 888 ἡγοῦντο,

140 901 207 934 ὅπερ
217 901 290 927 ἐστὶν
304 900 425 926 ἐναντίον
438 896 479 931 οἷς
496 898 685 934 άδολεσχοῦσιν
699 898 828 933 ἀλλαχοῦ.
841 898 925 933 Δῆλον

140 948 228 974 τοίνυν
244 948 276 974 ὲκ
290 947 392 974 τούτων
410 946 457 973 καὶ
481 946 558 973 αὐτοὶ
583 945 715 979 ποιοῦσιν,
731 946 768 977 ὡς
796 945 924 980 οὐδεμίαν

140 994 270 1028 διαφορὰν
284 994 318 1019 ἐπ
344 993 430 1019 ιὺτῶν
445 992 500 1019 τῶν
514 991 669 1026 προθέσεων
683 991 811 1024 τίθενται,
830 991 923 1025 δηλον-
941 992 961 1018 Β

140 1040 180 1066 ότι
204 1039 247 1066 διὰ
266 1039 296 1066 τὸ
309 1039 359 1073 τῆς
370 1038 465 1070 οὐσίας
478 1038 525 1065 καὶ
542 1038 590 1072 τῆς
603 1038 716 1073 προόδου
728 1038 777 1064 καὶ
788 1036 927 1072 ἐνεργείας

140 1086 239 1113 ταυτὸν
254 1086 303 1112 καὶ
333 1085 490 1120 ἀδιάφορον.
509 1083 744 1119 Προσεμιραίνουσι
759 1083 787 1109 δὲ
816 1084 864 1109 καὶ
887 1083 927 1109 δτι

139 1132 188 1159 οὐκ
211 1132 258 1158 ἐπὶ
275 1131 329 1158 τῶν
361 1132 476 1158 κτιστῶν
510 1131 592 1165 μόνον
621 1130 701 1165 ὴδιὰ
727 1129 796 1163 πρὸς
822 1129 871 1164 τὴν
891 1128 926 1155 ἐκ

139 1177 360 1213 άντιμεῠίσταται
377 1177 407 1213 (ὃ
422 1177 493 1204 κατὰ
507 1178 556 1212 τῆς
569 1177 622 1203 τῶν
653 1176 738 1210 ἁγίων
754 1176 832 1202 αὐτοὶ
857 1183 926 1210 προ-

139 1224 256 1250 τείνουσι
269 1223 452 1254 διδασκαλίας,
465 1223 638 1255 ἀξιωσάντων
655 1222 810 1256 άδιαφορεῖν
825 1220 927 1251 ταύτας

139 1270 251 1296 ἐπὶτῶν
265 1270 345 1296 θείων
371 1269 475 1301 ἁπλῶς,
493 1269 530 1300 ὡς
563 1269 683 1303 εἴρηται)
697 1288 704 1299 ,
717 1268 784 1294 άλλά
809 1268 857 1293 καὶ
880 1265 927 1292 ὲπὶ

139 1316 193 1342 τῶν
209 1316 345 1342 άκτίστων
362 1315 447 1347 αὑτὰς
472 1315 624 1350 ὑποχωρεῖν
641 1313 770 1347 ἀλλήλαις
788 1313 836 1340 καὶ
853 1313 927 1339 ἀντι-

142 1362 330 1396 μεθίστασθαι.
347 1362 466 1388 ΠειΘέτω
481 1361 509 1387 δὲ
526 1361 624 1392 αὐτοὺς
641 1361 689 1387 καὶ
702 1360 736 1386 τὰ
760 1358 928 1392 ὑποδείγμα-

140 1419 184 1440 τα,
198 1406 239 1440 οἷς
249 1409 272 1434 οἱ
285 1408 440 1435 διδάσκαλοι
467 1408 534 1442 πρδς
559 1406 672 1438 ἔνδειξιν
697 1406 747 1440 τῆς
779 1404 849 1431 κατὰ
878 1402 926 1438 τὴν

140 1455 242 1490 Τριάδοι
253 1455 307 1480 τῶν
323 1454 476 1488 προσώπων
489 1453 603 1487 προόδου
615 1452 661 1478 καὶ
676 1451 777 1484 τάξεως
795 1449 927 1484 ἐχρήσαν-

139 1510 181 1532 το,
195 1498 250 1527 οἷον
261 1499 346 1535 ἥλιον,
359 1501 457 1526 ἀκτῖνα
472 1499 520 1526 καὶ
536 1498 603 1532 φῶς,
615 1497 765 1532 όφθαλμδν,
777 1496 824 1522 καὶ
835 1493 926 1528 πηγὴν

141 1550 188 1574 καὶ
198 1548 319 1582 ποταμόν
330 1555 338 1563 ·
357 1547 396 1573 ἔτι
412 1547 440 1573 δὲ
455 1546 544 1580 πηγὴν
558 1545 604 1572 καὶ
620 1544 741 1579 ποταμὸν
759 1543 807 1569 καὶ
816 1541 924 1576 λίμνην,

141 1595 157 1627 ἢ
174 1595 261 1628 ῥίζαν,
274 1593 390 1629 καρπὸν,
404 1593 452 1619 καὶ
466 1592 573 1623 κλάδον,
591 1592 637 1618 καὶ
652 1591 700 1618 ὅσα
711 1589 831 1617 τοιαῦτα·
846 1588 874 1614 ὲν
885 1585 925 1616 οἷς

1014 349 1162 380 Praeterea,
1180 349 1262 376 etiam
1279 348 1341 383 ipsi,
1367 350 1414 383 qui
1442 350 1643 382 contradicunt,
1672 358 1769 384 opera-

980 393 1094 427 tionem,
1112 401 1160 420 seu
1182 393 1349 426 bonitatem,
1367 402 1398 421 ac
1415 394 1497 421 \itam
1524 394 1583 426 Dei,
1599 395 1640 422 vel
1664 395 1769 422 charis—

980 443 1054 466 mata
1072 447 1133 473 quae
1146 439 1276 471 homines
1293 448 1308 467 a
1324 440 1380 467 Deo
1396 441 1547 475 accipiunt,
1566 445 1595 468 ut
1610 446 1769 475 operentur,

979 493 1039 520 qua:
1062 493 1128 513 sane
1153 487 1245 514 omnia
1267 487 1387 514 incrcata
1414 495 1474 514 esse
1502 488 1607 519 volunt,
1633 492 1715 522 atque
1736 489 1770 515 ah

978 532 1097 559 essentia
1123 532 1245 560 diversas
1274 541 1317 561 res
1343 542 1413 565 esse,
1442 534 1470 561 in
1496 534 1552 568 ipsa
1577 533 1624 561 Dei
1651 535 1770 561 essentia

979 577 1099 604 in~itlcre
1117 578 1204 609 aiunt,
1221 583 1249 605 et
1269 586 1328 605 eam
1349 580 1446 606 borum
1467 587 1527 607 esse
1548 588 1670 612 causam,
1697 587 1770 607 nunc

982 623 1095 657 quidem
1113 632 1145 650 ex
1166 624 1245 652 Patre
1259 633 1307 660 per
1325 625 1441 658 Filium;
1467 633 1540 653 nunc
1556 633 1623 652 vero
1636 634 1668 653 ex
1690 626 1770 653 P.=tre

979 668 1105 704 Filioque
1118 678 1149 697 ac
1165 670 1268 705 Spiritu
1282 676 1377 698 sancto
1398 672 1585 698 exsistentiam
1613 672 1712 700 habere
1729 672 1772 699 fa-

979 719 1083 743 tentur.
1101 716 1209 743 Etenim
1222 724 1254 743 ex
1272 717 1360 744 tribus
1373 717 1564 752 ltypostasilius
1583 723 1694 745 causata
1708 727 1771 747 csso

979 768 1091 788 censent
1110 771 1116 787 :
1134 763 1206 796 quod
1232 762 1345 789 omnino
1371 771 1424 789 non
1449 763 1584 794 dicerent.
1605 763 1656 790 nisi
1683 764 1770 799 ltypo-

978 811 1064 834 stasvs
1079 809 1225 834 essentiam
1249 808 1297 836 Dei
1321 816 1382 835 esse
1401 809 1603 842 existimarent,
1624 810 1697 844 quod
1727 816 1770 838 est

980 854 1146 880 contrarium
1167 854 1209 880 liis
1223 861 1284 888 quae
1300 854 1364 881 alibi
1394 855 1529 889 garriunt.
1554 854 1592 882 Ex
1615 855 1659 883 liis
1685 856 1770 891 igitur

981 901 1156 927 manifestum
1181 905 1233 932 est.
1249 901 1322 936 quod
1348 902 1429 929 ctiam
1456 901 1507 936 ipsi
1532 902 1634 929 nullam
1663 907 1770 938 ponunt

981 946 1166 973 diﬁcrentiam
1207 947 1234 974 in
1271 947 1314 974 liis
1348 947 1606 982 praepositionibus,
1641 948 1770 976 videlicot

979 998 1090 1028 propter
1107 993 1277 1023 itlcntitatem
1296 999 1378 1028 atque
1408 993 1622 1021 itidillerettliant
1642 994 1770 1022 substan-

981 1038 1039 1070 tiae,
1068 1038 1318 1074 processionisque,
1345 1043 1428 1074 atque
1455 1039 1632 1074 operationis.
1658 1040 1770 1075 Insuper

977 1087 1068 1110 autent
1089 1083 1221 1115 indicant,
1238 1084 1312 1118 quod
1327 1091 1381 1110 non
1398 1085 1486 1111 solum
1504 1086 1531 1112 in
1542 1085 1642 1112 creatis
1659 1093 1751 1120 praapo

976 1128 1048 1157 sitio‘
1071 1137 1118 1164 per
1150 1129 1184 1156 ad
1210 1129 1430 1164 praepositionem
1458 1138 1489 1157 ea:
1519 1130 1639 1158 vicissim
1671 1132 1769 1158 transit

977 1175 1063 1212 (quod
1081 1180 1177 1203 contra
1193 1175 1345 1202 doctrinam
1373 1180 1529 1203 sanctorum
1548 1176 1697 1211 objectant,
1722 1177 1769 1212 qui

976 1226 1091 1249 censent
1117 1221 1167 1249 has
1192 1221 1401 1257 prmpositiones
1433 1222 1459 1249 in
1485 1222 1587 1250 divinis
1608 1223 1771 1258 simpliciter

976 1266 1043 1293 nihil
1073 1266 1175 1293 habere
1198 1266 1380 1298 discriminis,
1399 1272 1428 1293 ut
1451 1266 1555 1294 dictum
1583 1268 1647 1302 est),
1674 1276 1770 1295 verum

977 1311 1061 1338 etiam
1077 1312 1104 1338 in
1119 1311 1248 1338 increatis
1264 1312 1312 1338 llas
1328 1312 1426 1338 cedere
1449 1312 1580 1344 invicem,
1604 1316 1631 1339 et
1655 1312 1769 1339 alteram

978 1357 1005 1384 in
1022 1357 1137 1384 alteram
1161 1357 1281 1384 vicissim
1307 1357 1436 1384 transire.
1465 1357 1652 1384 Persuatlcant
1676 1362 1767 1384 autent

977 1403 1045 1438 ipsis
1061 1403 1144 1430 ctiam
1158 1404 1292 1437 exempla,
1308 1403 1410 1438 quibus
1427 1403 1553 1430 doctores
1569 1403 1602 1430 ad
1620 1403 1769 1430 ostenden-

978 1449 1042 1476 dum
1060 1457 1229 1483 processura,
1249 1453 1276 1476 ct
1298 1449 1421 1476 ordinem
1448 1457 1626 1483 personarum
1654 1450 1682 1477 in
1708 1451 1770 1477 Tri-

977 1495 1062 1521 nitate
1079 1495 1119 1521 usi
1136 1500 1210 1527 Strat,
1225 1495 1307 1521 veluti
1325 1495 1392 1527 sole,
1406 1495 1534 1524 radio.ac
1547 1496 1624 1523 luce:
1637 1497 1718 1523 oculo
1732 1497 1769 1526 \id

976 1545 1026 1572 est,
1045 1541 1130 1574 prima
1145 1540 1226 1567 fontis
1239 1540 1417 1574 scaturigine)
1435 1546 1462 1568 ct
1487 1541 1573 1574 fonte,
1588 1549 1619 1568 ac
1636 1541 1769 1574 ﬂumine;

977 1587 1088 1621 insuper
1103 1587 1184 1612 ctiam
1200 1586 1286 1620 fonte,
1306 1586 1427 1618 ﬂumine,
1443 1592 1524 1621 atque
1539 1587 1652 1621 palude;
1670 1587 1712 1614 vel
1728 1596 1771 1613 ra-

141 1640 218 1674 δήλον
234 1640 281 1674 τὴν
298 1638 413 1673 ὓπαρξιν
424 1637 495 1672 ἔχειν
516 1637 546 1663 τὺ
572 1637 663 1672 τρίτον
695 1637 728 1662 ὲκ
753 1635 799 1662 τοῦ
815 1634 922 1669 πρώτου

981 1633 1044 1664 lice,
1058 1640 1143 1663 ramo,
1154 1637 1181 1660 et
1196 1632 1296 1664 l'rurtu,
1306 1637 1333 1659 ct
1344 1633 1496 1666 similibus;
1509 1633 1535 1660 in
1548 1633 1647 1668 quibus
1657 1641 1718 1660 man
1730 1634 1770 1661 le-

141 1685 185 1711 διὰ
202 1683 247 1710 τοῦ
268 1684 351 1719 μέσου
369 1679 440 1710 κατὰ
455 1682 519 1718 μίαν
534 1682 647 1717 πρόοδον
662 1681 730 1716 μετὰ
753 1681 800 1708 καὶ
814 1680 859 1707 τοῦ
876 1680 925 1715 τὴν

142 1730 258 1764 φυσικὴν
277 1730 423 1764 συνάφειαν
439 1729 487 1755 καὶ
503 1726 617 1763 ἑνότητα
645 1727 710 1763 πρὸς
740 1726 842 1761 ἄλληλα
857 1726 923 1752 ἀπο-

142 1777 249 1810 σώζειν.

186 1823 246 1857 Ἀφ’
259 1819 296 1849 ὢν
317 1822 525 1856 ὑποδειγμάτων
541 1821 638 1856 δήπου,
650 1821 699 1855 τῆς
719 1820 783 1855 ὕλης
799 1820 845 1846 καὶ
873 1820 926 1846 τῶν

141 1869 202 1895 κατ’
222 1869 306 1903 αὐτὴν
324 1869 515 1904 διαστημάτων
541 1869 590 1896 καὶ
612 1868 661 1901 τῆς
693 1867 828 1902 ἑπομένης
858 1866 925 1901 αὐτῇ

142 1915 229 1950 ῥοπῆς
242 1914 563 1949 ἀφαιρουμένων(ταυτὶ
588 1916 643 1950 γὰρ
671 1915 716 1941 ἐπὶ
741 1913 808 1940 Θεοῦ
836 1913 928 1948 χώραν

141 1962 191 1988 οὐκ
207 1962 274 1996 ἔχει,
294 1961 327 1988 δι’
358 1961 375 1989 ἃ
389 1962 421 1996 δὴ
450 1963 498 1988 καὶ
520 1962 651 1993 πολλάκις
676 1962 709 1988 τὰ
741 1961 928 1994 ὑποδείγματα

141 2007 199 2037 τοῖς
224 2006 395 2037 διδασκάλοις
429 2006 492 2032 ὅσον
523 2008 552 2033 ὲν
579 2006 685 2038 τούτοις
709 2004 896 2041 ἀπήρεσκεν),
915 2005 928 2031 ὁ

142 2050 267 2086 περὶτῆς
281 2051 348 2086 πρὸς
365 2051 466 2086 ἄλληλα
480 2052 582 2084 τάξεως
611 2051 680 2087 μετὰ
704 2052 753 2086 τῆς
781 2050 929 2085 συναφείας

141 2094 334 2121 καταλείπεται
361 2095 454 2129 λόγος’
475 2095 554 2130 μόνος
585 2096 632 2122 ἐπὶ
651 2095 718 2121 Θεοῦ
735 2095 806 2122 κατὰ
821 2096 854 2121 τὰ
870 2095 929 2120 θεῖα

142 2141 278 2175 πρόσωπα
302 2140 489 2175 λαμϐάνεσθαι
526 2142 682 2176 προσήκων,
704 2142 752 2173 '0;
779 2142 858 2176 μόνος
875 2141 929 2168 τῶν

142 2187 232 2214 ἄλλων
248 2188 297 2214 ὅσα
312 2188 423 2214 ἕπονται
450 2189 694 2223 παραλειπομένων
723 2190 769 2215 ἐπὶ
786 2188 854 2215 Θεοῦ
873 2190 929 2221 τοῖς

142 2231 232 2265 ἁγίοις
247 2232 340 2265 ἀρκεῖ·
363 2232 433 2259 ὥστε
451 2233 498 2259 καὶ
513 2233 563 2268 τὴν
576 2233 698 2268 πρόοδον,
718 2235 765 2260 καὶ
781 2235 830 2268 τὴν
842 2235 928 2267 τάξιν,

976 1685 1048 1708 stum
1062 1684 1113 1712 est,
1125 1679 1235 1706 tertium
1249 1679 1348 1706 habere
1361 1680 1551 1706 exsistcntiam
1568 1687 1600 1706 ex
1617 1680 1706 1714 primo
1721 1688 1769 1714 pcr

976 1726 1095 1753 medium
1104 1725 1252 1753 secundum
1263 1733 1343 1753 unam
1351 1726 1587 1760 processioneu:,s
1603 1729 1678 1753 rvata
1687 1725 1768 1752 simul

976 1773 1093 1800 naturali
1108 1773 1311 1806 conjunctione,
1325 1776 1407 1807 atque
1421 1772 1524 1800 unitate
1541 1773 1574 1799 ad
1592 1772 1721 1799 invicem.

1012 1819 1051 1846 Ex
1065 1819 1166 1854 quibus
1181 1819 1313 1852 exemplis
1326 1818 1456 1845 nimirum
1478 1818 1604 1851 materia,
1618 1822 1646 1845 et
1659 1818 1766 1846 dimen-

978 1865 1115 1898 sionihus,
1133 1871 1161 1893 et
1183 1866 1216 1893 iis
1234 1873 1295 1900 qua:
1319 1873 1378 1893 eam
1399 1870 1616 1900 consequuntur,
1632 1865 1768 1893 detractis

981 1911 1049 1947 (hac
1077 1912 1150 1938 enim
1170 1912 1196 1938 in
1225 1911 1279 1938 Deo
1302 1911 1390 1938 locum
1420 1918 1474 1938 non
1503 1911 1616 1943 habent,
1642 1911 1678 1938 ob
1706 1919 1768 1946 quze

978 1958 1059 1984 ctiam
1074 1965 1144 1992 smpe
1169 1957 1226 1984 bzec
1239 1957 1362 1992 exempla
1389 1957 1550 1984 doctoribus
1565 1957 1654 1992 quoad
1676 1959 1768 1984 omnia

979 2003 1187 2038 displicebant).
1209 2009 1295 2030 restat
1312 2003 1380 2039 ratio
1394 2004 1507 2036 ordinis,
1522 2003 1569 2038 qui
1586 2003 1656 2030 inter
1672 2011 1767 2038 perso-

979 2056 1028 2075 nas
1043 2049 1075 2075 ad
1099 2048 1215 2075 invicem
1242 2053 1283 2075 est
1302 2056 1355 2075 una
1385 2055 1446 2075 cum
1471 2048 1664 2083 conjunctione
1681 2057 1687 2074 :
1706 2055 1768 2082 quae

980 2094 1049 2121 ratio
1065 2094 1122 2121 sola
1137 2094 1304 2121 conveniens
1317 2098 1369 2126 est,
1388 2098 1415 2120 ut
1441 2094 1467 2120 in
1487 2093 1542 2121 Deo
1557 2094 1706 2121 secundum
1723 2094 1767 2121 di-

979 2141 1057 2168 vinas
1072 2148 1202 2175 personas
1216 2141 1377 2175 accipiatur.
1396 2141 1461 2174 Qua:
1474 2141 1530 2167 sola
1545 2140 1572 2167 in
1591 2140 1647 2167 Deo
1665 2140 1769 2167 relictis

978 2186 1039 2213 aliis
1053 2194 1113 2220 quas
1129 2177 1293 2219 sequuntur,
1310 2186 1412 2213 sanctis
1427 2185 1590 2212 doctoribus
1610 2186 1716 2220 placet;
1737 2190 1768 2212 ut

979 2237 1006 2260 et
1020 2239 1189 2266 processum,
1197 2236 1225 2259 et
1236 2231 1371 2264 ordinem,
1379 2239 1411 2259 ac
1420 2236 1523 2258 natura:
1534 2231 1767 2266 conjumtionem,

141 2278 189 2304 καὶ
209 2278 237 2303 τὸ
251 2279 299 2312 τῆς
313 2278 418 2312 φύσεως
431 2279 540 2311 οἰκεῖον,
557 2280 618 2306 ὅσον
634 2279 688 2306 άπὸ
704 2281 757 2307 τῶν
770 2280 832 2307 καθ’
854 2282 926 2315 ἡμᾶς

981 2282 1112 2313 quantum
1136 2278 1195 2305 licri
1220 2283 1307 2313 potest
1328 2278 1362 2305 ab
1377 2278 1517 2311 exemplis,
1549 2277 1652 2304 nostris
1677 2277 1767 2311 expri—

143 2323 279 2357 ἐνδέχεται
293 2325 436 2360 παριστᾷ-ι,
455 2325 485 2351 Et
510 2325 564 2361 γὰρ
597 2326 664 2361 μηδὲ
691 2328 760 2354 κατὰ
790 2328 838 2361 τὴν
854 2327 929 2360 τάξιν

141 2367 229 2394 ταῦτα
243 2368 384 2403 ληψόμεθα
398 2369 446 2405 τὴν
466 2371 576 2406 πρόοδον
589 2372 715 2406 καοῖρῶς
734 2374 930 2407 ὲμφαῖνουσαν,

143 2415 212 2449 μηδὲ
249 2415 300 2449 τῆς
330 2416 398 2449 πρὸς
424 2417 525 2451 ἄλληλα
557 2418 674 2453 σχέσεως
698 2419 848 2446 ἐνδεικτικᾶ
877 2421 931 2446 τῶν

142 2460 223 2486 οείων
250 2460 403 2495 προσώπων
431 2463 564 2497 φήσομεν,
583 2464 632 2489 οὐκ
661 2461 719 2491 οἶδα
744 2464 769 2490 τί
787 2465 847 2491 ποθ’
865 2466 930 2501 ἡμῖν

141 2506 235 2541 ἕτερον
251 2507 329 2533 ταυτὶ
340 2508 372 2533 τὰ
385 2508 569 2542 ὑποδείγματα
580 2509 713 2544 βούλεται.

434 2565 548 2591 KE‘l‘AA
561 2586 567 2592 .
584 2565 632 2592 ω’.

144 2607 447 2647 Ὅτιοίλᾶπιοιὲκ-τὴς
469 2611 577 2644 οὐσίας
594 2612 646 2639 τοῦ
663 2612 778 2647 Πατρός
800 2614 848 2640 καὶ
876 2615 929 2641 τοῦ

181 2643 247 2680 ηοῦ
268 2644 299 2670 τὸ
315 2645 435 2680 Πνεῦμα
449 2643 635 2680 θεολογὸῡσι,
661 2649 710 2674 καὶ
721 2643 836 2675 luctat)
863 2649 929 2676 Υιοῦ

177 2676 500 2740 δίψαθκαὶὺπᾶρχειν,
523 2676 572 2708 καί
597 2676 805 2718 προὶένω,καί
836 2684 926 2711 ἐκπο-

177 2721 268 2740 ρευεσ
287 2721 329 2740 αι.

174 2721 329 2746 ρευεσυαι.

178 2769 280 2804 Καιρὸς
295 2770 323 2797 δὲ
338 2770 390 2807 ἤδη
404 2771 458 2801 καὶ.
476 2772 506 2799 τὸ
524 2773 556 2800 ὲκ
583 2773 634 2808 τῆς
663 2775 756 2808 οὐσίας
780 2774 848 2803 εἷναι
879 2777 926 2804 τοῦ

141 2815 250 2850 Πατρδς
263 2816 308 2844 καὶ
325 2816 372 2844 τοῦ
390 2817 455 2845 Υίοῠ
471 2818 501 2846 τδ
517 2819 627 2856 Πνεῦμα
653 2821 684 2848 τὸ
708 2822 795 2857 ἅγιον,
809 2825 878 2861 ὅπερ
889 2826 926 2858 ὡς

981 2328 1071 2356 utaut;
1087 2324 1109 2351 si
1127 2324 1200 2351 enim
1220 2325 1276 2351 hate
1299 2324 1422 2359 exempla
1449 2331 1537 2358 neque
1558 2324 1591 2351 ad
1610 2324 1767 2358 exprimen-

980 2369 1044 2396 dum
1054 2368 1191 2401 ordinem,
1205 2368 1250 2402 qui
1263 2374 1420 2402 processum
1432 2368 1505 2395 clare
1517 2368 1630 2400 indicat,
1643 2375 1766 2402 sumpse-

981 2416 1077 2442 rimus.
1096 2414 1188 2448 Neque
1206 2414 1331 2441 dicetnus
1343 2422 1415 2446 esse,
1431 2422 1489 2449 quae
1502 2414 1656 2440 divinarum
1674 2421 1768 2448 perso-

979 2469 1075 2487 narum
1092 2461 1163 2488 inter
1176 2468 1205 2488 se
1221 2461 1380 2488 relationem
1398 2461 1570 2496 signiﬁcent,
1584 2461 1679 2488 nescio
1698 2460 1765 2495 quid

982 2506 1091 2533 tandem
1106 2506 1179 2533 aliud
1193 2506 1244 2533 ista
1260 2507 1382 2541 exempla
1406 2507 1484 2534 nobis
1501 2508 1655 2542 exprimere
1668 2507 1764 2534 velint.

1277 2565 1390 2593 CAPUT
1405 2565 1464 2593 ΧΠ.

979 2621 1053 2654 Quod
1070 2623 1155 2649 sancti
1178 2630 1209 2649 ex
1233 2623 1380 2650 substantia
1396 2623 1484 2650 Patris
1505 2627 1529 2650 et
1551 2623 1615 2650 Filii
1634 2623 1764 2657 Spiritum

1013 2662 1134 2684 sanctum
1147 2666 1200 2684 esse
1221 2658 1361 2692 theologica
1378 2658 1518 2690 diurrunl.
1533 2663 1556 2685 et
1572 2667 1603 2685 ea:
1618 2658 1684 2686 Filio
1699 2668 1763 2692 ωδε,

1016 2697 1095 2727 orque
1103 2693 1237 2725 exsistere,
1250 2693 1430 2728 proﬁciscique
1445 2698 1470 2720 et
1488 2696 1637 2728 procedere.

1015 2781 1074 2810 Jam
1093 2789 1157 2809 vero
1182 2786 1290 2817 tempus
1316 2786 1368 2816 est,
1394 2791 1428 2810 ex
1459 2784 1617 2811 doctoribus
1646 2785 1764 2820 probare

981 2827 1114 2862 Spiritqu
1139 2833 1262 2856 sanctum
1279 2837 1314 2857 ex
1328 2829 1478 2857 substantia
1493 2838 1553 2858 esse
1570 2831 1659 2859 Patris
1673 2837 1700 2860 ct
1719 2833 1765 2860 Fi-
