1942 3091
176 105 230 137 935

812 101 999 132 ΠΕΜΕΤΠῘΙ
1017 102 1171 132 (ἶΥΠιΝΙί

1752 104 1800 135 936

176 164 206 191 lii
224 163 307 199 (quod
327 166 455 198 tanquam
475 162 633 191 confessum
650 166 791 196 acceptum
809 162 863 194 est)
883 166 910 186 et
930 168 960 187 ex

1014 161 1231 195 ὁμολογούμενον
1258 160 1394 196 εἴληπται,
1413 161 1461 189 καὶ
1493 163 1523 195 ἐξ
1540 163 1622 190 αὑτοῦ
1651 162 1732 197 εἶναι,
1757 165 1801 192 καὶ

177 210 237 243 ipso
254 209 346 243 (Filio)
368 217 439 241 esse,
463 214 545 243 atque
570 208 714 240 exsistere,
728 206 918 242 proliciscique
933 211 962 232 et

176 254 335 289 procedere.
352 259 412 289 post
430 255 486 282 haec
509 254 719 282 cnnvenieutem
745 254 826 280 ﬁnem
853 253 962 280 habebit

175 304 268 326 nostra
288 301 388 327 oratio.
399 300 540 335 Principio
553 300 635 334 igitur
652 299 730 326 divus
746 299 864 335 Cyrillus
875 299 901 326 in
917 307 962 326 se-

176 345 267 372 cundo
283 346 355 372 libro
370 345 574 377 Thesaurornm,
595 345 621 372 in
639 352 693 372 uno
717 353 749 372 ex
770 345 905 379 capitibus
921 346 962 372 sic

176 391 384 425 inscriptionem
401 391 465 418 facit
485 400 492 418 :
513 400 522 417 ι
551 390 626 422 Quod
647 399 678 418 ex
700 391 849 418 substantia
873 391 961 418 Patris

176 446 208 464 ac
223 437 285 464 Filii
301 437 416 472 Spiritus
429 442 548 464 sanctus.
560 437 636 470 Quod
651 437 674 464 si
697 436 817 471 idipsum
840 437 963 471 proposi-

177 488 234 510 tum
251 488 293 510 est
309 483 373 518 ipsi,
394 484 569 511 manifestum
586 488 638 515 est,
662 483 735 517 quod
760 482 857 510 thesim
884 483 961 510 valde

175 529 323 556 admittens
339 529 397 556 vult
419 537 479 557 eam
496 529 669 556 concludere.
686 529 774 563 Atque
794 529 821 555 in
838 529 896 562 ipso
916 536 962 556 ca—

176 574 274 609 pitulo.
291 575 364 609 quod
390 575 427 602 ita
453 575 622 605 inscribitur,
639 574 676 600 ait
693 582 700 600 :
724 583 732 598 ι
753 573 886 606 Quoniam
909 574 960 608 igi-

177 626 222 648 tur
235 621 354 656 Spiritus
367 626 477 649 sanctus
495 629 556 648 cum
576 621 602 647 in
626 620 706 647 nobis
729 620 820 652 fuerit,
849 620 960 647 confor-

176 674 233 693 mes
249 673 300 693 nos
316 666 372 693 Deo
387 665 467 699 facit;
483 665 667 700 proﬁciscitur
682 671 772 692 autem
788 672 821 692 ex
836 665 916 692 Patre
929 666 961 692 ac

175 712 254 744 Filio,
271 712 374 739 clarum
391 717 443 743 est,
458 712 528 746 quod
546 712 644 739 divinae
667 712 703 738 sit
725 711 894 743 substantias,
918 718 962 738 cs-

175 758 329 785 sentialiter
353 758 379 784 in
401 758 470 792 ipsa,
484 761 512 784 et
523 765 556 784 ex
573 757 631 792 ipsa
647 757 788 792 prodiens.
812 766 822 783 ι
854 757 960 784 Rursus

175 803 202 829 in
221 803 316 829 eodem
330 810 391 836 cap.
409 811 416 829 :
435 811 444 827 ι
465 802 596 836 Proprius
605 807 648 829 est
665 808 754 829 autem
775 802 895 836 Spiritus
913 802 958 830 Fi-

175 847 217 878 lii.
235 851 318 882 atque
340 854 394 874 non
421 847 456 874 ab
483 850 559 874 extra
593 847 694 874 illatus.
717 857 726 873 ι
746 848 907 883 Rursusque
933 848 960 874 in

174 893 229 920 alio
255 901 315 928 cap.
335 902 342 920 :
361 902 370 919 ι
387 893 503 920 Necesse
518 897 559 920 est
572 892 648 920 fateri
667 892 798 928 Spiritum
815 894 903 928 ipsum
927 901 960 920 ex

175 940 326 967 substantia
343 940 402 966 Filii
414 947 446 966 ac
462 940 507 966 Dei
520 940 661 971 exsistere,
673 947 734 966 cum
751 947 859 966 omnem
875 940 960 974 ipsius

173 992 235 1012 eum
249 985 406 1019 potentiam.
417 991 471 1012 tum
483 985 666 1020 operationem
679 980 786 1012 haheat.
798 994 807 1010 ι
819 985 923 1012 Rursus
933 985 959 1012 in

173 1032 245 1058 alio:
267 1041 275 1056 ι
296 1031 380 1066 Igitur
392 1039 425 1058 ex
441 1031 590 1058 substantia
603 1031 662 1058 Filii
679 1031 798 1065 Spiritus
813 1037 931 1059 sanctus
946 1041 956 1058 υ

209 1077 342 1104 Praeterea
359 1077 429 1105 idem
450 1078 478 1104 in
493 1077 665 1112 expositione
686 1078 711 1104 in
730 1077 902 1112 Evangelium
916 1086 960 1105 se-

173 1123 293 1150 cundum
310 1123 442 1150 Joannem
461 1124 487 1150 in
506 1122 570 1150 illud
587 1124 688 1150 dictum
707 1132 714 1150 :
735 1131 745 1148 ι
765 1122 798 1149 Et
820 1124 887 1150 Deus
902 1128 960 1150 erat

177 1169 305 1197 Verbum:
321 1179 330 1195 ι
349 1169 406 1197 Νοη
420 1177 485 1204 ergo
500 1170 589 1197 minor
602 1174 656 1202 est,
681 1169 727 1204 qui
742 1169 870 1197 eamdem
895 1178 960 1205 ope-

174 1217 309 1243 rationem
322 1224 384 1243 cum
403 1217 482 1244 Patre
497 1216 618 1252 perfecto
632 1217 723 1249 habet,
740 1218 834 1245 vivens
850 1222 878 1245 et
894 1219 960 1245 sub-

174 1262 285 1294 sistens,
306 1262 535 1296 quemadmodum
557 1269 622 1290 sane
635 1267 664 1290 et
677 1263 734 1297 ipse
749 1263 959 1293 Pater._Rursus

174 1309 246 1336 idem
260 1309 287 1335 in
303 1308 397 1334 eadem
413 1308 582 1343 expositione
602 1309 628 1335 in
650 1309 717 1336 illud
737 1318 744 1336 :
761 1309 793 1335 Et
806 1317 853 1345 ego
864 1310 959 1345 rogabo

176 1353 297 1385 Patrem,
323 1359 347 1380 et
369 1353 450 1380 alium
470 1353 637 1381 Paraclrtum
656 1355 726 1382 dabit
748 1355 817 1382 vobis
835 1363 844 1382 :
863 1365 872 1381 ι
890 1356 957 1383 Cum

173 1400 247 1427 enim
266 1401 313 1428 Dei
328 1405 356 1427 et
374 1400 462 1427 Patris
480 1401 644 1428 naturalium
669 1401 802 1429 bonorum
825 1403 958 1430 essentia-

173 1447 238 1474 iiter
254 1446 338 1474 Filius
354 1446 547 1482 silparticeps,
574 1446 655 1474 habet
679 1447 812 1481 Spiritum
837 1448 870 1475 ad
895 1456 958 1476 eum

1014 207 1157 241 ὑπάρχειν,
1170 207 1217 233 καὶ
1243 207 1379 240 προϊέναι,
1406 209 1452 235 καὶ
1477 209 1676 244 ἐκπορεύεσθαι
1693 212 1725 238 ὲκ
1749 211 1801 238 τῶν

1012 252 1178 279 διδασκάλων
1194 253 1380 288 παραστῆσαι,
1401 254 1448 281 καὶ
1476 256 1546 289 μετὰ
1572 256 1650 282 ταῦθ’
1671 257 1736 291 ἡμῖν
1746 257 1801 289 ἕξει

1012 298 1088 328 τέλος
1101 298 1131 324 τὸ
1148 297 1285 333 προπῆκον
1300 299 1315 325 ὁ
1341 299 1431 333 λόγος.
1456 301 1561 328 Λύτίκα
1587 302 1679 328 τοίνυν
1692 303 1706 328 ὁ
1732 303 1800 335 θεῖος

1013 342 1147 377 Κύριλλος
1167 343 1196 369 ιν
1229 342 1268 378 τῷ
1291 343 1315 378 β’
1340 343 1395 370 τῶν
1425 345 1592 380 Θησαυρῶν
1615 346 1658 381 ὶφ⁹
1682 347 1724 374 lvi.
1748 348 1800 374 τῶν

1012 388 1168 422 κεφαλαίων
1182 387 1253 415 οὕτω
1275 389 1325 424 τὴν
1354 391 1509 425 ἐπιγραφὴν
1535 393 1669 419 ποιεῖται·
1688 393 1753 421 ’Ὁτι
1766 394 1801 421 ἐκ

1012 432 1067 467 τῆς
1081 433 1191 466 οὐσίας
1209 434 1263 462 τοῦ
1278 435 1394 470 Πατρός
1408 436 1457 462 καί
1469 436 1523 464 τοῦ
1543 437 1611 464 Υἱοῦ
1623 438 1657 465 τὸ
1681 439 1802 473 Πνεῦμα
1858 434 1864 440 ”

1012 481 1045 506 τὸ
1062 480 1158 512 ἅγιον.
1174 482 1204 507 El
1217 481 1244 508 δὲ
1259 482 1326 509 αὐτὸ
1335 483 1414 510 τοῦτο
1435 485 1577 518 πρόκειται
1602 486 1686 521 αὐτῷ,
1711 487 1799 521 δῆλον,

1012 527 1052 553 ὅτι
1065 527 1114 561 τὴν
1134 527 1209 556 θέσιν
1222 529 1270 555 καὶ
1297 531 1367 556 πάνυ
1378 529 1531 565 δεχόμενος,
1551 531 1674 566 βούλεται
1697 541 1802 568 συμπι-

1013 573 1116 607 ραίνειν
1127 581 1135 588 ·
1153 573 1199 599 καὶ
1212 574 1242 600 ἐν
1259 574 1333 609 αὐτῷ
1345 576 1394 602 καὶ
1416 576 1454 611 τῷ
1471 577 1557 609 οὕτως
1587 579 1800 614 ἐπιγραφομένῳ

1012 618 1154 653 κεφαλαίῳ
1171 620 1253 654 φησίν
1265 629 1273 638 ~
1290 631 1300 647 ι
1315 621 1391 648 Ἐπεὶ
1406 623 1494 649 τοίνυν
1506 623 1536 649 τὸ
1551 623 1662 658 Πνεῦμα
1680 624 1711 650 τὸ
1724 625 1802 658 ᾰγιιιν

1012 663 1041 689 ἐν
1058 664 1123 697 ἡμῖν
1150 665 1294 699 γινόμενον
1327 667 1509 704 συμμόρφους
1525 669 1601 703 ἡμᾶς
1628 669 1801 696 ἀποδεικνύει

1012 707 1092 740 Θεοῦ,
1109 710 1217 743 πρόεισι
1227 710 1255 737 δὲ
1267 711 1298 737 ἐκ
1314 711 1422 747 [Ia-spec
1446 713 1493 740 καὶ
1521 714 1596 745 Υίοῦ,
1613 715 1746 750 πρόδηλον
1761 717 1802 743 ὅτι

1012 754 1060 788 τῆς
1071 754 1146 786 Θείας
1157 756 1229 782 ἐστὶν
1240 757 1344 789 οὐσίας,
1353 758 1402 784 οὐσ
1413 758 1488 790 ωδῶς
1499 759 1528 786 ιν
1539 759 1607 795 αὐτῇ
1623 761 1708 793 καὶὲξ
1717 762 1802 796 αὐτῆς

1012 800 1115 833 προῖόν.
1131 809 1140 826 ι
1152 801 1236 827 Πάλιν
1249 803 1278 828 ὲν
1289 802 1363 838 αὐτῷ
1373 811 1381 820 ”
1397 812 1407 830 ι
1422 804 1502 832 Ἰδιον
1512 805 1540 831 δὲ
1551 806 1661 838 πάντως
1672 807 1702 833 τὸ
1719 807 1802 833 Πνεῦ-

977 839 997 866 Β
1014 854 1051 880 μα
1065 845 1110 872 τοῦ
1127 847 1203 880 Υίοῦ,
1218 848 1266 875 καὶ
1279 849 1330 876 οὐκ
1347 850 1447 882 ἔξωθεν
1474 852 1603 880 ἐπακτόν.
1623 862 1633 878 ι
1648 854 1702 880 Καὶ
1719 853 1802 880 πάλιν

1012 893 1041 918 ἐν
1053 893 1125 928 ἄλλῳ
1139 904 1148 919 ι
1160 893 1280 929 ’Δνάγκη
1293 895 1323 922 τὸ
1332 896 1443 925 Πνεῦμα
1454 898 1488 924 ἐκ
1502 897 1551 932 τῆς
1563 899 1657 930 οὐσίας
1668 899 1801 935 ὑπάρχειν

1011 938 1153 973 ὁμολογεῖν
1165 940 1230 966 αὐτὸ
1247 940 1298 975 τῆς
1315 941 1363 968 τοῦ
1377 942 1442 969 Υίοῦ
1458 943 1505 969 καὶ
1515 943 1594 977 Θεοῦ,
1610 945 1700 971 πᾶσαν
1718 945 1801 972 αὑτοῦ

1010 985 1060 1018 τήν
1083 993 1113 1011 τε
1135 985 1250 1020 δύναμιν
1269 987 1318 1013 καὶ
1331 987 1471 1022 ἐνέργειαν
1485 987 1557 1023 ἔχον.
1572 998 1581 1014 ι
1600 990 1656 1016 Καὶ
1671 990 1752 1017 πάλιν
1773 991 1801 1017 ὲν

1010 1029 1095 1064 ἄλλῳ,
1108 1040 1116 1056 ι
1131 1031 1234 1058 Οὐκοῦν
1251 1033 1283 1059 ὲκ
1296 1033 1345 1067 τῆς
1358 1033 1452 1065 οὐσίας
1467 1034 1514 1060 τοῦ
1526 1034 1591 1061 Υίοῦ
1608 1035 1637 1062 τὸ
1652 1036 1775 1067 Πνεῦμα.
1788 1046 1797 1062 ι

1048 1076 1108 1102 Ἔτι
1133 1077 1148 1102 ὸ
1176 1078 1257 1109 αὐτὸς
1283 1078 1311 1104 ἐν
1337 1080 1371 1113 τῇ
1402 1079 1535 1115 ἑρμηνείᾳ
1548 1080 1596 1106 τοῦ
1621 1081 1693 1107 κατὰ
1710 1080 1800 1108 Ἰωάν-

1011 1129 1068 1156 νην,
1081 1122 1122 1153 είς
1136 1122 1166 1148 τὸ
1178 1123 1259 1157 ῥητὸν
1285 1123 1326 1155 τὸ,
1344 1124 1399 1152 Καὶ
1418 1124 1490 1157 Θεὸς
1513 1123 1552 1159 ἦν
1563 1126 1579 1152 ὁ
1594 1126 1698 1160 Λόγος,
1720 1135 1731 1152 ι
1745 1127 1801 1154 Οὐχ

1009 1167 1064 1202 ἄρα
1092 1168 1212 1195 ἐλάττων
1241 1169 1316 1196 ἐστὶν
1339 1170 1355 1196 ὀ
1380 1170 1429 1204 τὴν
1450 1170 1534 1206 αὐτὴν
1563 1171 1703 1207 ἐνέργειαν
1731 1173 1800 1207 ἔχων

1015 1213 1055 1247 τῷ
1071 1214 1166 1249 τελείῳ
1185 1215 1281 1250 Πατρὶ,
1309 1215 1357 1242 καὶ
1382 1215 1413 1242 τὸ
1436 1216 1482 1243 τοῦ
1497 1217 1674 1252 γεννήσαντος
1689 1219 1801 1254 ίιν.ῦμα

1010 1261 1117 1295 φύσεως
1133 1261 1201 1292 ἰδίας
1217 1260 1286 1296 ἔχων
1297 1261 1411 1295 ἀγαθὸν,
1431 1261 1486 1294 ζῶν
1499 1271 1528 1290 τε
1544 1265 1592 1291 καὶ
1621 1265 1799 1298 νυπόστατον,

1010 1306 1104 1342 ὥσπερ
1128 1306 1175 1333 οῦν
1201 1307 1297 1340 ἀμέλει
1311 1308 1359 1334 καὶ
1384 1309 1398 1333 ὁ
1424 1308 1529 1343 Πατήρ.
1549 1317 1559 1334 ι
1579 1309 1663 1336 Πάλιν
1683 1312 1698 1336 ὸ
1721 1311 1801 1341 αὐτὸς

1010 1352 1039 1378 ἐν
1067 1354 1099 1388 τῇ
1129 1353 1262 1388 ἑρμηνείᾳ
1278 1354 1318 1384 είς
1347 1354 1388 1386 τδ,
1403 1353 1488 1388 Κάγὼ
1505 1354 1644 1389 ἐρωτήσω
1665 1356 1720 1383 τὸν
1743 1359 1802 1384 Πα-

1010 1398 1090 1433 τέρα,
1106 1399 1156 1425 καί
1174 1399 1272 1426 ἄλλον
1286 1399 1485 1434 Παράλλητον
1502 1400 1591 1428 δώσει
1609 1401 1682 1436 ὑμῖν
1692 1411 1698 1418 ·
1718 1412 1728 1428 ι
1741 1403 1801 1430 ἰ’ὦν

1009 1452 1064 1480 γὶρ
1092 1444 1139 1470 τοῦ
1165 1444 1234 1471 Θεοῦ
1258 1445 1305 1471 καὶ
1330 1445 1437 1480 ΙΙατρὸς
1461 1447 1584 1480 φυσικῶν
1617 1447 1728 1481 ἀγαθῶν
1758 1449 1803 1475 οὺ-

175 1494 298 1526 modum,
314 1493 464 1520 secundum
488 1501 568 1528 quem
592 1493 704 1528 intelligi
721 1498 810 1528 potest
823 1499 851 1522 et
868 1494 958 1527 Pater,

1013 1490 1116 1521 σιωδῶς
1135 1490 1266 1525 ὑπάρχων
1278 1492 1293 1517 ὁ
1320 1491 1385 1523 Υίδς
1407 1491 1546 1524 κοινωνὸς,
1575 1492 1632 1528 ἔχει
1646 1493 1676 1519 τὺ
1691 1493 1803 1528 Πνεῦμα

175 1550 231 1570 non
247 1542 401 1572 inductum,
420 1548 507 1576 neque
523 1540 557 1568 ab
570 1545 661 1573 extra;
677 1540 781 1568 fatuum
793 1540 894 1576 quippe
903 1545 957 1575 est,

174 1588 241 1623 quin
258 1588 351 1622 potius
369 1587 497 1614 insanum
516 1587 553 1614 ita
568 1586 682 1614 sentire.
706 1585 807 1614 Verum
830 1593 860 1615 ut
884 1588 960 1623 quis-

175 1640 230 1668 que
244 1638 368 1660 ucstrum
386 1633 525 1667 proprium
540 1633 567 1660 in
586 1639 616 1660 se
639 1633 761 1660 continet
776 1633 914 1668 spiritum,
931 1638 960 1661 ct

174 1684 237 1704 eum
248 1684 282 1704 ex
292 1676 396 1704 intimis
407 1676 557 1704 visceribus
569 1676 642 1704 foras
652 1676 776 1710 eli‘undit,
790 1677 825 1705 ob
840 1677 865 1704 id
875 1678 958 1705 etiam

175 1723 302 1750 Christus
325 1723 508 1758 corporaliter
531 1729 594 1750 eum
618 1722 778 1756 iusulﬂavit,
801 1724 959 1757 ostendens,

176 1769 248 1803 quod
264 1769 496 1804 quemadmodum
512 1776 544 1796 ex
559 1777 606 1795 ore
623 1769 741 1796 humano
764 1771 888 1804 procedit
906 1771 960 1805 spi-

176 1815 248 1842 ritus
260 1815 450 1850 corporaliter,
468 1815 507 1841 sic
522 1814 604 1841 etiam
623 1822 656 1841 ex
670 1814 832 1847 substantia,
856 1816 901 1850 qui
926 1823 960 1843 ex

177 1861 236 1895 ipsa
254 1865 306 1891 est,
325 1860 477 1887 edunditur
501 1859 631 1894 Spiritus,
656 1864 686 1886 ut
701 1860 785 1887 Deum
803 1860 891 1888 decet.
908 1861 960 1889 lte-

177 1914 238 1934 rum
261 1906 332 1933 idem
347 1906 374 1932 in
399 1905 570 1932 orationibus
593 1904 742 1932 secundum
766 1905 959 1940 interrogatio~

176 1960 239 1979 nem
265 1956 293 1979 ct
310 1952 516 1986 responsionem
537 1950 569 1978 a-i
585 1950 734 1978 Palladium
752 1959 835 1986 prope
858 1952 960 1986 princi-

177 1998 252 2032 pium
269 2006 276 2024 :
293 2006 301 2022 ι
318 1996 455 2024 Mntabilis
469 2001 559 2023 autem
581 2003 752 2030 nequaquam
772 1996 891 2030 Spiritus
906 2001 958 2031 est,

176 2043 219 2069 vel
243 2042 265 2069 si
280 2042 332 2069 hoc
346 2042 442 2069 morbo
459 2041 620 2069 mutationis
640 2042 754 2075 laborat,
772 2043 799 2069 in
814 2044 899 2078 ipsam
918 2044 959 2072 di-

176 2089 266 2115 vinam
283 2092 407 2114 naturam
420 2092 543 2115 recurret
561 2088 748 2122 reprehensio.
762 2089 902 2124 Siquidem
919 2094 960 2118 est

177 2135 226 2162 Dei
241 2139 268 2162 et
281 2134 382 2166 Patris,
399 2135 464 2168 quin
477 2134 559 2161 etiam
577 2133 648 2164 Filii.
663 2133 710 2168 qui
726 2135 909 2163 essentialiter
925 2145 959 2164 ex

1011 1536 1081 1562 κατὰ
1111 1535 1206 1563 τοῦτον
1231 1537 1276 1563 τὸν
1295 1538 1417 1571 τρόπον,
1452 1539 1513 1564 καθ’
1550 1539 1632 1574 ὅνπερ
1656 1539 1691 1566 ἂν
1716 1541 1803 1567 νοοῖτο

1010 1583 1081 1610 καὶὸ
1108 1583 1214 1619 Πατὴρ,
1248 1585 1297 1610 οὐκ
1329 1585 1458 1617 ἔπακτον,
1489 1585 1543 1611 οὐδ’
1573 1585 1681 1618 ἔξωθεν.
1701 1585 1803 1620 εὖηθες

1008 1629 1073 1664 γὰρ,
1102 1631 1204 1664 μᾶλλον
1232 1630 1261 1656 δὲ
1288 1630 1403 1665 μανικὸν
1436 1631 1467 1657 τὸ
1491 1631 1562 1658 οὓτω
1586 1633 1714 1667 φρονεῖν·
1744 1633 1803 1660 ἀλλ’

1009 1675 1103 1711 ὥσπερ
1137 1678 1184 1702 καὶ
1222 1676 1301 1711 ήμῶν
1337 1676 1452 1709 Exacto;
1484 1677 1514 1703 τὸ
1549 1677 1613 1704 ἴδιον
1649 1678 1677 1704 ἓν
1712 1678 1804 1714 ἑαυτῷ

1009 1723 1117 1757 πνεῦμα
1140 1723 1257 1757 συνέχει,
1275 1723 1320 1749 καὶ
1339 1723 1372 1749 ἑκ
1397 1723 1451 1749 τῶν
1476 1723 1622 1750 ὲνδοτὰτων
1639 1724 1804 1759 σπλάγχνων

1011 1768 1051 1798 είς
1073 1767 1104 1794 τὸ
1129 1767 1180 1800 ἔξω
1200 1768 1328 1803 προχέει·
1342 1768 1386 1794 διά
1405 1777 1445 1794 τοι
1460 1768 1537 1794 τοῦτο
1559 1769 1606 1794 καὶ
1636 1770 1803 1803 stupenti);

1010 1813 1076 1839 αὐτὸ
1100 1813 1265 1848 ἐνεφύσησεν
1280 1815 1293 1840 ό
1316 1813 1442 1847 Χριστὸς,
1465 1813 1572 1844 δεικνὺς
1586 1814 1628 1840 ὅτι
1652 1814 1804 1850 καθώσπερ

1010 1860 1041 1885 ἐκ
1058 1858 1105 1885 τοῦ
1123 1859 1254 1894 στόματος
1270 1858 1316 1885 τοῦ
1328 1858 1497 1894 ἀνθρωπίνου
1520 1860 1628 1894 πρόεισι
1643 1861 1672 1886 τὸ
1691 1861 1805 1896 πνεῦμα

1010 1904 1185 1938 σωματικῶς,
1215 1903 1286 1930 οὕτω
1315 1903 1361 1930 καὶ
1388 1905 1420 1930 ὲκ
1444 1904 1494 1938 τῆς
1522 1904 1614 1936 οὐσίας
1641 1904 1804 1940 ϐεοπρεπῶς

1011 1950 1151 1984 προχεῖται
1163 1949 1192 1975 τὸ
1205 1949 1235 1981 ἐξ
1246 1949 1343 1984 αὐτῆς.
1356 1949 1456 1975 »Πάλιν
1469 1949 1483 1974 ὁ
1497 1949 1578 1981 αὐτὸς
1603 1951 1631 1976 ἐν
1661 1951 1715 1981 τοῖς
1733 1951 1803 1985 πρὸς

1011 1994 1157 2020 Παλλάδιον
1174 1993 1244 2020 κατὰ
1260 1993 1356 2019 πεῦσιν
1371 1994 1417 2019 καὶ
1426 1994 1571 2028 ἀπόκρισιν
1580 1994 1668 2028 λόγοις
1685 1994 1804 2028 ἔγγιστα

1008 2040 1058 2074 τῆς
1073 2039 1160 2074 ἀρχῆς
1171 2047 1177 2054 ·
1191 2048 1201 2064 (
1214 2038 1336 2074 Τρεπτὸν
1349 2039 1378 2065 δὲ
1389 2039 1461 2066 οὗτοι
1477 2048 1528 2066 που
1540 2039 1571 2066 τὸ
1583 2040 1693 2075 Πνεῦμά
1708 2041 1784 2067 ἔστιν
1793 2050 1801 2057 ·

1011 2085 1119 2120 ἢεῑπερ
1147 2086 1177 2111 rb
1201 2085 1349 2119 τρέπεσθαι
1370 2087 1452 2117 νοσεῖ,
1479 2086 1522 2112 ἐπ’
1551 2086 1636 2121 αὐτὴν
1661 2088 1675 2113 ὁ
1704 2088 1803 2122 μῶμος

1011 2131 1060 2166 τὴν
1076 2131 1150 2157 θείαν
1165 2131 1361 2166 ἀναδραμεῖτιι
1374 2131 1464 2165 φύσιν,
1487 2132 1566 2168 εἴπερ
1588 2134 1646 2159 ἐστὶ
1663 2133 1711 2160 τοῦ
1731 2133 1803 2160 Θεοῦ

176 2180 321 2213 ambobus,
337 2180 363 2207 id
378 2185 430 2211 est,
452 2187 485 2206 ex
508 2179 587 2206 Patre
611 2187 660 2214 per
686 2177 786 2206 Filium
810 2180 960 2208 eﬂ‘unditur

1012 2177 1058 2202 καὶ
1077 2176 1192 2212 Πατρὸς,
1207 2177 1253 2202 καὶ
1269 2176 1321 2211 μὴν
1334 2178 1381 2204 καὶ
1395 2177 1441 2204 τοῦ
1471 2177 1537 2204 Υίοῦ
1551 2178 1581 2204 τὸ
1608 2179 1744 2210 οὖσιωδῶς
1771 2179 1803 2212 ἐξ

177 2226 308 2261 Spiritus.
331 2225 432 2252 lterum
459 2225 528 2252 idem
544 2225 570 2251 in
590 2224 704 2258 epistola
721 2224 797 2251 tertia
814 2225 848 2252 ad
863 2225 960 2252 Nesto-

179 2273 260 2306 rium,
277 2273 354 2307 cujus
368 2271 488 2304 initium,
504 2270 641 2298 Saluatore
652 2274 740 2297 nostra
756 2271 868 2302 dicente,
881 2280 891 2296 ι
909 2271 960 2303 Qui

178 2324 250 2345 ornat
269 2316 430 2352 patrem.uel
440 2320 550 2344 matrem
565 2325 575 2343 :
594 2326 603 2342 ι
622 2315 654 2342 Et
679 2315 701 2342 si
729 2316 801 2342 enim
825 2316 851 2342 in
878 2317 961 2351 hypo-

177 2364 245 2392 stasi
269 2364 378 2397 propria
392 2368 434 2390 est
450 2363 579 2397 Spiritus,
598 2367 628 2389 et
643 2361 725 2388 etiam
741 2361 901 2396 intelligitur
913 2369 962 2396 per

177 2418 217 2440 se,
233 2414 369 2444 quatenus
383 2413 425 2436 est
448 2407 577 2443 Spiritus,
598 2411 625 2434 et
644 2415 697 2434 non
716 2412 756 2433 est
772 2406 874 2438 Filius;
892 2407 963 2434 nihi-

178 2457 297 2483 lominus
313 2463 366 2482 non
383 2459 426 2482 est
451 2454 556 2480 alienus
573 2453 607 2480 ab
635 2453 712 2487 ipso;
740 2452 859 2486 Spiritus
888 2453 961 2480 enim

177 2502 300 2530 veritatis
314 2501 469 2528 nominatus
480 2504 520 2526 est
534 2508 541 2532 ;
564 2506 644 2533 porro
656 2498 781 2525 Christus
795 2501 837 2524 est
850 2498 961 2531 veritas,

177 2549 252 2576 etab
270 2549 328 2583 ipso
344 2547 506 2579 eﬂ‘untlitur,
534 2553 587 2572 non
608 2545 687 2572 aliter
701 2543 822 2578 proiecto
843 2549 925 2579 atque
947 2553 961 2572 a

180 2594 235 2621 lico
246 2598 274 2620 et
286 2593 375 2620 Patre.
395 2604 404 2617 ι

213 2686 289 2719 Quod
305 2686 327 2712 si
343 2685 406 2721 quis
431 2685 484 2711 hoe
502 2684 563 2711 loco
581 2682 710 2718 Spiritum
734 2682 836 2709 donum
853 2680 964 2709 minime

178 2732 331 2759 subsistens
345 2731 403 2758 vult
423 2738 483 2758 esse
502 2739 510 2757 :
534 2737 627 2756 verum
653 2729 770 2762 primum
791 2728 901 2762 quidem
921 2728 962 2754 vi-

179 2783 286 2806 ventem
322 2778 477 2813 (Spiritum)
504 2781 531 2804 et
557 2776 751 2804 subsistentem
781 2774 860 2808 dixit,
883 2780 910 2802 et
937 2774 963 2801 iu

184 2824 292 2857 propria
310 2823 448 2856 Iiwostasi
465 2830 536 2853 esse.
554 2831 585 2850 ac
610 2831 658 2852 uer
673 2829 712 2850 se.
736 2821 838 2849 Deinde
854 2820 965 2855 quando

1010 2224 1123 2258 ἀμφοῖν,
1147 2224 1231 2259 ἤγουν
1263 2224 1295 2250 ἐκ
1324 2224 1430 2259 Πατρδς
1459 2223 1494 2250 δι’
1511 2223 1586 2256 Υίπιῦ,
1617 2226 1804 2260 προχεόμενον

1011 2269 1129 2303 πνεῦμα.
1145 2278 1154 2294 ι
1170 2269 1254 2296 Πάλιν
1268 2270 1283 2295 ὁ
1300 2269 1379 2300 αὐτὸς
1394 2270 1423 2296 ἑν
1435 2271 1467 2305 τῇ
1477 2270 1544 2304 πρὸς
1554 2270 1703 2305 Νιστόριυν
1721 2272 1803 2306 τρίτῃ

1011 2314 1092 2341 αὐτοῦ
1109 2315 1249 2350 ἐπιστολῇ,
1269 2312 1304 2350 ἦς
1323 2316 1340 2350 ἡ
1370 2316 1441 2351 ἀρχή
1453 2323 1460 2331 ·
1479 2315 1535 2342 Τοῦ
1562 2315 1698 2350 Σωτῆρος
1717 2317 1806 2351 ἡμῶν

1011 2359 1164 2394 λέγυντος,
1186 2368 1195 2384 ι
1216 2360 1248 2386 '0
1275 2359 1368 2394 φιλῶν
1394 2360 1517 2394 πατέρα,
1539 2359 1690 2394 ἣμητέρα.
1707 2371 1716 2386 ι
1749 2362 1808 2388 (Εἰ

1012 2405 1065 2439 γὰρ
1081 2405 1127 2431 καὶ
1143 2404 1218 2431 ἔστιν
1232 2405 1261 2431 ὲν
1279 2405 1428 2432 ὑποστάσει
1442 2405 1473 2431 τὸ
1502 2405 1614 2439 Πνεῦμα
1648 2406 1730 2441 ἰδικῇ,
1756 2408 1808 2434 καὶ

1012 2451 1044 2486 δὴ
1060 2451 1108 2477 καὶ
1120 2451 1221 2477 νοεῖται
1235 2451 1297 2477 καθ’
1309 2451 1400 2484 ἑαυτὸ,
1414 2451 1480 2478 καθὸ
1499 2452 1611 2486 Πνεῦμά
1621 2453 1680 2479 ἐστι
1692 2455 1738 2480 καὶ
1755 2455 1810 2489 οὐχ

1016 2497 1077 2529 Υίός
1088 2506 1095 2514 ·
1114 2496 1172 2524 ἀλλ’
1184 2496 1231 2524 οῦν
1250 2498 1324 2523 ἐστιν
1349 2497 1398 2524 οὐκ
1413 2497 1552 2532 ἀλλότριον
1580 2497 1673 2524 αὐτοῦ.
1689 2499 1810 2534 Πνεῦμα

1013 2545 1067 2579 γὰρ
1084 2544 1215 2578 ἀληθείας
1234 2544 1404 2578 ὠνόμασται,
1421 2544 1468 2571 καὶ
1483 2544 1540 2571 ἑστι
1566 2545 1685 2582 Χριστὸς
1699 2546 1716 2581 ἡ
1735 2546 1809 2581 ἀλή-

1013 2591 1092 2617 θεια·
1111 2591 1158 2617 καὶ
1184 2592 1326 2626 προχεῖται
1342 2590 1407 2627 παρ’
1431 2591 1527 2625 αὑτοῦ,
1555 2592 1681 2627 καῦάπερ
1706 2592 1810 2628 ἀμέλει

1014 2638 1101 2667 uti):
1115 2636 1247 2664 τοῦνθεοῦ
1266 2636 1313 2664 καὶ
1325 2637 1443 2672 Πατρός.
1458 2646 1467 2663 ›

1049 2685 1081 2710 Εἰ
1099 2684 1127 2711 δέ
1146 2693 1188 2716 τις
1208 2683 1325 2710 ἐνταῦθα
1343 2684 1374 2710 τὸ
1395 2684 1505 2718 Πνεῦμα
1537 2683 1660 2719 χάρισμα
1680 2683 1808 2718 βούλεται

1015 2730 1201 2757 ἀνυπόστατον
1223 2727 1292 2756 εἶναι
1305 2738 1312 2745 -
1331 2729 1400 2755 ἀλλὰ
1423 2729 1532 2764 πρῶτον
1552 2730 1618 2762 μὲν,
1636 2729 1690 2760 ζῶν
1707 2738 1736 2756 τε
1759 2732 1811 2756 καὶ

1015 2774 1196 2803 ἔνυπόστατον
1212 2775 1306 2810 εἴρηκε
1317 2795 1324 2808 ,
1342 2775 1390 2802 καὶ
1408 2776 1438 2801 ἑν
1455 2775 1604 2802 ὑποστάσει
1621 2773 1691 2801 εἶναι
1711 2775 1785 2812 ίδικῇ
1797 2796 1807 2808 ,

1017 2823 1064 2849 καὶ
1077 2821 1137 2849 καθ’
1151 2822 1231 2849 ἑαυτό
1240 2830 1246 2837 ·
1260 2821 1354 2848 ἔπειτα
1370 2822 1416 2849 καὶ
1427 2821 1471 2848 ὅτε
1485 2821 1649 2855 σωματικῶς
1661 2821 1726 2848 αὐτὸ
1740 2823 1805 2848 ἐνε-
