1942 3091
205 146 258 176 1159
835 143 1022 174 DEMETRll
1043 143 1197 174 CYDONII
1774 143 1834 175 960‘

717 320 1010 365 DEMETRII
1055 319 1310 365 CYDONII

876 420 920 448 AD
935 418 1150 446 BARLAAMUM

503 501 696 532 EPISTOLA
746 500 795 530 DE
841 499 1113 530 PROCESSlONE
1159 499 1336 530 SPlRlTUS
1376 498 1520 529 SANCTI

561 572 635 603 (Vide
647 572 713 597 inter
727 575 824 596 mutuas
839 571 954 596 Barlaami
969 571 1134 596 etlDemetrii
1147 571 1265 602 epistolas
1276 571 1466 602 inzliarlaamo.)

209 665 1828 685 ΕΜ

867 749 1153 794 MONITUM

244 850 284 880 ΙΝ
306 847 539 880 ΟιιἈΊἸΟΝΕλΙ
565 846 758 878 DEMETRII
778 844 941 875 CYDONH
964 844 1016 874 DE
1036 844 1304 875 ADMI’I‘TENDO
1330 845 1569 876 LATINORUM
1590 847 1786 878 SUBSIDIO.

784 920 920 952 (COIBEFIS.
935 921 1034 945 Auctor.
1050 925 1116 948 ηου..
1134 918 1195 943 tom.‘
1211 917 1254 948 ll.)

241 1059 277 1085 De
291 1056 430 1084 Demetrio
447 1056 571 1092 Cydonio
584 1057 610 1084 in
628 1056 687 1084 hanc
703 1057 789 1084 verba
805 1056 970 1084 Possevinus
985 1065 1018 1084 ex
1032 1057 1213 1085 Volateranno
1237 1067 1243 1085 :
1262 1058 1410 1086 Demetrius
1424 1059 1557 1094 Cydonia;
1575 1059 1831 1094 Thessalonicensis,

201 1107 241 1133 vir
257 1107 346 1132 doctus
357 1114 430 1140 neque
446 1113 477 1132 ac
489 1109 608 1136 satiatus,
626 1103 717 1132 erca
750 1104 901 1139 Lativmque
915 1105 1039 1140 facundia
1061 1105 1197 1139 prmditus,
1221 1113 1253 1132 ex
1272 1106 1358 1140 patria
1380 1107 1514 1138 decedens.
1544 1106 1721 1134 Mediolanum
1747 1110 1835 1142 venit,

202 1154 246 1180 ubi
271 1154 366 1180 litteris
382 1153 487 1180 Latini:
508 1160 538 1180 ac
556 1152 693 1187 theologia:
722 1161 829 1187 operam
854 1153 934 1179 dedit.
961 1152 990 1179 S.
1007 1153 1111 1180 T/toma:
1130 1153 1269 1188 Aquinatis
1287 1153 1365 1180 libros
1380 1154 1408 1180 in
1431 1153 1552 1182 Grttcum
1572 1163 1720 1182 sermonem
1738 1159 1828 1189 vertit,

202 1209 261 1234 qua:
282 1203 366 1229 versis
389 1202 515 1236 hodieque
538 1201 565 1228 in
591 1201 652 1228 bibl.
676 1200 811 1227 Vaticana
827 1201 954 1227 cernitur.
981 1200 1090 1235 Scripsit
1113 1207 1138 1228 et
1161 1207 1254 1229 contra
1279 1203 1434 1229 Eunamiam
1457 1203 1488 1229 de
1512 1202 1658 1230 Divinitate
1678 1203 1756 1235 Filii.
1771 1209 1826 1231 etc.

160 1280 166 1287 ι
203 1249 296 1276 Exstat
310 1250 371 1284 ejus
388 1249 475 1275 oratio
490 1249 603 1276 Basileze
617 1249 701 1280 edita,
728 1248 763 1275 de
793 1249 848 1275 vita
864 1253 892 1276 et
917 1253 1015 1276 morte.
1034 1248 1139 1276 llabent
1161 1251 1239 1284 plura
1254 1250 1313 1285 ejus
1333 1250 1560 1278 bibliothecarum
1587 1251 1702 1278 iudices.
1730 1251 1769 1278 Ex
1795 1252 1828 1278 iis

202 1304 255 1323 una
267 1297 326 1324 lucc
343 1297 410 1323 mihi
426 1297 514 1323 oratio
538 1296 673 1331 praecipua
689 1296 746 1323 visa
763 1300 814 1328 est,
843 1304 875 1324 ac
898 1304 960 1323 meo
983 1297 1107 1324 instituto
1126 1303 1279 1332 opportuna
1295 1306 1347 1333 qua
1372 1298 1503 1333 deinceps
1523 1307 1538 1326 a
1558 1299 1683 1326 Manucle
1698 1299 1828 1333 prmclare

203 1345 331 1372 iiiustrari
354 1345 493 1372 videret'ur
511 1345 623 1371 historia
639 1343 743 1371 Graeca.
762 1344 817 1371 Nec
836 1345 910 1372 enim
932 1345 1049 1373 Jo:mnes
1066 1347 1224 1381 imperator.
1243 1355 1297 1381 quo
1315 1348 1428 1375 “(pinam
1446 1348 1567 1382 profecto
1589 1348 1744 1375 Demetrius
1776 1347 1828 1374 ista

201 1391 301 1422 oravit,
320 1391 389 1418 alius
406 1391 530 1418 videatur
547 1398 628 1425 quam
649 1389 770 1418 Joannes
796 1391 927 1418 Mannelis
949 1392 1030 1424 hlius,
1054 1401 1134 1427 quem
1157 1398 1185 1420 et
1208 1393 1235 1420 in
1254 1394 1418 1429 llungariam
1434 1395 1586 1429 profectum
1609 1394 1711 1422 auxilia
1734 1401 1829 1421 corro-

202 1441 330 1471 gaturum
349 1437 431 1464 habet
449 1437 565 1465 Franzes
578 1445 603 1464 ο.
617 1438 649 1464 Al
666 1445 673 1464 :
688 1437 735 1464 Die
752 1437 786 1464 15
807 1437 943 1465 Novembr.
958 1446 1022 1465 ann.
1035 1439 1115 1471 6959.,
1133 1439 1230 1466 Christi
1244 1440 1321 1473 1424,
1333 1441 1479 1475 imperator
1489 1441 1606 1468 Joannes
1619 1441 1646 1467 in
1662 1440 1827 1476 Hungariam

202 1483 322 1514 transiit,
337 1484 419 1518 fratre
432 1491 479 1509 suo
492 1482 667 1510 Constantino
679 1483 790 1518 despota
808 1484 940 1515 instituto.
969 1488 993 1510 et
1019 1493 1065 1519 pro
1087 1493 1114 1511 se
1132 1486 1159 1512 in
1181 1486 1243 1512 urbe
1259 1486 1360 1514 relicto.
1377 1486 1463 1519 Quam
1478 1487 1537 1521 ejus
1562 1487 1759 1521 profectionem
1777 1493 1828 1514 nec

171 1522 174 1525 ⁴
204 1528 357 1555 Demetrius
375 1528 447 1556 silet.
465 1527 531 1556 Orat
547 1529 597 1555 ista
614 1536 676 1556 cum
690 1529 746 1564 jam
772 1529 868 1562 Graeci,
886 1530 1014 1558 omnibus
1037 1538 1105 1565 pene
1129 1531 1247 1564 amissis,
1273 1532 1317 1558 vix
1341 1532 1435 1559 urbem
1454 1533 1557 1560 salvam
1578 1533 1721 1560 haberent.
1737 1533 1827 1568 Argu-

203 1580 295 1602 mento
312 1579 401 1602 autent
416 1579 489 1607 sunt,
510 1582 572 1601 cum
607 1575 738 1602 Demetrii
765 1575 849 1602 animi
878 1576 905 1602 in
925 1576 1037 1604 Latinos
1057 1577 1255 1612 propensioris,
1276 1582 1333 1605 tum
1360 1578 1504 1613 iniquioris
1528 1580 1554 1606 in
1573 1579 1683 1606 eosdem
1708 1579 1827 1614 plurium

201 1620 371 1652 Graecorum,
386 1628 455 1656 quos
468 1621 486 1647 ii
505 1615 576 1648 ultro
592 1629 689 1648 eorum
708 1629 790 1649 causa
807 1622 939 1650 adeuntes
957 1623 1087 1657 pericula,
1103 1623 1138 1650 ita
1152 1631 1222 1659 aegre
1237 1624 1415 1652 admitterent
1432 1633 1439 1652 :
1459 1625 1535 1652 velut
1560 1625 1725 1657 'l'urcorum,
1746 1634 1827 1660 quam

203 1669 360 1695 Latinorum
375 1670 469 1704 jugum
491 1669 580 1697 levius
595 1670 737 1697 haberent.
759 1671 860 1698 Pricter
874 1671 927 1698 alia
952 1671 1083 1698 Demetrii
1107 1677 1281 1699 monumenta
1306 1677 1397 1700 exstat
1412 1673 1497 1707 Regio
1522 1673 1617 1700 codice
1644 1673 1829 1707 prolixissima

202 1714 296 1741 "ratio
312 1715 356 1746 Et;
370 1715 415 1742 τὸν
429 1715 653 1750 Εὑαγγελισμόν·
670 1724 721 1751 qua
735 1716 791 1744 fere
805 1718 897 1744 omnia
917 1718 1067 1752 spectantia
1092 1718 1126 1745 ad
1151 1718 1269 1745 hominis
1295 1718 1400 1753 lapsum
1421 1727 1454 1746 ac
1477 1719 1678 1753 reparationem
1704 1720 1830 1747 luculen-

204 1760 307 1788 tissime
332 1766 430 1789 tractat
455 1769 487 1789 ac
509 1762 667 1797 exsequitur
692 1764 887 1797 congruentias
910 1764 1058 1796 adducens,
1088 1765 1184 1799 quales
1212 1764 1269 1792 fere
1295 1765 1325 1792 D.
1357 1765 1475 1792 Thomas
1515 1773 1544 1792 Ill
1572 1764 1687 1793 Summa
1711 1774 1737 1800 p.
1763 1766 1830 1801 Ejus

204 1809 284 1836 titulo
313 1809 350 1837 ita
381 1814 423 1838 est
449 1810 572 1837 additum
599 1819 607 1838 :
631 1811 668 1837 Οὐ
693 1811 746 1846 μὴν
767 1811 811 1837 ἐπ’
832 1812 971 1846 ἐκκλησίαι

1062 1812 1277 1847 γινωσκόμενος,
1311 1813 1355 1840 διὰ
1384 1814 1415 1839 τὸ
1446 1814 1479 1849 τῇ
1512 1813 1642 1848 καθολικῇ
1679 1814 1829 1849 Ἐκκλησίᾳ

204 1858 458 1893 ἀποδοκιμασοῆναι
469 1867 477 1874 ·
496 1857 579 1885 [laud
609 1864 696 1885 tamen
710 1867 795 1885 sermo
808 1860 856 1885 iste
871 1859 969 1895 legitur
984 1861 1011 1887 in
1028 1861 1135 1888 ecclesia
1155 1862 1224 1896 quod
1238 1861 1393 1894 reprobalus
1408 1861 1488 1896 fuerit
1501 1861 1532 1888 ab
1553 1861 1668 1888 Ecclesia
1685 1862 1826 1888 catholica.

205 1906 268 1941 Logi
283 1914 344 1940 ego,
359 1914 409 1933 nec
426 1906 528 1940 aliquid
547 1906 574 1932 in
593 1914 647 1940 quo
662 1906 754 1933 minus
767 1906 868 1934 Graecis
882 1916 913 1934 ac
927 1909 1027 1936 nostris
1042 1910 1198 1942 conveniat,
1213 1909 1314 1936 olIc'ndi
1328 1918 1335 1936 :
1350 1917 1437 1944 eoque
1457 1909 1583 1937 existimo
1610 1910 1785 1944 reprobatum
1800 1910 1827 1936 in

205 1954 297 1981 odium
313 1955 443 1985 auctoris,
460 1962 541 1988 queui
555 1954 627 1980 \‘elut
646 1955 834 1989 Λατινὸφρονα
860 1955 946 1982 Graeci
976 1957 1141 1984 sehismatici
1162 1957 1224 1984 odio
1251 1962 1493 1992 prosequerentur.
1509 1957 1614 1984 ‘Exstat
1638 1965 1703 1984 sane
1726 1957 1829 1983 ibidem

205 2003 264 2036 i-jus
285 2001 316 2028 ad
334 2002 571 2036 archiepiscopum
594 2001 866 2029 Thessalonicensem
885 2003 1060 2032 Theodorum
1086 2005 1198 2033 Glabam
1224 2005 1284 2032 fusa
1311 2006 1376 2032 satis
1398 2005 1523 2039 epistola,
1546 2013 1598 2039 qua
1626 2012 1655 2032 sc
1672 2008 1781 2039 purgat,
1796 2012 1829 2030 ac

205 2050 330 2085 queritur
342 2049 375 2076 de
391 2049 509 2076 sinistris
535 2049 568 2076 ab
583 2057 615 2077 eo
643 2050 745 2084 sparsis
777 2051 944 2083 rumoribus.
972 2059 1003 2079 ac
1019 2053 1120 2087 quibus
1146 2053 1303 2080 traduceret
1320 2053 1393 2080 velut
1424 2053 1604 2083 hmreticum;
1629 2058 1785 2087 promptum
1799 2060 1829 2079 se

205 2096 298 2124 doceri
314 2097 480 2132 signiﬁcans,
498 2103 527 2125 ut
542 2097 587 2124 ille
614 2098 725 2125 meliora
749 2099 907 2126 ostenderet
931 2107 962 2127 ac
983 2101 1126 2135 probaret;
1156 2101 1225 2128 haud
1250 2109 1314 2128 vero
1332 2108 1486 2138 cessurum,
1506 2105 1536 2128 ut
1569 2100 1700 2127 nonnulla
1717 2104 1827 2135 patrum

207 2142 311 2177 populi,
333 2143 449 2178 hujusve
464 2148 511 2170 aut
525 2143 598 2171 illius
615 2144 789 2177 auctoritate,
805 2149 852 2172 aut
865 2146 947 2173 etiam
963 2147 1163 2181 experimento,
1176 2147 1217 2174 vel
1237 2155 1319 2174 sensu
1341 2147 1433 2182 aliquo
1459 2152 1597 2181 premeret
1613 2155 1620 2173 :
1635 2146 1735 2181 quibus
1749 2146 1831 2181 plane

208 2190 335 2218 Ecclesiae
349 2198 414 2224 suie,
431 2199 511 2225 quam
529 2191 675 2219 schismate
693 2191 807 2220 divisam
827 2198 930 2226 nosset,
947 2202 998 2222 nec
1021 2195 1156 2230 dogmatis
1179 2191 1291 2222 omnino
1320 2203 1425 2227 sanam,
1452 2195 1646 2222 auctoritatem
1668 2194 1767 2226 elevat,
1798 2201 1831 2221 ac

206 2244 320 2264 suorum
335 2238 421 2270 carpit
439 2237 643 2271 credulitatem,
656 2239 702 2273 qui
717 2239 904 2268 schismaticis
933 2249 965 2268 ac
985 2241 1121 2269 haereticis
1144 2242 1283 2276 magistris
1309 2242 1377 2269 adeo
1395 2241 1526 2274 tribuant,
1551 2245 1578 2268 et
1602 2240 1671 2267 nihil
1698 2246 1830 2274 praeterea

207 2282 342 2316 reliquum
357 2283 441 2310 velint
458 2283 491 2310 ad
511 2285 653 2311 veritatem
670 2284 862 2320 indagandum.
881 2286 967 2320 Quam
984 2295 1050 2322 ergo
1069 2288 1171 2315 Graecis
1197 2289 1380 2315 schismaticis
1395 2288 1507 2323 Cydonii
1528 2287 1659 2314 invidiosa
1685 2286 1830 2317 memoria.

207 2333 263 2355 tam
283 2327 386 2356 Latinis
401 2329 563 2357 orthodoxis
585 2335 660 2365 grata
685 2331 784 2358 debeat
808 2339 868 2359 esse
893 2340 925 2359 ac
950 2341 1042 2367 sacra;
1069 2334 1158 2368 sitque
1185 2335 1270 2369 inagis
1296 2342 1312 2361 e
1341 2342 1368 2360 re
1385 2333 1539 2361 Christiana
1559 2331 1619 2367 ejus
1637 2332 1740 2367 publici
1759 2331 1832 2367 juris

207 2381 385 2402 monumenta
402 2375 503 2409 facere,
517 2384 598 2411 quam
616 2377 658 2404 vel
679 2377 828 2412 Philothci,
845 2379 886 2406 vel
904 2379 1045 2412 Cabasilzc,
1067 2385 1114 2408 aut
1136 2381 1250 2407 aliorum
1273 2381 1429 2415 tuqualium,
1453 2388 1520 2414 quos
1536 2380 1604 2407 nihil
1619 2379 1742 2414 Cydonio
1760 2386 1833 2413 pra:-

207 2422 354 2451 stantiores
368 2423 493 2452 doctrina
508 2429 556 2452 aut.
570 2425 792 2461 eloquii‘nitore.
809 2427 951 2455 erroribus
965 2428 992 2455 in
1008 2428 1061 2455 fide
1080 2436 1143 2456 cutn
1158 2428 1306 2457 schismate
1320 2429 1435 2456 infectos
1448 2429 1546 2463 liquet.
