1942 3090
101 174 156 207 969

559 170 704 202 ORATIO
724 169 800 202 PRO
821 158 1001 199 SUBSlDlVO
1027 166 1265 197 LATINORUM.

1677 168 1729 200 970

101 241 157 268 χρη
192 228 377 265 παραϐάλλειν
401 227 498 265 φθορᾷ·
530 229 610 264 εἴπερ
626 229 676 255 οὐκ
699 227 757 255 ῐσον
787 227 894 253 πάντων

958 224 1057 260 [uidcm
1077 223 1148 250 haud
1163 229 1271 258 aequum
1290 221 1426 255 videatur,
1438 223 1472 250 ab
1487 225 1613 252 omnibus
1630 227 1732 260 pariter

101 275 170 311 ὁμοῦ
183 275 238 302 τῶν
258 274 359 307 ἔξωθεν
383 274 494 309 ἀγαθῶν
520 275 567 302 καὶ
579 273 648 301 Θεοῦ
664 273 842 309 χωρισθῆναι·
861 269 892 299 οὗ

103 322 188 359 χωρὶς
203 321 279 348 οὐδέν
296 320 370 347 ἔστιν
395 320 505 347 ἐλπίσαι
520 320 575 348 τῶν
595 319 716 354 ἀγαθῶν.

140 367 172 394 El
200 366 292 393 τοίνυν
326 366 358 393 lx
397 367 507 393 πάντων
536 367 685 400 ἀναγκαῖον
713 364 835 399 γίνεσθαι
865 364 896 390 τδ

104 413 267 448 ἀμύνεσθαι,
298 413 322 439 εί
352 412 402 448 μὲν
416 413 463 439 κα)¹
488 413 570 448 ἡμεῖς
590 412 650 439 καθ’
667 411 780 443 ἑαυτοὺς
793 411 896 446 αὐτάρ-

105 468 162 491 κεις
175 460 243 495 πρὸς
258 460 303 485 τὸν
331 459 448 494 πόλεμον
459 456 541 495 ἦμεν,
567 459 639 486 τοῦτ’
663 458 697 485 ἃν
723 455 757 493 ἦν
785 457 896 493 ἄριστον

105 507 235 541 καὶπρὸς
251 505 342 538 δόξαν,
367 506 414 532 καὶ
449 505 519 540 πρὸς
546 506 577 532 τὸ
605 505 642 541 μὴ
673 504 817 541 πόρρωθεν
847 505 898 538 τὴν

107 550 266 584 συμμαχίαν
299 549 476 584 ὰθροίζοντας
503 550 619 585 πρᾶγμα
651 549 734 585 ἔχειν·
762 549 822 576 ἐπεὶ
846 549 897 584 δ’ὴ

106 595 268 630 καθημέραν
279 594 414 630 ῥᾳστώνη,
444 595 491 622 καὶ
502 595 532 622 τδ
539 595 589 627 τὰς
601 595 740 630 παρούσας
750 595 833 631 τύχας
848 603 900 630 μη-

106 640 203 667 δέποτε
222 640 420 675 προσδοκῆσαι,
441 641 482 672 εἰς
500 640 595 668 τοῦτον
609 642 680 668 κατὰ
697 641 798 676 μικρὸν
813 641 900 677 προή-

108 694 197 720 γαγον
221 687 297 722 ἡμᾶς
322 687 369 713 τὸν
385 687 509 722 κρημνόν
530 694 538 702 ·
553 687 662 719 πάντως
683 688 744 714 οὐδὲ
772 688 814 715 διὰ
845 689 900 714 τῶν

110 733 234 767 μάντεων
257 733 355 768 ἑτέραν
372 734 425 768 χρὴ
439 733 625 768 προσδοκῆσαι
640 734 743 769 φωνὴν,
761 734 777 769 ἢ
792 733 830 765 ὡς
841 735 902 761 ἑτέ-

111 787 172 813 ρους
188 779 220 815 δὴ
236 779 340 812 καλεῖν,
355 779 419 811 τοὺς
443 779 493 815 τὴν
508 779 581 814 ὑπὲρ
595 781 674 815 ἡμῶν
699 781 902 816 ἀπαιτήσοντας

109 824 197 860 δίκην·
214 826 275 852 ἐπεὶ
290 825 392 860 ταύτην
407 827 480 860 ἡμᾶς
491 826 539 861 τὴν
562 825 688 862 δύναμιν,
720 828 737 862 ὴ
751 826 806 854 τῶν
835 826 902 862 βαρ-

111 869 202 905 ῦάρων
225 871 331 898 τούτων
352 871 478 903 ἐπίθεσις
495 873 543 898 καὶ
572 871 714 905 πλεονεξία
745 873 900 908 παρείλετο.

111 917 266 951 Σκέψασθαι
280 917 324 953 δὴ,
337 917 417 944 τίνων
430 917 471 943 δεῖ
482 919 538 949 τοῖς
559 919 626 954 ἡμῖν
641 919 823 946 συνδιοίσουσι
855 919 900 946 τὸν

111 963 229 997 πόλεμον
240 962 345 995 τοῦτον,
357 963 392 990 ἵν’
405 962 539 997 ἐντεῦθεν,
555 964 631 996 τινας
644 964 752 992 ἑλέσθαι
769 965 819 997 δεῖ,
833 964 901 999 γνὼ-

113 1015 192 1043 ριμον
207 1008 224 1041 ἡ
230 1009 275 1043 μῖν
288 1010 424 1045 καταστῇ.

146 1053 251 1081 Οὐκοῦν
275 1054 395 1090 ἀνάγκη,
425 1054 534 1090 πρῶτον
556 1056 607 1090 μὲν
619 1055 670 1090 τῆς
686 1056 751 1091 περὶ
771 1057 802 1084 τὸ
817 1057 898 1084 Θεϊον

110 1099 190 1134 δόξης
214 1101 280 1135 ἡμῖν
304 1102 456 1128 κοινωνεῖν.
477 1100 631 1136 Ἀμήχανον
657 1102 710 1137 γὰρ
740 1103 805 1135 τοὺς
836 1105 902 1139 περὶ

111 1145 190 1172 τοῦτο
203 1147 262 1178 ταῖς
274 1145 398 1182 γνώμαις
412 1146 605 1182 διῃρημένους.
620 1146 638 1174 ἃ
659 1147 713 1174 τῶν
732 1147 818 1182 φίλων
831 1149 899 1180 ἐστὶ,

111 1191 189 1218 ταῦτ’
204 1191 313 1218 ἐλπίσαι
339 1192 406 1218 ποτὲ
420 1193 488 1228 παρ’
501 1191 636 1227 ἀλλήλων.
655 1193 772 1220 Ἔπειτα
794 1195 841 1221 καὶ
857 1194 903 1222 ἄλ-

112 1237 165 1268 λως
185 1238 251 1273 ἡμῖν
267 1237 385 1270 οἰκείους
401 1238 450 1266 καὶ
466 1239 594 1274 συνήθεις
618 1239 771 1275 ὑπάρχειν*
787 1240 860 1274 λέγω
874 1241 902 1268 δὲ

112 1284 205 1314 κοινάς
220 1283 281 1310 ποθ’
296 1285 362 1319 ἡμῖν
377 1284 514 1317 κάκείνοις
545 1285 673 1319 γενέσθαι
692 1287 837 1322 στρατείας
854 1288 901 1314 καὶ

111 1329 272 1364 διοικήσεις,
287 1331 332 1357 καὶ
345 1331 394 1362 τὰς
408 1331 493 1362 ἄλλας
504 1332 648 1366 ἐπιμιξίας
659 1340 666 1347 ο
683 1332 730 1359 καὶ
749 1333 819 1365 ὅλως
832 1331 903 1360 εῐναί

113 1382 140 1399 τι
156 1375 204 1400 καὶ
221 1376 354 1411 πρότερον
368 1376 398 1402 τὸ
416 1377 543 1411 συνάγον.
565 1377 613 1409 Τίς
628 1378 684 1413 γὰρ
698 1378 732 1405 ἂν
747 1379 903 1405 πιστεύσειε

113 1420 168 1451 τοῖς
181 1420 311 1455 μηδέποτ’
324 1421 455 1458 ἀλλήλους
467 1423 611 1457 ἐγνωκόσι,
621 1423 756 1459 τοσαύτην
769 1425 861 1456 αὐτοῖς
873 1426 904 1452 ὲκ

115 1466 228 1502 πρώτης
255 1468 347 1502 φιλίαν
365 1469 582 1504 ἐγγενήσεσθαι,
607 1469 674 1496 ὥσθ’
697 1470 768 1506 ὑπὲρ
779 1470 904 1506 ἀλλήλων

114 1513 252 1548 αἱρεῖσθαι
267 1514 435 1541 κινδυνεύειν
458 1515 473 1541 ὃ
496 1515 558 1551 μηδ’
574 1516 643 1552 ὑπὲρ
659 1515 714 1543 τῶν
729 1517 905 1552 συνηθεστὰ-

945 270 1067 297 externis
1089 269 1169 296 bonis
1181 288 1189 300 ,
1205 273 1288 303 atque
1312 276 1326 295 a
1344 269 1398 296 Deo
1414 276 1552 305 segregem
1578 271 1635 298 fieri
1649 293 1656 305 ,
1672 274 1732 301 sine

946 323 1013 351 quo,
1027 315 1094 342 nihil
1106 315 1170 342 licet
1184 322 1295 349 sperare
1309 315 1372 342 boni
1394 319 1397 323 ’

980 362 1048 389 Cum
1064 362 1157 396 itaque
1175 361 1242 388 ultio
1264 361 1447 397 undequaque
1461 364 1613 390 necessaria
1628 363 1680 397 sit,
1695 365 1734 392 si-

947 408 1059 443 quidem
1079 408 1131 442 ipsi
1155 415 1170 434 a
1185 408 1265 435 nobis
1281 409 1347 435 satis
1364 408 1398 435 ad
1423 409 1526 436 bellum
1551 409 1733 443 haberemus.

948 458 1020 481 esset
1035 454 1060 482 id
1074 453 1185 489 quidem
1205 454 1350 488 optimum,
1367 462 1428 481 eum
1439 455 1471 481 ad
1483 456 1607 490 gloriam,
1627 462 1684 484 tum
1700 466 1734 485 ne

950 499 1096 527 auviliarcs
1109 500 1194 535 copiae
1209 500 1303 533 procul
1315 500 1408 528 labore
1421 503 1619 536 congreganda:
1631 509 1733 530 essent.

951 544 989 571 Ex
1004 552 1058 579 quo
1087 550 1177 572 tamen
1195 545 1354 579 quotidiana
1374 546 1437 573 vitae
1455 547 1562 580 laxitas,
1582 549 1738 582 przesentis—

951 598 1005 625 que
1023 591 1140 617 fortunae
1153 598 1259 617 summa
1275 590 1399 625 quaedam
1418 591 1624 626 iucxspectatio,
1642 601 1675 620 eo
1687 601 1737 620 nos

954 636 1087 671 paulatim
1105 636 1250 671 praieipitii
1272 637 1406 671 provexit,
1421 637 1492 664 haud
1506 637 1585 664 aliam
1599 638 1678 673 plane
1693 639 1736 666 vel

952 689 967 709 a
997 681 1106 709 vatibus
1126 682 1260 709 habemus
1289 683 1498 717 exspectandam
1518 691 1627 717 vocem,
1655 693 1737 719 quam

952 728 1021 756 alios
1036 728 1211 756 advocandos
1222 735 1294 761 esse,
1311 729 1363 763 qui,
1378 735 1498 756 nostram
1515 730 1683 757 ulciscantur
1697 731 1739 758 iu-

949 774 1066 810 juriam;
1079 774 1215 809 siquidem
1231 774 1258 801 id
1271 775 1350 802 nobis
1363 774 1502 803 facultatis
1517 775 1674 811 ademptum
1692 783 1736 804 est

954 827 1002 854 per
1015 819 1196 847 Barbarorum
1211 820 1417 855 impressionem
1430 829 1462 848 ac
1480 821 1601 856 iniquam
1615 823 1738 850 vexatio-

954 873 1027 892 nem.
1057 865 1297 893 Considerandum
1332 867 1425 902 itaque
1454 876 1587 902 quosnam
1614 873 1740 904 oporteat

953 919 1024 944 esse,
1041 911 1089 947 qui
1105 913 1156 939 hoc
1170 911 1242 939 bello
1258 912 1324 939 socii
1338 913 1496 948 depugnare
1509 914 1638 947 habeant,
1651 919 1679 942 ut
1692 922 1738 946 eo.

953 958 1064 993 quinam
1083 959 1138 985 sint
1151 959 1269 994 eligendi
1283 960 1457 995 perspicuum
1471 961 1526 988 ﬁat.

987 1049 1057 1077 Ante
1077 1049 1168 1076 omnia
1198 1048 1280 1084 igitur
1295 1049 1417 1083 fnecesse
1437 1051 1482 1082 sit,
1500 1056 1529 1079 ut
1550 1051 1621 1079 idem
1645 1054 1740 1082 nobis-

952 1103 1014 1123 cum
1035 1095 1069 1122 de
1102 1095 1157 1122 Deo
1172 1095 1303 1122 sentiant.
1320 1095 1426 1131 Quippe
1443 1096 1501 1123 fieri
1522 1099 1629 1132 nequit.
1648 1105 1679 1127 ut
1693 1102 1740 1134 qui

953 1141 1005 1170 hac
1020 1146 1098 1176 parte
1113 1141 1212 1169 animis
1225 1141 1306 1168 divisi
1329 1147 1403 1175 sunt,
1421 1151 1482 1178 qum
1498 1149 1563 1171 sunt
1579 1145 1741 1177 amicorum.

955 1178 1050 1215 mutuo
1066 1187 1120 1215 sibi
1143 1195 1263 1222 unquam
1279 1189 1433 1222 praestanda
1451 1196 1572 1224 sperent.
1590 1191 1659 1219 Tum
1676 1201 1742 1220 vero

955 1238 984 1260 ut
999 1237 1027 1260 et
1044 1234 1113 1260 alias
1139 1235 1288 1261 necessarii
1304 1235 1370 1267 sint,
1384 1243 1416 1262 ac
1441 1237 1605 1271 quibuscum
1625 1247 1744 1266 consue-

953 1279 1091 1312 verimus;
1109 1284 1138 1306 ut
1156 1279 1279 1315 inquam,
1296 1282 1489 1310 communibus
1509 1284 1647 1318 quondam
1664 1285 1743 1314 bellis

954 1333 986 1353 ac
1004 1325 1293 1360 administrationibus
1326 1326 1412 1354 functi
1436 1328 1533 1363 simus,
1559 1338 1591 1358 ae
1616 1332 1677 1360 aliis
1700 1334 1743 1362 usi

955 1372 1147 1405 commerciis;
1175 1379 1206 1400 ac
1234 1373 1347 1400 omnino
1371 1374 1474 1409 aliquid
1504 1376 1618 1405 exsistat
1631 1387 1744 1407 necesse

955 1417 1002 1450 sit,
1018 1417 1091 1452 quod
1118 1423 1146 1445 et
1162 1419 1239 1452 prius
1261 1420 1369 1446 animos
1394 1419 1559 1451 devinxerit.
1576 1421 1644 1456 Quis
1669 1426 1744 1453 enim

955 1463 1068 1490 inducat
1086 1463 1115 1490 in
1141 1464 1275 1497 animum,
1289 1464 1424 1493 hactenus
1439 1467 1513 1494 inter
1535 1475 1564 1496 se
1580 1470 1680 1504 ignotis
1695 1472 1745 1499 ho-

957 1508 1088 1542 minibus,
1105 1513 1207 1536 tantam
1234 1518 1248 1536 a
1264 1510 1352 1544 prima
1372 1513 1568 1547 congressione
1583 1515 1744 1544 coalituram

113 1566 169 1585 των
185 1560 244 1586 ἐστὶ
259 1559 359 1595 ῥᾳδίως
379 1561 565 1596 προσδοκῆσαι
593 1562 669 1590 ποτέ.
688 1562 770 1590 Ἀλλὰ
785 1563 840 1599 μὴν
857 1564 903 1591 καὶ

958 1555 1117 1587 amicitiam,
1135 1561 1225 1584 utnec
1241 1564 1291 1592 pro
1313 1564 1342 1584 se
1357 1563 1452 1586 mutuo
1474 1561 1595 1594 pericula
1606 1563 1683 1591 adire
1698 1564 1746 1591 de.

116 1605 224 1640 πλήθει,
240 1607 286 1634 καὶ
300 1607 397 1643 τόλμῃ,
416 1607 465 1634 καὶ
481 1609 648 1644 φρονήμασι,
666 1610 713 1636 καὶ
728 1611 759 1645 τῇ
777 1611 840 1646 περὶ
854 1610 904 1642 τὰς

117 1651 207 1686 μάχας
218 1653 350 1688 ἐμπειρίᾳ
359 1653 401 1680 δεῖ
415 1654 478 1685 τοὺς
495 1655 668 1690 συμμάχους,
684 1655 738 1682 τῶν
758 1655 905 1691 βαρὸάρων

118 1697 256 1732 προέχειν,
275 1699 300 1725 εί
317 1699 440 1733 μέλλοιεν
458 1702 522 1732 τοὺς
538 1703 567 1728 ἐν
579 1703 612 1738 τῇ
627 1703 716 1737 οἰκείᾳ
732 1704 905 1737 μαχομένους

115 1744 194 1770 αὐτοὶ
209 1745 298 1780 νικᾷν,
314 1745 388 1778 ὅντες
404 1746 486 1781 ξένοι,
501 1748 550 1775 καὶ
565 1748 715 1783 τρέπεσθαι
731 1749 794 1780 τοὺς
811 1749 906 1776 εἰωθό-

115 1797 166 1821 τας
182 1791 310 1825 κρατεῖν·
327 1792 375 1818 καὶ
398 1792 466 1827 πρός
480 1801 512 1828 γε
535 1793 576 1821 ἐτι
592 1793 630 1829 μὴ
643 1793 747 1829 ταύτην
762 1794 853 1826 αὐτοῖς
867 1793 906 1821 εἱ-

116 1843 162 1863 ναι
180 1836 292 1872 πρώτην
314 1837 364 1872 τῆς
392 1839 460 1874 πρὸς
485 1840 548 1872 τοὺς
569 1840 718 1875 πολεμίους
741 1841 905 1876 συμπλοκῆς

116 1882 167 1917 τὴν
178 1883 277 1919 ἀρχήν.
288 1883 370 1910 Ἀλλὰ
383 1885 430 1911 καὶ
443 1885 578 1921 πρότερον
595 1884 665 1913 εἶναι
680 1887 785 1915 τούτων
815 1897 908 1915 πεπει-

118 1929 264 1965 ραμένους,
283 1931 330 1957 κα)⁸
343 1931 378 1959 τὰ
393 1931 534 1966 φθάσαντα
548 1933 750 1969 κατορθώματα
766 1935 815 1969 τῆς
829 1934 906 1961 ὕστε-

118 1984 166 2011 ρον
180 1976 314 2011 ἐσομένης
331 1977 409 2012 νίκης
426 1978 555 2014 ἐνέχυρον
578 1977 658 2007 εἶναι.
677 1980 731 2015 Τῆς
750 1980 778 2006 δὲ
798 1980 907 2015 βεϐαιόν

117 2029 212 2056 τητος,
236 2023 284 2048 καὶ
306 2023 353 2049 τοῦ
370 2023 407 2059 μὴ
425 2024 479 2050 τῶν
495 2024 526 2057 ἐξ
541 2025 630 2060 ἀρχῆς
645 2026 826 2061 ἐγνωσμένων
840 2026 903 2061 ἀφί-

119 2068 247 2102 στασθαι,
262 2069 313 2096 οὑκ
323 2067 373 2096 οἶδ’
388 2070 465 2102 εἴτις
483 2071 552 2104 πρὸς
560 2073 605 2099 τὸν
619 2071 739 2107 πόλεμον
757 2074 907 2107 ἀναγκαιο-

117 2113 202 2149 τέραν
218 2115 373 2142 συντέλειαν
392 2116 511 2151 ἡγεῖται.
538 2118 583 2149 Ὧς
599 2118 629 2144 τό
643 2126 674 2152 γε
699 2118 780 2154 ἔργον
797 2119 906 2154 ἁψαμέ-

119 2167 181 2190 νους
199 2159 327 2186 ἀπειπεῖν
344 2160 398 2195 πρὸ
425 2161 472 2187 τοῦ
489 2161 584 2194 τέλους
596 2162 672 2188 οὐδὲν
685 2163 778 2198 ἕτερόν
792 2164 905 2198 ἐστιν,ἢ

119 2203 190 2236 apd;
203 2202 302 2235 αὐτοὺς
317 2203 483 2238 προδιδόναι,
498 2205 546 2231 καὶ
572 2205 632 2232 καθ’
650 2207 730 2240 ἡμῶν
746 2207 810 2238 τοὺς
830 2207 908 2233 πολε-

959 1605 1092 1634 trectent;
1106 1601 1179 1636 quod
1192 1602 1236 1629 vix
1259 1603 1358 1638 aliquis
1373 1611 1422 1639 pro
1441 1607 1558 1633 maxime
1581 1610 1746 1637 necessariis

958 1655 1077 1682 unquam
1104 1647 1183 1675 facile
1208 1653 1360 1684 exspectet.
1384 1650 1455 1684 Quin
1480 1657 1508 1679 et
1523 1653 1698 1683 multitudine
1718 1663 1746 1684 et

958 1694 1071 1721 audacia
1088 1695 1253 1731 animisque,
1269 1703 1302 1724 ac
1323 1698 1362 1725 rei
1388 1697 1492 1725 bellicae
1507 1700 1606 1734 peritia
1620 1701 1747 1730 Barbarie

959 1745 1089 1775 praestare
1106 1746 1226 1776 oportet,
1245 1748 1275 1770 ut
1292 1743 1342 1777 ipsi
1360 1744 1508 1780 peregrini,
1523 1745 1550 1772 in
1562 1754 1610 1773 sua
1625 1748 1745 1781 ipsormn

958 1785 1069 1820 regione
1096 1793 1252 1823 pugnantes
1273 1789 1335 1817 illos
1362 1790 1461 1817 victuri
1479 1791 1544 1824 sint,
1564 1800 1596 1820 ac
1625 1793 1748 1822 victoriis

958 1837 1085 1860 assuetos
1110 1833 1137 1860 in
1164 1833 1254 1869 fugam
1286 1835 1402 1863 versuri.
1418 1837 1458 1864 Ad
1489 1838 1547 1865 haec
1573 1839 1636 1866 item
1656 1845 1687 1867 ut
1712 1849 1747 1868 ne

960 1878 1079 1914 primum
1108 1878 1174 1906 illud
1200 1879 1236 1907 sit
1259 1881 1462 1915 congressionis
1490 1882 1624 1910 adversus
1654 1884 1749 1912 hostes

960 1924 1088 1956 initium;
1107 1924 1154 1951 sed
1171 1927 1199 1951 et
1211 1925 1266 1960 jam
1285 1925 1378 1952 talium
1404 1926 1558 1961 periculum
1576 1927 1703 1963 fecerint,
1716 1938 1748 1957 ac

959 1970 1062 2004 quibus
1087 1970 1190 2005 prioria
1207 1970 1338 2004 facinora,
1352 1971 1450 1999 fulura-
1472 1973 1594 2001 victorie
1615 1975 1749 2003 exsistant

960 2016 1068 2051 pignus.
1094 2017 1254 2044 Constantia
1283 2023 1388 2051 autem,
1418 2023 1446 2046 ct
1473 2024 1557 2047 utne
1585 2020 1619 2047 ab
1637 2021 1670 2048 iis
1689 2030 1749 2056 qua:

960 2061 1040 2089 initio
1058 2063 1114 2090 visa
1139 2067 1214 2094 sunt.
1246 2064 1418 2096 recedamus,
1440 2065 1513 2093 haud
1543 2066 1605 2094 novi
1633 2075 1667 2094 an
1687 2067 1751 2102 quis

959 2106 1025 2140 quid
1043 2108 1228 2135 necessarium
1242 2108 1330 2144 magis
1341 2110 1480 2137 existimet
1495 2110 1529 2138 ad
1542 2110 1611 2138 belli
1623 2119 1751 2139 eousum-

960 2152 1119 2180 mationem.
1144 2153 1232 2189 Atque
1263 2154 1342 2188 adeo,
1372 2161 1401 2182 ut
1430 2164 1488 2183 rem
1518 2157 1666 2191 auspicati,
1686 2162 1751 2186 ante

961 2197 1043 2225 finem
1071 2198 1193 2226 animum
1230 2199 1469 2235 despondeamus,
1497 2202 1569 2230 haud
1602 2202 1676 2230 aliud
1704 2203 1749 2236 sit,

120 2249 200 2284 μίους
215 2250 461 2285 προσπαροξύνειν.
480 2251 534 2277 Καὶ
548 2251 602 2287 μὴν
617 2251 693 2278 οὐδέν
709 2253 783 2279 ἐστιν
797 2254 837 2284 είς
852 2253 866 2280 ὃ
879 2262 903 2280 τι

960 2251 1043 2278 quam
1061 2249 1090 2272 ut
1102 2252 1153 2272 nos
1171 2245 1222 2279 ipsi
1239 2246 1398 2280 prodamus,
1416 2248 1564 2284 hostesque
1576 2249 1603 2275 in
1622 2256 1672 2276 nos
1687 2249 1752 2276 irri-

118 2295 221 2322 τούτων
245 2296 354 2332 ἑκάστῳ
387 2297 557 2332 χρησόμεθα,
588 2299 738 2333 χρημάτων
764 2299 906 2326 ἀπόντων·

120 2341 222 2376 μᾶλλον
237 2341 285 2374 ,δὲ
312 2342 349 2377 μὴ
381 2342 516 2369 πλείστων
549 2343 702 2378 παρόντων.
738 2344 823 2370 Τοῦτο
854 2345 908 2380 γάρ

119 2386 207 2417 ιστιν,
241 2381 272 2412 οὗ
297 2385 392 2420 σχεδδν
420 2386 529 2413 πάντων
562 2387 680 2422 μάλιστα
713 2387 771 2419 δεῖ,
799 2389 845 2414 καὶ
872 2385 908 2415 ὦν

119 2432 172 2458 οὐκ
186 2431 312 2466 ἀφθόνως
335 2433 530 2468 ἐπιρρεόντων,
555 2433 663 2469 ἀνάγκη
690 2434 748 2469 μετ’
777 2434 909 2469 αἰσχύνης

120 2479 282 2513 ἀναχωρεῖν.
295 2479 341 2504 Δεῖ
357 2479 389 2513 δὴ
409 2479 545 2505 πλουσίων
564 2480 632 2514 ἡμῖν
647 2480 694 2506 καὶ
710 2480 908 2516 μεγαλοιιαύχων

121 2523 286 2558 συμμάχων,
314 2524 344 2549 οὐ
368 2523 402 2550 τὰ
415 2523 485 2550 ὅπλα
502 2524 593 2558 μόνον,
609 2524 677 2551 ἀλλὰ
692 2526 739 2552 καὶ
761 2526 822 2556 τοὺς
838 2526 908 2552 οἶκοι

121 2568 278 2603 θησλυροϋς
298 2568 368 2603 ὑπὲρ
381 2568 461 2603 ἡμῶν
486 2569 636 2603 τιθεμένων
649 2577 656 2585 ·
674 2570 723 2597 καὶ
738 2569 814 2596 ταῦθ’
832 2570 909 2605 ὑμῶν

122 2614 185 2650 μηδ’
201 2614 379 2650 ὸῦολὸν.μήτε
405 2615 562 2650 δυναμένων
583 2615 646 2651 μήτ’
658 2616 723 2647 ἴσως
740 2615 909 2651 βουλομένων

121 2661 193 2696 ὑπὲρ
211 2660 265 2687 τῶν
287 2660 460 2696 πραγμάτων
486 2661 636 2696 προέσθαι·
653 2661 759 2688 τοσοῦτ’
775 2663 910 2696 ἀπεσχόν-

120 2715 177 2733 των
193 2706 308 2741 μισθοὺς
328 2706 448 2739 τελέσαι,
470 2707 517 2734 καὶ
541 2707 589 2742 τὴν
615 2707 700 2742 ἀλλην
715 2707 763 2734 τοῦ
788 2708 908 2743 πολέμου

121 2753 296 2788 κατασκευὴν
308 2753 475 2788 ἐκπορίζειν.

161 2800 194 2826 ’Δ
211 2799 261 2834 μὲν
275 2799 366 2825 τοίνυν
384 2800 448 2830 τοὺς
464 2800 531 2835 ἡμῖν
549 2800 819 2836 συνεπιληψομένους
836 2801 908 2836 ἔχειν

122 2843 265 2879 προσήκει,
279 2843 326 2870 καὶ
347 2843 407 2877 μεθ’
419 2844 482 2870 οἵων
498 2844 551 2871 τῶν
567 2853 596 2871 τε
610 2845 695 2880 τύχης
709 2846 756 2871 καὶ
768 2844 821 2870 τῶν
833 2845 909 2878 παρὰ

122 2890 173 2924 τῆς
199 2888 300 2923 ἀρετῆς
325 2887 447 2921 ἀγαθῶν,
479 2889 551 2924 ὑπιρ
582 2890 660 2925 ἡμῶν
692 2890 906 2923 κινδυνεύσουσι,

243 2937 380 2966 ΡΑτιιοι..
396 2935 454 2965 GI.
478 2934 579 2966 CLIV.

962 2293 1060 2316 temus.
1080 2290 1114 2317 At
1128 2298 1218 2325 neque
1233 2292 1354 2326 suppetit
1373 2300 1428 2327 quo
1449 2293 1546 2320 horum
1560 2301 1671 2328 quoque
1690 2299 1750 2321 uta-

960 2343 1033 2368 mur,
1063 2337 1085 2363 si
1118 2338 1241 2371 pecuniae
1269 2338 1370 2371 desint,
1387 2339 1444 2366 imo
1472 2341 1527 2368 nisi
1545 2340 1637 2368 adsint
1665 2343 1751 2369 multa

960 2382 1056 2416 copia;
1082 2382 1135 2409 hoc
1165 2383 1238 2410 enim
1268 2388 1311 2410 est
1340 2392 1395 2418 quo
1417 2385 1474 2412 fere
1489 2385 1613 2412 omnium
1631 2385 1751 2413 maxime

961 2436 1031 2463 opus
1045 2433 1088 2456 est.
1099 2449 1106 2462 ,
1125 2437 1156 2457 ac
1170 2431 1270 2464 quibus
1297 2439 1355 2458 nou
1369 2432 1478 2459 abunde
1494 2433 1682 2465 afﬂuentibus,
1703 2442 1752 2461 nc-

959 2482 1036 2502 cesse
1066 2476 1103 2503 sit
1136 2476 1267 2504 confusos
1293 2478 1432 2506 recedere.
1458 2479 1552 2515 Itaque
1578 2480 1751 2508 necessarios

961 2520 1095 2548 habemus
1122 2521 1222 2549 divites
1247 2529 1279 2549 ac
1305 2523 1467 2558 magnificos
1494 2524 1674 2557 auxiliarios,
1703 2533 1750 2560 qui

960 2566 1062 2593 nedum
1079 2575 1165 2599 arma,
1177 2568 1224 2595 sed
1241 2574 1269 2596 et
1280 2568 1425 2596 thesauros
1445 2569 1518 2597 domi
1536 2570 1673 2605 repositos
1687 2578 1752 2605 pro~

960 2618 1022 2647 pter
1034 2621 1084 2640 nos
1108 2619 1212 2648 ponant
1229 2623 1236 2642 :
1256 2614 1337 2650 idque
1351 2623 1414 2643 cum
1431 2623 1489 2649 vos,
1503 2624 1537 2644 ne
1565 2616 1674 2643 obolum
1687 2617 1751 2652 qui-

960 2658 1021 2684 dem
1050 2659 1178 2692 possitis,
1202 2667 1235 2686 ac
1265 2659 1334 2687 forte
1363 2661 1456 2688 nolitis
1481 2661 1641 2696 reipublicza
1669 2669 1750 2688 causa

959 2702 1120 2737 effundere;
1140 2708 1245 2731 tantum
1260 2704 1347 2737 abest,
1365 2709 1395 2732 ut
1410 2705 1517 2733 solvere
1538 2705 1704 2738 mercedem.
1719 2714 1751 2733 ac

961 2750 1096 2784 reliquum
1117 2750 1180 2778 belli
1201 2756 1361 2786 apparatum
1375 2756 1517 2786 prastare.

996 2795 1058 2824 Η.εο
1083 2797 1225 2824 enimvero
1254 2798 1356 2832 quibus
1383 2802 1496 2825 ornatos
1521 2802 1647 2832 oporteat
1677 2805 1749 2831 esse,

959 2844 1006 2878 qui
1027 2843 1106 2871 nobis
1121 2844 1177 2871 sint
1206 2843 1317 2871 allaturi
1333 2851 1424 2879 opem,
1448 2852 1536 2879 eaque
1551 2845 1609 2871 fere
1626 2852 1678 2879 qua
1690 2844 1762 2870 for--

960 2894 1044 2923 tunsa,
1074 2897 1127 2924 qua
1152 2889 1261 2917 virtutis
1295 2889 1377 2923 bona,
1400 2889 1566 2924 quibuseum
1590 2897 1639 2924 pro
1670 2890 1750 2918 nobis

1548 2936 1584 2967 31
