  <div class='ocr_page' id='page_1' title='image "/cluster/home/n/w/nwhite01/storage/ocr_20150623/154/njp.32101010943486/501.png"; bbox 0 0 1942 3090; ppageno 0'>
   <div class='ocr_carea' id='block_1_1' title="bbox 191 159 244 188">
    <p class='ocr_par' dir='ltr' id='par_1_1' title="bbox 191 159 244 188">
     <span class='ocr_line' id='line_1_1' title="bbox 191 159 244 188; baseline 0.038 -2"><span class='ocrx_word' id='word_1_1' title='bbox 191 159 227 187; x_wconf 68' lang='lat'><strong>07</strong></span> <span class='ocrx_word' id='word_1_2' title='bbox 237 159 244 188; x_wconf 91' lang='lat' dir='ltr'><strong>l</strong></span> 
     </span>
    </p>
   </div>
   <div class='ocr_carea' id='block_1_2' title="bbox 829 154 1193 187">
    <p class='ocr_par' dir='ltr' id='par_1_2' title="bbox 829 154 1193 187">
     <span class='ocr_line' id='line_1_2' title="bbox 829 154 1193 187; baseline 0.005 -3"><span class='ocrx_word' id='word_1_3' title='bbox 829 154 1018 185; x_wconf 62' lang='lat' dir='ltr'><strong>DEliETllll</strong></span> <span class='ocrx_word' id='word_1_4' title='bbox 1039 155 1193 187; x_wconf 75' lang='lat' dir='ltr'><strong>CYDONII</strong></span> 
     </span>
    </p>
   </div>
   <div class='ocr_carea' id='block_1_3' title="bbox 1768 159 1818 191">
    <p class='ocr_par' dir='ltr' id='par_1_3' title="bbox 1768 159 1818 191">
     <span class='ocr_line' id='line_1_3' title="bbox 1768 159 1818 191; baseline 0 0"><span class='ocrx_word' id='word_1_5' title='bbox 1768 159 1818 191; x_wconf 81' lang='lat'><strong>972</strong></span> 
     </span>
    </p>
   </div>
   <div class='ocr_carea' id='block_1_4' title="bbox 194 211 987 252">
    <p class='ocr_par' dir='ltr' id='par_1_4' title="bbox 194 211 983 248">
     <span class='ocr_line' id='line_1_4' title="bbox 194 211 983 248; baseline -0.006 -5"><span class='ocrx_word' id='word_1_6' title='bbox 194 216 312 243; x_wconf 78' lang='lat' dir='ltr'><strong>debeant</strong></span> <span class='ocrx_word' id='word_1_7' title='bbox 340 215 416 242; x_wconf 85' lang='lat' dir='ltr'><strong>adire</strong></span> <span class='ocrx_word' id='word_1_8' title='bbox 434 214 567 248; x_wconf 70' lang='lat' dir='ltr'><strong>pericula.</strong></span> <span class='ocrx_word' id='word_1_9' title='bbox 587 213 639 241; x_wconf 89' lang='lat' dir='ltr'><strong>Sed</strong></span> <span class='ocrx_word' id='word_1_10' title='bbox 656 217 684 239; x_wconf 84' lang='lat' dir='ltr'><strong>et</strong></span> <span class='ocrx_word' id='word_1_11' title='bbox 711 212 774 245; x_wconf 82' lang='lat' dir='ltr'><strong>alia,</strong></span> <span class='ocrx_word' id='word_1_12' title='bbox 790 218 820 239; x_wconf 90' lang='lat' dir='ltr'><strong>ut</strong></span> <span class='ocrx_word' id='word_1_13' title='bbox 841 211 904 247; x_wconf 88' lang='lat' dir='ltr'><strong>quis</strong></span> <span class='ocrx_word' id='word_1_14' title='bbox 921 211 983 238; x_wconf 86' lang='lat' dir='ltr'><strong>dili-</strong></span> 
     </span>
    </p>
   </div>
   <div class='ocr_carea' id='block_1_5' title="bbox 1039 211 1816 252">
    <p class='ocr_par' dir='ltr' id='par_1_5' title="bbox 1039 212 1816 252">
     <span class='ocr_line' id='line_1_5' title="bbox 1039 212 1816 252; baseline 0.006 -13"><span class='ocrx_word' id='word_1_15' title='bbox 1039 212 1130 248; x_wconf 78' lang='grc' dir='ltr'>σχεδὸν</span> <span class='ocrx_word' id='word_1_16' title='bbox 1145 213 1314 241; x_wconf 79' lang='grc' dir='ltr'>ταῦτ’ὲστίν.</span> <span class='ocrx_word' id='word_1_17' title='bbox 1335 213 1412 241; x_wconf 86' lang='grc' dir='ltr'>Ἔστι</span> <span class='ocrx_word' id='word_1_18' title='bbox 1439 214 1468 241; x_wconf 75' lang='grc' dir='ltr'>δὲ</span> <span class='ocrx_word' id='word_1_19' title='bbox 1483 213 1530 242; x_wconf 77' lang='grc' dir='ltr'>καὶ</span> <span class='ocrx_word' id='word_1_20' title='bbox 1545 215 1613 243; x_wconf 80' lang='grc' dir='ltr'>ἄλλα</span> <span class='ocrx_word' id='word_1_21' title='bbox 1629 214 1683 242; x_wconf 88' lang='grc' dir='ltr'><strong>τῶν</strong></span> <span class='ocrx_word' id='word_1_22' title='bbox 1707 216 1816 252; x_wconf 68' lang='grc' dir='ltr'>άκρι6έ›</span> 
     </span>
    </p>
   </div>
   <div class='ocr_carea' id='block_1_6' title="bbox 195 256 982 296">
    <p class='ocr_par' dir='ltr' id='par_1_6' title="bbox 195 256 982 296">
     <span class='ocr_line' id='line_1_6' title="bbox 195 256 982 296; baseline -0.006 -8"><span class='ocrx_word' id='word_1_23' title='bbox 195 261 306 296; x_wconf 72' lang='lat' dir='ltr'><strong>gentius</strong></span> <span class='ocrx_word' id='word_1_24' title='bbox 317 260 446 287; x_wconf 79' lang='lat' dir='ltr'><strong>adhibeat</strong></span> <span class='ocrx_word' id='word_1_25' title='bbox 461 259 594 290; x_wconf 78' lang='lat' dir='ltr'><strong>animum.</strong></span> <span class='ocrx_word' id='word_1_26' title='bbox 617 258 703 293; x_wconf 78' lang='lat' dir='ltr'><strong>possit</strong></span> <span class='ocrx_word' id='word_1_27' title='bbox 725 257 826 285; x_wconf 78' lang='lat' dir='ltr'><strong>dicere.</strong></span> <span class='ocrx_word' id='word_1_28' title='bbox 843 256 982 290; x_wconf 70' lang='lat' dir='ltr'><strong>Quosnam</strong></span> 
     </span>
    </p>
   </div>
   <div class='ocr_carea' id='block_1_7' title="bbox 196 303 982 343">
    <p class='ocr_par' dir='ltr' id='par_1_7' title="bbox 196 303 982 343">
     <span class='ocr_line' id='line_1_7' title="bbox 196 303 982 343; baseline -0.006 -9"><span class='ocrx_word' id='word_1_29' title='bbox 196 307 280 343; x_wconf 76' lang='lat' dir='ltr'><strong>igitur</strong></span> <span class='ocrx_word' id='word_1_30' title='bbox 296 306 377 334; x_wconf 89' lang='lat' dir='ltr'><strong>nobis</strong></span> <span class='ocrx_word' id='word_1_31' title='bbox 390 306 456 333; x_wconf 85' lang='lat' dir='ltr'><strong>tales</strong></span> <span class='ocrx_word' id='word_1_32' title='bbox 479 306 602 333; x_wconf 78' lang='lat' dir='ltr'><strong>subsidio</strong></span> <span class='ocrx_word' id='word_1_33' title='bbox 619 304 814 332; x_wconf 86' lang='lat' dir='ltr'><strong>acccrsemus?</strong></span> <span class='ocrx_word' id='word_1_34' title='bbox 831 303 982 337; x_wconf 85' lang='lat' dir='ltr'><strong>Quosuam,</strong></span> 
     </span>
    </p>
   </div>
   <div class='ocr_carea' id='block_1_8' title="bbox 194 349 982 386">
    <p class='ocr_par' dir='ltr' id='par_1_8' title="bbox 194 349 982 386">
     <span class='ocr_line' id='line_1_8' title="bbox 194 349 982 386; baseline -0.005 -7"><span class='ocrx_word' id='word_1_35' title='bbox 194 353 319 379; x_wconf 88' lang='lat' dir='ltr'><strong>omnium</strong></span> <span class='ocrx_word' id='word_1_36' title='bbox 339 357 388 380; x_wconf 92' lang='lat' dir='ltr'><strong>aut</strong></span> <span class='ocrx_word' id='word_1_37' title='bbox 415 351 535 386; x_wconf 87' lang='lat' dir='ltr'><strong>plurium</strong></span> <span class='ocrx_word' id='word_1_38' title='bbox 562 358 628 386; x_wconf 82' lang='lat' dir='ltr'><strong>ergo</strong></span> <span class='ocrx_word' id='word_1_39' title='bbox 654 351 767 377; x_wconf 88' lang='lat' dir='ltr'><strong>idoneos</strong></span> <span class='ocrx_word' id='word_1_40' title='bbox 795 349 982 384; x_wconf 78' lang='lat' dir='ltr'><strong>antagonistas</strong></span> 
     </span>
    </p>
   </div>
   <div class='ocr_carea' id='block_1_9' title="bbox 195 395 980 434">
    <p class='ocr_par' dir='ltr' id='par_1_9' title="bbox 195 395 980 434">
     <span class='ocr_line' id='line_1_9' title="bbox 195 395 980 434; baseline -0.006 -8"><span class='ocrx_word' id='word_1_41' title='bbox 195 399 405 434; x_wconf 83' lang='lat' dir='ltr'><strong>reputabimus?</strong></span> <span class='ocrx_word' id='word_1_42' title='bbox 433 398 603 432; x_wconf 78' lang='lat' dir='ltr'><strong>Quibusnam</strong></span> <span class='ocrx_word' id='word_1_43' title='bbox 634 397 696 425; x_wconf 91' lang='lat' dir='ltr'><strong>freti</strong></span> <span class='ocrx_word' id='word_1_44' title='bbox 719 403 771 424; x_wconf 91' lang='lat' dir='ltr'><strong>nos</strong></span> <span class='ocrx_word' id='word_1_45' title='bbox 793 396 867 431; x_wconf 88' lang='lat' dir='ltr'><strong>ipsos</strong></span> <span class='ocrx_word' id='word_1_46' title='bbox 883 395 980 422; x_wconf 87' lang='lat' dir='ltr'><strong>crede-</strong></span> 
     </span>
    </p>
   </div>
   <div class='ocr_carea' id='block_1_10' title="bbox 195 440 982 480">
    <p class='ocr_par' dir='ltr' id='par_1_10' title="bbox 195 440 982 480">
     <span class='ocr_line' id='line_1_10' title="bbox 195 440 982 480; baseline -0.006 -7"><span class='ocrx_word' id='word_1_47' title='bbox 195 446 277 473; x_wconf 85' lang='lat' dir='ltr'><strong>mus?</strong></span> <span class='ocrx_word' id='word_1_48' title='bbox 304 446 331 473; x_wconf 91' lang='lat' dir='ltr'><strong>Si</strong></span> <span class='ocrx_word' id='word_1_49' title='bbox 359 446 470 480; x_wconf 88' lang='lat' dir='ltr'><strong>quidem</strong></span> <span class='ocrx_word' id='word_1_50' title='bbox 498 445 570 472; x_wconf 90' lang='lat' dir='ltr'><strong>enim</strong></span> <span class='ocrx_word' id='word_1_51' title='bbox 600 443 626 470; x_wconf 97' lang='lat' dir='ltr'><strong>vi</strong></span> <span class='ocrx_word' id='word_1_52' title='bbox 658 443 844 471; x_wconf 91' lang='lat' dir='ltr'><strong>calamitatum</strong></span> <span class='ocrx_word' id='word_1_53' title='bbox 859 440 982 477; x_wconf 82' lang='lat' dir='ltr'><strong>perculsi</strong></span> 
     </span>
    </p>
   </div>
   <div class='ocr_carea' id='block_1_11' title="bbox 194 489 984 524">
    <p class='ocr_par' dir='ltr' id='par_1_11' title="bbox 194 489 984 524">
     <span class='ocr_line' id='line_1_11' title="bbox 194 489 984 524; baseline -0.006 -5"><span class='ocrx_word' id='word_1_54' title='bbox 194 492 308 520; x_wconf 90' lang='lat' dir='ltr'><strong>omnino</strong></span> <span class='ocrx_word' id='word_1_55' title='bbox 322 491 475 519; x_wconf 78' lang='lat' dir='ltr'><strong>defecimus</strong></span> <span class='ocrx_word' id='word_1_56' title='bbox 496 490 605 523; x_wconf 83' lang='lat' dir='ltr'><strong>animis,</strong></span> <span class='ocrx_word' id='word_1_57' title='bbox 624 489 693 517; x_wconf 88' lang='lat' dir='ltr'><strong>alios</strong></span> <span class='ocrx_word' id='word_1_58' title='bbox 708 496 822 524; x_wconf 85' lang='lat' dir='ltr'><strong>prorsus</strong></span> <span class='ocrx_word' id='word_1_59' title='bbox 842 490 984 521; x_wconf 80' lang='lat' dir='ltr'><strong>exspectat</strong></span> 
     </span>
    </p>
   </div>
   <div class='ocr_carea' id='block_1_12' title="bbox 195 535 983 574">
    <p class='ocr_par' dir='ltr' id='par_1_12' title="bbox 195 535 983 574">
     <span class='ocr_line' id='line_1_12' title="bbox 195 535 983 574; baseline -0.005 -9"><span class='ocrx_word' id='word_1_60' title='bbox 195 544 312 574; x_wconf 85' lang='lat' dir='ltr'><strong>tempus,</strong></span> <span class='ocrx_word' id='word_1_61' title='bbox 326 539 410 573; x_wconf 87' lang='lat' dir='ltr'><strong>inque</strong></span> <span class='ocrx_word' id='word_1_62' title='bbox 438 537 562 564; x_wconf 86' lang='lat' dir='ltr'><strong>ordinem</strong></span> <span class='ocrx_word' id='word_1_63' title='bbox 585 535 665 563; x_wconf 87' lang='lat' dir='ltr'><strong>nobis</strong></span> <span class='ocrx_word' id='word_1_64' title='bbox 690 542 841 571; x_wconf 75' lang='lat' dir='ltr'><strong>congruum</strong></span> <span class='ocrx_word' id='word_1_65' title='bbox 859 537 938 562; x_wconf 86' lang='lat' dir='ltr'><strong>vocat</strong></span> <span class='ocrx_word' id='word_1_66' title='bbox 952 541 983 561; x_wconf 87' lang='lat' dir='ltr'><strong>ac</strong></span> 
     </span>
    </p>
   </div>
   <div class='ocr_carea' id='block_1_13' title="bbox 196 580 983 618">
    <p class='ocr_par' dir='ltr' id='par_1_13' title="bbox 196 580 983 618">
     <span class='ocr_line' id='line_1_13' title="bbox 196 580 983 618; baseline -0.006 -7"><span class='ocrx_word' id='word_1_67' title='bbox 196 586 279 618; x_wconf 76' lang='lat' dir='ltr'><strong>cogit.</strong></span> <span class='ocrx_word' id='word_1_68' title='bbox 299 584 381 612; x_wconf 87' lang='lat' dir='ltr'><strong>Forte</strong></span> <span class='ocrx_word' id='word_1_69' title='bbox 394 583 493 618; x_wconf 85' lang='lat' dir='ltr'><strong>aliquis</strong></span> <span class='ocrx_word' id='word_1_70' title='bbox 508 582 627 618; x_wconf 79' lang='lat' dir='ltr'><strong>Scythas</strong></span> <span class='ocrx_word' id='word_1_71' title='bbox 640 581 724 614; x_wconf 89' lang='lat' dir='ltr'><strong>dicat,</strong></span> <span class='ocrx_word' id='word_1_72' title='bbox 740 581 787 616; x_wconf 88' lang='lat' dir='ltr'><strong>qui</strong></span> <span class='ocrx_word' id='word_1_73' title='bbox 804 588 855 608; x_wconf 87' lang='lat' dir='ltr'><strong>nec</strong></span> <span class='ocrx_word' id='word_1_74' title='bbox 866 580 983 615; x_wconf 87' lang='lat' dir='ltr'><strong>amplius</strong></span> 
     </span>
    </p>
   </div>
   <div class='ocr_carea' id='block_1_14' title="bbox 197 625 982 665">
    <p class='ocr_par' dir='ltr' id='par_1_14' title="bbox 197 625 982 665">
     <span class='ocr_line' id='line_1_14' title="bbox 197 625 982 665; baseline -0.008 -6"><span class='ocrx_word' id='word_1_75' title='bbox 197 631 372 662; x_wconf 74' lang='lat' dir='ltr'><strong>consistunt;</strong></span> <span class='ocrx_word' id='word_1_76' title='bbox 397 630 500 665; x_wconf 88' lang='lat' dir='ltr'><strong>quique</strong></span> <span class='ocrx_word' id='word_1_77' title='bbox 524 629 713 661; x_wconf 79' lang='lat' dir='ltr'><strong>nihilominus,</strong></span> <span class='ocrx_word' id='word_1_78' title='bbox 729 632 758 654; x_wconf 89' lang='lat' dir='ltr'><strong>ut</strong></span> <span class='ocrx_word' id='word_1_79' title='bbox 775 627 893 662; x_wconf 87' lang='lat' dir='ltr'><strong>possint,</strong></span> <span class='ocrx_word' id='word_1_80' title='bbox 909 625 982 653; x_wconf 82' lang='lat' dir='ltr'><strong>haud</strong></span> 
     </span>
    </p>
   </div>
   <div class='ocr_carea' id='block_1_15' title="bbox 194 672 982 710">
    <p class='ocr_par' dir='ltr' id='par_1_15' title="bbox 194 672 982 710">
     <span class='ocr_line' id='line_1_15' title="bbox 194 672 982 710; baseline -0.01 -4"><span class='ocrx_word' id='word_1_81' title='bbox 194 687 260 706; x_wconf 86' lang='lat' dir='ltr'><strong>sane</strong></span> <span class='ocrx_word' id='word_1_82' title='bbox 272 678 376 710; x_wconf 86' lang='lat' dir='ltr'><strong>velint;</strong></span> <span class='ocrx_word' id='word_1_83' title='bbox 394 684 483 710; x_wconf 88' lang='lat' dir='ltr'><strong>neque</strong></span> <span class='ocrx_word' id='word_1_84' title='bbox 499 680 528 703; x_wconf 88' lang='lat' dir='ltr'><strong>ut</strong></span> <span class='ocrx_word' id='word_1_85' title='bbox 550 675 648 707; x_wconf 80' lang='lat' dir='ltr'><strong>velint,</strong></span> <span class='ocrx_word' id='word_1_86' title='bbox 665 674 740 701; x_wconf 82' lang='lat' dir='ltr'><strong>vires</strong></span> <span class='ocrx_word' id='word_1_87' title='bbox 764 673 817 700; x_wconf 89' lang='lat' dir='ltr'><strong>sint</strong></span> <span class='ocrx_word' id='word_1_88' title='bbox 839 672 982 705; x_wconf 86' lang='lat' dir='ltr'><strong>habituri,</strong></span> 
     </span>
    </p>
   </div>
   <div class='ocr_carea' id='block_1_16' title="bbox 195 718 984 759">
    <p class='ocr_par' dir='ltr' id='par_1_16' title="bbox 195 718 984 759">
     <span class='ocr_line' id='line_1_16' title="bbox 195 718 984 759; baseline -0.01 -7"><span class='ocrx_word' id='word_1_89' title='bbox 195 733 226 752; x_wconf 85' lang='lat' dir='ltr'><strong>ac</strong></span> <span class='ocrx_word' id='word_1_90' title='bbox 241 724 341 759; x_wconf 85' lang='lat' dir='ltr'><strong>quibus</strong></span> <span class='ocrx_word' id='word_1_91' title='bbox 368 723 462 750; x_wconf 79' lang='lat' dir='ltr'><strong>auxilii</strong></span> <span class='ocrx_word' id='word_1_92' title='bbox 482 721 648 753; x_wconf 81' lang='lat' dir='ltr'><strong>mercedem,</strong></span> <span class='ocrx_word' id='word_1_93' title='bbox 665 728 699 747; x_wconf 88' lang='lat' dir='ltr'><strong>ne</strong></span> <span class='ocrx_word' id='word_1_94' title='bbox 716 719 790 754; x_wconf 87' lang='lat' dir='ltr'><strong>ipsos</strong></span> <span class='ocrx_word' id='word_1_95' title='bbox 819 724 928 746; x_wconf 87' lang='lat' dir='ltr'><strong>nostros</strong></span> <span class='ocrx_word' id='word_1_96' title='bbox 945 718 984 744; x_wconf 92' lang='lat' dir='ltr'><strong>la-</strong></span> 
     </span>
    </p>
   </div>
   <div class='ocr_carea' id='block_1_17' title="bbox 194 763 981 806">
    <p class='ocr_par' dir='ltr' id='par_1_17' title="bbox 194 763 981 806">
     <span class='ocr_line' id='line_1_17' title="bbox 194 763 981 806; baseline -0.01 -8"><span class='ocrx_word' id='word_1_97' title='bbox 194 771 273 806; x_wconf 84' lang='lat' dir='ltr'><strong>pides</strong></span> <span class='ocrx_word' id='word_1_98' title='bbox 299 770 326 797; x_wconf 94' lang='lat' dir='ltr'><strong>in</strong></span> <span class='ocrx_word' id='word_1_99' title='bbox 347 775 493 804; x_wconf 77' lang='lat' dir='ltr'><strong>argentum</strong></span> <span class='ocrx_word' id='word_1_100' title='bbox 512 772 632 795; x_wconf 89' lang='lat' dir='ltr'><strong>mutatos</strong></span> <span class='ocrx_word' id='word_1_101' title='bbox 649 766 716 793; x_wconf 85' lang='lat' dir='ltr'><strong>satis</strong></span> <span class='ocrx_word' id='word_1_102' title='bbox 739 772 799 793; x_wconf 87' lang='lat' dir='ltr'><strong>esse</strong></span> <span class='ocrx_word' id='word_1_103' title='bbox 819 763 981 799; x_wconf 90' lang='lat' dir='ltr'><strong>pataverim.</strong></span> 
     </span>
    </p>
   </div>
   <div class='ocr_carea' id='block_1_18' title="bbox 193 813 983 850">
    <p class='ocr_par' dir='ltr' id='par_1_18' title="bbox 193 813 983 850">
     <span class='ocr_line' id='line_1_18' title="bbox 193 813 983 850; baseline -0.01 -6"><span class='ocrx_word' id='word_1_104' title='bbox 193 817 267 850; x_wconf 87' lang='lat' dir='ltr'><strong>Quin</strong></span> <span class='ocrx_word' id='word_1_105' title='bbox 305 816 388 843; x_wconf 90' lang='lat' dir='ltr'><strong>audio</strong></span> <span class='ocrx_word' id='word_1_106' title='bbox 415 815 449 842; x_wconf 88' lang='lat' dir='ltr'><strong>ab</strong></span> <span class='ocrx_word' id='word_1_107' title='bbox 478 814 511 841; x_wconf 88' lang='lat' dir='ltr'><strong>iis</strong></span> <span class='ocrx_word' id='word_1_108' title='bbox 536 813 675 848; x_wconf 86' lang='lat' dir='ltr'><strong>primum,</strong></span> <span class='ocrx_word' id='word_1_109' title='bbox 695 816 831 839; x_wconf 85' lang='lat' dir='ltr'><strong>vastatum</strong></span> <span class='ocrx_word' id='word_1_110' title='bbox 863 817 923 837; x_wconf 86' lang='lat' dir='ltr'><strong>esse</strong></span> <span class='ocrx_word' id='word_1_111' title='bbox 951 816 983 836; x_wconf 89' lang='lat' dir='ltr'><strong>ac</strong></span> 
     </span>
    </p>
   </div>
   <div class='ocr_carea' id='block_1_19' title="bbox 193 857 983 892">
    <p class='ocr_par' dir='ltr' id='par_1_19' title="bbox 193 857 983 892">
     <span class='ocr_line' id='line_1_19' title="bbox 193 857 983 892; baseline -0.014 0"><span class='ocrx_word' id='word_1_112' title='bbox 193 864 347 892; x_wconf 84' lang='lat' dir='ltr'><strong>desolatum</strong></span> <span class='ocrx_word' id='word_1_113' title='bbox 367 867 492 888; x_wconf 79' lang='lat' dir='ltr'><strong>nostrum</strong></span> <span class='ocrx_word' id='word_1_114' title='bbox 509 860 609 887; x_wconf 88' lang='lat' dir='ltr'><strong>solum.</strong></span> <span class='ocrx_word' id='word_1_115' title='bbox 628 859 730 886; x_wconf 87' lang='lat' dir='ltr'><strong>Eorum</strong></span> <span class='ocrx_word' id='word_1_116' title='bbox 746 857 820 884; x_wconf 89' lang='lat' dir='ltr'><strong>enim</strong></span> <span class='ocrx_word' id='word_1_117' title='bbox 835 863 883 890; x_wconf 89' lang='lat' dir='ltr'><strong>per</strong></span> <span class='ocrx_word' id='word_1_118' title='bbox 896 862 983 882; x_wconf 86' lang='lat' dir='ltr'><strong>annos</strong></span> 
     </span>
    </p>
   </div>
   <div class='ocr_carea' id='block_1_20' title="bbox 193 901 983 945">
    <p class='ocr_par' dir='ltr' id='par_1_20' title="bbox 193 901 983 945">
     <span class='ocr_line' id='line_1_20' title="bbox 193 901 983 945; baseline -0.011 -8"><span class='ocrx_word' id='word_1_119' title='bbox 193 910 316 945; x_wconf 74' lang='lat' dir='ltr'><strong>singulos</strong></span> <span class='ocrx_word' id='word_1_120' title='bbox 336 908 456 936; x_wconf 83' lang='lat' dir='ltr'><strong>millenis</strong></span> <span class='ocrx_word' id='word_1_121' title='bbox 488 907 586 934; x_wconf 83' lang='lat' dir='ltr'><strong>turmis</strong></span> <span class='ocrx_word' id='word_1_122' title='bbox 613 904 795 935; x_wconf 83' lang='lat' dir='ltr'><strong>incursiones,</strong></span> <span class='ocrx_word' id='word_1_123' title='bbox 809 910 871 930; x_wconf 90' lang='lat' dir='ltr'><strong>cum</strong></span> <span class='ocrx_word' id='word_1_124' title='bbox 898 901 983 929; x_wconf 82' lang='lat' dir='ltr'><strong>urbes</strong></span> 
     </span>
    </p>
   </div>
   <div class='ocr_carea' id='block_1_21' title="bbox 194 950 982 983">
    <p class='ocr_par' dir='ltr' id='par_1_21' title="bbox 194 950 982 983">
     <span class='ocr_line' id='line_1_21' title="bbox 194 950 982 983; baseline -0.01 0"><span class='ocrx_word' id='word_1_125' title='bbox 194 955 355 983; x_wconf 87' lang='lat' dir='ltr'><strong>hominibus</strong></span> <span class='ocrx_word' id='word_1_126' title='bbox 367 962 467 982; x_wconf 84' lang='lat' dir='ltr'><strong>vacuas</strong></span> <span class='ocrx_word' id='word_1_127' title='bbox 479 952 675 983; x_wconf 81' lang='lat' dir='ltr'><strong>reddidissent,</strong></span> <span class='ocrx_word' id='word_1_128' title='bbox 692 958 724 978; x_wconf 90' lang='lat' dir='ltr'><strong>ac</strong></span> <span class='ocrx_word' id='word_1_129' title='bbox 744 950 920 977; x_wconf 88' lang='lat' dir='ltr'><strong>Tartarorum</strong></span> <span class='ocrx_word' id='word_1_130' title='bbox 936 956 982 976; x_wconf 87' lang='lat' dir='ltr'><strong>so-</strong></span> 
     </span>
    </p>
   </div>
   <div class='ocr_carea' id='block_1_22' title="bbox 195 995 985 1031">
    <p class='ocr_par' dir='ltr' id='par_1_22' title="bbox 195 995 985 1031">
     <span class='ocr_line' id='line_1_22' title="bbox 195 995 985 1031; baseline -0.01 -1"><span class='ocrx_word' id='word_1_131' title='bbox 195 1002 304 1030; x_wconf 91' lang='lat' dir='ltr'><strong>litudini</strong></span> <span class='ocrx_word' id='word_1_132' title='bbox 322 1002 426 1029; x_wconf 91' lang='lat' dir='ltr'><strong>similes</strong></span> <span class='ocrx_word' id='word_1_133' title='bbox 448 1000 617 1031; x_wconf 72' lang='lat' dir='ltr'><strong>effecissent,</strong></span> <span class='ocrx_word' id='word_1_134' title='bbox 636 998 734 1025; x_wconf 87' lang='lat' dir='ltr'><strong>Turcis</strong></span> <span class='ocrx_word' id='word_1_135' title='bbox 760 996 875 1024; x_wconf 82' lang='lat' dir='ltr'><strong>liberam</strong></span> <span class='ocrx_word' id='word_1_136' title='bbox 897 995 985 1023; x_wconf 87' lang='lat' dir='ltr'><strong>facul-</strong></span> 
     </span>
    </p>
   </div>
   <div class='ocr_carea' id='block_1_23' title="bbox 195 1043 982 1079">
    <p class='ocr_par' dir='ltr' id='par_1_23' title="bbox 195 1043 982 1079">
     <span class='ocr_line' id='line_1_23' title="bbox 195 1043 982 1079; baseline -0.013 -1"><span class='ocrx_word' id='word_1_137' title='bbox 195 1056 279 1079; x_wconf 82' lang='lat' dir='ltr'><strong>tatem</strong></span> <span class='ocrx_word' id='word_1_138' title='bbox 299 1049 436 1079; x_wconf 89' lang='lat' dir='ltr'><strong>fecerunt,</strong></span> <span class='ocrx_word' id='word_1_139' title='bbox 463 1051 494 1074; x_wconf 91' lang='lat' dir='ltr'><strong>ut</strong></span> <span class='ocrx_word' id='word_1_140' title='bbox 504 1053 600 1074; x_wconf 89' lang='lat' dir='ltr'><strong>eorum</strong></span> <span class='ocrx_word' id='word_1_141' title='bbox 627 1043 757 1078; x_wconf 86' lang='lat' dir='ltr'><strong>reliquias</strong></span> <span class='ocrx_word' id='word_1_142' title='bbox 783 1049 982 1078; x_wconf 87' lang='lat' dir='ltr'><strong>persequeren-</strong></span> 
     </span>
    </p>
   </div>
   <div class='ocr_carea' id='block_1_24' title="bbox 193 1091 983 1130">
    <p class='ocr_par' dir='ltr' id='par_1_24' title="bbox 193 1091 983 1130">
     <span class='ocr_line' id='line_1_24' title="bbox 193 1091 983 1130; baseline -0.013 -5"><span class='ocrx_word' id='word_1_143' title='bbox 193 1102 241 1125; x_wconf 76' lang='lat' dir='ltr'><strong>tur</strong></span> <span class='ocrx_word' id='word_1_144' title='bbox 251 1117 259 1130; x_wconf 85' lang='lat'><strong>,</strong></span> <span class='ocrx_word' id='word_1_145' title='bbox 272 1104 304 1124; x_wconf 86' lang='lat' dir='ltr'><strong>ac</strong></span> <span class='ocrx_word' id='word_1_146' title='bbox 318 1096 340 1123; x_wconf 95' lang='lat' dir='ltr'><strong>si</strong></span> <span class='ocrx_word' id='word_1_147' title='bbox 356 1101 459 1129; x_wconf 63' lang='lat' dir='ltr'><strong>magnae</strong></span> <span class='ocrx_word' id='word_1_148' title='bbox 479 1093 570 1120; x_wconf 81' lang='lat' dir='ltr'><strong>febres</strong></span> <span class='ocrx_word' id='word_1_149' title='bbox 592 1099 624 1118; x_wconf 87' lang='lat' dir='ltr'><strong>ac</strong></span> <span class='ocrx_word' id='word_1_150' title='bbox 639 1091 727 1121; x_wconf 87' lang='lat' dir='ltr'><strong>tabes,</strong></span> <span class='ocrx_word' id='word_1_151' title='bbox 742 1094 859 1116; x_wconf 88' lang='lat' dir='ltr'><strong>mortem</strong></span> <span class='ocrx_word' id='word_1_152' title='bbox 871 1093 983 1116; x_wconf 86' lang='lat' dir='ltr'><strong>antece-</strong></span> 
     </span>
    </p>
   </div>
   <div class='ocr_carea' id='block_1_25' title="bbox 195 1135 983 1173">
    <p class='ocr_par' dir='ltr' id='par_1_25' title="bbox 195 1135 983 1173">
     <span class='ocr_line' id='line_1_25' title="bbox 195 1135 983 1173; baseline -0.013 -4"><span class='ocrx_word' id='word_1_153' title='bbox 195 1142 272 1169; x_wconf 87' lang='lat' dir='ltr'><strong>dant.</strong></span> <span class='ocrx_word' id='word_1_154' title='bbox 286 1141 423 1167; x_wconf 76' lang='lat' dir='ltr'><strong>Praeterea</strong></span> <span class='ocrx_word' id='word_1_155' title='bbox 438 1138 501 1173; x_wconf 88' lang='lat' dir='ltr'><strong>quis</strong></span> <span class='ocrx_word' id='word_1_156' title='bbox 512 1145 560 1164; x_wconf 89' lang='lat' dir='ltr'><strong>eos</strong></span> <span class='ocrx_word' id='word_1_157' title='bbox 587 1135 785 1164; x_wconf 86' lang='lat' dir='ltr'><strong>conciliaturus</strong></span> <span class='ocrx_word' id='word_1_158' title='bbox 805 1137 857 1166; x_wconf 89' lang='lat' dir='ltr'><strong>est,</strong></span> <span class='ocrx_word' id='word_1_159' title='bbox 870 1141 902 1161; x_wconf 88' lang='lat' dir='ltr'><strong>ac</strong></span> <span class='ocrx_word' id='word_1_160' title='bbox 921 1140 983 1160; x_wconf 88' lang='lat' dir='ltr'><strong>sua-</strong></span> 
     </span>
    </p>
   </div>
   <div class='ocr_carea' id='block_1_26' title="bbox 196 1179 982 1217">
    <p class='ocr_par' dir='ltr' id='par_1_26' title="bbox 196 1179 982 1217">
     <span class='ocr_line' id='line_1_26' title="bbox 196 1179 982 1217; baseline -0.011 -2"><span class='ocrx_word' id='word_1_161' title='bbox 196 1195 278 1216; x_wconf 83' lang='lat' dir='ltr'><strong>surus</strong></span> <span class='ocrx_word' id='word_1_162' title='bbox 291 1191 321 1214; x_wconf 87' lang='lat' dir='ltr'><strong>ut</strong></span> <span class='ocrx_word' id='word_1_163' title='bbox 340 1184 471 1213; x_wconf 88' lang='lat' dir='ltr'><strong>oblivioni</strong></span> <span class='ocrx_word' id='word_1_164' title='bbox 485 1182 604 1214; x_wconf 84' lang='lat' dir='ltr'><strong>traditis,</strong></span> <span class='ocrx_word' id='word_1_165' title='bbox 618 1181 720 1217; x_wconf 91' lang='lat' dir='ltr'><strong>quibus</strong></span> <span class='ocrx_word' id='word_1_166' title='bbox 740 1188 770 1208; x_wconf 88' lang='lat' dir='ltr'><strong>se</strong></span> <span class='ocrx_word' id='word_1_167' title='bbox 787 1185 884 1207; x_wconf 90' lang='lat' dir='ltr'><strong>mutuo</strong></span> <span class='ocrx_word' id='word_1_168' title='bbox 903 1179 982 1206; x_wconf 88' lang='lat' dir='ltr'><strong>malis</strong></span> 
     </span>
    </p>
   </div>
   <div class='ocr_carea' id='block_1_27' title="bbox 195 1224 984 1264">
    <p class='ocr_par' dir='ltr' id='par_1_27' title="bbox 195 1224 984 1264">
     <span class='ocr_line' id='line_1_27' title="bbox 195 1224 984 1264; baseline -0.013 -3"><span class='ocrx_word' id='word_1_169' title='bbox 195 1233 330 1264; x_wconf 77' lang='lat' dir='ltr'><strong>afﬁciunt,</strong></span> <span class='ocrx_word' id='word_1_170' title='bbox 341 1231 428 1258; x_wconf 91' lang='lat' dir='ltr'><strong>nostri</strong></span> <span class='ocrx_word' id='word_1_171' title='bbox 442 1236 524 1257; x_wconf 89' lang='lat' dir='ltr'><strong>causa</strong></span> <span class='ocrx_word' id='word_1_172' title='bbox 536 1227 701 1256; x_wconf 78' lang='lat' dir='ltr'><strong>conVeniant</strong></span> <span class='ocrx_word' id='word_1_173' title='bbox 715 1226 750 1254; x_wconf 86' lang='lat' dir='ltr'><strong>ad</strong></span> <span class='ocrx_word' id='word_1_174' title='bbox 761 1224 984 1254; x_wconf 72' lang='lat' dir='ltr'><strong>deliberandum?</strong></span> 
     </span>
    </p>
   </div>
   <div class='ocr_carea' id='block_1_28' title="bbox 195 1271 983 1313">
    <p class='ocr_par' dir='ltr' id='par_1_28' title="bbox 195 1271 983 1313">
     <span class='ocr_line' id='line_1_28' title="bbox 195 1271 983 1313; baseline -0.014 -5"><span class='ocrx_word' id='word_1_175' title='bbox 195 1281 249 1308; x_wconf 83' lang='lat' dir='ltr'><strong>Aut</strong></span> <span class='ocrx_word' id='word_1_176' title='bbox 266 1286 332 1313; x_wconf 78' lang='lat' dir='ltr'><strong>ergo</strong></span> <span class='ocrx_word' id='word_1_177' title='bbox 356 1275 540 1304; x_wconf 78' lang='lat' dir='ltr'><strong>seditionibus</strong></span> <span class='ocrx_word' id='word_1_178' title='bbox 569 1273 668 1304; x_wconf 83' lang='lat' dir='ltr'><strong>divisi,</strong></span> <span class='ocrx_word' id='word_1_179' title='bbox 693 1280 728 1300; x_wconf 87' lang='lat' dir='ltr'><strong>ne</strong></span> <span class='ocrx_word' id='word_1_180' title='bbox 751 1279 780 1300; x_wconf 90' lang='lat' dir='ltr'><strong>se</strong></span> <span class='ocrx_word' id='word_1_181' title='bbox 807 1271 856 1305; x_wconf 88' lang='lat' dir='ltr'><strong>ipsi</strong></span> <span class='ocrx_word' id='word_1_182' title='bbox 872 1271 983 1305; x_wconf 90' lang='lat' dir='ltr'><strong>quidem</strong></span> 
     </span>
    </p>
   </div>
   <div class='ocr_carea' id='block_1_29' title="bbox 193 1318 984 1363">
    <p class='ocr_par' dir='ltr' id='par_1_29' title="bbox 193 1318 984 1363">
     <span class='ocr_line' id='line_1_29' title="bbox 193 1318 984 1363; baseline -0.015 -8"><span class='ocrx_word' id='word_1_183' title='bbox 193 1328 292 1363; x_wconf 87' lang='lat' dir='ltr'><strong>juvare</strong></span> <span class='ocrx_word' id='word_1_184' title='bbox 317 1326 458 1360; x_wconf 90' lang='lat' dir='ltr'><strong>poterunt,</strong></span> <span class='ocrx_word' id='word_1_185' title='bbox 477 1326 525 1348; x_wconf 90' lang='lat' dir='ltr'><strong>aut</strong></span> <span class='ocrx_word' id='word_1_186' title='bbox 559 1324 705 1354; x_wconf 83' lang='lat' dir='ltr'><strong>antequam</strong></span> <span class='ocrx_word' id='word_1_187' title='bbox 729 1318 841 1346; x_wconf 87' lang='lat' dir='ltr'><strong>omnino</strong></span> <span class='ocrx_word' id='word_1_188' title='bbox 867 1324 984 1345; x_wconf 89' lang='lat' dir='ltr'><strong>concor-</strong></span> 
     </span>
    </p>
   </div>
   <div class='ocr_carea' id='block_1_30' title="bbox 195 1363 983 1404">
    <p class='ocr_par' dir='ltr' id='par_1_30' title="bbox 195 1363 983 1404">
     <span class='ocr_line' id='line_1_30' title="bbox 195 1363 983 1404; baseline -0.013 -4"><span class='ocrx_word' id='word_1_189' title='bbox 195 1374 267 1400; x_wconf 78' lang='lat' dir='ltr'><strong>diam</strong></span> <span class='ocrx_word' id='word_1_190' title='bbox 285 1372 389 1404; x_wconf 87' lang='lat' dir='ltr'><strong>ineant,</strong></span> <span class='ocrx_word' id='word_1_191' title='bbox 405 1369 432 1396; x_wconf 90' lang='lat' dir='ltr'><strong>in</strong></span> <span class='ocrx_word' id='word_1_192' title='bbox 450 1375 501 1395; x_wconf 91' lang='lat' dir='ltr'><strong>nos</strong></span> <span class='ocrx_word' id='word_1_193' title='bbox 523 1369 647 1394; x_wconf 88' lang='lat' dir='ltr'><strong>moturos</strong></span> <span class='ocrx_word' id='word_1_194' title='bbox 660 1370 822 1400; x_wconf 84' lang='lat' dir='ltr'><strong>exspectare</strong></span> <span class='ocrx_word' id='word_1_195' title='bbox 839 1363 983 1391; x_wconf 85' lang='lat' dir='ltr'><strong>debemus.</strong></span> 
     </span>
    </p>
   </div>
   <div class='ocr_carea' id='block_1_31' title="bbox 198 1409 983 1448">
    <p class='ocr_par' dir='ltr' id='par_1_31' title="bbox 198 1409 983 1448">
     <span class='ocr_line' id='line_1_31' title="bbox 198 1409 983 1448; baseline -0.015 -1"><span class='ocrx_word' id='word_1_196' title='bbox 198 1418 252 1447; x_wconf 86' lang='lat' dir='ltr'><strong>Sed</strong></span> <span class='ocrx_word' id='word_1_197' title='bbox 268 1423 295 1446; x_wconf 92' lang='lat' dir='ltr'><strong>et</strong></span> <span class='ocrx_word' id='word_1_198' title='bbox 323 1417 368 1444; x_wconf 88' lang='lat' dir='ltr'><strong>his</strong></span> <span class='ocrx_word' id='word_1_199' title='bbox 383 1414 515 1448; x_wconf 80' lang='lat' dir='ltr'><strong>exceptis,</strong></span> <span class='ocrx_word' id='word_1_200' title='bbox 538 1420 572 1441; x_wconf 85' lang='lat' dir='ltr'><strong>ne</strong></span> <span class='ocrx_word' id='word_1_201' title='bbox 590 1416 698 1440; x_wconf 91' lang='lat' dir='ltr'><strong>nostras</strong></span> <span class='ocrx_word' id='word_1_202' title='bbox 715 1410 826 1446; x_wconf 86' lang='lat' dir='ltr'><strong>quidem</strong></span> <span class='ocrx_word' id='word_1_203' title='bbox 841 1409 983 1438; x_wconf 86' lang='lat' dir='ltr'><strong>calamita-</strong></span> 
     </span>
    </p>
   </div>
   <div class='ocr_carea' id='block_1_32' title="bbox 200 1455 983 1498">
    <p class='ocr_par' dir='ltr' id='par_1_32' title="bbox 200 1455 983 1498">
     <span class='ocr_line' id='line_1_32' title="bbox 200 1455 983 1498; baseline -0.015 -5"><span class='ocrx_word' id='word_1_204' title='bbox 200 1473 252 1498; x_wconf 88' lang='lat' dir='ltr'><strong>tes,</strong></span> <span class='ocrx_word' id='word_1_205' title='bbox 267 1472 362 1492; x_wconf 79' lang='lat' dir='ltr'><strong>eorum</strong></span> <span class='ocrx_word' id='word_1_206' title='bbox 391 1461 472 1489; x_wconf 84' lang='lat' dir='ltr'><strong>video</strong></span> <span class='ocrx_word' id='word_1_207' title='bbox 495 1463 703 1494; x_wconf 86' lang='lat' dir='ltr'><strong>exspectaturas</strong></span> <span class='ocrx_word' id='word_1_208' title='bbox 721 1456 865 1484; x_wconf 80' lang='lat' dir='ltr'><strong>auxilium.</strong></span> <span class='ocrx_word' id='word_1_209' title='bbox 890 1455 983 1488; x_wconf 86' lang='lat' dir='ltr'><strong>Quan-</strong></span> 
     </span>
    </p>
   </div>
   <div class='ocr_carea' id='block_1_33' title="bbox 197 1501 983 1548">
    <p class='ocr_par' dir='ltr' id='par_1_33' title="bbox 197 1501 983 1548">
     <span class='ocr_line' id='line_1_33' title="bbox 197 1501 983 1548; baseline -0.017 -8"><span class='ocrx_word' id='word_1_210' title='bbox 197 1520 281 1548; x_wconf 87' lang='lat' dir='ltr'><strong>quam</strong></span> <span class='ocrx_word' id='word_1_211' title='bbox 294 1511 366 1537; x_wconf 71' lang='lat' dir='ltr'><strong>vnim</strong></span> <span class='ocrx_word' id='word_1_212' title='bbox 383 1515 456 1536; x_wconf 89' lang='lat' dir='ltr'><strong>nunc</strong></span> <span class='ocrx_word' id='word_1_213' title='bbox 474 1507 535 1542; x_wconf 90' lang='lat' dir='ltr'><strong>ipso</strong></span> <span class='ocrx_word' id='word_1_214' title='bbox 547 1505 593 1533; x_wconf 88' lang='lat' dir='ltr'><strong>die</strong></span> <span class='ocrx_word' id='word_1_215' title='bbox 616 1505 721 1532; x_wconf 91' lang='lat' dir='ltr'><strong>electos</strong></span> <span class='ocrx_word' id='word_1_216' title='bbox 733 1503 836 1538; x_wconf 77' lang='lat' dir='ltr'><strong>legatos</strong></span> <span class='ocrx_word' id='word_1_217' title='bbox 847 1501 983 1536; x_wconf 88' lang='lat' dir='ltr'><strong>proticisci</strong></span> 
     </span>
    </p>
   </div>
   <div class='ocr_carea' id='block_1_34' title="bbox 1035 261 1818 298">
    <p class='ocr_par' dir='ltr' id='par_1_34' title="bbox 1035 261 1818 298">
     <span class='ocr_line' id='line_1_34' title="bbox 1035 261 1818 298; baseline 0.005 -12"><span class='ocrx_word' id='word_1_218' title='bbox 1035 268 1130 295; x_wconf 89' lang='grc' dir='ltr'>στερον</span> <span class='ocrx_word' id='word_1_219' title='bbox 1151 261 1340 296; x_wconf 78' lang='grc' dir='ltr'><strong>προσεχόντων</strong></span> <span class='ocrx_word' id='word_1_220' title='bbox 1360 263 1415 293; x_wconf 82' lang='grc' dir='ltr'>τοῖς</span> <span class='ocrx_word' id='word_1_221' title='bbox 1445 261 1609 296; x_wconf 81' lang='grc' dir='ltr'><strong>πράγμασιν</strong></span> <span class='ocrx_word' id='word_1_222' title='bbox 1625 262 1658 289; x_wconf 77' lang='grc' dir='ltr'>ἂν</span> <span class='ocrx_word' id='word_1_223' title='bbox 1677 263 1818 298; x_wconf 75' lang='grc' dir='ltr'><strong>εἰρημένα.</strong></span> 
     </span>
    </p>
   </div>
   <div class='ocr_carea' id='block_1_35' title="bbox 1033 306 1818 344">
    <p class='ocr_par' dir='ltr' id='par_1_35' title="bbox 1033 306 1818 344">
     <span class='ocr_line' id='line_1_35' title="bbox 1033 306 1818 344; baseline 0.005 -12"><span class='ocrx_word' id='word_1_224' title='bbox 1033 306 1115 339; x_wconf 86' lang='grc' dir='ltr'>Τίνας</span> <span class='ocrx_word' id='word_1_225' title='bbox 1128 307 1218 333; x_wconf 80' lang='grc' dir='ltr'><strong>τοίνυν</strong></span> <span class='ocrx_word' id='word_1_226' title='bbox 1230 307 1370 339; x_wconf 83' lang='grc' dir='ltr'><strong>τοιούτους</strong></span> <span class='ocrx_word' id='word_1_227' title='bbox 1383 308 1452 343; x_wconf 72' lang='grc' dir='ltr'>ὑπὲρ</span> <span class='ocrx_word' id='word_1_228' title='bbox 1464 308 1518 334; x_wconf 87' lang='grc' dir='ltr'><strong>τῶν</strong></span> <span class='ocrx_word' id='word_1_229' title='bbox 1534 309 1677 343; x_wconf 79' lang='grc' dir='ltr'><strong>ἡμετέρων</strong></span> <span class='ocrx_word' id='word_1_230' title='bbox 1692 311 1818 344; x_wconf 79' lang='grc' dir='ltr'>πραγμά-</span> 
     </span>
    </p>
   </div>
   <div class='ocr_carea' id='block_1_36' title="bbox 1032 353 1818 391">
    <p class='ocr_par' dir='ltr' id='par_1_36' title="bbox 1032 353 1818 391">
     <span class='ocr_line' id='line_1_36' title="bbox 1032 353 1818 391; baseline 0.003 -12"><span class='ocrx_word' id='word_1_231' title='bbox 1032 361 1087 380; x_wconf 85' lang='grc' dir='ltr'><strong>των</strong></span> <span class='ocrx_word' id='word_1_232' title='bbox 1102 353 1270 388; x_wconf 85' lang='grc' dir='ltr'>καλέσομεν;</span> <span class='ocrx_word' id='word_1_233' title='bbox 1296 355 1379 385; x_wconf 87' lang='grc' dir='ltr'>Τίνας</span> <span class='ocrx_word' id='word_1_234' title='bbox 1400 356 1511 382; x_wconf 84' lang='grc' dir='ltr'>πάντων</span> <span class='ocrx_word' id='word_1_235' title='bbox 1535 356 1552 391; x_wconf 79' lang='grc' dir='ltr'>ἢ</span> <span class='ocrx_word' id='word_1_236' title='bbox 1568 356 1623 383; x_wconf 84' lang='grc' dir='ltr'><strong>τῶν</strong></span> <span class='ocrx_word' id='word_1_237' title='bbox 1640 364 1672 390; x_wconf 83' lang='grc' dir='ltr'><strong>γε</strong></span> <span class='ocrx_word' id='word_1_238' title='bbox 1689 356 1818 383; x_wconf 81' lang='grc' dir='ltr'><strong>πλείστων</strong></span> 
     </span>
    </p>
   </div>
   <div class='ocr_carea' id='block_1_37' title="bbox 1033 399 1818 437">
    <p class='ocr_par' dir='ltr' id='par_1_37' title="bbox 1033 399 1818 437">
     <span class='ocr_line' id='line_1_37' title="bbox 1033 399 1818 437; baseline 0.004 -12"><span class='ocrx_word' id='word_1_239' title='bbox 1033 399 1114 426; x_wconf 71' lang='grc' dir='ltr'>ἕνεκα</span> <span class='ocrx_word' id='word_1_240' title='bbox 1126 399 1275 434; x_wconf 71' lang='grc' dir='ltr'>νομιοῦμεν</span> <span class='ocrx_word' id='word_1_241' title='bbox 1287 399 1436 435; x_wconf 80' lang='grc' dir='ltr'><strong>ἀξιόχρεως</strong></span> <span class='ocrx_word' id='word_1_242' title='bbox 1451 401 1656 436; x_wconf 83' lang='grc' dir='ltr'>ἀνταγωνιστάς</span> <span class='ocrx_word' id='word_1_243' title='bbox 1669 410 1677 435; x_wconf 85' lang='grc'>;</span> <span class='ocrx_word' id='word_1_244' title='bbox 1697 401 1756 428; x_wconf 77' lang='grc' dir='ltr'>Τίσι</span> <span class='ocrx_word' id='word_1_245' title='bbox 1767 401 1818 437; x_wconf 79' lang='grc' dir='ltr'><strong>χρὴ</strong></span> 
     </span>
    </p>
   </div>
   <div class='ocr_carea' id='block_1_38' title="bbox 1033 444 1818 482">
    <p class='ocr_par' dir='ltr' id='par_1_38' title="bbox 1033 444 1818 482">
     <span class='ocr_line' id='line_1_38' title="bbox 1033 444 1818 482; baseline 0.003 -11"><span class='ocrx_word' id='word_1_246' title='bbox 1033 444 1203 480; x_wconf 77' lang='grc' dir='ltr'>θαρροῦντας</span> <span class='ocrx_word' id='word_1_247' title='bbox 1218 446 1292 481; x_wconf 81' lang='grc' dir='ltr'>ἡμᾶς</span> <span class='ocrx_word' id='word_1_248' title='bbox 1317 446 1415 478; x_wconf 76' lang='grc' dir='ltr'>αὐτοὺς</span> <span class='ocrx_word' id='word_1_249' title='bbox 1431 447 1613 482; x_wconf 78' lang='grc' dir='ltr'>ὲγχειρίζειν;</span> <span class='ocrx_word' id='word_1_250' title='bbox 1629 448 1660 474; x_wconf 84' lang='grc' dir='ltr'><strong>Εἰ</strong></span> <span class='ocrx_word' id='word_1_251' title='bbox 1674 447 1728 482; x_wconf 73' lang='grc' dir='ltr'><strong>γὰρ</strong></span> <span class='ocrx_word' id='word_1_252' title='bbox 1738 448 1818 482; x_wconf 82' lang='grc' dir='ltr'><strong>ὴμεῖς</strong></span> 
     </span>
    </p>
   </div>
   <div class='ocr_carea' id='block_1_39' title="bbox 1033 491 1818 528">
    <p class='ocr_par' dir='ltr' id='par_1_39' title="bbox 1033 491 1818 528">
     <span class='ocr_line' id='line_1_39' title="bbox 1033 491 1818 528; baseline 0 -10"><span class='ocrx_word' id='word_1_253' title='bbox 1033 491 1126 524; x_wconf 81' lang='grc' dir='ltr'>ἁπλῶς</span> <span class='ocrx_word' id='word_1_254' title='bbox 1135 491 1203 527; x_wconf 81' lang='grc' dir='ltr'>πρὸς</span> <span class='ocrx_word' id='word_1_255' title='bbox 1213 493 1262 524; x_wconf 79' lang='grc' dir='ltr'><strong>τὰς</strong></span> <span class='ocrx_word' id='word_1_256' title='bbox 1269 494 1411 528; x_wconf 77' lang='grc' dir='ltr'>συμφορὰς</span> <span class='ocrx_word' id='word_1_257' title='bbox 1424 493 1647 527; x_wconf 79' lang='grc' dir='ltr'><strong>καταπλαγέντες</strong></span> <span class='ocrx_word' id='word_1_258' title='bbox 1660 493 1818 528; x_wconf 67' lang='grc' dir='ltr'>ἐξέστημεν,</span> 
     </span>
    </p>
   </div>
   <div class='ocr_carea' id='block_1_40' title="bbox 1033 536 1819 574">
    <p class='ocr_par' dir='ltr' id='par_1_40' title="bbox 1033 536 1819 574">
     <span class='ocr_line' id='line_1_40' title="bbox 1033 536 1819 574; baseline 0.003 -12"><span class='ocrx_word' id='word_1_259' title='bbox 1033 536 1142 568; x_wconf 81' lang='grc' dir='ltr'>πάντως</span> <span class='ocrx_word' id='word_1_260' title='bbox 1162 536 1272 572; x_wconf 77' lang='grc' dir='ltr'>ἑτέρους</span> <span class='ocrx_word' id='word_1_261' title='bbox 1300 539 1314 564; x_wconf 82' lang='grc' dir='ltr'>ὁ</span> <span class='ocrx_word' id='word_1_262' title='bbox 1341 538 1436 573; x_wconf 84' lang='grc' dir='ltr'>καιρὸς</span> <span class='ocrx_word' id='word_1_263' title='bbox 1454 538 1610 574; x_wconf 83' lang='grc' dir='ltr'>περιμένει,</span> <span class='ocrx_word' id='word_1_264' title='bbox 1631 538 1678 565; x_wconf 76' lang='grc' dir='ltr'>καὶ</span> <span class='ocrx_word' id='word_1_265' title='bbox 1701 539 1743 570; x_wconf 81' lang='grc' dir='ltr'><strong>εἰς</strong></span> <span class='ocrx_word' id='word_1_266' title='bbox 1771 539 1819 572; x_wconf 78' lang='grc' dir='ltr'><strong>τὴν</strong></span> 
     </span>
    </p>
   </div>
   <div class='ocr_carea' id='block_1_41' title="bbox 1034 583 1819 618">
    <p class='ocr_par' dir='ltr' id='par_1_41' title="bbox 1034 583 1819 618">
     <span class='ocr_line' id='line_1_41' title="bbox 1034 583 1819 618; baseline 0.003 -9"><span class='ocrx_word' id='word_1_267' title='bbox 1034 583 1099 617; x_wconf 77' lang='grc' dir='ltr'>ἡμῖν</span> <span class='ocrx_word' id='word_1_268' title='bbox 1127 584 1321 618; x_wconf 68' lang='grc' dir='ltr'>προσήκουσαν</span> <span class='ocrx_word' id='word_1_269' title='bbox 1340 584 1418 617; x_wconf 78' lang='grc' dir='ltr'>τάξιν</span> <span class='ocrx_word' id='word_1_270' title='bbox 1443 585 1533 612; x_wconf 80' lang='grc' dir='ltr'>καλεῖ.</span> <span class='ocrx_word' id='word_1_271' title='bbox 1562 584 1671 614; x_wconf 78' lang='grc' dir='ltr'><strong>Σκύθας</strong></span> <span class='ocrx_word' id='word_1_272' title='bbox 1689 593 1730 616; x_wconf 71' lang='grc' dir='ltr'><strong>¹τις</strong></span> <span class='ocrx_word' id='word_1_273' title='bbox 1757 585 1819 616; x_wconf 75' lang='grc' dir='ltr'>ἴσως</span> 
     </span>
    </p>
   </div>
   <div class='ocr_carea' id='block_1_42' title="bbox 1033 628 1819 666">
    <p class='ocr_par' dir='ltr' id='par_1_42' title="bbox 1033 628 1819 666">
     <span class='ocr_line' id='line_1_42' title="bbox 1033 628 1819 666; baseline 0.004 -12"><span class='ocrx_word' id='word_1_274' title='bbox 1033 628 1102 664; x_wconf 72' lang='grc' dir='ltr'>ἐρεῖ,</span> <span class='ocrx_word' id='word_1_275' title='bbox 1119 629 1182 660; x_wconf 78' lang='grc' dir='ltr'>τοὺς</span> <span class='ocrx_word' id='word_1_276' title='bbox 1194 629 1284 656; x_wconf 81' lang='grc' dir='ltr'>οὐκέτ’</span> <span class='ocrx_word' id='word_1_277' title='bbox 1298 629 1389 663; x_wconf 75' lang='grc' dir='ltr'>ὄντας,</span> <span class='ocrx_word' id='word_1_278' title='bbox 1406 630 1455 657; x_wconf 68' lang='grc' dir='ltr'>καὶ</span> <span class='ocrx_word' id='word_1_279' title='bbox 1469 631 1534 661; x_wconf 68' lang='grc' dir='ltr'>τοὺς</span> <span class='ocrx_word' id='word_1_280' title='bbox 1556 629 1606 665; x_wconf 80' lang='grc' dir='ltr'><strong>οὐχ</strong></span> <span class='ocrx_word' id='word_1_281' title='bbox 1621 628 1712 666; x_wconf 84' lang='grc' dir='ltr'>ἦττον,</span> <span class='ocrx_word' id='word_1_282' title='bbox 1738 631 1762 656; x_wconf 79' lang='grc' dir='ltr'><strong>εί</strong></span> <span class='ocrx_word' id='word_1_283' title='bbox 1778 630 1819 657; x_wconf 69' lang='grc' dir='ltr'><strong>δύ·</strong></span> 
     </span>
    </p>
   </div>
   <div class='ocr_carea' id='block_1_43' title="bbox 1034 675 1821 713">
    <p class='ocr_par' dir='ltr' id='par_1_43' title="bbox 1034 675 1821 713">
     <span class='ocr_line' id='line_1_43' title="bbox 1034 675 1821 713; baseline 0.001 -11"><span class='ocrx_word' id='word_1_284' title='bbox 1034 684 1136 708; x_wconf 80' lang='grc' dir='ltr'>ναιντο,</span> <span class='ocrx_word' id='word_1_285' title='bbox 1155 676 1192 711; x_wconf 87' lang='grc' dir='ltr'>μὴ</span> <span class='ocrx_word' id='word_1_286' title='bbox 1210 675 1441 712; x_wconf 85' lang='grc' dir='ltr'>βουλησομένους,</span> <span class='ocrx_word' id='word_1_287' title='bbox 1466 676 1483 712; x_wconf 81' lang='grc' dir='ltr'><strong>ἢ</strong></span> <span class='ocrx_word' id='word_1_288' title='bbox 1506 677 1543 713; x_wconf 87' lang='grc' dir='ltr'>μὴ</span> <span class='ocrx_word' id='word_1_289' title='bbox 1572 677 1782 712; x_wconf 58' lang='grc' dir='ltr'>δινησομένους,</span> <span class='ocrx_word' id='word_1_290' title='bbox 1797 678 1821 704; x_wconf 85' lang='grc' dir='ltr'><strong>εί</strong></span> 
     </span>
    </p>
   </div>
   <div class='ocr_carea' id='block_1_44' title="bbox 1035 719 1822 758">
    <p class='ocr_par' dir='ltr' id='par_1_44' title="bbox 1035 719 1822 758">
     <span class='ocr_line' id='line_1_44' title="bbox 1035 719 1822 758; baseline 0.003 -10"><span class='ocrx_word' id='word_1_291' title='bbox 1035 721 1182 757; x_wconf 85' lang='grc' dir='ltr'>βούλοιντο,</span> <span class='ocrx_word' id='word_1_292' title='bbox 1196 722 1245 749; x_wconf 83' lang='grc' dir='ltr'>καὶ</span> <span class='ocrx_word' id='word_1_293' title='bbox 1259 719 1300 754; x_wconf 72' lang='grc' dir='ltr'>οἷς</span> <span class='ocrx_word' id='word_1_294' title='bbox 1316 723 1364 758; x_wconf 87' lang='grc' dir='ltr'>τῆς</span> <span class='ocrx_word' id='word_1_295' title='bbox 1378 722 1505 758; x_wconf 75' lang='grc' dir='ltr'><strong>βοηθείας</strong></span> <span class='ocrx_word' id='word_1_296' title='bbox 1522 723 1629 758; x_wconf 75' lang='grc' dir='ltr'>μισθὸν,</span> <span class='ocrx_word' id='word_1_297' title='bbox 1645 723 1699 750; x_wconf 76' lang='grc' dir='ltr'>οὐδ’</span> <span class='ocrx_word' id='word_1_298' title='bbox 1713 723 1747 750; x_wconf 77' lang='grc' dir='ltr'>ἄν</span> <span class='ocrx_word' id='word_1_299' title='bbox 1761 724 1822 753; x_wconf 74' lang='grc' dir='ltr'>τοὺς</span> 
     </span>
    </p>
   </div>
   <div class='ocr_carea' id='block_1_45' title="bbox 1035 768 1820 805">
    <p class='ocr_par' dir='ltr' id='par_1_45' title="bbox 1035 768 1820 805">
     <span class='ocr_line' id='line_1_45' title="bbox 1035 768 1820 805; baseline 0.001 -10"><span class='ocrx_word' id='word_1_300' title='bbox 1035 769 1100 803; x_wconf 83' lang='grc' dir='ltr'>παρ’</span> <span class='ocrx_word' id='word_1_301' title='bbox 1118 769 1184 803; x_wconf 79' lang='grc' dir='ltr'>ἡμῖν</span> <span class='ocrx_word' id='word_1_302' title='bbox 1201 768 1290 801; x_wconf 82' lang='grc' dir='ltr'><strong>λίθους</strong></span> <span class='ocrx_word' id='word_1_303' title='bbox 1306 769 1557 805; x_wconf 80' lang='grc' dir='ltr'>ὲξαργυρισθέντας</span> <span class='ocrx_word' id='word_1_304' title='bbox 1570 770 1686 805; x_wconf 80' lang='grc' dir='ltr'>ἀρκέσαι</span> <span class='ocrx_word' id='word_1_305' title='bbox 1702 770 1820 805; x_wconf 56' lang='lat' dir='ltr'><strong>vagitu;</strong></span> 
     </span>
    </p>
   </div>
   <div class='ocr_carea' id='block_1_46' title="bbox 1041 813 1823 851">
    <p class='ocr_par' dir='ltr' id='par_1_46' title="bbox 1041 813 1823 851">
     <span class='ocr_line' id='line_1_46' title="bbox 1041 813 1823 851; baseline 0.003 -11"><span class='ocrx_word' id='word_1_306' title='bbox 1041 813 1113 840; x_wconf 77' lang='grc' dir='ltr'>Ἀλλ’</span> <span class='ocrx_word' id='word_1_307' title='bbox 1125 814 1177 840; x_wconf 84' lang='grc' dir='ltr'><strong>ὑπὸ</strong></span> <span class='ocrx_word' id='word_1_308' title='bbox 1193 815 1296 841; x_wconf 81' lang='grc' dir='ltr'>τούτων</span> <span class='ocrx_word' id='word_1_309' title='bbox 1321 814 1430 850; x_wconf 88' lang='grc' dir='ltr'>πρῶτον</span> <span class='ocrx_word' id='word_1_310' title='bbox 1447 814 1541 842; x_wconf 82' lang='grc' dir='ltr'>ἀκούω</span> <span class='ocrx_word' id='word_1_311' title='bbox 1568 816 1618 850; x_wconf 85' lang='grc' dir='ltr'>τὴν</span> <span class='ocrx_word' id='word_1_312' title='bbox 1632 816 1726 851; x_wconf 74' lang='grc' dir='ltr'>χώραν</span> <span class='ocrx_word' id='word_1_313' title='bbox 1745 816 1823 850; x_wconf 79' lang='grc' dir='ltr'>ἡμῶν</span> 
     </span>
    </p>
   </div>
   <div class='ocr_carea' id='block_1_47' title="bbox 1036 858 1823 895">
    <p class='ocr_par' dir='ltr' id='par_1_47' title="bbox 1036 858 1823 895">
     <span class='ocr_line' id='line_1_47' title="bbox 1036 858 1823 895; baseline 0.004 -11"><span class='ocrx_word' id='word_1_314' title='bbox 1036 858 1187 885; x_wconf 73' lang='grc' dir='ltr'>ἀνάστατον</span> <span class='ocrx_word' id='word_1_315' title='bbox 1207 859 1382 893; x_wconf 79' lang='grc' dir='ltr'>γεγενῆσθαι.</span> <span class='ocrx_word' id='word_1_316' title='bbox 1398 860 1431 887; x_wconf 78' lang='grc' dir='ltr'><strong>Δί</strong></span> <span class='ocrx_word' id='word_1_317' title='bbox 1444 861 1498 894; x_wconf 81' lang='grc' dir='ltr'><strong>γὰρ</strong></span> <span class='ocrx_word' id='word_1_318' title='bbox 1511 859 1566 886; x_wconf 87' lang='grc' dir='ltr'><strong>τῶν</strong></span> <span class='ocrx_word' id='word_1_319' title='bbox 1578 861 1643 895; x_wconf 75' lang='grc' dir='ltr'>παρ’</span> <span class='ocrx_word' id='word_1_320' title='bbox 1658 860 1752 892; x_wconf 70' lang='grc' dir='ltr'>αὐτοῖς</span> <span class='ocrx_word' id='word_1_321' title='bbox 1774 869 1823 895; x_wconf 80' lang='grc' dir='ltr'>μυ-</span> 
     </span>
    </p>
   </div>
   <div class='ocr_carea' id='block_1_48' title="bbox 1035 903 1824 941">
    <p class='ocr_par' dir='ltr' id='par_1_48' title="bbox 1035 903 1824 941">
     <span class='ocr_line' id='line_1_48' title="bbox 1035 903 1824 941; baseline 0.004 -11"><span class='ocrx_word' id='word_1_322' title='bbox 1035 903 1157 939; x_wconf 88' lang='grc' dir='ltr'>ριάρχων</span> <span class='ocrx_word' id='word_1_323' title='bbox 1173 904 1235 931; x_wconf 78' lang='grc' dir='ltr'>καθ’</span> <span class='ocrx_word' id='word_1_324' title='bbox 1261 904 1379 932; x_wconf 73' lang='grc' dir='ltr'>ἕκαστον</span> <span class='ocrx_word' id='word_1_325' title='bbox 1401 905 1460 937; x_wconf 77' lang='grc' dir='ltr'>ἔτος</span> <span class='ocrx_word' id='word_1_326' title='bbox 1478 905 1602 941; x_wconf 71' lang='grc' dir='ltr'>ἐμϐολαὶ,</span> <span class='ocrx_word' id='word_1_327' title='bbox 1623 906 1761 941; x_wconf 85' lang='grc' dir='ltr'>σωμάτων</span> <span class='ocrx_word' id='word_1_328' title='bbox 1776 907 1824 937; x_wconf 83' lang='grc' dir='ltr'><strong>τὰς</strong></span> 
     </span>
    </p>
   </div>
   <div class='ocr_carea' id='block_1_49' title="bbox 1034 948 1822 987">
    <p class='ocr_par' dir='ltr' id='par_1_49' title="bbox 1034 948 1822 987">
     <span class='ocr_line' id='line_1_49' title="bbox 1034 948 1822 987; baseline 0.004 -11"><span class='ocrx_word' id='word_1_329' title='bbox 1034 949 1125 980; x_wconf 51' lang='lat' dir='ltr'><strong>nomen;</strong></span> <span class='ocrx_word' id='word_1_330' title='bbox 1141 948 1306 982; x_wconf 83' lang='grc' dir='ltr'>κενώσασαι,</span> <span class='ocrx_word' id='word_1_331' title='bbox 1323 951 1371 977; x_wconf 83' lang='grc' dir='ltr'>καὶ</span> <span class='ocrx_word' id='word_1_332' title='bbox 1395 951 1445 985; x_wconf 78' lang='grc' dir='ltr'>τὴν</span> <span class='ocrx_word' id='word_1_333' title='bbox 1463 951 1576 978; x_wconf 84' lang='grc' dir='ltr'><strong>Σκυθῶν</strong></span> <span class='ocrx_word' id='word_1_334' title='bbox 1591 952 1708 987; x_wconf 72' lang='grc' dir='ltr'>ἐρημίαν</span> <span class='ocrx_word' id='word_1_335' title='bbox 1726 950 1822 984; x_wconf 69' lang='grc' dir='ltr'>αὐταῖς</span> 
     </span>
    </p>
   </div>
   <div class='ocr_carea' id='block_1_50' title="bbox 1034 993 1824 1031">
    <p class='ocr_par' dir='ltr' id='par_1_50' title="bbox 1034 993 1824 1031">
     <span class='ocr_line' id='line_1_50' title="bbox 1034 993 1824 1031; baseline 0.005 -11"><span class='ocrx_word' id='word_1_336' title='bbox 1034 993 1208 1029; x_wconf 78' lang='grc' dir='ltr'>περιθεῖσαι,</span> <span class='ocrx_word' id='word_1_337' title='bbox 1234 995 1404 1030; x_wconf 83' lang='grc' dir='ltr'>παρέσχοντο</span> <span class='ocrx_word' id='word_1_338' title='bbox 1419 998 1476 1027; x_wconf 80' lang='grc' dir='ltr'>τοῖς</span> <span class='ocrx_word' id='word_1_339' title='bbox 1500 996 1632 1031; x_wconf 85' lang='grc' dir='ltr'>Τούρκοι;</span> <span class='ocrx_word' id='word_1_340' title='bbox 1647 997 1742 1024; x_wconf 79' lang='grc' dir='ltr'>ἄδειαν</span> <span class='ocrx_word' id='word_1_341' title='bbox 1769 999 1824 1029; x_wconf 80' lang='grc' dir='ltr'>τοῖς</span> 
     </span>
    </p>
   </div>
   <div class='ocr_carea' id='block_1_51' title="bbox 1035 1041 1825 1078">
    <p class='ocr_par' dir='ltr' id='par_1_51' title="bbox 1035 1041 1825 1078">
     <span class='ocr_line' id='line_1_51' title="bbox 1035 1041 1825 1078; baseline 0.004 -10"><span class='ocrx_word' id='word_1_342' title='bbox 1035 1041 1148 1068; x_wconf 73' lang='grc' dir='ltr'>ἐκείνων</span> <span class='ocrx_word' id='word_1_343' title='bbox 1171 1041 1308 1076; x_wconf 79' lang='grc' dir='ltr'><strong>λειψάνοις</strong></span> <span class='ocrx_word' id='word_1_344' title='bbox 1330 1042 1503 1074; x_wconf 77' lang='grc' dir='ltr'>ἐπεξελθεῖν·</span> <span class='ocrx_word' id='word_1_345' title='bbox 1526 1043 1622 1078; x_wconf 77' lang='grc' dir='ltr'>ὥσπερ</span> <span class='ocrx_word' id='word_1_346' title='bbox 1638 1043 1768 1078; x_wconf 80' lang='grc' dir='ltr'>σώματος</span> <span class='ocrx_word' id='word_1_347' title='bbox 1784 1053 1825 1071; x_wconf 82' lang='grc' dir='ltr'>τε-</span> 
     </span>
    </p>
   </div>
   <div class='ocr_carea' id='block_1_52' title="bbox 1034 1086 1821 1125">
    <p class='ocr_par' dir='ltr' id='par_1_52' title="bbox 1034 1086 1821 1125">
     <span class='ocr_line' id='line_1_52' title="bbox 1034 1086 1821 1125; baseline 0.005 -11"><span class='ocrx_word' id='word_1_348' title='bbox 1034 1086 1144 1120; x_wconf 79' lang='grc' dir='ltr'>λευτῆς,</span> <span class='ocrx_word' id='word_1_349' title='bbox 1169 1086 1296 1122; x_wconf 87' lang='grc' dir='ltr'>πυρετῶν</span> <span class='ocrx_word' id='word_1_350' title='bbox 1325 1088 1482 1124; x_wconf 86' lang='grc' dir='ltr'>μεγάλωνῆ</span> <span class='ocrx_word' id='word_1_351' title='bbox 1509 1089 1594 1124; x_wconf 80' lang='grc' dir='ltr'>φθόης</span> <span class='ocrx_word' id='word_1_352' title='bbox 1625 1091 1821 1125; x_wconf 76' lang='grc' dir='ltr'>ἡγησαμένων.</span> 
     </span>
    </p>
   </div>
   <div class='ocr_carea' id='block_1_53' title="bbox 1038 1132 1825 1169">
    <p class='ocr_par' dir='ltr' id='par_1_53' title="bbox 1038 1132 1825 1169">
     <span class='ocr_line' id='line_1_53' title="bbox 1038 1132 1825 1169; baseline 0.006 -10"><span class='ocrx_word' id='word_1_353' title='bbox 1038 1132 1142 1164; x_wconf 76' lang='grc' dir='ltr'>Ἄλλως</span> <span class='ocrx_word' id='word_1_354' title='bbox 1159 1141 1188 1159; x_wconf 89' lang='grc' dir='ltr'><strong>τε</strong></span> <span class='ocrx_word' id='word_1_355' title='bbox 1203 1133 1243 1165; x_wconf 78' lang='grc' dir='ltr'><strong>τίς</strong></span> <span class='ocrx_word' id='word_1_356' title='bbox 1258 1133 1273 1160; x_wconf 84' lang='grc' dir='ltr'><strong>ό</strong></span> <span class='ocrx_word' id='word_1_357' title='bbox 1289 1133 1440 1166; x_wconf 78' lang='grc' dir='ltr'>διαλλάξων</span> <span class='ocrx_word' id='word_1_358' title='bbox 1459 1135 1569 1168; x_wconf 77' lang='grc' dir='ltr'>αὐτοὺς,</span> <span class='ocrx_word' id='word_1_359' title='bbox 1591 1136 1638 1163; x_wconf 82' lang='grc' dir='ltr'>καὶ</span> <span class='ocrx_word' id='word_1_360' title='bbox 1653 1137 1770 1169; x_wconf 79' lang='grc' dir='ltr'>πείσων,</span> <span class='ocrx_word' id='word_1_361' title='bbox 1788 1135 1825 1164; x_wconf 86' lang='grc' dir='ltr'><strong>ὤν</strong></span> 
     </span>
    </p>
   </div>
   <div class='ocr_carea' id='block_1_54' title="bbox 1034 1179 1824 1219">
    <p class='ocr_par' dir='ltr' id='par_1_54' title="bbox 1034 1179 1824 1219">
     <span class='ocr_line' id='line_1_54' title="bbox 1034 1179 1824 1219; baseline 0.005 -13"><span class='ocrx_word' id='word_1_362' title='bbox 1034 1179 1165 1214; x_wconf 85' lang='grc' dir='ltr'>ἀλλήλους</span> <span class='ocrx_word' id='word_1_363' title='bbox 1195 1179 1357 1212; x_wconf 80' lang='grc' dir='ltr'>κακίζουσιν</span> <span class='ocrx_word' id='word_1_364' title='bbox 1388 1181 1622 1216; x_wconf 78' lang='grc' dir='ltr'>ἐπιλαθομένους,</span> <span class='ocrx_word' id='word_1_365' title='bbox 1654 1183 1728 1218; x_wconf 77' lang='grc' dir='ltr'>ὑπὲρ</span> <span class='ocrx_word' id='word_1_366' title='bbox 1747 1185 1824 1219; x_wconf 82' lang='grc' dir='ltr'>ἡμῶν</span> 
     </span>
    </p>
   </div>
   <div class='ocr_carea' id='block_1_55' title="bbox 1036 1225 1825 1262">
    <p class='ocr_par' dir='ltr' id='par_1_55' title="bbox 1036 1225 1825 1262">
     <span class='ocr_line' id='line_1_55' title="bbox 1036 1225 1825 1262; baseline 0.008 -11"><span class='ocrx_word' id='word_1_367' title='bbox 1036 1225 1211 1257; x_wconf 83' lang='grc' dir='ltr'>συνελθόντας</span> <span class='ocrx_word' id='word_1_368' title='bbox 1240 1225 1439 1261; x_wconf 80' lang='grc' dir='ltr'>βουλεύεσθαι;</span> <span class='ocrx_word' id='word_1_369' title='bbox 1464 1228 1500 1254; x_wconf 84' lang='grc' dir='ltr'><strong>Ἦ</strong></span> <span class='ocrx_word' id='word_1_370' title='bbox 1515 1228 1606 1255; x_wconf 80' lang='grc' dir='ltr'>τοίνυν</span> <span class='ocrx_word' id='word_1_371' title='bbox 1632 1231 1825 1262; x_wconf 74' lang='grc' dir='ltr'>στασιάζοντες</span> 
     </span>
    </p>
   </div>
   <div class='ocr_carea' id='block_1_56' title="bbox 1034 1270 1824 1310">
    <p class='ocr_par' dir='ltr' id='par_1_56' title="bbox 1034 1270 1824 1310">
     <span class='ocr_line' id='line_1_56' title="bbox 1034 1270 1824 1310; baseline 0.006 -13"><span class='ocrx_word' id='word_1_372' title='bbox 1034 1270 1090 1298; x_wconf 72' lang='grc' dir='ltr'>οὐδ’</span> <span class='ocrx_word' id='word_1_373' title='bbox 1105 1271 1196 1303; x_wconf 76' lang='grc' dir='ltr'>αὐτοῖς</span> <span class='ocrx_word' id='word_1_374' title='bbox 1217 1271 1311 1304; x_wconf 71' lang='grc' dir='ltr'>ἕξουσι</span> <span class='ocrx_word' id='word_1_375' title='bbox 1331 1272 1452 1308; x_wconf 81' lang='grc' dir='ltr'>βοηθεῖν,</span> <span class='ocrx_word' id='word_1_376' title='bbox 1476 1274 1492 1308; x_wconf 83' lang='grc' dir='ltr'>ἢ</span> <span class='ocrx_word' id='word_1_377' title='bbox 1509 1274 1575 1310; x_wconf 74' lang='grc' dir='ltr'>πρὶν</span> <span class='ocrx_word' id='word_1_378' title='bbox 1600 1275 1734 1310; x_wconf 75' lang='grc' dir='ltr'>καθαρῶς</span> <span class='ocrx_word' id='word_1_379' title='bbox 1761 1277 1824 1309; x_wconf 77' lang='grc' dir='ltr'>ὁμο-</span> 
     </span>
    </p>
   </div>
   <div class='ocr_carea' id='block_1_57' title="bbox 1034 1317 1825 1356">
    <p class='ocr_par' dir='ltr' id='par_1_57' title="bbox 1034 1317 1825 1356">
     <span class='ocr_line' id='line_1_57' title="bbox 1034 1317 1825 1356; baseline 0.004 -13"><span class='ocrx_word' id='word_1_380' title='bbox 1034 1317 1141 1351; x_wconf 78' lang='grc' dir='ltr'>νοῆσαι,</span> <span class='ocrx_word' id='word_1_381' title='bbox 1154 1317 1196 1351; x_wconf 80' lang='grc' dir='ltr'><strong>ὲφ¹</strong></span> <span class='ocrx_word' id='word_1_382' title='bbox 1210 1318 1287 1352; x_wconf 74' lang='grc' dir='ltr'>ἡμᾶς</span> <span class='ocrx_word' id='word_1_383' title='bbox 1295 1318 1393 1350; x_wconf 82' lang='grc' dir='ltr'>αὐτοὺς</span> <span class='ocrx_word' id='word_1_384' title='bbox 1409 1319 1486 1353; x_wconf 66' lang='grc' dir='ltr'>ἥξειν</span> <span class='ocrx_word' id='word_1_385' title='bbox 1497 1321 1550 1354; x_wconf 85' lang='grc' dir='ltr'><strong>χρὴ</strong></span> <span class='ocrx_word' id='word_1_386' title='bbox 1564 1321 1728 1356; x_wconf 83' lang='grc' dir='ltr'>προσδοκᾷν.</span> <span class='ocrx_word' id='word_1_387' title='bbox 1738 1321 1825 1356; x_wconf 68' lang='grc' dir='ltr'>Χωρὶς</span> 
     </span>
    </p>
   </div>
   <div class='ocr_carea' id='block_1_58' title="bbox 1034 1364 1827 1403">
    <p class='ocr_par' dir='ltr' id='par_1_58' title="bbox 1034 1364 1827 1403">
     <span class='ocr_line' id='line_1_58' title="bbox 1034 1364 1827 1403; baseline 0.005 -13"><span class='ocrx_word' id='word_1_388' title='bbox 1034 1364 1063 1390; x_wconf 81' lang='grc' dir='ltr'>δὲ</span> <span class='ocrx_word' id='word_1_389' title='bbox 1080 1364 1184 1391; x_wconf 80' lang='grc' dir='ltr'>τούτων</span> <span class='ocrx_word' id='word_1_390' title='bbox 1209 1364 1270 1391; x_wconf 73' lang='grc' dir='ltr'>οὐδὲ</span> <span class='ocrx_word' id='word_1_391' title='bbox 1286 1365 1336 1395; x_wconf 77' lang='grc' dir='ltr'><strong>τὰς</strong></span> <span class='ocrx_word' id='word_1_392' title='bbox 1361 1365 1499 1400; x_wconf 74' lang='grc' dir='ltr'>ἡμετέρας</span> <span class='ocrx_word' id='word_1_393' title='bbox 1519 1367 1665 1401; x_wconf 73' lang='grc' dir='ltr'>συμφοράς</span> <span class='ocrx_word' id='word_1_394' title='bbox 1688 1367 1741 1403; x_wconf 85' lang='grc' dir='ltr'>τὴν</span> <span class='ocrx_word' id='word_1_395' title='bbox 1765 1368 1827 1403; x_wconf 79' lang='grc' dir='ltr'>παρ’</span> 
     </span>
    </p>
   </div>
   <div class='ocr_carea' id='block_1_59' title="bbox 1036 1411 1824 1451">
    <p class='ocr_par' dir='ltr' id='par_1_59' title="bbox 1036 1411 1824 1451">
     <span class='ocr_line' id='line_1_59' title="bbox 1036 1411 1824 1451; baseline 0.005 -14"><span class='ocrx_word' id='word_1_396' title='bbox 1036 1411 1149 1438; x_wconf 74' lang='grc' dir='ltr'>ἐκείνων</span> <span class='ocrx_word' id='word_1_397' title='bbox 1163 1411 1290 1446; x_wconf 81' lang='grc' dir='ltr'>βοήθειαν</span> <span class='ocrx_word' id='word_1_398' title='bbox 1319 1411 1508 1445; x_wconf 84' lang='grc' dir='ltr'>ἀναμενούσας</span> <span class='ocrx_word' id='word_1_399' title='bbox 1527 1414 1592 1448; x_wconf 83' lang='grc' dir='ltr'>ὁρῶ.</span> <span class='ocrx_word' id='word_1_400' title='bbox 1612 1413 1643 1440; x_wconf 79' lang='grc' dir='ltr'><strong>Εἰ</strong></span> <span class='ocrx_word' id='word_1_401' title='bbox 1659 1415 1714 1449; x_wconf 86' lang='grc' dir='ltr'><strong>γάρ</strong></span> <span class='ocrx_word' id='word_1_402' title='bbox 1739 1415 1824 1451; x_wconf 74' lang='grc' dir='ltr'>αὐθη-</span> 
     </span>
    </p>
   </div>
   <div class='ocr_carea' id='block_1_60' title="bbox 1038 1457 1824 1496">
    <p class='ocr_par' dir='ltr' id='par_1_60' title="bbox 1038 1457 1824 1496">
     <span class='ocr_line' id='line_1_60' title="bbox 1038 1457 1824 1496; baseline 0.005 -13"><span class='ocrx_word' id='word_1_403' title='bbox 1038 1458 1123 1492; x_wconf 61' lang='grc' dir='ltr'>μερὸν</span> <span class='ocrx_word' id='word_1_404' title='bbox 1138 1457 1203 1489; x_wconf 81' lang='grc' dir='ltr'>τοὺς</span> <span class='ocrx_word' id='word_1_405' title='bbox 1226 1457 1357 1492; x_wconf 76' lang='grc' dir='ltr'>πρέσϐεις</span> <span class='ocrx_word' id='word_1_406' title='bbox 1376 1459 1615 1493; x_wconf 78' lang='grc' dir='ltr'>χειροτονήσαντες</span> <span class='ocrx_word' id='word_1_407' title='bbox 1630 1460 1824 1496; x_wconf 77' lang='grc' dir='ltr'>ἀναγκάζομεν</span> 
     </span>
    </p>
   </div>
   <div class='ocr_carea' id='block_1_61' title="bbox 1036 1503 1828 1542">
    <p class='ocr_par' dir='ltr' id='par_1_61' title="bbox 1036 1503 1828 1542">
     <span class='ocr_line' id='line_1_61' title="bbox 1036 1503 1828 1542; baseline 0.005 -12"><span class='ocrx_word' id='word_1_408' title='bbox 1036 1503 1149 1536; x_wconf 78' lang='grc' dir='ltr'>ἐξιέναι,</span> <span class='ocrx_word' id='word_1_409' title='bbox 1175 1503 1253 1538; x_wconf 87' lang='grc' dir='ltr'>μόλις</span> <span class='ocrx_word' id='word_1_410' title='bbox 1277 1503 1318 1535; x_wconf 79' lang='grc' dir='ltr'><strong>είς</strong></span> <span class='ocrx_word' id='word_1_411' title='bbox 1330 1504 1443 1531; x_wconf 78' lang='grc' dir='ltr'>τούπιὸν</span> <span class='ocrx_word' id='word_1_412' title='bbox 1463 1504 1523 1536; x_wconf 73' lang='grc' dir='ltr'>ἔτος</span> <span class='ocrx_word' id='word_1_413' title='bbox 1536 1505 1674 1540; x_wconf 80' lang='grc' dir='ltr'>ἀρξόμεθα</span> <span class='ocrx_word' id='word_1_414' title='bbox 1695 1507 1748 1540; x_wconf 81' lang='grc' dir='ltr'>τὴν</span> <span class='ocrx_word' id='word_1_415' title='bbox 1762 1516 1828 1542; x_wconf 71' lang='grc' dir='ltr'>συμο</span> 
     </span>
    </p>
   </div>
   <div class='ocr_carea' id='block_1_62' title="bbox 195 1547 987 1592">
    <p class='ocr_par' dir='ltr' id='par_1_62' title="bbox 195 1547 985 1592">
     <span class='ocr_line' id='line_1_62' title="bbox 195 1547 985 1592; baseline -0.016 -7"><span class='ocrx_word' id='word_1_416' title='bbox 195 1547 402 1592; x_wconf 73' lang='lat' dir='ltr'><strong>coiiipellinius.</strong></span> <span class='ocrx_word' id='word_1_417' title='bbox 424 1553 470 1580; x_wconf 82' lang='lat' dir='ltr'><strong>vix</strong></span> <span class='ocrx_word' id='word_1_418' title='bbox 488 1558 560 1578; x_wconf 87' lang='lat' dir='ltr'><strong>anno</strong></span> <span class='ocrx_word' id='word_1_419' title='bbox 584 1548 710 1585; x_wconf 83' lang='lat' dir='ltr'><strong>sequenti</strong></span> <span class='ocrx_word' id='word_1_420' title='bbox 733 1547 871 1582; x_wconf 87' lang='lat' dir='ltr'><strong>incepturi</strong></span> <span class='ocrx_word' id='word_1_421' title='bbox 890 1553 985 1573; x_wconf 90' lang='lat' dir='ltr'><strong>sumus</strong></span> 
     </span>
    </p>
   </div>
   <div class='ocr_carea' id='block_1_63' title="bbox 1039 1547 1828 1592">
    <p class='ocr_par' dir='ltr' id='par_1_63' title="bbox 1041 1549 1828 1589">
     <span class='ocr_line' id='line_1_63' title="bbox 1041 1549 1828 1589; baseline 0.005 -13"><span class='ocrx_word' id='word_1_422' title='bbox 1041 1549 1141 1585; x_wconf 81' lang='grc' dir='ltr'>μαχίαν</span> <span class='ocrx_word' id='word_1_423' title='bbox 1165 1549 1297 1582; x_wconf 70' lang='grc' dir='ltr'>ἐλπίζειν.</span> <span class='ocrx_word' id='word_1_424' title='bbox 1317 1550 1398 1585; x_wconf 83' lang='grc' dir='ltr'>Ἡμῖν</span> <span class='ocrx_word' id='word_1_425' title='bbox 1413 1551 1435 1578; x_wconf 86' lang='grc' dir='ltr'>δ’</span> <span class='ocrx_word' id='word_1_426' title='bbox 1457 1551 1490 1578; x_wconf 79' lang='grc' dir='ltr'>ἂν</span> <span class='ocrx_word' id='word_1_427' title='bbox 1511 1551 1550 1587; x_wconf 81' lang='grc' dir='ltr'>μὴ</span> <span class='ocrx_word' id='word_1_428' title='bbox 1568 1551 1664 1578; x_wconf 80' lang='grc' dir='ltr'>τούτου</span> <span class='ocrx_word' id='word_1_429' title='bbox 1685 1553 1734 1579; x_wconf 81' lang='grc' dir='ltr'><strong>τοῦ</strong></span> <span class='ocrx_word' id='word_1_430' title='bbox 1751 1563 1828 1589; x_wconf 83' lang='grc' dir='ltr'>μετο-</span> 
     </span>
    </p>
   </div>
   <div class='ocr_carea' id='block_1_64' title="bbox 196 1593 987 1639">
    <p class='ocr_par' dir='ltr' id='par_1_64' title="bbox 196 1593 987 1639">
     <span class='ocr_line' id='line_1_64' title="bbox 196 1593 987 1639; baseline -0.019 -7"><span class='ocrx_word' id='word_1_431' title='bbox 196 1607 360 1639; x_wconf 71' lang='lat' dir='ltr'><strong>exspectare</strong></span> <span class='ocrx_word' id='word_1_432' title='bbox 385 1598 531 1627; x_wconf 77' lang='lat' dir='ltr'><strong>auxilium.</strong></span> <span class='ocrx_word' id='word_1_433' title='bbox 554 1597 602 1623; x_wconf 88' lang='lat' dir='ltr'><strong>Sin</strong></span> <span class='ocrx_word' id='word_1_434' title='bbox 627 1599 718 1622; x_wconf 90' lang='lat' dir='ltr'><strong>autem</strong></span> <span class='ocrx_word' id='word_1_435' title='bbox 738 1594 810 1622; x_wconf 91' lang='lat' dir='ltr'><strong>Deus</strong></span> <span class='ocrx_word' id='word_1_436' title='bbox 837 1593 922 1619; x_wconf 89' lang='lat' dir='ltr'><strong>hocce</strong></span> <span class='ocrx_word' id='word_1_437' title='bbox 938 1599 987 1618; x_wconf 87' lang='lat' dir='ltr'><strong>au-</strong></span> 
     </span>
    </p>
   </div>
   <div class='ocr_carea' id='block_1_65' title="bbox 203 1639 988 1678">
    <p class='ocr_par' dir='ltr' id='par_1_65' title="bbox 203 1639 988 1678">
     <span class='ocr_line' id='line_1_65' title="bbox 203 1639 988 1678; baseline -0.019 0"><span class='ocrx_word' id='word_1_438' title='bbox 203 1657 298 1678; x_wconf 87' lang='lat' dir='ltr'><strong>tumno</strong></span> <span class='ocrx_word' id='word_1_439' title='bbox 313 1646 444 1675; x_wconf 80' lang='lat' dir='ltr'><strong>auxilium</strong></span> <span class='ocrx_word' id='word_1_440' title='bbox 460 1651 515 1672; x_wconf 89' lang='lat' dir='ltr'><strong>non</strong></span> <span class='ocrx_word' id='word_1_441' title='bbox 528 1643 628 1675; x_wconf 85' lang='lat' dir='ltr'><strong>mittat,</strong></span> <span class='ocrx_word' id='word_1_442' title='bbox 642 1641 719 1669; x_wconf 90' lang='lat' dir='ltr'><strong>scitis</strong></span> <span class='ocrx_word' id='word_1_443' title='bbox 730 1647 825 1668; x_wconf 87' lang='lat' dir='ltr'><strong>omnes</strong></span> <span class='ocrx_word' id='word_1_444' title='bbox 841 1639 868 1665; x_wconf 93' lang='lat' dir='ltr'><strong>in</strong></span> <span class='ocrx_word' id='word_1_445' title='bbox 880 1642 988 1673; x_wconf 76' lang='lat' dir='ltr'><strong>quantas</strong></span> 
     </span>
    </p>
   </div>
   <div class='ocr_carea' id='block_1_66' title="bbox 200 1684 987 1731">
    <p class='ocr_par' dir='ltr' id='par_1_66' title="bbox 200 1684 987 1731">
     <span class='ocr_line' id='line_1_66' title="bbox 200 1684 987 1731; baseline -0.018 -6"><span class='ocrx_word' id='word_1_446' title='bbox 200 1694 371 1731; x_wconf 82' lang='lat' dir='ltr'><strong>tempestatis</strong></span> <span class='ocrx_word' id='word_1_447' title='bbox 390 1691 534 1727; x_wconf 66' lang='lat' dir='ltr'><strong>prooinctu</strong></span> <span class='ocrx_word' id='word_1_448' title='bbox 556 1690 653 1717; x_wconf 88' lang='lat' dir='ltr'><strong>simus.</strong></span> <span class='ocrx_word' id='word_1_449' title='bbox 667 1688 769 1718; x_wconf 80' lang='lat' dir='ltr'><strong>Taceo,</strong></span> <span class='ocrx_word' id='word_1_450' title='bbox 785 1685 858 1721; x_wconf 93' lang='lat' dir='ltr'><strong>quod</strong></span> <span class='ocrx_word' id='word_1_451' title='bbox 877 1690 927 1712; x_wconf 81' lang='lat' dir='ltr'><strong>nec</strong></span> <span class='ocrx_word' id='word_1_452' title='bbox 948 1684 987 1711; x_wconf 92' lang='lat' dir='ltr'><strong>illi</strong></span> 
     </span>
    </p>
   </div>
   <div class='ocr_carea' id='block_1_67' title="bbox 196 1731 986 1778">
    <p class='ocr_par' dir='ltr' id='par_1_67' title="bbox 196 1731 986 1778">
     <span class='ocr_line' id='line_1_67' title="bbox 196 1731 986 1778; baseline -0.018 -7"><span class='ocrx_word' id='word_1_453' title='bbox 196 1750 319 1778; x_wconf 79' lang='lat' dir='ltr'><strong>unquam</strong></span> <span class='ocrx_word' id='word_1_454' title='bbox 337 1738 489 1768; x_wconf 79' lang='lat' dir='ltr'><strong>adducendi</strong></span> <span class='ocrx_word' id='word_1_455' title='bbox 505 1740 581 1769; x_wconf 87' lang='lat' dir='ltr'><strong>sunt,</strong></span> <span class='ocrx_word' id='word_1_456' title='bbox 593 1739 623 1763; x_wconf 93' lang='lat' dir='ltr'><strong>ut</strong></span> <span class='ocrx_word' id='word_1_457' title='bbox 636 1734 721 1762; x_wconf 87' lang='lat' dir='ltr'><strong>velint</strong></span> <span class='ocrx_word' id='word_1_458' title='bbox 735 1733 761 1760; x_wconf 89' lang='lat' dir='ltr'><strong>in</strong></span> <span class='ocrx_word' id='word_1_459' title='bbox 774 1733 878 1760; x_wconf 90' lang='lat' dir='ltr'><strong>Turcos</strong></span> <span class='ocrx_word' id='word_1_460' title='bbox 887 1731 986 1759; x_wconf 89' lang='lat' dir='ltr'><strong>bellum</strong></span> 
     </span>
    </p>
   </div>
   <div class='ocr_carea' id='block_1_68' title="bbox 199 1778 989 1824">
    <p class='ocr_par' dir='ltr' id='par_1_68' title="bbox 199 1778 989 1824">
     <span class='ocr_line' id='line_1_68' title="bbox 199 1778 989 1824; baseline -0.019 -6"><span class='ocrx_word' id='word_1_461' title='bbox 199 1790 341 1824; x_wconf 83' lang='lat' dir='ltr'><strong>suscipere</strong></span> <span class='ocrx_word' id='word_1_462' title='bbox 354 1808 361 1820; x_wconf 94' lang='lat'><strong>,</strong></span> <span class='ocrx_word' id='word_1_463' title='bbox 374 1785 500 1814; x_wconf 84' lang='lat' dir='ltr'><strong>homines</strong></span> <span class='ocrx_word' id='word_1_464' title='bbox 517 1782 605 1818; x_wconf 79' lang='lat' dir='ltr'><strong>impii,</strong></span> <span class='ocrx_word' id='word_1_465' title='bbox 622 1781 730 1816; x_wconf 90' lang='lat' dir='ltr'><strong>piorum</strong></span> <span class='ocrx_word' id='word_1_466' title='bbox 748 1786 843 1812; x_wconf 84' lang='lat' dir='ltr'><strong>causa,</strong></span> <span class='ocrx_word' id='word_1_467' title='bbox 857 1778 989 1805; x_wconf 83' lang='lat' dir='ltr'><strong>adversus</strong></span> 
     </span>
    </p>
   </div>
   <div class='ocr_carea' id='block_1_69' title="bbox 198 1826 814 1870">
    <p class='ocr_par' dir='ltr' id='par_1_69' title="bbox 198 1826 814 1870">
     <span class='ocr_line' id='line_1_69' title="bbox 198 1826 814 1870; baseline -0.023 -6"><span class='ocrx_word' id='word_1_468' title='bbox 198 1844 248 1864; x_wconf 87' lang='lat' dir='ltr'><strong>eos</strong></span> <span class='ocrx_word' id='word_1_469' title='bbox 262 1835 363 1870; x_wconf 87' lang='lat' dir='ltr'><strong>quibus</strong></span> <span class='ocrx_word' id='word_1_470' title='bbox 383 1832 453 1859; x_wconf 68' lang='lat' dir='ltr'><strong>mala</strong></span> <span class='ocrx_word' id='word_1_471' title='bbox 466 1829 561 1857; x_wconf 87' lang='lat' dir='ltr'><strong>eadem</strong></span> <span class='ocrx_word' id='word_1_472' title='bbox 578 1826 734 1855; x_wconf 85' lang='lat' dir='ltr'><strong>communia</strong></span> <span class='ocrx_word' id='word_1_473' title='bbox 750 1826 814 1852; x_wconf 89' lang='lat' dir='ltr'><strong>sint.</strong></span> 
     </span>
    </p>
   </div>
   <div class='ocr_carea' id='block_1_70' title="bbox 236 1869 989 1909">
    <p class='ocr_par' dir='ltr' id='par_1_70' title="bbox 236 1869 989 1909">
     <span class='ocr_line' id='line_1_70' title="bbox 236 1869 989 1909; baseline -0.017 0"><span class='ocrx_word' id='word_1_474' title='bbox 236 1869 382 1909; x_wconf 78' lang='lat' dir='ltr'><strong>Enimvero</strong></span> <span class='ocrx_word' id='word_1_475' title='bbox 402 1878 476 1904; x_wconf 86' lang='lat' dir='ltr'><strong>dicat</strong></span> <span class='ocrx_word' id='word_1_476' title='bbox 492 1875 605 1902; x_wconf 81' lang='lat' dir='ltr'><strong>forsitan</strong></span> <span class='ocrx_word' id='word_1_477' title='bbox 621 1872 710 1900; x_wconf 89' lang='lat' dir='ltr'><strong>obiter</strong></span> <span class='ocrx_word' id='word_1_478' title='bbox 734 1870 870 1906; x_wconf 89' lang='lat' dir='ltr'><strong>quispiam</strong></span> <span class='ocrx_word' id='word_1_479' title='bbox 885 1869 989 1903; x_wconf 88' lang='lat' dir='ltr'><strong>:Quid-</strong></span> 
     </span>
    </p>
   </div>
   <div class='ocr_carea' id='block_1_71' title="bbox 201 1916 990 1960">
    <p class='ocr_par' dir='ltr' id='par_1_71' title="bbox 201 1916 990 1960">
     <span class='ocr_line' id='line_1_71' title="bbox 201 1916 990 1960; baseline -0.018 -4"><span class='ocrx_word' id='word_1_480' title='bbox 201 1936 266 1956; x_wconf 83' lang='lat' dir='ltr'><strong>nam</strong></span> <span class='ocrx_word' id='word_1_481' title='bbox 283 1927 309 1954; x_wconf 91' lang='lat' dir='ltr'><strong>iu</strong></span> <span class='ocrx_word' id='word_1_482' title='bbox 326 1924 407 1960; x_wconf 85' lang='lat' dir='ltr'><strong>Mysis</strong></span> <span class='ocrx_word' id='word_1_483' title='bbox 424 1930 456 1950; x_wconf 88' lang='lat' dir='ltr'><strong>ac</strong></span> <span class='ocrx_word' id='word_1_484' title='bbox 472 1919 591 1948; x_wconf 77' lang='lat' dir='ltr'><strong>Tribulis</strong></span> <span class='ocrx_word' id='word_1_485' title='bbox 604 1917 711 1946; x_wconf 83' lang='lat' dir='ltr'><strong>causari</strong></span> <span class='ocrx_word' id='word_1_486' title='bbox 727 1916 840 1948; x_wconf 87' lang='lat' dir='ltr'><strong>habeas,</strong></span> <span class='ocrx_word' id='word_1_487' title='bbox 852 1916 990 1943; x_wconf 83' lang='lat' dir='ltr'><strong>similibus</strong></span> 
     </span>
    </p>
   </div>
   <div class='ocr_carea' id='block_1_72' title="bbox 203 1962 992 2002">
    <p class='ocr_par' dir='ltr' id='par_1_72' title="bbox 203 1962 992 2002">
     <span class='ocr_line' id='line_1_72' title="bbox 203 1962 992 2002; baseline -0.018 0"><span class='ocrx_word' id='word_1_488' title='bbox 203 1974 285 2002; x_wconf 82' lang='lat' dir='ltr'><strong>nobis</strong></span> <span class='ocrx_word' id='word_1_489' title='bbox 310 1969 481 2000; x_wconf 82' lang='lat' dir='ltr'><strong>hominibus,</strong></span> <span class='ocrx_word' id='word_1_490' title='bbox 497 1973 529 1994; x_wconf 89' lang='lat' dir='ltr'><strong>ac</strong></span> <span class='ocrx_word' id='word_1_491' title='bbox 553 1965 609 1993; x_wconf 86' lang='lat' dir='ltr'><strong>Deo</strong></span> <span class='ocrx_word' id='word_1_492' title='bbox 635 1963 764 1996; x_wconf 82' lang='lat' dir='ltr'><strong>addictis,</strong></span> <span class='ocrx_word' id='word_1_493' title='bbox 789 1962 892 1998; x_wconf 89' lang='lat' dir='ltr'><strong>quique</strong></span> <span class='ocrx_word' id='word_1_494' title='bbox 921 1962 992 1989; x_wconf 84' lang='lat' dir='ltr'><strong>ntul-</strong></span> 
     </span>
    </p>
   </div>
   <div class='ocr_carea' id='block_1_73' title="bbox 198 2009 989 2049">
    <p class='ocr_par' dir='ltr' id='par_1_73' title="bbox 198 2009 989 2049">
     <span class='ocr_line' id='line_1_73' title="bbox 198 2009 989 2049; baseline -0.016 -1"><span class='ocrx_word' id='word_1_495' title='bbox 198 2027 230 2049; x_wconf 84' lang='lat' dir='ltr'><strong>-ta</strong></span> <span class='ocrx_word' id='word_1_496' title='bbox 244 2019 388 2046; x_wconf 89' lang='lat' dir='ltr'><strong>nobiscum</strong></span> <span class='ocrx_word' id='word_1_497' title='bbox 405 2015 498 2042; x_wconf 89' lang='lat' dir='ltr'><strong>multis</strong></span> <span class='ocrx_word' id='word_1_498' title='bbox 514 2010 707 2040; x_wconf 86' lang='lat' dir='ltr'><strong>occasionibus</strong></span> <span class='ocrx_word' id='word_1_499' title='bbox 716 2009 824 2046; x_wconf 72' lang='lat' dir='ltr'><strong>negotia</strong></span> <span class='ocrx_word' id='word_1_500' title='bbox 844 2009 989 2044; x_wconf 71' lang='lat' dir='ltr'><strong>gesserint,</strong></span> 
     </span>
    </p>
   </div>
   <div class='ocr_carea' id='block_1_74' title="bbox 204 2055 992 2098">
    <p class='ocr_par' dir='ltr' id='par_1_74' title="bbox 204 2055 992 2098">
     <span class='ocr_line' id='line_1_74' title="bbox 204 2055 992 2098; baseline -0.016 -4"><span class='ocrx_word' id='word_1_501' title='bbox 204 2074 257 2094; x_wconf 89' lang='lat' dir='ltr'><strong>nec</strong></span> <span class='ocrx_word' id='word_1_502' title='bbox 277 2065 332 2093; x_wconf 91' lang='lat' dir='ltr'><strong>sint</strong></span> <span class='ocrx_word' id='word_1_503' title='bbox 351 2061 448 2098; x_wconf 88' lang='lat' dir='ltr'><strong>procul</strong></span> <span class='ocrx_word' id='word_1_504' title='bbox 465 2059 565 2091; x_wconf 83' lang='lat' dir='ltr'><strong>dissiti,</strong></span> <span class='ocrx_word' id='word_1_505' title='bbox 581 2063 611 2086; x_wconf 93' lang='lat' dir='ltr'><strong>ut</strong></span> <span class='ocrx_word' id='word_1_506' title='bbox 639 2056 755 2085; x_wconf 89' lang='lat' dir='ltr'><strong>tnnltum</strong></span> <span class='ocrx_word' id='word_1_507' title='bbox 770 2055 866 2090; x_wconf 73' lang='lat' dir='ltr'><strong>legatis</strong></span> <span class='ocrx_word' id='word_1_508' title='bbox 884 2060 992 2090; x_wconf 88' lang='lat' dir='ltr'><strong>tempus</strong></span> 
     </span>
    </p>
   </div>
   <div class='ocr_carea' id='block_1_75' title="bbox 204 2102 991 2145">
    <p class='ocr_par' dir='ltr' id='par_1_75' title="bbox 204 2102 991 2145">
     <span class='ocr_line' id='line_1_75' title="bbox 204 2102 991 2145; baseline -0.017 -4"><span class='ocrx_word' id='word_1_509' title='bbox 204 2113 309 2141; x_wconf 88' lang='lat' dir='ltr'><strong>mutuis</strong></span> <span class='ocrx_word' id='word_1_510' title='bbox 328 2106 555 2145; x_wconf 83' lang='lat' dir='ltr'><strong>responsionibus</strong></span> <span class='ocrx_word' id='word_1_511' title='bbox 580 2103 773 2133; x_wconf 88' lang='lat' dir='ltr'><strong>insumendum</strong></span> <span class='ocrx_word' id='word_1_512' title='bbox 789 2102 843 2131; x_wconf 77' lang='lat' dir='ltr'><strong>sit?</strong></span> <span class='ocrx_word' id='word_1_513' title='bbox 860 2102 991 2138; x_wconf 85' lang='lat' dir='ltr'><strong>Equidem</strong></span> 
     </span>
    </p>
   </div>
   <div class='ocr_carea' id='block_1_76' title="bbox 205 2147 993 2190">
    <p class='ocr_par' dir='ltr' id='par_1_76' title="bbox 205 2147 993 2190">
     <span class='ocr_line' id='line_1_76' title="bbox 205 2147 993 2190; baseline -0.016 -3"><span class='ocrx_word' id='word_1_514' title='bbox 205 2159 275 2187; x_wconf 84' lang='lat' dir='ltr'><strong>nihil</strong></span> <span class='ocrx_word' id='word_1_515' title='bbox 290 2162 386 2185; x_wconf 91' lang='lat' dir='ltr'><strong>contra</strong></span> <span class='ocrx_word' id='word_1_516' title='bbox 409 2159 588 2190; x_wconf 87' lang='lat' dir='ltr'><strong>opponerem,</strong></span> <span class='ocrx_word' id='word_1_517' title='bbox 615 2157 758 2185; x_wconf 75' lang='lat' dir='ltr'><strong>essentque</strong></span> <span class='ocrx_word' id='word_1_518' title='bbox 783 2148 872 2176; x_wconf 80' lang='lat' dir='ltr'><strong>libens</strong></span> <span class='ocrx_word' id='word_1_519' title='bbox 891 2152 919 2176; x_wconf 86' lang='lat' dir='ltr'><strong>et</strong></span> <span class='ocrx_word' id='word_1_520' title='bbox 934 2147 993 2182; x_wconf 85' lang='lat' dir='ltr'><strong>ipse</strong></span> 
     </span>
    </p>
   </div>
   <div class='ocr_carea' id='block_1_77' title="bbox 205 2191 992 2234">
    <p class='ocr_par' dir='ltr' id='par_1_77' title="bbox 205 2191 992 2234">
     <span class='ocr_line' id='line_1_77' title="bbox 205 2191 992 2234; baseline -0.017 -2"><span class='ocrx_word' id='word_1_521' title='bbox 205 2211 377 2234; x_wconf 85' lang='lat' dir='ltr'><strong>assensurus,</strong></span> <span class='ocrx_word' id='word_1_522' title='bbox 396 2205 424 2228; x_wconf 87' lang='lat' dir='ltr'><strong>ut</strong></span> <span class='ocrx_word' id='word_1_523' title='bbox 439 2199 516 2231; x_wconf 89' lang='lat' dir='ltr'><strong>viris,</strong></span> <span class='ocrx_word' id='word_1_524' title='bbox 539 2205 590 2225; x_wconf 85' lang='lat' dir='ltr'><strong>una</strong></span> <span class='ocrx_word' id='word_1_525' title='bbox 609 2203 671 2223; x_wconf 86' lang='lat' dir='ltr'><strong>cum</strong></span> <span class='ocrx_word' id='word_1_526' title='bbox 687 2195 801 2230; x_wconf 86' lang='lat' dir='ltr'><strong>pietate,</strong></span> <span class='ocrx_word' id='word_1_527' title='bbox 820 2201 852 2222; x_wconf 92' lang='lat' dir='ltr'><strong>ac</strong></span> <span class='ocrx_word' id='word_1_528' title='bbox 870 2200 904 2221; x_wconf 87' lang='lat' dir='ltr'><strong>en</strong></span> <span class='ocrx_word' id='word_1_529' title='bbox 919 2191 992 2227; x_wconf 90' lang='lat' dir='ltr'><strong>quod</strong></span> 
     </span>
    </p>
   </div>
   <div class='ocr_carea' id='block_1_78' title="bbox 207 2228 1031 2279">
    <p class='ocr_par' dir='ltr' id='par_1_78' title="bbox 207 2228 1031 2279">
     <span class='ocr_line' id='line_1_78' title="bbox 207 2228 1031 2279; baseline -0.018 0"><span class='ocrx_word' id='word_1_530' title='bbox 207 2255 288 2278; x_wconf 86' lang='lat' dir='ltr'><strong>notos</strong></span> <span class='ocrx_word' id='word_1_531' title='bbox 316 2228 475 2276; x_wconf 75' lang='lat' dir='ltr'><strong>habeamus,</strong></span> <span class='ocrx_word' id='word_1_532' title='bbox 490 2244 596 2279; x_wconf 83' lang='lat' dir='ltr'><strong>reliqua</strong></span> <span class='ocrx_word' id='word_1_533' title='bbox 622 2228 809 2277; x_wconf 75' lang='lat' dir='ltr'><strong>suppeterent,</strong></span> <span class='ocrx_word' id='word_1_534' title='bbox 822 2247 883 2275; x_wconf 70' lang='lat' dir='ltr'><strong>qua:</strong></span> <span class='ocrx_word' id='word_1_535' title='bbox 904 2238 937 2266; x_wconf 92' lang='lat' dir='ltr'><strong>iis</strong></span> <span class='ocrx_word' id='word_1_536' title='bbox 952 2239 989 2265; x_wconf 79' lang='lat' dir='ltr'><strong>in-</strong></span> <span class='ocrx_word' id='word_1_537' title='bbox 1008 2228 1031 2257; x_wconf 83' lang='grc' dir='ltr'><strong>Ῑ)</strong></span> 
     </span>
    </p>
   </div>
   <div class='ocr_carea' id='block_1_79' title="bbox 207 2283 992 2328">
    <p class='ocr_par' dir='ltr' id='par_1_79' title="bbox 207 2283 992 2328">
     <span class='ocr_line' id='line_1_79' title="bbox 207 2283 992 2328; baseline -0.018 -4"><span class='ocrx_word' id='word_1_538' title='bbox 207 2298 273 2328; x_wconf 79' lang='lat' dir='ltr'><strong>sint.</strong></span> <span class='ocrx_word' id='word_1_539' title='bbox 290 2295 408 2322; x_wconf 78' lang='lat' dir='ltr'><strong>diximus</strong></span> <span class='ocrx_word' id='word_1_540' title='bbox 429 2295 567 2328; x_wconf 88' lang='lat' dir='ltr'><strong>oportere,</strong></span> <span class='ocrx_word' id='word_1_541' title='bbox 583 2289 630 2322; x_wconf 85' lang='lat' dir='ltr'><strong>qui</strong></span> <span class='ocrx_word' id='word_1_542' title='bbox 667 2296 715 2323; x_wconf 83' lang='lat' dir='ltr'><strong>pro</strong></span> <span class='ocrx_word' id='word_1_543' title='bbox 740 2287 821 2314; x_wconf 87' lang='lat' dir='ltr'><strong>nobis</strong></span> <span class='ocrx_word' id='word_1_544' title='bbox 847 2283 992 2320; x_wconf 78' lang='lat' dir='ltr'><strong>pugnaturi</strong></span> 
     </span>
    </p>
   </div>
   <div class='ocr_carea' id='block_1_80' title="bbox 207 2332 991 2375">
    <p class='ocr_par' dir='ltr' id='par_1_80' title="bbox 207 2332 991 2375">
     <span class='ocr_line' id='line_1_80' title="bbox 207 2332 991 2375; baseline -0.018 -4"><span class='ocrx_word' id='word_1_545' title='bbox 207 2347 282 2372; x_wconf 83' lang='lat' dir='ltr'><strong>sunt.</strong></span> <span class='ocrx_word' id='word_1_546' title='bbox 296 2341 367 2369; x_wconf 83' lang='lat' dir='ltr'><strong>Sane</strong></span> <span class='ocrx_word' id='word_1_547' title='bbox 391 2339 503 2375; x_wconf 90' lang='lat' dir='ltr'><strong>quidem</strong></span> <span class='ocrx_word' id='word_1_548' title='bbox 529 2338 590 2373; x_wconf 88' lang='lat' dir='ltr'><strong>pios</strong></span> <span class='ocrx_word' id='word_1_549' title='bbox 613 2339 722 2371; x_wconf 87' lang='lat' dir='ltr'><strong>oportet</strong></span> <span class='ocrx_word' id='word_1_550' title='bbox 752 2341 783 2361; x_wconf 79' lang='lat' dir='ltr'><strong>ac</strong></span> <span class='ocrx_word' id='word_1_551' title='bbox 810 2332 904 2359; x_wconf 80' lang='lat' dir='ltr'><strong>fideles</strong></span> <span class='ocrx_word' id='word_1_552' title='bbox 920 2337 991 2363; x_wconf 86' lang='lat' dir='ltr'><strong>esse,</strong></span> 
     </span>
    </p>
   </div>
   <div class='ocr_carea' id='block_1_81' title="bbox 207 2377 992 2425">
    <p class='ocr_par' dir='ltr' id='par_1_81' title="bbox 207 2377 992 2425">
     <span class='ocr_line' id='line_1_81' title="bbox 207 2377 992 2425; baseline -0.018 -9"><span class='ocrx_word' id='word_1_553' title='bbox 207 2391 255 2425; x_wconf 92' lang='lat' dir='ltr'><strong>qui</strong></span> <span class='ocrx_word' id='word_1_554' title='bbox 275 2388 376 2415; x_wconf 89' lang='lat' dir='ltr'><strong>bellum</strong></span> <span class='ocrx_word' id='word_1_555' title='bbox 404 2384 504 2413; x_wconf 78' lang='lat' dir='ltr'><strong>sociale</strong></span> <span class='ocrx_word' id='word_1_556' title='bbox 523 2382 618 2410; x_wconf 89' lang='lat' dir='ltr'><strong>inituri</strong></span> <span class='ocrx_word' id='word_1_557' title='bbox 641 2385 723 2412; x_wconf 85' lang='lat' dir='ltr'><strong>sunt,</strong></span> <span class='ocrx_word' id='word_1_558' title='bbox 748 2385 830 2414; x_wconf 89' lang='lat' dir='ltr'><strong>quam</strong></span> <span class='ocrx_word' id='word_1_559' title='bbox 846 2382 876 2405; x_wconf 93' lang='lat' dir='ltr'><strong>ut</strong></span> <span class='ocrx_word' id='word_1_560' title='bbox 900 2377 992 2404; x_wconf 85' lang='lat' dir='ltr'><strong>dotem</strong></span> 
     </span>
    </p>
   </div>
   <div class='ocr_carea' id='block_1_82' title="bbox 207 2425 994 2469">
    <p class='ocr_par' dir='ltr' id='par_1_82' title="bbox 207 2425 994 2469">
     <span class='ocr_line' id='line_1_82' title="bbox 207 2425 994 2469; baseline -0.019 -6"><span class='ocrx_word' id='word_1_561' title='bbox 207 2435 338 2469; x_wconf 80' lang='lat' dir='ltr'><strong>excipias,</strong></span> <span class='ocrx_word' id='word_1_562' title='bbox 355 2433 443 2467; x_wconf 82' lang='lat' dir='ltr'><strong>majus</strong></span> <span class='ocrx_word' id='word_1_563' title='bbox 469 2431 502 2457; x_wconf 86' lang='lat' dir='ltr'><strong>ab</strong></span> <span class='ocrx_word' id='word_1_564' title='bbox 516 2429 556 2456; x_wconf 89' lang='lat' dir='ltr'><strong>eis</strong></span> <span class='ocrx_word' id='word_1_565' title='bbox 581 2428 711 2455; x_wconf 92' lang='lat' dir='ltr'><strong>damnum</strong></span> <span class='ocrx_word' id='word_1_566' title='bbox 733 2425 854 2453; x_wconf 85' lang='lat' dir='ltr'><strong>futurum</strong></span> <span class='ocrx_word' id='word_1_567' title='bbox 872 2430 994 2458; x_wconf 88' lang='lat' dir='ltr'><strong>pronun-</strong></span> 
     </span>
    </p>
   </div>
   <div class='ocr_carea' id='block_1_83' title="bbox 208 2470 994 2516">
    <p class='ocr_par' dir='ltr' id='par_1_83' title="bbox 208 2470 994 2516">
     <span class='ocr_line' id='line_1_83' title="bbox 208 2470 994 2516; baseline -0.019 -6"><span class='ocrx_word' id='word_1_568' title='bbox 208 2483 258 2513; x_wconf 89' lang='lat' dir='ltr'><strong>tio,</strong></span> <span class='ocrx_word' id='word_1_569' title='bbox 271 2488 353 2516; x_wconf 91' lang='lat' dir='ltr'><strong>quam</strong></span> <span class='ocrx_word' id='word_1_570' title='bbox 380 2479 402 2506; x_wconf 92' lang='lat' dir='ltr'><strong>si</strong></span> <span class='ocrx_word' id='word_1_571' title='bbox 428 2478 517 2513; x_wconf 86' lang='lat' dir='ltr'><strong>palam</strong></span> <span class='ocrx_word' id='word_1_572' title='bbox 549 2476 641 2502; x_wconf 75' lang='lat' dir='ltr'><strong>hostes</strong></span> <span class='ocrx_word' id='word_1_573' title='bbox 667 2471 830 2501; x_wconf 76' lang='lat' dir='ltr'><strong>exstiterint.</strong></span> <span class='ocrx_word' id='word_1_574' title='bbox 844 2470 916 2498; x_wconf 86' lang='lat' dir='ltr'><strong>Satis</strong></span> <span class='ocrx_word' id='word_1_575' title='bbox 928 2476 994 2496; x_wconf 85' lang='lat' dir='ltr'><strong>vero</strong></span> 
     </span>
    </p>
   </div>
   <div class='ocr_carea' id='block_1_84' title="bbox 206 2518 993 2558">
    <p class='ocr_par' dir='ltr' id='par_1_84' title="bbox 206 2518 993 2558">
     <span class='ocr_line' id='line_1_84' title="bbox 206 2518 993 2558; baseline -0.019 0"><span class='ocrx_word' id='word_1_576' title='bbox 206 2537 268 2557; x_wconf 85' lang='lat' dir='ltr'><strong>esse</strong></span> <span class='ocrx_word' id='word_1_577' title='bbox 280 2529 408 2555; x_wconf 86' lang='lat' dir='ltr'><strong>virtutem</strong></span> <span class='ocrx_word' id='word_1_578' title='bbox 425 2525 458 2552; x_wconf 84' lang='lat' dir='ltr'><strong>ad</strong></span> <span class='ocrx_word' id='word_1_579' title='bbox 484 2523 592 2558; x_wconf 76' lang='lat' dir='ltr'><strong>negotia</strong></span> <span class='ocrx_word' id='word_1_580' title='bbox 618 2520 766 2556; x_wconf 89' lang='lat' dir='ltr'><strong>proposita,</strong></span> <span class='ocrx_word' id='word_1_581' title='bbox 782 2518 854 2546; x_wconf 89' lang='lat' dir='ltr'><strong>haud</strong></span> <span class='ocrx_word' id='word_1_582' title='bbox 874 2524 993 2552; x_wconf 90' lang='lat' dir='ltr'><strong>unquam</strong></span> 
     </span>
    </p>
   </div>
   <div class='ocr_carea' id='block_1_85' title="bbox 208 2562 994 2607">
    <p class='ocr_par' dir='ltr' id='par_1_85' title="bbox 208 2562 994 2607">
     <span class='ocr_line' id='line_1_85' title="bbox 208 2562 994 2607; baseline -0.017 -5"><span class='ocrx_word' id='word_1_583' title='bbox 208 2576 310 2607; x_wconf 82' lang='lat' dir='ltr'><strong>dicam,</strong></span> <span class='ocrx_word' id='word_1_584' title='bbox 327 2571 380 2599; x_wconf 88' lang='lat' dir='ltr'><strong>nisi</strong></span> <span class='ocrx_word' id='word_1_585' title='bbox 403 2570 464 2605; x_wconf 84' lang='lat' dir='ltr'><strong>quis</strong></span> <span class='ocrx_word' id='word_1_586' title='bbox 488 2569 542 2596; x_wconf 88' lang='lat' dir='ltr'><strong>Deo</strong></span> <span class='ocrx_word' id='word_1_587' title='bbox 556 2567 736 2595; x_wconf 86' lang='lat' dir='ltr'><strong>constitutum</strong></span> <span class='ocrx_word' id='word_1_588' title='bbox 752 2564 828 2595; x_wconf 86' lang='lat' dir='ltr'><strong>velit,</strong></span> <span class='ocrx_word' id='word_1_589' title='bbox 845 2562 994 2590; x_wconf 86' lang='lat' dir='ltr'><strong>utiusolita</strong></span> 
     </span>
    </p>
   </div>
   <div class='ocr_carea' id='block_1_86' title="bbox 208 2609 994 2649">
    <p class='ocr_par' dir='ltr' id='par_1_86' title="bbox 208 2609 994 2649">
     <span class='ocr_line' id='line_1_86' title="bbox 208 2609 994 2649; baseline -0.018 -2"><span class='ocrx_word' id='word_1_590' title='bbox 208 2627 259 2646; x_wconf 88' lang='lat' dir='ltr'><strong>nos</strong></span> <span class='ocrx_word' id='word_1_591' title='bbox 275 2618 381 2645; x_wconf 87' lang='lat' dir='ltr'><strong>ratione</strong></span> <span class='ocrx_word' id='word_1_592' title='bbox 395 2622 427 2642; x_wconf 91' lang='lat' dir='ltr'><strong>ac</strong></span> <span class='ocrx_word' id='word_1_593' title='bbox 442 2613 567 2649; x_wconf 79' lang='lat' dir='ltr'><strong>prodigio</strong></span> <span class='ocrx_word' id='word_1_594' title='bbox 582 2612 671 2639; x_wconf 86' lang='lat' dir='ltr'><strong>salvos</strong></span> <span class='ocrx_word' id='word_1_595' title='bbox 683 2610 783 2637; x_wconf 87' lang='lat' dir='ltr'><strong>faciat:</strong></span> <span class='ocrx_word' id='word_1_596' title='bbox 798 2609 865 2643; x_wconf 92' lang='lat' dir='ltr'><strong>quin</strong></span> <span class='ocrx_word' id='word_1_597' title='bbox 882 2612 994 2635; x_wconf 87' lang='lat' dir='ltr'><strong>necesse</strong></span> 
     </span>
    </p>
   </div>
   <div class='ocr_carea' id='block_1_87' title="bbox 208 2656 994 2698">
    <p class='ocr_par' dir='ltr' id='par_1_87' title="bbox 208 2656 994 2698">
     <span class='ocr_line' id='line_1_87' title="bbox 208 2656 994 2698; baseline -0.018 -5"><span class='ocrx_word' id='word_1_598' title='bbox 208 2666 328 2698; x_wconf 80' lang='lat' dir='ltr'><strong>aflirmo,</strong></span> <span class='ocrx_word' id='word_1_599' title='bbox 342 2667 372 2690; x_wconf 89' lang='lat' dir='ltr'><strong>ut</strong></span> <span class='ocrx_word' id='word_1_600' title='bbox 386 2661 534 2697; x_wconf 89' lang='lat' dir='ltr'><strong>quidquam</strong></span> <span class='ocrx_word' id='word_1_601' title='bbox 550 2658 666 2686; x_wconf 84' lang='lat' dir='ltr'><strong>velimus</strong></span> <span class='ocrx_word' id='word_1_602' title='bbox 693 2656 783 2684; x_wconf 87' lang='lat' dir='ltr'><strong>socios</strong></span> <span class='ocrx_word' id='word_1_603' title='bbox 795 2656 903 2691; x_wconf 86' lang='lat' dir='ltr'><strong>juvare,</strong></span> <span class='ocrx_word' id='word_1_604' title='bbox 916 2661 994 2681; x_wconf 91' lang='lat' dir='ltr'><strong>com-</strong></span> 
     </span>
    </p>
   </div>
   <div class='ocr_carea' id='block_1_88' title="bbox 209 2700 994 2736">
    <p class='ocr_par' dir='ltr' id='par_1_88' title="bbox 209 2700 994 2736">
     <span class='ocr_line' id='line_1_88' title="bbox 209 2700 994 2736; baseline -0.01 -1"><span class='ocrx_word' id='word_1_605' title='bbox 209 2713 330 2735; x_wconf 84' lang='lat' dir='ltr'><strong>meatum</strong></span> <span class='ocrx_word' id='word_1_606' title='bbox 348 2706 431 2734; x_wconf 88' lang='lat' dir='ltr'><strong>alium</strong></span> <span class='ocrx_word' id='word_1_607' title='bbox 449 2705 482 2731; x_wconf 85' lang='lat' dir='ltr'><strong>ad</strong></span> <span class='ocrx_word' id='word_1_608' title='bbox 512 2703 612 2730; x_wconf 86' lang='lat' dir='ltr'><strong>bellum</strong></span> <span class='ocrx_word' id='word_1_609' title='bbox 637 2707 793 2736; x_wconf 79' lang='lat' dir='ltr'><strong>suppetere.</strong></span> <span class='ocrx_word' id='word_1_610' title='bbox 811 2700 889 2727; x_wconf 88' lang='lat' dir='ltr'><strong>Nunc</strong></span> <span class='ocrx_word' id='word_1_611' title='bbox 904 2706 994 2727; x_wconf 76' lang='lat' dir='ltr'><strong>autem</strong></span> 
     </span>
    </p>
   </div>
   <div class='ocr_carea' id='block_1_89' title="bbox 208 2745 996 2788">
    <p class='ocr_par' dir='ltr' id='par_1_89' title="bbox 208 2745 996 2788">
     <span class='ocr_line' id='line_1_89' title="bbox 208 2745 996 2788; baseline -0.013 -7"><span class='ocrx_word' id='word_1_612' title='bbox 208 2761 302 2781; x_wconf 86' lang='lat' dir='ltr'><strong>earum</strong></span> <span class='ocrx_word' id='word_1_613' title='bbox 323 2753 445 2788; x_wconf 74' lang='lat' dir='ltr'><strong>gentium</strong></span> <span class='ocrx_word' id='word_1_614' title='bbox 465 2753 653 2785; x_wconf 81' lang='lat' dir='ltr'><strong>paupertatem</strong></span> <span class='ocrx_word' id='word_1_615' title='bbox 676 2745 852 2781; x_wconf 84' lang='lat' dir='ltr'><strong>conspicitis,</strong></span> <span class='ocrx_word' id='word_1_616' title='bbox 865 2751 949 2780; x_wconf 88' lang='lat' dir='ltr'><strong>utque</strong></span> <span class='ocrx_word' id='word_1_617' title='bbox 961 2752 996 2772; x_wconf 87' lang='lat' dir='ltr'><strong>ne</strong></span> 
     </span>
    </p>
   </div>
   <div class='ocr_carea' id='block_1_90' title="bbox 208 2792 997 2835">
    <p class='ocr_par' dir='ltr' id='par_1_90' title="bbox 208 2792 997 2835">
     <span class='ocr_line' id='line_1_90' title="bbox 208 2792 997 2835; baseline -0.013 -8"><span class='ocrx_word' id='word_1_618' title='bbox 208 2800 282 2835; x_wconf 85' lang='lat' dir='ltr'><strong>apud</strong></span> <span class='ocrx_word' id='word_1_619' title='bbox 295 2807 324 2826; x_wconf 87' lang='lat' dir='ltr'><strong>se</strong></span> <span class='ocrx_word' id='word_1_620' title='bbox 336 2798 448 2834; x_wconf 88' lang='lat' dir='ltr'><strong>quidem</strong></span> <span class='ocrx_word' id='word_1_621' title='bbox 472 2795 631 2824; x_wconf 83' lang='lat' dir='ltr'><strong>sedentibus</strong></span> <span class='ocrx_word' id='word_1_622' title='bbox 648 2802 680 2822; x_wconf 87' lang='lat' dir='ltr'><strong>ac</strong></span> <span class='ocrx_word' id='word_1_623' title='bbox 694 2793 805 2828; x_wconf 88' lang='lat' dir='ltr'><strong>quietis,</strong></span> <span class='ocrx_word' id='word_1_624' title='bbox 823 2792 997 2819; x_wconf 83' lang='lat' dir='ltr'><strong>neeessurius</strong></span> 
     </span>
    </p>
   </div>
   <div class='ocr_carea' id='block_1_91' title="bbox 209 2837 997 2874">
    <p class='ocr_par' dir='ltr' id='par_1_91' title="bbox 209 2837 997 2874">
     <span class='ocr_line' id='line_1_91' title="bbox 209 2837 997 2874; baseline -0.013 -2"><span class='ocrx_word' id='word_1_625' title='bbox 209 2848 379 2874; x_wconf 87' lang='lat' dir='ltr'><strong>commeatus</strong></span> <span class='ocrx_word' id='word_1_626' title='bbox 402 2844 438 2870; x_wconf 86' lang='lat' dir='ltr'><strong>sit</strong></span> <span class='ocrx_word' id='word_1_627' title='bbox 450 2850 458 2869; x_wconf 87' lang='lat'><strong>:</strong></span> <span class='ocrx_word' id='word_1_628' title='bbox 472 2846 501 2868; x_wconf 85' lang='lat' dir='ltr'><strong>ut</strong></span> <span class='ocrx_word' id='word_1_629' title='bbox 522 2842 587 2868; x_wconf 87' lang='lat' dir='ltr'><strong>item</strong></span> <span class='ocrx_word' id='word_1_630' title='bbox 604 2840 657 2868; x_wconf 90' lang='lat' dir='ltr'><strong>levi</strong></span> <span class='ocrx_word' id='word_1_631' title='bbox 676 2838 821 2866; x_wconf 78' lang='lat' dir='ltr'><strong>occasione</strong></span> <span class='ocrx_word' id='word_1_632' title='bbox 845 2837 925 2864; x_wconf 87' lang='lat' dir='ltr'><strong>facile</strong></span> <span class='ocrx_word' id='word_1_633' title='bbox 942 2837 997 2863; x_wconf 86' lang='lat' dir='ltr'><strong>sol-</strong></span> 
     </span>
    </p>
   </div>
   <div class='ocr_carea' id='block_1_92' title="bbox 209 2883 996 2926">
    <p class='ocr_par' dir='ltr' id='par_1_92' title="bbox 209 2883 996 2926">
     <span class='ocr_line' id='line_1_92' title="bbox 209 2883 996 2926; baseline -0.011 -7"><span class='ocrx_word' id='word_1_634' title='bbox 209 2895 273 2919; x_wconf 81' lang='lat' dir='ltr'><strong>vant</strong></span> <span class='ocrx_word' id='word_1_635' title='bbox 291 2896 352 2926; x_wconf 72' lang='lat' dir='ltr'><strong>quae</strong></span> <span class='ocrx_word' id='word_1_636' title='bbox 366 2889 424 2917; x_wconf 80' lang='lat' dir='ltr'><strong>visa</strong></span> <span class='ocrx_word' id='word_1_637' title='bbox 448 2891 538 2922; x_wconf 87' lang='lat' dir='ltr'><strong>erant,</strong></span> <span class='ocrx_word' id='word_1_638' title='bbox 560 2887 673 2922; x_wconf 82' lang='lat' dir='ltr'><strong>ipsaque</strong></span> <span class='ocrx_word' id='word_1_639' title='bbox 691 2884 759 2913; x_wconf 74' lang='lat' dir='ltr'><strong>adeo</strong></span> <span class='ocrx_word' id='word_1_640' title='bbox 781 2884 804 2912; x_wconf 86' lang='lat' dir='ltr'><strong>si</strong></span> <span class='ocrx_word' id='word_1_641' title='bbox 823 2890 877 2918; x_wconf 84' lang='lat' dir='ltr'><strong>qua</strong></span> <span class='ocrx_word' id='word_1_642' title='bbox 892 2883 996 2920; x_wconf 81' lang='lat' dir='ltr'><strong>jureju—</strong></span> 
     </span>
    </p>
   </div>
   <div class='ocr_carea' id='block_1_93' title="bbox 1038 1595 1828 1632">
    <p class='ocr_par' dir='ltr' id='par_1_93' title="bbox 1038 1595 1828 1632">
     <span class='ocr_line' id='line_1_93' title="bbox 1038 1595 1828 1632; baseline 0.004 -11"><span class='ocrx_word' id='word_1_643' title='bbox 1038 1595 1132 1630; x_wconf 79' lang='grc' dir='ltr'>πώρου</span> <span class='ocrx_word' id='word_1_644' title='bbox 1154 1595 1284 1629; x_wconf 83' lang='grc' dir='ltr'>βοήθειαν</span> <span class='ocrx_word' id='word_1_645' title='bbox 1299 1596 1313 1621; x_wconf 82' lang='grc' dir='ltr'>ὁ</span> <span class='ocrx_word' id='word_1_646' title='bbox 1328 1595 1396 1628; x_wconf 78' lang='grc' dir='ltr'>Θεὸς</span> <span class='ocrx_word' id='word_1_647' title='bbox 1409 1596 1564 1632; x_wconf 68' lang='grc' dir='ltr'>ἑπιπέμψῃ,</span> <span class='ocrx_word' id='word_1_648' title='bbox 1581 1596 1639 1623; x_wconf 80' lang='grc' dir='ltr'>ῐστε</span> <span class='ocrx_word' id='word_1_649' title='bbox 1654 1598 1757 1630; x_wconf 82' lang='grc' dir='ltr'>πάντες</span> <span class='ocrx_word' id='word_1_650' title='bbox 1774 1597 1828 1625; x_wconf 73' lang='grc' dir='ltr'>οἷον</span> 
     </span>
    </p>
   </div>
   <div class='ocr_carea' id='block_1_94' title="bbox 1038 1640 1828 1679">
    <p class='ocr_par' dir='ltr' id='par_1_94' title="bbox 1038 1640 1828 1679">
     <span class='ocr_line' id='line_1_94' title="bbox 1038 1640 1828 1679; baseline 0.006 -13"><span class='ocrx_word' id='word_1_651' title='bbox 1038 1640 1234 1675; x_wconf 69' lang='grc' dir='ltr'>προσδοκῶμεν</span> <span class='ocrx_word' id='word_1_652' title='bbox 1259 1641 1393 1676; x_wconf 79' lang='grc' dir='ltr'>χειμῶνα.</span> <span class='ocrx_word' id='word_1_653' title='bbox 1414 1641 1646 1678; x_wconf 68' lang='grc' dir='ltr'>Καιῖπαραλείπω</span> <span class='ocrx_word' id='word_1_654' title='bbox 1667 1644 1698 1670; x_wconf 75' lang='grc' dir='ltr'>τὸ</span> <span class='ocrx_word' id='word_1_655' title='bbox 1715 1645 1778 1679; x_wconf 74' lang='grc' dir='ltr'>μηδ’</span> <span class='ocrx_word' id='word_1_656' title='bbox 1796 1645 1828 1671; x_wconf 82' lang='grc' dir='ltr'><strong>ἀν</strong></span> 
     </span>
    </p>
   </div>
   <div class='ocr_carea' id='block_1_95' title="bbox 1038 1686 1827 1725">
    <p class='ocr_par' dir='ltr' id='par_1_95' title="bbox 1038 1686 1827 1725">
     <span class='ocr_line' id='line_1_95' title="bbox 1038 1686 1827 1725; baseline 0.006 -13"><span class='ocrx_word' id='word_1_657' title='bbox 1038 1686 1098 1713; x_wconf 78' lang='grc' dir='ltr'>ποτ’</span> <span class='ocrx_word' id='word_1_658' title='bbox 1111 1687 1232 1718; x_wconf 76' lang='grc' dir='ltr'>ἐκείνους</span> <span class='ocrx_word' id='word_1_659' title='bbox 1248 1687 1319 1723; x_wconf 75' lang='grc' dir='ltr'>ὑπὲρ</span> <span class='ocrx_word' id='word_1_660' title='bbox 1334 1687 1414 1723; x_wconf 84' lang='grc' dir='ltr'>ἡμῶν</span> <span class='ocrx_word' id='word_1_661' title='bbox 1429 1689 1592 1724; x_wconf 84' lang='grc' dir='ltr'>προελέσθαι</span> <span class='ocrx_word' id='word_1_662' title='bbox 1605 1689 1761 1725; x_wconf 83' lang='grc' dir='ltr'>πολεμῆσαι</span> <span class='ocrx_word' id='word_1_663' title='bbox 1774 1692 1827 1722; x_wconf 81' lang='grc' dir='ltr'>τοῖς</span> 
     </span>
    </p>
   </div>
   <div class='ocr_carea' id='block_1_96' title="bbox 1039 1732 1828 1771">
    <p class='ocr_par' dir='ltr' id='par_1_96' title="bbox 1039 1732 1828 1771">
     <span class='ocr_line' id='line_1_96' title="bbox 1039 1732 1828 1771; baseline 0.005 -13"><span class='ocrx_word' id='word_1_664' title='bbox 1039 1732 1188 1768; x_wconf 80' lang='grc' dir='ltr'>Τούρκοις·</span> <span class='ocrx_word' id='word_1_665' title='bbox 1211 1733 1373 1768; x_wconf 79' lang='grc' dir='ltr'>ἀνθρώπους</span> <span class='ocrx_word' id='word_1_666' title='bbox 1398 1735 1507 1767; x_wconf 75' lang='grc' dir='ltr'>ἀσεϐεῖς</span> <span class='ocrx_word' id='word_1_667' title='bbox 1535 1736 1606 1771; x_wconf 79' lang='grc' dir='ltr'>ὑπὲρ</span> <span class='ocrx_word' id='word_1_668' title='bbox 1625 1736 1748 1764; x_wconf 77' lang='grc' dir='ltr'>εὐσεϐῶν</span> <span class='ocrx_word' id='word_1_669' title='bbox 1774 1738 1828 1768; x_wconf 81' lang='grc' dir='ltr'>τοῖς</span> 
     </span>
    </p>
   </div>
   <div class='ocr_carea' id='block_1_97' title="bbox 1039 1778 1664 1816">
    <p class='ocr_par' dir='ltr' id='par_1_97' title="bbox 1039 1778 1664 1816">
     <span class='ocr_line' id='line_1_97' title="bbox 1039 1778 1664 1816; baseline 0.01 -12"><span class='ocrx_word' id='word_1_670' title='bbox 1039 1778 1093 1805; x_wconf 86' lang='grc' dir='ltr'><strong>τῶν</strong></span> <span class='ocrx_word' id='word_1_671' title='bbox 1108 1778 1210 1813; x_wconf 88' lang='grc' dir='ltr'>ὁμοίων</span> <span class='ocrx_word' id='word_1_672' title='bbox 1225 1779 1317 1811; x_wconf 76' lang='grc' dir='ltr'>αὐτοῖς</span> <span class='ocrx_word' id='word_1_673' title='bbox 1328 1781 1545 1816; x_wconf 82' lang='grc' dir='ltr'>κεκοινωνηκόσι</span> <span class='ocrx_word' id='word_1_674' title='bbox 1561 1783 1664 1809; x_wconf 75' lang='grc' dir='ltr'>κακῶν.</span> 
     </span>
    </p>
   </div>
   <div class='ocr_carea' id='block_1_98' title="bbox 1076 1868 1828 1908">
    <p class='ocr_par' dir='ltr' id='par_1_98' title="bbox 1076 1868 1828 1908">
     <span class='ocr_line' id='line_1_98' title="bbox 1076 1868 1828 1908; baseline 0.008 -14"><span class='ocrx_word' id='word_1_675' title='bbox 1076 1868 1109 1895; x_wconf 88' lang='grc' dir='ltr'>Τί</span> <span class='ocrx_word' id='word_1_676' title='bbox 1123 1868 1145 1895; x_wconf 87' lang='grc' dir='ltr'>δ’</span> <span class='ocrx_word' id='word_1_677' title='bbox 1163 1868 1196 1896; x_wconf 77' lang='grc' dir='ltr'>ἂν</span> <span class='ocrx_word' id='word_1_678' title='bbox 1219 1869 1291 1905; x_wconf 77' lang='grc' dir='ltr'>ἔχοις</span> <span class='ocrx_word' id='word_1_679' title='bbox 1317 1870 1427 1903; x_wconf 85' lang='grc' dir='ltr'>Μυσοὺς</span> <span class='ocrx_word' id='word_1_680' title='bbox 1457 1872 1504 1899; x_wconf 68' lang='grc' dir='ltr'><strong>καὶ</strong></span> <span class='ocrx_word' id='word_1_681' title='bbox 1524 1872 1679 1908; x_wconf 75' lang='grc' dir='ltr'>Τριὸαλοὺς</span> <span class='ocrx_word' id='word_1_682' title='bbox 1692 1875 1828 1906; x_wconf 78' lang='grc' dir='ltr'>αἱτιᾶσαι,</span> 
     </span>
    </p>
   </div>
   <div class='ocr_carea' id='block_1_99' title="bbox 1041 1912 1828 1956">
    <p class='ocr_par' dir='ltr' id='par_1_99' title="bbox 1041 1912 1828 1956">
     <span class='ocr_line' id='line_1_99' title="bbox 1041 1912 1828 1956; baseline 0.006 -14"><span class='ocrx_word' id='word_1_683' title='bbox 1041 1915 1186 1951; x_wconf 85' lang='grc' dir='ltr'>παρελθών</span> <span class='ocrx_word' id='word_1_684' title='bbox 1207 1925 1249 1947; x_wconf 84' lang='grc' dir='ltr'><strong>τις</strong></span> <span class='ocrx_word' id='word_1_685' title='bbox 1264 1915 1329 1948; x_wconf 79' lang='grc' dir='ltr'>ἴσως</span> <span class='ocrx_word' id='word_1_686' title='bbox 1344 1917 1411 1952; x_wconf 67' lang='grc' dir='ltr'>ἐρεῖ,</span> <span class='ocrx_word' id='word_1_687' title='bbox 1435 1917 1596 1952; x_wconf 77' lang='grc' dir='ltr'>ἀνθρώπους</span> <span class='ocrx_word' id='word_1_688' title='bbox 1621 1912 1732 1954; x_wconf 77' lang='grc' dir='ltr'>ὁμοίους</span> <span class='ocrx_word' id='word_1_689' title='bbox 1752 1921 1828 1956; x_wconf 77' lang='grc' dir='ltr'>ἡμῖν,</span> 
     </span>
    </p>
   </div>
   <div class='ocr_carea' id='block_1_100' title="bbox 1041 1961 1830 1997">
    <p class='ocr_par' dir='ltr' id='par_1_100' title="bbox 1041 1961 1830 1997">
     <span class='ocr_line' id='line_1_100' title="bbox 1041 1961 1830 1997; baseline 0.006 -10"><span class='ocrx_word' id='word_1_690' title='bbox 1041 1962 1088 1988; x_wconf 79' lang='grc' dir='ltr'>καὶ</span> <span class='ocrx_word' id='word_1_691' title='bbox 1105 1961 1144 1996; x_wconf 85' lang='grc' dir='ltr'>τῷ</span> <span class='ocrx_word' id='word_1_692' title='bbox 1163 1961 1223 1996; x_wconf 83' lang='grc' dir='ltr'><strong>Θεῷ</strong></span> <span class='ocrx_word' id='word_1_693' title='bbox 1238 1963 1468 1997; x_wconf 76' lang='grc' dir='ltr'>προσκειμένους,</span> <span class='ocrx_word' id='word_1_694' title='bbox 1485 1965 1531 1990; x_wconf 71' lang='grc' dir='ltr'>καὶ</span> <span class='ocrx_word' id='word_1_695' title='bbox 1551 1965 1656 1991; x_wconf 78' lang='grc' dir='ltr'>πολλῶν</span> <span class='ocrx_word' id='word_1_696' title='bbox 1678 1965 1707 1992; x_wconf 81' lang='grc' dir='ltr'>ὲν</span> <span class='ocrx_word' id='word_1_697' title='bbox 1722 1966 1830 1997; x_wconf 83' lang='grc' dir='ltr'>πολλοῖς</span> 
     </span>
    </p>
   </div>
   <div class='ocr_carea' id='block_1_101' title="bbox 1042 2007 1830 2045">
    <p class='ocr_par' dir='ltr' id='par_1_101' title="bbox 1042 2007 1830 2045">
     <span class='ocr_line' id='line_1_101' title="bbox 1042 2007 1830 2045; baseline 0.005 -13"><span class='ocrx_word' id='word_1_698' title='bbox 1042 2007 1148 2041; x_wconf 85' lang='grc' dir='ltr'>καιροῖς</span> <span class='ocrx_word' id='word_1_699' title='bbox 1163 2007 1335 2041; x_wconf 79' lang='grc' dir='ltr'>πραγμάτων</span> <span class='ocrx_word' id='word_1_700' title='bbox 1352 2008 1585 2043; x_wconf 82' lang='grc' dir='ltr'>κεκοινωνηκότας</span> <span class='ocrx_word' id='word_1_701' title='bbox 1599 2010 1678 2044; x_wconf 80' lang='grc' dir='ltr'>ἡμῖν,</span> <span class='ocrx_word' id='word_1_702' title='bbox 1694 2010 1744 2036; x_wconf 85' lang='grc' dir='ltr'>καὶ</span> <span class='ocrx_word' id='word_1_703' title='bbox 1763 2009 1830 2045; x_wconf 73' lang='grc' dir='ltr'>μηδὲ</span> 
     </span>
    </p>
   </div>
   <div class='ocr_carea' id='block_1_102' title="bbox 1042 2051 1831 2091">
    <p class='ocr_par' dir='ltr' id='par_1_102' title="bbox 1042 2051 1831 2091">
     <span class='ocr_line' id='line_1_102' title="bbox 1042 2051 1831 2091; baseline 0.005 -13"><span class='ocrx_word' id='word_1_704' title='bbox 1042 2053 1138 2087; x_wconf 76' lang='grc' dir='ltr'>πόρῤω</span> <span class='ocrx_word' id='word_1_705' title='bbox 1154 2052 1361 2088; x_wconf 81' lang='grc' dir='ltr'>διῳκισμένους,</span> <span class='ocrx_word' id='word_1_706' title='bbox 1385 2051 1455 2079; x_wconf 83' lang='grc' dir='ltr'>ὥστε</span> <span class='ocrx_word' id='word_1_707' title='bbox 1476 2053 1573 2088; x_wconf 89' lang='grc' dir='ltr'>χρόνου</span> <span class='ocrx_word' id='word_1_708' title='bbox 1605 2055 1660 2082; x_wconf 84' lang='grc' dir='ltr'>δεῖν</span> <span class='ocrx_word' id='word_1_709' title='bbox 1684 2056 1743 2087; x_wconf 87' lang='grc' dir='ltr'>τοῖς</span> <span class='ocrx_word' id='word_1_710' title='bbox 1768 2055 1831 2091; x_wconf 85' lang='grc' dir='ltr'>παρ’</span> 
     </span>
    </p>
   </div>
   <div class='ocr_carea' id='block_1_103' title="bbox 1043 2097 1831 2135">
    <p class='ocr_par' dir='ltr' id='par_1_103' title="bbox 1043 2097 1831 2135">
     <span class='ocr_line' id='line_1_103' title="bbox 1043 2097 1831 2135; baseline 0.006 -12"><span class='ocrx_word' id='word_1_711' title='bbox 1043 2097 1165 2133; x_wconf 85' lang='grc' dir='ltr'>ἀλλήλων</span> <span class='ocrx_word' id='word_1_712' title='bbox 1184 2098 1316 2132; x_wconf 81' lang='grc' dir='ltr'>πρέσὸεσι</span> <span class='ocrx_word' id='word_1_713' title='bbox 1333 2098 1401 2133; x_wconf 78' lang='grc' dir='ltr'>πρὸς</span> <span class='ocrx_word' id='word_1_714' title='bbox 1424 2099 1473 2129; x_wconf 72' lang='grc' dir='ltr'><strong>τὰς</strong></span> <span class='ocrx_word' id='word_1_715' title='bbox 1490 2099 1668 2135; x_wconf 62' lang='lat' dir='ltr'><strong>aucupia-ste;</strong></span> <span class='ocrx_word' id='word_1_716' title='bbox 1685 2101 1772 2128; x_wconf 75' lang='grc' dir='ltr'>Οὐδὲν</span> <span class='ocrx_word' id='word_1_717' title='bbox 1786 2099 1831 2127; x_wconf 82' lang='grc' dir='ltr'>εί-</span> 
     </span>
    </p>
   </div>
   <div class='ocr_carea' id='block_1_104' title="bbox 1043 2144 1830 2181">
    <p class='ocr_par' dir='ltr' id='par_1_104' title="bbox 1043 2144 1830 2181">
     <span class='ocr_line' id='line_1_104' title="bbox 1043 2144 1830 2181; baseline 0.005 -11"><span class='ocrx_word' id='word_1_718' title='bbox 1043 2153 1094 2170; x_wconf 88' lang='grc' dir='ltr'><strong>πον</strong></span> <span class='ocrx_word' id='word_1_719' title='bbox 1120 2145 1162 2177; x_wconf 79' lang='grc' dir='ltr'>ἂν,</span> <span class='ocrx_word' id='word_1_720' title='bbox 1177 2144 1246 2171; x_wconf 85' lang='grc' dir='ltr'><strong>ἀλλά</strong></span> <span class='ocrx_word' id='word_1_721' title='bbox 1259 2145 1305 2171; x_wconf 75' lang='grc' dir='ltr'><strong>καὶ</strong></span> <span class='ocrx_word' id='word_1_722' title='bbox 1321 2145 1402 2176; x_wconf 82' lang='grc' dir='ltr'>αὐτὸς</span> <span class='ocrx_word' id='word_1_723' title='bbox 1423 2146 1455 2172; x_wconf 81' lang='grc' dir='ltr'>ἂν</span> <span class='ocrx_word' id='word_1_724' title='bbox 1476 2147 1620 2178; x_wconf 86' lang='grc' dir='ltr'>συνείπον,</span> <span class='ocrx_word' id='word_1_725' title='bbox 1647 2147 1673 2173; x_wconf 90' lang='grc' dir='ltr'><strong>εί</strong></span> <span class='ocrx_word' id='word_1_726' title='bbox 1698 2148 1771 2181; x_wconf 86' lang='grc' dir='ltr'><strong>μετά</strong></span> <span class='ocrx_word' id='word_1_727' title='bbox 1781 2147 1830 2181; x_wconf 80' lang='grc' dir='ltr'>τῆς</span> 
     </span>
    </p>
   </div>
   <div class='ocr_carea' id='block_1_105' title="bbox 1044 2191 1829 2227">
    <p class='ocr_par' dir='ltr' id='par_1_105' title="bbox 1044 2191 1829 2227">
     <span class='ocr_line' id='line_1_105' title="bbox 1044 2191 1829 2227; baseline 0.003 -10"><span class='ocrx_word' id='word_1_728' title='bbox 1044 2191 1195 2223; x_wconf 76' lang='grc' dir='ltr'>εὐσεϐείας,</span> <span class='ocrx_word' id='word_1_729' title='bbox 1214 2192 1262 2218; x_wconf 82' lang='grc' dir='ltr'><strong>καὶ</strong></span> <span class='ocrx_word' id='word_1_730' title='bbox 1276 2191 1323 2218; x_wconf 75' lang='grc' dir='ltr'>τοῦ</span> <span class='ocrx_word' id='word_1_731' title='bbox 1340 2192 1494 2226; x_wconf 60' lang='grc' dir='ltr'>γνωρίμους</span> <span class='ocrx_word' id='word_1_732' title='bbox 1506 2193 1572 2227; x_wconf 85' lang='grc' dir='ltr'>ἡμῖν</span> <span class='ocrx_word' id='word_1_733' title='bbox 1587 2191 1671 2226; x_wconf 77' lang='grc' dir='ltr'>εἶναι,</span> <span class='ocrx_word' id='word_1_734' title='bbox 1689 2194 1736 2220; x_wconf 76' lang='grc' dir='ltr'>καὶ</span> <span class='ocrx_word' id='word_1_735' title='bbox 1749 2193 1829 2221; x_wconf 74' lang='grc' dir='ltr'>τᾶλλα</span> 
     </span>
    </p>
   </div>
   <div class='ocr_carea' id='block_1_106' title="bbox 1045 2236 1830 2273">
    <p class='ocr_par' dir='ltr' id='par_1_106' title="bbox 1045 2236 1830 2273">
     <span class='ocr_line' id='line_1_106' title="bbox 1045 2236 1830 2273; baseline 0.003 -10"><span class='ocrx_word' id='word_1_736' title='bbox 1045 2238 1101 2268; x_wconf 84' lang='grc' dir='ltr'>τοῖς</span> <span class='ocrx_word' id='word_1_737' title='bbox 1124 2238 1236 2271; x_wconf 84' lang='grc' dir='ltr'>ἀνδράσι</span> <span class='ocrx_word' id='word_1_738' title='bbox 1266 2237 1382 2272; x_wconf 81' lang='grc' dir='ltr'>προσῆν,</span> <span class='ocrx_word' id='word_1_739' title='bbox 1407 2236 1444 2264; x_wconf 80' lang='grc' dir='ltr'><strong>ῶν</strong></span> <span class='ocrx_word' id='word_1_740' title='bbox 1465 2239 1588 2271; x_wconf 78' lang='grc' dir='ltr'>μετεῖναι</span> <span class='ocrx_word' id='word_1_741' title='bbox 1610 2239 1667 2265; x_wconf 81' lang='grc' dir='ltr'>δεῖν</span> <span class='ocrx_word' id='word_1_742' title='bbox 1690 2240 1748 2270; x_wconf 77' lang='grc' dir='ltr'>τοῖς</span> <span class='ocrx_word' id='word_1_743' title='bbox 1764 2239 1830 2273; x_wconf 82' lang='grc' dir='ltr'>ὑπὲρ</span> 
     </span>
    </p>
   </div>
   <div class='ocr_carea' id='block_1_107' title="bbox 1045 2283 1830 2320">
    <p class='ocr_par' dir='ltr' id='par_1_107' title="bbox 1045 2283 1830 2320">
     <span class='ocr_line' id='line_1_107' title="bbox 1045 2283 1830 2320; baseline 0.001 -10"><span class='ocrx_word' id='word_1_744' title='bbox 1045 2283 1123 2318; x_wconf 82' lang='grc' dir='ltr'>ἡμῶν</span> <span class='ocrx_word' id='word_1_745' title='bbox 1147 2284 1358 2318; x_wconf 77' lang='grc' dir='ltr'>άγωνιουμένοις</span> <span class='ocrx_word' id='word_1_746' title='bbox 1383 2284 1524 2318; x_wconf 81' lang='grc' dir='ltr'>ἐλέγομεν.</span> <span class='ocrx_word' id='word_1_747' title='bbox 1550 2284 1678 2316; x_wconf 73' lang='grc' dir='ltr'>Εὐσεὸεἰς</span> <span class='ocrx_word' id='word_1_748' title='bbox 1707 2285 1760 2320; x_wconf 72' lang='grc' dir='ltr'>μὲν</span> <span class='ocrx_word' id='word_1_749' title='bbox 1778 2285 1830 2319; x_wconf 77' lang='grc' dir='ltr'>γὰρ</span> 
     </span>
    </p>
   </div>
   <div class='ocr_carea' id='block_1_108' title="bbox 1045 2329 1832 2366">
    <p class='ocr_par' dir='ltr' id='par_1_108' title="bbox 1045 2329 1832 2366">
     <span class='ocr_line' id='line_1_108' title="bbox 1045 2329 1832 2366; baseline 0.003 -10"><span class='ocrx_word' id='word_1_750' title='bbox 1045 2329 1114 2356; x_wconf 84' lang='grc' dir='ltr'>εἶναι</span> <span class='ocrx_word' id='word_1_751' title='bbox 1127 2330 1168 2356; x_wconf 80' lang='grc' dir='ltr'>δεῖ</span> <span class='ocrx_word' id='word_1_752' title='bbox 1184 2330 1246 2362; x_wconf 82' lang='grc' dir='ltr'>τοὺς</span> <span class='ocrx_word' id='word_1_753' title='bbox 1262 2330 1324 2365; x_wconf 84' lang='grc' dir='ltr'>μεθ’</span> <span class='ocrx_word' id='word_1_754' title='bbox 1338 2331 1416 2366; x_wconf 77' lang='grc' dir='ltr'>ἡμῶν</span> <span class='ocrx_word' id='word_1_755' title='bbox 1433 2330 1687 2366; x_wconf 78' lang='grc' dir='ltr'>παραταξομένους,</span> <span class='ocrx_word' id='word_1_756' title='bbox 1703 2332 1752 2358; x_wconf 79' lang='grc' dir='ltr'>καὶ</span> <span class='ocrx_word' id='word_1_757' title='bbox 1774 2331 1832 2358; x_wconf 80' lang='grc' dir='ltr'>τού-</span> 
     </span>
    </p>
   </div>
   <div class='ocr_carea' id='block_1_109' title="bbox 1045 2376 1832 2412">
    <p class='ocr_par' dir='ltr' id='par_1_109' title="bbox 1045 2376 1832 2412">
     <span class='ocr_line' id='line_1_109' title="bbox 1045 2376 1832 2412; baseline 0.003 -10"><span class='ocrx_word' id='word_1_758' title='bbox 1045 2385 1090 2402; x_wconf 87' lang='grc' dir='ltr'><strong>του</strong></span> <span class='ocrx_word' id='word_1_759' title='bbox 1104 2376 1190 2411; x_wconf 80' lang='grc' dir='ltr'>χωρὶς</span> <span class='ocrx_word' id='word_1_760' title='bbox 1205 2376 1290 2411; x_wconf 78' lang='grc' dir='ltr'>μείζω</span> <span class='ocrx_word' id='word_1_761' title='bbox 1304 2377 1375 2411; x_wconf 83' lang='grc' dir='ltr'>φημὶ</span> <span class='ocrx_word' id='word_1_762' title='bbox 1388 2376 1438 2411; x_wconf 85' lang='grc' dir='ltr'><strong>τὴν</strong></span> <span class='ocrx_word' id='word_1_763' title='bbox 1453 2377 1519 2411; x_wconf 76' lang='grc' dir='ltr'>παρ’</span> <span class='ocrx_word' id='word_1_764' title='bbox 1535 2376 1625 2403; x_wconf 80' lang='grc' dir='ltr'>αὐτῶν</span> <span class='ocrx_word' id='word_1_765' title='bbox 1645 2377 1754 2403; x_wconf 73' lang='grc' dir='ltr'>ἔσεσθαι</span> <span class='ocrx_word' id='word_1_766' title='bbox 1769 2376 1832 2412; x_wconf 82' lang='grc' dir='ltr'>βλά-</span> 
     </span>
    </p>
   </div>
   <div class='ocr_carea' id='block_1_110' title="bbox 1045 2421 1832 2457">
    <p class='ocr_par' dir='ltr' id='par_1_110' title="bbox 1045 2421 1832 2457">
     <span class='ocr_line' id='line_1_110' title="bbox 1045 2421 1832 2457; baseline 0 -9"><span class='ocrx_word' id='word_1_767' title='bbox 1045 2421 1137 2457; x_wconf 77' lang='grc' dir='ltr'>6ην,ἢ</span> <span class='ocrx_word' id='word_1_768' title='bbox 1162 2422 1186 2448; x_wconf 83' lang='grc' dir='ltr'><strong>ει</strong></span> <span class='ocrx_word' id='word_1_769' title='bbox 1201 2421 1326 2457; x_wconf 80' lang='grc' dir='ltr'>φανερῶς</span> <span class='ocrx_word' id='word_1_770' title='bbox 1350 2421 1513 2456; x_wconf 66' lang='grc' dir='ltr'>ἐπολέμουν.</span> <span class='ocrx_word' id='word_1_771' title='bbox 1535 2423 1643 2457; x_wconf 81' lang='grc' dir='ltr'>’Δρκείν</span> <span class='ocrx_word' id='word_1_772' title='bbox 1663 2421 1693 2449; x_wconf 57' lang='grc' dir='ltr'>δὲ</span> <span class='ocrx_word' id='word_1_773' title='bbox 1708 2423 1777 2457; x_wconf 79' lang='grc' dir='ltr'>πρὸς</span> <span class='ocrx_word' id='word_1_774' title='bbox 1799 2422 1832 2448; x_wconf 80' lang='grc' dir='ltr'><strong>τά</strong></span> 
     </span>
    </p>
   </div>
   <div class='ocr_carea' id='block_1_111' title="bbox 1046 2462 1831 2503">
    <p class='ocr_par' dir='ltr' id='par_1_111' title="bbox 1046 2462 1831 2503">
     <span class='ocr_line' id='line_1_111' title="bbox 1046 2462 1831 2503; baseline 0 -9"><span class='ocrx_word' id='word_1_775' title='bbox 1046 2467 1170 2501; x_wconf 83' lang='grc' dir='ltr'>παρόντα</span> <span class='ocrx_word' id='word_1_776' title='bbox 1186 2466 1235 2503; x_wconf 85' lang='grc' dir='ltr'>τὴν</span> <span class='ocrx_word' id='word_1_777' title='bbox 1250 2462 1352 2502; x_wconf 84' lang='grc' dir='ltr'>ἀρετὴν</span> <span class='ocrx_word' id='word_1_778' title='bbox 1365 2466 1468 2503; x_wconf 81' lang='grc' dir='ltr'>ταύτην</span> <span class='ocrx_word' id='word_1_779' title='bbox 1482 2467 1533 2494; x_wconf 81' lang='grc' dir='ltr'>οὐκ</span> <span class='ocrx_word' id='word_1_780' title='bbox 1549 2468 1582 2494; x_wconf 75' lang='grc' dir='ltr'>ἂν</span> <span class='ocrx_word' id='word_1_781' title='bbox 1596 2468 1714 2503; x_wconf 75' lang='grc' dir='ltr'>εἴποιμι,</span> <span class='ocrx_word' id='word_1_782' title='bbox 1730 2468 1782 2499; x_wconf 73' lang='grc' dir='ltr'>ἕως</span> <span class='ocrx_word' id='word_1_783' title='bbox 1799 2467 1831 2494; x_wconf 79' lang='grc' dir='ltr'>ἂν</span> 
     </span>
    </p>
   </div>
   <div class='ocr_carea' id='block_1_112' title="bbox 1048 2512 1832 2550">
    <p class='ocr_par' dir='ltr' id='par_1_112' title="bbox 1048 2512 1832 2550">
     <span class='ocr_line' id='line_1_112' title="bbox 1048 2512 1832 2550; baseline 0 -11"><span class='ocrx_word' id='word_1_784' title='bbox 1048 2514 1086 2548; x_wconf 81' lang='grc' dir='ltr'>μὴ</span> <span class='ocrx_word' id='word_1_785' title='bbox 1104 2512 1179 2548; x_wconf 89' lang='grc' dir='ltr'><strong>παρά</strong></span> <span class='ocrx_word' id='word_1_786' title='bbox 1205 2513 1285 2545; x_wconf 79' lang='grc' dir='ltr'>δόξαν</span> <span class='ocrx_word' id='word_1_787' title='bbox 1311 2515 1325 2540; x_wconf 82' lang='grc' dir='ltr'>ὁ</span> <span class='ocrx_word' id='word_1_788' title='bbox 1342 2513 1410 2544; x_wconf 63' lang='grc' dir='ltr'>Θεὸς</span> <span class='ocrx_word' id='word_1_789' title='bbox 1435 2514 1512 2548; x_wconf 81' lang='grc' dir='ltr'>ἡμᾶς</span> <span class='ocrx_word' id='word_1_790' title='bbox 1535 2513 1634 2545; x_wconf 77' lang='grc' dir='ltr'>σώζειν</span> <span class='ocrx_word' id='word_1_791' title='bbox 1654 2513 1753 2550; x_wconf 69' lang='grc' dir='ltr'><strong>ἐθέλῃ·</strong></span> <span class='ocrx_word' id='word_1_792' title='bbox 1776 2513 1832 2539; x_wconf 80' lang='grc' dir='ltr'>ἀλλ’</span> 
     </span>
    </p>
   </div>
   <div class='ocr_carea' id='block_1_113' title="bbox 1046 2558 1833 2594">
    <p class='ocr_par' dir='ltr' id='par_1_113' title="bbox 1046 2558 1833 2594">
     <span class='ocr_line' id='line_1_113' title="bbox 1046 2558 1833 2594; baseline -0.003 -8"><span class='ocrx_word' id='word_1_793' title='bbox 1046 2560 1164 2594; x_wconf 83' lang='grc' dir='ltr'>ἀνάγκη,</span> <span class='ocrx_word' id='word_1_794' title='bbox 1194 2559 1242 2585; x_wconf 79' lang='grc' dir='ltr'>καὶ</span> <span class='ocrx_word' id='word_1_795' title='bbox 1266 2558 1334 2585; x_wconf 76' lang='grc' dir='ltr'>ἄλλα</span> <span class='ocrx_word' id='word_1_796' title='bbox 1351 2558 1437 2585; x_wconf 79' lang='grc' dir='ltr'>πολλὰ</span> <span class='ocrx_word' id='word_1_797' title='bbox 1457 2559 1526 2593; x_wconf 83' lang='grc' dir='ltr'>πρὸς</span> <span class='ocrx_word' id='word_1_798' title='bbox 1554 2559 1600 2586; x_wconf 78' lang='grc' dir='ltr'>τὸν</span> <span class='ocrx_word' id='word_1_799' title='bbox 1619 2559 1738 2594; x_wconf 86' lang='grc' dir='ltr'>πόλεμον</span> <span class='ocrx_word' id='word_1_800' title='bbox 1761 2558 1833 2594; x_wconf 77' lang='grc' dir='ltr'>ἔχειν</span> 
     </span>
    </p>
   </div>
   <div class='ocr_carea' id='block_1_114' title="bbox 1047 2605 1831 2640">
    <p class='ocr_par' dir='ltr' id='par_1_114' title="bbox 1047 2605 1831 2640">
     <span class='ocr_line' id='line_1_114' title="bbox 1047 2605 1831 2640; baseline 0 -8"><span class='ocrx_word' id='word_1_801' title='bbox 1047 2605 1283 2640; x_wconf 77' lang='grc' dir='ltr'>πλεονεκτήματα,</span> <span class='ocrx_word' id='word_1_802' title='bbox 1306 2605 1329 2631; x_wconf 83' lang='grc' dir='ltr'>εἰ</span> <span class='ocrx_word' id='word_1_803' title='bbox 1350 2605 1472 2639; x_wconf 80' lang='grc' dir='ltr'>μέλλοιεν</span> <span class='ocrx_word' id='word_1_804' title='bbox 1488 2605 1605 2640; x_wconf 83' lang='grc' dir='ltr'>ὠφελεῖν</span> <span class='ocrx_word' id='word_1_805' title='bbox 1629 2606 1692 2636; x_wconf 86' lang='grc' dir='ltr'>τοὺς</span> <span class='ocrx_word' id='word_1_806' title='bbox 1722 2605 1831 2640; x_wconf 78' lang='grc' dir='ltr'>συμμά-</span> 
     </span>
    </p>
   </div>
   <div class='ocr_carea' id='block_1_115' title="bbox 1047 2651 1831 2686">
    <p class='ocr_par' dir='ltr' id='par_1_115' title="bbox 1047 2651 1831 2686">
     <span class='ocr_line' id='line_1_115' title="bbox 1047 2651 1831 2686; baseline 0 -9"><span class='ocrx_word' id='word_1_807' title='bbox 1047 2660 1121 2686; x_wconf 84' lang='grc' dir='ltr'>χους.</span> <span class='ocrx_word' id='word_1_808' title='bbox 1138 2651 1207 2678; x_wconf 79' lang='grc' dir='ltr'>Νυνὶ</span> <span class='ocrx_word' id='word_1_809' title='bbox 1220 2652 1241 2678; x_wconf 85' lang='grc' dir='ltr'>δ’</span> <span class='ocrx_word' id='word_1_810' title='bbox 1258 2652 1338 2686; x_wconf 77' lang='grc' dir='ltr'>ὁρᾶτε</span> <span class='ocrx_word' id='word_1_811' title='bbox 1353 2652 1403 2686; x_wconf 81' lang='grc' dir='ltr'>τὴν</span> <span class='ocrx_word' id='word_1_812' title='bbox 1416 2652 1471 2678; x_wconf 86' lang='grc' dir='ltr'><strong>τῶν</strong></span> <span class='ocrx_word' id='word_1_813' title='bbox 1487 2651 1572 2678; x_wconf 79' lang='grc' dir='ltr'>ἐθνῶν</span> <span class='ocrx_word' id='word_1_814' title='bbox 1599 2652 1702 2678; x_wconf 83' lang='grc' dir='ltr'>τούτων</span> <span class='ocrx_word' id='word_1_815' title='bbox 1727 2652 1831 2684; x_wconf 82' lang='grc' dir='ltr'>πενίαν,</span> 
     </span>
    </p>
   </div>
   <div class='ocr_carea' id='block_1_116' title="bbox 1047 2697 1830 2732">
    <p class='ocr_par' dir='ltr' id='par_1_116' title="bbox 1047 2697 1830 2732">
     <span class='ocr_line' id='line_1_116' title="bbox 1047 2697 1830 2732; baseline 0 -9"><span class='ocrx_word' id='word_1_816' title='bbox 1047 2698 1094 2724; x_wconf 76' lang='grc' dir='ltr'>καὶ</span> <span class='ocrx_word' id='word_1_817' title='bbox 1111 2698 1147 2728; x_wconf 74' lang='grc' dir='ltr'>ὼς</span> <span class='ocrx_word' id='word_1_818' title='bbox 1165 2697 1219 2724; x_wconf 80' lang='grc' dir='ltr'>οὐδ’</span> <span class='ocrx_word' id='word_1_819' title='bbox 1235 2697 1318 2724; x_wconf 72' lang='grc' dir='ltr'>αὑτοῦ</span> <span class='ocrx_word' id='word_1_820' title='bbox 1338 2706 1390 2724; x_wconf 86' lang='grc' dir='ltr'><strong>που</strong></span> <span class='ocrx_word' id='word_1_821' title='bbox 1411 2698 1576 2732; x_wconf 81' lang='grc' dir='ltr'>καθημένοις</span> <span class='ocrx_word' id='word_1_822' title='bbox 1603 2697 1685 2732; x_wconf 81' lang='grc' dir='ltr'>ἀρκεῖ</span> <span class='ocrx_word' id='word_1_823' title='bbox 1698 2698 1729 2723; x_wconf 80' lang='grc' dir='ltr'>τὰ</span> <span class='ocrx_word' id='word_1_824' title='bbox 1753 2697 1830 2723; x_wconf 72' lang='grc' dir='ltr'>ὂντα·</span> 
     </span>
    </p>
   </div>
   <div class='ocr_carea' id='block_1_117' title="bbox 1047 2743 1831 2778">
    <p class='ocr_par' dir='ltr' id='par_1_117' title="bbox 1047 2743 1831 2778">
     <span class='ocr_line' id='line_1_117' title="bbox 1047 2743 1831 2778; baseline 0.001 -10"><span class='ocrx_word' id='word_1_825' title='bbox 1047 2744 1095 2769; x_wconf 84' lang='grc' dir='ltr'>καὶ</span> <span class='ocrx_word' id='word_1_826' title='bbox 1111 2743 1147 2773; x_wconf 73' lang='grc' dir='ltr'>ὡς</span> <span class='ocrx_word' id='word_1_827' title='bbox 1165 2743 1251 2778; x_wconf 77' lang='grc' dir='ltr'>μικρᾷ</span> <span class='ocrx_word' id='word_1_828' title='bbox 1267 2744 1402 2777; x_wconf 77' lang='grc' dir='ltr'>προφάσει</span> <span class='ocrx_word' id='word_1_829' title='bbox 1418 2743 1548 2771; x_wconf 79' lang='grc' dir='ltr'>λύεινοὺκ</span> <span class='ocrx_word' id='word_1_830' title='bbox 1561 2744 1671 2771; x_wconf 82' lang='grc' dir='ltr'>ὀκνοῦσι</span> <span class='ocrx_word' id='word_1_831' title='bbox 1703 2744 1735 2770; x_wconf 72' lang='grc' dir='ltr'><strong>τὰ</strong></span> <span class='ocrx_word' id='word_1_832' title='bbox 1751 2745 1831 2777; x_wconf 56' lang='grc' dir='ltr'>ἔγνω-</span> 
     </span>
    </p>
   </div>
   <div class='ocr_carea' id='block_1_118' title="bbox 1049 2789 1830 2826">
    <p class='ocr_par' dir='ltr' id='par_1_118' title="bbox 1049 2789 1830 2826">
     <span class='ocr_line' id='line_1_118' title="bbox 1049 2789 1830 2826; baseline 0.001 -12"><span class='ocrx_word' id='word_1_833' title='bbox 1049 2789 1151 2824; x_wconf 81' lang='grc' dir='ltr'>σμένα·</span> <span class='ocrx_word' id='word_1_834' title='bbox 1172 2789 1312 2822; x_wconf 68' lang='grc' dir='ltr'>μᾶλλονδὲ</span> <span class='ocrx_word' id='word_1_835' title='bbox 1328 2791 1360 2816; x_wconf 81' lang='grc' dir='ltr'>τὰ</span> <span class='ocrx_word' id='word_1_836' title='bbox 1380 2791 1578 2824; x_wconf 80' lang='grc' dir='ltr'>όμωμοσμένα.</span> <span class='ocrx_word' id='word_1_837' title='bbox 1600 2791 1779 2826; x_wconf 71' lang='grc' dir='ltr'>’Υπερορίοιιε</span> <span class='ocrx_word' id='word_1_838' title='bbox 1803 2790 1830 2815; x_wconf 84' lang='grc' dir='ltr'>δὲ</span> 
     </span>
    </p>
   </div>
   <div class='ocr_carea' id='block_1_119' title="bbox 1049 2838 1830 2874">
    <p class='ocr_par' dir='ltr' id='par_1_119' title="bbox 1049 2838 1830 2874">
     <span class='ocr_line' id='line_1_119' title="bbox 1049 2838 1830 2874; baseline -0.003 -10"><span class='ocrx_word' id='word_1_839' title='bbox 1049 2839 1193 2873; x_wconf 79' lang='grc' dir='ltr'>στρατείας</span> <span class='ocrx_word' id='word_1_840' title='bbox 1204 2838 1244 2868; x_wconf 74' lang='grc' dir='ltr'><strong>τίς</strong></span> <span class='ocrx_word' id='word_1_841' title='bbox 1256 2838 1326 2872; x_wconf 74' lang='grc' dir='ltr'>ἔγνω</span> <span class='ocrx_word' id='word_1_842' title='bbox 1339 2838 1447 2870; x_wconf 74' lang='grc' dir='ltr'>τούτους</span> <span class='ocrx_word' id='word_1_843' title='bbox 1460 2839 1713 2874; x_wconf 72' lang='grc' dir='ltr'>εστρατευμένουςς</span> <span class='ocrx_word' id='word_1_844' title='bbox 1731 2838 1830 2873; x_wconf 79' lang='grc' dir='ltr'>μᾶλλον</span> 
     </span>
    </p>
   </div>
   <div class='ocr_carea' id='block_1_120' title="bbox 1048 2883 1829 2921">
    <p class='ocr_par' dir='ltr' id='par_1_120' title="bbox 1048 2883 1829 2921">
     <span class='ocr_line' id='line_1_120' title="bbox 1048 2883 1829 2921; baseline -0.001 -11"><span class='ocrx_word' id='word_1_845' title='bbox 1048 2884 1076 2911; x_wconf 79' lang='grc' dir='ltr'>δὲ</span> <span class='ocrx_word' id='word_1_846' title='bbox 1091 2884 1132 2916; x_wconf 80' lang='grc' dir='ltr'><strong>τίς</strong></span> <span class='ocrx_word' id='word_1_847' title='bbox 1147 2885 1215 2916; x_wconf 76' lang='grc' dir='ltr'>ὅλως</span> <span class='ocrx_word' id='word_1_848' title='bbox 1231 2885 1321 2912; x_wconf 72' lang='grc' dir='ltr'>αὐτῶν</span> <span class='ocrx_word' id='word_1_849' title='bbox 1344 2893 1409 2911; x_wconf 85' lang='grc' dir='ltr'>ποτε</span> <span class='ocrx_word' id='word_1_850' title='bbox 1423 2886 1518 2921; x_wconf 87' lang='grc' dir='ltr'>μνήμη</span> <span class='ocrx_word' id='word_1_851' title='bbox 1542 2884 1653 2920; x_wconf 79' lang='grc' dir='ltr'>γέγονεν</span> <span class='ocrx_word' id='word_1_852' title='bbox 1670 2887 1699 2912; x_wconf 84' lang='grc' dir='ltr'>ἐν</span> <span class='ocrx_word' id='word_1_853' title='bbox 1713 2885 1751 2919; x_wconf 77' lang='grc' dir='ltr'>τῷ</span> <span class='ocrx_word' id='word_1_854' title='bbox 1763 2883 1829 2918; x_wconf 53' lang='lat' dir='ltr'><strong>ﬁngi;</strong></span> 
     </span>
    </p>
   </div>
  </div>
