1942 3090
136 158 189 190 9τ3

635 161 778 191 ORATIO
798 161 874 192 PRO
896 146 1078 193 SUBSIDIO
1097 163 1338 195 LATINORUM.

1714 164 1767 194 97L

133 219 162 247 et
177 226 220 253 γε,
239 218 264 244 εἰ
280 218 317 253 μὴ
337 217 383 245 καὶ
411 217 488 245 αὐτοὶ
504 219 564 250 ταῖς
590 218 742 254 ἡμετέραις
769 222 922 256 συμφοραῖς

976 222 1061 249 rando
1086 221 1271 250 ﬁrmaverant.
1283 222 1324 249 Ad
1353 226 1481 250 externas
1506 227 1598 250 autem
1615 224 1769 258 expeditio-

135 265 339 300 ἀπεχρήσαντο,
356 265 402 291 καὶ
415 264 466 299 τὴν
480 264 548 300 πρὸς
567 265 630 297 τοὺς
647 265 802 301 βαρϐάρους
814 267 925 299 τούτους

135 311 265 346 ἀσχολίαν
278 309 436 343 πλεονεξίας
456 309 552 344 καιρὸν
568 310 751 346 ἡγησάμενοι,
769 311 854 339 πολλὰ
870 312 926 339 τῶν

134 355 276 390 ἡμετέρων
303 355 496 390 παρέσπασαν,
525 356 572 382 καὶ
586 356 633 382 νῦν
648 356 692 388 ἂν,
708 356 803 392 ὥσπερ
822 359 869 385 καί¹
894 359 925 385 τὸ

133 402 276 437 πρότερον,
292 401 344 428 ὑπὸ
358 402 404 428 τὸν
420 401 555 437 ἡμέτερον
566 401 648 435 ζυγὸν
663 401 732 434 ἔζων
742 411 748 417 ·
763 404 812 430 καὶ
825 403 924 430 δεσπό-

132 457 182 480 τας
200 448 272 483 ἡμᾶς
289 448 359 483 μετὰ
376 448 431 474 τῶν
446 447 535 475 ἄλλων
549 447 649 483 ᾔδεσαν
676 448 721 475 καὶ
740 448 833 475 αὐτοί·
852 448 866 476 ὃ
878 449 925 476 καὶ

134 494 235 529 μᾶλλον
246 494 410 527 δεδοικότας,
424 493 455 520 οὔ
471 494 535 521 ποτέ
555 502 627 528 φημι
647 494 761 526 τούτους
781 495 924 530 λυσιτελὴ-

133 549 192 567 σειν
209 540 288 575 ἡμῖν.
305 539 394 567 Ἴσασι
414 539 480 574 γὰρ,
495 540 529 567 ἂν
539 540 574 567 τὰ
591 540 682 567 δίκαια
701 541 807 576 κρίνειν
824 541 924 568 ἐθέλω-

134 595 188 619 σιν,
202 587 239 618 ὡς
263 585 350 613 πολλὰ
375 586 429 613 τῶν
454 586 599 622 ἡμετέρων
613 587 765 622 κατέσχον,
792 587 847 614 τῶν
871 596 926 614 κω-

132 632 250 660 λυόντων
264 632 315 659 οὑκ
327 631 412 659 ὅντων
423 639 431 648 ·
447 629 484 660 ὧν
500 632 567 668 πρὸς
584 632 681 665 ἄλλους
695 633 744 668 μὲν
758 633 841 669 ἡμῶν
852 632 926 668 ἐχόν-

132 687 188 706 των
200 679 246 705 τὸν
261 677 335 711 νοῦν,
352 678 442 712 κύριοι
461 679 619 712 νομίζουσιν
630 679 739 707 ἔσεσθαι
755 687 761 695 ’
788 680 925 707 ἀναπνεύ-

133 734 197 752 σασι
209 725 248 757 δὲ,
265 726 340 752 πᾶσα
353 724 461 760 ἀνάγκη
475 724 491 760 ἢ
509 726 668 758 ἀποδοῦναι,
683 726 700 760 ἡ
713 725 792 752 τοῦτο
806 726 844 760 μὴ
861 726 925 760 βου-

132 771 272 805 λομένους,
299 772 452 806 πράγματα
467 770 550 806 ἐχειν,
576 771 625 798 καὶ
650 771 768 804 πόλεμον
782 772 923 806 δέξασθαι,

132 817 258 852 καὶπερὶ
277 817 332 844 τῶν
346 817 377 849 ὲξ
399 817 486 852 ἀρχῆς
502 817 719 850 κινδυνεύοντας.
738 815 844 844 Οὔκουν
863 817 926 853 βού-

132 863 213 890 λοιντ’
230 863 263 890 ἂν
286 864 326 895 εἰς
352 863 403 895 τὰς
426 862 512 899 τύχης
538 863 650 899 ἀδηλίας
680 864 846 900 ἐμπίπτειν·
879 863 925 891 καὶ

978 275 1037 301 nes,
1050 268 1112 303 quis
1135 275 1184 296 eos
1214 268 1290 296 novit
1313 267 1463 296 eduxisse?
1477 268 1544 303 quin
1560 269 1682 301 omnino,
1707 276 1768 304 quae

977 320 1074 340 eorum
1088 321 1208 348 unquam
1235 314 1368 341 memoria
1397 313 1449 341 fuit
1469 314 1496 341 in
1522 314 1645 341 saeculo?
1659 315 1705 348 qui
1727 314 1769 341 ni—

977 359 1089 389 mirum.
1104 359 1156 386 nisi
1172 365 1200 386 et
1217 360 1272 394 ipsi
1301 359 1402 387 nostris
1429 359 1585 387 infortuniis
1612 360 1703 391 abusi.
1721 368 1770 387 no-

977 407 1117 439 stramque
1153 412 1215 432 cum
1255 405 1381 433 Barbaris
1409 406 1637 440 occupationem,
1660 405 1768 441 injuriae

978 455 1086 484 tempus
1109 452 1171 482 rati,
1199 451 1282 478 multa
1309 459 1324 479 e
1344 452 1447 479 nostris
1472 452 1680 485 abstraxisset",
1695 459 1768 479 nunc

976 504 1097 532 quoque,
1118 498 1156 524 uti
1174 498 1261 532 prius,
1278 502 1373 525 nostro
1397 499 1600 533 viverentjugo
1626 498 1766 533 mancipa‘

977 543 1134 579 ti,nosquc
1160 544 1297 576 dominos,
1315 552 1368 571 una
1398 552 1459 571 cum
1478 545 1549 577 aliis,
1574 546 1625 580 ipsi
1655 553 1765 580 quoque

976 589 1090 622 scirent,
1108 597 1178 624 quos
1188 597 1236 617 eos
1265 589 1356 624 potius
1373 595 1536 623 metuentes,
1554 590 1623 617 haud
1645 598 1765 624 unquam

976 635 1079 662 nostris
1105 635 1188 662 rebus
1205 635 1292 663 dicam
1323 636 1506 663 consulturos.
1526 635 1623 663 Scittnt
1639 635 1712 663 enim
1738 640 1767 662 ut

973 680 1182 716 justajudicare
1197 680 1293 711 velint,
1315 680 1401 707 multa
1421 688 1436 708 e
1452 681 1553 708 nostris
1570 681 1670 716 injuria
1684 688 1768 708 occu-

976 734 1065 762 passe.
1082 735 1144 754 cmn
1162 727 1229 754 nulli
1246 731 1338 755 essent
1355 729 1400 763 qui
1426 728 1604 763 prohiberent
1620 737 1626 754 :
1649 736 1766 762 quorum

976 781 1006 800 se
1034 773 1162 801 dominos
1189 773 1246 801 fore
1273 773 1453 807 arbitrantur,
1480 775 1544 802 dum
1577 774 1629 810 ipsi
1656 775 1766 802 interim

976 819 1038 846 aliis
1063 819 1233 847 intendimus
1257 820 1389 847 animum.
1418 820 1464 847 Sin
1505 825 1596 848 autem
1630 821 1767 855 respirare

977 864 1130 899 contingat,
1156 864 1343 892 necessarium
1363 864 1488 897 omnino,
1511 869 1613 893 ut-aut
1635 865 1767 897 reddant,

132 909 221 944 παρὸν
233 909 395 944 κερδαίνειν,
408 909 618 944 ἀναγκασθῆναι
635 918 700 936 ποτε
727 910 775 937 καὶ
789 909 843 936 τῶν
857 909 922 936 ιδεωτ

980 914 1028 937 aut
1042 909 1094 953 nisi
1113 909 1204 939 velint.
1224 910 1333 944 negotia
1359 910 1487 942 habeant,
1503 918 1535 938 ac
1558 910 1661 938 bellum
1682 911 1770 938 susci-

132 955 311 990 ἀφίστασθαι.
335 953 416 981 Ἀλλὰ
429 954 478 990 τὴν
492 955 633 991 ἡμετέραν
657 957 851 992 κακοπραγίαν
867 957 922 983 τεῖ-

132 1010 177 1036 χος
195 1001 286 1033 αὐτοῖς
301 998 370 1027 εἶναι
385 1001 538 1037 νομίζουσι,
553 1001 621 1036 πρὸς
638 1002 668 1029 τδ
686 1002 723 1038 μή
736 1010 763 1028 τι
777 1002 874 1029 παθεῖν
889 1002 923 1028 ἂν

132 1048 242 1080 αὐτοὺς,
261 1047 294 1074 ἄν
305 1047 365 1074 ποτ’
381 1047 540 1083 ἀνενεγκεῖν
552 1048 723 1084 δυνηθῶμεν.
740 1049 802 1080 Πῶς
815 1048 862 1075 οὖν
874 1048 923 1081 τὰς

135 1094 280 1130 παρούσας
295 1093 381 1129 τύχας
407 1094 666 1129 συνεπικουφιοῦσιν
694 1095 771 1130 ἡμῖν,
787 1095 817 1122 οῐ
834 1094 860 1129 γ’
878 1095 923 1122 ἀεὶ

132 1138 235 1170 ταύτας
248 1136 377 1171 αὔξεσθαι
394 1138 514 1174 συνεχῶς
529 1137 647 1171 εὖξαιντ’
665 1139 717 1172 ἄν;

134 1185 156 1211 si
179 1185 292 1220 quando
307 1184 388 1213 nobis
414 1185 529 1212 facultas
549 1185 706 1220 emergendi
726 1184 784 1218 liat,
815 1184 963 1220 accipiant.

133 1233 233 1267 quibus
247 1239 356 1267 semper
368 1233 395 1259 in
407 1233 478 1260 votis
496 1232 532 1259 sit
548 1236 578 1260 ut
594 1232 726 1260 continue
741 1231 878 1267 augeant?

169 1280 225 1308 Καὶ
243 1281 285 1308 ὃτι
297 1281 373 1307 ταῦτ’
387 1281 438 1307 οὐκ
454 1281 486 1307 ὲκ
501 1280 640 1316 λογισμῶν
668 1281 750 1316 μόνον
766 1279 922 1316 συμϐαίνει,

139 1326 207 1354 ἀλλὰ
231 1328 278 1354 καὶ
300 1327 368 1362 πρὸς
385 1327 455 1354 αὐτὰ
476 1327 510 1355 τὰ
533 1327 685 1363 πράγματα
710 1327 923 1359 ἀποϐλέπουσιν,

134 1372 223 1405 ἔξεστι
242 1374 298 1404 τοῖς
326 1373 484 1408 εἰρημένοις
501 1373 689 1400 συντίθεσθαι.
716 1372 923 1408 ’Δναμνὴσθητε

136 1419 182 1445 διὰ
193 1420 283 1446 πόσων
291 1419 445 1454 πρεσϐειῶν
457 1419 525 1454 πρὸς
537 1419 710 1454 ἀμφοτέρους
725 1419 847 1454 περὶτῆς
857 1425 924 1453 συμ-

137 1465 238 1500 μαχίας
264 1466 433 1501 διειλέχθητε
460 1465 574 1500 ταύτης,
601 1466 719 1496 ποσάκις
746 1465 845 1496 αὐτοὺς
878 1465 925 1491 κα¹ι

135 1512 275 1544 εὐσεϐείας
293 1513 340 1539 καὶ
359 1512 458 1539 κοινῶν
472 1512 564 1547 ἱερῶν,
579 1513 626 1539 καὶ
641 1513 691 1547 τῆς
704 1511 786 1547 ἄλλης
803 1511 922 1546 ἀνεμνή-

976 955 1062 990 piant,
1073 955 1201 989 idcmque
1214 959 1294 989 atque
1309 962 1324 981 a
1342 955 1477 990 principio
1495 956 1647 990 periculum
1659 956 1768 983 adeant.

977 1000 1055 1028 [laud
1071 1008 1136 1036 ergo
1156 1001 1262 1028 incerta
1274 1001 1393 1028 fortuna;
1413 1005 1518 1028 tentare
1537 1002 1623 1028 velint
1637 1022 1645 1032 ,
1663 1008 1694 1028 ac
1705 1008 1766 1028 cum

978 1046 1048 1074 lucri
1083 1046 1193 1074 occasio
1219 1050 1359 1081 suppetat,
1382 1047 1442 1082 cogi
1470 1047 1635 1082 quandoque
1664 1051 1694 1074 ut
1719 1055 1769 1074 sua

975 1092 1028 1128 ipsi
1049 1092 1217 1120 dimiserint.
1247 1092 1319 1126 Quin
1353 1100 1445 1120 rerum
1479 1097 1634 1120 nostrarum
1669 1093 1767 1120 tnalam

975 1138 1074 1171 aleam,
1090 1138 1162 1166 muri
1189 1139 1250 1166 loco
1275 1138 1327 1166 sibi
1353 1139 1468 1172 ducunt,
1482 1145 1511 1167 ut
1536 1147 1571 1167 ne
1601 1139 1667 1175 quid
1687 1139 1764 1173 ntali,

984 1183 1036 1217 Qui
1053 1192 1117 1220 ergo
1139 1185 1266 1220 praesenti
1292 1183 1408 1212 fortunae
1436 1185 1558 1212 levamen
1577 1184 1632 1212 sint
1649 1183 1768 1216 allaturi,

1013 1279 1092 1313 Quod
1106 1283 1198 1308 autem
1213 1279 1264 1307 ista
1281 1287 1362 1306 nona
1383 1280 1449 1307 solis
1465 1280 1679 1314 cogitationibus
1695 1280 1768 1307 acci-

977 1325 1054 1356 dant.
1070 1325 1118 1352 sed
1139 1330 1167 1353 et
1188 1325 1262 1360 ipsas
1280 1333 1324 1353 res
1349 1330 1483 1360 spectent,
1502 1333 1535 1352 ex
1563 1325 1684 1360 praelatis
1705 1324 1771 1352 licet

978 1372 1125 1400 coniicere.
1141 1372 1276 1401 Memores
1299 1374 1376 1404 estis,
1401 1377 1468 1408 quot
1488 1374 1520 1400 ad
1539 1379 1670 1407 utrosque
1685 1373 1770 1400 destio

978 1418 1053 1446 natis
1072 1418 1179 1454 legatis,
1196 1418 1230 1447 de
1248 1419 1300 1447 hac
1325 1419 1389 1447 belli
1414 1420 1545 1447 societate
1571 1420 1655 1446 locuti
1682 1420 1769 1447 estis?

977 1463 1091 1497 Quoties
1106 1465 1146 1492 eis
1172 1469 1200 1492 et
1225 1465 1367 1498 pietatem,
1384 1470 1412 1492 et
1428 1473 1505 1492 sacra
1522 1466 1689 1496 communia.
1704 1466 1771 1492 reli-

976 1517 1085 1544 quaque
1100 1509 1277 1542 commetcia,
1303 1510 1329 1536 in
1347 1509 1509 1536 memoriam
1533 1510 1704 1538 revocastis?
1718 1510 1770 1537 Er-

137 1567 202 1586 σατε
218 1559 371 1590 κοινωνίας.
387 1557 451 1594 Ἃρ·
461 1557 508 1585 οὖν
520 1558 685 1594 ἐκινήθησαν
695 1566 702 1574 '
720 1557 737 1593 ἡ
757 1557 811 1592 τῶν
824 1557 922 1593 ἡμετέ-

979 1562 1049 1590 gone
1066 1560 1212 1589 propterea
1236 1555 1304 1581 moti
1330 1560 1415 1587 sunt,
1434 1561 1481 1582 aut
1497 1555 1586 1590 siquid
1603 1565 1652 1591 per
1667 1557 1721 1584 vim
1735 1558 1768 1584 li-

137 1615 192 1641 ρων
213 1606 289 1641 γοῦν,
305 1606 332 1632 εἰ
346 1615 371 1632 τι
385 1605 533 1641 βιάσασθαι
549 1603 602 1632 οἷοί
617 1606 641 1631 τ’
657 1603 739 1641 ἦσαν,
752 1604 921 1639 ἁπέσχοντο;

137 1653 191 1679 Καὶ
208 1652 262 1687 μὴν
282 1651 360 1687 ἡμῶν
374 1652 426 1678 ὑπδ
441 1651 489 1678 τοῦ
505 1652 572 1686 πρὸς
588 1651 651 1682 τοὺς
667 1651 823 1687 βαρϐάρους
840 1659 925 1677 κατι-

136 1699 311 1733 κλυζομένων
325 1699 454 1734 πολέμου,
470 1699 518 1726 καὶ
531 1698 665 1733 τοσαύτης
679 1698 834 1733 τραγῳδίας
848 1697 925 1732 ἡμᾶς

136 1745 334 1781 περιεστώσης,
358 1745 489 1781 Τριϐαλοὶ
503 1745 553 1777 τὰς
575 1745 624 1780 μὲν
649 1744 704 1771 τῶν
723 1745 752 1770 ἐν
768 1743 924 1778 Μακεδονίᾳ

135 1790 240 1818 πόλεων
264 1790 420 1826 περιιόντες
434 1790 572 1826 ὑπήγοντο
582 1797 590 1804 ⁵
604 1789 655 1821 τὰς
667 1789 708 1821 δὲ,
730 1787 924 1823 στρατεύματα

135 1837 377 1872 περικαθίζοντες,
412 1837 459 1864 καὶ
495 1836 682 1872 μηχανήματα
718 1836 922 1871 προσάγοντες,

135 1882 232 1917 ᾕρουν⁶
250 1883 298 1913 τὰς
313 1882 341 1908 δὲ
358 1882 406 1909 καὶ
421 1881 493 1916 λιμῷ
519 1882 735 1917 παρεστήσαντο.
750 1881 806 1915 Τὴν
822 1881 850 1907 δὲ
867 1881 924 1907 Μυ-

136 1927 192 1953 σῶν
210 1926 341 1961 ὠμότητα
362 1925 480 1961 χαλεπὸν
495 1926 580 1961 ἑτέρῳ
592 1934 631 1960 τῳ
646 1924 817 1960 παραϐαλεῖν
828 1932 834 1939 ·
851 1923 877 1950 οῖ
891 1931 923 1957 γε

135 1971 184 2002 τὰς
205 1971 408 2006 χειμαζομένας
433 1970 488 1996 τῶν
519 1969 663 2004 ἡμετέρων
691 1968 795 1995 πόλεων
819 1967 924 1995 τοσοῦτ’

135 2018 248 2053 ἀπεῖχον
260 2017 378 2052 ἀνέχειν,
391 2016 463 2043 ὥστε
479 2016 527 2046 τὰς
543 2015 593 2050 μὲν
606 2014 752 2050 ἔπραττον,
769 2014 842 2045 ὅπως
858 2013 922 2049 ῥᾷον

134 2061 296 2096 ἀλῴσονται,
313 2059 392 2086 τοῦτο
408 2060 462 2095 γὰρ
476 2059 568 2090 αὐτοῖς
586 2058 712 2093 ἠδύνατο,
725 2058 754 2084 τὸ
766 2058 835 2094 μήτε
848 2057 922 2084 σίτου

138 2107 309 2143 μεταδιδόναι
324 2106 436 2137 ταύταις
454 2104 615 2137 πεινώσαις,
632 2104 732 2136 αὐτοὺς
746 2105 775 2130 έν
794 2104 923 2138 ἀφθόνοις

136 2154 298 2189 διάγοντας·
315 2152 364 2184 τὰς
384 2152 407 2179 δ’
429 2151 517 2184 αὐτοὶ,
545 2151 741 2186 στρατεύματα
767 2151 923 2185 πέμποντες

135 2201 184 2228 καὶ
213 2199 382 2235 στρατηγοὺς
411 2197 540 2230 οἰκείους,
560 2196 729 2232 ἀνέστησαν·
751 2197 798 2223 καὶ
821 2196 856 2223 τὰ
873 2197 923 2231 μὲν

976 1600 1032 1626 cuit
1053 1606 1172 1631 nocere,
1198 1607 1214 1626 a
1238 1599 1341 1626 nostris
1363 1599 1576 1627 abstinuerunt?
1609 1601 1768 1630 Enimvero.

977 1646 1121 1674 barbarico
1133 1646 1241 1673 obrutis
1259 1646 1341 1679 bello,
1355 1654 1387 1673 ac
1399 1654 1462 1674 cum
1480 1651 1554 1674 tanta
1571 1655 1621 1674 nos
1635 1648 1768 1674 malorum

975 1691 1166 1719 circumstaret
1190 1691 1460 1726 tragmdia,Tribali,
1478 1692 1546 1719 alias
1575 1693 1686 1727 quidem
1717 1694 1769 1720 cir-

975 1741 1139 1765 cumeuntes
1156 1736 1320 1765 Macedoniae
1335 1737 1416 1764 urbes
1433 1738 1588 1766 defectione
1607 1739 1769 1772 tcntabant;

974 1782 1040 1810 alias
1058 1782 1176 1810 admotis
1200 1782 1367 1811 exercitibus
1382 1790 1414 1810 ac
1435 1783 1568 1811 trachinis
1588 1787 1767 1819 occupalant,

976 1829 1045 1857 alias
1056 1829 1174 1864 denique
1185 1830 1210 1856 in
1225 1829 1305 1857 latinis
1319 1829 1458 1864 angustias
1468 1830 1620 1858 mittebant.
1630 1830 1768 1866 Mysorum

974 1880 1065 1902 autem
1083 1875 1284 1908 crudelitatem,
1297 1875 1340 1903 vix
1357 1876 1459 1903 habeas
1477 1877 1521 1903 cui
1531 1876 1578 1904 alii
1590 1884 1769 1912 comparave-

977 1922 1022 1948 ris.
1040 1921 1158 1948 Il‘antum
1173 1921 1255 1956 plane
1269 1922 1375 1955 aberat,
1388 1928 1419 1950 ut
1436 1930 1470 1950 ne
1484 1923 1593 1958 jactatis
1606 1929 1768 1959 tempestate

975 1967 1077 1994 nostris
1089 1961 1203 1995 urbibus
1213 1967 1342 2002 praesidio
1355 1973 1458 2003 esssnt,
1469 1974 1497 1996 ut
1507 1969 1574 1997 alias
1585 1970 1768 2005 quidem,quo

974 2012 1055 2040 facile
1077 2017 1254 2047 caperentur,
1276 2014 1441 2041 venderent.
1465 2014 1521 2041 lloc
1536 2015 1609 2042 enim
1624 2015 1658 2042 iis
1674 2023 1768 2050 prom-

975 2061 1052 2092 ptqu
1083 2062 1151 2086 erat.
1169 2057 1242 2092 quod
1259 2058 1331 2085 fame
1360 2058 1463 2093 pressis
1483 2060 1667 2087 necessariam
1682 2069 1768 2088 anno-

975 2109 1049 2135 nam,
1067 2108 1221 2129 commeatu
1240 2103 1292 2138 ipsi
1321 2103 1475 2137 allluentes,
1496 2112 1550 2131 non
1579 2105 1767 2140 impertirent,

975 2148 1042 2175 alias
1071 2147 1182 2175 sibimet
1208 2148 1260 2183 ipsi
1286 2149 1425 2177 submisso
1463 2150 1550 2178 milite
1577 2159 1609 2179 ac
1638 2152 1765 2184 ducibus,

976 2194 1102 2229 proprias
1127 2199 1300 2228 assererent,
1313 2202 1344 2222 ac
1359 2195 1472 2230 quidem
1492 2204 1541 2231 per
1559 2205 1588 2224 se
1604 2197 1657 2232 ipsi
1673 2205 1768 2225 muros

135 2247 213 2282 τείχη
224 2246 257 2273 δι’
272 2245 377 2272 ἑαυτῶν
395 2242 469 2279 εἰχον
482 2264 490 2276 ,
510 2244 555 2270 καὶ
577 2243 699 2278 φρουρὰς
712 2243 806 2274 αὐτοῖς
818 2243 920 2275 οἰκείας

976 2240 1113 2272 tenebant,
1133 2248 1165 2267 ac
1186 2241 1297 2275 propria
1324 2242 1529 2270 constituebant
1548 2243 1696 2278 praesidia“,
1716 2244 1753 2271 mi

136 2294 355 2333 ἐγκαθίστασαν·
381 2293 444 2323 τοὺς
458 2291 487 2318 δὲ
507 2290 700 2325 ταλαιπώρους
717 2291 864 2326 οἰκήτορας
881 2291 925 2317 ἀεὶ

135 2338 329 2369 δουλεύσοντας
353 2337 460 2372 ἀπῆγον
475 2335 514 2367 εἰς
525 2335 575 2370 τὴν
596 2334 696 2362 αὐτῶν.
714 2336 770 2362 Καὶ
788 2335 835 2362 νῦν
852 2335 926 2369 ὁμω-

137 2384 239 2419 νύμους
266 2382 316 2417 μὲν
346 2382 406 2413 ταῖς
434 2380 584 2416 ἡμετέραις
609 2380 721 2406 πόλεσιν
740 2379 823 2412 ἄλλας
851 2378 925 2406 οὗτοι

137 2429 278 2460 συνοικίας
294 2429 340 2454 ἐπὶ
355 2428 404 2462 τῆς
422 2427 512 2454 αὐτῶν
532 2426 636 2462 ᾤκισαν
653 2426 686 2453 δι’
701 2425 789 2453 αὐτῶν
801 2433 808 2441 '
824 2426 924 2460 φόρους

137 2475 164 2501 δὲ
180 2473 326 2505 τοσούτους
340 2473 511 2507 ὲκλέγουσιν,
531 2472 603 2498 ὅσων
618 2471 674 2498 οὐδ’
690 2472 723 2498 ἂν
731 2472 762 2498 τὸ
778 2471 925 2498 πολλοστὸν

136 2519 297 2555 εἰσέπραξεν
320 2520 337 2554 ἡ
359 2518 414 2545 τῶν
435 2517 582 2553 βαρϐάρων
603 2517 796 2552 ἁπανθρωπία.
828 2517 924 2544 Καίτοι

135 2565 222 2593 ταῦτα
237 2565 390 2598 ποιοῦντες,
414 2565 465 2599 οὐχ
477 2565 551 2599 ἡμᾶς
568 2564 617 2599 μὲν
632 2564 755 2598 ἠδίκουν,
777 2564 870 2595 αὐτοῖς
896 2563 924 2590 δὲ

138 2612 299 2639 συνοίσοντα
329 2611 522 2638 ἐϐουλεύοντοο
553 2610 620 2637 ἀλλὰ
635 2610 763 2637 τοσοῦτον
786 2609 833 2637 τοῦ
855 2610 924 2644 προς

136 2658 210 2694 ἡμᾶς
225 2657 319 2693 μίσους
335 2658 426 2688 αὐτοῖς
441 2657 550 2691 περιῆν,
574 2655 638 2682 ὥσθ’
657 2656 727 2690 ὑπὲρ
741 2655 788 2682 τοῦ
806 2656 840 2682 τὰ
856 2655 925 2691 ἡμέ-

135 2715 201 2742 τερα
216 2705 318 2732 κακοῦν
331 2703 448 2740 ᾑροῦντο
468 2703 515 2729 καὶ
527 2703 605 2729 αὐτοὶ
624 2702 657 2728 τὰ
667 2702 755 2728 οἰκεῖα
769 2702 924 2736 προσαπολ-

134 2753 224 2780 λὲναι,
244 2753 293 2783 ¹¹Δς
316 2753 371 2786 γὰρ
397 2750 537 2786 ἡμετέρας
562 2749 641 2777 «tu
664 2747 792 2784 διῴκιζον
819 2749 921 2781 πόλεις,

133 2796 214 2825 αὗται
231 2799 264 2834 τῇ
289 2798 393 2825 τούτων
409 2796 470 2823 ἀντὶ
484 2796 590 2831 τείχους
614 2795 774 2830 ἐγίγνοντο·
803 2796 851 2823 καὶ
866 2797 922 2828 τοῖς

133 2844 282 2879 βαρϐάροις
310 2839 438 2878 ἀσχολίαν
463 2843 654 2878 παρέχουσαι,
682 2842 792 2877 μέλλειν
811 2842 922 2869 ἐποίουν

134 2891 227 2922 αὐτοῖς
245 2890 275 2917 τὸ
293 2890 387 2923 κακὸν,
399 2890 460 2917 ἀντὶ
482 2889 530 2916 τοῦ
545 2891 683 2924 παρεῖναι.
699 2889 785 2924 Δῆλον
795 2889 840 2916 δέ·
858 2888 918 2916 τού-

976 2293 1052 2313 seros
1083 2290 1173 2313 autem
1206 2287 1324 2320 incolas,
1357 2293 1497 2322 perpetuae
1528 2289 1595 2324 iugo
1625 2289 1767 2317 servitutis

975 2333 1112 2366 addictos,
1130 2342 1144 2361 a
1165 2333 1253 2369 patria
1279 2334 1464 2363 abducebant.
1483 2336 1535 2364 Sed
1555 2342 1582 2364 et
1610 2337 1702 2370 modo,
1715 2345 1765 2364 no-

975 2379 1038 2406 stris
1064 2380 1228 2415 cognomina
1256 2379 1372 2407 urbibus
1391 2381 1491 2415 oppida
1506 2382 1533 2408 in
1555 2382 1613 2410 suis
1629 2382 1680 2418 ipsi
1694 2383 1767 2409 sedi-

976 2425 1028 2452 bus
1043 2433 1092 2460 per
1110 2433 1157 2452 eos
1173 2429 1386 2459 exstruxerunt,
1401 2432 1511 2462 tamque
1533 2428 1666 2455 immensa
1683 2428 1767 2455 vccti—

976 2472 1046 2507 galia
1073 2471 1215 2506 colligunt,
1235 2476 1265 2499 ut
1291 2480 1326 2500 ne
1348 2474 1490 2508 exigendis
1513 2474 1697 2502 Barbarorum
1718 2477 1767 2501 in-

976 2517 1093 2544 manitas
1113 2518 1208 2545 tnultis
1231 2519 1357 2553 partibus
1374 2519 1407 2546 ad
1435 2528 1467 2547 ea
1499 2521 1621 2548 accedat.
1644 2520 1764 2548 Tamet:i

976 2564 1035 2591 hac
1051 2568 1175 2598 agentes.
1199 2564 1272 2591 haud
1304 2566 1341 2592 ita
1362 2565 1510 2600 habebant,
1528 2574 1557 2594 ut
1581 2574 1632 2594 nos
1652 2567 1763 2602 quidem

976 2609 1119 2643 laederent,
1138 2610 1190 2638 sibi
1207 2615 1298 2638 autem
1315 2612 1388 2647 quod
1404 2620 1418 2640 e
1433 2621 1461 2641 re
1475 2618 1548 2641 esset
1562 2613 1739 2640 consulerent
1757 2624 1762 2640 :

975 2656 1042 2690 quin
1065 2656 1121 2684 imo
1135 2664 1167 2684 ca
1193 2657 1220 2684 in
1239 2666 1290 2686 nos
1318 2658 1475 2686 ferebantur
1487 2660 1543 2687 odii
1559 2661 1763 2695 cxsttpcrantiz,

976 2707 1006 2730 ut
1018 2703 1100 2731 modo
1115 2709 1247 2731 nocerent
1262 2705 1373 2737 nostris.
1391 2714 1438 2733 sua
1460 2706 1510 2738 ipsi
1528 2706 1644 2733 libentes
1660 2708 1738 2741 parin
1752 2715 1764 2732 r

975 2749 1133 2783 perderent.
1147 2748 1220 2782 Quas
1246 2751 1320 2777 enim
1344 2751 1380 2777 illi
1406 2755 1516 2779 nostras
1532 2752 1700 2786 dissiparant
1716 2760 1764 2780 ur-

975 2795 1033 2827 bes,
1048 2803 1144 2823 eorum
1161 2796 1274 2824 sedibus
1289 2798 1360 2824 muri
1376 2797 1437 2824 loco
1461 2802 1558 2831 erant,
1575 2798 1763 2833 Bnrbarosqne

974 2847 1153 2876 occupantes,
1178 2842 1301 2869 futurum
1325 2843 1376 2874 eis,
1403 2843 1465 2870 loco
1490 2844 1631 2878 przesentis
1661 2845 1762 2871 malum

974 2889 1122 2918 faciebant.
1151 2891 1188 2918 Ac
1220 2890 1306 2925 liquet
1336 2899 1342 2917 :
1374 2890 1408 2918 iis
1432 2891 1505 2918 enim
1531 2890 1688 2924 dedructis,
1707 2892 1762 2927 jam
