1942 3090
209 152 243 182 75
809 147 999 179 DEMETRII
1029 148 1183 180 CYDONII

1770 149 1824 181 976

188 205 302 242 quidem
320 204 471 233 Trinabum
501 204 639 238 muniunt,
655 204 764 239 aliaque
778 205 898 233 obsessa:
919 206 975 234 urbi

1033 214 1087 233 των
1101 205 1155 240 γὰρ
1167 205 1379 241 καθῃρημένων,
1389 204 1523 240 Τρίναϐον
1537 204 1586 240 μὲν
1598 205 1648 241 ἠδη
1659 205 1822 241 τειχίζουσι,

190 252 320 288 ρι’τεδὶᾶίο
345 252 439 279 futura
453 251 600 283 inducunt,
616 251 657 278 sic
680 251 788 286 liquido
803 252 875 287 quod
892 251 979 280 inter-

186 301 260 335 jacet
273 299 411 334 Mysorum
424 302 466 325 est
485 297 592 332 prada,
615 296 728 324 Barbari
746 301 851 330 autem,
863 297 980 325 liberius

188 354 287 373 eorum
316 344 448 372 invadent
471 349 569 376 terras,
585 351 668 379 quam
683 344 774 371 colant
793 351 874 375 suas.
888 352 981 372 nunc-

189 400 243 427 que
264 392 331 419 alias
359 391 410 426 ipsi
443 394 569 426 quaerunt
593 390 683 424 sedes,
707 394 837 425 tanquam
857 389 926 417 nihil
945 389 979 418 ab

190 439 313 467 hostium
326 438 436 466 sedibus
451 445 516 465 suas
530 437 642 465 differre
656 437 782 465 credant.

224 531 317 557 Hosne
326 536 403 564 ergo,
417 535 484 562 rogo
498 532 534 560 te,
550 527 615 555 belli
630 527 720 555 socios
735 527 858 554 vocaturi
872 534 979 560 sumus,

185 576 288 611 quibus
311 575 333 602 si
356 574 422 609 quid
439 573 518 601 nobis
539 573 682 600 infortunii
703 573 817 606 accidat,
833 572 979 599 commodo

187 622 223 648 sit
241 628 400 652 cessurum,
421 627 544 654 quosque
571 619 651 646 malis
675 618 789 650 nostris,
804 626 900 645 omnes
916 626 980 653 pro-

187 674 281 696 vectos
308 668 414 695 sciant?
439 667 574 694 Caeterum
606 665 671 701 quid
695 673 727 692 ea
749 665 825 692 dixi?
852 665 979 699 Optimus

185 715 259 742 enim
284 718 378 741 noster
405 713 566 747 imperator,
578 717 641 747 post
658 712 759 739 multas
777 711 928 746 legationes
947 718 979 738 ac

185 762 302 788 collatos
316 767 469 791 sermones,
487 759 589 794 quibus
616 759 643 785 iu
669 758 733 785 belli
751 758 912 786 societatem
930 758 979 784 ad-

185 805 327 833 ducendos
342 804 481 840 sperabat,
505 804 594 838 ipsum
616 803 713 835 filium.
730 803 839 838 imperii
854 802 978 830 futurum

184 859 387 883 successorem,
400 850 434 877 ad
452 850 609 885 nuptiarum
633 849 736 876 fmdera
760 856 823 876 cum
841 848 976 883 principis

1034 252 1081 279 καὶ
1093 252 1168 279 τᾶλλ’
1186 248 1224 279 ὧν
1251 251 1291 278 δεῖ
1309 252 1365 283 τοῖς
1385 251 1638 286 πολιορκουμένοις,
1662 251 1821 286 είσάγουσι·

1032 297 1119 329 οὕτως
1134 298 1264 332 ἄντικρυς
1273 297 1375 324 Μυσῶν
1389 296 1448 323 λεία
1460 297 1490 323 τδ
1503 297 1618 332 μεταξύ.
1631 297 1662 324 οι
1676 297 1703 324 δὲ
1720 297 1823 332 βάρϐα-

1034 352 1074 378 ροι
1094 343 1163 378 μετὰ
1184 343 1305 376 πλείονος
1320 343 1411 370 ἐπίασι
1423 343 1472 380 τὴν
1489 344 1590 375 αὐτῶν,
1619 344 1637 379 ἦ
1653 343 1759 370 οίκοῦσι
1771 344 1822 379 τὴν

1031 390 1122 416 αὐτῶν
1133 398 1140 405 ·
1162 391 1210 417 καὶ
1225 390 1272 417 νῦν
1288 390 1373 425 ἀλλην
1391 389 1519 425 ζητοῦσιν
1539 390 1573 426 ἢν
1592 390 1734 424 οἰκήσουσι
1749 390 1802 425 γῆν
1813 398 1821 405 ’

1031 436 1068 468 ὡς
1083 435 1134 470 τήν
1155 444 1188 470 γε
1206 436 1275 463 ίδίαν
1298 436 1374 463 οὐδὲν
1393 436 1443 472 τῆς
1460 436 1594 471 πολεμίας
1620 436 1822 463 πεπιστεύκασι

1030 482 1182 517 διαφέρειν.

1066 529 1183 560 Τούτους
1194 529 1294 561 τοίνυν,
1309 530 1371 556 είπέ
1398 538 1454 564 μοι,
1471 529 1622 564 καλέσομεν
1647 528 1821 564 συμμάχους,

1030 573 1081 607 οἷς,
1090 575 1123 602 ἄν
1136 583 1163 601 τι
1180 576 1350 610 πταίσωμεν,
1361 575 1471 611 εὕρημα
1482 576 1600 610 γίνεται,
1616 575 1663 601 καὶ
1674 575 1721 607 οὒς
1735 575 1823 601 ᾶπαν-

1030 630 1075 653 τες
1090 622 1182 648 ἴσασιν
1211 622 1243 648 ὲκ
1259 623 1313 648 τῶν
1337 622 1482 657 ἡμετέρων
1510 621 1603 648 κακῶν
1626 622 1820 656 ηὖξημένους;

1030 667 1127 694 Καίτοι
1144 667 1170 694 τί
1183 667 1269 694 ταῦτα
1283 664 1377 700 εἷπονς
1405 667 1434 694 '0
1448 667 1502 702 γὰρ
1517 668 1606 694 πάντα
1622 668 1732 703 ἀριστος
1745 667 1823 702 βασι-

1030 714 1103 746 λεὺς,
1116 715 1130 740 ὁ
1143 714 1289 749 ἡμέτερος,
1301 713 1383 748 λέγω,
1400 715 1469 748 μετά
1487 714 1588 746 πολλὰς
1605 714 1756 750 πρεσϐείας
1772 715 1822 742 καὶ

1029 760 1136 794 λόγους,
1152 757 1191 791 οἷς
1203 760 1319 795 ἦλπισεν
1335 761 1433 792 αὐτοὺς
1446 761 1486 792 είς
1498 763 1548 796 τὴν
1562 761 1723 795 συμμαχίαν
1735 769 1823 794 προσ-

1030 806 1153 839 άξεσθαι,
1163 806 1211 833 καὶ
1224 806 1270 833 τδν
1286 806 1343 833 υἱὸν
1352 805 1435 833 αὑτοῦ
1448 806 1493 833 τὸν
1515 806 1574 841 μετ’
1589 799 1671 833 αὐτὸν
1693 806 1820 842 βασιλέα,

1029 853 1078 887 τὴν
1096 852 1233 888 θυγατέρα
1249 852 1296 879 τοῦ
1311 852 1413 879 Μυσῶν
1424 853 1554 888 ἄρχοντος
1570 853 1711 888 ἠνάγκασε
1727 854 1823 887 γυναῖ-

184 898 320 934 Mysorum
345 897 416 929 lilia,
439 902 539 931 putans
566 896 607 923 sic
638 895 846 930 pelliciendum,
875 894 975 929 adegit.

1029 908 1064 925 κα
1078 899 1180 931 λαϐεῖν,
1197 898 1284 934 ταύτῃ
1299 899 1400 934 μᾶλλον
1408 899 1532 934 οίόμενος
1548 898 1629 926 αὐτὸν
1642 899 1831 933 ἐφέλκεσθαι-⁵

184 945 267 979 Atqui
286 945 378 972 sciunt
397 951 504 973 omnes,
529 950 609 977 quam
629 942 682 969 hoc
706 942 876 977 coniugium,
889 941 977 976 impe-

184 992 269 1019 ratori
311 991 423 1025 quidem
458 989 588 1017 dedecori
628 988 730 1022 fuerit,
755 996 786 1016 ac
812 988 975 1024 abjectioni,

183 1045 323 1074 quamque
339 1037 379 1064 illi
396 1036 489 1072 gloria:
504 1043 536 1063 ac
559 1035 711 1070 splendori.
729 1035 836 1070 Ergone
851 1038 924 1062 tanta
943 1034 978 1062 ab

184 1085 351 1119 imperatore
364 1084 451 1118 gratia
468 1082 574 1115 donati,
587 1081 699 1109 reveriti
715 1086 779 1108 sunt
800 1081 976 1114 beneﬁcium,

184 1139 217 1158 ac
230 1130 271 1157 vel
289 1130 435 1157 minimutn
462 1128 528 1164 quid
552 1128 586 1155 ad
607 1127 842 1155 remunerationis
857 1126 976 1162 speciem

184 1177 313 1204 conferre
329 1175 504 1211 cogitat-unt?
520 1174 597 1201 Haud
616 1174 697 1208 plane
713 1183 719 1200 :
739 1173 846 1200 tametsi
858 1173 977 1200 necdum

184 1223 329 1250 conciliata
346 1221 487 1255 alliuitatc,
503 1221 594 1248 omnia
614 1220 831 1255 pollicebantur;
847 1228 879 1247 ac
895 1224 977 1254 quot-

184 1272 251 1302 quot
270 1267 402 1302 promissa
423 1266 595 1294 firmantibus
615 1273 712 1293 eorum
731 1264 913 1292 sacramentis
930 1264 978 1290 ad-

184 1313 318 1340 hibebant
341 1312 474 1344 animum,
490 1312 624 1346 optimum
643 1311 738 1338 iniisse
765 1310 910 1337 consilium
928 1310 979 1337 im-

184 1364 341 1394 peratorem
369 1357 548 1384 affirmarent.
572 1357 721 1384 Enimvero
739 1363 801 1384 cum
828 1357 978 1384 necessitas

181 1407 306 1434 vocaret,
335 1409 370 1428 tte
399 1401 503 1432 navim,
533 1409 569 1428 ne
597 1401 729 1435 equitem,
760 1409 795 1428 ne
824 1401 977 1436 simplicem

183 1446 312 1478 militem,
329 1452 363 1472 ne
382 1452 466 1472 unum
493 1443 604 1471 obolum
634 1445 809 1479 protulerunt
829 1453 835 1470 :
857 1446 924 1480 quin
941 1445 978 1472 ita

184 1493 212 1519 in
226 1492 311 1518 linem
327 1498 413 1526 usque
437 1490 561 1525 improbe
575 1489 627 1517 sibi
648 1489 784 1525 agendum
800 1494 976 1525 putaverunt,

184 1544 215 1567 ut
242 1546 304 1566 cum
333 1538 482 1573 imperator
518 1537 545 1564 in
577 1536 716 1572 Illyricum
744 1544 775 1563 ac
808 1537 976 1564 Pannoniam

1030 945 1121 972 Καίτοι
1140 945 1242 976 πάντες
1259 945 1360 979 ίσασιν,
1377 946 1442 981 ὅσην
1463 946 1477 972 ὁ
1494 945 1582 980 γάμος
1597 942 1674 976 οὗτος
1688 946 1727 980 τῷ
1743 945 1822 979 βασι-

1028 990 1070 1017 λεῖ
1084 991 1133 1025 μὲν
1146 990 1256 1025 ἀδοξίαν
1273 991 1320 1017 καὶ
1332 991 1630 1026 ταπεινότητα,ὲκείνῳ
1645 991 1675 1017 δὲ
1691 990 1822 1018 εΰκλειαν

1029 1036 1156 1070 ἤνεγκεν.
1172 1034 1237 1071 'Ap'
1251 1035 1298 1062 οὖν
1313 1035 1443 1071 τοιαύτης
1461 1037 1554 1068 αὐτοῖς
1565 1037 1676 1072 χάριτος
1685 1038 1733 1064 τοῦ
1744 1036 1822 1071 βασι-

1029 1083 1096 1113 λέως
1115 1082 1299 1118 ὑπάρξαντος,
1314 1081 1489 1118 ᾐσχύνθησαν
1505 1082 1554 1116 τὴν
1572 1083 1745 1117 εὐεργεσίαν,
1772 1082 1821 1109 καί

1028 1136 1054 1153 τι
1069 1127 1117 1154 καὶ
1130 1128 1196 1161 παρ’
1221 1127 1311 1154 αὐτῶν
1332 1127 1427 1162 σχῆμα
1446 1126 1510 1161 γοῦν
1525 1127 1645 1162 ἀμοιϐῆς
1664 1127 1725 1162 ἔχον
1740 1128 1820 1161 γενέ-

1030 1173 1093 1200 σθαι
1119 1173 1315 1209 διενοήθησανς
1333 1172 1477 1207 Οὐδαμῶς.
1508 1174 1605 1200 Καίτοι
1624 1173 1676 1208 πρὸ
1693 1173 1744 1207 τῆς
1769 1182 1820 1207 κη-

1029 1221 1102 1253 δείας
1117 1220 1197 1247 πάνθ’
1222 1219 1404 1255 ὑπισχνοῦντο
1415 1227 1421 1234 ·
1446 1219 1492 1246 καὶ
1509 1219 1608 1251 πάντες
1623 1220 1664 1250 είς
1685 1219 1730 1251 οὓς
1747 1219 1819 1254 ὑπὲρ
1842 1254 1851 1258 _

1028 1267 1133 1294 τούτων
1158 1265 1288 1300 ὤμνυσαν
1317 1265 1416 1300 ὅρκους
1441 1265 1570 1300 ὁρῶντες,
1585 1265 1676 1297 καλῶς
1697 1265 1820 1299 ἔφασκον

1030 1311 1222 1347 βεϐουλεῦσθαι
1234 1311 1281 1338 τὸν
1298 1310 1420 1345 βασιλέα.
1443 1310 1523 1337 Ἀλλά
1538 1311 1588 1346 τῆς
1603 1311 1698 1346 χρείας
1721 1310 1819 1337 καλού-

1030 1365 1091 1392 σης,
1113 1357 1143 1383 οὺ
1168 1356 1252 1389 ναῠν,
1267 1356 1318 1390 οὐχ
1336 1355 1433 1388 ίππέα,
1451 1355 1499 1390 οὐχ
1523 1355 1636 1390 ὁπλίτην
1658 1355 1749 1390 ψιλὸν,
1769 1356 1820 1382 οὐκ

1028 1401 1121 1428 ὀϐολὸν
1137 1401 1185 1428 ἕνα
1201 1401 1326 1436 προεῖντο
1338 1407 1345 1415 ’
1360 1400 1417 1427 ἀλλ’
1432 1399 1505 1427 οὕτω
1518 1400 1563 1428 διὰ
1577 1400 1671 1432 τέλους
1689 1401 1818 1436 ἀγνωμο-

1028 1450 1084 1476 νεῖν
1098 1447 1182 1484 ῷοντο
1196 1448 1262 1479 δεῖν,
1274 1447 1313 1478 ὡς
1337 1448 1384 1473 καὶ
1399 1447 1446 1473 τοῦ
1463 1446 1596 1482 βασιλέως
1610 1447 1653 1473 ἐπ’
1668 1448 1819 1482 Ἰλλυριοὺς

1029 1495 1076 1522 καὶ
1104 1495 1220 1525 Παίονας
1238 1493 1389 1528 ἀποδημεῖν
1407 1493 1568 1527 ἐγνωκότος,
1597 1494 1645 1520 καὶ
1662 1493 1695 1520 δι’
1718 1493 1818 1521 ἑαυτοῦ

1031 1540 1135 1566 πείθειν
1155 1538 1359 1574 ἐπιχειροῦντος
1375 1537 1491 1573 ἀμύνειν
1510 1538 1596 1573 αὐτῷ,
1612 1539 1688 1565 αὐτοὶ
1706 1538 1818 1573 πρῶτον

183 1584 319 1621 proficisci
333 1584 511 1616 decrevisset,
537 1583 648 1618 ipseque
666 1590 716 1618 per
738 1583 813 1610 viros
843 1582 975 1611 inducere

1029 1586 1078 1622 μὲν
1095 1585 1174 1612 πάντ’
1191 1585 1309 1616 ἐκίνουν,
1325 1584 1359 1611 δι’
1375 1582 1412 1611 ὧν
1425 1583 1539 1620 ἤλπιζον
1553 1584 1636 1611 αὑτὸν
1649 1585 1818 1620 ἀποστήσειν

184 1635 215 1657 ut
241 1629 407 1657 vindicando
435 1629 546 1659 auxilia,
573 1629 687 1662 darent;
719 1629 838 1664 primum
864 1629 974 1665 quidem

183 1676 222 1703 illi
241 1675 309 1702 nihil
326 1683 380 1702 nou
396 1675 543 1707 moverint,
559 1674 660 1710 quibus
675 1675 709 1702 ab
724 1675 857 1711 ejusmodi
871 1676 975 1710 optimo

182 1722 300 1750 consilio
328 1722 524 1749 retrahendum
555 1726 699 1756 sperarent
718 1729 725 1749 :
742 1721 789 1748 ubi
815 1725 907 1748 autem
924 1721 976 1748 mi-

183 1768 256 1796 nime
287 1768 491 1803 persuasisscut
515 1768 665 1795 annuerint
693 1767 815 1802 quidem,
841 1775 874 1794 ac
902 1772 975 1794 recte

181 1813 285 1841 habere
303 1813 375 1848 qttod
390 1813 544 1840 consultum
564 1818 639 1840 esset
653 1812 716 1839 fassi
732 1813 806 1844 sint;
825 1819 906 1847 quam
918 1812 975 1840 cito

183 1866 276 1888 tamen
296 1851 378 1895 'quas
404 1859 468 1886 inde
499 1859 622 1886 licuisset
652 1859 835 1886 adducentem
870 1858 973 1892 copias,

183 1906 285 1933 reverti
304 1905 479 1937 monuerint;
494 1903 567 1939 quod
585 1903 721 1938 reliquum
745 1903 886 1930 videretur
897 1902 974 1938 adje-

182 1957 278 1979 eturos
292 1959 332 1982 se,
348 1958 380 1978 ac
399 1951 505 1978 alacres
522 1949 617 1977 sociali
635 1949 707 1976 bello
723 1949 842 1981 futuros,
858 1949 974 1984 ejusque

182 1998 270 2032 gratia
296 1996 364 2023 nihil
390 2004 445 2023 non
464 1995 618 2024 molituros.
631 1995 720 2030 Atque
735 1995 793 2022 haec
809 1995 919 2030 quidem
935 1995 974 2023 illi

182 2043 393 2078 pollicebantur.
411 2043 480 2070 Num
497 2046 590 2070 autem
605 2042 697 2069 verbis
713 2049 758 2069 res
770 2042 973 2077 responderint.

183 2093 258 2116 certo
274 2096 356 2116 nosse
373 2088 448 2120 licet,
460 2096 493 2115 ex
510 2088 544 2115 iis
558 2095 617 2123 quae
629 2088 799 2115 acciderunt.
813 2087 882 2115 Olim
898 2087 972 2115 enim

182 2135 296 2162 Barbari
311 2135 439 2162 veniente
465 2134 629 2169 imperatore
646 2141 742 2170 pmnas
756 2135 905 2167 dedissent,
919 2134 971 2161 nisi

183 2180 224 2208 illi
241 2180 324 2207 sociis
350 2188 382 2215 ac
406 2179 644 2207 commilitonibus
659 2179 719 2206 vias
743 2177 972 2210 interclusissent,

1025 1633 1080 1659 τῶν
1097 1631 1187 1664 καλῶς
1204 1631 1382 1666 ἐγνωσμένων
1395 1639 1401 1647 '
1427 1630 1465 1662 ὡς
1479 1630 1500 1657 δ’
1518 1630 1568 1657 οὐκ
1588 1631 1706 1662 ἔπειθον,
1724 1631 1815 1658 ἐνδόν-

1025 1687 1081 1711 τες,
1098 1679 1145 1705 καὶ
1161 1677 1251 1708 καλῶς
1267 1677 1339 1711 ἔχειν
1355 1676 1480 1708 είπόντες
1489 1676 1523 1703 τὰ
1541 1676 1753 1711 βεϐουλευμένα,
1766 1678 1817 1712 τὴν

1025 1722 1155 1757 ταχίστην
1175 1721 1356 1756 ἀναστρέφειν
1376 1719 1524 1755 παρῄνουν,
1554 1721 1620 1756 ὅσην
1648 1721 1681 1748 ἀν
1703 1721 1818 1756 δύνηται

1025 1769 1141 1804 δύναμιν
1157 1762 1343 1802 ἐπαγόμενον·
1365 1767 1415 1802 τὴν
1429 1767 1457 1793 δὲ
1473 1767 1570 1802 λοιπὴν
1586 1767 1753 1803 προσθήσειν
1768 1769 1818 1796 αὑ-

1025 1816 1100 1847 τοὺς,
1116 1815 1163 1842 καὶ
1185 1813 1479 1850 συμπροθυμήσεσθαι,
1512 1815 1560 1840 καὶ
1582 1814 1671 1840 πάντα
1699 1815 1818 1850 πράξειν

1026 1861 1096 1896 ὑπὲρ
1111 1861 1205 1889 αὐτοῦ.
1233 1860 1328 1888 Ταῦτα
1346 1860 1393 1895 μὲν
1415 1857 1484 1896 ἦσαν
1502 1861 1531 1886 ἐν
1552 1857 1593 1891 οἷς
1617 1861 1815 1896 ὑπισχνοῦντο·

1025 1908 1050 1934 εί
1063 1908 1086 1934 δ’
1101 1905 1141 1939 οἷς
1155 1907 1258 1941 ἔλεγον,
1275 1907 1367 1933 καὶτὰ
1383 1907 1437 1933 ἀπὸ
1451 1905 1504 1932 τῶν
1517 1907 1688 1941 πραγμάτων
1704 1908 1816 1942 συνέϐη,

1025 1953 1130 1986 ἔξεστιν
1147 1953 1178 1978 ὲκ
1194 1952 1247 1978 τῶν
1258 1951 1418 1978 ἀποϐάντων
1430 1951 1478 1986 τὴν
1487 1952 1642 1988 μαρτυρίαν
1653 1952 1816 1986 λαμσάνειν.

1026 2000 1114 2027 Πάλαι
1130 1998 1183 2034 γὰρ
1193 1999 1225 2025 ἂν
1239 1998 1317 2033 δίκην
1330 1998 1424 2024 ἔδοσαν
1439 1998 1464 2024 ot
1475 1997 1608 2033 βάρϐαροι
1622 1998 1669 2025 τοῦ
1683 1999 1818 2033 βασιλέως

1025 2044 1160 2075 ἐλθόντος,
1178 2044 1203 2069 εί
1222 2042 1259 2078 μὴ
1284 2044 1341 2074 τοῖς
1368 2043 1524 2077 συμμάχοις
1551 2039 1625 2070 οὗτοι
1648 2042 1696 2075 τὰς
1714 2043 1816 2075 διόδους

1026 2089 1205 2120 ἀπέκλεισαν,
1234 2088 1280 2114 καὶ
1306 2088 1369 2119 τοὺς
1398 2087 1555 2123 βαρϐάρους
1571 2089 1639 2123 ἡμῖν
1657 2088 1704 2115 τοῦ
1719 2090 1817 2124 θέρους

1025 2135 1177 2170 ἐπήγαγον,
1188 2133 1283 2160 οὐδένα
1299 2133 1392 2160 λοιπὸν
1405 2133 1535 2165 δεδιότας.
1551 2134 1628 2160 Ὢστ⁹
1642 2135 1670 2161 εί
1679 2143 1720 2166 τις
1733 2135 1816 2170 ἄχθε-

1025 2189 1070 2206 ⁵ται
1087 2179 1142 2210 τοῖς
1158 2179 1290 2214 παροῦσι.
1310 2179 1417 2211 τούτοις
1446 2180 1496 2213 τὴν
1529 2180 1620 2206 αἰτίαν
1641 2181 1696 2207 τῶν
1721 2182 1817 2207 κακῶν

182 2225 266 2260 inque
296 2232 347 2252 nos
374 2230 478 2258 aestate,
505 2225 575 2252 nihil
602 2225 658 2260 jam
689 2225 816 2252 timentes
838 2223 974 2251 Barbaros

1029 2225 1186 2260 λογιζέσθω.
1207 2225 1248 2257 Ὠς
1262 2226 1289 2252 ετ
1304 2225 1329 2258 γ’
1345 2225 1475 2260 ἐμμένειν
1497 2222 1571 2252 οὗτοι
1586 2227 1641 2257 τοῖς
1658 2227 1817 2262 ὑπεσχημέ-

181 2272 372 2300 immisissent.
384 2271 568 2306 Quamobrem
582 2272 604 2299 si
623 2271 685 2307 quis
703 2279 795 2298 rerum
813 2274 973 2306 praesentem

181 2324 284 2347 statum
308 2319 424 2346 moleste
451 2318 545 2350 habet,
562 2319 701 2346 malorum
715 2318 756 2345 eis
775 2318 892 2352 imputet
910 2324 976 2344 cau-

181 2372 252 2391 sam.
264 2364 355 2399 Atque
372 2363 454 2396 adeo,
471 2364 549 2391 utilli
559 2363 719 2390 voluissent
733 2363 875 2398 promissis
890 2367 973 2394 stare,

181 2417 238 2437 non
257 2409 345 2437 modis
357 2409 485 2437 omnibus
501 2417 545 2437 res
559 2408 728 2436 confundere
741 2416 772 2435 ac
785 2408 973 2444 pessumdare,

181 2455 247 2483 olim
268 2463 320 2482 nos
342 2463 356 2482 a
378 2454 564 2482 Barbarorum
590 2455 691 2490 injuria
718 2454 800 2482 liberi
818 2461 973 2489 ageremus,

175 2502 312 2536 (omnique
327 2501 526 2536 tranquillitate
545 2501 628 2528 urbes
645 2501 839 2528 iucolercmtts.

198 2541 283 2581 ’Quis
309 2555 386 2582 ergo,
403 2547 455 2574 nisi
480 2546 593 2573 insanus
620 2551 673 2576 est.
691 2546 734 2573 vel
755 2545 894 2573 modicutn
907 2545 974 2580 quid

181 2595 216 2622 ab
235 2594 290 2622 illis
311 2593 475 2628 speraverit,
490 2593 592 2628 quibus
609 2597 702 2620 nostra
729 2593 811 2623 mala.
827 2600 876 2620 sua
901 2593 976 2628 ipso-

184 2649 244 2668 rum
274 2641 362 2668 salute
387 2638 588 2667 chariora.sint
612 2646 645 2666 ac
662 2639 814 2666 studiosius
842 2639 975 2674 quaesita?

183 2687 325 2724 Siquidem
341 2694 407 2722 ergo
433 2690 464 2713 ut
490 2685 606 2722 Scythas
620 2685 701 2713 nobis
716 2686 898 2713 auxiliaturos
911 2694 975 2721 spe-

182 2743 286 2768 remus,
302 2742 404 2762 vanutu
422 2737 479 2767 est;
497 2737 526 2760 ut
548 2733 673 2760 Tribalos
688 2732 854 2765 ridiculum;
873 2737 904 2760 ut
918 2733 975 2768 My-

181 2789 227 2810 sos
240 2781 309 2808 nihil
322 2780 355 2808 ad
370 2788 446 2815 spem
463 2780 636 2807 commodum
648 2798 655 2811 ,
670 2778 760 2806 nostri
777 2785 843 2806 vero
857 2786 973 2813 quorum

181 2828 289 2864 pridem
307 2826 395 2854 virtus
417 2826 524 2854 defecta
541 2826 588 2857 sit,
604 2824 678 2852 nulla
696 2824 766 2852 ratio
779 2824 906 2852 habenda
920 2829 972 2857 est,

184 2882 270 2910 quem
291 2874 418 2909 pmscuti
436 2873 566 2908 deinceps
590 2871 700 2907 negotio
715 2871 907 2899 auxiliatorcm
925 2879 973 2899 vo-

1026 2280 1081 2303 νοις
1099 2271 1251 2302 ἐϐούλοντο,
1278 2272 1325 2297 καὶ
1351 2272 1388 2306 μὴ
1404 2272 1491 2298 πάντα
1506 2271 1606 2307 τρόπον
1635 2275 1747 2307 συγχεῖν
1769 2274 1816 2300 καὶ

1026 2319 1196 2354 διαφθείρειν
1215 2318 1249 2344 τὰ
1265 2318 1427 2353 πράγματα,
1442 2318 1527 2346 πάλαι
1543 2318 1576 2345 ἂν
1601 2319 1681 2354 ἡμεῖς
1697 2319 1747 2353 τῆς
1762 2320 1816 2344 τῶν

1028 2364 1176 2400 βαρϐάρων
1191 2363 1298 2397 ὕϐρεως
1319 2364 1518 2399 ἀπηλλάγμεθα
1528 2383 1536 2397 ,
1552 2364 1599 2390 καὶ
1625 2364 1685 2399 μεθ’
1699 2364 1816 2401 ἡσυχίας

1026 2411 1075 2443 τὰς
1090 2410 1183 2442 πόλεις
1200 2409 1338 2445 ᾠκοῦμεν.

1061 2548 1109 2580 Τίς
1122 2546 1180 2581 οὖν,
1197 2547 1275 2579 εἴτις
1291 2546 1329 2582 μὴ
1356 2547 1492 2582 μαίνοιτο,
1508 2545 1620 2582 μέτριον
1641 2546 1674 2573 ἄν
1697 2553 1725 2571 τι
1738 2545 1816 2580 παρά

1025 2594 1129 2621 τούτων
1155 2593 1275 2627 ἐλπίσαι,
1301 2590 1342 2625 οἷς
1366 2592 1402 2619 τὰ
1418 2592 1540 2628 ἡμέτερα
1567 2591 1639 2618 κακά
1657 2593 1709 2626 τῆς
1725 2591 1817 2618 αὐτῶν

1026 2641 1165 2675 σωτηρίας
1176 2640 1277 2675 μᾶλλον
1290 2639 1487 2672 σπουδάζεται;
1505 2639 1609 2665 Οὐκοῦν
1626 2639 1650 2665 εί
1664 2639 1695 2665 τὸ
1708 2638 1815 2669 Σκύθας

1027 2688 1075 2722 μὲν
1089 2688 1154 2722 ἡμῖν
1167 2687 1275 2722 βοηθεῖν
1291 2686 1386 2718 ἕωλον,
1403 2687 1490 2721 γέλως
1509 2685 1537 2712 δὲ
1552 2686 1568 2720 ἡ
1581 2685 1727 2720 Τριϐαλῶν
1746 2693 1817 2719 συμ-

1027 2733 1124 2767 μαχία,
1152 2733 1302 2759 ἀνέλπιστα
1324 2732 1352 2758 δὲ
1379 2732 1414 2759 τὰ
1429 2731 1543 2764 Μυσῶν,
1571 2732 1645 2766 ἡμᾶς
1664 2730 1687 2757 8‘
1701 2729 1734 2758 αὖ
1755 2730 1817 2757 οὐδὲ

1026 2778 1254 2814 προσλογίζεσθαι
1265 2779 1319 2814 χρὴ
1331 2778 1417 2805 πάλαι
1430 2777 1616 2813 ἀπειρηκότας
1628 2785 1634 2792 ·
1653 2777 1713 2804 τινα
1722 2776 1817 2803 λοιπὸν

1025 2825 1176 2859 καλέσομεν
1188 2824 1333 2859 σύμμαχον
1347 2825 1393 2850 ἐπὶ
1406 2824 1440 2851 τὰ
1454 2825 1593 2859 nuperi-ta;
1619 2823 1656 2850 Οὐ
1665 2823 1719 2857 γὰρ
1729 2822 1816 2858 δήπου

1026 2871 1211 2906 Μασσαγέτας
1229 2871 1382 2907 ἀξιώσομεν
1397 2871 1469 2906 δεῦρ’
1485 2871 1574 2906 ήκειν,
1596 2870 1817 2905 μετασχήσοντας
