1942 3090
127 133 180 166 977

600 137 743 169 ORATIO
761 139 835 169 PRO
856 139 1035 170 SUBSlDlO
1056 138 1293 170 LA'l‘lNORUM’.

1701 140 1766 171 978‘

125 190 173 217 τοῦ
189 189 324 225 πολέμου·
341 190 356 226 ἢ
371 190 439 225 πρὸς
450 192 513 224 τοὺς
528 191 576 228 τὴν
588 193 640 226 ἔξω
653 192 763 228 Στηλῶν
779 192 909 219 θάλατταν

966 194 1142 222 caverimus?
1155 195 1224 221 Num
1242 194 1309 222 forte
1322 194 1485 228 Marsagctas
1498 192 1552 220 huc
1565 192 1662 220 adesse
1678 200 1758 228 roga-

125 237 267 269 οῖκοῦντας
282 238 429 274 πέμψομεν
448 239 595 274 πρέσϐεις;
622 240 779 275 Συμϐούλου
795 240 817 266 δ’
840 239 910 266 εἶναι

125 284 156 310 οὐ
180 284 238 315 τοῖς
266 284 316 318 μὲν
333 284 380 311 ὑπ’
393 285 481 312 ἄλλων
498 285 656 321 λεγομένοις
676 287 816 322 ἐπιτιμᾷν,
832 286 913 313 αὑτὸν

125 329 148 356 δ’
162 328 181 358 ἃ
207 330 326 357 συνοίσει
351 330 389 366 μὴ
410 330 518 364 λέγειν’
541 331 601 359 ἀλλ’
622 333 784 359 ἀντειπόντα
806 332 863 363 τοῖς
878 331 909 358 οὐ

124 376 218 408 καλῶς
232 376 357 404 δοκοῦσιν
380 377 508 412 εἰρῆσθαι
532 378 676 414 πρότερον,
701 378 782 405 αὑτὸν
797 377 911 412 ὕστερον

124 423 157 456 τῇ
170 421 268 458 γνώμῃ
284 424 408 458 κρατεῖν.
422 423 519 450 Καίτοι
539 423 700 459 ἀντεροῧσιν
718 423 742 450 oi
758 423 841 458 μηδὲν
854 423 913 449 ἓτε-

126 475 172 503 ρον
191 469 220 494 ὲν
247 470 280 504 τῇ
307 469 384 506 πόλει.
399 469 593 504 συμϐουλεύειν
611 469 784 501 σκοποῦντες,
804 470 821 504 ἢ
838 470 912 500 ὅπως

123 514 179 545 τοῖς
192 514 230 549 μὴ
247 515 281 541 τὰ
300 515 422 542 δοκοῦντ’
437 516 528 548 αὐτοῖς
543 516 669 550 λέγουσιν
680 515 851 551 ἀντεροΰσιν.

964 239 1068 271 bimus,
1083 240 1166 274 inque
1193 240 1255 267 belli
1279 239 1436 267 societatem
1453 239 1571 266 venire?
1587 239 1628 265 vel
1642 239 1755 266 nuntios

968 285 1000 312 ad
1018 293 1067 312 eos
1089 285 1240 318 mittemus,
1257 285 1304 320 qui
1332 285 1438 312 insulas
1455 292 1487 312 ac
1506 292 1581 311 mare
1606 289 1681 311 extra
1701 284 1755 312 Cn-

963 330 1073 358 lumnas
1102 330 1246 357 habitant?
1263 331 1348 357 Porro
1364 335 1454 357 autem
1474 330 1623 357 consiliarii
1641 330 1687 360 sit,
1698 337 1753 356 non

971 380 1001 404 ut
1016 376 1050 403 ab
1061 376 1122 404 aliis
1135 375 1206 403 dicta
1220 376 1425 410 vituperaverit,
1442 375 1510 403 nihil
1528 383 1594 403 vero
1610 376 1668 410 ipse
1680 374 1753 409 quod

964 430 980 451 e
1014 430 1043 450 re
1069 423 1114 454 sit,
1144 430 1176 450 ac
1212 422 1385 450 conducibile
1410 423 1520 454 dixerit,
1534 421 1581 449 sed
1612 421 1706 456 magis,
1724 424 1755 446 ut

965 470 1043 503 prius
1069 468 1195 495 refutatis
1212 476 1272 503 quae
1290 476 1344 495 non
1362 468 1434 496 bene
1449 468 1522 496 dicta
1541 468 1681 497 videntur,
1695 466 1754 500 ipse

966 515 1140 550 postmodum
1172 516 1308 542 sententia
1335 515 1534 549 superaverit:
1562 513 1669 541 tametsi
1689 515 1755 539 sunt

122 561 335 595 contradicturi,
348 562 394 597 qui
412 562 481 590 nihil
497 563 570 590 aliud
588 563 616 590 in
630 563 743 591 civitate
759 562 915 590 deliberant
934 567 967 588 ac
999 560 1106 588 consilii
1125 560 1231 593 ineunt,
1263 567 1344 595 quam
1361 565 1390 587 ut
1412 560 1455 593 iis,
1469 559 1515 595 qui
1536 560 1626 587 minus
1642 559 1753 594 placen-

124 606 160 634 tia
174 606 305 640 dixerint,
320 609 524 637 contradicaul.

163 653 236 688 Ἐγὼ
252 654 281 681 δὲ
297 655 407 690 πρῶτον
422 655 483 691 μὲν,
495 653 518 683 ὧ
533 657 640 694 ἄνδρες,
655 656 804 692 ἀξιώσαιμ’
812 655 911 688 αὐτοὺς

121 699 221 734 λέγειν,
238 701 265 727 ετ
279 709 306 728 τι
329 703 386 733 τοῖς
412 703 569 738 εἰρημένοις
593 703 753 738 ἐπιτιμῶσι,
782 703 831 730 καὶ
855 702 911 729 δει-

120 744 212 771 κνύειν
227 745 243 780 ἢ
259 745 297 778 ὡς
312 746 360 781 οὐχ
373 747 489 774 ἕκαστον
500 748 554 774 τῶν
564 747 812 784 ἀπηριθιμημένων
830 756 912 784 προσ-

119 790 190 816 εῖναι
213 790 254 817 δεῖ
273 792 328 824 τοῖς
361 792 427 827 ἡμῖν
449 794 696 830 συμμαχήσουσιν“
723 794 739 829 ἢ
762 792 818 828 ἐγὼ
846 793 911 822 τοὺς

1000 654 1057 688 Ego
1075 658 1179 685 autem,
1195 654 1345 686 auditores,
1353 661 1401 681 eos
1417 653 1535 689 primum
1552 653 1661 681 edicere
1675 661 1755 688 roga-

962 700 1060 733 verim,
1077 708 1142 726 num
1160 699 1225 734 quid
1242 699 1269 726 in
1285 699 1405 734 praelatis
1424 699 1683 734 reprehendendum
1701 699 1753 725 ha-

961 750 1053 782 beant,
1069 748 1279 783 ostendantque,
1295 752 1344 775 aut
1366 755 1420 775 non
1444 755 1555 775 necesse
1573 754 1634 775 esse
1650 751 1680 774 ut
1695 747 1754 774 haec

963 794 1056 821 omnia
1082 795 1184 826 adsint,
1211 793 1275 821 belli
1296 793 1376 821 nobis
1394 792 1493 821 futuris
1517 793 1616 824 sociis,
1631 791 1674 820 vel
1689 798 1751 826 ego,

122 835 167 862 ὁπ’
186 836 277 864 αὐτῶν
296 837 461 873 λεγομένους
489 839 662 875 συκοφαντῶ,
683 840 731 866 καὶ
755 839 908 875 χρησίμους

963 848 1035 876 quos
1050 841 1089 868 illi
1105 841 1225 868 dixerint
1238 841 1264 868 in
1280 840 1386 868 crimen
1398 839 1515 870 vocabo.
1536 839 1652 874 urbique
1668 838 1752 865 utiles

121 882 267 918 ἐσομένους
279 885 312 920 τῇ
331 885 420 917 πόλει,
441 887 577 921 πονηροὺς
598 887 749 921 ἀποφαίνω.
769 886 799 912 Ei
811 886 839 912 δὲ
856 894 909 920 μη-

119 925 230 961 δέτερον
249 929 337 955 ποιεῖν
353 929 539 965 ἐθελήσουσιν,
566 931 635 966 ὅπερ
654 931 720 965 ἡμῖν
736 929 907 964 ἐγκαλοῦσιν⁹

119 971 197 998 αὐτοὶ
221 973 354 1008 πρότερον
371 973 522 1006 πείσονται,
543 975 591 1001 καὶ
608 974 731 1007 δόξουσιν
749 975 815 1010 ἡμῖν
833 975 909 1001 ἀντι-

119 1017 221 1052 λέγειν,
251 1018 381 1053 οὐδεμίαν
409 1020 488 1047 αὺτοὶ
507 1019 621 1055 γνώμην
644 1020 828 1055 εἰσφέροντες.
842 1019 874 1046 Εἰ
886 1018 910 1046 δ’

120 1065 263 1099 ἀμφότερα
272 1064 363 1097 καλῶς
373 1065 481 1101 εἴρηται
495 1066 561 1101 παρ’
571 1066 660 1101 ἡμῶν,
667 1066 790 1093 λείπεται
798 1066 909 1093 σκοπεῖν

119 1108 148 1135 ἐν
163 1109 257 1145 κοινῷ,
274 1109 346 1141 τίνες
367 1110 392 1136 οί
408 1111 476 1146 πρὸς
492 1111 527 1138 τὰ
550 1111 671 1146 παρόντα
691 1113 724 1147 τῇ
742 1111 820 1138 πόλει
835 1111 909 1137 λυσι-

76 1183 81 1188 ,
118 1155 289 1190 τελήσοντες.
308 1156 346 1183 Οὐ
369 1157 423 1191 μὴν
436 1157 496 1184 ἀλλ’
519 1156 562 1184 ῖνα
584 1158 624 1192 μὴ
641 1157 713 1184 δοκῶ
729 1156 808 1191 λόγον
820 1157 909 1188 ἄλλως

120 1201 201 1235 μόνον
215 1199 284 1228 εἶναι
299 1202 333 1228 τὰ
348 1202 415 1238 παρ⁹
429 1203 518 1238 ἡμῶν,
534 1203 588 1230 τῶν
609 1203 636 1230 δὲ
653 1203 825 1239 πραγμάτων
837 1202 909 1230 ἑκὼν

117 1243 152 1270 δι’
168 1246 288 1278 ἀπορίαν
300 1246 479 1281 ἀφίστασθαι,
496 1247 550 1283 ὲρῶ
561 1248 595 1274 τὰ
610 1247 757 1275 δοκοῦντα·
780 1248 909 1275 τοσοῦτον

119 1290 198 1325 ἡμῶν
215 1290 333 1326 δεηθεὶς,
349 1293 387 1327 μὴ
406 1294 538 1331 πρότερον
554 1293 690 1329 θορυϐεῖν,
703 1294 732 1321 ei
745 1303 771 1322 τι
788 1295 866 1330 παρά
879 1296 909 1322 τδ

117 1335 214 1362 δοκοῦν
229 1337 294 1372 ὑμῖν
319 1339 336 1373 ἡ
354 1339 496 1374 συμϐουλὴ
520 1339 657 1374 περιέξει*
675 1339 734 1367 ἀλλ’
751 1340 907 1375 ἀνασχομέ-

118 1389 180 1414 νους
198 1382 253 1409 τῶν
267 1383 381 1415 λοιπῶν,
398 1384 459 1410 τότε
483 1384 499 1420 ἢ
516 1384 672 1418 συνθέσθαι,
696 1385 712 1420 ἢ
729 1385 785 1416 τοῖς
800 1387 908 1420 καιροῖς

118 1427 185 1455 ἄλλο
204 1437 230 1455 τι
254 1429 462 1466 χρησιμώτερον
486 1430 656 1466 ἐξευρίσκειν
670 1430 831 1466 πειρᾶσθαι.
851 1431 908 1457 Οὐκ

118 1475 221 1510 ἀπορίᾳ
240 1476 394 1511 συμμάχων
421 1477 468 1503 ἐπὶ
492 1476 566 1504 τοῦτ’
591 1476 743 1511 ἀφίγμεθα,
757 1473 780 1504 ὧ
799 1476 905 1512 ἄνδρες,

962 887 1134 915 existimatos
1162 887 1250 914 malos
1274 886 1474 922 pronuntiabo.
1503 885 1551 913 Sin
1577 890 1667 912 autem
1683 893 1753 912 neu-

960 937 1032 959 trum
1061 931 1148 967 velint
1174 935 1315 966 praestare,
1340 931 1392 966 ipsi
1419 930 1498 965 prius
1525 936 1608 957 causa
1640 929 1751 962 cadent,

958 976 1183 1010 videbunturque
1212 975 1291 1003 nobis
1318 974 1520 1008 contradicere,
1551 980 1614 1001 cum
1648 973 1750 1006 nullam

959 1021 1010 1057 ipsi
1023 1021 1184 1049 sententiam
1200 1020 1329 1048 inierant.
1342 1019 1420 1054 Quod
1430 1020 1451 1047 si
1462 1020 1532 1047 bene
1541 1025 1568 1048 et
1580 1024 1610 1047 ut
1623 1026 1671 1054 par
1678 1023 1750 1050 erat,

959 1072 1073 1102 utraque
1082 1067 1211 1098 diximus,
1224 1067 1359 1101 reliquum
1368 1071 1408 1094 est
1415 1066 1553 1094 communi
1569 1066 1752 1094 deliberemus

958 1113 1084 1144 consilio,
1099 1113 1211 1148 quinam
1240 1120 1332 1140 rerum
1349 1113 1476 1145 praesenti
1490 1116 1574 1144 statu,
1593 1111 1679 1139 futuri
1695 1111 1752 1138 sint

959 1159 1021 1186 urbi
1040 1159 1131 1186 utiles.
1149 1158 1311 1192 Enimvero,
1337 1163 1368 1185 ut
1383 1166 1416 1186 ne
1435 1158 1538 1185 nudum
1563 1161 1666 1185 temere
1689 1164 1749 1184 ser-

960 1211 1071 1232 monem
1102 1205 1213 1232 etTutire
1242 1204 1359 1237 videar,
1389 1203 1534 1238 libensque
1561 1210 1617 1238 pne
1641 1202 1754 1230 consilii

960 1250 1052 1286 inopia
1067 1259 1082 1279 a
1097 1251 1180 1279 rebus
1206 1255 1310 1278 memet
1324 1249 1497 1282 abstrahere,
1518 1249 1606 1276 dicam
1621 1256 1682 1283 quae
1704 1247 1749 1274 vi-

959 1297 1073 1329 dentur,
1093 1298 1145 1325 hoc
1166 1301 1271 1324 tantum
1303 1304 1412 1332 rogans,
1438 1300 1467 1323 ιιι
1487 1295 1577 1330 siquid
1604 1294 1749 1322 consilium

960 1351 974 1371 a
992 1348 1085 1371 vestro
1102 1343 1222 1371 alienum
1239 1351 1322 1370 sensu
1350 1341 1560 1377 complectatur.
1588 1348 1643 1368 non
1674 1341 1751 1375 prius

960 1390 1108 1418 tumultum
1126 1390 1222 1418 cieatis
1237 1409 1246 1422 ,
1263 1389 1311 1417 sed
1328 1388 1492 1423 exspectetis
1506 1387 1623 1422 reliqua,
1638 1391 1756 1420 tumque

959 1436 1002 1463 vel
1020 1435 1165 1470 praebentis
1194 1442 1350 1467 assensum,
1366 1435 1409 1462 vel
1434 1433 1508 1462 aliud
1525 1433 1667 1468 quidpiam
1685 1439 1750 1460 con-

960 1489 1058 1515 gruum
1083 1482 1170 1516 magis
1199 1481 1370 1516 temporibus
1396 1480 1521 1508 invenire
1551 1479 1673 1508 tentetis.
1689 1477 1753 1506 Non

118 1521 163 1548 οὔ·
178 1522 236 1548 ἀλλ’
263 1522 345 1558 ἔτερα
363 1523 418 1549 τῶν
434 1523 577 1559 παρόντων
597 1523 690 1550 κακῶν
713 1523 779 1558 ἡμῖν
796 1522 908 1556 γέγονεν

963 1527 1025 1554 belli
1051 1527 1190 1554 sociorum
1216 1527 1336 1558 defectu,
1353 1526 1504 1558 auditores.
1524 1525 1551 1552 in
1566 1532 1629 1552 eum
1647 1528 1749 1552 statum

120 1568 196 1594 αἴτια
207 1576 215 1583 ·
228 1568 246 1595 ἃ
261 1567 312 1603 τῆς
332 1569 471 1600 πολιτείας
491 1569 682 1605 κρατήσαντα,
693 1570 742 1595 καὶ.
751 1569 907 1604 συμμαχεῖν

119 1613 285 1648 δυναμένους
297 1614 401 1649 ἑτέροις
418 1614 503 1649 ἡμᾶς,
519 1614 567 1642 νῦν
578 1615 640 1646 τοὺς
661 1613 844 1649 βοηθήσοντας
859 1621 908 1639 πε-

121 1659 239 1695 ριιόντας
256 1661 407 1694 ἀναγκάζει
433 1661 536 1696 ζητεῖν.
562 1661 708 1696 Σύμμαχοι
726 1661 749 1687 δ’
763 1661 830 1696 ἡμῖν
853 1660 907 1686 είσι

119 1706 167 1733 καὶ
178 1706 272 1733 πολλοὶ
285 1708 334 1734 καὶ
359 1707 438 1734 καλοὶ
455 1708 504 1734 καὶ
529 1707 656 1734 τοσοῦτον
679 1707 827 1742 ἀχθόμενοι
849 1706 907 1737 τοῖς

117 1753 263 1788 ἡμετέροις
275 1755 381 1788 κακοῖς,
394 1755 456 1781 ὅσον
467 1755 538 1789 ἡμᾶς
551 1753 634 1788 ἔγωγ’
645 1754 678 1780 ἂν
693 1753 829 1789 εὐξαίμην
842 1753 908 1788 ὑμῖν

119 1799 212 1830 αὐτοῖς
227 1799 381 1834 συναλγεῖν.
411 1799 489 1827 Εἴπω
505 1800 580 1831 τίνας
592 1808 601 1817 ·
623 1800 760 1832 κελεύετε,
790 1801 837 1827 καὶ
856 1799 906 1826 οὐκ

117 1847 264 1881 ὀργιεῖσθε.

961 1571 1065 1599 redacti
1081 1579 1186 1600 sumus.
1202 1572 1313 1599 Minime
1328 1571 1450 1606 gentium
1467 1579 1475 1604 ;
1490 1578 1584 1598 verum
1601 1570 1653 1598 alia
1669 1569 1753 1597 nobis

961 1623 993 1647 ut
1008 1619 1035 1646 in
1050 1618 1108 1646 bmc
1128 1619 1198 1646 mala
1213 1618 1412 1651 incideremus,
1426 1618 1454 1646 in
1469 1625 1551 1645 causa
1566 1617 1731 1644 exstiterunt
1741 1635 1749 1648 ,

961 1672 1049 1699 eaque
1064 1664 1225 1699 occupantia
1240 1663 1448 1699 rempublicam,
1460 1671 1523 1691 eum
1536 1663 1603 1690 tales
1615 1669 1749 1695 essemus,

961 1710 1009 1746 qui
1036 1710 1101 1739 belli
1125 1710 1192 1739 socii
1217 1710 1279 1738 aliis
1306 1710 1431 1737 auxiliari
1457 1716 1612 1744 possemus,
1637 1715 1671 1735 eo
1699 1715 1750 1735 nos

961 1757 1131 1792 compulere,
1154 1760 1184 1784 ut
1198 1757 1273 1784 omni
1299 1760 1376 1791 parte
1390 1756 1547 1783 auxiliarios
1560 1762 1684 1790 quaerere
1701 1761 1750 1781 ne-

961 1809 1069 1830 cessum
1089 1801 1250 1829 habeamus.
1276 1801 1363 1828 Porro
1391 1800 1472 1828 nobis
1500 1804 1566 1827 sunt
1581 1799 1646 1826 belli
1669 1798 1754 1832 socii,

961 1847 1035 1882 iique
1051 1847 1131 1874 multi
1147 1853 1178 1874 ac
1194 1847 1271 1879 boni,
1283 1847 1386 1882 quique
1408 1846 1479 1873 adeo
1491 1851 1583 1873 nostra
1599 1845 1670 1872 mala
1687 1851 1752 1871 mo-

117 1894 187 1922 leste
201 1894 301 1927 ferant,
315 1898 346 1922 ut
361 1895 402 1922 sic
426 1901 477 1922 nos
490 1894 548 1930 ipse
562 1899 654 1929 optem
670 1898 764 1923 nostra
797 1893 883 1928 ferre,
915 1899 947 1921 ac
965 1893 1046 1922 nobis
1064 1892 1223 1921 condolere.
1246 1893 1340 1920 Dicam
1368 1892 1505 1926 homines,
1523 1891 1629 1927 jubete,
1645 1897 1677 1918 ac
1694 1890 1749 1918 iras

117 1940 266 1968 contini-te.

152 1987 222 2018 Τοὺς
234 1986 281 2014 νῦν
293 1987 411 2023 ἥκοντας
431 1987 585 2021 Ῥωμαίους
602 1986 674 2022 φημὶ
699 1986 747 2012 καὶ
773 1986 808 2013 τὰ
840 1985 912 2012 ὲκεί-

117 2043 171 2061 νων
185 2034 265 2066 ὅπλα,
278 2034 325 2060 καὶ
337 2033 387 2068 τὴν
399 2033 512 2068 ἀνδρίαν
524 2041 531 2048 ·
546 2032 560 2059 δ
590 2033 638 2060 καὶ
656 2031 791 2066 θαυμάξω
812 2032 836 2058 εί
863 2031 911 2058 καὶ

117 2079 239 2114 τοῦνομα
264 2079 329 2113 γοῦν
361 2079 410 2114 οὐχ
442 2079 534 2105 ἱκανὸν
562 2079 626 2113 ὑμῖν
652 2077 820 2105 διαλλάττειν
846 2076 910 2108 τοὺς

119 2125 230 2159 ἄνδρας.
247 2125 386 2160 Σχέψασθε
399 2123 500 2157 τοίνυν,
510 2125 533 2150 εἰ
549 2124 621 2155 τίνος
635 2123 690 2149 τῶν
699 2122 910 2158 προειρημένων

119 2172 190 2199 ἐνδεί
203 2172 258 2202 τοῖς
280 2170 435 2206 συμμάχοις
462 2170 538 2204 ἡμῖν,
568 2169 668 2204 μᾶλλον
683 2168 704 2194 δ’
720 2168 745 2194 εί
774 2168 812 2202 μὴ
841 2166 910 2201 πρὸς

999 1985 1148 2014 Venientes
1170 1994 1245 2014 nunc
1261 1986 1401 2014 Romanos
1425 1985 1487 2014 dico
1504 1993 1656 2021 eorumque
1673 1992 1749 2012 arma

963 2037 996 2059 ac
1009 2031 1217 2060 fortitudinem:
1231 2039 1263 2059 ac
1277 2033 1387 2065 mirum,
1402 2032 1430 2060 ni
1445 2033 1532 2067 ipsum
1548 2039 1659 2064 nomen,
1676 2031 1749 2058 viros

962 2077 1042 2105 vobis
1057 2077 1195 2106 conciliet.
1209 2079 1325 2106 Pensate
1336 2086 1412 2113 ergo,
1427 2087 1491 2106 num
1502 2078 1567 2113 quid
1580 2085 1676 2105 eorum
1688 2085 1754 2112 qua}

962 2121 1152 2158 praediximus,
1180 2123 1244 2151 belli
1261 2124 1342 2151 nobis
1358 2123 1442 2151 sociis
1464 2123 1552 2156 desit;
1575 2123 1643 2158 quin
1660 2123 1752 2158 potius

962 2176 1029 2196 num
1046 2169 1154 2196 abunde
1166 2169 1306 2202 omnibus,
1322 2169 1422 2204 quibus
1435 2169 1500 2204 quis
1510 2169 1667 2199 auxilietur,
1682 2176 1751 2203 prte-

119 2219 209 2246 πᾱντα
229 2217 298 2252 μετά
315 2215 362 2243 τοῦ
392 2215 534 2251 περιόντος
561 2214 703 2249 ἀρκοῦσιν.
718 2213 823 2240 οὺκοῦν
847 2212 909 2240 ὅθεν

963 2212 1013 2241 diti
1035 2213 1101 2240 sint.
1120 2213 1213 2247 Itaque
1230 2212 1304 2241 unde
1317 2213 1406 2248 coepi,
1421 2221 1436 2240 a
1451 2213 1604 2246 communi,
1624 2215 1749 2248 inquam,

119 2264 327 2301 ⁴ᾒρξάμην,ἀ·ιιδ
359 2260 406 2289 τοῦ
435 2261 526 2289 κοινοῦ
549 2261 669 2296 δηλονότι
698 2261 906 2296 προσρήματος,

120 2311 272 2345 ποιήσομαι
286 2309 336 2344 τὴν
349 2309 448 2343 ἀρχήν.
478 2306 556 2337 Τίνες
583 2306 730 2340 Ῥωμαίοις
763 2304 908 2340 Ῥωμαίων

119 2357 279 2391 οἰκειότεροι
308 2355 464 2390 σύμμαχοι;
483 2353 499 2388 ἦ
516 2353 589 2383 τίνες
608 2351 826 2386 ἀξιοπιστότεροι
854 2351 908 2377 τῶν

119 2402 170 2437 τὴν
184 2401 269 2436 αὐτὴν
283 2400 400 2436 ἑχόντων
421 2398 552 2433 πατρίδας
573 2397 607 2423 Ἦ
626 2398 679 2432 γὰρ
705 2397 816 2423 ἐκείνων
832 2396 909 2428 πόλις

120 2448 172 2483 τῆς
184 2447 321 2482 ἡμετέρας
334 2445 501 2481 μητρόπολις
516 2445 613 2479 γέγονε
624 2451 632 2460 ·
649 2443 696 2470 καὶ
713 2444 769 2473 τοῖς
785 2441 910 2473 ἀποίκοις

121 2494 312 2529 κοινωνήσασα
325 2492 373 2526 τῆς
386 2490 555 2525 ὲπωνυμίας,
571 2488 663 2522 ἐκείνη
685 2488 734 2523 μὲν
756 2487 850 2523 ὥσπερ
867 2495 910 2519 τις

121 2539 254 2575 πρόϐολος
283 2539 389 2574 ἔμεινεν
403 2538 449 2565 ὲπὶ
477 2536 526 2570 τῆς
555 2535 693 2570 ἑσπέρας*
712 2534 784 2568 ἡμᾶς
805 2533 834 2560 δὲ
859 2534 909 2568 τῆς

127 2587 219 2618 Ἀσίας
236 2585 423 2621 ἡγησομένους
436 2581 590 2617 ὶξέπεμψεν
601 2579 686 2607 ἰὢσθν
699 2581 746 2607 ἕνα
762 2580 812 2615 μὲν
824 2581 910 2615 δῆμον

122 2631 196 2666 ἡμᾶς
213 2639 242 2657 τε
258 2630 402 2660 κάκείνους
415 2628 514 2659 δοκεῖν,
532 2626 596 2662 μίαν
608 2626 636 2653 δὶ
649 2625 724 2652 πόλιν
740 2626 908 2660 ἀμφοτέρας,

122 2676 151 2702 ἔν
169 2675 283 2702 ἀποίκου
296 2675 342 2701 καὶ
358 2671 551 2709 μητροπόλεως
572 2670 692 2705 σχήματι
720 2670 890 2703 τεταγμένας
901 2678 908 2685 -

123 2719 208 2754 μηδὲν
241 2718 269 2745 δὲ
299 2717 410 2744 εἶναιτὸ
434 2714 565 2750 διαιροῦν,
596 2714 665 2749 πλὴν
689 2713 751 2739 ὅσον
779 2713 828 2748 τὴν
861 2714 910 2748 μὲν

128 2765 267 2799 Ῥωμύλος
282 2763 410 2799 ἱδρύσατο
421 2771 429 2778 ·
444 2761 495 2796 τὴν
505 2761 528 2787 δ’
538 2761 552 2787 ὁ
577 2759 625 2795 τὴν
643 2758 748 2786 ἐκείνου
772 2759 910 2793 βασιλείαν

123 2810 314 2845 διαδεξάμενος
330 2808 414 2843 ἔπηξε
429 2807 645 2837 Κωνσταντῖνος.
663 2805 744 2830 Ἀλλά
761 2804 816 2840 μὴν
831 2804 910 2832 αὐτόν

127 2865 153 2882 τε
167 2857 381 2889 Κωνσταντῖνιν,
400 2854 430 2883 οὒ
461 2855 549 2883 πάντα
571 2853 605 2880 τά
632 2852 754 2887 ἡμέτερα
782 2852 907 2887 ἤρτηται,

963 2259 1157 2294 appellatione,
1172 2259 1236 2286 inde
1250 2259 1348 2286 ducam
1362 2259 1516 2286 exordium.
1541 2259 1679 2292 Quosnam
1695 2259 1751 2286 Ro-

963 2304 1036 2331 mani
1062 2304 1194 2332 Romanis
1212 2304 1298 2340 magis
1311 2304 1484 2332 necessarios
1508 2305 1598 2332 socios
1614 2305 1755 2333 habeant?

962 2349 1104 2383 Quasnam
1130 2357 1196 2378 vero
1218 2350 1252 2377 ad
1265 2349 1346 2377 iidem
1364 2351 1590 2385 comparatione,
1603 2358 1685 2380 quam
1702 2352 1751 2386 qui

963 2397 1066 2424 habent
1080 2397 1205 2424 eamdem
1227 2395 1363 2431 patriam?
1381 2395 1482 2424 Eorum
1498 2404 1618 2432 namque
1642 2398 1750 2430 civitas,

963 2447 1065 2469 nostrae
1080 2442 1240 2477 metropolis
1254 2447 1315 2474 est;
1333 2449 1451 2477 cumquo
1471 2442 1587 2470 colonia:
1603 2450 1755 2470 commune

963 2487 1131 2522 impertisset
1150 2496 1262 2521 nomen,
1289 2488 1348 2524 ipsa
1366 2488 1478 2523 quidem
1504 2489 1580 2517 velut
1596 2497 1753 2524 propugna-

963 2534 1056 2562 culum
1065 2534 1093 2561 in
1105 2534 1252 2562 Occidente
1264 2534 1382 2567 mansit;
1395 2542 1445 2562 nos
1455 2542 1531 2567 vero,
1543 2535 1590 2570 qui
1602 2535 1750 2569 Asia‘prze-

963 2585 1097 2611 essemus,
1121 2578 1222 2610 emisit,
1238 2582 1270 2605 ut
1283 2578 1363 2613 plane
1386 2579 1508 2614 utrique,
1531 2587 1603 2606 unus
1619 2580 1752 2614 idemque

964 2624 1082 2659 populus
1105 2623 1268 2656 videamur;
1294 2624 1438 2659 ambaique
1457 2625 1540 2652 urbes
1559 2624 1624 2652 urbs
1640 2625 1748 2656 cadent,

965 2677 1014 2704 pro
1037 2669 1153 2697 Coloniae
1176 2677 1208 2698 ac
1235 2671 1395 2706 metropolis
1418 2671 1542 2698 ratione:
1567 2670 1691 2705 nihilque
1714 2673 1751 2699 sit

963 2714 1036 2750 quod
1054 2715 1217 2751 distinguat,
1241 2721 1356 2751 excepto
1373 2720 1405 2743 ut
1419 2716 1532 2744 alteram
1556 2715 1668 2751 quidem
1694 2716 1749 2743 Ro-

964 2761 1056 2790 mulus
1072 2761 1248 2796 fundaverit;
1263 2763 1377 2790 alteram
1397 2770 1471 2794 vero,
1487 2762 1548 2798 ejus
1562 2762 1669 2796 imperii
1684 2769 1748 2789 suc-

964 2814 1058 2835 cessor
1078 2806 1277 2836 Constantinus
1294 2808 1459 2835 condiderit.
1475 2807 1547 2841 Quin
1571 2813 1601 2835 et
1615 2808 1749 2835 Constant-

965 2853 1052 2881 tinum
1075 2860 1090 2880 ι
1110 2861 1164 2888 quo
1186 2853 1276 2881 omnia
1294 2858 1386 2881 nostra
1403 2853 1532 2889 pendent,
1549 2852 1638 2880 sciunt
1651 2858 1750 2880 omnes
