1942 3090
198 119 249 148 97)

813 116 1002 148 DEMETRII
1024 116 1177 147 CYDOX’ll

1777 117 1824 149 980

198 174 354 201 Romanum
369 173 519 204 exstitisse.
536 181 567 200 ac
581 181 662 208 quam
676 174 800 201 condidit
815 173 923 205 urbem,
942 181 984 208 pa-

1045 172 1181 207 Ῥωμαῖον
1193 173 1265 199 ἴσασι
1276 172 1386 205 πάντες,
1396 173 1443 200 καὶ
1450 174 1483 209 τῇ
1493 173 1542 208 τῆς
1553 172 1681 208 πατρίδος
1692 173 1826 209 ἐπωνυμίᾳ

199 220 259 247 trize
283 227 436 255 cognomen
458 219 637 252 tribuentem,
655 220 817 248 honorasse.
834 219 891 248 Hoc
914 219 988 246 enim

199 267 339 294 universis
355 266 494 298 studebat,
522 270 551 293 ut
569 266 677 300 ambas,
699 270 728 293 ut
745 266 782 293 ita
799 265 900 296 dicam,
916 265 990 292 velut

199 312 391 339 eommisceret
411 311 511 338 urbes:
530 316 560 339 ut
573 312 673 339 nedum
691 319 774 338 unum
795 311 881 346 ipsum
896 310 990 338 ainba-

201 357 253 385 bus
266 357 400 392 imperare
411 356 483 384 haud
496 357 563 384 satis
573 357 767 387 arbitraretur.
779 361 864 391 utque
878 356 904 383 in
917 361 989 384 utra-

197 411 250 438 que
275 403 382 438 imperii
409 402 502 430 sedem
526 407 659 437 poneret;
679 402 731 429 nisi
755 401 865 429 abunde
891 400 988 428 iisdem

197 449 281 476 urbes
296 448 457 476 nominibus
477 453 667 480 censerentur.
683 456 739 483 quo
760 448 804 475 vix
823 455 876 475 non
890 447 988 480 ambae,

196 503 250 522 una
267 496 365 524 civitas
388 499 494 523 essent.
512 496 572 522 Mox
591 503 656 530 ergo
679 503 710 522 ac
732 502 792 522 eam
808 493 987 527 condidisset,

199 549 253 568 una
270 549 332 568 cum
348 541 470 568 nominis
486 541 682 576 appellatione.
699 541 792 568 Roma:
803 540 885 567 etiam
899 539 990 574 digni-

196 592 237 614 tas
255 588 280 614 in
296 587 393 615 urbem
419 587 493 614 illata
509 591 566 620 est;
592 591 761 622 senatusque
779 587 921 614 Romanus
936 586 989 614 huc

196 633 400 669 commigravit.
429 641 528 661 nm'am
558 633 671 660 Romam
700 633 860 664 honestans,
885 633 989 668 quique

198 679 459 713 commigraverint“,
477 680 610 716 majorum
627 685 783 707 nostrorum
801 684 930 715 parentes
941 687 990 707 ex-

197 725 339 752 stilcrunt.

233 772 353 807 ldipsum
368 779 436 798 vero
452 772 524 807 quod
544 773 641 800 attinet
659 772 692 799 ad
711 771 907 806 imperatorum
923 779 987 808 pro-

196 817 237 843 les
251 817 425 849 sorvabatur,
451 817 585 852 urbisque
605 818 733 845 conditor
747 818 818 853 apud
834 826 893 850 nos,
919 819 989 846 ﬁlios

196 870 228 897 pr
247 864 369 896 c-cabat,
386 864 469 898 inque
481 871 511 890 ea
526 864 588 891 illos
603 864 785 895 constituens,
801 865 848 899 qui
863 865 922 900 ejus
937 864 988 892 im-

196 909 273 944 perio
299 909 453 936 successuri
481 916 559 936 erant
584 910 728 944 imperium
762 910 803 938 eis
831 918 892 938 cum
918 911 988 939 urbe

197 954 339 982 tradebat:
360 955 491 982 Romanis
516 956 702 982 Romanorum
721 962 830 991 sceptra
856 957 882 984 in
899 965 985 986 :evum

197 1001 375 1033 tenentibus;
403 1009 473 1036 quos
489 1001 584 1028 favens
600 1006 718 1036 tempus,
746 1003 779 1030 ad
800 1008 921 1031 nostram
941 1012 987 1032 us-

194 1054 248 1081 que
268 1050 375 1073 a‘tateln
391 1047 534 1081 provexit;
550 1051 633 1082 atque
652 1049 754 1075 utinam
772 1055 917 1077 conservet
931 1050 987 1078 de—

196 1095 291 1128 inceps
319 1094 477 1121 immortale
501 1102 597 1128 genus.
621 1094 655 1121 At
675 1102 726 1122 nec
742 1095 804 1122 aliis
831 1100 896 1123 tunc
924 1101 984 1124 ute-

195 1140 293 1167 bamur
317 1140 476 1167 divinorum
503 1140 681 1174 doctoribus;
709 1142 775 1176 quin
794 1141 876 1170 iidem
894 1143 984 1177 nobis,

193 1191 250 1213 tum
277 1187 445 1222 reipublicae.
470 1192 527 1214 tum
545 1195 688 1215 sacrorum
704 1196 736 1215 ac
759 1189 899 1224 religionis
915 1198 984 1224 prae-

194 1232 266 1259 sides
282 1237 372 1265 erant.
389 1233 511 1267 quandiu
528 1233 646 1260 necdum
666 1234 734 1261 scita
759 1235 803 1261 illa
820 1241 984 1271 versutaque

193 1277 265 1311 apud
276 1284 374 1304 omnes
386 1278 512 1312 vigebant
526 1287 533 1310 ;
545 1278 591 1305 sed
609 1278 717 1306 tandem
732 1279 794 1306 ﬁnis
808 1280 908 1314 aliquis
920 1289 985 1308 con-

193 1322 325 1350 tendeudi
341 1329 412 1351 eral.
427 1324 569 1358 Siquidem
588 1332 654 1359 ergo
667 1325 808 1359 multiplex
824 1326 983 1354 communio

193 1373 316 1395 mutuam
338 1369 432 1396 dolere
449 1370 535 1396 vicem
555 1369 793 1397 communicantes
813 1369 913 1403 elIicit;
938 1379 983 1397 ea-

192 1415 310 1449 demque
321 1420 350 1442 ut
363 1415 502 1445 fortiores,
518 1415 747 1443 imbecillioribus
763 1417 930 1444 auxilientur
943 1417 983 1444 in—

193 1461 279 1492 ducit,
308 1461 341 1487 ad
368 1468 439 1495 quos
453 1461 562 1496 justiori
591 1461 671 1489 titulo
690 1461 881 1497 confugicmus
907 1462 982 1490 hisce

1039 219 1073 254 ἢν
1084 219 1181 254 ἀνίστη
1196 219 1273 246 πόλιν
1288 220 1466 255 τετιμηκότα.
1482 219 1560 247 Οὕτω
1573 220 1627 255 γὰρ
1643 220 1769 247 ἐϐούλετο
1787 220 1826 247 διὰ

1040 265 1160 299 πάντων,
1172 263 1228 293 οἷόν
1238 266 1262 292 τ’
1270 266 1369 298 εἰπεῖν,
1377 265 1535 301 ἀμφοτέρας
1544 266 1661 300 κερᾶσαι
1670 265 1719 297 τὰς
1729 266 1825 298 πόλεις·

1039 309 1105 336 ὥστ’
1121 309 1152 335 ού
1166 309 1245 344 μόνον
1259 309 1341 336 αὑτὸν
1357 311 1404 337 ἕνα
1418 310 1483 337 ὅντα
1499 310 1651 346 βασιλεύειν
1670 311 1827 346 ἀμφοτέρων

1040 356 1142 390 ἀρκοῦν
1158 356 1361 390 ὑπελάμϐανεν,
1376 357 1424 384 καὶ
1453 357 1519 392 παρ’
1537 358 1658 393 ἑκατέρᾳ
1686 358 1732 384 τὴν
1757 357 1825 393 βασί-

1041 403 1115 430 λειον
1131 402 1294 437 ἱδρύσασθαι
1308 403 1412 439 θρόνον,
1423 403 1481 430 ἀλλ’
1493 404 1516 431 εί
1528 403 1566 439 μὴ
1584 405 1631 431 καὶ
1659 404 1716 436 τοῖς
1741 404 1828 436 αὐτοῖς

1040 450 1174 484 ὀνόμασιν
1188 450 1215 475 αἱ
1231 449 1324 481 πόλεις
1339 449 1526 485 σημαίνοιντο.
1540 449 1609 485 πρὸς
1633 449 1663 476 τδ
1694 450 1761 484 μίαν
1779 450 1828 484 ἀμ-

1041 497 1158 532 φοτέρας
1172 495 1241 523 εἶναι
1257 496 1307 527 τὰς
1323 495 1413 527 πόλεις
1427 496 1477 522 οὐκ
1488 496 1577 531 ὀλίγον
1589 496 1682 523 ἐνδεῖν.
1700 496 1776 530 ’Δμα
1799 504 1827 522 τε

1040 539 1087 568 οὖν
1104 540 1207 575 ταύτην
1223 539 1338 575 ἱδρύετο,
1355 540 1401 567 καὶ
1417 541 1449 575 τῇ
1470 540 1544 567 πόλει
1557 540 1627 575 μετὰ
1640 539 1688 567 τοῦ
1700 540 1828 575 ὀνόματος

1042 586 1177 622 τυνεισῄει
1190 585 1238 612 καὶ
1261 585 1291 611 τδ
1301 586 1350 621 τῆς
1375 585 1486 621 Ῥώμης
1517 585 1627 621 ἀξίωμα
1637 593 1645 602 ·
1659 586 1705 613 καὶ
1719 587 1733 620 ἡ
1765 585 1828 613 Ῥω-

1041 632 1129 668 μαίων
1141 633 1272 667 γερουσία
1285 631 1366 666 ὀεῦρο
1379 631 1533 667 μετέϐαινε,
1545 631 1594 666 τὴν
1605 631 1669 659 νέαν
1677 631 1828 666 κοσμήσου-

1040 685 1075 705 σα
1095 676 1206 713 Ῥώμην
1216 686 1224 695 ·
1238 678 1284 704 καὶ
1295 678 1320 704 οί
1336 677 1520 712 μεταστάντες
1534 676 1651 711 ἐγέννων
1682 677 1746 708 τοὺς
1763 684 1828 711 προ-

1040 724 1136 758 γόνους
1152 723 1241 759 ἡμῶν.

1078 770 1114 796 Τὸ
1130 770 1152 797 δ’
1168 769 1233 796 αὐτὸ
1256 769 1304 796 καὶ
1334 768 1399 804 περὶ
1427 768 1477 800 τὰς
1505 767 1561 794 τῶν
1591 766 1726 803 βασιλέων
1750 767 1829 801 γονὰς

1041 817 1183 852 ἐτηρεῖτο*
1207 815 1254 843 καὶ
1269 815 1334 851 παρ’
1360 815 1426 850 ἡμῖν
1459 815 1473 842 ό
1498 815 1550 849 τῆς
1572 814 1678 845 πόλεως
1707 814 1829 847 οἰκιστὴς

1041 863 1256 891 ὲπαιδοποιεττο·
1272 862 1335 893 τοὺς
1350 862 1399 897 τὴν
1413 861 1552 898 βασιλείαν
1566 860 1650 888 αὐτοῦ
1674 860 1830 894 διαδεξομέ-

1039 918 1101 941 νους
1116 908 1232 935 ἐνταῦθα
1248 907 1366 941 καθίστη
1378 916 1385 924 -
1405 907 1454 934 καὶ
1467 907 1535 942 μετά
1551 907 1600 942 τῆς
1617 907 1722 937 πόλεως
1744 906 1830 941 αὐτῆς

1039 955 1086 982 καὶ
1112 955 1162 990 τὴν
1192 954 1282 989 ἀρχὴν
1308 954 1464 989 παρεδίδου,
1498 950 1648 988 Ῥωμαίοις
1679 952 1829 987 Ῥωμαίων

1038 1003 1153 1038 ἄρχουσι
1176 1002 1212 1029 δι’
1236 1002 1353 1033 αἰῶνος·
1378 1000 1438 1033 οὓς,
1455 1000 1486 1028 εὖ
1513 1000 1598 1027 ποιῶν
1619 999 1752 1035 όχρόνος,
1785 1000 1830 1026 καὶ

1039 1048 1137 1084 μέχρις
1161 1048 1240 1084 ἡμῶν
1264 1047 1419 1075 διεϐίϐασεν
1443 1047 1490 1074 καὶ
1513 1045 1612 1082 τηροίη
1637 1054 1671 1080 γε
1695 1046 1727 1072 τδ
1754 1045 1830 1079 γένος

1037 1095 1183 1124 ἀθάνατον.
1199 1095 1235 1122 Οὐ
1255 1095 1308 1130 μὴν
1323 1093 1377 1121 οὐδ’
1393 1094 1498 1129 ἑτέροις
1514 1092 1661 1128 ἐχρώμεθα
1686 1092 1747 1119 τότε
1776 1092 1829 1118 τῶν

1037 1143 1117 1169 θείων
1128 1142 1275 1177 ἐξηγηταῖς
1289 1149 1296 1157 ·
1309 1140 1367 1167 ἀλλ’
1383 1140 1407 1167 οἱ
1421 1140 1499 1166 αὐτοὶ
1520 1140 1568 1175 τῆς
1581 1147 1612 1166 τε
1634 1138 1773 1169 πολιτείας
1784 1138 1830 1165 καὶ

1036 1189 1091 1216 τῶν
1106 1189 1172 1224 περὶ
1183 1188 1233 1223 τὴν
1247 1187 1390 1214 εὐσέῦειαν
1403 1187 1469 1222 ήμϊν
1497 1184 1569 1222 ἦσαν
1587 1186 1752 1221 προστάται,
1775 1184 1827 1215 ἓως

1037 1234 1114 1262 οὔπω
1128 1234 1162 1260 τὰ
1177 1233 1272 1269 κομψά
1299 1232 1386 1260 ταῦτα
1413 1232 1491 1267 παρά
1516 1232 1601 1258 πᾶσιν
1625 1231 1754 1266 ἐκράτει·
1772 1229 1829 1256 ἀλλ’

1036 1278 1070 1316 ἦν
1096 1289 1123 1307 τι
1151 1280 1199 1307 καὶ
1224 1279 1312 1315 πέρας
1342 1278 1392 1312 τῆς
1420 1277 1597 1312 φιλονεικίας.
1611 1276 1717 1304 Οὐκοῦν
1744 1276 1769 1302 εί
1791 1276 1822 1302 τὸ

1037 1327 1122 1354 πολλά
1135 1335 1206 1354 τισιν
1219 1324 1289 1353 εἶναι
1315 1325 1394 1352 κοινὰ
1421 1324 1564 1358 συναλγεῖν
1591 1323 1719 1358 ἀλλήλοις
1746 1322 1827 1357 πείθῃ

1034 1373 1097 1404 τοὺς
1116 1371 1322 1404 κοινωνοῦντας,
1342 1371 1421 1398 τοῦτο
1440 1370 1469 1397 δι
1484 1371 1532 1398 καὶ
1555 1370 1618 1402 τοὺς
1639 1369 1828 1404 ἰσχυροτέρους

1034 1418 1151 1453 ἀμύνειν
1183 1418 1272 1445 πείθει
1302 1420 1359 1448 τοῖς
1404 1416 1633 1452 ἀσθενεστέροις·
1667 1416 1715 1443 ἐπὶ
1752 1416 1828 1446 τίνας

1033 1463 1258 1499 καταφευξόμεθα
1273 1464 1451 1499 δικαιότερον,
1461 1464 1572 1496 τούτους
1583 1462 1827 1498 παραδραμόντες

192 1507 323 1534 muissis?
343 1507 414 1533 haud
442 1515 523 1534 secus
539 1515 570 1534 ac
587 1507 608 1534 si
624 1507 686 1542 quis
701 1508 845 1535 lacessitus
858 1516 891 1535 ac
910 1509 981 1536 male

1037 1508 1226 1543 παραπλήσιον
1253 1508 1348 1541 ὥσπερ
1377 1509 1409 1535 ἂν
1439 1507 1465 1534 εἴ
1484 1516 1528 1539 τις
1554 1507 1828 1542 προπηλακιζόμενος

192 1552 310 1584 habens.
329 1553 412 1579 alium
426 1560 508 1587 quem
525 1553 663 1588 appellare
678 1553 754 1585 velit,
768 1562 829 1581 cum
842 1554 914 1581 adsit
927 1563 983 1581 ma-

193 1604 244 1628 ter.
271 1607 301 1626 ac
326 1599 452 1626 auxiliari
478 1599 573 1634 possit.
593 1598 672 1632 Quod
699 1604 791 1627 autem
813 1600 982 1635 metropolis,

193 1646 291 1672 matris
306 1645 410 1672 habeat
427 1645 515 1672 \‘icem
530 1645 620 1673 ductis
636 1645 671 1673 ab
687 1645 745 1680 ipsa
760 1646 886 1679 coloniis,
904 1653 984 1673 nemo

192 1692 292 1722 nescit,
311 1691 363 1718 nisi
382 1691 446 1726 quis
456 1692 596 1727 propriam
617 1692 703 1727 ipsam
719 1700 815 1720 vocem
831 1692 984 1727 intelligere

192 1738 271 1765 nolit.
284 1737 442 1766 Ostendunt
458 1746 523 1766 vero
536 1746 567 1766 ac
584 1738 712 1773 probant.
732 1747 793 1773 quas
808 1739 983 1773 mctropoles,

191 1785 437 1813 adversus‘onmes
454 1785 501 1820 qui
520 1785 648 1821 iujuriam
665 1785 768 1813 vellent
791 1786 905 1818 inferre,
924 1791 984 1814 tau-

194 1838 276 1864 quam
295 1830 360 1864 ipsae
372 1834 579 1864 appeterentur,
595 1835 740 1865 gesserunt
754 1831 839 1858 bella:
855 1838 870 1858 e
883 1831 984 1865 quibus

194 1871 275 1904 ﬁdem
291 1876 490 1910 amplissimam
513 1875 625 1907 habent,
653 1876 823 1911 multamque
837 1877 983 1912 scriptori.

193 1922 246 1948 bus
262 1922 387 1955 pvaalrcnt
409 1925 541 1956 segetem,
570 1929 630 1955 quae
646 1923 733 1949 nostri
750 1929 832 1948 causa
850 1923 984 1949 adversus

195 1967 332 1995 Barbaros
358 1968 404 1995 isti
429 1975 667 1995 consummavere.
683 1969 722 1994 Ac
747 1975 812 1995 vero
839 1968 935 2000 miror,
954 1973 983 1996 ut

192 2021 244 2041 nec
259 2013 357 2041 similis
378 2014 540 2046 necessitas,
558 2013 664 2041 similes
679 2013 758 2041 nobis
773 2013 862 2042 socios
878 2014 904 2041 in
923 2022 981 2042 me-

191 2061 307 2088 moriam
323 2061 446 2088 reducat.
461 2061 577 2094 Quinam
587 2061 660 2088 enim
675 2061 720 2088 alii
734 2061 767 2088 ad
778 2068 863 2097 usque
875 2060 981 2097 Syriam

152 2127 155 2130 .
191 2115 223 2134 ac
234 2107 405 2134 Palmstinam
420 2108 507 2134 nostri
523 2114 605 2135 causa
623 2106 758 2134 Barbaros
772 2112 981 2142 persequentes,

191 2158 303 2180 (cntum
323 2153 448 2180 millibus
461 2153 626 2180 cadaverum
643 2152 676 2180 ad
693 2152 835 2185 Orontem,
854 2161 981 2188 campum

192 2203 374 2233 operuerunt,
391 2207 424 2227 ac
444 2199 525 2227 nobis
542 2200 638 2235 gratis,
651 2199 838 2234 quatiablatas
850 2200 982 2228 amisera-
996 2186 1021 2216 Β

191 2252 262 2275 mus,
279 2246 364 2273 urbes
382 2245 580 2274 reddiderunt?
595 2246 634 2274 Ac
660 2246 770 2281 quidem
787 2246 839 2282 ipsi
860 2247 982 2274 exantla-

192 2297 257 2319 runt
274 2292 402 2326 labores;
425 2293 528 2320 nostris
546 2300 612 2320 vero
637 2292 751 2321 fruenda
768 2293 879 2328 praemia
897 2293 982 2320 tradi-

191 2339 309 2370 derunt;
331 2339 487 2367 libertatem
512 2339 616 2374 pariter
630 2347 661 2367 ac
684 2339 828 2374 pietatem,
847 2338 983 2367 universis

191 2386 282 2412 Asiam
312 2385 499 2412 incolentibus
515 2384 628 2417 Gracis,
657 2392 706 2413 ceu
732 2385 887 2420 fugitivam,
906 2389 983 2419 post-

191 2431 299 2458 liminio
325 2432 507 2465 reducentes;
533 2431 615 2466 idque
641 2439 704 2459 cum
729 2431 864 2459 beneﬂcio
878 2431 981 2464 aﬁ‘ecti.

191 2486 224 2505 ne
248 2479 350 2513 gratias
371 2479 483 2514 quidem
508 2478 640 2506 beneﬁcis
657 2482 788 2513 agerent:
815 2477 870 2505 imo
892 2486 982 2514 neque

190 2523 262 2550 bello
286 2529 381 2559 petere
410 2528 582 2554 vererentur.
611 2523 755 2558 modisque
778 2523 909 2551 omnibus
933 2531 982 2551 eos

191 2579 301 2604 vexare,
318 2571 366 2606 qui
382 2571 502 2606 prompti
517 2575 611 2598 essent
625 2569 719 2597 omnia
731 2571 830 2603 facere,
843 2574 872 2597 ut
885 2578 919 2598 ne
930 2577 982 2598 nos

190 2617 224 2644 ab
244 2617 372 2645 hostibus
389 2617 452 2645 talia
472 2622 642 2651 pateremur.

226 2707 358 2740 Quisnam
374 2715 440 2734 vero
458 2707 485 2734 in
495 2706 563 2734 alios
575 2706 685 2739 referat,
701 2711 731 2733 ut
740 2707 873 2734 hactenus
884 2705 980 2739 simus,

191 2754 285 2788 sicque
310 2758 449 2788 utcunque
468 2753 629 2785 habeamus,
649 2758 831 2788 praeterquam
849 2753 876 2779 in
892 2752 982 2780 octin-

190 2804 287 2834 gentos
307 2799 380 2833 illos,
397 2799 444 2834 qui
461 2803 586 2827 nostrum
601 2798 710 2826 cuidam
726 2799 924 2834 imperatorum
936 2797 982 2825 ad-

191 2846 337 2879 Inerentcs,
352 2845 444 2873 sobrio
462 2845 510 2879 illi,
524 2851 609 2880 thue
626 2844 744 2877 videtur,
764 2844 891 2879 prudenti
905 2843 980 2877 viro;

1035 1553 1083 1580 καὶ
1093 1553 1186 1584 κακῶς
1201 1553 1323 1589 πάσχων,
1337 1554 1432 1587 ἕτερον
1447 1553 1523 1587 ἠξίου
1541 1553 1643 1583 καλεῖν,
1659 1552 1707 1588 τῆς
1722 1552 1828 1587 μητρὸς

1035 1599 1112 1636 αύτῷ
1127 1599 1347 1634 παρισταμένης,
1364 1600 1412 1627 καὶ
1440 1599 1594 1634 δυναμένης
1627 1599 1752 1634 ἀμύνειν.
1767 1599 1830 1625 Ὀτι

1034 1645 1057 1673 δ’
1073 1646 1090 1680 ἡ
1107 1645 1273 1681 μητρόπολις
1287 1647 1344 1677 τοῖς
1361 1646 1486 1677 ἀποίκοις
1497 1647 1527 1672 εν
1542 1645 1648 1680 μητρὸς
1663 1645 1830 1672 καθίσταται

1036 1692 1169 1727 σχήματι,
1185 1692 1279 1726 ἀγνοεῖ
1292 1692 1341 1726 μὲν
1353 1692 1452 1724 οὐδεὶς,
1468 1692 1493 1718 εἰ
1508 1692 1544 1727 μή
1558 1701 1599 1722 τις
1611 1692 1657 1719 καὶ
1681 1693 1729 1725 τῆς
1759 1692 1829 1724 ἰδίας

1035 1739 1127 1774 φωνῆς
1138 1739 1189 1766 οὐκ
1202 1739 1287 1765 ἐθέλει
1300 1740 1420 1765 συνεῖναι
1435 1759 1442 1771 ,
1458 1738 1570 1773 δηλοῦσι
1585 1738 1615 1765 δὲ.
1642 1739 1690 1765 καὶ
1704 1739 1729 1764 οἱ
1757 1738 1830 1774 ὑπὲρ

1034 1784 1089 1812 τῶν
1105 1784 1228 1811 ἀποίκων
1242 1784 1311 1819 πρὸς
1327 1785 1431 1816 πάντας
1444 1785 1507 1816 τοὺς
1535 1785 1708 1811 πλεονεκτεῖν
1738 1785 1831 1819 βουλο-

1037 1831 1135 1865 μένους
1148 1830 1203 1856 τῶν
1217 1830 1410 1866 μητροπόλεων
1422 1830 1458 1862 ὡς
1473 1830 1542 1866 ὑπὲρ
1556 1831 1662 1857 ἑαυτῶν
1687 1831 1831 1864 γινόμενοι

1036 1877 1159 1912 πόλεμοι,
1174 1873 1210 1904 ὧν
1224 1876 1434 1911 ἀξιολογώτατοι
1444 1877 1508 1907 εισι,
1521 1878 1568 1904 καὶ
1579 1877 1680 1911 πολλὴν
1695 1877 1831 1912 εὐπορίαν

1034 1922 1091 1952 τοῖς
1107 1922 1296 1956 συγγράφουσι
1310 1921 1502 1956 παρεχόμενοι,
1511 1921 1535 1947 oi
1550 1921 1618 1955 πρὸς
1628 1922 1752 1947 τουτουσὶ
1763 1921 1829 1951 τοὺς

1036 1966 1193 2002 βαρϐάρους
1206 1966 1276 2002 ὑπὲρ
1289 1966 1368 2002 ἡμῶν
1382 1966 1487 1997 τούτοις
1507 1966 1695 2001 διηνυσμένοι.
1721 1967 1755 1992 '0
1779 1967 1830 1992 καὶ

1035 2014 1180 2049 θαυμάζω,
1197 2015 1221 2040 εἰ
1234 2013 1302 2050 μηδὲ
1313 2013 1342 2040 τδ
1354 2013 1402 2047 τῆς
1416 2013 1511 2048 χρείας
1537 2013 1631 2047 ὅμοιον
1654 2013 1710 2039 τῶν
1725 2013 1830 2048 όμοῖων

1035 2060 1108 2096 ἡμᾶς
1123 2060 1330 2095 ἀναμιμνήσκει
1359 2059 1523 2094 συμμάχων.
1536 2059 1615 2090 Τίνες
1640 2059 1695 2094 γάρ
1707 2059 1778 2085 εἰσιν
1802 2059 1829 2085 οι

1037 2105 1119 2141 μέχρι
1144 2105 1245 2141 Συρίας
1277 2105 1324 2132 καὶ
1351 2105 1535 2139 Παλαιστίνης
1563 2105 1636 2140 ὑπὲρ
1661 2105 1740 2140 ήμῶν
1764 2105 1829 2134 τοὺς

1035 2153 1189 2188 βαρσάρους
1200 2151 1356 2184 διώκοντες,
1372 2152 1419 2177 καὶ
1433 2151 1497 2178 δέκα
1516 2151 1564 2189 μὲν
1581 2150 1693 2185 μυριάσι
1722 2150 1828 2184 νεκρῶν

1036 2198 1065 2225 τὸ
1081 2198 1146 2232 περὶ
1161 2197 1206 2224 τδν
1226 2198 1356 2233 Ὀρόντην
1380 2197 1472 2224 πεδίον
1506 2196 1689 2231 καλύψαντες,
1715 2197 1783 2231 ἡμῖν
1798 2196 1828 2223 δὲ

1035 2246 1126 2279 προῖκ’
1155 2244 1366 2275 ἀποδεδωκότες,
1396 2243 1429 2275 ἃς
1459 2243 1628 2279 ἀφῃρήμεθα
1653 2243 1829 2274 πόλειςίωιὶ

1033 2291 1096 2322 τοὺς
1110 2290 1159 2325 μὲν
1172 2290 1270 2321 πόνους
1284 2289 1374 2316 αὐτῶν
1391 2289 1581 2324 ποιησάμενοι,
1594 2289 1629 2316 τὰ
1644 2289 1665 2316 δ’
1681 2287 1752 2316 ἆθλα
1766 2290 1825 2321 τοῖς

1033 2336 1178 2372 ἡμετέροις
1187 2335 1335 2367 δεδωκότες
1348 2335 1523 2371 καρποῦσθαι
1536 2342 1544 2350 ·
1561 2335 1612 2370 τὴν
1628 2335 1651 2362 δ’
1666 2335 1829 2370 ἐλευθερίαν

1034 2384 1082 2410 καὶ
1107 2383 1157 2418 τὴν
1180 2383 1333 2415 εὐσέϐειαν,
1351 2383 1419 2410 πᾶσι
1445 2384 1501 2415 τοῖς
1518 2383 1569 2418 τὴν
1585 2383 1678 2410 Ἀσίαν
1705 2383 1829 2410 οἰκοῦσιν

1034 2428 1176 2462 Ἕλλησιν,
1197 2428 1293 2463 ὥσπερ
1315 2429 1375 2455 τινὰ
1401 2428 1510 2463 φυγάδα
1536 2428 1742 2462 καταγαγόντες
1755 2437 1763 2446 ο
1780 2428 1830 2454 καὶ

1033 2473 1120 2501 ταῦτα
1139 2476 1193 2500 τῶν
1218 2472 1248 2501 εὖ
1279 2474 1440 2508 πασχόντων
1467 2474 1527 2501 οὐδὲ
1552 2475 1633 2510 χάριν
1663 2475 1757 2506 αὐτοῖς
1777 2476 1830 2508 τῆς

1034 2521 1196 2555 εὐεργεσίας
1213 2520 1323 2546 εἰδότων
1336 2528 1343 2535 ·
1359 2519 1428 2546 ἀλλά
1443 2520 1490 2547 καὶ
1507 2520 1637 2555 πολεμεῖν
1652 2520 1703 2546 οὒκ
1714 2520 1831 2546 ὀκνούν-

1032 2575 1098 2598 των,
1115 2566 1163 2592 καὶ
1181 2566 1270 2592 πάντα
1291 2566 1392 2601 τρόπον
1417 2565 1579 2593 κακούντων
1604 2567 1679 2598 τοὺς,
1699 2566 1769 2601 ὅπερ
1790 2567 1830 2601 μὴ

1033 2611 1111 2638 ταῦθ’
1125 2612 1206 2646 ἡμεῖς
1233 2611 1287 2638 ὑπὸ
1314 2612 1370 2638 τῶν
1390 2611 1530 2647 πολεμίων
1546 2612 1711 2648 πεισόμεθα,
1736 2613 1831 2640 πάντα

1035 2659 1122 2684 ποιεῖν
1143 2658 1291 2693 ἑλομένους
1301 2667 1309 2692 ;

1070 2705 1106 2731 Ἦ
1119 2704 1193 2734 τίνας
1209 2704 1242 2731 ἄν
1266 2713 1309 2737 τις
1325 2705 1424 2737 ἄλλους
1438 2706 1594 2733 αἰτιάσαιτο
1613 2703 1661 2732 τοῦ
1685 2703 1734 2731 νῦν
1752 2705 1831 2739 ἡμᾶς

1033 2749 1165 2778 εἶναικαὶ
1178 2751 1304 2778 ὁπωσοῦν
1323 2752 1340 2787 ἢ
1362 2752 1425 2783 τοὺς
1450 2752 1629 2784 ὀκτακοσίους
1650 2752 1785 2783 ἐκείνους,
1803 2751 1831 2778 οἳ

1035 2797 1144 2831 βασιλεί
1162 2806 1216 2824 τινι
1239 2798 1292 2824 τῶν
1319 2798 1465 2833 ἡμετέρων
1483 2799 1676 2834 προσθέμενοι,
1703 2798 1830 2832 σώφρονι

1033 2845 1066 2872 τὰ
1079 2845 1167 2871 πάντα
1182 2844 1228 2871 καὶ
1242 2843 1313 2877 νοῦν,
1326 2844 1364 2876 ὡς
1376 2844 1475 2878 ἔοικεν,
1490 2846 1590 2881 ἔχοντι,
1604 2845 1681 2872 αὐτοὶ
1697 2844 1748 2880 μὲν
1758 2843 1832 2872 ἀπέ-
