1942 3090
156 82 213 115 9η

777 81 964 114 DEMETRII
984 81 1138 114 CYDONII

1731 85 1787 118 981-

162 140 297 175 princlpio
312 140 420 168 videtur
434 141 577 178 obtigisse.
592 142 649 170 Nec
662 142 884 178 congressionem
904 148 944 166 as-

997 143 1053 173 τοῖς
1069 142 1218 178 βαρϐάροις
1233 142 1262 175 ἐξ
1277 142 1366 179 ἀρχῆς
1396 143 1631 178 συγκεκλήρωται.
1658 144 1715 171 Καὶ
1731 144 1785 170 οὐκ

155 187 263 221 signare
277 187 366 220 liceat,
381 195 435 222 qua
465 196 519 216 non
540 189 658 217 victores
671 194 772 224 tropma
790 189 941 217 crcxerint.

156 231 302 259 Enimvero
318 241 379 260 cum
398 234 432 260 ab
447 235 562 270 antiquo
580 236 714 270 cceperint
730 235 865 262 Barbaros
877 242 941 268 pro-

152 278 231 311 sequi
252 278 325 310 odio,
345 278 479 307 hactenus
497 285 683 314 perseverant,
700 280 806 307 utnihil
820 287 939 314 unquam

153 323 264 350 {traderis
279 324 388 351 ineundi
411 326 606 353 meminerint:
625 331 707 361 atque
723 326 792 353 adeo
811 333 854 352 res
869 325 942 359 ejus—

154 369 238 402 modi,
264 369 364 397 ncdum
388 377 447 398 sevo
473 371 535 404 hoc,
552 372 672 398 nominis
690 371 729 398 cis
743 371 838 399 all‘erel
858 371 939 398 clari-

154 419 254 447 tat-xm;
275 422 372 442 verum
392 416 474 442 etiam
502 417 596 444 futuro
619 424 781 452 magnorum
806 417 940 443 bonorum

154 460 236 487 habet
252 462 507 495 repromissionem.
523 462 616 497 Atqui,
637 463 700 498 quis
713 463 816 490 certius
830 461 939 497 aliquod

153 511 345 540 argumentum
373 507 449 539 velit,
471 512 501 534 ut
517 516 570 535 non
596 508 613 535 ii
640 508 729 540 facile,
748 513 876 543 tanquam
892 515 941 535 co-

153 551 239 578 lorem
255 553 309 579 sint
323 552 486 580 sententiam
503 553 646 586 mulaturi,
667 561 748 588 quam
764 558 794 581 ut
808 554 941 580 diuturno

152 598 221 624 adeo
239 602 361 633 tempore
379 599 512 626 adversus
528 599 662 626 Barbaros
675 599 876 634 depugnantes,
892 607 940 626 ne-

152 651 206 677 quc
223 644 274 678 ipsi
299 651 420 678 unquam
435 644 559 671 inducias
582 644 735 678 petierint,
751 651 801 671 nec
816 644 941 671 hostibus

151 689 289 716 Voluerint
311 689 434 721 concedi,
453 693 581 724 tanquam
607 697 671 716 vero
694 689 728 715 ab
751 690 810 724 ipsa
840 694 940 716 natura

154 735 181 762 iu
197 742 244 762 vos
261 734 361 762 bi-llum
382 735 564 770 susceperint,
581 735 619 763 sic
633 742 728 762 eorum
746 735 852 762 ruinam
871 735 939 762 lucri

153 782 263 809 maximi
279 781 340 808 loco
360 781 460 808 habent
473 781 484 807 ?
497 781 574 814 Quod
599 784 689 808 autem
706 788 759 807 non
774 781 827 808 nisi
843 781 941 816 grandi

153 835 206 854 mre
219 827 282 854 talia
298 827 442 862 designare
459 827 608 861 potuerint,
626 826 759 854 ridiculus
773 827 823 854 sim
837 832 939 862 utpro-
959 817 981 845 Β

153 874 218 900 hare
233 873 407 900 lentavorim.
424 873 522 900 Sciunt
537 880 602 899 vero
615 873 663 906 qui
678 873 787 900 navales
801 873 943 900 instruunt

155 918 260 953 copias,
287 918 354 945 nihil
373 917 550 953 paucioribus
567 917 688 952 indigere
707 917 740 944 ad
761 923 943 945 commeatum

155 963 229 991 bello
244 968 429 998 comparatam
447 963 549 995 navim,
566 967 647 997 atque
665 963 786 997 indigeat
808 971 860 990 una
877 963 944 990 urbs

155 1015 222 1038 tota.
249 1009 301 1037 Tot
319 1017 386 1037 vero
409 1010 447 1037 illi
474 1010 604 1037 continue
628 1009 768 1036 instruunt
784 1009 894 1042 classes,
914 1013 944 1036 ut

154 1056 238 1083 ludus
254 1055 365 1090 quidem
389 1055 525 1088 videatur,
545 1063 627 1090 quam
644 1055 729 1082 Graeci
747 1056 881 1082 miserunt
896 1063 944 1082 ex-

155 1107 305 1136 pugnatum
323 1101 455 1136 Troiam:
479 1101 519 1128 sic
535 1101 610 1128 velut
632 1108 648 1128 e
665 1100 798 1133 fontibus.
820 1101 945 1136 pecuniae

154 1148 282 1175 allluunt.
306 1148 362 1176 Nec
378 1148 521 1175 hominum
549 1155 631 1182 quam
657 1148 838 1182 pecuniarum
856 1147 945 1174 minor

155 1194 246 1228 copia.
265 1193 319 1220 Per
343 1194 470 1220 nationes
489 1193 575 1225 enim,
602 1193 784 1227 sodaliliaque
808 1200 840 1220 ac
857 1193 945 1220 tribus

155 1243 310 1270 transeunt,
328 1243 358 1266 ut
373 1238 520 1265 vidcantur
532 1238 619 1273 patria
635 1238 729 1265 relicta
745 1238 799 1265 alio
826 1237 942 1266 commi-

154 1293 244 1321 grare.
260 1284 338 1317 Quod
353 1284 375 1312 si
392 1284 453 1318 quis
467 1292 500 1311 eo
516 1285 620 1311 moveri
639 1284 724 1316 dicat,
742 1285 814 1320 quod
830 1292 880 1312 nos
894 1285 945 1312 mi-

155 1333 290 1362 serantes,
305 1329 376 1356 mala
399 1333 490 1356 nostra
517 1336 595 1355 suam
614 1329 735 1363 ipsorum
760 1329 944 1356 calamitatem

155 1375 275 1406 ducant;
289 1373 356 1408 quid
370 1373 412 1401 vel
425 1378 554 1408 parentes
569 1373 732 1408 ampliorum
749 1374 775 1400 in
793 1381 842 1400 nos
858 1373 946 1400 visce—

156 1429 216 1447 rum
243 1420 390 1447 ostendere
418 1419 542 1446 valeant?
571 1418 619 1446 Sin
646 1420 750 1451 autem,
768 1423 848 1446 tanta;
872 1419 945 1446 illius

997 187 1069 215 ἐστιν
1083 189 1127 216 ὅτε
1141 189 1326 225 συμϐαλόντες
1337 190 1386 216 οὐκ
1401 189 1554 224 ἀνέστησαν
1567 189 1694 224 τρόπαια.
1703 189 1786 216 Ἀλλά

997 235 1050 269 μὴν
1063 235 1167 262 ἀνωθεν
1186 235 1233 262 τοῦ
1251 236 1320 271 πρὸς
1339 236 1403 267 τοὺς
1421 235 1578 271 βαρϐάρους
1594 235 1690 270 μίσους
1701 235 1787 269 ἀρξά-

978 316 980 321 l
997 289 1083 316 μενοι,
1099 281 1173 316 δεῦρ’
1183 281 1227 308 ἀεὶ
1241 280 1440 315 διαγιγόνασιν,
1456 280 1517 307 οὐδέ
1532 289 1597 306 ποτε
1616 279 1786 315 μνησθέντες

996 328 1137 354 σπονδῶν·
1156 327 1194 359 ὡς
1220 327 1294 354 τοῦτ’
1320 327 1413 359 αὐτοῖς
1429 327 1480 353 οὔκ
1499 325 1616 353 ἐνταῦθα
1643 326 1723 360 μόνον
1738 324 1786 352 εὖ·

996 373 1090 408 κλειαν
1103 371 1187 406 οἴσον,
1204 373 1272 399 ἀλλά
1293 374 1339 399 καὶ
1356 372 1425 407 πρὸς
1437 371 1468 398 τδ
1483 371 1580 407 μέλλον
1602 371 1714 405 ἀγαθῶν
1733 380 1785 406 με-

995 420 1086 454 γάλων
1103 419 1164 455 ἔχον
1180 419 1358 454 ἐπαγγελίαν.
1375 419 1472 446 Καίτοι
1488 418 1530 449 τίς
1551 418 1585 450 ἂν
1609 417 1673 444 ἄλλο
1691 418 1785 452 μεῖζον

995 465 1053 500 ἔχοι
1072 465 1223 500 τεκμήριον
1237 464 1285 491 τοῦ
1309 464 1373 496 τοὺς
1389 464 1488 498 ἄνδρας
1508 463 1545 498 μὴ
1569 463 1671 498 ῥᾴδιον,
1688 462 1784 496 ὥσπερ

995 513 1101 548 χροιὰς,
1119 511 1298 547 μεταϐάλλειν
1313 511 1363 541 τὰς
1379 510 1490 544 γνώμας
1506 509 1523 545 ἢ
1542 509 1671 536 τοσοῦτον
1686 508 1784 543 χρὸνον

996 558 1185 593 πολεμοῦντας
1202 558 1269 593 πρδς
1286 558 1452 593 βαρϐάρους,
1467 557 1569 591 ἀνοχὰς
1594 556 1658 590 μήτ’
1683 555 1784 585 αὐτοὺς

995 606 1115 640 αἰτῆσαι.
1131 606 1200 639 μήτε
1227 604 1339 638 θελῆσαι
1358 603 1451 630 δοῦναι
1471 603 1529 633 τοῖς
1543 602 1687 635 πολεμίοις
1700 609 1708 616 ·
1724 599 1784 627 ἀλλ’

995 650 1090 685 ὥσπερ
1106 650 1154 676 καὶ
1175 649 1224 684 τὴν
1240 649 1309 684 πρὸς
1326 648 1448 679 ἐκείνους
1469 648 1560 682 μάχην
1575 647 1644 682 μετὰ
1661 648 1710 681 τῆς
1733 647 1785 679 φύ-

997 706 1064 729 σεως
1079 696 1252 731 δεξαμένους,
1277 695 1349 722 οὕτω
1364 694 1413 731 τὴν
1429 695 1541 721 ἐκείνων
1566 693 1705 720 ἀπώλειαν
1724 693 1785 727 ἥδι-

996 752 1058 770 στον
1073 742 1195 777 νομίζειν
1209 741 1330 777 κερδῶν;
1343 741 1404 768 Ὀτι
1416 741 1440 768 δ’
1454 741 1504 768 οὐκ
1515 740 1578 767 ἄνευ
1587 739 1739 775 χρημάτων
1749 740 1785 765 τὰ

995 789 1108 816 τοιαῦτα
1136 788 1169 815 ἂν
1184 787 1368 823 ἠδυνήθησαν,
1397 786 1485 820 γέλως
1514 786 1563 820 μὲν
1587 784 1785 812 ἀποδεικνύναι

995 834 1159 870 πειρᾶσθαι·
1180 834 1254 860 ίσασι
1266 833 1294 859 δὲ
1307 834 1331 859 οί
1350 832 1399 863 τὰς
1412 831 1546 863 ναυτικὰς
1560 831 1690 864 δυνάμεις
1704 830 1786 864 ἐξαρ-

993 881 1131 914 τυὸμενοι,
1145 879 1180 911 ὡς
1195 879 1264 905 ὅσων
1280 878 1329 913 μιᾷ
1350 877 1436 910 πόλει,
1451 876 1587 903 τοσούτων
1605 877 1646 902 δεῖ
1669 876 1717 902 καὶ
1734 875 1787 909 μιᾷ

994 925 1039 960 νηῒ
1055 924 1238 959 στρατιώτιδι.
1261 924 1438 954 ’Λποστόλους
1465 922 1486 949 δ’
1503 923 1606 949 ἐκεῖνοι
1632 921 1785 952 τοσούτους

995 971 1114 1005 συνεχῶς
1140 970 1327 1005 ἐξαρτύονται,
1348 969 1386 1001 ὼς
1412 968 1523 995 παιδιάν
1551 976 1612 994 τινα
1632 968 1734 1000 δοκεῖν,
1753 967 1786 993 ὃν

995 1016 1126 1049 Ἕλληνες
1138 1016 1185 1042 ἐπὶ
1200 1015 1301 1050 Τροίαν
1318 1009 1483 1042 ἀπέστειλαν
1494 1023 1500 1030 ·
1517 1013 1589 1041 οὕτω
1612 1013 1647 1040 τὰ
1661 1013 1788 1049 χρήματ’

995 1063 1086 1094 αὐτοῖς
1100 1062 1195 1097 ὥσπερ
1210 1062 1264 1088 ἀπὺ
1277 1062 1375 1097 πηγῶν
1390 1062 1510 1096 ἐπιρρεῖ,
1525 1061 1573 1087 καὶ
1588 1060 1634 1087 τοῦ
1647 1060 1702 1086 τῶν
1718 1069 1788 1094 χρη-

991 1102 1090 1143 ’μάτων
1106 1107 1226 1144 πλήθους
1254 1108 1302 1142 οὐχ
1318 1104 1399 1142 ἦττον
1417 1107 1447 1134 τὺ
1461 1107 1515 1133 τῶν
1544 1106 1690 1141 σωμάτων.
1706 1105 1786 1132 Κατά

995 1156 1059 1191 ἔθνη
1074 1155 1128 1190 γὰρ
1144 1154 1192 1182 καὶ
1205 1154 1277 1181 κατὰ
1291 1154 1410 1189 φατρίας
1425 1154 1473 1180 καὶ
1489 1154 1559 1180 κατά
1574 1151 1662 1187 φυλὰς
1678 1151 1788 1178 διαϐαί-

995 1210 1085 1229 νουσιν
1098 1222 1105 1234 ,
1122 1201 1160 1232 ὡς
1182 1201 1272 1227 δοκεῖν
1292 1200 1388 1227 ἄλλοσε
1415 1198 1628 1234 μετοικίζεσθαι,
1646 1197 1704 1234 τὴν
1732 1204 1786 1223 παι

995 1247 1073 1281 τρίδα
1091 1246 1310 1277 καταλιπόντας,
1322 1245 1359 1271 Τὸ
1376 1245 1399 1271 δ’
1413 1246 1459 1271 ἐπὶ
1473 1243 1560 1270 ταῦτα
1583 1241 1676 1269 κινοῦν
1691 1242 1716 1268 εί
1735 1241 1786 1275 μὲν

994 1292 1025 1318 τδ
1049 1292 1193 1325 συναλγεῖν
1212 1292 1279 1326 ἡμῖν
1299 1291 1371 1317 εῖποι
1394 1298 1448 1322 τις,
1470 1290 1518 1316 καὶ
1536 1290 1681 1324 συμφορὰν
1697 1288 1786 1314 ποιεῖ-

997 1337 1059 1364 σθαι
1075 1336 1242 1371 τὰ““ήμὲτερα
1267 1335 1354 1369 πάθη,
1383 1334 1409 1360 τί
1424 1335 1479 1365 τοῖς
1496 1333 1606 1367 γονεῦσι
1623 1332 1687 1366 περὶ
1711 1332 1787 1367 ἡμᾶς

996 1381 1186 1413 ἐπιδείξασθαι
1204 1380 1285 1406 πλέον
1302 1379 1464 1411 κατέλιπον;
1481 1380 1505 1405 εί
1519 1379 1547 1404 δὲ
1561 1378 1610 1412 τὴν
1624 1378 1671 1404 ἐπὶ
1681 1376 1785 1407 τούτοις

996 1428 1076 1461 δόξαν
1088 1425 1168 1454 ἆθλον
1182 1426 1232 1460 τῆς
1256 1426 1392 1459 τοσαύτης
1408 1423 1610 1460 μεγαλοψυχίας
1630 1422 1786 1454 ποιοῦνται,

156 1465 366 1501 magniﬁcentiae
380 1465 535 1500 praemium,
548 1472 631 1499 quam
649 1464 712 1491 inde
727 1470 944 1499 consequuntur,

997 1474 1055 1501 πότ’
1072 1474 1104 1501 ἂν
1123 1471 1195 1501 οὗτοι
1209 1472 1315 1508 μικρῶν
1332 1480 1413 1498 τινων
1435 1471 1516 1498 ἕνεκα
1539 1470 1603 1501 τοὺς
1625 1469 1787 1504 συμμάχους

156 1512 271 1548 gloriam
290 1515 425 1546 quaerant,
442 1512 615 1547 quandonam
641 1510 660 1538 ii
677 1510 768 1538 induci
783 1510 898 1545 possint,
914 1515 943 1537 ut

157 1558 264 1586 levibus
281 1558 446 1593 quibusdam
458 1566 490 1585 ex
506 1558 597 1585 causis
614 1557 678 1584 belli
692 1558 783 1585 socios
796 1556 942 1589 deserant;

158 1605 206 1640 qui
222 1612 288 1632 vero
312 1612 367 1631 non
382 1604 416 1632 iis
438 1605 494 1632 sint
518 1603 686 1634 auxiliaturi,
702 1610 819 1637 quorum
844 1603 944 1635 salute,

158 1655 263 1678 tantam
285 1650 405 1677 habeant
430 1653 571 1684 reportare
589 1648 723 1683 gloriam?
749 1647 795 1674 Sin
813 1647 944 1682 denique,

158 1697 231 1732 quod
256 1698 344 1732 majus
374 1696 524 1730 veriusque
548 1695 668 1726 dicatur,
698 1693 771 1729 quod
789 1694 816 1721 in
832 1695 890 1721 suis
913 1701 946 1721 ac

157 1742 331 1775 necessariis,
343 1750 466 1778 quosque
477 1746 563 1769 utsua
576 1741 696 1776 ipsorum
706 1741 828 1768 membra
837 1745 945 1774 curent,

159 1788 292 1824 pietatem
313 1788 426 1815 videant
449 1789 476 1814 in
496 1787 645 1814 discrimen
666 1786 777 1818 vocari;
802 1791 883 1821 atque
897 1794 946 1813 eos

158 1834 281 1868 quicum
300 1834 366 1868 ipsis
379 1841 411 1860 ac
424 1841 472 1868 per
486 1833 559 1867 ipsos
571 1832 710 1860 universis
723 1832 944 1864 dominabantur,

158 1888 255 1907 eorum
281 1879 433 1914 mancipari
463 1886 568 1910 servos,
597 1886 666 1912 quos
691 1877 767 1912 prius
785 1877 947 1905 habuissent

160 1925 297 1959 mancipia
322 1932 372 1959 pro
395 1924 524 1952 omnibus
548 1923 600 1958 ipsi
626 1923 753 1950 adierunt
774 1923 944 1958 periculum;

161 1978 247 1999 unum
265 1970 332 1998 illud
346 1970 396 1997 sibi
410 1974 606 2004 proponentes,
622 1977 676 2004 quo
688 1969 847 2003 religionem
857 1976 948 1997 sacra-

161 2016 293 2044 ﬁssimaln
305 2015 339 2043 ab
355 2015 502 2050 impiorum
515 2014 614 2050 injuria
629 2014 790 2045 liberarent,
808 2014 946 2048 quomodo

160 2069 216 2089 non
232 2061 365 2088 eximium
391 2059 457 2094 quid
485 2059 610 2087 videatur
632 2059 704 2094 quod
731 2059 766 2087 ab
780 2059 822 2086 eis
836 2059 947 2094 agitur?

161 2107 218 2133 Aut
233 2104 297 2140 quis
313 2103 450 2132 illustrius
462 2103 551 2138 possit
565 2103 663 2130 all‘erre
676 2102 786 2137 pietatis
799 2101 947 2129 indicium?

997 1519 1208 1553 ὲγκαταλίποιεν
1223 1526 1230 1533 ·
1247 1517 1264 1552 ἢ
1287 1518 1347 1548 πῶς
1360 1517 1410 1543 οὐκ
1423 1516 1456 1543 ἂν
1474 1515 1582 1551 βοηθεῖν
1598 1515 1724 1546 ἐκείνοις,
1739 1513 1787 1545 οὓς

996 1565 1143 1595 σώσαντες,
1159 1563 1293 1598 τοσαύτην
1313 1561 1436 1589 οἴσεσθαι
1454 1561 1581 1596 μέλλουσι
1595 1560 1691 1593 δόξανς
1722 1560 1749 1587 εί
1763 1559 1787 1586 δ’

994 1609 1009 1636 ὃ
1027 1609 1120 1645 μεῖζον
1136 1609 1182 1635 καὶ
1204 1607 1387 1642 ἀληθέστερον
1401 1607 1473 1633 εἴποι
1490 1615 1544 1640 τις,
1557 1606 1594 1638 ὡς
1623 1605 1742 1640 ὁρῶντες
1757 1606 1788 1632 ἐν

995 1656 1051 1685 τοῖς
1062 1653 1172 1685 οίκείοις
1186 1653 1234 1679 καὶ
1245 1649 1282 1679 ὧν
1296 1652 1333 1684 ὡς
1347 1652 1459 1679 οἰκείων
1474 1651 1565 1686 μελῶν
1582 1651 1722 1685 κήδονται,
1735 1650 1788 1684 τὴν

995 1698 1136 1726 εὐσέϐειαν
1167 1696 1398 1724 κινδυνεύουσαν*
1427 1697 1475 1723 καὶ
1502 1696 1566 1727 τοὺς
1593 1695 1652 1730 μετ’
1684 1695 1787 1727 αὐτῶν,

995 1745 1045 1773 καὶ
1073 1745 1106 1771 δι’
1133 1743 1223 1772 αὐτῶν
1241 1743 1349 1770 πάντων
1374 1742 1554 1778 κρατοῦντας.
1573 1742 1629 1773 τοῖς
1649 1741 1787 1777 πρότερον

996 1791 1176 1825 ἀνδραπόδοις
1198 1789 1439 1824 ἀναγκαζομένους
1467 1788 1617 1821 δουλεύειν,
1644 1788 1723 1815 αὐτοὶ
1740 1788 1787 1814 τδν

997 1838 1068 1873 ὑπὲρ
1089 1837 1142 1864 τῶν
1159 1836 1228 1863 ὅλων
1241 1836 1400 1868 ἀνεδέξαντο
1421 1834 1544 1861 κίνδυνον
1554 1854 1561 1867 ,
1580 1835 1610 1860 ἓν
1625 1833 1704 1860 τοῦτο
1720 1841 1787 1860 σκο-

997 1884 1123 1915 ποῦντες,
1140 1883 1216 1913 ὅπως
1234 1882 1285 1916 τὴν
1302 1881 1458 1916 ἀγιωτάτην
1491 1881 1641 1916 θρησκείαν
1665 1881 1715 1915 τῆς
1730 1879 1787 1906 τῶν

997 1929 1105 1957 ἀσεϐῶν
1127 1928 1233 1963 ὕϐρεως
1249 1928 1442 1963 ἐξαρπάσωσιν
1460 1927 1520 1958 πῶς
1536 1927 1584 1962 οὑχ
1600 1927 1740 1961 ὑπερφυὲς
1755 1926 1787 1953 τὸ

998 1975 1059 2002 κατ’
1074 1975 1183 2006 αὐτοὺς,
1210 1974 1226 2009 ἢ
1255 1974 1281 2000 τί
1307 1981 1350 2004 τις
1371 1973 1561 2008 λαμπρότερον
1576 1972 1716 2003 εὐσεϐείας
1727 1972 1786 2004 ἐξε-

998 2020 1097 2054 νέγκαι
1113 2020 1264 2054 τεκμήριον
1278 2027 1285 2051 ;
1305 2019 1332 2045 οἵ
1349 2027 1380 2052 γε
1397 2020 1453 2048 τοῖς
1470 2018 1516 2044 τὸν
1532 2018 1650 2053 Χριστὸν
1662 2017 1785 2052 βλασφη-

1001 2064 1092 2099 μοῦσι,
1121 2064 1246 2095 καὶτοῖς
1272 2063 1377 2090 ἐκείνου
1406 2063 1489 2093 θείοις
1521 2063 1612 2097 νόμοις
1642 2062 1692 2096 τὴν
1720 2061 1785 2096 παρ’

1001 2111 1109 2142 ἑαυτοῖς
1125 2110 1330 2136 ἀντιτάττουσιν
1345 2109 1470 2143 ἀνομίαν,
1489 2109 1538 2135 καὶ
1559 2109 1617 2139 τοῖς
1633 2108 1681 2134 ἀπ’
1697 2107 1784 2134 αὑτοῦ

161 2150 298 2186 δίψιίάθηι
327 2148 584 2184 blasphemamibus
609 2148 761 2178 (Ἇπίεῑυων
790 2147 946 2182 ἀίνῑηίεψιε
963 2156 985 2183 D
1001 2154 1182 2188 καλουμένοις
1194 2152 1327 2183 τοσαύτας
1341 2151 1520 2187 περιτιθεῐσιν
1535 2152 1668 2185 ἀνάγκας,
1683 2151 1720 2182 ὡς
1734 2152 1785 2178 οὐκ

161 2195 222 2231 ejus
253 2194 358 2229 legibus
375 2202 451 2222 suam
475 2193 598 2228 ipsorum
623 2193 828 2228 opponentibus
842 2192 946 2226 iniqui-

162 2245 258 2272 tatem.
275 2241 358 2276 inque
373 2244 462 2268 tantas
475 2240 652 2268 necessitates
668 2239 757 2267 dictos
772 2239 807 2266 ab
821 2246 854 2266 eo
868 2238 948 2266 Chri-

161 2288 268 2315 stianos
285 2287 471 2321 mittentibus,
497 2291 527 2314 ut
552 2293 586 2314 ne
603 2286 714 2321 quidem
738 2285 840 2320 alioqui
866 2284 947 2312 liceat

162 2333 219 2360 vita
234 2333 410 2367 superstitem
426 2341 499 2364 esse,
523 2332 577 2359 nisi
596 2339 656 2360 eam
678 2331 740 2366 quis
762 2331 855 2358 laudet
881 2338 945 2358 cor-

163 2378 332 2413 ruptionem,
358 2379 408 2406 soli
434 2386 464 2406 se
480 2379 616 2406 universis
638 2378 806 2413 adversaque
824 2378 883 2405 acie
897 2377 946 2404 ob-

160 2425 298 2460 jecerunt.
316 2424 355 2451 Ac
380 2431 468 2459 neque
493 2425 590 2452 civitas
604 2429 664 2457 est;
691 2431 746 2451 non
762 2424 872 2457 insula;
892 2431 946 2451 non

162 2469 320 2502 continens,
338 2469 385 2497 ubi
410 2478 464 2497 non
483 2470 514 2502 ii,
536 2471 609 2497 illius
626 2478 676 2505 pro
692 2470 792 2504 pietate
811 2470 862 2497 zeli
878 2469 948 2498 assi-

162 2513 218 2540 due
236 2515 378 2548 spccimen
400 2513 492 2546 edant,
515 2521 563 2542 eos
583 2513 616 2541 ad
634 2514 726 2541 ﬂetum
744 2519 882 2549 cogentes,
898 2515 946 2549 qui

164 2559 290 2586 irrisioni
304 2560 433 2594 pietatem
448 2560 560 2588 habent.
579 2559 612 2587 lli
627 2564 691 2587 sunt
704 2560 750 2593 qui
766 2560 793 2587 in
808 2559 900 2588 Africa
915 2567 947 2588 ac

162 2604 328 2640 Carthagine
339 2613 484 2633 numerosa
496 2605 647 2633 triremium
658 2606 756 2638 classe,
770 2613 802 2633 ac
813 2605 948 2641 pedestri-

161 2649 215 2677 bus
226 2651 313 2686 copiis
323 2651 504 2680 Barbarorum
513 2651 639 2687 injuriam
653 2651 783 2679 cohibent
792 2659 799 2678 :
809 2652 910 2686 quique
919 2651 947 2678 in

163 2693 314 2732 Egyptum
335 2701 487 2731 moventes,
501 2698 611 2725 illorum
627 2697 800 2732 metropolim
817 2697 884 2732 igni,
899 2705 946 2724 ca-

165 2742 324 2776 daveribus,
351 2750 384 2770 ac
405 2743 554 2770 ruderibus
573 2743 756 2777 repleverint:
773 2738 865 2770 Asiani
881 2751 946 2771 vero

167 2786 209 2815 sic
232 2786 420 2822 percusserint
443 2787 655 2822 terruerintque,
680 2792 709 2815 ut
725 2788 814 2823 magni
831 2787 944 2816 aestimet

999 2200 1060 2227 ὲνὺν
1074 2199 1160 2230 ἄλλως
1176 2198 1237 2234 ζῇν,
1250 2198 1282 2224 ἂν
1300 2197 1337 2231 μή
1354 2205 1395 2228 τ;ς
1413 2198 1521 2231 ἐκείνην
1536 2198 1634 2231 ἐπαινῇ
1659 2197 1707 2231 τὴν
1721 2197 1785 2231 φθο-

1001 2245 1060 2280 ρὰν,
1074 2244 1150 2278 μόνοι
1165 2244 1246 2270 πᾶσιν
1258 2243 1370 2272 ἑαυτοὺς
1381 2242 1574 2276 ἀντεξήγαγον.
1586 2242 1640 2267 Καὶ
1652 2242 1702 2267 οὐκ
1711 2241 1784 2267 ἐστιν

999 2289 1030 2316 οὒ
1048 2288 1137 2320 πόλις,
1153 2288 1183 2314 οὔ
1199 2287 1290 2321 νῆσος.
1302 2287 1352 2313 οὐκ
1367 2287 1492 2321 ἧπειρος,
1507 2282 1537 2312 οὗ
1556 2286 1593 2321 μὴ
1608 2285 1726 2320 συνεχῶς
1741 2282 1785 2311 οῦς

999 2343 1040 2361 τοι
1059 2335 1105 2361 τὸν
1122 2334 1191 2368 ὑπὲρ
1218 2335 1266 2368 τῆς
1293 2333 1434 2363 εὐσεϐείας
1459 2332 1660 2358 ἐπιδείκνυνται
1691 2332 1782 2366 ζῆλον,

999 2380 1106 2408 κλαίειν
1122 2379 1323 2413 ἀναγκάζοντες
1345 2379 1409 2409 τοὺς
1436 2378 1484 2411 τῆς
1507 2378 1648 2408 εὐσεϐείας
1664 2386 1785 2410 καταγε-

998 2425 1112 2456 λῶντας.
1123 2423 1203 2452 Οὗτοι
1214 2425 1268 2459 γάρ
1280 2426 1351 2451 εἰσιν
1361 2425 1384 2450 ol
1398 2424 1467 2458 πρὸς
1483 2423 1570 2458 Λιϐύῃ
1584 2423 1632 2457 μὲν
1648 2423 1696 2449 καὶ
1711 2424 1786 2457 Καρ-

1000 2471 1092 2506 χηδόνι
1102 2471 1214 2502 πολλαῖς
1227 2471 1354 2506 τριήρεσι
1375 2470 1423 2495 καὶ
1453 2469 1523 2504 πεζῇ
1539 2468 1653 2502 δυνάμει
1668 2470 1716 2503 τὴν
1729 2469 1785 2495 τῶν

999 2515 1147 2551 βαρϐάρων
1177 2515 1256 2550 ὕϐριν
1289 2515 1475 2550 ἀνείργοντες.
1493 2514 1654 2547 Αἰγυπτίοις
1680 2513 1708 2540 δὲ
1723 2515 1783 2540 ἑπι-

1000 2561 1229 2598 στρατεύσαντες,
1245 2561 1292 2587 καὶ
1307 2561 1357 2593 τὴν
1372 2560 1486 2587 ἐκείνων
1507 2559 1673 2594 μητρόπολιν
1697 2560 1785 2595 me;

999 2608 1047 2634 καὶ
1064 2606 1169 2642 νεκρῶν
1195 2607 1242 2632 καὶ
1269 2605 1397 2640 ἐρειπίων
1421 2606 1612 2640 ἐμπλήσαντες
1624 2613 1633 2621 ·
1651 2605 1744 2632 Ἀσίαν
1761 2605 1785 2632 δ’

998 2653 1070 2680 οὕτω
1083 2652 1243 2687 πλήξαντες,
1261 2651 1326 2678 ὥστ’
1340 2652 1451 2686 ἀγαπᾷν
1468 2653 1492 2677 εί
1513 2652 1550 2686 μή
1564 2659 1589 2677 τι
1607 2651 1762 2686 προσπάθοι
1774 2659 1782 2668 ⁸

997 2699 1061 2730 τοὺς
1082 2698 1105 2724 δ’
1128 2699 1157 2724 ἐν
1175 2697 1365 2734 Ἑλλησπόντῳ
1384 2698 1432 2724 καὶ
1452 2697 1614 2732 Προποντίδι
1639 2699 1687 2724 καὶ
1714 2698 1783 2733 πρὸς

1000 2744 1085 2778 μόνην
1097 2743 1148 2778 τὴν
1162 2743 1248 2778 ἀκοὴν
1258 2744 1306 2778 τῆς
1319 2744 1409 2770 αὐτῶν
1423 2744 1565 2778 δυνάμεως
1580 2744 1784 2777 ἀναγκάζοντες

999 2789 1131 2824 φρίττειν.
1153 2789 1257 2816 ΙἈλλων
1271 2789 1300 2816 δέ
1316 2798 1397 2816 τινων
1410 2789 1480 2824 ὑπὲρ
1497 2789 1541 2816 τὸν
1555 2789 1701 2816 Καύκασον
1717 2800 1782 2825 μαι-
