  <div class='ocr_page' id='page_1' title='image "/cluster/home/n/w/nwhite01/storage/ocr_20150623/154/njp.32101010943486/508.png"; bbox 0 0 1942 3090; ppageno 0'>
   <div class='ocr_carea' id='block_1_1' title="bbox 111 94 162 125">
    <p class='ocr_par' dir='ltr' id='par_1_1' title="bbox 111 94 162 125">
     <span class='ocr_line' id='line_1_1' title="bbox 111 94 162 125; baseline 0 -1"><span class='ocrx_word' id='word_1_1' title='bbox 111 94 162 125; x_wconf 71' lang='lat'><strong>98&#39;)</strong></span> 
     </span>
    </p>
   </div>
   <div class='ocr_carea' id='block_1_2' title="bbox 569 95 1269 130">
    <p class='ocr_par' dir='ltr' id='par_1_2' title="bbox 569 95 1269 130">
     <span class='ocr_line' id='line_1_2' title="bbox 569 95 1269 130; baseline 0.006 -4"><span class='ocrx_word' id='word_1_2' title='bbox 569 95 712 127; x_wconf 76' lang='lat' dir='ltr'><strong>ORATIO</strong></span> <span class='ocrx_word' id='word_1_3' title='bbox 733 97 806 128; x_wconf 83' lang='lat' dir='ltr'><strong>PRO</strong></span> <span class='ocrx_word' id='word_1_4' title='bbox 828 98 1011 129; x_wconf 83' lang='lat' dir='ltr'><strong>SUBSIDIO</strong></span> <span class='ocrx_word' id='word_1_5' title='bbox 1032 98 1269 130; x_wconf 81' lang='lat' dir='ltr'><strong>LA&#39;I‘INORUM.</strong></span> 
     </span>
    </p>
   </div>
   <div class='ocr_carea' id='block_1_3' title="bbox 1687 100 1739 132">
    <p class='ocr_par' dir='ltr' id='par_1_3' title="bbox 1687 100 1739 132">
     <span class='ocr_line' id='line_1_3' title="bbox 1687 100 1739 132; baseline 0.019 -1"><span class='ocrx_word' id='word_1_6' title='bbox 1687 100 1739 132; x_wconf 84' lang='lat'><strong>986</strong></span> 
     </span>
    </p>
   </div>
   <div class='ocr_carea' id='block_1_4' title="bbox 110 151 897 190">
    <p class='ocr_par' dir='ltr' id='par_1_4' title="bbox 110 151 896 190">
     <span class='ocr_line' id='line_1_4' title="bbox 110 151 896 190; baseline 0.004 -12"><span class='ocrx_word' id='word_1_7' title='bbox 110 151 238 186; x_wconf 82' lang='grc' dir='ltr'>νομένων,</span> <span class='ocrx_word' id='word_1_8' title='bbox 250 152 296 178; x_wconf 70' lang='grc' dir='ltr'>καὶ</span> <span class='ocrx_word' id='word_1_9' title='bbox 307 151 346 187; x_wconf 83' lang='grc' dir='ltr'>τῷ</span> <span class='ocrx_word' id='word_1_10' title='bbox 361 152 430 186; x_wconf 68' lang='grc' dir='ltr'>πυρὶ</span> <span class='ocrx_word' id='word_1_11' title='bbox 441 153 636 188; x_wconf 69' lang='grc' dir='ltr'><strong>προσαγόντων</strong></span> <span class='ocrx_word' id='word_1_12' title='bbox 648 153 665 180; x_wconf 81' lang='grc' dir='ltr'>ἃ</span> <span class='ocrx_word' id='word_1_13' title='bbox 678 155 812 190; x_wconf 72' lang='grc' dir='ltr'>προσήκει</span> <span class='ocrx_word' id='word_1_14' title='bbox 825 155 896 190; x_wconf 84' lang='grc' dir='ltr'>Θεῷ,</span> 
     </span>
    </p>
   </div>
   <div class='ocr_carea' id='block_1_5' title="bbox 950 151 1740 190">
    <p class='ocr_par' dir='ltr' id='par_1_5' title="bbox 950 154 1740 190">
     <span class='ocr_line' id='line_1_5' title="bbox 950 154 1740 190; baseline 0 -10"><span class='ocrx_word' id='word_1_15' title='bbox 950 154 1018 182; x_wconf 85' lang='lat' dir='ltr'><strong>nihil</strong></span> <span class='ocrx_word' id='word_1_16' title='bbox 1028 155 1089 182; x_wconf 90' lang='lat' dir='ltr'><strong>mali</strong></span> <span class='ocrx_word' id='word_1_17' title='bbox 1103 155 1243 189; x_wconf 88' lang='lat' dir='ltr'><strong>amplioris</strong></span> <span class='ocrx_word' id='word_1_18' title='bbox 1254 154 1326 190; x_wconf 84' lang='lat' dir='ltr'><strong>pati:</strong></span> <span class='ocrx_word' id='word_1_19' title='bbox 1344 154 1391 190; x_wconf 82' lang='lat' dir='ltr'><strong>qni</strong></span> <span class='ocrx_word' id='word_1_20' title='bbox 1405 155 1611 190; x_wconf 77' lang='lat' dir='ltr'><strong>Hellespontum</strong></span> <span class='ocrx_word' id='word_1_21' title='bbox 1621 162 1652 182; x_wconf 84' lang='lat' dir='ltr'><strong>ac</strong></span> <span class='ocrx_word' id='word_1_22' title='bbox 1672 155 1740 182; x_wconf 78' lang='lat' dir='ltr'><strong>Pro-</strong></span> 
     </span>
    </p>
   </div>
   <div class='ocr_carea' id='block_1_6' title="bbox 109 198 894 236">
    <p class='ocr_par' dir='ltr' id='par_1_6' title="bbox 109 198 894 236">
     <span class='ocr_line' id='line_1_6' title="bbox 109 198 894 236; baseline 0.004 -12"><span class='ocrx_word' id='word_1_23' title='bbox 109 198 202 233; x_wconf 77' lang='grc' dir='ltr'>ὥσπερ</span> <span class='ocrx_word' id='word_1_24' title='bbox 217 199 266 224; x_wconf 82' lang='grc' dir='ltr'>οὐκ</span> <span class='ocrx_word' id='word_1_25' title='bbox 282 198 372 230; x_wconf 75' lang='grc' dir='ltr'>ἄλλοις</span> <span class='ocrx_word' id='word_1_26' title='bbox 395 198 465 234; x_wconf 77' lang='grc' dir='ltr'>ὑπὲρ</span> <span class='ocrx_word' id='word_1_27' title='bbox 483 199 532 234; x_wconf 83' lang='grc' dir='ltr'>τῆς</span> <span class='ocrx_word' id='word_1_28' title='bbox 556 199 633 231; x_wconf 86' lang='grc' dir='ltr'>θείας</span> <span class='ocrx_word' id='word_1_29' title='bbox 650 200 730 235; x_wconf 80' lang='grc' dir='ltr'><strong>δόξης</strong></span> <span class='ocrx_word' id='word_1_30' title='bbox 756 201 894 236; x_wconf 83' lang='grc' dir='ltr'>προσῆκον</span> 
     </span>
    </p>
   </div>
   <div class='ocr_carea' id='block_1_7' title="bbox 109 242 893 280">
    <p class='ocr_par' dir='ltr' id='par_1_7' title="bbox 109 242 893 280">
     <span class='ocr_line' id='line_1_7' title="bbox 109 242 893 280; baseline 0.005 -10"><span class='ocrx_word' id='word_1_31' title='bbox 109 245 286 277; x_wconf 80' lang='grc' dir='ltr'>ἀγανακτεῖν.</span> <span class='ocrx_word' id='word_1_32' title='bbox 304 242 377 272; x_wconf 75' lang='grc' dir='ltr'>οὗτοι</span> <span class='ocrx_word' id='word_1_33' title='bbox 391 247 448 277; x_wconf 87' lang='grc' dir='ltr'>τοῖς</span> <span class='ocrx_word' id='word_1_34' title='bbox 466 245 558 276; x_wconf 78' lang='grc' dir='ltr'><strong>ὅπλοις</strong></span> <span class='ocrx_word' id='word_1_35' title='bbox 573 246 687 278; x_wconf 80' lang='grc' dir='ltr'>ἐκείνοις</span> <span class='ocrx_word' id='word_1_36' title='bbox 705 248 893 280; x_wconf 75' lang='grc' dir='ltr'>ἐπιπεσόντες,</span> 
     </span>
    </p>
   </div>
   <div class='ocr_carea' id='block_1_8' title="bbox 109 290 900 328">
    <p class='ocr_par' dir='ltr' id='par_1_8' title="bbox 109 290 900 328">
     <span class='ocr_line' id='line_1_8' title="bbox 109 290 900 328; baseline 0.004 -12"><span class='ocrx_word' id='word_1_37' title='bbox 109 290 157 323; x_wconf 84' lang='grc' dir='ltr'>τὴν</span> <span class='ocrx_word' id='word_1_38' title='bbox 177 291 290 318; x_wconf 79' lang='grc' dir='ltr'>ἐκείνων</span> <span class='ocrx_word' id='word_1_39' title='bbox 310 291 425 319; x_wconf 85' lang='grc' dir='ltr'>ἐσϐεσαν</span> <span class='ocrx_word' id='word_1_40' title='bbox 440 292 565 326; x_wconf 80' lang='grc' dir='ltr'>ἀλογίαν,</span> <span class='ocrx_word' id='word_1_41' title='bbox 582 293 713 320; x_wconf 79' lang='grc' dir='ltr'><strong>ἀποικίαν</strong></span> <span class='ocrx_word' id='word_1_42' title='bbox 728 302 758 319; x_wconf 87' lang='grc' dir='ltr'><strong>τε</strong></span> <span class='ocrx_word' id='word_1_43' title='bbox 774 293 900 328; x_wconf 86' lang='grc' dir='ltr'>πέμπον-</span> 
     </span>
    </p>
   </div>
   <div class='ocr_carea' id='block_1_9' title="bbox 110 337 899 373">
    <p class='ocr_par' dir='ltr' id='par_1_9' title="bbox 110 337 899 373">
     <span class='ocr_line' id='line_1_9' title="bbox 110 337 899 373; baseline 0.004 -11"><span class='ocrx_word' id='word_1_44' title='bbox 110 344 166 369; x_wconf 82' lang='grc' dir='ltr'>τες,</span> <span class='ocrx_word' id='word_1_45' title='bbox 192 338 240 363; x_wconf 80' lang='grc' dir='ltr'>καὶ</span> <span class='ocrx_word' id='word_1_46' title='bbox 265 338 367 372; x_wconf 85' lang='grc' dir='ltr'>νόμους</span> <span class='ocrx_word' id='word_1_47' title='bbox 386 337 536 372; x_wconf 81' lang='grc' dir='ltr'>τιθέμενοι,</span> <span class='ocrx_word' id='word_1_48' title='bbox 563 340 610 365; x_wconf 83' lang='grc' dir='ltr'>καὶ</span> <span class='ocrx_word' id='word_1_49' title='bbox 634 339 724 366; x_wconf 78' lang='grc' dir='ltr'>πάντα</span> <span class='ocrx_word' id='word_1_50' title='bbox 744 339 846 373; x_wconf 82' lang='grc' dir='ltr'>τρόπον</span> <span class='ocrx_word' id='word_1_51' title='bbox 864 339 899 365; x_wconf 77' lang='grc' dir='ltr'>τὰ</span> 
     </span>
    </p>
   </div>
   <div class='ocr_carea' id='block_1_10' title="bbox 111 382 898 419">
    <p class='ocr_par' dir='ltr' id='par_1_10' title="bbox 111 382 898 419">
     <span class='ocr_line' id='line_1_10' title="bbox 111 382 898 419; baseline 0.004 -11"><span class='ocrx_word' id='word_1_52' title='bbox 111 382 164 409; x_wconf 86' lang='grc' dir='ltr'>τῶν</span> <span class='ocrx_word' id='word_1_53' title='bbox 179 383 326 418; x_wconf 80' lang='grc' dir='ltr'>βαρϐάρων</span> <span class='ocrx_word' id='word_1_54' title='bbox 341 383 541 418; x_wconf 73' lang='grc' dir='ltr'><strong>ἐξημεροῦντες</strong></span> <span class='ocrx_word' id='word_1_55' title='bbox 554 391 562 399; x_wconf 88' lang='grc'>⁶</span> <span class='ocrx_word' id='word_1_56' title='bbox 580 383 666 415; x_wconf 80' lang='grc' dir='ltr'>οὕτως</span> <span class='ocrx_word' id='word_1_57' title='bbox 684 385 824 419; x_wconf 80' lang='grc' dir='ltr'>ἀμήχανόν</span> <span class='ocrx_word' id='word_1_58' title='bbox 838 393 898 411; x_wconf 85' lang='grc' dir='ltr'>τινα</span> 
     </span>
    </p>
   </div>
   <div class='ocr_carea' id='block_1_11' title="bbox 112 428 899 465">
    <p class='ocr_par' dir='ltr' id='par_1_11' title="bbox 112 428 899 465">
     <span class='ocr_line' id='line_1_11' title="bbox 112 428 899 465; baseline 0.003 -11"><span class='ocrx_word' id='word_1_59' title='bbox 112 428 242 462; x_wconf 79' lang='grc' dir='ltr'>φροντίδα</span> <span class='ocrx_word' id='word_1_60' title='bbox 254 428 283 455; x_wconf 77' lang='grc' dir='ltr'><strong>τὸ</strong></span> <span class='ocrx_word' id='word_1_61' title='bbox 296 430 372 459; x_wconf 77' lang='grc' dir='ltr'>Θεϊον</span> <span class='ocrx_word' id='word_1_62' title='bbox 382 430 452 465; x_wconf 79' lang='grc' dir='ltr'>ὑπὲρ</span> <span class='ocrx_word' id='word_1_63' title='bbox 467 430 608 461; x_wconf 82' lang='grc' dir='ltr'>εὐσεϐείας</span> <span class='ocrx_word' id='word_1_64' title='bbox 621 431 801 461; x_wconf 80' lang='grc' dir='ltr'>ταίςέκείνων</span> <span class='ocrx_word' id='word_1_65' title='bbox 817 430 899 464; x_wconf 76' lang='grc' dir='ltr'>ἐνῆκε</span> 
     </span>
    </p>
   </div>
   <div class='ocr_carea' id='block_1_12' title="bbox 109 474 899 510">
    <p class='ocr_par' dir='ltr' id='par_1_12' title="bbox 109 474 899 510">
     <span class='ocr_line' id='line_1_12' title="bbox 109 474 899 510; baseline 0.003 -10"><span class='ocrx_word' id='word_1_66' title='bbox 109 475 228 509; x_wconf 77' lang='grc' dir='ltr'>ψυχαῖς·</span> <span class='ocrx_word' id='word_1_67' title='bbox 257 475 327 502; x_wconf 78' lang='grc' dir='ltr'>ὥστε</span> <span class='ocrx_word' id='word_1_68' title='bbox 345 475 418 502; x_wconf 78' lang='grc' dir='ltr'>τοῦτ’</span> <span class='ocrx_word' id='word_1_69' title='bbox 446 477 539 507; x_wconf 81' lang='grc' dir='ltr'>αὐτοῖς</span> <span class='ocrx_word' id='word_1_70' title='bbox 555 474 625 502; x_wconf 72' lang='grc' dir='ltr'>εἶναι</span> <span class='ocrx_word' id='word_1_71' title='bbox 653 476 721 510; x_wconf 84' lang='grc' dir='ltr'>βίον,</span> <span class='ocrx_word' id='word_1_72' title='bbox 747 477 794 502; x_wconf 79' lang='grc' dir='ltr'>καὶ</span> <span class='ocrx_word' id='word_1_73' title='bbox 819 475 899 502; x_wconf 80' lang='grc' dir='ltr'>τοῦτο</span> 
     </span>
    </p>
   </div>
   <div class='ocr_carea' id='block_1_13' title="bbox 110 521 898 558">
    <p class='ocr_par' dir='ltr' id='par_1_13' title="bbox 110 521 898 558">
     <span class='ocr_line' id='line_1_13' title="bbox 110 521 898 558; baseline 0.001 -12"><span class='ocrx_word' id='word_1_74' title='bbox 110 522 232 553; x_wconf 81' lang='grc' dir='ltr'><strong>σκοπεῖν,</strong></span> <span class='ocrx_word' id='word_1_75' title='bbox 246 522 286 548; x_wconf 80' lang='grc' dir='ltr'><strong>ὅτι</strong></span> <span class='ocrx_word' id='word_1_76' title='bbox 298 521 361 553; x_wconf 79' lang='grc' dir='ltr'>τοὺς</span> <span class='ocrx_word' id='word_1_77' title='bbox 379 521 537 556; x_wconf 79' lang='grc' dir='ltr'>βαρϐάρους</span> <span class='ocrx_word' id='word_1_78' title='bbox 554 522 716 558; x_wconf 79' lang='grc' dir='ltr'>πλήξαντες.</span> <span class='ocrx_word' id='word_1_79' title='bbox 731 522 837 553; x_wconf 57' lang='grc' dir='ltr'>ἀθῴους</span> <span class='ocrx_word' id='word_1_80' title='bbox 848 521 898 555; x_wconf 81' lang='grc' dir='ltr'>τῆς</span> 
     </span>
    </p>
   </div>
   <div class='ocr_carea' id='block_1_14' title="bbox 109 566 898 604">
    <p class='ocr_par' dir='ltr' id='par_1_14' title="bbox 109 566 898 604">
     <span class='ocr_line' id='line_1_14' title="bbox 109 566 898 604; baseline -0.003 -11"><span class='ocrx_word' id='word_1_81' title='bbox 109 567 220 594; x_wconf 76' lang='grc' dir='ltr'>ἐκείνων</span> <span class='ocrx_word' id='word_1_82' title='bbox 237 567 341 603; x_wconf 83' lang='grc' dir='ltr'>ὕϐρεως</span> <span class='ocrx_word' id='word_1_83' title='bbox 354 568 419 599; x_wconf 82' lang='grc' dir='ltr'>τοὺς</span> <span class='ocrx_word' id='word_1_84' title='bbox 436 568 495 602; x_wconf 84' lang='grc' dir='ltr'>μετ’</span> <span class='ocrx_word' id='word_1_85' title='bbox 515 569 656 599; x_wconf 79' lang='grc' dir='ltr'>εὐσεϐείας</span> <span class='ocrx_word' id='word_1_86' title='bbox 674 568 831 604; x_wconf 80' lang='grc' dir='ltr'>ᾑρημένους</span> <span class='ocrx_word' id='word_1_87' title='bbox 849 566 898 601; x_wconf 81' lang='grc' dir='ltr'><strong>ζῇν</strong></span> 
     </span>
    </p>
   </div>
   <div class='ocr_carea' id='block_1_15' title="bbox 109 612 311 645">
    <p class='ocr_par' dir='ltr' id='par_1_15' title="bbox 109 612 311 645">
     <span class='ocr_line' id='line_1_15' title="bbox 109 612 311 645; baseline 0.01 -7"><span class='ocrx_word' id='word_1_88' title='bbox 109 612 311 645; x_wconf 75' lang='grc' dir='ltr'><strong>ἀποδείξουσιν.</strong></span> 
     </span>
    </p>
   </div>
   <div class='ocr_carea' id='block_1_16' title="bbox 949 199 1738 234">
    <p class='ocr_par' dir='ltr' id='par_1_16' title="bbox 949 199 1738 234">
     <span class='ocr_line' id='line_1_16' title="bbox 949 199 1738 234; baseline 0.003 -8"><span class='ocrx_word' id='word_1_89' title='bbox 949 199 1090 234; x_wconf 89' lang='lat' dir='ltr'><strong>pontidem</strong></span> <span class='ocrx_word' id='word_1_90' title='bbox 1105 200 1299 231; x_wconf 72' lang='lat' dir='ltr'><strong>incolentibus,</strong></span> <span class='ocrx_word' id='word_1_91' title='bbox 1321 200 1415 226; x_wconf 86' lang='lat' dir='ltr'><strong>auditu</strong></span> <span class='ocrx_word' id='word_1_92' title='bbox 1425 200 1482 227; x_wconf 89' lang='lat' dir='ltr'><strong>solo</strong></span> <span class='ocrx_word' id='word_1_93' title='bbox 1503 208 1598 227; x_wconf 89' lang='lat' dir='ltr'><strong>eorum</strong></span> <span class='ocrx_word' id='word_1_94' title='bbox 1615 201 1738 231; x_wconf 77' lang='lat' dir='ltr'><strong>virtutis,</strong></span> 
     </span>
    </p>
   </div>
   <div class='ocr_carea' id='block_1_17' title="bbox 950 245 1741 281">
    <p class='ocr_par' dir='ltr' id='par_1_17' title="bbox 950 245 1741 281">
     <span class='ocr_line' id='line_1_17' title="bbox 950 245 1741 281; baseline 0.003 -10"><span class='ocrx_word' id='word_1_95' title='bbox 950 245 1091 272; x_wconf 88' lang='lat' dir='ltr'><strong>horrorem</strong></span> <span class='ocrx_word' id='word_1_96' title='bbox 1104 246 1237 280; x_wconf 86' lang='lat' dir='ltr'><strong>injicianl.</strong></span> <span class='ocrx_word' id='word_1_97' title='bbox 1252 245 1319 273; x_wconf 88' lang='lat' dir='ltr'><strong>Cum</strong></span> <span class='ocrx_word' id='word_1_98' title='bbox 1334 251 1425 273; x_wconf 84' lang='lat' dir='ltr'><strong>autem</strong></span> <span class='ocrx_word' id='word_1_99' title='bbox 1438 247 1483 273; x_wconf 83' lang='lat' dir='ltr'><strong>alii</strong></span> <span class='ocrx_word' id='word_1_100' title='bbox 1498 247 1607 281; x_wconf 84' lang='lat' dir='ltr'><strong>quidam</strong></span> <span class='ocrx_word' id='word_1_101' title='bbox 1626 247 1653 273; x_wconf 75' lang='lat' dir='ltr'><strong>in</strong></span> <span class='ocrx_word' id='word_1_102' title='bbox 1668 247 1741 280; x_wconf 74' lang='lat' dir='ltr'><strong>Cau—</strong></span> 
     </span>
    </p>
   </div>
   <div class='ocr_carea' id='block_1_18' title="bbox 950 291 1741 326">
    <p class='ocr_par' dir='ltr' id='par_1_18' title="bbox 950 291 1741 326">
     <span class='ocr_line' id='line_1_18' title="bbox 950 291 1741 326; baseline 0.001 -9"><span class='ocrx_word' id='word_1_103' title='bbox 950 291 1005 317; x_wconf 84' lang='lat' dir='ltr'><strong>casi</strong></span> <span class='ocrx_word' id='word_1_104' title='bbox 1017 291 1153 317; x_wconf 88' lang='lat' dir='ltr'><strong>montanis</strong></span> <span class='ocrx_word' id='word_1_105' title='bbox 1164 291 1259 318; x_wconf 83' lang='lat' dir='ltr'><strong>insano</strong></span> <span class='ocrx_word' id='word_1_106' title='bbox 1271 299 1376 322; x_wconf 88' lang='lat' dir='ltr'><strong>errore,</strong></span> <span class='ocrx_word' id='word_1_107' title='bbox 1388 291 1441 318; x_wconf 83' lang='lat' dir='ltr'><strong>Deo</strong></span> <span class='ocrx_word' id='word_1_108' title='bbox 1453 291 1571 324; x_wconf 83' lang='lat' dir='ltr'><strong>debitos,</strong></span> <span class='ocrx_word' id='word_1_109' title='bbox 1586 292 1639 326; x_wconf 79' lang='lat' dir='ltr'><strong>igni</strong></span> <span class='ocrx_word' id='word_1_110' title='bbox 1650 291 1741 318; x_wconf 84' lang='lat' dir='ltr'><strong>defer-</strong></span> 
     </span>
    </p>
   </div>
   <div class='ocr_carea' id='block_1_19' title="bbox 951 337 1740 371">
    <p class='ocr_par' dir='ltr' id='par_1_19' title="bbox 951 337 1740 371">
     <span class='ocr_line' id='line_1_19' title="bbox 951 337 1740 371; baseline 0.001 -9"><span class='ocrx_word' id='word_1_111' title='bbox 951 341 1011 362; x_wconf 84' lang='lat' dir='ltr'><strong>rent</strong></span> <span class='ocrx_word' id='word_1_112' title='bbox 1024 337 1153 368; x_wconf 80' lang='lat' dir='ltr'><strong>honores,</strong></span> <span class='ocrx_word' id='word_1_113' title='bbox 1176 340 1304 371; x_wconf 87' lang='lat' dir='ltr'><strong>tanquam</strong></span> <span class='ocrx_word' id='word_1_114' title='bbox 1322 337 1388 364; x_wconf 87' lang='lat' dir='ltr'><strong>nulli</strong></span> <span class='ocrx_word' id='word_1_115' title='bbox 1403 338 1447 364; x_wconf 86' lang='lat' dir='ltr'><strong>alii</strong></span> <span class='ocrx_word' id='word_1_116' title='bbox 1463 344 1556 364; x_wconf 77' lang='lat' dir='ltr'><strong>essent</strong></span> <span class='ocrx_word' id='word_1_117' title='bbox 1575 338 1676 371; x_wconf 78' lang='lat' dir='ltr'><strong>quibus</strong></span> <span class='ocrx_word' id='word_1_118' title='bbox 1690 345 1740 371; x_wconf 84' lang='lat' dir='ltr'><strong>pro</strong></span> 
     </span>
    </p>
   </div>
   <div class='ocr_carea' id='block_1_20' title="bbox 950 381 1742 417">
    <p class='ocr_par' dir='ltr' id='par_1_20' title="bbox 950 381 1742 417">
     <span class='ocr_line' id='line_1_20' title="bbox 950 381 1742 417; baseline 0 -9"><span class='ocrx_word' id='word_1_119' title='bbox 950 381 998 408; x_wconf 87' lang='lat' dir='ltr'><strong>Dei</strong></span> <span class='ocrx_word' id='word_1_120' title='bbox 1015 381 1099 416; x_wconf 82' lang='lat' dir='ltr'><strong>gloria</strong></span> <span class='ocrx_word' id='word_1_121' title='bbox 1112 381 1307 415; x_wconf 77' lang='lat' dir='ltr'><strong>indignandum</strong></span> <span class='ocrx_word' id='word_1_122' title='bbox 1320 382 1504 415; x_wconf 77' lang='lat' dir='ltr'><strong>incumberet,</strong></span> <span class='ocrx_word' id='word_1_123' title='bbox 1515 383 1648 417; x_wconf 64' lang='lat' dir='ltr'><strong>correptis</strong></span> <span class='ocrx_word' id='word_1_124' title='bbox 1657 383 1742 409; x_wconf 86' lang='lat' dir='ltr'><strong>armis</strong></span> 
     </span>
    </p>
   </div>
   <div class='ocr_carea' id='block_1_21' title="bbox 957 427 1742 462">
    <p class='ocr_par' dir='ltr' id='par_1_21' title="bbox 957 427 1742 462">
     <span class='ocr_line' id='line_1_21' title="bbox 957 427 1742 462; baseline 0 -8"><span class='ocrx_word' id='word_1_125' title='bbox 957 428 983 454; x_wconf 93' lang='lat' dir='ltr'><strong>in</strong></span> <span class='ocrx_word' id='word_1_126' title='bbox 1001 435 1049 454; x_wconf 87' lang='lat' dir='ltr'><strong>eos</strong></span> <span class='ocrx_word' id='word_1_127' title='bbox 1061 427 1232 459; x_wconf 72' lang='lat' dir='ltr'><strong>invadentes,</strong></span> <span class='ocrx_word' id='word_1_128' title='bbox 1250 428 1366 454; x_wconf 86' lang='lat' dir='ltr'><strong>alienam</strong></span> <span class='ocrx_word' id='word_1_129' title='bbox 1382 436 1396 454; x_wconf 91' lang='lat' dir='ltr'><strong>a</strong></span> <span class='ocrx_word' id='word_1_130' title='bbox 1415 428 1522 455; x_wconf 83' lang='lat' dir='ltr'><strong>ratione</strong></span> <span class='ocrx_word' id='word_1_131' title='bbox 1535 435 1631 455; x_wconf 85' lang='lat' dir='ltr'><strong>eorum</strong></span> <span class='ocrx_word' id='word_1_132' title='bbox 1646 435 1742 462; x_wconf 72' lang='lat' dir='ltr'><strong>super-</strong></span> 
     </span>
    </p>
   </div>
   <div class='ocr_carea' id='block_1_22' title="bbox 951 473 1740 505">
    <p class='ocr_par' dir='ltr' id='par_1_22' title="bbox 951 473 1740 505">
     <span class='ocr_line' id='line_1_22' title="bbox 951 473 1740 505; baseline 0.001 -5"><span class='ocrx_word' id='word_1_133' title='bbox 951 474 1092 501; x_wconf 74' lang='lat' dir='ltr'><strong>stitionem</strong></span> <span class='ocrx_word' id='word_1_134' title='bbox 1108 473 1318 504; x_wconf 81' lang='lat' dir='ltr'><strong>exstinxerunt;</strong></span> <span class='ocrx_word' id='word_1_135' title='bbox 1335 474 1478 500; x_wconf 90' lang='lat' dir='ltr'><strong>mittentes</strong></span> <span class='ocrx_word' id='word_1_136' title='bbox 1491 473 1638 505; x_wconf 79' lang='lat' dir='ltr'><strong>coloniam,</strong></span> <span class='ocrx_word' id='word_1_137' title='bbox 1653 481 1685 500; x_wconf 84' lang='lat' dir='ltr'><strong>ac</strong></span> <span class='ocrx_word' id='word_1_138' title='bbox 1700 474 1740 501; x_wconf 90' lang='lat' dir='ltr'><strong>le-</strong></span> 
     </span>
    </p>
   </div>
   <div class='ocr_carea' id='block_1_23' title="bbox 951 518 1740 554">
    <p class='ocr_par' dir='ltr' id='par_1_23' title="bbox 951 518 1740 554">
     <span class='ocr_line' id='line_1_23' title="bbox 951 518 1740 554; baseline 0.003 -10"><span class='ocrx_word' id='word_1_139' title='bbox 951 519 1031 552; x_wconf 71' lang='lat' dir='ltr'><strong>gibus</strong></span> <span class='ocrx_word' id='word_1_140' title='bbox 1057 518 1250 549; x_wconf 79' lang='lat' dir='ltr'><strong>informantcs,</strong></span> <span class='ocrx_word' id='word_1_141' title='bbox 1270 519 1402 554; x_wconf 89' lang='lat' dir='ltr'><strong>omnique</strong></span> <span class='ocrx_word' id='word_1_142' title='bbox 1429 519 1510 546; x_wconf 92' lang='lat' dir='ltr'><strong>modo</strong></span> <span class='ocrx_word' id='word_1_143' title='bbox 1530 520 1664 546; x_wconf 83' lang='lat' dir='ltr'><strong>Barbaros</strong></span> <span class='ocrx_word' id='word_1_144' title='bbox 1687 521 1740 546; x_wconf 75' lang='lat' dir='ltr'><strong>de—</strong></span> 
     </span>
    </p>
   </div>
   <div class='ocr_carea' id='block_1_24' title="bbox 951 565 1740 600">
    <p class='ocr_par' dir='ltr' id='par_1_24' title="bbox 951 565 1740 600">
     <span class='ocr_line' id='line_1_24' title="bbox 951 565 1740 600; baseline -0.001 -8"><span class='ocrx_word' id='word_1_145' title='bbox 951 565 1100 592; x_wconf 85' lang='lat' dir='ltr'><strong>linientes:</strong></span> <span class='ocrx_word' id='word_1_146' title='bbox 1131 565 1171 592; x_wconf 87' lang='lat' dir='ltr'><strong>sic</strong></span> <span class='ocrx_word' id='word_1_147' title='bbox 1193 565 1265 592; x_wconf 90' lang='lat' dir='ltr'><strong>Deus</strong></span> <span class='ocrx_word' id='word_1_148' title='bbox 1283 565 1444 592; x_wconf 81' lang='lat' dir='ltr'><strong>immensam</strong></span> <span class='ocrx_word' id='word_1_149' title='bbox 1472 565 1617 600; x_wconf 83' lang='lat' dir='ltr'><strong>quamdam</strong></span> <span class='ocrx_word' id='word_1_150' title='bbox 1647 573 1740 591; x_wconf 86' lang='lat' dir='ltr'><strong>curam</strong></span> 
     </span>
    </p>
   </div>
   <div class='ocr_carea' id='block_1_25' title="bbox 953 611 1739 646">
    <p class='ocr_par' dir='ltr' id='par_1_25' title="bbox 953 611 1739 646">
     <span class='ocr_line' id='line_1_25' title="bbox 953 611 1739 646; baseline -0.001 -9"><span class='ocrx_word' id='word_1_151' title='bbox 953 611 1063 645; x_wconf 79' lang='lat' dir='ltr'><strong>pictatis</strong></span> <span class='ocrx_word' id='word_1_152' title='bbox 1078 619 1143 646; x_wconf 81' lang='lat' dir='ltr'><strong>ergo</strong></span> <span class='ocrx_word' id='word_1_153' title='bbox 1156 619 1188 638; x_wconf 89' lang='lat' dir='ltr'><strong>ac</strong></span> <span class='ocrx_word' id='word_1_154' title='bbox 1207 611 1349 646; x_wconf 77' lang='lat' dir='ltr'><strong>religionis</strong></span> <span class='ocrx_word' id='word_1_155' title='bbox 1367 611 1474 638; x_wconf 90' lang='lat' dir='ltr'><strong>illorum</strong></span> <span class='ocrx_word' id='word_1_156' title='bbox 1495 611 1594 638; x_wconf 87' lang='lat' dir='ltr'><strong>animis</strong></span> <span class='ocrx_word' id='word_1_157' title='bbox 1609 611 1739 640; x_wconf 84' lang='lat' dir='ltr'><strong>immisit:</strong></span> 
     </span>
    </p>
   </div>
   <div class='ocr_carea' id='block_1_26' title="bbox 110 657 1741 696">
    <p class='ocr_par' dir='ltr' id='par_1_26' title="bbox 110 657 1741 696">
     <span class='ocr_line' id='line_1_26' title="bbox 110 657 1741 696; baseline -0.002 -8"><span class='ocrx_word' id='word_1_158' title='bbox 110 657 138 688; x_wconf 65' lang='lat' dir='ltr'><strong>Iit</strong></span> <span class='ocrx_word' id='word_1_159' title='bbox 153 661 212 689; x_wconf 75' lang='lat' dir='ltr'><strong>haec</strong></span> <span class='ocrx_word' id='word_1_160' title='bbox 227 669 324 688; x_wconf 86' lang='lat' dir='ltr'><strong>eorum</strong></span> <span class='ocrx_word' id='word_1_161' title='bbox 344 662 400 689; x_wconf 87' lang='lat' dir='ltr'><strong>vita</strong></span> <span class='ocrx_word' id='word_1_162' title='bbox 423 661 470 694; x_wconf 88' lang='lat' dir='ltr'><strong>sit,</strong></span> <span class='ocrx_word' id='word_1_163' title='bbox 492 662 515 689; x_wconf 89' lang='lat' dir='ltr'><strong>is</strong></span> <span class='ocrx_word' id='word_1_164' title='bbox 531 669 642 696; x_wconf 86' lang='lat' dir='ltr'><strong>seopus,</strong></span> <span class='ocrx_word' id='word_1_165' title='bbox 663 666 692 688; x_wconf 90' lang='lat' dir='ltr'><strong>ut</strong></span> <span class='ocrx_word' id='word_1_166' title='bbox 707 660 896 695; x_wconf 83' lang='lat' dir='ltr'><strong>percutientes</strong></span> <span class='ocrx_word' id='word_1_167' title='bbox 916 666 949 686; x_wconf 80' lang='lat' dir='ltr'><strong>ac</strong></span> <span class='ocrx_word' id='word_1_168' title='bbox 963 659 1144 694; x_wconf 88' lang='lat' dir='ltr'><strong>percellentes</strong></span> <span class='ocrx_word' id='word_1_169' title='bbox 1157 659 1302 692; x_wconf 73' lang='lat' dir='ltr'><strong>Barbaros,</strong></span> <span class='ocrx_word' id='word_1_170' title='bbox 1322 659 1355 686; x_wconf 87' lang='lat' dir='ltr'><strong>ab</strong></span> <span class='ocrx_word' id='word_1_171' title='bbox 1387 667 1482 687; x_wconf 89' lang='lat' dir='ltr'><strong>eorum</strong></span> <span class='ocrx_word' id='word_1_172' title='bbox 1515 659 1616 694; x_wconf 80' lang='lat' dir='ltr'><strong>injuria</strong></span> <span class='ocrx_word' id='word_1_173' title='bbox 1633 658 1741 686; x_wconf 90' lang='lat' dir='ltr'><strong>incolu-</strong></span> 
     </span>
    </p>
   </div>
   <div class='ocr_carea' id='block_1_27' title="bbox 110 709 565 743">
    <p class='ocr_par' dir='ltr' id='par_1_27' title="bbox 110 709 565 743">
     <span class='ocr_line' id='line_1_27' title="bbox 110 709 565 743; baseline 0.002 -8"><span class='ocrx_word' id='word_1_174' title='bbox 110 716 167 736; x_wconf 88' lang='lat' dir='ltr'><strong>mes</strong></span> <span class='ocrx_word' id='word_1_175' title='bbox 183 713 294 736; x_wconf 86' lang='lat' dir='ltr'><strong>servent</strong></span> <span class='ocrx_word' id='word_1_176' title='bbox 310 709 421 743; x_wconf 88' lang='lat' dir='ltr'><strong>pietatis</strong></span> <span class='ocrx_word' id='word_1_177' title='bbox 434 709 565 736; x_wconf 88' lang='lat' dir='ltr'><strong>cultores.</strong></span> 
     </span>
    </p>
   </div>
   <div class='ocr_carea' id='block_1_28' title="bbox 143 755 895 793">
    <p class='ocr_par' dir='ltr' id='par_1_28' title="bbox 143 755 895 793">
     <span class='ocr_line' id='line_1_28' title="bbox 143 755 895 793; baseline -0.001 -10"><span class='ocrx_word' id='word_1_178' title='bbox 143 756 262 787; x_wconf 85' lang='grc' dir='ltr'>Τούτους</span> <span class='ocrx_word' id='word_1_179' title='bbox 280 757 329 791; x_wconf 80' lang='grc' dir='ltr'>μὲν</span> <span class='ocrx_word' id='word_1_180' title='bbox 354 755 401 783; x_wconf 78' lang='grc' dir='ltr'>οὖν</span> <span class='ocrx_word' id='word_1_181' title='bbox 415 758 467 784; x_wconf 71' lang='grc' dir='ltr'><strong>κᾶν</strong></span> <span class='ocrx_word' id='word_1_182' title='bbox 497 757 534 793; x_wconf 78' lang='grc' dir='ltr'>μὴ</span> <span class='ocrx_word' id='word_1_183' title='bbox 568 756 746 792; x_wconf 69' lang='grc' dir='ltr'><strong>βουλομένους</strong></span> <span class='ocrx_word' id='word_1_184' title='bbox 770 757 817 783; x_wconf 74' lang='grc' dir='ltr'><strong>καὶ</strong></span> <span class='ocrx_word' id='word_1_185' title='bbox 845 756 895 790; x_wconf 75' lang='grc' dir='ltr'>τὴν</span> 
     </span>
    </p>
   </div>
   <div class='ocr_carea' id='block_1_29' title="bbox 986 754 1740 788">
    <p class='ocr_par' dir='ltr' id='par_1_29' title="bbox 986 754 1740 788">
     <span class='ocr_line' id='line_1_29' title="bbox 986 754 1740 788; baseline -0.003 -6"><span class='ocrx_word' id='word_1_186' title='bbox 986 756 1041 782; x_wconf 86' lang='lat' dir='ltr'><strong>llos</strong></span> <span class='ocrx_word' id='word_1_187' title='bbox 1063 763 1128 782; x_wconf 88' lang='lat' dir='ltr'><strong>sane</strong></span> <span class='ocrx_word' id='word_1_188' title='bbox 1155 755 1261 782; x_wconf 78' lang='lat' dir='ltr'><strong>tametsi</strong></span> <span class='ocrx_word' id='word_1_189' title='bbox 1287 755 1404 785; x_wconf 79' lang='lat' dir='ltr'><strong>nollent,</strong></span> <span class='ocrx_word' id='word_1_190' title='bbox 1437 754 1555 788; x_wconf 88' lang='lat' dir='ltr'><strong>bellique</strong></span> <span class='ocrx_word' id='word_1_191' title='bbox 1584 754 1740 781; x_wconf 85' lang='lat' dir='ltr'><strong>societatem</strong></span> 
     </span>
    </p>
   </div>
   <div class='ocr_carea' id='block_1_30' title="bbox 110 801 897 838">
    <p class='ocr_par' dir='ltr' id='par_1_30' title="bbox 110 801 894 838">
     <span class='ocr_line' id='line_1_30' title="bbox 110 801 894 838; baseline -0.001 -10"><span class='ocrx_word' id='word_1_192' title='bbox 110 803 268 837; x_wconf 72' lang='grc' dir='ltr'>συμμαχίαν</span> <span class='ocrx_word' id='word_1_193' title='bbox 298 803 523 838; x_wconf 73' lang='grc' dir='ltr'>ἀπαγορεύοντας</span> <span class='ocrx_word' id='word_1_194' title='bbox 557 803 611 830; x_wconf 79' lang='grc' dir='ltr'>ἔδει</span> <span class='ocrx_word' id='word_1_195' title='bbox 641 801 894 837; x_wconf 80' lang='grc' dir='ltr'>προσαναγκάζειν,</span> 
     </span>
    </p>
   </div>
   <div class='ocr_carea' id='block_1_31' title="bbox 950 801 1744 838">
    <p class='ocr_par' dir='ltr' id='par_1_31' title="bbox 950 801 1744 834">
     <span class='ocr_line' id='line_1_31' title="bbox 950 801 1744 834; baseline -0.004 -6"><span class='ocrx_word' id='word_1_196' title='bbox 950 801 1146 831; x_wconf 84' lang='lat' dir='ltr'><strong>detrectarent.</strong></span> <span class='ocrx_word' id='word_1_197' title='bbox 1167 801 1275 828; x_wconf 78' lang='lat' dir='ltr'><strong>abunde</strong></span> <span class='ocrx_word' id='word_1_198' title='bbox 1299 808 1348 827; x_wconf 92' lang='lat' dir='ltr'><strong>nos</strong></span> <span class='ocrx_word' id='word_1_199' title='bbox 1364 804 1505 834; x_wconf 85' lang='lat' dir='ltr'><strong>oporteret</strong></span> <span class='ocrx_word' id='word_1_200' title='bbox 1519 807 1627 834; x_wconf 70' lang='lat' dir='ltr'><strong>cogere,</strong></span> <span class='ocrx_word' id='word_1_201' title='bbox 1644 807 1744 834; x_wconf 73' lang='lat' dir='ltr'><strong>rogat.-</strong></span> 
     </span>
    </p>
   </div>
   <div class='ocr_carea' id='block_1_32' title="bbox 108 849 900 885">
    <p class='ocr_par' dir='ltr' id='par_1_32' title="bbox 108 849 900 885">
     <span class='ocr_line' id='line_1_32' title="bbox 108 849 900 885; baseline -0.001 -10"><span class='ocrx_word' id='word_1_202' title='bbox 108 849 249 882; x_wconf 72' lang='grc' dir='ltr'>δεομένους</span> <span class='ocrx_word' id='word_1_203' title='bbox 265 850 310 876; x_wconf 84' lang='grc' dir='ltr'><strong>καὶ</strong></span> <span class='ocrx_word' id='word_1_204' title='bbox 334 849 455 885; x_wconf 82' lang='grc' dir='ltr'>χρήμαθ’</span> <span class='ocrx_word' id='word_1_205' title='bbox 477 850 720 884; x_wconf 77' lang='grc' dir='ltr'>ὑπισχνουμένους,</span> <span class='ocrx_word' id='word_1_206' title='bbox 741 849 788 875; x_wconf 76' lang='grc' dir='ltr'>καὶ</span> <span class='ocrx_word' id='word_1_207' title='bbox 810 849 900 874; x_wconf 75' lang='grc' dir='ltr'>πάντα</span> 
     </span>
    </p>
   </div>
   <div class='ocr_carea' id='block_1_33' title="bbox 110 889 895 928">
    <p class='ocr_par' dir='ltr' id='par_1_33' title="bbox 110 889 895 928">
     <span class='ocr_line' id='line_1_33' title="bbox 110 889 895 928; baseline 0 -11"><span class='ocrx_word' id='word_1_208' title='bbox 110 891 264 924; x_wconf 77' lang='grc' dir='ltr'>ποιοῦντας,</span> <span class='ocrx_word' id='word_1_209' title='bbox 288 892 322 918; x_wconf 82' lang='grc' dir='ltr'>δι’</span> <span class='ocrx_word' id='word_1_210' title='bbox 344 889 382 918; x_wconf 80' lang='grc' dir='ltr'>ὧν</span> <span class='ocrx_word' id='word_1_211' title='bbox 408 893 450 920; x_wconf 82' lang='grc' dir='ltr'><strong>ἂν.</strong></span> <span class='ocrx_word' id='word_1_212' title='bbox 469 893 528 927; x_wconf 82' lang='grc' dir='ltr'>μεθ’</span> <span class='ocrx_word' id='word_1_213' title='bbox 552 893 632 928; x_wconf 83' lang='grc' dir='ltr'>ἡμῶν</span> <span class='ocrx_word' id='word_1_214' title='bbox 661 893 756 924; x_wconf 65' lang='grc' dir='ltr'>στῆναι</span> <span class='ocrx_word' id='word_1_215' title='bbox 785 891 895 921; x_wconf 81' lang='grc' dir='ltr'>τούτους</span> 
     </span>
    </p>
   </div>
   <div class='ocr_carea' id='block_1_34' title="bbox 110 937 898 974">
    <p class='ocr_par' dir='ltr' id='par_1_34' title="bbox 110 937 898 974">
     <span class='ocr_line' id='line_1_34' title="bbox 110 937 898 974; baseline 0.001 -11"><span class='ocrx_word' id='word_1_216' title='bbox 110 937 266 972; x_wconf 69' lang='grc' dir='ltr'>ὶπείϐομεν,</span> <span class='ocrx_word' id='word_1_217' title='bbox 277 938 380 965; x_wconf 81' lang='grc' dir='ltr'>οὐδέσιν</span> <span class='ocrx_word' id='word_1_218' title='bbox 394 938 498 973; x_wconf 86' lang='grc' dir='ltr'>ἑτέροις</span> <span class='ocrx_word' id='word_1_219' title='bbox 512 939 612 973; x_wconf 83' lang='grc' dir='ltr'>μᾶλλον</span> <span class='ocrx_word' id='word_1_220' title='bbox 624 938 734 974; x_wconf 78' lang='grc' dir='ltr'>θαρρεῖν</span> <span class='ocrx_word' id='word_1_221' title='bbox 747 938 854 974; x_wconf 77' lang='grc' dir='ltr'>ἔχοντες</span> <span class='ocrx_word' id='word_1_222' title='bbox 866 939 898 964; x_wconf 83' lang='grc' dir='ltr'><strong>ἐκ</strong></span> 
     </span>
    </p>
   </div>
   <div class='ocr_carea' id='block_1_35' title="bbox 110 980 897 1017">
    <p class='ocr_par' dir='ltr' id='par_1_35' title="bbox 110 980 897 1017">
     <span class='ocr_line' id='line_1_35' title="bbox 110 980 897 1017; baseline 0.003 -11"><span class='ocrx_word' id='word_1_223' title='bbox 110 980 164 1007; x_wconf 79' lang='grc' dir='ltr'><strong>τῶν</strong></span> <span class='ocrx_word' id='word_1_224' title='bbox 186 981 351 1016; x_wconf 70' lang='grc' dir='ltr'>εἰρημένων.</span> <span class='ocrx_word' id='word_1_225' title='bbox 372 982 450 1009; x_wconf 74' lang='grc' dir='ltr'>Ἐπεὶ</span> <span class='ocrx_word' id='word_1_226' title='bbox 471 982 500 1009; x_wconf 82' lang='grc' dir='ltr'>δὲ</span> <span class='ocrx_word' id='word_1_227' title='bbox 514 983 627 1014; x_wconf 81' lang='grc' dir='ltr'>τούτους</span> <span class='ocrx_word' id='word_1_228' title='bbox 646 983 778 1017; x_wconf 76' lang='grc' dir='ltr'>ἧγγελται</span> <span class='ocrx_word' id='word_1_229' title='bbox 794 983 842 1008; x_wconf 77' lang='grc' dir='ltr'>καὶ</span> <span class='ocrx_word' id='word_1_230' title='bbox 865 982 897 1017; x_wconf 82' lang='grc' dir='ltr'>δὴ</span> 
     </span>
    </p>
   </div>
   <div class='ocr_carea' id='block_1_36' title="bbox 110 1027 897 1064">
    <p class='ocr_par' dir='ltr' id='par_1_36' title="bbox 110 1027 897 1064">
     <span class='ocr_line' id='line_1_36' title="bbox 110 1027 897 1064; baseline 0.003 -13"><span class='ocrx_word' id='word_1_231' title='bbox 110 1028 247 1059; x_wconf 83' lang='grc' dir='ltr'>παρεῖναι,</span> <span class='ocrx_word' id='word_1_232' title='bbox 261 1027 309 1053; x_wconf 71' lang='grc' dir='ltr'><strong>καὶ</strong></span> <span class='ocrx_word' id='word_1_233' title='bbox 332 1027 382 1062; x_wconf 86' lang='grc' dir='ltr'>τὴν</span> <span class='ocrx_word' id='word_1_234' title='bbox 406 1028 567 1063; x_wconf 75' lang='grc' dir='ltr'>συμμαχίαν</span> <span class='ocrx_word' id='word_1_235' title='bbox 583 1029 650 1064; x_wconf 80' lang='grc' dir='ltr'>ἡμῖν</span> <span class='ocrx_word' id='word_1_236' title='bbox 667 1028 897 1063; x_wconf 83' lang='grc' dir='ltr'>ἐπαγγελλόμενοι</span> 
     </span>
    </p>
   </div>
   <div class='ocr_carea' id='block_1_37' title="bbox 108 1071 898 1109">
    <p class='ocr_par' dir='ltr' id='par_1_37' title="bbox 108 1071 898 1109">
     <span class='ocr_line' id='line_1_37' title="bbox 108 1071 898 1109; baseline 0.005 -12"><span class='ocrx_word' id='word_1_237' title='bbox 108 1072 163 1102; x_wconf 83' lang='grc' dir='ltr'>τοῖς</span> <span class='ocrx_word' id='word_1_238' title='bbox 177 1072 264 1098; x_wconf 82' lang='grc' dir='ltr'>οὐκέτ’</span> <span class='ocrx_word' id='word_1_239' title='bbox 284 1074 446 1108; x_wconf 75' lang='grc' dir='ltr'>ἀντέχουσιν</span> <span class='ocrx_word' id='word_1_240' title='bbox 460 1071 539 1109; x_wconf 87' lang='grc' dir='ltr'>ἦκον,</span> <span class='ocrx_word' id='word_1_241' title='bbox 557 1075 605 1101; x_wconf 75' lang='grc' dir='ltr'><strong>καὶ</strong></span> <span class='ocrx_word' id='word_1_242' title='bbox 617 1074 670 1101; x_wconf 86' lang='grc' dir='ltr'>τῶν</span> <span class='ocrx_word' id='word_1_243' title='bbox 683 1074 814 1105; x_wconf 82' lang='grc' dir='ltr'>πολλάκις</span> <span class='ocrx_word' id='word_1_244' title='bbox 828 1074 898 1109; x_wconf 79' lang='grc' dir='ltr'>ὑπὲρ</span> 
     </span>
    </p>
   </div>
   <div class='ocr_carea' id='block_1_38' title="bbox 109 1116 898 1154">
    <p class='ocr_par' dir='ltr' id='par_1_38' title="bbox 109 1116 898 1154">
     <span class='ocr_line' id='line_1_38' title="bbox 109 1116 898 1154; baseline 0.003 -12"><span class='ocrx_word' id='word_1_245' title='bbox 109 1116 188 1151; x_wconf 80' lang='grc' dir='ltr'>ἡμῶν</span> <span class='ocrx_word' id='word_1_246' title='bbox 216 1117 285 1143; x_wconf 72' lang='grc' dir='ltr'>κατὰ</span> <span class='ocrx_word' id='word_1_247' title='bbox 306 1118 361 1144; x_wconf 78' lang='grc' dir='ltr'><strong>τῶν</strong></span> <span class='ocrx_word' id='word_1_248' title='bbox 387 1118 534 1154; x_wconf 84' lang='grc' dir='ltr'>βαρϐάρων</span> <span class='ocrx_word' id='word_1_249' title='bbox 558 1119 649 1150; x_wconf 81' lang='grc' dir='ltr'>αὐτοῖς</span> <span class='ocrx_word' id='word_1_250' title='bbox 670 1119 898 1154; x_wconf 80' lang='grc' dir='ltr'>ἐπιδεδειγμένων</span> 
     </span>
    </p>
   </div>
   <div class='ocr_carea' id='block_1_39' title="bbox 111 1162 897 1200">
    <p class='ocr_par' dir='ltr' id='par_1_39' title="bbox 111 1162 897 1200">
     <span class='ocr_line' id='line_1_39' title="bbox 111 1162 897 1200; baseline 0.003 -10"><span class='ocrx_word' id='word_1_251' title='bbox 111 1163 343 1198; x_wconf 76' lang='grc' dir='ltr'>ἀναμνησθέντες,</span> <span class='ocrx_word' id='word_1_252' title='bbox 363 1162 446 1200; x_wconf 78' lang='grc' dir='ltr'>ἦλθον</span> <span class='ocrx_word' id='word_1_253' title='bbox 475 1166 664 1197; x_wconf 79' lang='grc' dir='ltr'>ἀποδώσοντες</span> <span class='ocrx_word' id='word_1_254' title='bbox 692 1166 742 1200; x_wconf 79' lang='grc' dir='ltr'>μὲν</span> <span class='ocrx_word' id='word_1_255' title='bbox 767 1166 825 1200; x_wconf 86' lang='grc' dir='ltr'><strong>Θεῷ</strong></span> <span class='ocrx_word' id='word_1_256' title='bbox 848 1166 897 1200; x_wconf 81' lang='grc' dir='ltr'>τὴν</span> 
     </span>
    </p>
   </div>
   <div class='ocr_carea' id='block_1_40' title="bbox 111 1210 898 1247">
    <p class='ocr_par' dir='ltr' id='par_1_40' title="bbox 111 1210 898 1247">
     <span class='ocr_line' id='line_1_40' title="bbox 111 1210 898 1247; baseline 0.003 -11"><span class='ocrx_word' id='word_1_257' title='bbox 111 1210 274 1243; x_wconf 78' lang='grc' dir='ltr'>ἀναγκαίαν,</span> <span class='ocrx_word' id='word_1_258' title='bbox 288 1211 335 1237; x_wconf 80' lang='grc' dir='ltr'><strong>καὶ</strong></span> <span class='ocrx_word' id='word_1_259' title='bbox 346 1211 379 1246; x_wconf 84' lang='grc' dir='ltr'>ἢν</span> <span class='ocrx_word' id='word_1_260' title='bbox 395 1211 470 1247; x_wconf 84' lang='grc' dir='ltr'><strong>αὐτῷ</strong></span> <span class='ocrx_word' id='word_1_261' title='bbox 486 1212 595 1246; x_wconf 82' lang='grc' dir='ltr'>μάλιστ’</span> <span class='ocrx_word' id='word_1_262' title='bbox 607 1212 724 1246; x_wconf 79' lang='grc' dir='ltr'>ὀφείλειν</span> <span class='ocrx_word' id='word_1_263' title='bbox 740 1211 898 1246; x_wconf 76' lang='grc' dir='ltr'>νομίζουσιν</span> 
     </span>
    </p>
   </div>
   <div class='ocr_carea' id='block_1_41' title="bbox 110 1255 897 1293">
    <p class='ocr_par' dir='ltr' id='par_1_41' title="bbox 110 1255 897 1293">
     <span class='ocr_line' id='line_1_41' title="bbox 110 1255 897 1293; baseline 0.005 -13"><span class='ocrx_word' id='word_1_264' title='bbox 110 1255 253 1289; x_wconf 76' lang='grc' dir='ltr'>εἰσφορὰν,</span> <span class='ocrx_word' id='word_1_265' title='bbox 264 1256 428 1290; x_wconf 82' lang='grc' dir='ltr'>ἀμυνόμενοι</span> <span class='ocrx_word' id='word_1_266' title='bbox 442 1257 470 1284; x_wconf 77' lang='grc' dir='ltr'>δὲ</span> <span class='ocrx_word' id='word_1_267' title='bbox 489 1258 536 1284; x_wconf 77' lang='grc' dir='ltr'>καὶ</span> <span class='ocrx_word' id='word_1_268' title='bbox 551 1257 621 1293; x_wconf 79' lang='grc' dir='ltr'>ὑπὲρ</span> <span class='ocrx_word' id='word_1_269' title='bbox 646 1258 734 1292; x_wconf 79' lang='grc' dir='ltr'>ἡμῶν,</span> <span class='ocrx_word' id='word_1_270' title='bbox 754 1257 801 1289; x_wconf 84' lang='grc' dir='ltr'>οὓς</span> <span class='ocrx_word' id='word_1_271' title='bbox 817 1259 897 1293; x_wconf 78' lang='grc' dir='ltr'>ἡμεῖς</span> 
     </span>
    </p>
   </div>
   <div class='ocr_carea' id='block_1_42' title="bbox 110 1299 898 1339">
    <p class='ocr_par' dir='ltr' id='par_1_42' title="bbox 110 1299 898 1339">
     <span class='ocr_line' id='line_1_42' title="bbox 110 1299 898 1339; baseline 0.005 -13"><span class='ocrx_word' id='word_1_272' title='bbox 110 1301 159 1335; x_wconf 74' lang='grc' dir='ltr'>οὐχ</span> <span class='ocrx_word' id='word_1_273' title='bbox 185 1299 236 1328; x_wconf 77' lang='grc' dir='ltr'>οἷοί</span> <span class='ocrx_word' id='word_1_274' title='bbox 260 1302 284 1328; x_wconf 90' lang='grc' dir='ltr'>τ’</span> <span class='ocrx_word' id='word_1_275' title='bbox 304 1303 398 1337; x_wconf 69' lang='grc' dir='ltr'>ἐσμὲν,</span> <span class='ocrx_word' id='word_1_276' title='bbox 424 1303 510 1338; x_wconf 82' lang='grc' dir='ltr'>τολμᾷ</span> <span class='ocrx_word' id='word_1_277' title='bbox 534 1312 576 1335; x_wconf 82' lang='grc' dir='ltr'><strong>τις</strong></span> <span class='ocrx_word' id='word_1_278' title='bbox 601 1303 717 1331; x_wconf 82' lang='grc' dir='ltr'>ἐνταῦθα</span> <span class='ocrx_word' id='word_1_279' title='bbox 743 1304 898 1339; x_wconf 84' lang='grc' dir='ltr'>συμϐουλῆς</span> 
     </span>
    </p>
   </div>
   <div class='ocr_carea' id='block_1_43' title="bbox 112 1346 898 1384">
    <p class='ocr_par' dir='ltr' id='par_1_43' title="bbox 112 1346 898 1384">
     <span class='ocr_line' id='line_1_43' title="bbox 112 1346 898 1384; baseline 0.006 -13"><span class='ocrx_word' id='word_1_280' title='bbox 112 1346 280 1381; x_wconf 76' lang='grc' dir='ltr'>μεμνῆσθαι,</span> <span class='ocrx_word' id='word_1_281' title='bbox 298 1348 345 1374; x_wconf 78' lang='grc' dir='ltr'>καὶ</span> <span class='ocrx_word' id='word_1_282' title='bbox 359 1348 488 1382; x_wconf 78' lang='grc' dir='ltr'>συνάγειν</span> <span class='ocrx_word' id='word_1_283' title='bbox 508 1350 572 1381; x_wconf 72' lang='grc' dir='ltr'>τοὺς</span> <span class='ocrx_word' id='word_1_284' title='bbox 585 1349 781 1384; x_wconf 78' lang='grc' dir='ltr'>σκεψομένους,</span> <span class='ocrx_word' id='word_1_285' title='bbox 795 1351 820 1376; x_wconf 85' lang='grc' dir='ltr'>εἰ</span> <span class='ocrx_word' id='word_1_286' title='bbox 839 1350 898 1376; x_wconf 85' lang='grc' dir='ltr'>δέον</span> 
     </span>
    </p>
   </div>
   <div class='ocr_carea' id='block_1_44' title="bbox 110 1392 898 1430">
    <p class='ocr_par' dir='ltr' id='par_1_44' title="bbox 110 1392 898 1430">
     <span class='ocr_line' id='line_1_44' title="bbox 110 1392 898 1430; baseline 0.005 -12"><span class='ocrx_word' id='word_1_287' title='bbox 110 1392 184 1426; x_wconf 75' lang='grc' dir='ltr'>ἡμᾶς</span> <span class='ocrx_word' id='word_1_288' title='bbox 198 1393 358 1428; x_wconf 75' lang='grc' dir='ltr'>ἐλευθέρους</span> <span class='ocrx_word' id='word_1_289' title='bbox 375 1392 464 1428; x_wconf 63' lang='lat' dir='ltr'><strong>sive“;</strong></span> <span class='ocrx_word' id='word_1_290' title='bbox 485 1395 571 1421; x_wconf 74' lang='grc' dir='ltr'>Τοῦτο</span> <span class='ocrx_word' id='word_1_291' title='bbox 596 1395 651 1430; x_wconf 82' lang='grc' dir='ltr'><strong>γὰρ</strong></span> <span class='ocrx_word' id='word_1_292' title='bbox 663 1396 792 1430; x_wconf 70' lang='grc' dir='ltr'>ἄντικρυς</span> <span class='ocrx_word' id='word_1_293' title='bbox 807 1397 898 1427; x_wconf 81' lang='grc' dir='ltr'>αὐτοῖς</span> 
     </span>
    </p>
   </div>
   <div class='ocr_carea' id='block_1_45' title="bbox 110 1439 895 1476">
    <p class='ocr_par' dir='ltr' id='par_1_45' title="bbox 110 1439 895 1476">
     <span class='ocr_line' id='line_1_45' title="bbox 110 1439 895 1476; baseline 0.005 -12"><span class='ocrx_word' id='word_1_294' title='bbox 110 1447 182 1473; x_wconf 82' lang='grc' dir='ltr'>φημι</span> <span class='ocrx_word' id='word_1_295' title='bbox 213 1439 353 1473; x_wconf 80' lang='grc' dir='ltr'>βούλεσθαι</span> <span class='ocrx_word' id='word_1_296' title='bbox 378 1440 427 1475; x_wconf 81' lang='grc' dir='ltr'>τὴν</span> <span class='ocrx_word' id='word_1_297' title='bbox 458 1441 534 1476; x_wconf 73' lang='grc' dir='ltr'>παρὰ</span> <span class='ocrx_word' id='word_1_298' title='bbox 566 1441 659 1476; x_wconf 79' lang='grc' dir='ltr'>καιρὸν</span> <span class='ocrx_word' id='word_1_299' title='bbox 681 1441 784 1476; x_wconf 73' lang='grc' dir='ltr'>ταύτην</span> <span class='ocrx_word' id='word_1_300' title='bbox 816 1442 895 1468; x_wconf 78' lang='grc' dir='ltr'>εύλά-</span> 
     </span>
    </p>
   </div>
   <div class='ocr_carea' id='block_1_46' title="bbox 109 1483 898 1523">
    <p class='ocr_par' dir='ltr' id='par_1_46' title="bbox 109 1483 898 1523">
     <span class='ocr_line' id='line_1_46' title="bbox 109 1483 898 1523; baseline 0.005 -14"><span class='ocrx_word' id='word_1_301' title='bbox 109 1483 196 1516; x_wconf 81' lang='grc' dir='ltr'>ϐειαν,</span> <span class='ocrx_word' id='word_1_302' title='bbox 217 1484 233 1520; x_wconf 76' lang='grc' dir='ltr'>ἢ</span> <span class='ocrx_word' id='word_1_303' title='bbox 254 1485 354 1518; x_wconf 82' lang='grc' dir='ltr'>μᾶλλον</span> <span class='ocrx_word' id='word_1_304' title='bbox 371 1486 560 1521; x_wconf 72' lang='grc' dir='ltr'>ἀναισθησίαν.</span> <span class='ocrx_word' id='word_1_305' title='bbox 580 1487 612 1513; x_wconf 86' lang='grc' dir='ltr'>Εί</span> <span class='ocrx_word' id='word_1_306' title='bbox 631 1487 680 1521; x_wconf 79' lang='grc' dir='ltr'>μὲν</span> <span class='ocrx_word' id='word_1_307' title='bbox 696 1487 751 1523; x_wconf 76' lang='grc' dir='ltr'>γὰρ</span> <span class='ocrx_word' id='word_1_308' title='bbox 772 1487 788 1522; x_wconf 84' lang='grc' dir='ltr'>ἢ</span> <span class='ocrx_word' id='word_1_309' title='bbox 804 1487 841 1522; x_wconf 81' lang='grc' dir='ltr'>μὴ</span> <span class='ocrx_word' id='word_1_310' title='bbox 858 1487 898 1514; x_wconf 85' lang='grc' dir='ltr'><strong>δεῖ</strong></span> 
     </span>
    </p>
   </div>
   <div class='ocr_carea' id='block_1_47' title="bbox 110 1529 899 1567">
    <p class='ocr_par' dir='ltr' id='par_1_47' title="bbox 110 1529 899 1567">
     <span class='ocr_line' id='line_1_47' title="bbox 110 1529 899 1567; baseline 0.006 -13"><span class='ocrx_word' id='word_1_311' title='bbox 110 1529 262 1564; x_wconf 82' lang='grc' dir='ltr'>συμμάχων</span> <span class='ocrx_word' id='word_1_312' title='bbox 288 1530 364 1564; x_wconf 79' lang='grc' dir='ltr'>ἡμῖν,</span> <span class='ocrx_word' id='word_1_313' title='bbox 384 1531 400 1566; x_wconf 78' lang='grc' dir='ltr'>ἢ</span> <span class='ocrx_word' id='word_1_314' title='bbox 419 1531 522 1558; x_wconf 81' lang='grc' dir='ltr'>τούτων</span> <span class='ocrx_word' id='word_1_315' title='bbox 549 1531 615 1567; x_wconf 77' lang='grc' dir='ltr'>ἐξῆν</span> <span class='ocrx_word' id='word_1_316' title='bbox 631 1532 758 1563; x_wconf 87' lang='grc' dir='ltr'>καλλίους</span> <span class='ocrx_word' id='word_1_317' title='bbox 783 1533 899 1567; x_wconf 76' lang='grc' dir='ltr'>πορίσα-</span> 
     </span>
    </p>
   </div>
   <div class='ocr_carea' id='block_1_48' title="bbox 112 1575 898 1615">
    <p class='ocr_par' dir='ltr' id='par_1_48' title="bbox 112 1575 898 1615">
     <span class='ocr_line' id='line_1_48' title="bbox 112 1575 898 1615; baseline 0.005 -14"><span class='ocrx_word' id='word_1_318' title='bbox 112 1575 185 1607; x_wconf 79' lang='grc' dir='ltr'>σθαι,</span> <span class='ocrx_word' id='word_1_319' title='bbox 202 1576 217 1610; x_wconf 80' lang='grc' dir='ltr'>ἢ</span> <span class='ocrx_word' id='word_1_320' title='bbox 233 1577 313 1611; x_wconf 74' lang='grc' dir='ltr'>τυχὸν</span> <span class='ocrx_word' id='word_1_321' title='bbox 331 1578 576 1605; x_wconf 74' lang='grc' dir='ltr'>ὁποιουστινασοῦν</span> <span class='ocrx_word' id='word_1_322' title='bbox 589 1579 655 1611; x_wconf 83' lang='grc' dir='ltr'>γοῦν</span> <span class='ocrx_word' id='word_1_323' title='bbox 670 1577 726 1605; x_wconf 71' lang='grc' dir='ltr'>οἷόν</span> <span class='ocrx_word' id='word_1_324' title='bbox 739 1579 763 1605; x_wconf 86' lang='grc' dir='ltr'>τ’</span> <span class='ocrx_word' id='word_1_325' title='bbox 776 1577 810 1615; x_wconf 80' lang='grc' dir='ltr'>ἦν</span> <span class='ocrx_word' id='word_1_326' title='bbox 822 1579 898 1612; x_wconf 74' lang='grc' dir='ltr'>ἐξευ-</span> 
     </span>
    </p>
   </div>
   <div class='ocr_carea' id='block_1_49' title="bbox 111 1618 898 1660">
    <p class='ocr_par' dir='ltr' id='par_1_49' title="bbox 111 1618 898 1660">
     <span class='ocr_line' id='line_1_49' title="bbox 111 1618 898 1660; baseline 0.008 -15"><span class='ocrx_word' id='word_1_327' title='bbox 111 1622 179 1655; x_wconf 78' lang='grc' dir='ltr'>ρεῖν,</span> <span class='ocrx_word' id='word_1_328' title='bbox 195 1618 268 1656; x_wconf 79' lang='grc' dir='ltr'>εἶχεν</span> <span class='ocrx_word' id='word_1_329' title='bbox 285 1621 318 1649; x_wconf 83' lang='grc' dir='ltr'>ἄν</span> <span class='ocrx_word' id='word_1_330' title='bbox 331 1631 391 1649; x_wconf 85' lang='grc' dir='ltr'>τινα</span> <span class='ocrx_word' id='word_1_331' title='bbox 409 1623 488 1656; x_wconf 87' lang='grc' dir='ltr'>λόγον</span> <span class='ocrx_word' id='word_1_332' title='bbox 503 1624 560 1654; x_wconf 85' lang='grc' dir='ltr'>τοῖς</span> <span class='ocrx_word' id='word_1_333' title='bbox 580 1624 757 1659; x_wconf 82' lang='grc' dir='ltr'>παραπλῆξιν</span> <span class='ocrx_word' id='word_1_334' title='bbox 774 1625 789 1660; x_wconf 84' lang='grc' dir='ltr'><strong>ὴ</strong></span> <span class='ocrx_word' id='word_1_335' title='bbox 808 1625 898 1651; x_wconf 78' lang='grc' dir='ltr'>πάντα</span> 
     </span>
    </p>
   </div>
   <div class='ocr_carea' id='block_1_50' title="bbox 109 1667 898 1706">
    <p class='ocr_par' dir='ltr' id='par_1_50' title="bbox 109 1667 898 1706">
     <span class='ocr_line' id='line_1_50' title="bbox 109 1667 898 1706; baseline 0.006 -13"><span class='ocrx_word' id='word_1_336' title='bbox 109 1668 210 1700; x_wconf 76' lang='grc' dir='ltr'>ἄτοπος</span> <span class='ocrx_word' id='word_1_337' title='bbox 226 1667 295 1703; x_wconf 80' lang='grc' dir='ltr'>αὕτη</span> <span class='ocrx_word' id='word_1_338' title='bbox 312 1668 393 1704; x_wconf 89' lang='grc' dir='ltr'>βουλή</span> <span class='ocrx_word' id='word_1_339' title='bbox 406 1677 413 1685; x_wconf 88' lang='grc'>·</span> <span class='ocrx_word' id='word_1_340' title='bbox 431 1670 492 1696; x_wconf 80' lang='grc' dir='ltr'>ἐπεὶ</span> <span class='ocrx_word' id='word_1_341' title='bbox 503 1670 530 1696; x_wconf 77' lang='grc' dir='ltr'>δὲ</span> <span class='ocrx_word' id='word_1_342' title='bbox 548 1670 582 1696; x_wconf 79' lang='grc' dir='ltr'><strong>τὰ</strong></span> <span class='ocrx_word' id='word_1_343' title='bbox 604 1671 654 1704; x_wconf 77' lang='grc' dir='ltr'>μὲν</span> <span class='ocrx_word' id='word_1_344' title='bbox 673 1670 724 1706; x_wconf 82' lang='grc' dir='ltr'>τῆς</span> <span class='ocrx_word' id='word_1_345' title='bbox 739 1671 844 1703; x_wconf 74' lang='grc' dir='ltr'>πόλεως</span> <span class='ocrx_word' id='word_1_346' title='bbox 859 1671 898 1698; x_wconf 82' lang='grc' dir='ltr'>υί-</span> 
     </span>
    </p>
   </div>
   <div class='ocr_carea' id='block_1_51' title="bbox 109 1713 898 1749">
    <p class='ocr_par' dir='ltr' id='par_1_51' title="bbox 109 1713 898 1749">
     <span class='ocr_line' id='line_1_51' title="bbox 109 1713 898 1749; baseline 0.005 -12"><span class='ocrx_word' id='word_1_347' title='bbox 109 1720 199 1746; x_wconf 83' lang='grc' dir='ltr'>χεται,</span> <span class='ocrx_word' id='word_1_348' title='bbox 218 1713 264 1738; x_wconf 72' lang='grc' dir='ltr'>καὶ</span> <span class='ocrx_word' id='word_1_349' title='bbox 279 1713 341 1739; x_wconf 82' lang='grc' dir='ltr'>καθ’</span> <span class='ocrx_word' id='word_1_350' title='bbox 357 1713 470 1745; x_wconf 77' lang='grc' dir='ltr'>ἑαυτοὺς</span> <span class='ocrx_word' id='word_1_351' title='bbox 483 1714 643 1748; x_wconf 80' lang='grc' dir='ltr'>ἀνενεγκεῖν</span> <span class='ocrx_word' id='word_1_352' title='bbox 656 1715 732 1749; x_wconf 81' lang='grc' dir='ltr'>ἡμᾶς</span> <span class='ocrx_word' id='word_1_353' title='bbox 745 1715 831 1742; x_wconf 83' lang='grc' dir='ltr'>πάλαι</span> <span class='ocrx_word' id='word_1_354' title='bbox 844 1715 898 1742; x_wconf 87' lang='grc' dir='ltr'>τῶν</span> 
     </span>
    </p>
   </div>
   <div class='ocr_carea' id='block_1_52' title="bbox 108 1757 899 1797">
    <p class='ocr_par' dir='ltr' id='par_1_52' title="bbox 108 1757 899 1797">
     <span class='ocr_line' id='line_1_52' title="bbox 108 1757 899 1797; baseline 0.006 -14"><span class='ocrx_word' id='word_1_355' title='bbox 108 1757 249 1784; x_wconf 84' lang='grc' dir='ltr'>ἀδυνάτων</span> <span class='ocrx_word' id='word_1_356' title='bbox 269 1758 298 1785; x_wconf 84' lang='grc' dir='ltr'><strong>ὂν</strong></span> <span class='ocrx_word' id='word_1_357' title='bbox 309 1759 446 1794; x_wconf 77' lang='grc' dir='ltr'>κέκριται,</span> <span class='ocrx_word' id='word_1_358' title='bbox 461 1760 508 1791; x_wconf 81' lang='grc' dir='ltr'>οὓς</span> <span class='ocrx_word' id='word_1_359' title='bbox 522 1760 544 1787; x_wconf 75' lang='grc' dir='ltr'>δ’</span> <span class='ocrx_word' id='word_1_360' title='bbox 557 1759 590 1786; x_wconf 80' lang='grc' dir='ltr'><strong>ἃν</strong></span> <span class='ocrx_word' id='word_1_361' title='bbox 603 1761 774 1795; x_wconf 75' lang='grc' dir='ltr'>ἐκαλέσαμεν</span> <span class='ocrx_word' id='word_1_362' title='bbox 788 1762 899 1797; x_wconf 81' lang='grc' dir='ltr'>συμμά-</span> 
     </span>
    </p>
   </div>
   <div class='ocr_carea' id='block_1_53' title="bbox 108 1800 898 1842">
    <p class='ocr_par' dir='ltr' id='par_1_53' title="bbox 108 1800 898 1842">
     <span class='ocr_line' id='line_1_53' title="bbox 108 1800 898 1842; baseline 0.006 -14"><span class='ocrx_word' id='word_1_363' title='bbox 108 1811 183 1838; x_wconf 84' lang='grc' dir='ltr'>χους,</span> <span class='ocrx_word' id='word_1_364' title='bbox 199 1800 270 1830; x_wconf 75' lang='grc' dir='ltr'>οὗτοι</span> <span class='ocrx_word' id='word_1_365' title='bbox 286 1804 386 1836; x_wconf 83' lang='grc' dir='ltr'>πάντες</span> <span class='ocrx_word' id='word_1_366' title='bbox 401 1806 451 1839; x_wconf 75' lang='grc' dir='ltr'>τὴν</span> <span class='ocrx_word' id='word_1_367' title='bbox 467 1805 522 1832; x_wconf 83' lang='grc' dir='ltr'>τῶν</span> <span class='ocrx_word' id='word_1_368' title='bbox 540 1806 678 1841; x_wconf 87' lang='grc' dir='ltr'>πολεμίων</span> <span class='ocrx_word' id='word_1_369' title='bbox 700 1807 830 1842; x_wconf 74' lang='grc' dir='ltr'>εἰλήφασι</span> <span class='ocrx_word' id='word_1_370' title='bbox 850 1808 898 1834; x_wconf 82' lang='grc' dir='ltr'>τά-</span> 
     </span>
    </p>
   </div>
   <div class='ocr_carea' id='block_1_54' title="bbox 110 1848 901 1887">
    <p class='ocr_par' dir='ltr' id='par_1_54' title="bbox 110 1848 901 1887">
     <span class='ocr_line' id='line_1_54' title="bbox 110 1848 901 1887; baseline 0.009 -13"><span class='ocrx_word' id='word_1_371' title='bbox 110 1848 152 1880; x_wconf 80' lang='grc' dir='ltr'>ξιν</span> <span class='ocrx_word' id='word_1_372' title='bbox 164 1855 170 1863; x_wconf 89' lang='grc'>·</span> <span class='ocrx_word' id='word_1_373' title='bbox 184 1848 255 1876; x_wconf 75' lang='grc' dir='ltr'>οὕτω</span> <span class='ocrx_word' id='word_1_374' title='bbox 271 1849 294 1875; x_wconf 79' lang='grc' dir='ltr'>δ’</span> <span class='ocrx_word' id='word_1_375' title='bbox 308 1850 365 1884; x_wconf 79' lang='grc' dir='ltr'>ἔχει</span> <span class='ocrx_word' id='word_1_376' title='bbox 379 1851 464 1885; x_wconf 84' lang='grc' dir='ltr'>τύχης</span> <span class='ocrx_word' id='word_1_377' title='bbox 479 1852 513 1878; x_wconf 77' lang='grc' dir='ltr'><strong>τὰ</strong></span> <span class='ocrx_word' id='word_1_378' title='bbox 540 1853 693 1887; x_wconf 84' lang='grc' dir='ltr'>πράγματα</span> <span class='ocrx_word' id='word_1_379' title='bbox 710 1853 770 1886; x_wconf 81' lang='grc' dir='ltr'>νῦν,</span> <span class='ocrx_word' id='word_1_380' title='bbox 794 1854 859 1881; x_wconf 74' lang='grc' dir='ltr'>ὥστ’</span> <span class='ocrx_word' id='word_1_381' title='bbox 875 1855 901 1881; x_wconf 85' lang='grc' dir='ltr'><strong>εί</strong></span> 
     </span>
    </p>
   </div>
   <div class='ocr_carea' id='block_1_55' title="bbox 108 1895 900 1934">
    <p class='ocr_par' dir='ltr' id='par_1_55' title="bbox 108 1895 900 1934">
     <span class='ocr_line' id='line_1_55' title="bbox 108 1895 900 1934; baseline 0.009 -14"><span class='ocrx_word' id='word_1_382' title='bbox 108 1896 238 1929; x_wconf 70' lang='grc' dir='ltr'>τιςιήμᾶς</span> <span class='ocrx_word' id='word_1_383' title='bbox 255 1895 354 1930; x_wconf 74' lang='grc' dir='ltr'>ἔροιτο,</span> <span class='ocrx_word' id='word_1_384' title='bbox 371 1897 457 1923; x_wconf 86' lang='grc' dir='ltr'>Τίνων</span> <span class='ocrx_word' id='word_1_385' title='bbox 481 1898 543 1924; x_wconf 85' lang='grc' dir='ltr'><strong>ἐστέ</strong></span> <span class='ocrx_word' id='word_1_386' title='bbox 572 1898 678 1934; x_wconf 57' lang='lat' dir='ltr'><strong>ruptor;</strong></span> <span class='ocrx_word' id='word_1_387' title='bbox 697 1900 759 1934; x_wconf 81' lang='grc' dir='ltr'>μηδ’</span> <span class='ocrx_word' id='word_1_388' title='bbox 783 1900 816 1926; x_wconf 82' lang='grc' dir='ltr'>ἂν</span> <span class='ocrx_word' id='word_1_389' title='bbox 834 1901 900 1927; x_wconf 77' lang='grc' dir='ltr'>αὐτὸ</span> 
     </span>
    </p>
   </div>
   <div class='ocr_carea' id='block_1_56' title="bbox 107 1941 899 1980">
    <p class='ocr_par' dir='ltr' id='par_1_56' title="bbox 107 1941 899 1980">
     <span class='ocr_line' id='line_1_56' title="bbox 107 1941 899 1980; baseline 0.006 -13"><span class='ocrx_word' id='word_1_390' title='bbox 107 1941 241 1975; x_wconf 77' lang='grc' dir='ltr'>τοῦδαφος</span> <span class='ocrx_word' id='word_1_391' title='bbox 268 1943 470 1978; x_wconf 84' lang='grc' dir='ltr'>ἀποκρίνασθαι</span> <span class='ocrx_word' id='word_1_392' title='bbox 486 1944 581 1970; x_wconf 76' lang='grc' dir='ltr'>λοιπον</span> <span class='ocrx_word' id='word_1_393' title='bbox 605 1944 739 1980; x_wconf 76' lang='grc' dir='ltr'>ὑπάρχειν</span> <span class='ocrx_word' id='word_1_394' title='bbox 755 1946 822 1980; x_wconf 85' lang='grc' dir='ltr'>ἡμῖν</span> <span class='ocrx_word' id='word_1_395' title='bbox 834 1954 841 1961; x_wconf 89' lang='grc'>·</span> <span class='ocrx_word' id='word_1_396' title='bbox 856 1946 899 1978; x_wconf 84' lang='grc' dir='ltr'><strong>τίς</strong></span> 
     </span>
    </p>
   </div>
   <div class='ocr_carea' id='block_1_57' title="bbox 107 1988 900 2025">
    <p class='ocr_par' dir='ltr' id='par_1_57' title="bbox 107 1988 900 2025">
     <span class='ocr_line' id='line_1_57' title="bbox 107 1988 900 2025; baseline 0.006 -12"><span class='ocrx_word' id='word_1_397' title='bbox 107 1988 124 2022; x_wconf 79' lang='grc' dir='ltr'>ἡ</span> <span class='ocrx_word' id='word_1_398' title='bbox 151 1988 302 2021; x_wconf 83' lang='grc' dir='ltr'>φιλονεικία</span> <span class='ocrx_word' id='word_1_399' title='bbox 325 1988 360 2014; x_wconf 77' lang='grc' dir='ltr'>δι’</span> <span class='ocrx_word' id='word_1_400' title='bbox 382 1989 416 2025; x_wconf 75' lang='grc' dir='ltr'>ἣν</span> <span class='ocrx_word' id='word_1_401' title='bbox 434 1989 524 2016; x_wconf 85' lang='grc' dir='ltr'>πάντα</span> <span class='ocrx_word' id='word_1_402' title='bbox 541 1990 756 2024; x_wconf 80' lang='grc' dir='ltr'>ἀπολωλεκότες,</span> <span class='ocrx_word' id='word_1_403' title='bbox 781 1991 828 2018; x_wconf 78' lang='grc' dir='ltr'>νῦν</span> <span class='ocrx_word' id='word_1_404' title='bbox 852 1992 900 2019; x_wconf 77' lang='grc' dir='ltr'>καὶ</span> 
     </span>
    </p>
   </div>
   <div class='ocr_carea' id='block_1_58' title="bbox 106 2035 813 2066">
    <p class='ocr_par' dir='ltr' id='par_1_58' title="bbox 106 2035 813 2066">
     <span class='ocr_line' id='line_1_58' title="bbox 106 2035 813 2066; baseline 0.006 -5"><span class='ocrx_word' id='word_1_405' title='bbox 106 2035 161 2062; x_wconf 83' lang='grc' dir='ltr'>τῶν</span> <span class='ocrx_word' id='word_1_406' title='bbox 176 2035 291 2062; x_wconf 80' lang='grc' dir='ltr'>ἐλπίδων</span> <span class='ocrx_word' id='word_1_407' title='bbox 307 2035 396 2063; x_wconf 85' lang='grc' dir='ltr'>αὐτῶν</span> <span class='ocrx_word' id='word_1_408' title='bbox 413 2036 612 2066; x_wconf 80' lang='grc' dir='ltr'>κινδυνεύομεν</span> <span class='ocrx_word' id='word_1_409' title='bbox 628 2039 813 2065; x_wconf 65' lang='grc' dir='ltr'>στεοτιθΰναι-</span> 
     </span>
    </p>
   </div>
   <div class='ocr_carea' id='block_1_59' title="bbox 950 846 1742 882">
    <p class='ocr_par' dir='ltr' id='par_1_59' title="bbox 950 846 1742 882">
     <span class='ocr_line' id='line_1_59' title="bbox 950 846 1742 882; baseline -0.004 -7"><span class='ocrx_word' id='word_1_410' title='bbox 950 852 1002 877; x_wconf 83' lang='lat' dir='ltr'><strong>tes.</strong></span> <span class='ocrx_word' id='word_1_411' title='bbox 1026 847 1219 882; x_wconf 76' lang='lat' dir='ltr'><strong>promittentes</strong></span> <span class='ocrx_word' id='word_1_412' title='bbox 1235 847 1375 881; x_wconf 84' lang='lat' dir='ltr'><strong>pecunias,</strong></span> <span class='ocrx_word' id='word_1_413' title='bbox 1401 846 1548 881; x_wconf 77' lang='lat' dir='ltr'><strong>omniaque</strong></span> <span class='ocrx_word' id='word_1_414' title='bbox 1570 851 1742 880; x_wconf 68' lang='lat' dir='ltr'><strong>praestantes.</strong></span> 
     </span>
    </p>
   </div>
   <div class='ocr_carea' id='block_1_60' title="bbox 949 892 1741 928">
    <p class='ocr_par' dir='ltr' id='par_1_60' title="bbox 949 892 1741 928">
     <span class='ocr_line' id='line_1_60' title="bbox 949 892 1741 928; baseline -0.003 -8"><span class='ocrx_word' id='word_1_415' title='bbox 949 893 1050 928; x_wconf 89' lang='lat' dir='ltr'><strong>quibus</strong></span> <span class='ocrx_word' id='word_1_416' title='bbox 1068 893 1209 920; x_wconf 87' lang='lat' dir='ltr'><strong>nobiscum</strong></span> <span class='ocrx_word' id='word_1_417' title='bbox 1223 897 1296 919; x_wconf 81' lang='lat' dir='ltr'><strong>stare</strong></span> <span class='ocrx_word' id='word_1_418' title='bbox 1313 892 1505 924; x_wconf 77' lang='lat' dir='ltr'><strong>suaderemus,</strong></span> <span class='ocrx_word' id='word_1_419' title='bbox 1522 899 1582 918; x_wconf 91' lang='lat' dir='ltr'><strong>cum</strong></span> <span class='ocrx_word' id='word_1_420' title='bbox 1597 899 1630 918; x_wconf 82' lang='lat' dir='ltr'><strong>ex</strong></span> <span class='ocrx_word' id='word_1_421' title='bbox 1650 892 1741 924; x_wconf 85' lang='lat' dir='ltr'><strong>dictis,</strong></span> 
     </span>
    </p>
   </div>
   <div class='ocr_carea' id='block_1_61' title="bbox 949 937 1741 973">
    <p class='ocr_par' dir='ltr' id='par_1_61' title="bbox 949 937 1741 973">
     <span class='ocr_line' id='line_1_61' title="bbox 949 937 1741 973; baseline -0.003 -7"><span class='ocrx_word' id='word_1_422' title='bbox 949 939 1032 966; x_wconf 90' lang='lat' dir='ltr'><strong>nullis</strong></span> <span class='ocrx_word' id='word_1_423' title='bbox 1044 938 1103 965; x_wconf 89' lang='lat' dir='ltr'><strong>aliis</strong></span> <span class='ocrx_word' id='word_1_424' title='bbox 1118 939 1232 973; x_wconf 90' lang='lat' dir='ltr'><strong>perinde</strong></span> <span class='ocrx_word' id='word_1_425' title='bbox 1251 938 1334 965; x_wconf 83' lang='lat' dir='ltr'><strong>ﬁdere</strong></span> <span class='ocrx_word' id='word_1_426' title='bbox 1348 938 1507 964; x_wconf 85' lang='lat' dir='ltr'><strong>habeamus.</strong></span> <span class='ocrx_word' id='word_1_427' title='bbox 1526 937 1566 964; x_wconf 79' lang='lat' dir='ltr'><strong>Ex</strong></span> <span class='ocrx_word' id='word_1_428' title='bbox 1581 945 1635 971; x_wconf 91' lang='lat' dir='ltr'><strong>quo</strong></span> <span class='ocrx_word' id='word_1_429' title='bbox 1650 942 1741 964; x_wconf 86' lang='lat' dir='ltr'><strong>autem</strong></span> 
     </span>
    </p>
   </div>
   <div class='ocr_carea' id='block_1_62' title="bbox 949 983 1743 1018">
    <p class='ocr_par' dir='ltr' id='par_1_62' title="bbox 949 983 1743 1018">
     <span class='ocr_line' id='line_1_62' title="bbox 949 983 1743 1018; baseline -0.004 -5"><span class='ocrx_word' id='word_1_430' title='bbox 949 987 1031 1013; x_wconf 88' lang='lat' dir='ltr'><strong>ctiam</strong></span> <span class='ocrx_word' id='word_1_431' title='bbox 1057 985 1152 1012; x_wconf 80' lang='lat' dir='ltr'><strong>adesse</strong></span> <span class='ocrx_word' id='word_1_432' title='bbox 1175 985 1330 1011; x_wconf 86' lang='lat' dir='ltr'><strong>nuntiatum</strong></span> <span class='ocrx_word' id='word_1_433' title='bbox 1351 989 1404 1015; x_wconf 87' lang='lat' dir='ltr'><strong>est,</strong></span> <span class='ocrx_word' id='word_1_434' title='bbox 1428 983 1546 1018; x_wconf 85' lang='lat' dir='ltr'><strong>bellique</strong></span> <span class='ocrx_word' id='word_1_435' title='bbox 1571 983 1661 1010; x_wconf 83' lang='lat' dir='ltr'><strong>socios</strong></span> <span class='ocrx_word' id='word_1_436' title='bbox 1685 983 1743 1010; x_wconf 79' lang='lat' dir='ltr'><strong>fore</strong></span> 
     </span>
    </p>
   </div>
   <div class='ocr_carea' id='block_1_63' title="bbox 949 1028 1742 1066">
    <p class='ocr_par' dir='ltr' id='par_1_63' title="bbox 949 1028 1742 1066">
     <span class='ocr_line' id='line_1_63' title="bbox 949 1028 1742 1066; baseline -0.003 -7"><span class='ocrx_word' id='word_1_437' title='bbox 949 1031 1128 1066; x_wconf 84' lang='lat' dir='ltr'><strong>spondentes,</strong></span> <span class='ocrx_word' id='word_1_438' title='bbox 1149 1031 1182 1057; x_wconf 88' lang='lat' dir='ltr'><strong>iis</strong></span> <span class='ocrx_word' id='word_1_439' title='bbox 1206 1034 1306 1065; x_wconf 65' lang='lat' dir='ltr'><strong>praesto</strong></span> <span class='ocrx_word' id='word_1_440' title='bbox 1323 1035 1387 1057; x_wconf 88' lang='lat' dir='ltr'><strong>sunt</strong></span> <span class='ocrx_word' id='word_1_441' title='bbox 1411 1029 1456 1064; x_wconf 90' lang='lat' dir='ltr'><strong>qui</strong></span> <span class='ocrx_word' id='word_1_442' title='bbox 1484 1028 1603 1056; x_wconf 88' lang='lat' dir='ltr'><strong>necdum</strong></span> <span class='ocrx_word' id='word_1_443' title='bbox 1628 1036 1676 1057; x_wconf 88' lang='lat' dir='ltr'><strong>eos</strong></span> <span class='ocrx_word' id='word_1_444' title='bbox 1689 1029 1742 1057; x_wconf 70' lang='lat' dir='ltr'><strong>sibi</strong></span> 
     </span>
    </p>
   </div>
   <div class='ocr_carea' id='block_1_64' title="bbox 949 1073 1742 1108">
    <p class='ocr_par' dir='ltr' id='par_1_64' title="bbox 949 1073 1742 1108">
     <span class='ocr_line' id='line_1_64' title="bbox 949 1073 1742 1108; baseline -0.005 -5"><span class='ocrx_word' id='word_1_445' title='bbox 949 1076 1088 1103; x_wconf 84' lang='lat' dir='ltr'><strong>devincire</strong></span> <span class='ocrx_word' id='word_1_446' title='bbox 1104 1074 1272 1102; x_wconf 81' lang='lat' dir='ltr'><strong>studebant:</strong></span> <span class='ocrx_word' id='word_1_447' title='bbox 1288 1078 1371 1108; x_wconf 88' lang='lat' dir='ltr'><strong>atque</strong></span> <span class='ocrx_word' id='word_1_448' title='bbox 1387 1073 1413 1100; x_wconf 94' lang='lat' dir='ltr'><strong>in</strong></span> <span class='ocrx_word' id='word_1_449' title='bbox 1431 1073 1590 1100; x_wconf 84' lang='lat' dir='ltr'><strong>memoriam</strong></span> <span class='ocrx_word' id='word_1_450' title='bbox 1607 1080 1742 1100; x_wconf 87' lang='lat' dir='ltr'><strong>revocan-</strong></span> 
     </span>
    </p>
   </div>
   <div class='ocr_carea' id='block_1_65' title="bbox 950 1119 1741 1156">
    <p class='ocr_par' dir='ltr' id='par_1_65' title="bbox 950 1119 1741 1156">
     <span class='ocr_line' id='line_1_65' title="bbox 950 1119 1741 1156; baseline -0.004 -7"><span class='ocrx_word' id='word_1_451' title='bbox 950 1126 991 1149; x_wconf 85' lang='lat' dir='ltr'><strong>tes</strong></span> <span class='ocrx_word' id='word_1_452' title='bbox 1002 1129 1063 1156; x_wconf 81' lang='lat' dir='ltr'><strong>qune</strong></span> <span class='ocrx_word' id='word_1_453' title='bbox 1077 1121 1174 1156; x_wconf 68' lang='lat' dir='ltr'><strong>smpins</strong></span> <span class='ocrx_word' id='word_1_454' title='bbox 1192 1120 1220 1147; x_wconf 90' lang='lat' dir='ltr'><strong>in</strong></span> <span class='ocrx_word' id='word_1_455' title='bbox 1245 1120 1380 1147; x_wconf 74' lang='lat' dir='ltr'><strong>Barbaros</strong></span> <span class='ocrx_word' id='word_1_456' title='bbox 1398 1119 1483 1146; x_wconf 84' lang='lat' dir='ltr'><strong>nostri</strong></span> <span class='ocrx_word' id='word_1_457' title='bbox 1499 1126 1580 1146; x_wconf 84' lang='lat' dir='ltr'><strong>causa</strong></span> <span class='ocrx_word' id='word_1_458' title='bbox 1601 1119 1741 1154; x_wconf 67' lang='lat' dir='ltr'><strong>designas-</strong></span> 
     </span>
    </p>
   </div>
   <div class='ocr_carea' id='block_1_66' title="bbox 949 1164 1740 1200">
    <p class='ocr_par' dir='ltr' id='par_1_66' title="bbox 949 1164 1740 1200">
     <span class='ocr_line' id='line_1_66' title="bbox 949 1164 1740 1200; baseline -0.005 -6"><span class='ocrx_word' id='word_1_459' title='bbox 949 1172 1020 1199; x_wconf 84' lang='lat' dir='ltr'><strong>sent,</strong></span> <span class='ocrx_word' id='word_1_460' title='bbox 1036 1167 1092 1194; x_wconf 86' lang='lat' dir='ltr'><strong>Deo</strong></span> <span class='ocrx_word' id='word_1_461' title='bbox 1107 1166 1217 1200; x_wconf 88' lang='lat' dir='ltr'><strong>quidem</strong></span> <span class='ocrx_word' id='word_1_462' title='bbox 1237 1165 1370 1193; x_wconf 85' lang='lat' dir='ltr'><strong>reddituri</strong></span> <span class='ocrx_word' id='word_1_463' title='bbox 1383 1169 1529 1197; x_wconf 86' lang='lat' dir='ltr'><strong>venerunt,</strong></span> <span class='ocrx_word' id='word_1_464' title='bbox 1543 1164 1740 1194; x_wconf 70' lang='lat' dir='ltr'><strong>necessariam,</strong></span> 
     </span>
    </p>
   </div>
   <div class='ocr_carea' id='block_1_67' title="bbox 949 1209 1741 1247">
    <p class='ocr_par' dir='ltr' id='par_1_67' title="bbox 949 1209 1741 1247">
     <span class='ocr_line' id='line_1_67' title="bbox 949 1209 1741 1247; baseline -0.005 -8"><span class='ocrx_word' id='word_1_465' title='bbox 949 1221 980 1240; x_wconf 87' lang='lat' dir='ltr'><strong>ae</strong></span> <span class='ocrx_word' id='word_1_466' title='bbox 995 1213 1073 1247; x_wconf 82' lang='lat' dir='ltr'><strong>cujus</strong></span> <span class='ocrx_word' id='word_1_467' title='bbox 1096 1219 1126 1239; x_wconf 84' lang='lat' dir='ltr'><strong>se</strong></span> <span class='ocrx_word' id='word_1_468' title='bbox 1149 1212 1266 1238; x_wconf 83' lang='lat' dir='ltr'><strong>maxime</strong></span> <span class='ocrx_word' id='word_1_469' title='bbox 1284 1219 1346 1238; x_wconf 78' lang='lat' dir='ltr'><strong>reos</strong></span> <span class='ocrx_word' id='word_1_470' title='bbox 1371 1209 1550 1242; x_wconf 70' lang='lat' dir='ltr'><strong>arbitrantur,</strong></span> <span class='ocrx_word' id='word_1_471' title='bbox 1565 1209 1741 1241; x_wconf 67' lang='lat' dir='ltr'><strong>oblaEinnem,</strong></span> 
     </span>
    </p>
   </div>
   <div class='ocr_carea' id='block_1_68' title="bbox 949 1255 1742 1292">
    <p class='ocr_par' dir='ltr' id='par_1_68' title="bbox 949 1255 1742 1292">
     <span class='ocr_line' id='line_1_68' title="bbox 949 1255 1742 1292; baseline -0.004 -7"><span class='ocrx_word' id='word_1_472' title='bbox 949 1265 996 1285; x_wconf 86' lang='lat' dir='ltr'><strong>eos</strong></span> <span class='ocrx_word' id='word_1_473' title='bbox 1010 1261 1101 1285; x_wconf 87' lang='lat' dir='ltr'><strong>autem</strong></span> <span class='ocrx_word' id='word_1_474' title='bbox 1127 1260 1239 1292; x_wconf 80' lang='lat' dir='ltr'><strong>propter</strong></span> <span class='ocrx_word' id='word_1_475' title='bbox 1260 1263 1309 1283; x_wconf 84' lang='lat' dir='ltr'><strong>nos</strong></span> <span class='ocrx_word' id='word_1_476' title='bbox 1333 1256 1429 1287; x_wconf 86' lang='lat' dir='ltr'><strong>ulturi,</strong></span> <span class='ocrx_word' id='word_1_477' title='bbox 1450 1263 1519 1290; x_wconf 92' lang='lat' dir='ltr'><strong>quos</strong></span> <span class='ocrx_word' id='word_1_478' title='bbox 1545 1255 1624 1282; x_wconf 87' lang='lat' dir='ltr'><strong>nobis</strong></span> <span class='ocrx_word' id='word_1_479' title='bbox 1647 1255 1742 1282; x_wconf 85' lang='lat' dir='ltr'><strong>ulcisci</strong></span> 
     </span>
    </p>
   </div>
   <div class='ocr_carea' id='block_1_69' title="bbox 950 1302 1742 1338">
    <p class='ocr_par' dir='ltr' id='par_1_69' title="bbox 950 1302 1742 1338">
     <span class='ocr_line' id='line_1_69' title="bbox 950 1302 1742 1338; baseline -0.003 -7"><span class='ocrx_word' id='word_1_480' title='bbox 950 1312 1002 1331; x_wconf 91' lang='lat' dir='ltr'><strong>non</strong></span> <span class='ocrx_word' id='word_1_481' title='bbox 1019 1304 1098 1336; x_wconf 89' lang='lat' dir='ltr'><strong>licet;</strong></span> <span class='ocrx_word' id='word_1_482' title='bbox 1115 1303 1214 1338; x_wconf 84' lang='lat' dir='ltr'><strong>quisue</strong></span> <span class='ocrx_word' id='word_1_483' title='bbox 1228 1303 1274 1330; x_wconf 92' lang='lat' dir='ltr'><strong>hic</strong></span> <span class='ocrx_word' id='word_1_484' title='bbox 1288 1302 1395 1330; x_wconf 87' lang='lat' dir='ltr'><strong>consilii</strong></span> <span class='ocrx_word' id='word_1_485' title='bbox 1410 1303 1493 1329; x_wconf 84' lang='lat' dir='ltr'><strong>audet</strong></span> <span class='ocrx_word' id='word_1_486' title='bbox 1511 1302 1680 1334; x_wconf 87' lang='lat' dir='ltr'><strong>meminisse,</strong></span> <span class='ocrx_word' id='word_1_487' title='bbox 1698 1302 1742 1329; x_wconf 92' lang='lat' dir='ltr'><strong>in-</strong></span> 
     </span>
    </p>
   </div>
   <div class='ocr_carea' id='block_1_70' title="bbox 949 1349 1744 1388">
    <p class='ocr_par' dir='ltr' id='par_1_70' title="bbox 949 1349 1744 1388">
     <span class='ocr_line' id='line_1_70' title="bbox 949 1349 1744 1388; baseline -0.004 -11"><span class='ocrx_word' id='word_1_488' title='bbox 949 1358 1003 1385; x_wconf 88' lang='lat' dir='ltr'><strong>que</strong></span> <span class='ocrx_word' id='word_1_489' title='bbox 1033 1349 1179 1377; x_wconf 86' lang='lat' dir='ltr'><strong>consilium</strong></span> <span class='ocrx_word' id='word_1_490' title='bbox 1213 1356 1311 1383; x_wconf 78' lang='lat' dir='ltr'><strong>cogere</strong></span> <span class='ocrx_word' id='word_1_491' title='bbox 1350 1349 1566 1378; x_wconf 89' lang='lat' dir='ltr'><strong>delibcraturos.</strong></span> <span class='ocrx_word' id='word_1_492' title='bbox 1596 1356 1660 1375; x_wconf 90' lang='lat' dir='ltr'><strong>num</strong></span> <span class='ocrx_word' id='word_1_493' title='bbox 1692 1356 1744 1388; x_wconf 72' lang='lat' dir='ltr'><strong>nos</strong></span> 
     </span>
    </p>
   </div>
   <div class='ocr_carea' id='block_1_71' title="bbox 949 1393 1742 1429">
    <p class='ocr_par' dir='ltr' id='par_1_71' title="bbox 949 1393 1742 1429">
     <span class='ocr_line' id='line_1_71' title="bbox 949 1393 1742 1429; baseline -0.003 -7"><span class='ocrx_word' id='word_1_494' title='bbox 949 1400 1076 1429; x_wconf 84' lang='lat' dir='ltr'><strong>oporteat</strong></span> <span class='ocrx_word' id='word_1_495' title='bbox 1091 1402 1152 1422; x_wconf 85' lang='lat' dir='ltr'><strong>esse</strong></span> <span class='ocrx_word' id='word_1_496' title='bbox 1169 1393 1290 1422; x_wconf 87' lang='lat' dir='ltr'><strong>liberos?</strong></span> <span class='ocrx_word' id='word_1_497' title='bbox 1305 1393 1421 1421; x_wconf 77' lang='lat' dir='ltr'><strong>Perinde</strong></span> <span class='ocrx_word' id='word_1_498' title='bbox 1434 1394 1507 1420; x_wconf 90' lang='lat' dir='ltr'><strong>enim</strong></span> <span class='ocrx_word' id='word_1_499' title='bbox 1521 1393 1590 1421; x_wconf 87' lang='lat' dir='ltr'><strong>velle</strong></span> <span class='ocrx_word' id='word_1_500' title='bbox 1602 1394 1742 1426; x_wconf 78' lang='lat' dir='ltr'><strong>existimo,</strong></span> 
     </span>
    </p>
   </div>
   <div class='ocr_carea' id='block_1_72' title="bbox 949 1440 1744 1475">
    <p class='ocr_par' dir='ltr' id='par_1_72' title="bbox 949 1440 1744 1475">
     <span class='ocr_line' id='line_1_72' title="bbox 949 1440 1744 1475; baseline -0.003 -7"><span class='ocrx_word' id='word_1_501' title='bbox 949 1449 1030 1475; x_wconf 85' lang='lat' dir='ltr'><strong>quem</strong></span> <span class='ocrx_word' id='word_1_502' title='bbox 1049 1441 1273 1474; x_wconf 84' lang='lat' dir='ltr'><strong>intempestivum</strong></span> <span class='ocrx_word' id='word_1_503' title='bbox 1293 1440 1418 1467; x_wconf 80' lang='lat' dir='ltr'><strong>timorem</strong></span> <span class='ocrx_word' id='word_1_504' title='bbox 1438 1443 1602 1474; x_wconf 65' lang='lat' dir='ltr'><strong>praatexunt,</strong></span> <span class='ocrx_word' id='word_1_505' title='bbox 1617 1448 1664 1467; x_wconf 87' lang='lat' dir='ltr'><strong>seu</strong></span> <span class='ocrx_word' id='word_1_506' title='bbox 1686 1448 1744 1467; x_wconf 93' lang='lat' dir='ltr'><strong>ma-</strong></span> 
     </span>
    </p>
   </div>
   <div class='ocr_carea' id='block_1_73' title="bbox 949 1485 1744 1521">
    <p class='ocr_par' dir='ltr' id='par_1_73' title="bbox 949 1485 1744 1521">
     <span class='ocr_line' id='line_1_73' title="bbox 949 1485 1744 1521; baseline 0.001 -9"><span class='ocrx_word' id='word_1_507' title='bbox 949 1486 990 1521; x_wconf 74' lang='lat' dir='ltr'><strong>gis</strong></span> <span class='ocrx_word' id='word_1_508' title='bbox 1005 1485 1257 1513; x_wconf 88' lang='lat' dir='ltr'><strong>insensibilitatem.</strong></span> <span class='ocrx_word' id='word_1_509' title='bbox 1273 1485 1414 1520; x_wconf 86' lang='lat' dir='ltr'><strong>Siquidem</strong></span> <span class='ocrx_word' id='word_1_510' title='bbox 1430 1486 1503 1512; x_wconf 90' lang='lat' dir='ltr'><strong>enim</strong></span> <span class='ocrx_word' id='word_1_511' title='bbox 1523 1490 1571 1513; x_wconf 87' lang='lat' dir='ltr'><strong>ant</strong></span> <span class='ocrx_word' id='word_1_512' title='bbox 1586 1493 1640 1512; x_wconf 93' lang='lat' dir='ltr'><strong>non</strong></span> <span class='ocrx_word' id='word_1_513' title='bbox 1659 1486 1744 1513; x_wconf 88' lang='lat' dir='ltr'><strong>hahe-</strong></span> 
     </span>
    </p>
   </div>
   <div class='ocr_carea' id='block_1_74' title="bbox 950 1531 1745 1566">
    <p class='ocr_par' dir='ltr' id='par_1_74' title="bbox 950 1531 1745 1566">
     <span class='ocr_line' id='line_1_74' title="bbox 950 1531 1745 1566; baseline 0 -8"><span class='ocrx_word' id='word_1_514' title='bbox 950 1539 1041 1559; x_wconf 88' lang='lat' dir='ltr'><strong>remus</strong></span> <span class='ocrx_word' id='word_1_515' title='bbox 1054 1531 1226 1558; x_wconf 80' lang='lat' dir='ltr'><strong>necessarios</strong></span> <span class='ocrx_word' id='word_1_516' title='bbox 1240 1531 1304 1558; x_wconf 87' lang='lat' dir='ltr'><strong>belli</strong></span> <span class='ocrx_word' id='word_1_517' title='bbox 1321 1531 1422 1564; x_wconf 86' lang='lat' dir='ltr'><strong>socios,</strong></span> <span class='ocrx_word' id='word_1_518' title='bbox 1436 1531 1478 1558; x_wconf 86' lang='lat' dir='ltr'><strong>vel</strong></span> <span class='ocrx_word' id='word_1_519' title='bbox 1491 1539 1636 1566; x_wconf 72' lang='lat' dir='ltr'><strong>possemus</strong></span> <span class='ocrx_word' id='word_1_520' title='bbox 1649 1532 1745 1559; x_wconf 59' lang='lat' dir='ltr'><strong>melio-</strong></span> 
     </span>
    </p>
   </div>
   <div class='ocr_carea' id='block_1_75' title="bbox 949 1577 1744 1613">
    <p class='ocr_par' dir='ltr' id='par_1_75' title="bbox 949 1577 1744 1613">
     <span class='ocr_line' id='line_1_75' title="bbox 949 1577 1744 1613; baseline -0.003 -7"><span class='ocrx_word' id='word_1_521' title='bbox 949 1587 993 1606; x_wconf 86' lang='lat' dir='ltr'><strong>res</strong></span> <span class='ocrx_word' id='word_1_522' title='bbox 1006 1578 1047 1605; x_wconf 90' lang='lat' dir='ltr'><strong>his</strong></span> <span class='ocrx_word' id='word_1_523' title='bbox 1058 1586 1230 1613; x_wconf 86' lang='lat' dir='ltr'><strong>comparare,</strong></span> <span class='ocrx_word' id='word_1_524' title='bbox 1242 1586 1272 1605; x_wconf 84' lang='lat' dir='ltr'><strong>ac</strong></span> <span class='ocrx_word' id='word_1_525' title='bbox 1286 1580 1357 1604; x_wconf 80' lang='lat' dir='ltr'><strong>torto</strong></span> <span class='ocrx_word' id='word_1_526' title='bbox 1368 1578 1436 1604; x_wconf 86' lang='lat' dir='ltr'><strong>alios</strong></span> <span class='ocrx_word' id='word_1_527' title='bbox 1448 1577 1591 1613; x_wconf 83' lang='lat' dir='ltr'><strong>quospiam</strong></span> <span class='ocrx_word' id='word_1_528' title='bbox 1604 1578 1744 1613; x_wconf 80' lang='lat' dir='ltr'><strong>adjutores</strong></span> 
     </span>
    </p>
   </div>
   <div class='ocr_carea' id='block_1_76' title="bbox 949 1623 1744 1658">
    <p class='ocr_par' dir='ltr' id='par_1_76' title="bbox 949 1623 1744 1658">
     <span class='ocr_line' id='line_1_76' title="bbox 949 1623 1744 1658; baseline -0.003 -6"><span class='ocrx_word' id='word_1_529' title='bbox 949 1626 1073 1653; x_wconf 86' lang='lat' dir='ltr'><strong>invenire</strong></span> <span class='ocrx_word' id='word_1_530' title='bbox 1093 1625 1199 1657; x_wconf 86' lang='lat' dir='ltr'><strong>liceret,</strong></span> <span class='ocrx_word' id='word_1_531' title='bbox 1225 1625 1338 1652; x_wconf 84' lang='lat' dir='ltr'><strong>haberet</strong></span> <span class='ocrx_word' id='word_1_532' title='bbox 1362 1624 1456 1658; x_wconf 87' lang='lat' dir='ltr'><strong>utique</strong></span> <span class='ocrx_word' id='word_1_533' title='bbox 1479 1624 1604 1651; x_wconf 90' lang='lat' dir='ltr'><strong>attonitis</strong></span> <span class='ocrx_word' id='word_1_534' title='bbox 1628 1623 1744 1651; x_wconf 79' lang='lat' dir='ltr'><strong>rationis</strong></span> 
     </span>
    </p>
   </div>
   <div class='ocr_carea' id='block_1_77' title="bbox 950 1670 1742 1706">
    <p class='ocr_par' dir='ltr' id='par_1_77' title="bbox 950 1670 1742 1706">
     <span class='ocr_line' id='line_1_77' title="bbox 950 1670 1742 1706; baseline -0.005 -7"><span class='ocrx_word' id='word_1_535' title='bbox 950 1671 1052 1706; x_wconf 86' lang='lat' dir='ltr'><strong>aliquid</strong></span> <span class='ocrx_word' id='word_1_536' title='bbox 1069 1679 1117 1706; x_wconf 87' lang='lat' dir='ltr'><strong>per</strong></span> <span class='ocrx_word' id='word_1_537' title='bbox 1131 1671 1222 1698; x_wconf 86' lang='lat' dir='ltr'><strong>omnia</strong></span> <span class='ocrx_word' id='word_1_538' title='bbox 1241 1670 1388 1698; x_wconf 87' lang='lat' dir='ltr'><strong>absurdum</strong></span> <span class='ocrx_word' id='word_1_539' title='bbox 1413 1670 1575 1703; x_wconf 86' lang='lat' dir='ltr'><strong>consilium;</strong></span> <span class='ocrx_word' id='word_1_540' title='bbox 1598 1675 1742 1704; x_wconf 89' lang='lat' dir='ltr'><strong>postquam</strong></span> 
     </span>
    </p>
   </div>
   <div class='ocr_carea' id='block_1_78' title="bbox 949 1714 1743 1749">
    <p class='ocr_par' dir='ltr' id='par_1_78' title="bbox 949 1714 1743 1749">
     <span class='ocr_line' id='line_1_78' title="bbox 949 1714 1743 1749; baseline -0.004 -5"><span class='ocrx_word' id='word_1_541' title='bbox 949 1725 1014 1744; x_wconf 89' lang='lat' dir='ltr'><strong>vero</strong></span> <span class='ocrx_word' id='word_1_542' title='bbox 1030 1716 1149 1744; x_wconf 81' lang='lat' dir='ltr'><strong>civitatis</strong></span> <span class='ocrx_word' id='word_1_543' title='bbox 1165 1716 1249 1743; x_wconf 87' lang='lat' dir='ltr'><strong>robur</strong></span> <span class='ocrx_word' id='word_1_544' title='bbox 1263 1716 1430 1743; x_wconf 84' lang='lat' dir='ltr'><strong>exstinctum</strong></span> <span class='ocrx_word' id='word_1_545' title='bbox 1446 1719 1498 1747; x_wconf 81' lang='lat' dir='ltr'><strong>est,</strong></span> <span class='ocrx_word' id='word_1_546' title='bbox 1516 1721 1599 1749; x_wconf 89' lang='lat' dir='ltr'><strong>utque</strong></span> <span class='ocrx_word' id='word_1_547' title='bbox 1616 1723 1665 1741; x_wconf 82' lang='lat' dir='ltr'><strong>nos</strong></span> <span class='ocrx_word' id='word_1_548' title='bbox 1692 1714 1743 1748; x_wconf 76' lang='lat' dir='ltr'><strong>ipsi</strong></span> 
     </span>
    </p>
   </div>
   <div class='ocr_carea' id='block_1_79' title="bbox 950 1754 1743 1797">
    <p class='ocr_par' dir='ltr' id='par_1_79' title="bbox 950 1754 1743 1797">
     <span class='ocr_line' id='line_1_79' title="bbox 950 1754 1743 1797; baseline -0.006 -7"><span class='ocrx_word' id='word_1_549' title='bbox 950 1772 963 1790; x_wconf 91' lang='lat' dir='ltr'><strong>a</strong></span> <span class='ocrx_word' id='word_1_550' title='bbox 989 1763 1069 1791; x_wconf 87' lang='lat' dir='ltr'><strong>nobis</strong></span> <span class='ocrx_word' id='word_1_551' title='bbox 1092 1754 1234 1797; x_wconf 75' lang='lat' dir='ltr'><strong>emergere</strong></span> <span class='ocrx_word' id='word_1_552' title='bbox 1257 1761 1406 1797; x_wconf 87' lang='lat' dir='ltr'><strong>possimus,</strong></span> <span class='ocrx_word' id='word_1_553' title='bbox 1435 1761 1603 1796; x_wconf 85' lang='lat' dir='ltr'><strong>impossibile</strong></span> <span class='ocrx_word' id='word_1_554' title='bbox 1635 1760 1743 1795; x_wconf 74' lang='lat' dir='ltr'><strong>pridem</strong></span> 
     </span>
    </p>
   </div>
   <div class='ocr_carea' id='block_1_80' title="bbox 947 1806 1745 1844">
    <p class='ocr_par' dir='ltr' id='par_1_80' title="bbox 947 1806 1745 1844">
     <span class='ocr_line' id='line_1_80' title="bbox 947 1806 1745 1844; baseline -0.004 -9"><span class='ocrx_word' id='word_1_555' title='bbox 947 1808 1100 1844; x_wconf 76' lang='lat' dir='ltr'><strong>judicatum</strong></span> <span class='ocrx_word' id='word_1_556' title='bbox 1117 1812 1173 1840; x_wconf 84' lang='lat' dir='ltr'><strong>est;</strong></span> <span class='ocrx_word' id='word_1_557' title='bbox 1201 1815 1270 1842; x_wconf 88' lang='lat' dir='ltr'><strong>quos</strong></span> <span class='ocrx_word' id='word_1_558' title='bbox 1291 1814 1358 1834; x_wconf 82' lang='lat' dir='ltr'><strong>vero</strong></span> <span class='ocrx_word' id='word_1_559' title='bbox 1374 1806 1435 1833; x_wconf 83' lang='lat' dir='ltr'><strong>belli</strong></span> <span class='ocrx_word' id='word_1_560' title='bbox 1459 1806 1538 1833; x_wconf 82' lang='lat' dir='ltr'><strong>nobis</strong></span> <span class='ocrx_word' id='word_1_561' title='bbox 1558 1806 1745 1833; x_wconf 81' lang='lat' dir='ltr'><strong>asciveramus</strong></span> 
     </span>
    </p>
   </div>
   <div class='ocr_carea' id='block_1_81' title="bbox 950 1853 1745 1887">
    <p class='ocr_par' dir='ltr' id='par_1_81' title="bbox 950 1853 1745 1887">
     <span class='ocr_line' id='line_1_81' title="bbox 950 1853 1745 1887; baseline -0.003 -6"><span class='ocrx_word' id='word_1_562' title='bbox 950 1854 1050 1887; x_wconf 61' lang='lat' dir='ltr'><strong>socias,</strong></span> <span class='ocrx_word' id='word_1_563' title='bbox 1070 1854 1088 1881; x_wconf 92' lang='lat' dir='ltr'><strong>ii</strong></span> <span class='ocrx_word' id='word_1_564' title='bbox 1107 1861 1203 1881; x_wconf 89' lang='lat' dir='ltr'><strong>omnes</strong></span> <span class='ocrx_word' id='word_1_565' title='bbox 1219 1853 1340 1880; x_wconf 91' lang='lat' dir='ltr'><strong>hostium</strong></span> <span class='ocrx_word' id='word_1_566' title='bbox 1360 1856 1528 1887; x_wconf 85' lang='lat' dir='ltr'><strong>acceperunt</strong></span> <span class='ocrx_word' id='word_1_567' title='bbox 1543 1857 1645 1886; x_wconf 86' lang='lat' dir='ltr'><strong>partes,</strong></span> <span class='ocrx_word' id='word_1_568' title='bbox 1662 1857 1745 1886; x_wconf 86' lang='lat' dir='ltr'><strong>atque</strong></span> 
     </span>
    </p>
   </div>
   <div class='ocr_carea' id='block_1_82' title="bbox 951 1899 1746 1933">
    <p class='ocr_par' dir='ltr' id='par_1_82' title="bbox 951 1899 1746 1933">
     <span class='ocr_line' id='line_1_82' title="bbox 951 1899 1746 1933; baseline -0.003 -7"><span class='ocrx_word' id='word_1_569' title='bbox 951 1900 985 1927; x_wconf 89' lang='lat' dir='ltr'><strong>ad</strong></span> <span class='ocrx_word' id='word_1_570' title='bbox 999 1908 1047 1928; x_wconf 83' lang='lat' dir='ltr'><strong>eas</strong></span> <span class='ocrx_word' id='word_1_571' title='bbox 1061 1901 1143 1928; x_wconf 90' lang='lat' dir='ltr'><strong>modo</strong></span> <span class='ocrx_word' id='word_1_572' title='bbox 1161 1899 1263 1927; x_wconf 87' lang='lat' dir='ltr'><strong>redacti</strong></span> <span class='ocrx_word' id='word_1_573' title='bbox 1282 1906 1378 1926; x_wconf 86' lang='lat' dir='ltr'><strong>sumus</strong></span> <span class='ocrx_word' id='word_1_574' title='bbox 1400 1899 1551 1933; x_wconf 79' lang='lat' dir='ltr'><strong>angustias,</strong></span> <span class='ocrx_word' id='word_1_575' title='bbox 1574 1902 1604 1925; x_wconf 84' lang='lat' dir='ltr'><strong>ut</strong></span> <span class='ocrx_word' id='word_1_576' title='bbox 1628 1905 1746 1933; x_wconf 83' lang='lat' dir='ltr'><strong>percon-</strong></span> 
     </span>
    </p>
   </div>
   <div class='ocr_carea' id='block_1_83' title="bbox 951 1944 1745 1980">
    <p class='ocr_par' dir='ltr' id='par_1_83' title="bbox 951 1944 1745 1980">
     <span class='ocr_line' id='line_1_83' title="bbox 951 1944 1745 1980; baseline -0.006 -5"><span class='ocrx_word' id='word_1_577' title='bbox 951 1952 1027 1975; x_wconf 88' lang='lat' dir='ltr'><strong>tante</strong></span> <span class='ocrx_word' id='word_1_578' title='bbox 1043 1955 1077 1974; x_wconf 84' lang='lat' dir='ltr'><strong>ex</strong></span> <span class='ocrx_word' id='word_1_579' title='bbox 1101 1946 1178 1973; x_wconf 88' lang='lat' dir='ltr'><strong>nobis</strong></span> <span class='ocrx_word' id='word_1_580' title='bbox 1200 1945 1304 1980; x_wconf 89' lang='lat' dir='ltr'><strong>aliquo,</strong></span> <span class='ocrx_word' id='word_1_581' title='bbox 1327 1952 1445 1979; x_wconf 89' lang='lat' dir='ltr'><strong>quorum</strong></span> <span class='ocrx_word' id='word_1_582' title='bbox 1466 1944 1569 1971; x_wconf 89' lang='lat' dir='ltr'><strong>domini</strong></span> <span class='ocrx_word' id='word_1_583' title='bbox 1597 1944 1694 1976; x_wconf 83' lang='lat' dir='ltr'><strong>simus,</strong></span> <span class='ocrx_word' id='word_1_584' title='bbox 1710 1951 1745 1971; x_wconf 87' lang='lat' dir='ltr'><strong>ne</strong></span> 
     </span>
    </p>
   </div>
   <div class='ocr_carea' id='block_1_84' title="bbox 951 1988 1745 2024">
    <p class='ocr_par' dir='ltr' id='par_1_84' title="bbox 951 1988 1745 2024">
     <span class='ocr_line' id='line_1_84' title="bbox 951 1988 1745 2024; baseline -0.005 -5"><span class='ocrx_word' id='word_1_585' title='bbox 951 1993 1056 2020; x_wconf 91' lang='lat' dir='ltr'><strong>nudum</strong></span> <span class='ocrx_word' id='word_1_586' title='bbox 1071 1992 1160 2019; x_wconf 87' lang='lat' dir='ltr'><strong>solum</strong></span> <span class='ocrx_word' id='word_1_587' title='bbox 1175 1991 1262 2018; x_wconf 76' lang='lat' dir='ltr'><strong>nostri</strong></span> <span class='ocrx_word' id='word_1_588' title='bbox 1277 1989 1407 2024; x_wconf 77' lang='lat' dir='ltr'><strong>deinceps</strong></span> <span class='ocrx_word' id='word_1_589' title='bbox 1419 1988 1489 2023; x_wconf 92' lang='lat' dir='ltr'><strong>juris</strong></span> <span class='ocrx_word' id='word_1_590' title='bbox 1501 1996 1562 2016; x_wconf 87' lang='lat' dir='ltr'><strong>esse</strong></span> <span class='ocrx_word' id='word_1_591' title='bbox 1577 1988 1745 2023; x_wconf 90' lang='lat' dir='ltr'><strong>respondere</strong></span> 
     </span>
    </p>
   </div>
   <div class='ocr_carea' id='block_1_85' title="bbox 951 2035 1744 2073">
    <p class='ocr_par' dir='ltr' id='par_1_85' title="bbox 951 2035 1744 2073">
     <span class='ocr_line' id='line_1_85' title="bbox 951 2035 1744 2073; baseline -0.005 -8"><span class='ocrx_word' id='word_1_592' title='bbox 951 2039 1088 2073; x_wconf 88' lang='lat' dir='ltr'><strong>possimus</strong></span> <span class='ocrx_word' id='word_1_593' title='bbox 1109 2046 1115 2064; x_wconf 88' lang='lat'><strong>:</strong></span> <span class='ocrx_word' id='word_1_594' title='bbox 1134 2044 1258 2071; x_wconf 60' lang='lat' dir='ltr'><strong>quasnam</strong></span> <span class='ocrx_word' id='word_1_595' title='bbox 1275 2035 1334 2063; x_wconf 72' lang='lat' dir='ltr'><strong>haec</strong></span> <span class='ocrx_word' id='word_1_596' title='bbox 1348 2035 1585 2070; x_wconf 77' lang='lat' dir='ltr'><strong>contentio.cujus</strong></span> <span class='ocrx_word' id='word_1_597' title='bbox 1598 2035 1664 2062; x_wconf 91' lang='lat' dir='ltr'><strong>vitio</strong></span> <span class='ocrx_word' id='word_1_598' title='bbox 1683 2042 1744 2062; x_wconf 77' lang='lat' dir='ltr'><strong>om~</strong></span> 
     </span>
    </p>
   </div>
   <div class='ocr_carea' id='block_1_86' title="bbox 951 2081 1743 2117">
    <p class='ocr_par' dir='ltr' id='par_1_86' title="bbox 951 2081 1743 2117">
     <span class='ocr_line' id='line_1_86' title="bbox 951 2081 1743 2117; baseline -0.003 -7"><span class='ocrx_word' id='word_1_599' title='bbox 951 2084 1033 2110; x_wconf 90' lang='lat' dir='ltr'><strong>nibus</strong></span> <span class='ocrx_word' id='word_1_600' title='bbox 1046 2083 1165 2113; x_wconf 88' lang='lat' dir='ltr'><strong>amissis.</strong></span> <span class='ocrx_word' id='word_1_601' title='bbox 1183 2082 1269 2117; x_wconf 87' lang='lat' dir='ltr'><strong>ipsius</strong></span> <span class='ocrx_word' id='word_1_602' title='bbox 1281 2089 1391 2117; x_wconf 87' lang='lat' dir='ltr'><strong>quoque</strong></span> <span class='ocrx_word' id='word_1_603' title='bbox 1409 2089 1482 2108; x_wconf 90' lang='lat' dir='ltr'><strong>nunc</strong></span> <span class='ocrx_word' id='word_1_604' title='bbox 1500 2081 1657 2109; x_wconf 69' lang='lat' dir='ltr'><strong>amittendae</strong></span> <span class='ocrx_word' id='word_1_605' title='bbox 1685 2081 1743 2116; x_wconf 85' lang='lat' dir='ltr'><strong>spei</strong></span> 
     </span>
    </p>
   </div>
   <div class='ocr_carea' id='block_1_87' title="bbox 950 2127 1184 2156">
    <p class='ocr_par' dir='ltr' id='par_1_87' title="bbox 950 2127 1184 2156">
     <span class='ocr_line' id='line_1_87' title="bbox 950 2127 1184 2156; baseline 0 -2"><span class='ocrx_word' id='word_1_606' title='bbox 950 2129 1038 2156; x_wconf 78' lang='lat' dir='ltr'><strong>aleam</strong></span> <span class='ocrx_word' id='word_1_607' title='bbox 1051 2127 1184 2156; x_wconf 78' lang='lat' dir='ltr'><strong>facimus?</strong></span> 
     </span>
    </p>
   </div>
   <div class='ocr_carea' id='block_1_88' title="bbox 145 2167 897 2209">
    <p class='ocr_par' dir='ltr' id='par_1_88' title="bbox 145 2167 894 2205">
     <span class='ocr_line' id='line_1_88' title="bbox 145 2167 894 2205; baseline 0.001 -9"><span class='ocrx_word' id='word_1_608' title='bbox 145 2169 180 2196; x_wconf 82' lang='grc' dir='ltr'><strong>Ἦ</strong></span> <span class='ocrx_word' id='word_1_609' title='bbox 202 2168 271 2203; x_wconf 72' lang='grc' dir='ltr'>πρὸς</span> <span class='ocrx_word' id='word_1_610' title='bbox 287 2167 337 2204; x_wconf 72' lang='grc' dir='ltr'>μὲν</span> <span class='ocrx_word' id='word_1_611' title='bbox 349 2169 414 2201; x_wconf 79' lang='grc' dir='ltr'>τοὺς</span> <span class='ocrx_word' id='word_1_612' title='bbox 427 2169 516 2201; x_wconf 79' lang='grc' dir='ltr'>δεῖνας</span> <span class='ocrx_word' id='word_1_613' title='bbox 530 2170 660 2205; x_wconf 87' lang='grc' dir='ltr'>πρέσϐεις</span> <span class='ocrx_word' id='word_1_614' title='bbox 681 2170 894 2205; x_wconf 69' lang='grc' dir='ltr'>ἁποατελοῦμεν,</span> 
     </span>
    </p>
   </div>
   <div class='ocr_carea' id='block_1_89' title="bbox 950 2167 1743 2209">
    <p class='ocr_par' dir='ltr' id='par_1_89' title="bbox 983 2173 1743 2209">
     <span class='ocr_line' id='line_1_89' title="bbox 983 2173 1743 2209; baseline -0.003 -7"><span class='ocrx_word' id='word_1_615' title='bbox 983 2175 1153 2209; x_wconf 77' lang='lat' dir='ltr'><strong>Num,rngo,</strong></span> <span class='ocrx_word' id='word_1_616' title='bbox 1184 2173 1217 2200; x_wconf 84' lang='lat' dir='ltr'><strong>ad</strong></span> <span class='ocrx_word' id='word_1_617' title='bbox 1243 2173 1364 2201; x_wconf 90' lang='lat' dir='ltr'><strong>incertos</strong></span> <span class='ocrx_word' id='word_1_618' title='bbox 1387 2173 1518 2208; x_wconf 83' lang='lat' dir='ltr'><strong>quosdam</strong></span> <span class='ocrx_word' id='word_1_619' title='bbox 1545 2173 1743 2200; x_wconf 73' lang='lat' dir='ltr'><strong>destinabimns</strong></span> 
     </span>
    </p>
   </div>
   <div class='ocr_carea' id='block_1_90' title="bbox 107 2215 897 2251">
    <p class='ocr_par' dir='ltr' id='par_1_90' title="bbox 107 2215 897 2251">
     <span class='ocr_line' id='line_1_90' title="bbox 107 2215 897 2251; baseline 0.001 -9"><span class='ocrx_word' id='word_1_620' title='bbox 107 2215 156 2242; x_wconf 77' lang='grc' dir='ltr'>καὶ</span> <span class='ocrx_word' id='word_1_621' title='bbox 173 2215 304 2249; x_wconf 82' lang='grc' dir='ltr'>χρήματα</span> <span class='ocrx_word' id='word_1_622' title='bbox 321 2215 457 2250; x_wconf 86' lang='grc' dir='ltr'>δώσομεν,</span> <span class='ocrx_word' id='word_1_623' title='bbox 475 2216 523 2242; x_wconf 78' lang='grc' dir='ltr'>καὶ</span> <span class='ocrx_word' id='word_1_624' title='bbox 542 2216 647 2251; x_wconf 85' lang='grc' dir='ltr'>γάμους</span> <span class='ocrx_word' id='word_1_625' title='bbox 673 2217 897 2251; x_wconf 76' lang='grc' dir='ltr'>ὑποσχησόμεθα,</span> 
     </span>
    </p>
   </div>
   <div class='ocr_carea' id='block_1_91' title="bbox 106 2261 899 2296">
    <p class='ocr_par' dir='ltr' id='par_1_91' title="bbox 106 2261 899 2296">
     <span class='ocr_line' id='line_1_91' title="bbox 106 2261 899 2296; baseline 0.003 -10"><span class='ocrx_word' id='word_1_626' title='bbox 106 2261 156 2287; x_wconf 74' lang='grc' dir='ltr'>καὶ</span> <span class='ocrx_word' id='word_1_627' title='bbox 175 2261 240 2292; x_wconf 83' lang='grc' dir='ltr'>τοὺς</span> <span class='ocrx_word' id='word_1_628' title='bbox 255 2261 414 2296; x_wconf 83' lang='grc' dir='ltr'>οίκοτρίϐας</span> <span class='ocrx_word' id='word_1_629' title='bbox 430 2261 477 2287; x_wconf 84' lang='grc' dir='ltr'>ἐπὶ</span> <span class='ocrx_word' id='word_1_630' title='bbox 492 2261 541 2292; x_wconf 87' lang='grc' dir='ltr'><strong>τὰς</strong></span> <span class='ocrx_word' id='word_1_631' title='bbox 565 2261 728 2296; x_wconf 77' lang='grc' dir='ltr'>ὑπερορίους</span> <span class='ocrx_word' id='word_1_632' title='bbox 753 2263 899 2296; x_wconf 77' lang='grc' dir='ltr'>στρατείας</span> 
     </span>
    </p>
   </div>
   <div class='ocr_carea' id='block_1_92' title="bbox 107 2307 898 2342">
    <p class='ocr_par' dir='ltr' id='par_1_92' title="bbox 107 2307 898 2342">
     <span class='ocr_line' id='line_1_92' title="bbox 107 2307 898 2342; baseline 0.003 -10"><span class='ocrx_word' id='word_1_633' title='bbox 107 2307 260 2341; x_wconf 83' lang='grc' dir='ltr'>κινήσομεν</span> <span class='ocrx_word' id='word_1_634' title='bbox 272 2314 280 2322; x_wconf 78' lang='grc'><strong>⁸</strong></span> <span class='ocrx_word' id='word_1_635' title='bbox 295 2307 359 2338; x_wconf 76' lang='grc' dir='ltr'>τοὺς</span> <span class='ocrx_word' id='word_1_636' title='bbox 374 2307 402 2334; x_wconf 77' lang='grc' dir='ltr'>δὲ</span> <span class='ocrx_word' id='word_1_637' title='bbox 419 2309 521 2342; x_wconf 80' lang='grc' dir='ltr'>προῖκα</span> <span class='ocrx_word' id='word_1_638' title='bbox 545 2309 702 2342; x_wconf 84' lang='grc' dir='ltr'>συμμαχεῖν</span> <span class='ocrx_word' id='word_1_639' title='bbox 717 2308 898 2342; x_wconf 75' lang='grc' dir='ltr'>βουλομένους</span> 
     </span>
    </p>
   </div>
   <div class='ocr_carea' id='block_1_93' title="bbox 105 2351 896 2389">
    <p class='ocr_par' dir='ltr' id='par_1_93' title="bbox 105 2351 896 2389">
     <span class='ocr_line' id='line_1_93' title="bbox 105 2351 896 2389; baseline 0.004 -12"><span class='ocrx_word' id='word_1_640' title='bbox 105 2351 344 2386; x_wconf 70' lang='grc' dir='ltr'>ἀποπεμψάμεθα,</span> <span class='ocrx_word' id='word_1_641' title='bbox 358 2352 388 2378; x_wconf 76' lang='grc' dir='ltr'><strong>τὺ</strong></span> <span class='ocrx_word' id='word_1_642' title='bbox 403 2353 520 2388; x_wconf 68' lang='grc' dir='ltr'>μηδενὺς</span> <span class='ocrx_word' id='word_1_643' title='bbox 533 2353 611 2387; x_wconf 78' lang='grc' dir='ltr'>ἡμῶν</span> <span class='ocrx_word' id='word_1_644' title='bbox 624 2354 729 2380; x_wconf 62' lang='lat' dir='ltr'><strong>Galatia:</strong></span> <span class='ocrx_word' id='word_1_645' title='bbox 745 2354 837 2389; x_wconf 63' lang='grc' dir='ltr'>μόνον,</span> <span class='ocrx_word' id='word_1_646' title='bbox 858 2354 896 2386; x_wconf 83' lang='grc' dir='ltr'>ὡς</span> 
     </span>
    </p>
   </div>
   <div class='ocr_carea' id='block_1_94' title="bbox 108 2396 899 2436">
    <p class='ocr_par' dir='ltr' id='par_1_94' title="bbox 108 2396 899 2436">
     <span class='ocr_line' id='line_1_94' title="bbox 108 2396 899 2436; baseline 0.006 -15"><span class='ocrx_word' id='word_1_647' title='bbox 108 2396 210 2428; x_wconf 77' lang='grc' dir='ltr'>ἔοικεν,</span> <span class='ocrx_word' id='word_1_648' title='bbox 227 2397 336 2431; x_wconf 80' lang='grc' dir='ltr'>ἔχοντες</span> <span class='ocrx_word' id='word_1_649' title='bbox 356 2398 502 2430; x_wconf 69' lang='grc' dir='ltr'>ἐγκαλεῖνν</span> <span class='ocrx_word' id='word_1_650' title='bbox 521 2399 570 2425; x_wconf 76' lang='grc' dir='ltr'>καὶ</span> <span class='ocrx_word' id='word_1_651' title='bbox 595 2400 658 2431; x_wconf 76' lang='grc' dir='ltr'>τοὺς</span> <span class='ocrx_word' id='word_1_652' title='bbox 674 2400 724 2434; x_wconf 84' lang='grc' dir='ltr'>μὲν</span> <span class='ocrx_word' id='word_1_653' title='bbox 751 2399 788 2436; x_wconf 86' lang='grc' dir='ltr'>μὴ</span> <span class='ocrx_word' id='word_1_654' title='bbox 806 2399 899 2435; x_wconf 82' lang='grc' dir='ltr'>βουλο-</span> 
     </span>
    </p>
   </div>
   <div class='ocr_carea' id='block_1_95' title="bbox 109 2443 897 2481">
    <p class='ocr_par' dir='ltr' id='par_1_95' title="bbox 109 2443 897 2481">
     <span class='ocr_line' id='line_1_95' title="bbox 109 2443 897 2481; baseline 0.008 -14"><span class='ocrx_word' id='word_1_655' title='bbox 109 2443 208 2476; x_wconf 81' lang='grc' dir='ltr'>μένους</span> <span class='ocrx_word' id='word_1_656' title='bbox 224 2444 440 2479; x_wconf 79' lang='grc' dir='ltr'>ἐπιχειρήσομεν</span> <span class='ocrx_word' id='word_1_657' title='bbox 459 2444 564 2471; x_wconf 86' lang='grc' dir='ltr'>πείθειν</span> <span class='ocrx_word' id='word_1_658' title='bbox 575 2453 583 2460; x_wconf 88' lang='grc'>·</span> <span class='ocrx_word' id='word_1_659' title='bbox 599 2446 624 2472; x_wconf 84' lang='grc' dir='ltr'><strong>εί</strong></span> <span class='ocrx_word' id='word_1_660' title='bbox 640 2445 669 2472; x_wconf 80' lang='grc' dir='ltr'><strong>δέ</strong></span> <span class='ocrx_word' id='word_1_661' title='bbox 686 2455 727 2477; x_wconf 89' lang='grc' dir='ltr'><strong>τις</strong></span> <span class='ocrx_word' id='word_1_662' title='bbox 742 2447 897 2481; x_wconf 84' lang='grc' dir='ltr'>αὐτόματος</span> 
     </span>
    </p>
   </div>
   <div class='ocr_carea' id='block_1_96' title="bbox 106 2486 898 2527">
    <p class='ocr_par' dir='ltr' id='par_1_96' title="bbox 106 2486 898 2527">
     <span class='ocr_line' id='line_1_96' title="bbox 106 2486 898 2527; baseline 0.006 -13"><span class='ocrx_word' id='word_1_663' title='bbox 106 2486 180 2524; x_wconf 83' lang='grc' dir='ltr'>ἧκε,</span> <span class='ocrx_word' id='word_1_664' title='bbox 207 2491 474 2524; x_wconf 79' lang='grc' dir='ltr'>καταφρονήσομεν·</span> <span class='ocrx_word' id='word_1_665' title='bbox 503 2491 551 2517; x_wconf 75' lang='grc' dir='ltr'>καὶ</span> <span class='ocrx_word' id='word_1_666' title='bbox 576 2491 615 2525; x_wconf 84' lang='grc' dir='ltr'>μὴ</span> <span class='ocrx_word' id='word_1_667' title='bbox 644 2492 825 2525; x_wconf 82' lang='grc' dir='ltr'>φαινομένους</span> <span class='ocrx_word' id='word_1_668' title='bbox 849 2493 898 2527; x_wconf 78' lang='grc' dir='ltr'>μὲν</span> 
     </span>
    </p>
   </div>
   <div class='ocr_carea' id='block_1_97' title="bbox 107 2534 898 2573">
    <p class='ocr_par' dir='ltr' id='par_1_97' title="bbox 107 2534 898 2573">
     <span class='ocr_line' id='line_1_97' title="bbox 107 2534 898 2573; baseline 0.006 -13"><span class='ocrx_word' id='word_1_669' title='bbox 107 2534 172 2565; x_wconf 74' lang='grc' dir='ltr'>τοὺς</span> <span class='ocrx_word' id='word_1_670' title='bbox 195 2535 358 2569; x_wconf 85' lang='grc' dir='ltr'>συμμάχους</span> <span class='ocrx_word' id='word_1_671' title='bbox 372 2535 538 2571; x_wconf 82' lang='grc' dir='ltr'>ποθήσομεν,</span> <span class='ocrx_word' id='word_1_672' title='bbox 556 2537 696 2571; x_wconf 78' lang='grc' dir='ltr'>φανέντων</span> <span class='ocrx_word' id='word_1_673' title='bbox 711 2537 739 2564; x_wconf 78' lang='grc' dir='ltr'>δὲ</span> <span class='ocrx_word' id='word_1_674' title='bbox 763 2538 898 2573; x_wconf 85' lang='grc' dir='ltr'>ἀμελήσο-</span> 
     </span>
    </p>
   </div>
   <div class='ocr_carea' id='block_1_98' title="bbox 108 2581 898 2616">
    <p class='ocr_par' dir='ltr' id='par_1_98' title="bbox 108 2581 898 2616">
     <span class='ocr_line' id='line_1_98' title="bbox 108 2581 898 2616; baseline 0.005 -10"><span class='ocrx_word' id='word_1_675' title='bbox 108 2589 161 2615; x_wconf 90' lang='grc' dir='ltr'><strong>μεν</strong></span> <span class='ocrx_word' id='word_1_676' title='bbox 173 2589 181 2596; x_wconf 85' lang='grc'>·</span> <span class='ocrx_word' id='word_1_677' title='bbox 206 2581 254 2608; x_wconf 80' lang='grc' dir='ltr'>καὶ</span> <span class='ocrx_word' id='word_1_678' title='bbox 270 2581 324 2607; x_wconf 82' lang='grc' dir='ltr'>τῶν</span> <span class='ocrx_word' id='word_1_679' title='bbox 340 2581 391 2616; x_wconf 74' lang='grc' dir='ltr'>μὲν</span> <span class='ocrx_word' id='word_1_680' title='bbox 412 2581 542 2609; x_wconf 76' lang='grc' dir='ltr'>κινδύνων</span> <span class='ocrx_word' id='word_1_681' title='bbox 565 2583 739 2616; x_wconf 80' lang='grc' dir='ltr'>ἐφεστώτων,</span> <span class='ocrx_word' id='word_1_682' title='bbox 755 2582 811 2610; x_wconf 80' lang='grc' dir='ltr'>θεοί</span> <span class='ocrx_word' id='word_1_683' title='bbox 825 2592 898 2615; x_wconf 87' lang='grc' dir='ltr'>τινες</span> 
     </span>
    </p>
   </div>
   <div class='ocr_carea' id='block_1_99' title="bbox 106 2624 898 2663">
    <p class='ocr_par' dir='ltr' id='par_1_99' title="bbox 106 2624 898 2663">
     <span class='ocr_line' id='line_1_99' title="bbox 106 2624 898 2663; baseline 0.006 -11"><span class='ocrx_word' id='word_1_684' title='bbox 106 2624 181 2653; x_wconf 72' lang='grc' dir='ltr'>εἶναι</span> <span class='ocrx_word' id='word_1_685' title='bbox 194 2626 319 2662; x_wconf 75' lang='grc' dir='ltr'>δόξομεν,</span> <span class='ocrx_word' id='word_1_686' title='bbox 334 2628 384 2654; x_wconf 77' lang='grc' dir='ltr'>καὶ</span> <span class='ocrx_word' id='word_1_687' title='bbox 395 2627 446 2663; x_wconf 76' lang='grc' dir='ltr'>τὴν</span> <span class='ocrx_word' id='word_1_688' title='bbox 462 2628 589 2663; x_wconf 80' lang='grc' dir='ltr'>εὐτυχίαν</span> <span class='ocrx_word' id='word_1_689' title='bbox 614 2629 680 2662; x_wconf 79' lang='grc' dir='ltr'>ἡμῖν</span> <span class='ocrx_word' id='word_1_690' title='bbox 698 2629 832 2657; x_wconf 80' lang='grc' dir='ltr'>ἀθάνατον</span> <span class='ocrx_word' id='word_1_691' title='bbox 849 2639 898 2657; x_wconf 84' lang='grc' dir='ltr'>πε-</span> 
     </span>
    </p>
   </div>
   <div class='ocr_carea' id='block_1_100' title="bbox 107 2672 896 2710">
    <p class='ocr_par' dir='ltr' id='par_1_100' title="bbox 107 2672 896 2710">
     <span class='ocr_line' id='line_1_100' title="bbox 107 2672 896 2710; baseline 0.005 -11"><span class='ocrx_word' id='word_1_692' title='bbox 107 2672 249 2708; x_wconf 82' lang='grc' dir='ltr'>πηγέναι;</span> <span class='ocrx_word' id='word_1_693' title='bbox 267 2673 365 2700; x_wconf 78' lang='grc' dir='ltr'>Καίτοι</span> <span class='ocrx_word' id='word_1_694' title='bbox 384 2673 408 2700; x_wconf 84' lang='grc' dir='ltr'><strong>εί</strong></span> <span class='ocrx_word' id='word_1_695' title='bbox 437 2673 488 2708; x_wconf 78' lang='grc' dir='ltr'>μὲν</span> <span class='ocrx_word' id='word_1_696' title='bbox 515 2674 600 2709; x_wconf 80' lang='grc' dir='ltr'>μηδὲν</span> <span class='ocrx_word' id='word_1_697' title='bbox 627 2675 684 2701; x_wconf 80' lang='grc' dir='ltr'>ἐστι</span> <span class='ocrx_word' id='word_1_698' title='bbox 711 2676 896 2710; x_wconf 76' lang='grc' dir='ltr'>προσδοκῆσαι</span> 
     </span>
    </p>
   </div>
   <div class='ocr_carea' id='block_1_101' title="bbox 106 2718 896 2756">
    <p class='ocr_par' dir='ltr' id='par_1_101' title="bbox 106 2718 896 2756">
     <span class='ocr_line' id='line_1_101' title="bbox 106 2718 896 2756; baseline 0.005 -12"><span class='ocrx_word' id='word_1_699' title='bbox 106 2718 176 2751; x_wconf 83' lang='grc' dir='ltr'>παρ’</span> <span class='ocrx_word' id='word_1_700' title='bbox 190 2718 283 2744; x_wconf 81' lang='grc' dir='ltr'>αὐτῶν</span> <span class='ocrx_word' id='word_1_701' title='bbox 298 2719 442 2755; x_wconf 76' lang='grc' dir='ltr'>βλαϐερὸν,</span> <span class='ocrx_word' id='word_1_702' title='bbox 461 2719 519 2750; x_wconf 86' lang='grc' dir='ltr'>πῶς</span> <span class='ocrx_word' id='word_1_703' title='bbox 535 2721 565 2746; x_wconf 87' lang='grc' dir='ltr'>οὐ</span> <span class='ocrx_word' id='word_1_704' title='bbox 582 2721 658 2756; x_wconf 82' lang='grc' dir='ltr'>παρὰ</span> <span class='ocrx_word' id='word_1_705' title='bbox 676 2721 772 2755; x_wconf 84' lang='grc' dir='ltr'>καιρὸν</span> <span class='ocrx_word' id='word_1_706' title='bbox 786 2722 852 2756; x_wconf 81' lang='grc' dir='ltr'>ἡμῖν</span> <span class='ocrx_word' id='word_1_707' title='bbox 868 2722 896 2748; x_wconf 80' lang='grc' dir='ltr'>τὸ</span> 
     </span>
    </p>
   </div>
   <div class='ocr_carea' id='block_1_102' title="bbox 105 2763 896 2802">
    <p class='ocr_par' dir='ltr' id='par_1_102' title="bbox 105 2763 896 2802">
     <span class='ocr_line' id='line_1_102' title="bbox 105 2763 896 2802; baseline 0.005 -13"><span class='ocrx_word' id='word_1_708' title='bbox 105 2763 306 2797; x_wconf 74' lang='grc' dir='ltr'>βουλεύεσθαις</span> <span class='ocrx_word' id='word_1_709' title='bbox 322 2765 346 2791; x_wconf 85' lang='grc' dir='ltr'><strong>εί</strong></span> <span class='ocrx_word' id='word_1_710' title='bbox 359 2764 383 2791; x_wconf 82' lang='grc' dir='ltr'>δ’</span> <span class='ocrx_word' id='word_1_711' title='bbox 405 2765 507 2800; x_wconf 80' lang='grc' dir='ltr'>ὑποψία</span> <span class='ocrx_word' id='word_1_712' title='bbox 534 2766 629 2792; x_wconf 84' lang='grc' dir='ltr'>κακῶν</span> <span class='ocrx_word' id='word_1_713' title='bbox 651 2766 698 2792; x_wconf 69' lang='grc' dir='ltr'><strong>ἐπὶ</strong></span> <span class='ocrx_word' id='word_1_714' title='bbox 725 2766 799 2792; x_wconf 81' lang='grc' dir='ltr'>τοῦθ’</span> <span class='ocrx_word' id='word_1_715' title='bbox 822 2767 896 2802; x_wconf 79' lang='grc' dir='ltr'>ἡμᾶς</span> 
     </span>
    </p>
   </div>
   <div class='ocr_carea' id='block_1_103' title="bbox 105 2809 894 2847">
    <p class='ocr_par' dir='ltr' id='par_1_103' title="bbox 105 2809 894 2847">
     <span class='ocr_line' id='line_1_103' title="bbox 105 2809 894 2847; baseline 0.006 -12"><span class='ocrx_word' id='word_1_716' title='bbox 105 2809 183 2844; x_wconf 67' lang='grc' dir='ltr'>ἄγει,</span> <span class='ocrx_word' id='word_1_717' title='bbox 198 2810 304 2838; x_wconf 70' lang='grc' dir='ltr'>εἰπάτω</span> <span class='ocrx_word' id='word_1_718' title='bbox 321 2819 365 2845; x_wconf 80' lang='grc' dir='ltr'><strong>τις</strong></span> <span class='ocrx_word' id='word_1_719' title='bbox 388 2811 417 2838; x_wconf 79' lang='grc' dir='ltr'>τὸ</span> <span class='ocrx_word' id='word_1_720' title='bbox 435 2811 505 2844; x_wconf 78' lang='grc' dir='ltr'>δέος,</span> <span class='ocrx_word' id='word_1_721' title='bbox 520 2811 555 2838; x_wconf 77' lang='grc' dir='ltr'>δι’</span> <span class='ocrx_word' id='word_1_722' title='bbox 571 2811 585 2839; x_wconf 73' lang='grc' dir='ltr'><em>ὃ</em></span> <span class='ocrx_word' id='word_1_723' title='bbox 603 2812 699 2840; x_wconf 74' lang='grc' dir='ltr'>παθεῖν</span> <span class='ocrx_word' id='word_1_724' title='bbox 713 2812 743 2839; x_wconf 82' lang='grc' dir='ltr'>οὐ</span> <span class='ocrx_word' id='word_1_725' title='bbox 763 2813 894 2847; x_wconf 77' lang='grc' dir='ltr'>δέδοικεν,</span> 
     </span>
    </p>
   </div>
   <div class='ocr_carea' id='block_1_104' title="bbox 951 2218 1743 2255">
    <p class='ocr_par' dir='ltr' id='par_1_104' title="bbox 951 2218 1743 2255">
     <span class='ocr_line' id='line_1_104' title="bbox 951 2218 1743 2255; baseline -0.003 -8"><span class='ocrx_word' id='word_1_726' title='bbox 951 2221 1065 2255; x_wconf 83' lang='lat' dir='ltr'><strong>legatos,</strong></span> <span class='ocrx_word' id='word_1_727' title='bbox 1084 2219 1266 2254; x_wconf 87' lang='lat' dir='ltr'><strong>dabimusque</strong></span> <span class='ocrx_word' id='word_1_728' title='bbox 1292 2219 1433 2254; x_wconf 87' lang='lat' dir='ltr'><strong>pecunias,</strong></span> <span class='ocrx_word' id='word_1_729' title='bbox 1449 2227 1482 2246; x_wconf 84' lang='lat' dir='ltr'><strong>ac</strong></span> <span class='ocrx_word' id='word_1_730' title='bbox 1500 2219 1609 2254; x_wconf 87' lang='lat' dir='ltr'><strong>nuptias</strong></span> <span class='ocrx_word' id='word_1_731' title='bbox 1629 2218 1743 2253; x_wconf 86' lang='lat' dir='ltr'><strong>proruit-</strong></span> 
     </span>
    </p>
   </div>
   <div class='ocr_carea' id='block_1_105' title="bbox 952 2264 1744 2299">
    <p class='ocr_par' dir='ltr' id='par_1_105' title="bbox 952 2264 1744 2299">
     <span class='ocr_line' id='line_1_105' title="bbox 952 2264 1744 2299; baseline -0.001 -7"><span class='ocrx_word' id='word_1_732' title='bbox 952 2271 1050 2299; x_wconf 79' lang='lat' dir='ltr'><strong>teinus,</strong></span> <span class='ocrx_word' id='word_1_733' title='bbox 1068 2265 1248 2298; x_wconf 81' lang='lat' dir='ltr'><strong>hominesque</strong></span> <span class='ocrx_word' id='word_1_734' title='bbox 1273 2264 1344 2291; x_wconf 92' lang='lat' dir='ltr'><strong>domi</strong></span> <span class='ocrx_word' id='word_1_735' title='bbox 1371 2268 1505 2297; x_wconf 79' lang='lat' dir='ltr'><strong>aSsuetos,</strong></span> <span class='ocrx_word' id='word_1_736' title='bbox 1524 2264 1556 2291; x_wconf 88' lang='lat' dir='ltr'><strong>ad</strong></span> <span class='ocrx_word' id='word_1_737' title='bbox 1585 2264 1744 2299; x_wconf 83' lang='lat' dir='ltr'><strong>peregrinas</strong></span> 
     </span>
    </p>
   </div>
   <div class='ocr_carea' id='block_1_106' title="bbox 949 2309 1743 2345">
    <p class='ocr_par' dir='ltr' id='par_1_106' title="bbox 949 2309 1743 2345">
     <span class='ocr_line' id='line_1_106' title="bbox 949 2309 1743 2345; baseline -0.003 -8"><span class='ocrx_word' id='word_1_738' title='bbox 949 2316 1079 2345; x_wconf 81' lang='lat' dir='ltr'><strong>extraque</strong></span> <span class='ocrx_word' id='word_1_739' title='bbox 1104 2309 1274 2344; x_wconf 83' lang='lat' dir='ltr'><strong>provinciam</strong></span> <span class='ocrx_word' id='word_1_740' title='bbox 1298 2310 1487 2344; x_wconf 80' lang='lat' dir='ltr'><strong>expeditiones</strong></span> <span class='ocrx_word' id='word_1_741' title='bbox 1515 2309 1743 2344; x_wconf 83' lang='lat' dir='ltr'><strong>provocabitnus;</strong></span> 
     </span>
    </p>
   </div>
   <div class='ocr_carea' id='block_1_107' title="bbox 949 2354 1743 2390">
    <p class='ocr_par' dir='ltr' id='par_1_107' title="bbox 949 2354 1743 2390">
     <span class='ocr_line' id='line_1_107' title="bbox 949 2354 1743 2390; baseline -0.004 -7"><span class='ocrx_word' id='word_1_742' title='bbox 949 2363 997 2383; x_wconf 89' lang='lat' dir='ltr'><strong>eos</strong></span> <span class='ocrx_word' id='word_1_743' title='bbox 1022 2360 1113 2382; x_wconf 88' lang='lat' dir='ltr'><strong>autem</strong></span> <span class='ocrx_word' id='word_1_744' title='bbox 1138 2355 1185 2390; x_wconf 93' lang='lat' dir='ltr'><strong>qui</strong></span> <span class='ocrx_word' id='word_1_745' title='bbox 1213 2362 1241 2382; x_wconf 87' lang='lat' dir='ltr'><strong>se</strong></span> <span class='ocrx_word' id='word_1_746' title='bbox 1266 2354 1352 2389; x_wconf 76' lang='lat' dir='ltr'><strong>gratis</strong></span> <span class='ocrx_word' id='word_1_747' title='bbox 1367 2355 1394 2382; x_wconf 93' lang='lat' dir='ltr'><strong>in</strong></span> <span class='ocrx_word' id='word_1_748' title='bbox 1411 2355 1502 2384; x_wconf 85' lang='lat' dir='ltr'><strong>socios</strong></span> <span class='ocrx_word' id='word_1_749' title='bbox 1527 2354 1589 2381; x_wconf 87' lang='lat' dir='ltr'><strong>belli</strong></span> <span class='ocrx_word' id='word_1_750' title='bbox 1610 2354 1743 2387; x_wconf 81' lang='lat' dir='ltr'><strong>oll‘erunt,</strong></span> 
     </span>
    </p>
   </div>
   <div class='ocr_carea' id='block_1_108' title="bbox 950 2402 1740 2437">
    <p class='ocr_par' dir='ltr' id='par_1_108' title="bbox 950 2402 1740 2437">
     <span class='ocr_line' id='line_1_108' title="bbox 950 2402 1740 2437; baseline -0.003 -8"><span class='ocrx_word' id='word_1_751' title='bbox 950 2403 1122 2437; x_wconf 86' lang='lat' dir='ltr'><strong>repellemus,</strong></span> <span class='ocrx_word' id='word_1_752' title='bbox 1136 2410 1220 2429; x_wconf 93' lang='lat' dir='ltr'><strong>unum</strong></span> <span class='ocrx_word' id='word_1_753' title='bbox 1235 2402 1296 2434; x_wconf 88' lang='lat' dir='ltr'><strong>hoc,</strong></span> <span class='ocrx_word' id='word_1_754' title='bbox 1311 2406 1388 2436; x_wconf 84' lang='lat' dir='ltr'><strong>puto,</strong></span> <span class='ocrx_word' id='word_1_755' title='bbox 1402 2402 1456 2428; x_wconf 85' lang='lat' dir='ltr'><strong>illis</strong></span> <span class='ocrx_word' id='word_1_756' title='bbox 1471 2402 1604 2428; x_wconf 88' lang='lat' dir='ltr'><strong>habentes</strong></span> <span class='ocrx_word' id='word_1_757' title='bbox 1620 2402 1740 2428; x_wconf 88' lang='lat' dir='ltr'><strong>dandum</strong></span> 
     </span>
    </p>
   </div>
   <div class='ocr_carea' id='block_1_109' title="bbox 948 2447 1744 2482">
    <p class='ocr_par' dir='ltr' id='par_1_109' title="bbox 948 2447 1744 2482">
     <span class='ocr_line' id='line_1_109' title="bbox 948 2447 1744 2482; baseline 0 -7"><span class='ocrx_word' id='word_1_758' title='bbox 948 2447 1069 2480; x_wconf 87' lang='lat' dir='ltr'><strong>crimini,</strong></span> <span class='ocrx_word' id='word_1_759' title='bbox 1089 2449 1162 2482; x_wconf 85' lang='lat' dir='ltr'><strong>quod</strong></span> <span class='ocrx_word' id='word_1_760' title='bbox 1181 2447 1263 2474; x_wconf 86' lang='lat' dir='ltr'><strong>nullis</strong></span> <span class='ocrx_word' id='word_1_761' title='bbox 1281 2447 1382 2474; x_wconf 89' lang='lat' dir='ltr'><strong>nostris</strong></span> <span class='ocrx_word' id='word_1_762' title='bbox 1397 2447 1554 2482; x_wconf 73' lang='lat' dir='ltr'><strong>indigeant?</strong></span> <span class='ocrx_word' id='word_1_763' title='bbox 1571 2455 1602 2475; x_wconf 87' lang='lat' dir='ltr'><strong>ac</strong></span> <span class='ocrx_word' id='word_1_764' title='bbox 1618 2447 1744 2475; x_wconf 87' lang='lat' dir='ltr'><strong>nolentes</strong></span> 
     </span>
    </p>
   </div>
   <div class='ocr_carea' id='block_1_110' title="bbox 949 2493 1743 2528">
    <p class='ocr_par' dir='ltr' id='par_1_110' title="bbox 949 2493 1743 2528">
     <span class='ocr_line' id='line_1_110' title="bbox 949 2493 1743 2528; baseline 0 -8"><span class='ocrx_word' id='word_1_765' title='bbox 949 2493 1070 2528; x_wconf 86' lang='lat' dir='ltr'><strong>quidem,</strong></span> <span class='ocrx_word' id='word_1_766' title='bbox 1088 2493 1228 2520; x_wconf 83' lang='lat' dir='ltr'><strong>inﬂectere</strong></span> <span class='ocrx_word' id='word_1_767' title='bbox 1243 2493 1422 2526; x_wconf 86' lang='lat' dir='ltr'><strong>conabimur;</strong></span> <span class='ocrx_word' id='word_1_768' title='bbox 1446 2493 1533 2528; x_wconf 79' lang='lat' dir='ltr'><strong>siquis</strong></span> <span class='ocrx_word' id='word_1_769' title='bbox 1557 2500 1649 2521; x_wconf 87' lang='lat' dir='ltr'><strong>autem</strong></span> <span class='ocrx_word' id='word_1_770' title='bbox 1670 2493 1743 2520; x_wconf 88' lang='lat' dir='ltr'><strong>ultro</strong></span> 
     </span>
    </p>
   </div>
   <div class='ocr_carea' id='block_1_111' title="bbox 948 2539 1742 2574">
    <p class='ocr_par' dir='ltr' id='par_1_111' title="bbox 948 2539 1742 2574">
     <span class='ocr_line' id='line_1_111' title="bbox 948 2539 1742 2574; baseline 0 -9"><span class='ocrx_word' id='word_1_771' title='bbox 948 2540 1050 2571; x_wconf 87' lang='lat' dir='ltr'><strong>veniat,</strong></span> <span class='ocrx_word' id='word_1_772' title='bbox 1066 2544 1294 2572; x_wconf 87' lang='lat' dir='ltr'><strong>contemnemus;</strong></span> <span class='ocrx_word' id='word_1_773' title='bbox 1311 2547 1343 2567; x_wconf 90' lang='lat' dir='ltr'><strong>ac</strong></span> <span class='ocrx_word' id='word_1_774' title='bbox 1358 2539 1448 2567; x_wconf 87' lang='lat' dir='ltr'><strong>socios</strong></span> <span class='ocrx_word' id='word_1_775' title='bbox 1465 2539 1575 2574; x_wconf 88' lang='lat' dir='ltr'><strong>quidem</strong></span> <span class='ocrx_word' id='word_1_776' title='bbox 1591 2547 1653 2566; x_wconf 93' lang='lat' dir='ltr'><strong>cum</strong></span> <span class='ocrx_word' id='word_1_777' title='bbox 1675 2547 1742 2566; x_wconf 90' lang='lat' dir='ltr'><strong>nus-</strong></span> 
     </span>
    </p>
   </div>
   <div class='ocr_carea' id='block_1_112' title="bbox 948 2584 1743 2620">
    <p class='ocr_par' dir='ltr' id='par_1_112' title="bbox 948 2584 1743 2620">
     <span class='ocr_line' id='line_1_112' title="bbox 948 2584 1743 2620; baseline 0 -10"><span class='ocrx_word' id='word_1_778' title='bbox 948 2591 1028 2618; x_wconf 89' lang='lat' dir='ltr'><strong>quam</strong></span> <span class='ocrx_word' id='word_1_779' title='bbox 1054 2588 1195 2619; x_wconf 83' lang='lat' dir='ltr'><strong>apparent,</strong></span> <span class='ocrx_word' id='word_1_780' title='bbox 1223 2584 1459 2618; x_wconf 79' lang='lat' dir='ltr'><strong>desiderabimus;</strong></span> <span class='ocrx_word' id='word_1_781' title='bbox 1485 2589 1649 2620; x_wconf 86' lang='lat' dir='ltr'><strong>apparentes</strong></span> <span class='ocrx_word' id='word_1_782' title='bbox 1676 2592 1743 2610; x_wconf 90' lang='lat' dir='ltr'><strong>vero</strong></span> 
     </span>
    </p>
   </div>
   <div class='ocr_carea' id='block_1_113' title="bbox 948 2628 1743 2665">
    <p class='ocr_par' dir='ltr' id='par_1_113' title="bbox 948 2628 1743 2665">
     <span class='ocr_line' id='line_1_113' title="bbox 948 2628 1743 2665; baseline 0 -10"><span class='ocrx_word' id='word_1_783' title='bbox 948 2636 980 2656; x_wconf 85' lang='lat' dir='ltr'><strong>ac</strong></span> <span class='ocrx_word' id='word_1_784' title='bbox 995 2636 1056 2655; x_wconf 89' lang='lat' dir='ltr'><strong>cum</strong></span> <span class='ocrx_word' id='word_1_785' title='bbox 1074 2629 1209 2660; x_wconf 78' lang='lat' dir='ltr'><strong>videmus,</strong></span> <span class='ocrx_word' id='word_1_786' title='bbox 1226 2630 1410 2665; x_wconf 73' lang='lat' dir='ltr'><strong>negligemus;</strong></span> <span class='ocrx_word' id='word_1_787' title='bbox 1433 2630 1642 2656; x_wconf 84' lang='lat' dir='ltr'><strong>imminentibus</strong></span> <span class='ocrx_word' id='word_1_788' title='bbox 1665 2628 1743 2655; x_wconf 88' lang='lat' dir='ltr'><strong>deni-</strong></span> 
     </span>
    </p>
   </div>
   <div class='ocr_carea' id='block_1_114' title="bbox 948 2675 1742 2710">
    <p class='ocr_par' dir='ltr' id='par_1_114' title="bbox 948 2675 1742 2710">
     <span class='ocr_line' id='line_1_114' title="bbox 948 2675 1742 2710; baseline -0.001 -8"><span class='ocrx_word' id='word_1_789' title='bbox 948 2683 1002 2709; x_wconf 88' lang='lat' dir='ltr'><strong>que</strong></span> <span class='ocrx_word' id='word_1_790' title='bbox 1019 2676 1158 2710; x_wconf 82' lang='lat' dir='ltr'><strong>periculis,</strong></span> <span class='ocrx_word' id='word_1_791' title='bbox 1175 2676 1212 2703; x_wconf 90' lang='lat' dir='ltr'><strong>dii</strong></span> <span class='ocrx_word' id='word_1_792' title='bbox 1227 2676 1338 2710; x_wconf 85' lang='lat' dir='ltr'><strong>quidam</strong></span> <span class='ocrx_word' id='word_1_793' title='bbox 1359 2677 1439 2704; x_wconf 84' lang='lat' dir='ltr'><strong>nobis</strong></span> <span class='ocrx_word' id='word_1_794' title='bbox 1458 2676 1624 2706; x_wconf 81' lang='lat' dir='ltr'><strong>videbimur,</strong></span> <span class='ocrx_word' id='word_1_795' title='bbox 1645 2675 1742 2702; x_wconf 78' lang='lat' dir='ltr'><strong>ﬁxam-</strong></span> 
     </span>
    </p>
   </div>
   <div class='ocr_carea' id='block_1_115' title="bbox 947 2720 1741 2758">
    <p class='ocr_par' dir='ltr' id='par_1_115' title="bbox 947 2720 1741 2758">
     <span class='ocr_line' id='line_1_115' title="bbox 947 2720 1741 2758; baseline -0.004 -9"><span class='ocrx_word' id='word_1_796' title='bbox 947 2729 1002 2758; x_wconf 85' lang='lat' dir='ltr'><strong>que</strong></span> <span class='ocrx_word' id='word_1_797' title='bbox 1042 2722 1122 2749; x_wconf 89' lang='lat' dir='ltr'><strong>nobis</strong></span> <span class='ocrx_word' id='word_1_798' title='bbox 1160 2722 1341 2750; x_wconf 88' lang='lat' dir='ltr'><strong>immorta&#39;em</strong></span> <span class='ocrx_word' id='word_1_799' title='bbox 1372 2722 1530 2750; x_wconf 80' lang='lat' dir='ltr'><strong>felicitatem</strong></span> <span class='ocrx_word' id='word_1_800' title='bbox 1565 2720 1741 2757; x_wconf 77' lang='lat' dir='ltr'><strong>putabimus?</strong></span> 
     </span>
    </p>
   </div>
   <div class='ocr_carea' id='block_1_116' title="bbox 947 2766 1740 2802">
    <p class='ocr_par' dir='ltr' id='par_1_116' title="bbox 947 2766 1740 2802">
     <span class='ocr_line' id='line_1_116' title="bbox 947 2766 1740 2802; baseline -0.004 -7"><span class='ocrx_word' id='word_1_801' title='bbox 947 2767 1040 2802; x_wconf 82' lang='lat' dir='ltr'><strong>Atqui,</strong></span> <span class='ocrx_word' id='word_1_802' title='bbox 1065 2772 1095 2795; x_wconf 88' lang='lat' dir='ltr'><strong>ut</strong></span> <span class='ocrx_word' id='word_1_803' title='bbox 1123 2768 1234 2802; x_wconf 88' lang='lat' dir='ltr'><strong>quidem</strong></span> <span class='ocrx_word' id='word_1_804' title='bbox 1261 2768 1327 2795; x_wconf 86' lang='lat' dir='ltr'><strong>nihil</strong></span> <span class='ocrx_word' id='word_1_805' title='bbox 1356 2768 1388 2795; x_wconf 83' lang='lat' dir='ltr'><strong>ab</strong></span> <span class='ocrx_word' id='word_1_806' title='bbox 1416 2768 1457 2795; x_wconf 86' lang='lat' dir='ltr'><strong>eis</strong></span> <span class='ocrx_word' id='word_1_807' title='bbox 1481 2767 1545 2794; x_wconf 86' lang='lat' dir='ltr'><strong>mali</strong></span> <span class='ocrx_word' id='word_1_808' title='bbox 1576 2774 1608 2793; x_wconf 83' lang='lat' dir='ltr'><strong>ac</strong></span> <span class='ocrx_word' id='word_1_809' title='bbox 1632 2766 1740 2802; x_wconf 68' lang='lat' dir='ltr'><strong>injurire</strong></span> 
     </span>
    </p>
   </div>
   <div class='ocr_carea' id='block_1_117' title="bbox 947 2810 1738 2849">
    <p class='ocr_par' dir='ltr' id='par_1_117' title="bbox 947 2810 1738 2849">
     <span class='ocr_line' id='line_1_117' title="bbox 947 2810 1738 2849; baseline -0.005 -7"><span class='ocrx_word' id='word_1_810' title='bbox 947 2814 1161 2848; x_wconf 75' lang='lat' dir='ltr'><strong>exspectandum</strong></span> <span class='ocrx_word' id='word_1_811' title='bbox 1178 2815 1223 2846; x_wconf 86' lang='lat' dir='ltr'><strong>slt,</strong></span> <span class='ocrx_word' id='word_1_812' title='bbox 1244 2812 1382 2849; x_wconf 90' lang='lat' dir='ltr'><strong>quomodo</strong></span> <span class='ocrx_word' id='word_1_813' title='bbox 1400 2821 1453 2841; x_wconf 92' lang='lat' dir='ltr'><strong>non</strong></span> <span class='ocrx_word' id='word_1_814' title='bbox 1480 2813 1635 2848; x_wconf 87' lang='lat' dir='ltr'><strong>importuna</strong></span> <span class='ocrx_word' id='word_1_815' title='bbox 1658 2810 1738 2839; x_wconf 88' lang='lat' dir='ltr'><strong>nobis</strong></span> 
     </span>
    </p>
   </div>
  </div>
