1942 3090
180 160 231 190 971

816 154 1004 186 ΒΕΜΕΤΧΗΙ
1026 155 1180 187 CYDONlI

1757 157 1810 189 972

180 218 299 245 debeant
326 216 403 243 adire
421 215 554 250 pericula.
573 213 626 242 Sed
643 217 671 241 et
697 213 761 246 alia,
777 218 806 240 ut
827 212 891 248 quis
907 211 970 238 dili-

1029 212 1117 248 ῖχεδδν
1131 212 1300 241 ταῦτ’ἐστίν.
1322 213 1398 240 Ἐστι
1425 213 1454 240 δὲ
1469 213 1516 241 καὶ
1532 213 1599 242 ἄλλα
1615 213 1669 241 τῶν
1693 214 1808 250 ἀκριϐέι

181 263 292 298 gentius
304 261 433 288 adhibeat
447 261 581 291 animum,
603 259 690 294 possit
711 259 813 286 dicere.
829 257 968 291 Quosnam

182 309 267 344 igitur
283 307 364 335 nobis
377 307 443 334 tales
466 307 590 334 subsidio
606 305 801 333 acccrsemus?
817 303 968 337 Quasnam,

181 355 306 381 omnium
326 358 374 381 aut
401 353 522 387 plurium
549 359 615 387 ergo
641 352 754 379 idoneos
782 349 969 384 antagonistas

181 401 392 436 repntabimus?
420 400 590 433 Quibusnam
620 398 683 426 freti
707 404 758 425 nos
780 397 854 432 ipsos
869 395 968 423 crede-

181 448 264 475 mus?
290 448 318 475 Si
346 447 457 482 quidem
485 446 558 473 enim
587 445 613 471 vi
645 443 831 472 calamitatum
846 441 970 477 perculsi

181 494 296 521 omnino
309 492 462 520 defecimus
483 491 592 523 animis,
611 490 680 518 alios
695 496 810 524 prorsus
830 491 971 521 exspectat

182 546 299 575 tempus,
313 540 397 574 inque
425 537 549 565 ordinem
573 536 653 564 nobis
677 543 829 571 congruum
847 538 926 563 vocat
939 541 971 562 ac

183 588 267 620 cogit.
286 586 368 613 Forte
381 584 480 619 aliquis
495 583 615 619 Scythas
628 582 712 615 dicat,
728 582 774 617 qui
792 589 842 608 nec
853 581 971 615 amplius

184 633 359 664 consistunt;
385 632 488 666 quique
511 630 701 662 nihilominus,
717 632 745 655 ut
763 628 881 663 possint,
897 625 970 653 haud

182 688 247 708 sane
260 680 364 711 velint;
382 685 470 712 neque
486 681 516 704 ut
538 675 636 708 velint,
653 675 728 701 vires
752 674 805 701 sint
827 672 969 706 habituri,

182 735 213 754 ac
229 726 328 761 quibus
356 724 450 752 auxilii
469 722 635 754 mercedem,
653 729 686 748 ne
703 720 778 754 ipsos
807 724 916 746 nostros
932 718 972 744 la-

182 773 261 808 pides
286 772 314 799 in
335 777 481 806 argentum
499 773 620 796 mutatos
637 766 704 794 satis
727 773 787 794 esse
807 764 969 800 pataverim.

181 819 254 852 Quin
293 817 376 845 audio
403 817 438 844 ab
466 816 499 843 iis
524 814 663 849 primum,
683 816 819 840 vastatum
851 817 911 838 esse
939 816 971 836 ac

181 865 335 894 desolatum
355 869 480 890 nostrum
497 861 597 888 solum.
616 859 718 887 Eorum
734 858 807 885 enim
823 864 871 891 per
884 863 971 882 annos

182 912 305 947 singulos
324 909 444 937 millenis
475 908 574 935 turmis
600 905 860 935 incursiones,cum
886 901 972 929 urbes

183 958 344 986 hominibus
355 963 455 984 vacuas
468 953 663 984 reddidissent,
679 959 712 979 ac
732 951 909 978 Tartarorum
923 956 970 976 so-

183 1005 292 1033 litudini
310 1004 414 1031 similes
437 1001 606 1032 echcissent,
624 999 722 1026 Turcis
749 997 863 1024 liberam
886 995 973 1023 facul-

183 1058 267 1081 tatem
288 1051 425 1081 fecerunt,
452 1053 482 1075 ut
492 1055 588 1075 eorum
615 1044 746 1079 reliquias
772 1049 971 1079 persequeren-

182 1105 229 1127 tur
239 1119 248 1132 ,
261 1106 293 1126 ac
307 1098 328 1125 si
345 1102 448 1131 magna!
468 1094 559 1121 febres
581 1100 612 1119 ac
627 1091 716 1122 tabes.
731 1095 848 1118 mortem
860 1094 972 1116 antece-

183 1144 261 1171 dant.
274 1143 411 1169 Praeterea
427 1139 489 1175 quis
500 1146 549 1165 eos
575 1136 774 1165 conciliaturus
793 1138 846 1167 est,
859 1141 891 1161 ac
910 1141 972 1160 sua-

184 1197 267 1218 surus
280 1193 310 1215 ut
329 1185 460 1215 oblivioni
474 1184 593 1216 traditis,
606 1182 709 1218 quibus
729 1189 759 1209 se
776 1186 873 1208 mutuo
892 1179 972 1207 malis

184 1235 320 1266 aiﬁciunt,
330 1232 417 1260 nostri
431 1237 513 1258 causa
525 1228 690 1258 conveniant
703 1227 739 1254 ad
750 1224 973 1254 deliberandum?

184 1283 238 1310 Aut
255 1288 321 1315 ergo
345 1277 530 1306 seditionibus
557 1274 657 1306 divisi,
682 1281 717 1301 ne
740 1280 769 1300 se
796 1271 846 1306 ipsi
861 1271 972 1306 quidem

182 1330 282 1366 juvare
307 1328 448 1362 poterunt,
466 1327 514 1350 aut
548 1325 694 1355 antequam
718 1318 831 1346 omnino
856 1324 973 1345 concor-

185 1363 256 1403 diam
274 1374 378 1405 ineant,
395 1371 421 1398 in
440 1377 490 1396 nos
512 1371 636 1396 moturos
649 1370 812 1400 exspectare
828 1363 973 1392 debemus.

187 1420 241 1450 Sed
257 1425 285 1448 et
312 1419 357 1446 his
373 1415 505 1450 exceptis,
527 1421 561 1442 ne
579 1417 688 1441 nostras
705 1411 815 1447 quidem
830 1410 973 1438 calamita-

190 1475 242 1500 tes,
256 1473 352 1494 eorum
381 1463 461 1491 rideo
485 1464 692 1496 exspectaturas
711 1456 854 1485 auxilium.
880 1455 973 1489 Quan-

187 1522 270 1551 quam
284 1513 356 1539 u-nim
372 1517 446 1538 nunc
464 1509 524 1543 ipso
537 1506 582 1534 die
606 1505 710 1534 electos
723 1504 826 1538 legatos
837 1501 973 1537 proﬁcisci

1022 268 1116 294 στερον
1138 260 1327 296 προσεχόντων
1347 262 1401 292 τοῖς
1431 261 1595 296 πράγμασιν
1611 260 1643 288 ἂν
1663 261 1809 296 εἰρημένα.

1020 306 1102 338 Τίνας
1115 307 1205 333 τοίνυν
1217 306 1357 338 τοιούτους
1370 307 1439 342 ὑπὲρ
1451 307 1505 334 τῶν
1520 308 1664 342 ἡμετέρων
1678 309 1810 342 πραγμά-

1019 361 1074 380 των
1089 353 1257 388 κσλέσομεν;
1283 354 1366 384 Τίνας
1387 355 1498 381 πάντων
1522 355 1539 390 ἢ
1555 354 1609 381 τῶν
1626 363 1658 389 γε
1676 354 1809 381 πλείστων

1019 399 1100 426 ἕνεκα
1114 398 1262 434 νομιοῦμεν
1275 398 1423 434 ἀξιόχρεως
1438 399 1643 434 ἀνταγωνιστάς
1656 409 1664 433 ι
1684 400 1744 426 Τίσι
1755 399 1809 434 χρὴ

1020 444 1191 480 θαρροῦντας
1205 445 1279 480 ἡμᾶς
1304 446 1402 477 αὐτοὺς
1418 446 1600 481 ἐγχειρίζειν;
1616 446 1646 472 Ei
1661 446 1716 481 γὰρ
1726 446 1809 480 ἡμεῖς

1020 491 1114 524 ἁπλῶς
1122 491 1190 526 πρὸς
1200 492 1398 527 τὰςσυμφοράς
1411 491 1634 526 καταπλαγέντες
1647 491 1809 526 ἐξέστημεν,

1021 536 1130 568 πάντως
1149 536 1260 572 ἑτέρους
1287 538 1302 564 ό
1328 536 1423 572 καιρὸς
1441 537 1598 572 περιμένει,
1618 537 1666 564 καὶ
1689 538 1730 568 εἰς
1758 537 1810 570 τὴν

1022 583 1086 618 ἡμῖν
1114 583 1308 618 προσήκουσαν
1327 583 1405 616 τάξιν
1430 584 1520 611 καλεῖ.
1549 583 1658 612 Σκύθας
1677 591 1717 614 τις
1743 583 1809 614 ἴσως

1021 628 1090 664 ἐρεῖ,
1106 629 1170 660 τοὺς
1181 629 1271 655 οὐκέτ’
1285 629 1377 662 ὄντας,
1394 629 1442 656 καὶ
1457 629 1521 660 τοῦς
1543 628 1594 664 οὐχ
1608 627 1700 664 ἦττον,
1725 629 1749 655 εί
1764 628 1808 655 δύ-

1021 684 1123 709 ναιντο,
1143 676 1180 711 μὴ
1197 674 1428 711 βουλησομένους,
1454 675 1471 711 ἢ
1493 675 1531 712 μὴ
1559 676 1769 711 δδνησομὲνους,
1785 676 1811 702 εί

1022 721 1170 757 βούλοιντο,
1185 722 1233 749 καὶ
1247 719 1287 754 οἷς
1303 723 1352 758 τῆς
1365 722 1492 758 βοηθείας
1510 721 1617 757 μισθὸν,
1633 721 1688 748 οὐδ’
1700 722 1733 748 ἂν
1747 722 1812 751 τοὺς

1023 769 1088 803 παρ’
1105 770 1171 804 ἡμῖν
1189 768 1279 800 λίθους
1294 768 1545 804 ὲξαργυρισθέντας
1557 769 1674 804 ἀρκέσαι
1689 768 1809 803 vomitu;

1029 813 1101 840 Ἀλλ’
1113 813 1165 840 ὑπὸ
1181 814 1284 840 τούτων
1310 814 1418 849 πρῶτον
1435 813 1529 841 ἀκούω
1556 814 1606 848 τὴν
1620 814 1713 849 χώραν
1732 814 1812 848 ήμῶν

1024 858 1176 885 ἀνάστατον
1195 858 1370 893 γεγενῆσθαι.
1386 859 1419 886 Δί
1432 859 1486 894 γὰρ
1499 858 1553 885 τῶν
1566 859 1631 894 παρ’
1646 859 1739 890 αὐτοῖς
1760 867 1813 893 μυ-

1024 903 1146 938 ριάρχων
1161 903 1223 930 καθ’
1249 904 1367 931 ἕκαστον
1389 904 1449 936 ἔτος
1466 904 1590 940 ἐμϐολαὶ,
1611 905 1747 939 σωμάτων
1762 905 1813 936 τὰς

1023 949 1114 980 πόλεις
1130 948 1295 982 κενώσασαι,
1312 950 1359 976 καὶ
1383 951 1433 984 τὴν
1451 950 1564 977 Σκυθῶν
1578 950 1696 986 ἐρημίαν
1713 947 1812 982 αὑταῖς

1023 993 1197 1029 περιθεῖσαι,
1223 994 1393 1029 παρέσχοντο
1408 997 1464 1026 τοῖς
1488 994 1621 1030 Τούρκοις
1635 995 1728 1022 ἄδειαν
1755 997 1814 1027 τοῖς

1024 1041 1136 1068 ἐκείνων
1160 1040 1296 1075 λειψάνοις
1318 1041 1493 1073 ἐπεξελθεῖν
1514 1042 1611 1077 ὥσπερ
1627 1041 1754 1077 σώματος
1770 1051 1815 1069 τε-

1023 1086 1132 1120 λευτῆς,
1157 1086 1285 1121 πυρετῶν
1314 1087 1471 1123 μεγάλωνῆ
1498 1088 1583 1123 φθόης
1614 1089 1810 1124 ἡγησαμένων.

1026 1132 1130 1164 ’Λλλως
1147 1141 1177 1159 τε
1193 1132 1232 1164 τίς
1247 1133 1262 1159 ό
1278 1132 1429 1166 διαλλαξων
1448 1134 1558 1166 αὐτοὺς,
1580 1134 1627 1161 καὶ
1642 1135 1756 1167 πείσων,
1775 1133 1815 1162 ὧν

1023 1179 1154 1214 ἀλλήλους
1184 1179 1346 1211 κακίζουσιν
1377 1180 1611 1216 ἐπιλαθομένους,
1643 1181 1713 1216 ὑπὲρ
1732 1183 1814 1217 ἡμῶν

1024 1225 1200 1258 συνελθόντας
1229 1225 1428 1261 βουλεύεσθαι;
1454 1227 1489 1253 Ἦ
1504 1227 1595 1254 τοίνυν
1621 1229 1815 1260 στασιάζοντες

1024 1270 1080 1298 οὐδ’
1093 1270 1185 1303 αὐτοῖς
1207 1271 1300 1304 ἕξουσι
1320 1271 1442 1307 βοηθεῖν,
1465 1273 1481 1307 ἢ
1499 1273 1564 1308 πρὶν
1589 1273 1720 1308 καθαρῶς
1747 1275 1815 1307 ομο-

1024 1317 1131 1351 νοῆσαι,
1143 1317 1186 1351 ἐφ’
1199 1318 1276 1351 ἡμᾶς
1284 1317 1383 1350 αὐτοὺς
1398 1318 1475 1352 ἥξειν
1486 1319 1539 1353 χρὴ
1553 1319 1715 1354 προσδοκᾷν.
1724 1319 1815 1354 Χωρῖς

1024 1364 1053 1390 δέ
1070 1364 1173 1390 τούτων
1199 1364 1260 1391 οὺδέ
1275 1364 1326 1395 τὰς
1351 1364 1488 1400 ἡμετέρας
1508 1365 1654 1400 συμφορὰς
1678 1366 1727 1401 τὴν
1750 1366 1817 1401 παρ’

1026 1411 1139 1438 ἐκείνων
1153 1411 1280 1446 βοήθειαν
1308 1410 1497 1444 ἀναμενούσας
1517 1412 1581 1446 ὁρῶ.
1602 1412 1633 1438 Εἰ
1649 1413 1703 1447 γὰρ
1726 1413 1814 1449 αὐθη-

1028 1458 1112 1492 μερὸν
1128 1457 1193 1489 τοὺς
1215 1456 1346 1492 πρέσϐεις
1366 1458 1604 1492 χειροτονήσαντες
1620 1459 1814 1493 ἀναγκάζομεν

1026 1504 1139 1537 ἐξιέναι,
1165 1503 1243 1538 μόλις
1267 1503 1308 1535 εις
1320 1503 1434 1530 τούπιὸν
1453 1503 1513 1534 Ero;
1525 1504 1664 1539 ἀρξόμεθα
1684 1505 1734 1539 τὴν
1749 1514 1819 1540 συμ-

184 1548 392 1594 compellimus.
414 1554 459 1582 vix
477 1559 550 1580 anno
573 1549 700 1586 sequenti
723 1548 860 1583 incepturi
880 1553 975 1574 sumus

1031 1550 1130 1585 μαχίαν
1155 1549 1287 1582 ἐλπίζειν.
1307 1550 1388 1585 Ἡμῖν
1402 1550 1425 1577 δ’
1447 1550 1480 1577 ἂν
1501 1550 1539 1586 μή
1558 1550 1654 1577 τούτου
1675 1551 1721 1578 τοῦ
1738 1561 1819 1586 μετο-

186 1593 349 1641 exspectare
375 1600 521 1629 auxilium.
543 1598 591 1625 Sin
617 1600 708 1624 autem
728 1595 800 1622 Deus
827 1593 912 1620 hocce
928 1599 977 1618 au-

1027 1595 1122 1630 πώρου
1144 1594 1274 1630 βοήθειαν
1289 1595 1303 1621 6
1319 1594 1386 1627 Θεὸς
1398 1595 1554 1630 ἐπιπέμψῃ,
1571 1595 1629 1622 ἴστε
1645 1596 1744 1627 πάντες
1761 1595 1819 1623 οἷον

192 1639 288 1680 tumno
303 1648 434 1677 auxilium
451 1653 506 1674 non
518 1645 618 1676 mittat,
632 1642 710 1670 scitis
721 1647 816 1668 omnes
831 1639 858 1666 iu
869 1642 977 1674 quantae

1029 1640 1224 1675 προσδοκῶμεν
1249 1640 1383 1676 χειμῶνα.
1404 1641 1459 1668 Καὶ
1472 1640 1636 1677 παραλείπω
1658 1643 1688 1669 τὸ
1704 1643 1766 1677 μηδ’
1785 1643 1819 1670 ἄν

190 1696 362 1733 tempestatis
380 1693 524 1729 procinctu
546 1691 643 1719 simus.
657 1689 760 1719 Taceo,
775 1686 848 1722 quod
867 1693 918 1713 nec
938 1685 977 1712 illi

1029 1686 1088 1733 ποτ’
1101 1686 1222 1718 ἐκείνους
1238 1687 1309 1722 ὑπὲρ
1324 1688 1340 1723 ἡ
1345 1687 1405 1722 μῶν
1420 1688 1582 1723 προελέσθαι
1595 1688 1748 1724 πολεμῆσαι
1762 1690 1819 1720 τοῖς

190 1732 310 1781 unquam
327 1740 479 1770 adducendi
495 1741 572 1771 sunt.
583 1741 613 1764 ut
626 1736 711 1763 velint
725 1735 751 1762 in
764 1733 868 1762 Turcos
877 1732 977 1759 bellum

1029 1732 1178 1781 Τούρκοιςο
1201 1733 1363 1768 ἀνθρώπους
1388 1734 1497 1766 ἀσεϐεῖς
1525 1735 1596 1770 ὑπὲρ
1615 1734 1736 1761 εὐσεϐῶν
1762 1737 1820 1767 τοῖς

190 1778 332 1826 suscipere
345 1809 352 1821 ,
364 1787 491 1815 homines
508 1783 595 1819 impii,
613 1783 721 1818 piorum
739 1787 834 1812 causa,
848 1778 980 1806 adversus

188 1846 239 1866 cos
253 1837 354 1872 quibus
374 1833 443 1860 mala
456 1831 552 1858 eadem
569 1827 724 1857 communia
740 1827 805 1853 sint.

226 1870 372 1911 Enimvero
392 1879 467 1906 dicat
483 1876 596 1904 forsitan
611 1873 701 1901 obiter
725 1871 861 1907 quispiam
875 1870 980 1904 :Quid-

192 1938 256 1958 nam
273 1929 300 1956 in
316 1925 397 1962 Mysis
415 1932 447 1952 ac
463 1921 582 1950 Tribulis
595 1918 702 1947 causari
719 1917 831 1949 habeas,
843 1916 981 1944 similibus

193 1976 276 2004 nobis
301 1971 472 2002 hominibus,
488 1975 520 1995 ac
544 1967 600 1994 Deo
626 1964 755 1997 addictis,
780 1963 883 1998 quique
911 1962 983 1990 mul-

188 2030 221 2052 -ta
235 2021 379 2049 nobiscum
395 2016 489 2044 multis
505 2011 698 2042 occasionibus
706 2010 816 2046 negotia
835 2009 980 2044 gesserint.

194 2077 248 2096 nec
267 2067 323 2095 sint
341 2063 438 2100 procul
455 2061 555 2093 dissiti,
572 2064 602 2087 ut
630 2058 746 2086 multum
761 2056 858 2091 legatis
876 2061 982 2090 tempus

195 2115 300 2144 mutuis
319 2108 546 2147 responsionibus
571 2104 764 2134 insumendum
781 2103 835 2132 sit?
851 2102 982 2138 Equidem

196 2161 266 2189 nihil
281 2164 377 2187 contra
400 2161 579 2191 opponerem.
606 2158 750 2186 essemque
774 2149 863 2177 libens
883 2152 911 2176 et
925 2147 984 2183 ipse

196 2212 369 2236 assensurus,
387 2207 415 2230 ut
430 2201 508 2233 viris,
529 2206 582 2227 una
600 2205 663 2225 cum
678 2196 792 2231 pietate,
811 2202 844 2222 ac
861 2201 895 2221 eo
910 2192 984 2228 quod

1029 1778 1083 1805 τῶν
1099 1778 1200 1814 ὁμοίων
1216 1779 1307 1811 αὐτοῖς
1319 1781 1535 1816 κεκοινωνηκὼι
1551 1781 1655 1808 κακῶν.

1066 1868 1099 1895 Τί
1113 1869 1136 1895 δ’
1154 1868 1187 1896 ἂν
1209 1869 1282 1906 ἔχοις
1307 1870 1418 1902 Μυσοὺς
1447 1871 1495 1898 καὶ
1515 1871 1669 1906 Τριϐαλοὺς
1683 1873 1820 1905 αίτιᾶσαι,

1031 1915 1177 1951 παρελθών
1198 1925 1240 1947 τις
1255 1915 1319 1948 ἴσως
1334 1916 1402 1951 ἐρεῖ,
1426 1916 1587 1951 ἀνθρώπους
1612 1919 1721 1952 ὁμοίους
1741 1919 1820 1954 ἡμῖν,

1031 1962 1079 1988 καὶ
1096 1961 1135 1996 τῷ
1154 1961 1214 1996 Θεῷ
1229 1963 1459 1997 προσκειμένους,
1475 1963 1522 1989 καὶ
1542 1964 1647 1990 πολλῶν
1668 1964 1697 1991 ἐν
1712 1964 1823 1996 πολλοῖς

1032 2007 1139 2041 καιροῖς
1154 2006 1325 2041 πραγμάτων
1342 2007 1576 2042 κεκοινωνηκότας
1590 2008 1668 2042 ἡμῖν,
1685 2008 1733 2035 καὶ
1753 2008 1824 2044 μηδέ

1033 2053 1129 2087 πόρρω
1145 2051 1353 2087 διῳκισμένους,
1376 2051 1446 2078 ὥστε
1467 2053 1565 2087 χρόνου
1596 2053 1651 2080 δεῖν
1675 2055 1732 2085 τοῖς
1758 2054 1826 2089 παρ’

1034 2097 1157 2133 ἀλλήλων
1175 2097 1307 2132 πρέσϐεσι
1324 2097 1391 2132 πρὸς
1415 2098 1464 2129 τὰς
1481 2098 1659 2134 ἀποκρίσεις;
1675 2099 1762 2126 Οὐδὲν
1777 2097 1826 2126 εἷ-

1035 2152 1085 2170 πον
1111 2145 1153 2176 ἂν,
1168 2144 1237 2171 ἀλλὰ
1250 2145 1296 2171 καὶ
1312 2144 1393 2175 αὐτὸς
1414 2145 1447 2172 ἂν
1468 2146 1611 2176 συνεῖπον,
1639 2145 1664 2172 ει
1690 2146 1761 2180 μετά
1772 2145 1825 2179 τῆς

1035 2191 1186 2222 εὐσεϐείας,
1205 2191 1253 2218 καὶ
1267 2190 1315 2218 τοῦ
1331 2191 1486 2226 γνωρίμους
1497 2192 1564 2226 ἡμῖν
1578 2189 1662 2224 εἶναι,
1680 2192 1727 2218 καὶ
1739 2192 1825 2219 τᾶλλα

199 2257 279 2281 notos
307 2250 467 2279 habeamus.
481 2246 587 2280 reliqua
614 2245 801 2278 suppeterent,
813 2248 874 2275 quae
895 2239 929 2266 iis
944 2239 977 2265 in-

1036 2238 1093 2268 τοῖς
1115 2237 1227 2271 ἀνδράσι
1257 2236 1373 2271 προσῆν,
1398 2235 1435 2263 ὢν
1456 2238 1579 2271 μετεῖναι
1601 2237 1658 2263 δεῖν
1681 2238 1738 2268 τοῖς
1754 2238 1826 2272 ὑπὲρ

198 2300 265 2329 sint.
281 2297 400 2325 diximus
420 2297 558 2330 oportere,
575 2291 621 2324 qui
658 2297 707 2324 pro
732 2288 813 2315 nobis
839 2283 984 2321 pugnaturi

198 2349 274 2374 sunt.
287 2344 358 2372 Sane
382 2341 495 2377 quidem
521 2340 581 2374 pios
605 2340 714 2372 oportet
743 2342 775 2362 ac
802 2333 896 2360 ﬁdeles
911 2338 983 2363 esse,

199 2394 247 2427 qui
267 2390 368 2418 bellum
396 2385 495 2415 sociale
514 2383 610 2412 inituri
633 2387 714 2413 sunt,
740 2386 822 2415 quam
839 2383 868 2405 ut
892 2377 984 2404 dotem

198 2426 330 2471 excipias,
347 2435 435 2469 majus
461 2432 494 2459 ab
508 2431 548 2458 eis
572 2429 703 2457 damnum
724 2426 847 2454 futurum
864 2430 986 2458 pronun-

199 2485 250 2515 tio.
263 2470 345 2518 quam
371 2481 394 2508 si
419 2479 508 2515 palam
540 2477 633 2504 hostes
659 2472 822 2502 exstiterint.
836 2470 908 2499 Satis
921 2476 986 2496 vero

198 2538 260 2559 esse
272 2530 400 2557 virtutem
417 2527 450 2554 ad
476 2524 584 2560 negotia
610 2521 759 2558 proposita,
774 2519 846 2547 haud
866 2524 985 2552 unquam

200 2578 302 2609 dicam,
319 2573 372 2601 nisi
394 2572 456 2607 quis
480 2570 534 2597 Deo
549 2568 728 2596 constitutum
744 2565 820 2595 velit,
837 2562 987 2591 utinsolita

201 2629 251 2649 nos
267 2620 373 2647 ratione
388 2625 419 2644 ac
435 2614 559 2650 prodigio
574 2613 664 2640 salvos
675 2611 775 2638 faciat:
790 2609 857 2644 quin
874 2613 986 2635 necesse

201 2668 320 2700 aﬂirmo,
334 2669 364 2692 ut
378 2663 526 2699 quidquam
542 2659 658 2687 velimus
685 2658 776 2685 socios
787 2657 896 2691 juvare,
909 2662 987 2681 com-

202 2716 322 2738 meatum
341 2708 424 2736 alium
441 2707 474 2734 ad
505 2705 605 2732 bellqu
629 2708 786 2738 suppetere.
804 2701 882 2728 Nunc
897 2706 988 2727 autem

200 2763 295 2783 earum
315 2754 437 2790 gentium
458 2755 646 2787 paupertatem
669 2747 844 2782 conspicitis,
858 2751 941 2780 utque
954 2752 989 2772 ne

201 2802 275 2838 apud
288 2809 317 2828 se
329 2800 440 2836 quidem
465 2797 624 2826 sedentibus
640 2803 673 2823 ac
687 2794 798 2830 quietis,
815 2792 989 2820 necessarius

202 2837 372 2876 commeatus
395 2846 431 2872 sit
443 2852 451 2872 ι
465 2848 494 2871 ut
515 2843 580 2870 item
597 2841 650 2869 levi
669 2839 813 2868 occasione
838 2837 917 2865 facile
935 2837 990 2864 sol-

202 2898 266 2922 vant
283 2898 345 2928 quae
359 2891 417 2919 visa
441 2893 531 2923 erant,
553 2888 666 2924 ipsaque
684 2886 752 2914 adeo
774 2885 796 2913 si
816 2891 870 2919 qua
885 2884 989 2920 jureju-

1037 2283 1115 2318 ἡμῶν
1139 2283 1350 2318 ἀγωνιουμένοις
1375 2283 1516 2318 ἐλέγομεν.
1542 2282 1670 2314 Εὑσεϐεῐς
1699 2283 1751 2318 μὲν
1770 2283 1826 2318 γὰρ

1037 2329 1106 2356 εἶναι
1119 2330 1160 2356 δεῖ
1175 2330 1238 2361 τοὺς
1254 2330 1315 2365 μεθ’
1329 2330 1408 2365 ήμῶν
1424 2329 1679 2365 παραταξομένους,
1695 2331 1743 2356 καὶ
1766 2330 1828 2356 τού-

1037 2385 1082 2402 του
1096 2376 1182 2411 χωρὶς
1197 2376 1282 2411 μείζω
1296 2377 1367 2410 φημὶ
1379 2375 1430 2411 τὴν
1445 2377 1511 2410 παρ’
1526 2375 1617 2402 αὐτῶν
1637 2375 1746 2402 ἐσεσθαι
1761 2374 1828 2410 βλά-

1037 2421 1129 2457 ϐην,ἢ
1154 2422 1178 2448 εἰ
1192 2421 1318 2457 φανερῶς
1342 2420 1504 2456 ἐπολέμουν.
1526 2422 1635 2456 ’Δρκεῖν
1655 2421 1685 2447 δὲ
1699 2421 1770 2456 πρὸς
1792 2421 1830 2448 τὰ

1038 2467 1162 2501 παρόντα
1178 2466 1227 2502 τὴν
1242 2466 1344 2502 ἀρετὴν
1357 2466 1460 2502 ταύτην
1474 2467 1525 2493 οὐκ
1541 2467 1574 2493 ἂν
1587 2466 1706 2501 εἴποιμι,
1722 2467 1775 2498 ἐως
1793 2467 1829 2493 ἂν

1040 2514 1078 2548 μὴ
1096 2513 1172 2548 παρὰ.
1198 2512 1277 2545 δόξαν
1303 2514 1317 2539 ὁ
1334 2512 1402 2543 Θεὸς
1428 2513 1504 2547 ἡμᾶς
1527 2512 1626 2544 σώζειν
1647 2512 1745 2548 ἐθέλῃ·
1769 2512 1829 2538 ἀλλ’

1039 2559 1156 2594 ἀνάγκη,
1186 2559 1234 2585 καὶ
1259 2558 1326 2585 ἀλλα
1343 2557 1429 2584 πολλὰ
1450 2558 1518 2592 πρὸς
1547 2558 1593 2584 τὸν
1611 2557 1731 2592 πόλεμον
1754 2557 1831 2593 ἔχειν

1039 2605 1276 2640 πλεονεκτήματα,
1298 2605 1322 2630 εἰ
1342 2604 1464 2638 μέλλοιεν
1480 2604 1597 2639 ὠφελεῖν
1622 2605 1684 2635 τοὺς
1714 2604 1830 2639 συμμά-

1039 2660 1113 2686 χους.
1131 2651 1199 2678 Νυνὶ
1212 2651 1233 2677 δ’
1251 2652 1330 2686 ὁρᾶτε
1346 2651 1396 2685 τὴν
1408 2651 1463 2677 τῶν
1479 2650 1564 2677 ἐθνῶν
1592 2650 1695 2677 τούτων
1720 2651 1830 2684 πενίαν,

1040 2698 1086 2724 καὶ
1104 2698 1140 2727 di;
1157 2697 1212 2724 οὐδ’
1227 2697 1310 2723 αὐτοῦ
1331 2705 1383 2723 που
1403 2696 1569 2731 καθημένοις
1595 2696 1678 2730 ἀρκεῖ
1691 2697 1724 2722 τὰ
1747 2696 1829 2722 ὄντα·

1040 2744 1088 2770 καὶ
1103 2743 1140 2773 ὼς
1158 2743 1244 2777 μικρᾴ
1259 2743 1394 2776 προφάσει
1411 2742 1483 2769 λύειν
1491 2743 1541 2769 οὐκ
1553 2742 1664 2769 ὀκνοῦσι
1696 2743 1730 2769 τὰ
1745 2744 1831 2777 ἐγνως

1041 2790 1144 2824 σμένον
1164 2789 1304 2822 μᾶλλονδὲ
1321 2791 1353 2815 τὰ
1373 2789 1571 2824 όμωμοσμένα.
1592 2789 1773 2824 ’Υπερορέοις
1800 2789 1830 2814 δὲ

1042 2837 1186 2873 στρατείας
1197 2837 1237 2867 τίς
1248 2837 1319 2871 ἔγνω
1331 2838 1439 2868 τούτους
1453 2837 1707 2872 εστρατευμένους;
1726 2837 1830 2871 μᾶλλον

1041 2884 1069 2911 δὲ
1084 2884 1124 2916 τίς
1140 2884 1207 2916 ὅλως
1225 2884 1314 2911 αὐτῶν
1337 2892 1402 2910 ποτε
1416 2885 1511 2920 μνήμη
1535 2883 1647 2918 γέγονεν
1664 2885 1693 2910 ἐν
1708 2883 1746 2918 τῲ
1758 2882 1829 2917 pug);
