1942 3090
141 153 194 185 ε>τ3

640 155 783 186 ORATIO
803 155 879 186 PRO
901 140 1083 187 SUBSJDIO
1103 157 1343 188 LATINORUM.

1720 156 1772 186 9n

139 215 167 242 οἰ
182 222 225 248 γε,
245 213 269 240 εί
285 213 322 248 μὴ
342 213 389 240 καὶ
416 212 494 240 αὐτοὶ
510 213 570 245 ταῖς
596 213 747 249 ἡμετέραις
774 216 928 250 συμφοραῖς

984 215 1066 243 rando
1092 215 1276 244 firmaverant.
1288 215 1329 243 Ad
1358 220 1486 244 externas
1511 220 1603 243 autem
1620 217 1775 251 expeditio-

141 261 344 295 ἀπεχρήσαντο,
362 259 408 286 καὶ
421 259 471 294 τὴν
486 258 554 294 πρὸς
573 259 636 292 τοὺς
653 259 807 296 βαρϐάρους
819 261 931 293 τούτους

140 306 270 341 ἀσχολίαν
283 304 442 338 πλεονεξίας
461 304 558 339 καιρδν
574 304 757 340 ἡγησάμενοι,
774 306 859 333 πολλὰ
875 307 931 333 τῶν

139 351 281 386 ἡμετέρων
309 350 502 385 παρεσπασαν,
531 351 578 377 καὶ
592 350 639 377 νῦν
654 351 698 383 ἂν,
714 351 809 386 ὥσπερ
828 353 875 379 καὶ
900 351 940 379 το

138 398 282 433 πρότερον,
298 396 349 423 ὑπὸ
364 397 410 423 τὺν
426 396 561 432 ἡμέτερον
572 395 654 430 ζυγὸν
669 395 737 428 ἔζων
748 405 754 412 ’
769 398 817 425 καὶ
831 397 929 424 δεσπό-

137 453 188 476 τας
205 443 278 478 ἡμᾶς
295 443 365 478 μετὰ
382 443 436 469 τῶν
451 442 541 470 ἄλλων
555 442 655 478 ᾔδεσαν
682 442 727 469 καὶ
746 443 839 470 αὐτοὶ·
858 442 872 470 ὃ
883 443 931 470 καὶ

140 490 241 525 μᾶλλον
252 489 416 522 δεδοικότας,
430 488 461 515 οὗ
476 488 542 515 ποτέ
561 497 633 523 φημι
653 488 766 520 τούτους
787 489 930 525 λυσιτελή-

139 544 198 563 σειν
215 535 293 570 ὴμῖν.
311 535 400 562 Ἴσασι
419 534 486 569 γὰρ,
501 535 535 562 ἂν
546 534 580 561 τὰ
597 535 689 562 δίκαια
707 535 813 570 κρίνειν
830 535 930 562 ἐθέλω-

140 591 193 615 σιν,
208 582 245 613 ὡς
269 580 355 608 πολλὰ
381 581 435 608 τῶν
460 581 605 616 ἡμετέρων
619 581 771 616 κατέσχον,
798 581 854 608 τῶν
877 590 932 608 κω·-

138 628 256 655 λυόντων
270 627 321 654 οὐκ
333 627 419 654 ὄντων
429 635 438 643 ’
453 624 490 654 ὧν
506 627 574 662 πρὸς
590 627 687 660 ἄλλους
701 627 749 663 μὲν
764 627 847 663 ἡμῶν
858 626 932 662 ἑχόν-

139 683 193 702 των
206 674 252 700 τδν
268 673 341 706 νοῦν,
358 673 448 708 κύριοι
467 673 625 707 νομίζουσιν
636 673 745 701 ἔσεσθαι
761 682 768 689 ·
794 674 931 701 ἀναπνεύ-

140 730 204 748 eam
215 721 254 752 δὲ,
272 721 347 748 πᾶσα
359 719 467 755 ἀνάγκη
481 719 498 755 ἢ
515 720 674 753 ἀποδοῦναι,
690 720 707 755 ἢ
720 719 799 747 τοῦτο
813 720 851 755 μὴ
867 720 931 754 βου-

138 766 279 800 λομένους,
305 767 459 802 πράγματα
473 765 557 801 ἔχειν,
583 766 632 792 καὶ
657 765 775 798 πόλεμον
789 766 929 800 δέξασθαι,

984 269 1043 295 nes,
1055 262 1118 296 quis
1141 269 1190 290 eos
1219 262 1296 289 novit
1318 261 1468 289 eduxisse?
1482 261 1550 296 quin
1565 262 1687 294 omnino,
1713 269 1773 297 qum

982 314 1079 335 eorum
1093 314 1214 342 unquam
1240 307 1373 334 memoria
1403 307 1454 334 fuit
1475 307 1502 334 in
1527 307 1651 334 saeculo?
1665 308 1710 341 qui
1732 307 1774 334 iii-

983 353 1095 383 mirum,
1110 353 1162 380 nisi
1177 358 1205 380 et
1223 353 1278 388 ipsi
1306 353 1407 380 nostris
1435 353 1591 380 infortuniis
1618 353 1708 384 abusi,
1726 361 1775 380 no-

982 402 1123 433 stramque
1159 406 1221 425 cum
1260 398 1387 426 Barbaris
1414 400 1642 433 oecupationem,
1666 399 1774 433 injuri:e

984 449 1091 478 tempus
1114 446 1177 476 rati,
1204 445 1287 472 multa
1314 453 1329 472 e
1350 445 1453 472 nostris
1478 445 1686 477 abstraxisset",
1701 453 1774 472 nunc

983 498 1103 526 quoque,
1124 492 1161 518 uti
1179 492 1267 526 prius,
1284 495 1379 518 nostro
1403 492 1605 527 viverentjugo
1632 491 1772 526 mancipa-

983 537 1140 573 ti,nosque
1166 537 1304 570 dominos,
1321 545 1375 564 una
1403 545 1465 565 cum
1484 538 1555 570 aliis,
1579 538 1631 572 ipsi
1661 546 1771 572 quoque

982 583 1096 615 scirent,
1114 591 1184 617 quos
1194 591 1242 610 eos
1271 583 1363 617 potius
1380 588 1542 616 metuentes,
1559 583 1629 610 haud
1651 591 1771 617 unquam

983 629 1086 656 nostris
1111 629 1194 656 rebus
1211 628 1298 656 dicam
1329 629 1513 656 consulturos.
1532 629 1629 656 Sciunt
1645 629 1718 655 enim
1743 633 1774 655 ut

979 674 1053 710 justa
1063 674 1188 709 judicare
1204 674 1299 705 velint,
1321 673 1407 701 multa
1428 681 1443 701 e
1459 674 1559 701 nostris
1576 674 1676 709 injuria
1690 681 1773 701 occu-

982 729 1071 756 passe.
1089 729 1151 748 cum
1168 720 1235 748 ntilli
1253 725 1345 748 essent
1362 722 1407 756 qui
1433 721 1610 756 prohiberent
1626 729 1632 747 :
1654 728 1772 755 quorum

983 775 1012 794 se
1040 766 1168 794 dominos
1195 766 1253 794 fore
1280 767 1459 800 arbitrantur,
1486 768 1551 795 dum
1583 767 1636 802 ipsi
1663 767 1772 795 interim

139 814 186 839 καὶ
200 813 265 848 περὶ
284 812 338 838 τῶν
353 812 383 844 ἑξ
406 812 493 847 ἀρχῆς
509 811 726 844 κινδυνεύοντας.
745 810 851 839 Οὔκουν
870 811 930 847 βού-

984 813 1045 840 aliis
1069 813 1240 840 intendimus
1264 814 1396 840 animum.
1424 813 1471 840 Sin
1511 819 1603 840 autem
1636 814 1773 848 respirare

139 859 220 886 λοιντ¹
236 859 270 885 ἂν
292 859 333 890 εἰς
359 858 409 890 τὰς
432 857 518 893 τύχης
544 858 657 894 ἀδηλίας
687 858 852 894 ἐμπίπτειν·
885 857 930 885 καὶ

984 859 1136 893 contingat,
1163 858 1349 885 necessarium
1370 858 1494 890 omnino,
1518 862 1620 886 ut-aut
1642 858 1774 890 reddant,

139 904 227 940 παρδν
240 904 402 939 κερδαίνειν,
416 904 625 939 ἀναγκασθῆναι
641 913 707 931 ποτε
734 905 782 931 καὶ
796 903 850 931 τῶν
863 903 930 931 ἰδίωῑ

987 908 1034 931 aut
1049 903 1101 947 nisi
1120 902 1211 933 velint,
1231 903 1340 937 negotia
1365 903 1494 935 habeant,
1509 911 1541 931 ac
1565 903 1668 931 bellum
1689 903 1776 930 susci-

139 950 318 985 ἀφίστασθαι.
342 949 423 976 Ἀλλὰ
435 949 485 985 τὴν
499 950 640 986 ἡμετέραν
663 951 857 986 κακοπραγίαν
873 952 929 977 τεῖ-

139 1005 184 1031 χος
202 997 293 1028 αὐτοῖς
308 993 377 1023 εἶναι
393 995 544 1031 νομίζουσι,
560 996 628 1031 πρὸς
645 996 675 1023 τὸ
693 997 730 1032 μή
743 1005 770 1022 τι
784 996 881 1023 παθεῖν
897 995 929 1022 ἂν

139 1043 249 1075 αὐτοὺς,
268 1043 301 1070 ἄν
312 1041 372 1069 ποτ’
389 1042 548 1077 ἀνενεγκεῖν
559 1043 731 1078 δυνηθῶμεν.
747 1043 809 1074 Πῶς
822 1043 869 1070 οὖν
881 1042 930 1074 τὰς

142 1089 287 1125 παρούσας
302 1088 389 1124 τύχας
415 1089 673 1124 συνεπικουφιοῦσιν
701 1089 778 1125 ἡμῖν,
795 1089 824 1116 oi
841 1088 867 1123 γ’
884 1089 930 1116 ἀεὶ

139 1134 242 1165 ταύτας
255 1132 384 1166 αὔξεσθαι
401 1133 521 1169 συνεχῶς
536 1132 654 1166 εὖξαιντ⁷
672 1133 724 1166 ἇν;

983 949 1069 984 piant,
1079 948 1208 983 idemque
1220 953 1301 983 atque
1316 955 1330 975 a
1349 948 1484 983 principio
1501 949 1653 983 periculum
1666 949 1775 976 adeant.

984 994 1062 1021 Haud
1078 1002 1143 1029 ergo
1163 995 1269 1021 incerta
1282 994 1399 1021 fortunae
1419 998 1525 1021 tentare
1544 994 1630 1021 velint
1645 1015 1652 1024 .
1670 1001 1701 1021 ac
1711 1001 1773 1021 cum

985 1040 1055 1068 lucri
1090 1039 1200 1067 occasio
1226 1043 1366 1075 suppetat,
1389 1040 1449 1075 cogi
1477 1040 1642 1075 quandoque
1671 1043 1701 1067 ut
1727 1047 1776 1066 sua

982 1084 1035 1122 ipsi
1056 1085 1224 1114 dimiserint.
1254 1085 1326 1119 Quin
1361 1093 1452 1113 rerum
1486 1090 1642 1113 nostrarum
1676 1085 1775 1113 malam

981 1132 1081 1165 aleam,
1098 1132 1169 1159 muri
1196 1133 1258 1160 loco
1282 1131 1334 1159 sibi
1360 1133 1475 1165 ducunt,
1490 1138 1518 1160 ut
1543 1140 1578 1160 ne
1608 1131 1674 1167 quid
1695 1131 1772 1166 mali,

141 1180 163 1207 si
186 1181 300 1216 quando
315 1179 396 1208 nobis
421 1179 536 1206 facultas
556 1179 713 1215 emergendi
733 1179 792 1213 fiat,
823 1179 970 1214 accipiant.
991 1177 1043 1211 Qui
1059 1186 1124 1214 ergo
1146 1177 1273 1214 przesenti
1299 1177 1416 1205 fortuna:
1443 1179 1565 1205 levamen
1584 1177 1640 1205 sint
1656 1176 1775 1207 allaturi,

140 1228 240 1263 quibus
254 1235 363 1262 semper
375 1227 402 1254 in
414 1227 485 1255 votis
503 1227 539 1254 sit
555 1231 586 1254 ut
601 1227 733 1254 continue
748 1226 885 1261 augeant?

176 1276 233 1303 Καὶ
251 1276 292 1303 ὅτι
304 1275 381 1302 ταῦτ’
395 1276 445 1302 οὐκ
461 1276 493 1302 ὲκ
508 1274 647 1310 λογισμῶν
675 1275 757 1311 μόνον
773 1274 930 1310 συμὸαίνει,

146 1322 215 1349 ἀλλά
239 1323 285 1349 καὶ
308 1323 376 1357 πρὸς
392 1322 462 1349 αὐτὰ
483 1322 517 1350 τὰ
541 1322 693 1357 πράγματα
717 1321 930 1353 ἁποὸλέπουσιν,

142 1367 230 1400 ἔξεστι
250 1369 306 1399 τοῖς
334 1368 491 1403 εἰρημένοις
508 1367 696 1395 συντίθεσθαι.
723 1366 930 1402 Ἀναμνήσθητε

144 1414 189 1440 διὰ
200 1415 291 1441 πόσων
299 1414 452 1449 πρεσϐειῶν
465 1414 532 1450 πρὸς
544 1413 718 1449 ἀμφοτέρους
733 1421 766 1439 πε
772 1413 797 1448 ρὶ
808 1413 854 1447 τῆς
864 1419 931 1446 συμ-

145 1460 246 1496 μαχίας
272 1460 440 1496 διειλέχθητε
468 1460 582 1495 ταύτης,
609 1461 726 1491 ποσάκις
754 1459 853 1490 αὐτοὺς
886 1459 933 1485 καὶ

143 1507 284 1539 εὐσεὸείας
300 1508 348 1534 καὶ
367 1507 465 1534 κοινῶν
480 1506 572 1541 ἱερῶν,
587 1507 634 1534 καὶ
649 1507 699 1541 τῆς
712 1505 794 1541 ἀλλης
811 1505 930 1540 ἀνεμνή-

1020 1273 1099 1307 Quod
1113 1277 1205 1301 autem
1220 1273 1271 1300 ista
1288 1281 1342 1300 non
1355 1281 1370 1300 a
1391 1273 1457 1300 solis
1472 1273 1686 1307 cogitationibus
1702 1273 1776 1299 acci-

985 1319 1061 1350 dant,
1077 1319 1125 1346 sed
1145 1324 1174 1346 et
1195 1319 1269 1354 ipsas
1287 1326 1332 1346 res
1357 1323 1490 1354 spectent,
1510 1326 1543 1345 ex
1571 1317 1692 1352 praefatis
1712 1317 1778 1344 licet

985 1366 1132 1394 conficere.
1148 1365 1284 1394 Memores
1306 1367 1384 1398 estis,
1408 1371 1475 1401 quot
1496 1366 1528 1393 ad
1546 1372 1678 1400 utrosque
1692 1365 1777 1393 desti-

985 1412 1060 1439 natis
1079 1412 1186 1448 legatis,
1203 1412 1238 1440 de
1256 1413 1308 1440 hac
1332 1413 1396 1440 belli
1421 1413 1553 1440 societate
1579 1412 1663 1439 locuti
1690 1412 1777 1439 estis?

985 1457 1098 1491 Quoties
1114 1458 1154 1485 eis
1179 1462 1208 1485 et
1233 1458 1374 1492 pietatem,
1392 1463 1420 1486 et
1436 1466 1512 1485 sacra
1529 1458 1697 1489 communia,
1712 1458 1778 1485 reli—

984 1511 1093 1538 quaque
1108 1502 1284 1535 commencia,
1310 1503 1337 1529 in
1354 1503 1517 1530 memoriam
1541 1503 1712 1530 revocastis?
1726 1503 1777 1530 Er-

145 1563 210 1582 σατε
226 1554 379 1586 κοινωνίας.
395 1552 459 1588 'Ap‘
469 1551 515 1580 οὖν
527 1553 693 1589 ἐκινήθησαν
703 1560 711 1568 θ
728 1552 745 1588 ἢ
765 1551 818 1586 τῶν
832 1551 930 1587 ἡμετέ-

987 1556 1057 1583 gone
1073 1554 1220 1583 propterea
1244 1549 1312 1575 moti
1338 1553 1423 1581 sunt,
1442 1554 1489 1575 aut
1504 1549 1594 1582 siquid
1612 1557 1659 1584 per
1675 1550 1729 1576 vim
1743 1550 1777 1576 li-

145 1610 200 1636 ρων
221 1601 297 1636 γοῦν,
314 1601 340 1628 εί
353 1609 380 1628 τι
393 1600 541 1636 βιάσασθαι
558 1598 610 1627 οἷοί
625 1600 649 1626 τ’
665 1597 747 1635 ἦσαν,
760 1598 930 1633 ἀπέσχοντο;

146 1648 199 1674 Καὶ
217 1647 270 1683 μὴν
290 1646 368 1682 ἡμῶν
382 1647 434 1673 ὑπὸ
449 1646 497 1673 τοῦ
513 1647 580 1681 πρὸς
595 1646 658 1676 τοὺς
675 1645 831 1681 βαρϐάρους
848 1653 933 1671 κατι-

144 1694 319 1728 κλυζομένων
333 1694 462 1729 πολέμου,
478 1693 526 1720 καὶ
539 1693 674 1728 τοσαύτης
688 1692 842 1727 τραγῳδίας
856 1691 933 1726 ἡμᾶς

145 1740 342 1777 περιεστώσης,
367 1739 498 1776 Τριϐαλοὶ
512 1739 561 1771 τὰς
583 1739 632 1775 μὲν
657 1738 712 1766 τῶν
731 1739 760 1764 ὲν
777 1737 932 1772 Μακεδονίᾳ

145 1786 249 1813 πόλεων
273 1785 428 1820 περιιόντες
442 1785 580 1820 ὑπήγοντο
590 1791 598 1798 ·
613 1783 663 1815 τὰς
676 1783 716 1815 δὲ,
738 1781 932 1818 στρατεύματα

144 1832 386 1867 περικαθίζοντες,
420 1832 467 1858 καὶ
503 1831 690 1867 μηχανήματα
727 1830 930 1866 προσάγοντες.

144 1877 241 1913 ᾗρουψ
259 1878 308 1908 τὰς
322 1877 350 1903 δὲ
366 1877 415 1903 καὶ
429 1876 502 1911 λιμῷ
527 1877 743 1911 παρεστήσαντο.
759 1875 814 1909 Τὴν
830 1875 858 1901 δὲ
875 1875 933 1901 Μυ-

145 1922 201 1948 σῶν
219 1921 350 1956 ὠμότητα
371 1921 489 1956 χαλεπὸν
503 1920 589 1955 ἑτέρῳ
601 1929 639 1954 τῳ
655 1918 826 1955 παραϐαλεῖν
837 1926 843 1934 '
859 1918 886 1944 οῖ
899 1926 931 1952 γε

144 1967 194 1997 τὰς
214 1966 417 2001 χειμαζομένας
442 1965 496 1991 τῶν
528 1964 671 1999 ἡμετέρων
699 1963 803 1990 πόλεων
827 1961 932 1989 τοσοῦτ’

144 2013 257 2048 ἀπεῖχον
269 2011 387 2046 ἀνέχειν,
401 2010 471 2037 ὥστε
488 2011 536 2041 τὰς
551 2009 601 2044 μὲν
615 2009 760 2045 ἔπραττον,
777 2008 851 2039 ὅπως
867 2008 931 2043 ρᾷον

143 2056 306 2091 ἁλῲσονται,
322 2054 400 2082 τοῦτο
417 2056 471 2090 γὰρ
485 2054 577 2085 αὐτοῖς
594 2053 721 2088 ἠδύνατο,
733 2053 763 2079 τὸ
775 2053 844 2088 μήτε
856 2052 931 2078 σίτου

147 2102 318 2138 μεταδιδόναι
333 2101 446 2132 ταύταις
462 2099 623 2131 πεινώσαις,
641 2099 741 2130 αὐτοὺς
755 2099 783 2125 ὲν
803 2098 932 2132 ἀφθόνοις

145 2150 307 2184 διάγοντας’
324 2147 373 2179 τὰς
393 2146 416 2174 δ’
438 2146 526 2178 αὐτοὶ,
554 2145 750 2180 στρατεύματα
776 2145 932 2179 πέμποντες

145 2197 194 2223 καὶ
223 2193 392 2230 στρατηγοὺς
420 2192 549 2224 οἰκείους,
569 2191 738 2226 ἀνέστησαν·
760 2191 807 2217 καὶ
829 2191 864 2217 τὰ
881 2191 931 2225 μὲν

984 1594 1041 1620 cuit
1061 1599 1158 1620 nocere
1172 1613 1180 1624 ,
1206 1600 1222 1620 a
1247 1593 1349 1620 nostris
1371 1593 1584 1620 abstinuerunt?
1617 1593 1776 1622 Enimvero.

985 1640 1129 1667 barbarico
1141 1639 1249 1667 obrutis
1267 1639 1349 1673 bello,
1363 1648 1395 1667 ac
1408 1647 1470 1666 cum
1488 1644 1562 1667 tanta
1578 1648 1629 1667 nos
1643 1640 1777 1667 malorum

983 1685 1174 1712 circumstaret
1198 1685 1468 1720 tragmdia,Tribali,
1486 1685 1554 1712 alias
1583 1685 1695 1720 quidem
1726 1686 1777 1712 cir-

984 1735 1147 1758 cumeuntes
1165 1730 1328 1758 Macedoniae
1343 1731 1424 1758 urbes
1441 1731 1596 1758 defectione
1615 1731 1777 1764 tentabant;

982 1776 1049 1804 alias
1066 1776 1185 1804 admotis
1208 1776 1375 1804 exercitibus
1390 1783 1423 1804 ac
1444 1776 1576 1804 irachinis
1596 1779 1775 1812 occupatam,

984 1823 1054 1850 alias
1065 1823 1183 1858 denique
1194 1824 1219 1850 in
1234 1823 1314 1850 famis
1327 1822 1466 1858 angustias
1476 1823 1629 1851 mittebant.
1639 1823 1777 1858 Mysorum

983 1874 1074 1897 autem
1091 1869 1293 1902 crudelitatem,
1305 1869 1349 1896 vix
1366 1869 1468 1896 habeas
1485 1869 1529 1896 cui
1540 1869 1586 1896 alii
1599 1877 1777 1904 comparave-

985 1916 1031 1943 ris.
1049 1915 1167 1942 .Tantum
1182 1915 1263 1950 plane
1279 1916 1384 1948 aberat,
1397 1921 1427 1943 ut
1445 1923 1478 1943 ne
1493 1916 1602 1951 jac-tatis
1615 1921 1776 1951 tempestate

984 1961 1086 1988 nostris
1097 1955 1212 1988 urbibds
1222 1961 1351 1996 praesidio
1364 1967 1466 1995 essent,
1477 1967 1506 1989 ut
1516 1962 1583 1990 alias
1594 1962 1777 1997 quidem,an

983 2006 1064 2034 facile
1086 2010 1262 2041 caperentur,
1285 2007 1449 2034 venderent.
1474 2006 1530 2034 Hoc
1544 2007 1618 2034 enim
1633 2007 1666 2034 iis
1682 2016 1777 2042 proni.

983 2055 1062 2086 ptum
1092 2055 1160 2079 erat.
1177 2051 1251 2086 quod
1268 2051 1340 2078 fame
1368 2051 1471 2086 pressis
1492 2053 1675 2080 necessariam
1691 2061 1777 2080 anno-

984 2103 1057 2128 nam,
1076 2101 1229 2123 commeatu
1250 2096 1301 2131 ipsi
1330 2095 1484 2129 aflluentes,
1505 2105 1559 2124 non
1587 2098 1775 2132 impertirent,

984 2142 1051 2169 alias
1080 2141 1191 2169 sibimet
1218 2141 1269 2177 ipsi
1294 2142 1434 2171 submisso
1472 2143 1559 2171 milite
1585 2151 1617 2171 ac
1647 2144 1774 2176 ducibus,

984 2187 1111 2223 proprias
1136 2193 1309 2221 assererem,
1322 2196 1353 2216 ac
1368 2188 1481 2223 quidem
1502 2196 1550 2224 per
1568 2197 1597 2216 se
1613 2189 1665 2224 ipsi
1682 2197 1776 2217 muros

144 2242 222 2276 τείχη
233 2241 266 2268 δι’
281 2239 386 2267 ἑαυτῶν
405 2237 478 2274 εἶχον
491 2259 499 2271 ,
519 2238 565 2265 καὶ
586 2237 708 2273 φρουρὰς
721 2237 815 2268 αὐτοῖς
827 2237 929 2269 οἰκείας

984 2234 1122 2266 tenebant,
1142 2241 1173 2261 ac
1195 2234 1306 2269 propria
1333 2235 1538 2262 constituebant
1556 2235 1704 2270 priesidia',
1724 2237 1761 2264 mi

146 2289 365 2324 ὲγκαϐίστασαν·
390 2287 453 2318 τοὺς
467 2286 497 2313 δὲ
517 2285 708 2320 ταλαιπώρους
726 2285 873 2320 οἰκήτορας
889 2285 934 2311 ἀεὶ

144 2324 338 2363 δουλεύσοντας
362 2331 470 2367 ἀπῆγον
484 2330 522 2361 εἰς
534 2329 584 2364 τὴν
605 2329 705 2356 αὐτῶν.
724 2330 779 2356 Καὶ
797 2329 844 2355 νῦν
861 2330 935 2363 ὀμω-

146 2379 248 2414 νύμους
275 2377 325 2412 μὲν
355 2377 416 2408 ταῖς
443 2375 593 2411 ἡμετέραις
618 2374 730 2400 πόλεσιν
749 2373 832 2406 ἄλλας
860 2371 934 2400 οὗτοι

146 2423 287 2455 συνοικίας
303 2423 349 2449 sui.
364 2423 413 2457 τῆς
431 2421 521 2449 αὐτῶν
541 2421 646 2456 ᾤκισαν
662 2420 696 2447 δι’
710 2420 798 2448 αὐτῶν
810 2427 817 2434 '
834 2420 933 2454 φόρους

146 2470 174 2496 δὲ
189 2468 335 2500 τοσούτους
349 2468 520 2502 ὲκλέγουσιν,
540 2467 612 2493 ὅσων
627 2465 684 2493 οὐδ’
700 2466 733 2493 ἂν
741 2466 771 2492 τὸ
787 2465 934 2492 πολλοστὸν

145 2514 306 2550 εἰσέπραξεν
330 2515 347 2549 ἠ
369 2513 424 2540 τῶν
444 2512 591 2548 βαρϐάρων
613 2511 806 2547 ἀπανθρωπία.
837 2511 933 2538 Καίτοι

145 2560 232 2588 ταῦτα
247 2560 400 2593 ποιοῦντες,
424 2560 474 2594 οὐχ
487 2559 561 2594 ἡμᾶς
578 2559 626 2594 μὲν
641 2558 764 2592 ἠδίκουν,
787 2558 879 2589 αὐτοῖς
906 2557 934 2584 δὲ

148 2607 308 2634 συνοίσοντα
338 2605 531 2633 ἐϐουλεύοντο·
562 2605 630 2631 ἀλλὰ
645 2604 772 2631 τοσοῦτον
795 2603 842 2631 τοῦ
865 2604 933 2639 πρὸς

146 2654 220 2689 ἡμᾶς
235 2653 329 2688 μίσους
345 2653 436 2683 αὐτοῖς
451 2651 560 2686 περιῆν,
584 2649 640 2677 ῶσθ
667 2650 737 2685 ὑπὲρ
751 2650 797 2676 τοῦ
816 2650 850 2676 τὰ
865 2649 934 2685 ἡμέ-

145 2709 211 2737 τερα
226 2700 328 2727 κακοῦν
340 2698 458 2735 ᾑροῦντο
478 2698 525 2724 xat
537 2697 615 2724 αὐτοὶ
634 2696 668 2723 τὰ
678 2697 765 2723 οίκεῖα
779 2696 934 2730 προσαπολ-

144 2748 233 2774 λῄναι.
254 2748 303 2778 'A;
327 2748 381 2781 γὰρ
407 2745 547 2781 ἡμετέρας
572 2744 651 2771 αὺτ.ὶ
675 2742 801 2778 διῴκιζον
828 2743 931 2775 πόλεις,

143 2791 224 2820 αὗται
241 2794 275 2829 τῇ
300 2793 403 2820 τούτων
419 2792 480 2819 ἀντί
494 2791 601 2826 τείχους
625 2789 784 2824 ἐγίγνοντο·
813 2790 861 2816 καὶ
875 2791 932 2822 τοῖς

143 2839 292 2874 βαρϐάροις
320 2835 448 2873 ἀσχολίαν
473 2839 665 2873 παρέχουσαι,
694 2836 802 2871 μέλλειν
821 2836 932 2864 ἐποίουν

144 2886 237 2917 αὐτοῖς
256 2885 285 2912 τὸ
303 2885 398 2918 κακδν,
409 2885 470 2912 ἀντὶ
492 2884 540 2911 τοῦ
555 2885 694 2919 παρεῖναι.
710 2883 795 2917 Δῆλον
805 2882 834 2909 δέ
844 2890 850 2898 ·
869 2882 927 2910 τού-

985 2286 1062 2307 scros
1092 2284 1182 2306 autem
1215 2280 1334 2313 incolas,
1366 2286 1506 2315 perpetuae
1537 2282 1603 2317 jugo
1633 2282 1776 2310 servitutis

984 2327 1121 2360 addictos,
1139 2335 1153 2354 a
1174 2327 1262 2362 patria
1288 2327 1473 2356 abducebant.
1492 2329 1544 2357 Sed
1564 2335 1591 2357 et
1618 2330 1710 2362 modo,
1724 2338 1774 2357 no-

984 2373 1047 2400 stris
1073 2373 1238 2408 coguomina
1266 2373 1381 2400 urbibus
1400 2373 1499 2409 oppida
1514 2375 1542 2401 in
1564 2375 1621 2402 suis
1638 2375 1689 2410 ipsi
1703 2375 1775 2402 sedi-

985 2418 1037 2446 bus
1052 2426 1101 2454 per
1119 2427 1167 2446 eos
1181 2423 1395 2453 exstruxerunt,
1410 2425 1520 2455 tamque
1543 2421 1674 2448 immensa
1691 2421 1775 2448 vecti-

985 2465 1056 2501 galia
1082 2465 1224 2500 colligunt,
1245 2470 1281 2495 ut.
1301 2473 1336 2494 ne
1357 2467 1499 2501 exigendis
1523 2467 1706 2495 Barbarorum
1726 2470 1776 2494 in-

985 2511 1102 2538 manitas
1122 2511 1217 2538 multis
1240 2512 1366 2546 partibus
1383 2512 1416 2540 ad
1445 2521 1476 2540 ea
1508 2514 1630 2541 accedat.
1652 2513 1773 2541 Tamet:i

986 2558 1044 2585 haec
1060 2562 1184 2592 agentes,
1208 2557 1281 2585 haud
1314 2559 1350 2586 ita
1371 2558 1519 2593 habebant,
1537 2567 1566 2587 ut
1590 2567 1641 2587 nos
1661 2560 1772 2594 quidem

985 2603 1128 2636 larderent,
1147 2603 1200 2632 sibi
1217 2609 1307 2632 autem
1324 2605 1398 2640 quod
1413 2613 1428 2633 e
1442 2614 1470 2633 re
1484 2612 1557 2633 esset
1571 2606 1748 2634 consulerent
1767 2617 1772 2633 :

984 2650 1052 2684 quin
1075 2650 1131 2677 imo
1145 2658 1177 2677 ea
1202 2650 1230 2677 in
1249 2659 1299 2679 nos
1327 2651 1484 2679 ferebantur
1497 2653 1552 2680 odii
1568 2653 1773 2688 cxsuperantiz,

986 2700 1015 2724 ut
1027 2696 1110 2724 modo
1124 2702 1257 2725 nocerent
1271 2698 1383 2730 nostris,
1400 2707 1448 2726 sua
1469 2699 1520 2731 ipsi
1536 2699 1654 2726 libentes
1670 2701 1748 2734 parit-
1762 2708 1774 2725 r

984 2742 1143 2777 perderent.
1156 2742 1230 2776 Quas
1256 2744 1330 2771 enim
1353 2744 1390 2780 illi
1415 2748 1525 2772 nostras
1542 2745 1710 2780 dissiparant
1726 2753 1774 2772 ur-

984 2789 1043 2821 bes,
1058 2797 1154 2816 eorum
1170 2789 1283 2818 sedibus
1299 2791 1369 2817 muri
1386 2790 1446 2818 loco
1471 2796 1549 2818 erant
1560 2812 1567 2824 ,
1585 2791 1773 2826 Barbarosque

984 2840 1163 2870 occupantes,
1188 2835 1311 2863 futurum
1335 2837 1386 2867 eis,
1413 2836 1474 2863 loco
1500 2837 1641 2871 praesentis
1671 2838 1772 2864 malum

984 2883 1131 2911 faciebant.
1161 2885 1197 2911 Ac
1229 2884 1316 2918 liquet
1345 2893 1352 2910 ι
1384 2883 1418 2910 iis
1442 2884 1514 2911 cnim
1540 2883 1698 2917 dc‘tructis,
1717 2885 1772 2920 jam
