1942 3090
189 153 241 182 E175

807 148 997 180 DEMETRII
1027 148 1181 180 CYDONll

1767 149 1818 181 97G

186 206 301 243 quidem
317 205 468 233 Trinabum
498 205 636 238 muniunt,
652 204 761 240 aliaque
776 205 896 233 obsessa
917 206 973 235 urbi

1030 215 1084 233 των
1099 205 1153 240 γὰρ
1164 205 1376 242 καθῃρημένων.
1386 204 1520 240 Τρίναϐον
1534 205 1582 240 μὲν
1594 205 1645 242 nan
1657 205 1817 241 τειχίζουσι,

188 253 318 288 praesidio
343 252 437 279 futura
451 251 598 284 inducunt,
613 251 654 278 sic
678 251 785 286 liquido
801 253 872 287 quod
890 252 977 280 inter-

183 301 258 336 jacet
271 299 408 334 Mysorum
421 302 464 326 est
483 298 589 333 praeda,
613 296 725 324 Barbari
743 302 848 330 autem,
861 297 977 326 liberius

185 354 284 374 eorum
313 345 446 372 invadent
468 350 566 375 terras.
583 351 665 379 quam
680 344 772 372 colant
790 351 872 375 suas,
885 352 978 373 nunc-

186 400 240 428 que
261 392 329 420 alias
356 391 407 426 ipsi
440 395 567 426 quaerunt
590 390 680 424 sedes,
704 394 834 425 tanquam
854 390 923 418 nihil
942 390 977 418 ab

187 440 310 468 hostium
323 439 434 466 sedibus
448 445 513 465 suas
527 437 640 465 dill‘erre
654 437 780 465 credant.

221 531 314 557 Hosne
323 537 400 564 ergo,
414 536 482 562 rogo
496 531 532 560 te,
547 527 612 555 belli
627 528 717 556 socios
733 527 856 555 vocaturi
869 534 976 560 sumus,

182 576 285 611 quibus
308 575 331 603 si
354 573 420 609 quid
436 574 515 601 nobis
537 573 680 600 infortunii
700 573 814 606 accidat,
831 572 976 600 commodo

184 622 220 649 sit.
239 629 398 652 cessurum,
418 627 542 654 quosque
569 619 649 646 malis
673 618 787 650 nostris.
801 626 898 646 omnes
913 626 977 654 pro—

184 675 278 697 vectos
306 668 412 696 sciant?
436 667 571 694 Caeterum
603 666 669 701 quid
693 673 724 693 ea
747 665 823 692 dixi?
849 665 976 699 Optimus

182 715 257 743 enim
281 718 376 741 noster
402 713 563 748 imperator.
575 717 638 747 post
655 712 756 739 multas
774 711 925 746 legationes
944 718 977 738 ac

183 762 299 789 collatos
313 767 467 791 sermones,
485 759 586 794 quibus
613 759 641 785 in
666 758 731 786 belli
748 758 909 786 societatem
927 758 977 785 ad-

182 805 324 833 ducendos
340 805 478 840 sperabat,
502 804 591 838 ipsum
613 803 711 835 illium,
727 803 836 838 imperii
851 802 975 830 futurum

181 859 385 883 successorem,
398 850 431 878 ad
449 850 607 885 nuptiarum
631 849 733 877 hedera
758 856 820 876 cum
839 848 973 884 principis

1031 253 1079 279 καὶ
1091 252 1165 279 τᾶλλ’
1184 248 1222 279 ὧν
1248 252 1289 278 δεῖ
1306 252 1362 283 τοῖς
1383 251 1634 287 πολιορκουμένοις,
1659 251 1817 286 εἰσάγουσι-

1029 297 1117 329 οὖτως
1132 298 1262 332 ἄντικρυς
1270 297 1373 325 Μυσῶν
1387 297 1446 324 λεία
1458 297 1488 323 τδ
1501 297 1615 332 μεταξύ.
1627 298 1659 324 οι
1674 297 1701 324 δὲ
1717 297 1819 332 βάρϐα-

1031 352 1072 379 ροι
1092 344 1160 378 μετὰ
1181 343 1303 376 πλείονος
1317 344 1409 370 ἐπίασι
1420 343 1470 380 τὴν
1486 344 1588 376 αὐτῶν,
1616 344 1634 379 ἢ
1651 344 1757 370 οίκοῦσι
1769 344 1818 380 τὴν

1029 390 1120 417 αὐτῶν
1131 398 1138 406 ”
1159 391 1207 418 καὶ
1222 390 1270 417 νῦν
1286 390 1370 426 ἀλλην
1389 389 1516 425 ζητοῦσιν
1537 390 1571 426 ἡν
1590 391 1732 425 οίκήσουσι
1747 390 1801 425 γῆν
1811 398 1817 405 ·

1028 436 1066 468 ὡς
1081 436 1132 471 τήν
1153 444 1185 470 γε
1203 436 1273 464 ίδίαν
1296 437 1372 463 οὐδὲν
1390 436 1440 472 τῆς
1458 436 1592 471 πολεμίας
1617 437 1818 463 πεπιστεύκασι

1028 482 1180 517 διαφέρειν.

1063 529 1181 561 Τούτους
1191 529 1292 561 τοίνυν,
1306 530 1368 556 είπέ
1396 538 1452 564 μοι,
1469 529 1620 564 καλέσομεν
1644 529 1819 564 συμμάχους,

1027 573 1078 607 οἷς,
1088 575 1121 602 ἄν
1134 584 1160 602 τι
1178 576 1348 610 πταίσωμεν,
1359 575 1469 611 εὕρημα
1481 576 1598 610 γίνεται,
1614 576 1661 601 καὶ
1672 575 1720 606 οὓς
1733 575 1821 601 artav-

1027 630 1072 653 τες
1087 622 1179 648 ῐσασιν
1209 623 1241 648 ὲκ
1257 623 1311 649 τῶν
1335 622 1480 657 ἡμετέρων
1508 622 1601 648 κακῶν
1623 622 1818 657 ηὖξημένους;

1028 668 1125 694 Καίτοι
1141 667 1168 694 τί
1181 667 1268 695 ταῦτα
1281 665 1374 701 εἴπονς
1402 667 1432 694 '0
1446 668 1500 703 γὰρ
1515 668 1603 694 πάντα
1620 669 1731 703 ἄριστος
1744 667 1821 702 βασι-

1027 714 1101 746 λεὺς,
1113 715 1127 741 ό
1140 714 1286 750 ἡμέτερος,
1299 714 1381 749 λέγω,
1397 715 1467 748 μετά
1486 715 1586 746 πολλὰς
1603 714 1755 750 πρεσϐείας
1770 715 1820 742 καὶ

1027 760 1134 794 λόγους,
1149 757 1189 792 οἷς
1201 760 1317 796 ἡλπισεν
1332 761 1431 793 αὐτοὺς
1443 762 1484 792 είς
1495 763 1545 796 τὴν
1559 761 1722 795 συμμαχίαν
1735 770 1821 795 προσ-

1027 806 1150 840 άξεσθαι,
1161 806 1209 833 καὶ
1221 806 1268 833 τὸν
1283 806 1341 833 υίὸν
1350 805 1433 834 αὑτοῦ
1446 806 1492 833 τὸν
1513 806 1572 842 μετ’
1587 800 1669 833 αὑτὸν
1692 807 1819 842 βασιλέα,

1026 853 1076 888 τὴν
1094 852 1230 888 θυγατέρα
1247 852 1294 879 τοῦ
1308 853 1410 879 Μυσῶν
1422 853 1552 888 ἄρχοντο;
1568 854 1709 888 ἠνάγκασε
1725 854 1822 887 γυναῖ-

181 898 317 934 Mysorum
343 897 414 929 lilia,
437 902 536 932 putans
564 896 604 923 sic
636 895 844 930 pelliciendum,
873 894 973 929 adegit.

1027 909 1061 926 κα
1075 899 1178 932 λαϐεῖν,
1194 899 1281 935 ταύτῃ
1297 899 1398 934 μᾶλλον
1405 899 1530 934 οἰόμενος
1546 899 1627 927 αὐτὸν
1640 900 1828 934 ἐφέλκεσθαι.Δ

181 945 265 980 Atqui
283 945 376 972 sciunt
395 951 502 973 omnes.
526 951 607 977 quam
626 943 679 969 hoc
703 941 975 977 conjugium,impe-

182 992 266 1019 ratori
309 991 421 1026 quidem
455 990 585 1017 dedecori
626 988 727 1022 fuerit,
752 996 784 1016 ac
810 989 973 1024 abjectioni,

180 1045 320 1074 quamque
337 1037 376 1064 illi
393 1036 486 1072 gloriae
502 1043 534 1064 ac
556 1035 708 1070 splendori.
726 1035 833 1070 Ergone
848 1039 922 1062 tanta
940 1035 975 1062 ab

182 1085 348 1120 imperatore
362 1083 449 1119 gratia
466 1082 572 1115 donati,
585 1081 696 1109 rcveriti
712 1086 777 1109 sunt
797 1081 974 1114 beneﬁcium,

181 1139 215 1158 ac
227 1131 268 1158 vel
286 1129 432 1157 minimum
459 1129 526 1164 quid
549 1128 584 1155 ad
605 1127 839 1155 remunerationis
854 1127 974 1162 speciem

181 1177 311 1204 conferre
326 1175 502 1211 cogitarunt?
518 1173 595 1201 Haud
614 1174 694 1209 plane
710 1183 716 1201 :
736 1173 843 1200 tametsi
855 1173 974 1200 necdum

181 1223 327 1250 conciliata
343 1221 485 1254 ailinitate,
500 1221 592 1248 omnia
611 1220 829 1255 pollicebantur;
845 1228 876 1247 ac
892 1224 974 1255 quot-

182 1272 249 1302 quot
267 1267 399 1302 promissa
420 1266 593 1294 ﬁrmantibus
612 1273 709 1293 eorum
728 1264 911 1292 sacramentis
926 1264 976 1291 nd-

182 1313 315 1340 bibebant
339 1312 472 1344 animum,
488 1312 622 1346 optimum
641 1311 735 1338 iniisse
762 1310 908 1338 consilium
926 1310 976 1337 im-

182 1364 339 1394 peratorem
366 1357 545 1385 allirmarent.
569 1357 718 1384 Enimvero
736 1364 798 1384 cum
825 1357 975 1384 necessitas

178 1407 304 1434 voearet,
333 1409 367 1429 ne
397 1401 500 1432 navim,
530 1409 566 1428 ne
594 1401 726 1436 equitem,
757 1409 792 1428 ne
821 1401 974 1436 simplicem

181 1445 310 1478 militem,
327 1452 361 1472 ne
379 1452 463 1472 unum
490 1444 602 1471 obolum
631 1445 806 1479 protulerunt
827 1453 833 1470 :
855 1445 921 1480 quin
938 1445 975 1472 ita

181 1493 210 1520 in
224 1492 308 1518 linem
324 1498 410 1526 usque
435 1490 559 1525 improbe
573 1489 625 1517 sibi
645 1490 781 1525 agendum
797 1494 973 1525 putaverunt,

181 1544 213 1567 ut
239 1547 301 1566 cum
331 1538 479 1573 imperator
515 1537 542 1564 in
574 1536 713 1572 Illyricum
741 1543 773 1564 ac
805 1537 974 1564 Pannoniam

1027 945 1119 972 Καίτοι
1138 946 1239 976 πάντες
1257 946 1358 979 ἴσασιν,
1374 946 1440 982 ὅσην
1461 946 1475 972 ὁ
1491 946 1579 981 γάμος
1595 942 1672 977 οὗτος
1686 946 1725 980 τῷ
1741 946 1821 979 βασι-

1026 990 1067 1017 λεῖ
1081 991 1131 1026 μὲν
1143 991 1254 1025 ἀδοξίαν
1271 991 1318 1018 καὶ
1330 991 1628 1026 ταπεινότητα,ὲκείνῳ
1643 991 1673 1017 δὲ
1689 991 1820 1018 εὔκλειαν

1026 1036 1153 1071 ἤνεγκεν.
1169 1034 1234 1072 Ἆρ’
1249 1036 1296 1063 οὖν
1311 1036 1441 1071 τοιαύτης
1459 1037 1552 1068 αὐτοῖς
1562 1038 1673 1072 χάριτος
1684 1038 1731 1064 τοῦ
1741 1036 1819 1071 βασι-

1026 1083 1093 1113 λέως
1112 1083 1297 1119 ὑπάρξαντος.
1312 1082 1487 1118 ᾐσχύνθησαν
1503 1083 1552 1116 τὴν
1570 1083 1742 1117 εὐεργεσίαν,
1770 1082 1819 1109 καί

1026 1136 1052 1154 τι
1067 1128 1115 1154 καὶ
1128 1128 1193 1161 παρ’
1218 1128 1308 1154 αὐτῶν
1329 1128 1424 1163 σχῆμα
1444 1127 1508 1162 γοῦν
1523 1128 1643 1162 ἀμοιϐῆς
1662 1127 1723 1162 ἕχον
1739 1129 1819 1162 γενέ-

1028 1173 1090 1200 σθαι
1116 1173 1312 1209 διενοήθησαν;
1331 1173 1475 1207 Οὐδαμῶς.
1506 1174 1604 1200 Καίτοι
1622 1173 1674 1209 πρὸ
1691 1173 1742 1207 τῆς
1767 1182 1817 1208 κη-

1026 1221 1100 1253 δείας
1115 1221 1195 1247 πάνθ’
1219 1219 1419 1255 ὑπισχνοῦντο·
1443 1220 1490 1246 καὶ
1506 1220 1606 1251 πάντες
1621 1220 1662 1251 είς
1683 1219 1728 1251 οὓς
1745 1220 1816 1255 ὑπὲρ
1838 1254 1849 1258 _

1026 1267 1130 1294 τούτων
1155 1265 1286 1301 ὤμνυσαν
1314 1265 1414 1300 ὅρκους
1439 1265 1568 1300 ὁρῶντες,
1583 1265 1674 1298 καλῶς
1695 1265 1816 1300 ἔφασκον

1028 1312 1220 1348 βεϐουλεῦσθαι
1232 1312 1278 1338 τὸν
1295 1311 1418 1345 βασιλέα.
1441 1311 1522 1338 Ἀλλὰ
1536 1312 1586 1346 τῆς
1601 1311 1696 1346 χρείας
1719 1310 1816 1337 καλού-

1028 1366 1088 1392 σης,
1110 1357 1140 1383 οὐ
1165 1356 1249 1389 ναῦν,
1265 1356 1315 1390 οὐχ
1333 1356 1431 1388 ἱππέα,
1449 1355 1497 1391 οὐχ
1520 1356 1635 1390 ὁπλίτην
1656 1355 1746 1390 ψιλὸν,
1766 1356 1817 1383 οὐκ

1025 1402 1119 1429 ὀϐολὸν
1134 1402 1182 1428 ἕνα
1199 1402 1323 1437 προεῖντο
1336 1408 1343 1415 ’
1357 1400 1415 1427 ἀλλ’
1429 1400 1502 1427 οὓτω
1516 1401 1561 1428 διὰ
1575 1401 1669 1433 τέλους
1686 1402 1815 1436 ἀγνωμο-

1026 1450 1081 1476 νεῖν
1095 1448 1180 1484 ᾤοντο
1193 1447 1259 1479 δεῖν,
1272 1447 1310 1478 ὡς
1334 1448 1382 1474 καὶ
1397 1447 1444 1474 τοῦ
1461 1447 1594 1482 βασιλέως
1607 1448 1652 1474 ἐπ’
1665 1448 1816 1482 Ἰλλυριοὺς

1026 1495 1073 1522 καὶ
1101 1495 1218 1526 Παίονας
1235 1493 1387 1529 ἀποδημεῖν
1405 1494 1566 1527 ἐγνωκότος,
1595 1494 1642 1520 καὶ
1659 1494 1693 1520 δι’
1716 1494 1814 1521 ἑαυτοῦ

1028 1540 1132 1566 πείθειν
1152 1538 1357 1574 ἐπιχειροῦντος
1372 1538 1489 1574 ἀμύνειν
1508 1538 1594 1574 αὐτῷ,
1610 1540 1686 1565 αὐτοὶ
1705 1538 1815 1574 πρῶτον

180 1584 316 1621 proficisci
331 1584 508 1616 decrevisset,
534 1584 646 1618 ipseque
664 1591 714 1618 per
736 1583 810 1610 viros
840 1582 973 1611 inducere

1026 1586 1076 1622 μὲν
1093 1585 1172 1612 πάντ’
1188 1585 1306 1616 ἐκίνουν,
1323 1585 1356 1611 δι’
1372 1582 1410 1612 ὢν
1423 1584 1537 1620 ἡλπιζον
1551 1585 1634 1611 αὑτὸν
1648 1585 1816 1620 ἀποστήσειν

182 1635 213 1657 ut
238 1629 404 1657 vindicando
432 1629 543 1658 auxilia.
570 1629 685 1662 darent;
716 1630 836 1664 primum
861 1629 972 1665 quidem

181 1676 220 1702 illi
239 1675 306 1702 nihil
323 1683 378 1702 non
393 1675 541 1707 moverint,
556 1675 658 1710 quibus
672 1675 706 1702 ab
721 1675 854 1711 ejusmodi
868 1676 972 1710 optimo

179 1722 298 1749 consilio
325 1722 522 1749 retrahendum
553 1727 696 1756 sperarent
715 1730 723 1749 :
740 1721 787 1749 ubi
813 1725 904 1749 autem
921 1721 973 1748 mi-

180 1768 254 1795 nime
285 1768 488 1803 persuasissent
513 1767 662 1795 annuerint
690 1767 813 1803 quidem,
839 1775 871 1794 ac
900 1772 972 1795 recte

178 1813 283 1841 habere
300 1813 373 1848 qttod
388 1813 542 1840 consultum
562 1818 636 1840 esset
650 1811 714 1839 fassi
730 1812 804 1844 sint;
822 1820 904 1847 quam
915 1812 973 1840 cito

181 1866 273 1887 tamen
294 1850 375 1895 'quas
401 1859 465 1886 inde
496 1859 620 1886 licuisset
649 1859 832 1886 adducentem
867 1858 971 1892 copias,

181 1905 283 1933 reverti
302 1905 476 1937 monuerint;
492 1903 564 1939 quod
582 1903 718 1938 reliquum
743 1903 884 1930 videretur
894 1903 972 1938 adje-

180 1957 275 1979 cturos
289 1959 330 1982 se.
346 1958 378 1978 ac
396 1951 503 1978 alacres
519 1949 614 1977 sociali
632 1949 704 1976 bello
720 1948 839 1981 futuros,
855 1949 972 1984 ejusque

179 1998 268 2032 gratia
293 1997 362 2024 nihil
388 2004 442 2024 non
461 1995 615 2024 molituros.
628 1995 718 2030 Atque
732 1995 791 2022 haec
806 1995 916 2030 quidem
932 1995 972 2023 illi

179 2043 391 2078 pollicebantur.
409 2043 478 2070 Num
494 2046 587 2070 autem
603 2042 694 2070 verbis
711 2049 755 2070 res
767 2042 970 2077 responderint,

180 2093 256 2116 certo
271 2096 353 2116 nosse
370 2089 445 2121 licet,
458 2096 490 2115 ex
507 2088 542 2115 iis
555 2095 614 2123 quae
627 2087 796 2116 acciderunt.
810 2087 880 2115 Olim
896 2088 969 2115 enim

179 2135 293 2162 Barbari
309 2136 437 2163 veniente
462 2134 627 2169 imperatore
643 2142 739 2169 ptenas
753 2135 902 2167 dedissent,
917 2134 969 2162 nisi

180 2180 221 2208 illi
238 2180 322 2208 sociis
348 2188 380 2216 ac
403 2179 641 2207 commilitonibus
657 2179 716 2206 vias
740 2177 969 2210 interclusissent,

1023 1633 1077 1660 τῶν
1094 1632 1184 1664 καλῶς
1201 1631 1380 1666 ἐγνωσμένων
1392 1639 1399 1647 θ
1425 1631 1462 1662 ὡς
1477 1631 1498 1657 δ’
1516 1631 1566 1657 οὐκ
1585 1631 1704 1662 ἔπειθον.
1722 1632 1812 1659 ἐνδόν-

1023 1687 1078 1711 τες,
1095 1679 1143 1705 ita!
1159 1677 1249 1708 καλῶς
1264 1677 1336 1712 ἔχειν
1353 1676 1478 1708 είπόντες
1487 1677 1521 1703 τὰ
1539 1677 1751 1712 βεϐουλευμένα,
1764 1678 1814 1713 τὴν

1022 1723 1153 1757 ταχίστην
1172 1722 1354 1756 ἀναστρέφειν
1373 1720 1522 1756 παρῄνουν,
1552 1721 1618 1756 ὃσην
1646 1721 1679 1748 ἀν
1701 1721 1815 1756 δύνηται

1022 1769 1139 1804 δύναμιν
1155 1762 1341 1802 ἐπαγόμενον·
1363 1767 1413 1802 τὴν
1427 1767 1455 1793 δὲ
1471 1767 1568 1802 λοιπὴν
1584 1767 1751 1803 προσθήσειν
1765 1769 1816 1796 αὐ-

1023 1816 1097 1847 τοὺς,
1114 1816 1160 1842 καὶ
1182 1813 1478 1850 συμπροθυμήσεσθαι,
1509 1815 1558 1840 καὶ
1580 1814 1669 1841 πάντα
1697 1815 1815 1850 πράξειν

1023 1862 1093 1896 ὑπὲρ
1108 1861 1202 1889 αὐτοῦ.
1231 1861 1325 1888 Ταῦτα
1343 1860 1391 1895 μὲν
1413 1858 1482 1896 ἦσαν
1499 1861 1528 1887 ὲν
1550 1858 1591 1891 οἷς
1615 1862 1812 1896 ὑπισχνοῦντο·

1023 1909 1048 1935 εί
1061 1908 1083 1934 δ’
1099 1905 1139 1939 οἷς
1152 1908 1256 1941 ἔλεγον,
1273 1908 1321 1934 καὶ
1331 1907 1365 1933 τὰ
1380 1907 1435 1934 ἀπὸ
1449 1906 1502 1933 τῶν
1514 1907 1686 1941 πραγμάτων
1702 1908 1814 1942 συνέϐη,

1023 1953 1128 1986 ἔξεστιν
1144 1953 1176 1979 ὲκ
1191 1953 1245 1979 τῶν
1255 1952 1415 1979 ἀποϐάντων
1428 1952 1475 1987 τὴν
1485 1952 1640 1988 μαρτυρίαν
1651 1953 1813 1987 λαμϐάνειν.

1024 2000 1111 2027 Πάλαι
1127 1998 1181 2034 γὰρ
1191 1999 1222 2025 ἂν
1236 1998 1315 2033 δίκην
1327 1998 1422 2024 ἔδοσαν
1437 1999 1461 2024 οἱ
1472 1998 1606 2034 βάρϐαροι
1620 1998 1667 2025 τοῦ
1681 1999 1815 2033 βασιλέως

1023 2044 1157 2075 ἐλθόντος,
1176 2042 1256 2078 εἰμὴ
1282 2045 1339 2074 τοῖς
1365 2044 1522 2077 συμμάχοις
1548 2040 1623 2070 οὗτοι
1646 2043 1694 2076 τὰς
1711 2044 1814 2076 διόδους

1024 2089 1203 2121 ἀπέκλεισαν,
1232 2088 1278 2114 καὶ
1304 2089 1367 2119 τοὺς
1396 2088 1552 2123 βαρϐάρους
1569 2090 1637 2124 ἡμῖν
1654 2089 1701 2116 τοῦ
1717 2090 1815 2124 θέρους

1023 2135 1174 2171 ἐπήγαγον,
1186 2133 1280 2161 οὐδένα
1297 2133 1390 2161 λοιπὸν
1402 2134 1533 2166 δεδιότας.
1548 2134 1626 2160 Ὥστ¹
1640 2135 1667 2161 εί
1676 2144 1718 2167 τις
1731 2135 1814 2170 ἄχθε-

1022 2189 1068 2206 ται
1084 2180 1140 2210 τοῑς
1156 2179 1288 2214 παροῦσι,
1308 2180 1415 2212 τούτοις
1444 2180 1493 2214 τὴν
1527 2181 1617 2206 αἰτίαν
1639 2181 1694 2207 τῶν
1719 2182 1815 2208 κακῶν

179 2226 264 2260 inque
293 2233 344 2252 nos
371 2230 476 2258 aestate,
503 2225 573 2252 nihil
600 2225 655 2260 jam
686 2226 813 2251 timentes
835 2223 972 2251 Barbaros

1026 2225 1184 2260 λογιζέσθω.
1204 2225 1245 2257 Ὠς
1260 2226 1287 2252 εἴ
1302 2225 1327 2259 γ’
1343 2226 1473 2261 ἐμμένειν
1495 2223 1568 2252 οὗτοι
1583 2228 1639 2258 τοῖς
1655 2227 1814 2262 ὑπεσχημέ-

179 2272 370 2300 immisissent.
381 2271 565 2306 Quamobrem
579 2271 602 2299 si
620 2271 682 2307 quis
701 2279 792 2298 rerum
810 2275 971 2306 prarsentem

178 2324 282 2347 statum
305 2319 421 2346 moleste
448 2318 543 2350 habet,
560 2319 697 2346 malorum
712 2318 753 2345 eis
773 2318 890 2352 imputet
908 2325 973 2344 eau-

179 2372 249 2392 sam.
262 2365 352 2399 Atque
369 2363 452 2396 adeo,
468 2364 546 2391 utilli
558 2363 716 2391 voluissent
730 2363 872 2398 promissis
887 2368 971 2394 stare,

179 2417 235 2437 non
255 2410 342 2437 modis
354 2409 482 2437 omnibus
499 2417 543 2436 res
556 2408 726 2436 confundere
739 2416 769 2435 ac
783 2408 971 2444 pessumdare,

178 2456 244 2483 olim
266 2463 317 2483 nos
339 2463 354 2482 a
376 2455 561 2482 Barbarorum
588 2455 689 2490 injuria
715 2454 797 2482 liberi
815 2462 970 2489 ageremus,

179 2502 310 2537 omnique
325 2501 524 2536 tranquillitate
543 2501 626 2528 urbes
642 2501 836 2528 incoleremus.

213 2548 281 2581 Quis
306 2555 384 2582 ergo,
400 2547 452 2574 nisi
477 2546 591 2573 insanus
617 2551 670 2576 est.
689 2547 731 2574 vel
752 2546 891 2573 modicum
905 2546 972 2581 quid

178 2595 214 2622 ab
232 2594 287 2622 illis
308 2593 473 2629 speraverit,
487 2593 589 2628 quibus
607 2597 700 2620 nostra
727 2593 808 2623 mala.
824 2601 873 2620 sua
898 2593 973 2628 ipso-

181 2650 241 2669 rum
271 2642 359 2669 salute
385 2639 585 2668 cbariora.sint
609 2646 642 2666 ae
659 2639 811 2667 studiosius
839 2639 972 2674 quaesita?

180 2688 322 2724 Siquidem
338 2695 405 2722 ergo
431 2691 461 2714 ut
488 2685 604 2722 Scythas
618 2685 698 2713 nobis
713 2686 895 2713 auxiliaturos
908 2694 972 2721 spe-

179 2744 283 2768 remus,
299 2742 401 2762 vanum
419 2738 476 2767 est;
494 2737 524 2760 ut
545 2733 670 2760 Tribalos
686 2732 852 2765 ridiculum;
871 2737 901 2760 ut
915 2733 972 2769 My-

179 2790 224 2811 sos
237 2782 306 2809 nihil
319 2781 353 2808 ad
367 2788 443 2815 spem
460 2780 634 2807 commodum
645 2799 652 2811 ,
668 2778 757 2806 nostri
774 2786 840 2806 vero
853 2786 971 2813 quorum

179 2828 286 2865 pridem
304 2827 392 2854 virtus
414 2826 522 2854 defecta
539 2826 585 2858 sit,
601 2825 675 2852 nulla
693 2824 763 2852 ratio
777 2824 903 2852 habenda
918 2829 970 2858 est,

181 2883 267 2911 quem
289 2874 416 2910 praesenti
433 2873 564 2908 deinceps
588 2871 698 2908 negotio
712 2871 904 2899 auxiliatorem
923 2879 970 2899 vo-

1024 2281 1078 2304 νοις
1097 2271 1249 2303 ἐϐούλοντο,
1276 2273 1323 2298 καὶ
1349 2273 1386 2307 μὴ
1401 2273 1489 2299 πάντα
1503 2272 1604 2308 τρόπον
1633 2275 1744 2308 συγχεῖν
1767 2275 1814 2300 καὶ

1023 2319 1194 2354 διαφθείρειν
1212 2319 1246 2344 τὰ
1263 2319 1424 2353 πράγματα,
1440 2319 1524 2346 πάλαι
1540 2319 1574 2345 ἂν
1599 2319 1679 2354 ἡμεῖς
1694 2319 1744 2353 τῆς
1759 2320 1814 2345 τῶν

1025 2365 1058 2400 βα
1065 2365 1173 2400 ρϐἀρων
1189 2363 1295 2397 ὕϐρεως
1316 2364 1515 2399 ἀπηλλάγμεθα
1525 2383 1534 2397 ,
1549 2365 1596 2391 καὶ
1622 2364 1683 2399 μεθ’
1697 2364 1814 2401 ἡσυχίας

1023 2412 1072 2444 τὰς
1087 2411 1181 2443 πόλεις
1197 2410 1336 2446 ᾠκοῦμεν.

1059 2549 1106 2580 Τίς
1120 2546 1177 2580 οῦν,
1194 2548 1273 2580 εἴτις
1289 2546 1327 2582 μὴ
1354 2547 1489 2583 μαίνοιτο,
1506 2546 1617 2582 μέτριον
1638 2546 1672 2573 ἄν
1694 2553 1722 2572 τι
1735 2546 1813 2580 παρά

1022 2594 1126 2621 τούτων
1153 2594 1273 2627 ἐλπίσαι,
1299 2591 1339 2625 οἷς
1364 2593 1400 2620 τὰ
1416 2592 1537 2628 ἡμέτερα
1564 2592 1636 2619 κακά
1655 2593 1706 2627 τῆς
1722 2591 1814 2618 αὐτῶν

1024 2641 1162 2676 σωτηρίας
1174 2640 1275 2676 μᾶλλον
1288 2639 1484 2673 σπουδάζεται;
1502 2639 1607 2666 Οὐκοῦν
1623 2640 1647 2665 εί
1662 2639 1692 2665 τὸ
1705 2638 1812 2670 Σκύθας

1024 2688 1072 2722 μὲν
1087 2688 1151 2723 ἡμῖν
1165 2687 1273 2722 βοηθεῖν
1288 2687 1384 2719 ἕωλον,
1401 2687 1488 2721 γέλως
1507 2685 1535 2712 δὲ
1550 2687 1565 2721 ἡ
1578 2685 1724 2720 Τριϐαλῶν
1743 2693 1814 2720 συμ-

1024 2734 1121 2768 μαχία,
1149 2733 1300 2759 ἀνέλπιστα
1322 2733 1350 2758 δὲ
1377 2732 1412 2759 τὰ
1427 2732 1541 2764 Μυσῶν,
1568 2732 1643 2767 ἡμᾶς
1661 2731 1684 2757 δ’
1697 2729 1731 2758 αὖ
1751 2730 1813 2757 οὐδὲ

1023 2778 1252 2815 προσλογίζεσθαι
1263 2779 1316 2814 χρὴ
1329 2779 1414 2805 πάλαι
1427 2778 1614 2813 ἀπειρηκότας
1626 2786 1632 2792 ·
1650 2777 1710 2804 τίνα
1719 2776 1814 2803 λοιπὸν

1023 2825 1174 2860 καλέσομεν
1186 2825 1330 2860 σύμμαχον
1344 2826 1390 2851 ἐπὶ
1403 2825 1438 2851 τὰ
1452 2826 1591 2860 παρόνται
1616 2823 1653 2850 Οὐ
1662 2823 1716 2857 γάρ
1726 2822 1813 2857 δήπου

1024 2871 1209 2906 Μασσαγέτας
1227 2871 1380 2907 ἀξιώσομεν
1395 2871 1466 2906 δεῦρ’
1483 2871 1572 2906 ἥκειν,
1594 2870 1814 2905 μετασχήσοντας
