1942 3090
140 117 193 150 977
613 122 756 154 ORATIO
774 123 848 154 PRO
869 124 1048 156 SUBSlDlO
1068 124 1306 156 LA'l‘lNOliUM'.
1714 127 1778 159 973

138 174 186 201 τοῦ
202 173 321 210 πολέμου
330 182 337 190 ⁸
353 175 369 211 ἢ
383 174 452 210 πρὸς
462 176 526 209 τοὺς
540 176 589 212 τὴν
601 177 653 210 ἔξω
666 177 776 213 Στηλῶν
792 178 919 205 θάλατται

979 180 1155 207 caverimus?
1167 180 1237 208 Nam
1255 180 1322 208 forte
1335 180 1498 215 Massagetas
1511 179 1565 207 huc
1578 179 1674 207 adesse
1690 188 1771 215 roga-

138 221 280 253 οζκοῦντας
295 222 441 258 πέμψομεν
461 224 607 259 πρέσϐειςς
635 225 792 260 Συμΰούλου
808 225 830 252 δ’
853 224 919 252 εἷναι

977 225 1080 257 bimus,
1096 226 1178 260 inque
1206 226 1267 254 belli
1291 226 1449 253 societatem
1465 225 1584 253 venire?
1600 225 1641 252 vel
1655 226 1767 253 nuntios

138 268 169 294 οὐ
193 269 250 299 τοῖς
278 268 328 303 μὲν
345 268 392 295 ὑπ’
405 269 493 296 ἄλλων
510 270 669 306 λεγομένοις
688 272 829 307 ἐπιτιμᾷν,
844 272 926 298 αὑτὸν

137 313 161 340 δ’
175 312 193 342 ἃ
220 315 339 342 συνοίσει
363 315 401 351 μὴ
422 315 531 348 λέγειν⁸
553 316 613 344 ἀλλ’
634 318 797 344 ἀντειπόντα
819 318 875 348 τοῖς
891 317 922 343 οὐ

137 360 230 392 καλῶς
244 360 369 388 δοκοῦσιν
393 361 520 397 εἰρῆσθαι
544 363 688 398 πρότερον,
713 363 794 390 αὐτὸν
809 363 924 398 ὕστερον

136 407 169 440 τῇ
183 405 280 442 γνώμῃ
296 408 420 442 κρατεῖν.
434 408 531 435 Καίτοι
550 408 713 443 ἀπεροῦσιν
731 408 755 435 al
771 409 854 444 μηδὲν
867 408 926 435 ἔτε-

139 459 184 486 ρον
204 453 232 478 ὲν
259 454 292 488 τῇ
319 453 396 492 πόλει
411 454 604 489 συμεουλεύειν
623 454 797 493 σκοποῦντες,
817 455 833 490 ἢ
850 455 924 486 ὅπως

135 498 192 529 τοῖς
205 497 242 534 μὴ
259 499 293 526 τὰ
312 499 434 527 δοκοῦντ’
449 501 540 532 αὐτοῖς
554 501 682 535 λέγουσιν
693 500 863 536 ἀντεροῦσιν.

981 271 1013 298 ad
1031 278 1079 298 eos
1102 271 1253 304 mittemus,
1269 271 1316 306 qui
1345 271 1450 298 insulas
1468 278 1500 298 ac
1519 279 1594 298 mare
1618 276 1694 298 extra
1713 271 1768 299 Cn-

976 315 1086 343 lumnas
1115 316 1259 344 habitant?
1275 317 1360 344 Porro
1377 321 1467 344 autem
1486 317 1636 344 consiliarii
1654 317 1699 347 sit,
1710 324 1765 343 non

983 366 1014 389 ut
1028 361 1062 389 ab
1073 362 1134 390 aliis
1147 362 1219 389 dicta
1232 363 1437 396 vituperaverit,
1454 362 1523 389 nihil
1540 369 1606 389 vero
1622 362 1680 396 ipse
1692 361 1766 396 quod

977 416 993 436 e
1026 416 1056 435 re
1081 408 1127 439 sit,
1157 416 1189 436 ac
1224 408 1398 436 conducibile
1422 409 1532 441 dixerit,
1547 408 1594 435 sed
1624 408 1719 442 magis,
1737 411 1766 433 ut

978 455 1056 489 prius
1081 454 1207 482 refutatis
1225 462 1285 489 quae
1303 462 1356 481 non
1375 455 1446 482 bene
1461 454 1534 482 dicta
1554 454 1693 484 videntur.
1707 453 1767 487 ipse

978 501 1152 535 postmodum
1184 502 1320 528 sententia
1347 501 1546 536 superaverit:
1574 500 1681 527 tametsi
1701 503 1768 526 sunt

134 545 347 579 contradicturi,
360 547 407 581 qui
424 547 492 574 nihil
509 548 582 575 aliud
600 547 627 575 in
643 548 755 575 civitate
772 547 928 575 deliberant
946 553 978 574 ac
1011 546 1119 573 consilii
1137 546 1243 579 ineunt,
1275 553 1355 581 quam
1373 551 1402 573 ut
1424 546 1467 580 iis,
1481 546 1528 581 qui
1548 547 1638 574 minus
1654 546 1765 581 placen-

136 590 172 618 tia
187 590 318 624 dixerint,
332 593 536 621 contradicanl.

175 637 247 671 Ἐγὼ
264 638 293 665 δὲ
308 639 419 674 πρῶτον
434 640 495 676 μὲν,
508 638 530 668 ὦ
544 641 653 678 ἄνδρες,
667 641 923 677 ἁξιώσαιμάὐτοὺς

132 682 233 718 λέγειν,
250 685 277 710 ετ
290 693 318 712 τι
341 687 398 717 τοῖς
424 687 581 722 εἰρημένοις
605 688 766 722 ἐπιτιμῶσι,
794 688 843 715 καὶ
867 687 923 714 δει-

133 728 225 755 κνύειν
239 729 255 764 ἢ
271 730 309 762 ὼς
324 730 372 766 οὐχ
385 731 501 758 ἕκαστον
512 733 566 759 τῶν
575 732 824 769 ἀπηριθιμημένων
842 742 924 769 προσο

131 774 202 799 εἶναι
225 774 265 801 δεῖ
285 776 340 808 τοῖς
373 776 439 811 ἡμῖν
461 779 708 815 συμμαχήσουσιν·
735 779 751 814 ἦ
774 778 829 813 ἐγὼ
858 778 922 808 τοὺς

1012 640 1069 674 Ego
1087 644 1191 671 autem,
1207 640 1413 672 auditores,eos
1428 640 1547 675 primum
1563 640 1673 668 edicere
1687 647 1767 674 roga-

974 686 1072 718 verim,
1089 693 1154 712 num
1172 685 1237 720 quid
1254 685 1281 712 in
1297 685 1416 720 praefatis
1435 685 1696 720 reprehendendum
1713 685 1764 712 ba-

973 735 1065 768 beant,
1081 734 1290 769 ostendantque,
1307 739 1355 761 aut
1378 741 1431 761 non
1455 741 1567 762 necesse
1584 741 1646 761 esse
1662 737 1691 761 ut
1707 734 1766 761 haec

975 780 1068 807 omnia
1094 780 1196 812 adsint,
1223 780 1286 807 belli
1307 779 1387 807 nobis
1405 779 1504 807 futuris
1528 779 1628 811 sociis,
1643 778 1686 806 vel
1701 785 1763 813 ego.

134 819 179 846 ὕπ’
198 820 289 848 αὐτῶν
308 821 473 857 λεγομένους
501 824 674 860 συκοφαντῶ,
695 824 743 851 καὶ
767 824 919 860 χρησίμους

975 834 1046 861 quos
1061 826 1100 854 illi
1117 826 1236 854 dixerint
1249 827 1276 854 in
1291 826 1397 854 crimen
1409 825 1526 857 vocabo,
1547 825 1664 860 urbique
1680 825 1763 852 utiles

133 866 279 901 ἐσομένους
292 869 324 904 τῇ
343 869 431 901 πόλει,
453 871 589 906 πονηροὺς
609 871 761 906 ἀποφαίνω.
780 871 810 897 Εἰ
822 871 850 897 δὲ
868 879 921 906 μη-

131 909 242 945 δέτερον
261 913 348 939 ποιεῖν
364 913 550 949 ἐθελήσουσιν,
577 915 646 950 ὅπερ
666 915 732 950 ἡμῖν
747 915 918 949 ἐγκαλοῦσιν,

130 955 209 982 αὐτοὶ
232 957 365 992 πρότερον
382 957 534 991 πείσονται,
555 960 602 985 καὶ
620 959 743 992 δόξουσιν
760 960 826 994 ἡμῖν
845 960 921 986 ἀντι-

130 1001 232 1036 λέγειν,
262 1002 393 1037 οὐδεμίαν
421 1004 499 1030 αὐτοὶ
518 1004 633 1040 γνώμην
656 1004 839 1040 είσφὲροντες.
853 1004 885 1031 EE
897 1003 921 1031 δ’

131 1048 274 1083 ἀμφότερα
284 1048 374 1081 καλῶς
385 1050 492 1085 εἴρηται
507 1050 573 1086 παρ’
583 1051 671 1086 ἡμῶν,
679 1050 920 1078 λείπεταισκοπετν

131 1092 160 1118 ἐν
175 1093 269 1128 κοινῷ,
286 1094 358 1125 τίνες
379 1094 403 1121 οἱ
419 1095 488 1130 πρὸς
503 1096 537 1122 τὰ
561 1096 683 1131 παρόντα
703 1097 735 1131 τῇ
753 1096 832 1122 πόλει
846 1096 920 1122 λυσι-

87 1166 91 1173 ,
129 1138 300 1173 τελήσοντες.
319 1140 357 1167 Οὐ
380 1141 434 1176 μὴν
448 1141 507 1168 ἀλλ’
530 1141 573 1168 ῐνα
596 1143 635 1177 μὴ
653 1142 724 1169 δοκῶ
741 1141 819 1176 λόγον
831 1142 920 1173 ἄλλως

131 1184 212 1219 μόνον
226 1183 296 1212 εἶναι
310 1187 344 1213 τὰ
360 1186 426 1222 παρ’
440 1187 529 1222 ἡμῶν,
545 1188 600 1214 τῶν
620 1188 647 1215 δὲ
664 1188 836 1224 πραγμάτων
849 1187 920 1215 ἑκὼν

128 1227 162 1254 δι’
179 1230 299 1263 ἀπορίαν
311 1231 490 1265 ἀφίστασθαι,
507 1232 561 1267 ἐρῶ
572 1232 606 1259 τὰ
621 1232 767 1260 δοκοῦντα·
792 1233 919 1260 τοσοῦτον

129 1274 208 1309 ἡμῶν
226 1275 344 1310 δεηθεὶς,
360 1277 398 1312 μὴ
417 1278 549 1316 πρότερον
565 1278 701 1314 θορυϐεῖν,
715 1279 743 1305 εί
755 1288 782 1306 τι
799 1279 876 1315 παρὰ
889 1280 919 1306 τδ

127 1319 224 1347 δοκοῦν
240 1321 305 1356 ὑμῖν
330 1323 347 1357 ή
364 1323 506 1359 συμῦουλὴ
531 1324 667 1359 περιέξει·
686 1324 744 1352 ἀλλ’
761 1326 918 1360 ἀνασχομέ-

129 1374 191 1398 νους
209 1366 263 1394 τῶν
278 1367 392 1399 λοιπῶν,
409 1369 469 1395 τότε
493 1369 510 1404 ἢ
527 1369 683 1402 συνθέσθαι,
707 1369 723 1405 ἢ
740 1370 796 1401 τοῖς
810 1372 918 1406 καιροῖς

129 1411 196 1439 ἄλλο
214 1422 240 1439 τι
265 1414 473 1450 χρησιμώτερον
496 1415 666 1450 ἐξευρίσκειν
681 1416 841 1451 πειρᾶσθαι.
861 1416 918 1442 Οὐκ

128 1459 232 1494 ἀπορίᾳ
250 1460 404 1495 συμμάχων
432 1462 478 1487 ἐπὶ
503 1461 576 1488 τοῦτ’
601 1461 753 1496 ἀφίγμεθα,
768 1459 790 1489 ὦ
809 1461 915 1497 ἄνδρες,

973 873 1145 900 existimatos
1173 873 1261 900 malos
1285 872 1485 908 pronuntiabo.
1514 871 1562 899 Sin
1588 876 1678 898 autem
1695 879 1765 899 neu-

971 919 1044 945 trum
1073 917 1160 952 velint
1186 921 1326 951 praestare,
1352 917 1403 951 ipsi
1430 916 1509 951 prius
1537 923 1619 943 causa
1652 915 1761 949 cadent,

969 962 1194 996 videbunturque
1222 961 1302 989 nobis
1329 960 1531 994 contradicere,
1562 966 1624 987 cum
1659 960 1761 992 nullam

971 1007 1021 1042 ipsi
1034 1007 1195 1035 sententiam
1211 1006 1340 1034 inierant.
1353 1005 1431 1039 Quod
1440 1006 1462 1033 si
1473 1006 1543 1034 bene
1551 1011 1579 1033 et
1591 1011 1620 1034 ut
1634 1012 1682 1041 par
1689 1009 1761 1037 erat,

970 1058 1084 1088 utraque
1093 1053 1222 1084 diximus,
1235 1053 1370 1087 reliquum
1379 1053 1564 1080 estcommnni
1580 1052 1763 1080 deliberemus

969 1098 1095 1130 consilio,
1109 1098 1221 1133 quinam
1251 1105 1343 1125 rerum
1360 1099 1486 1131 praesenti
1501 1103 1585 1130 statu,
1603 1098 1690 1125 futuri
1706 1097 1762 1125 sint

970 1144 1031 1172 urbi
1051 1144 1141 1171 utiles.
1160 1144 1322 1178 Enimvero,
1348 1148 1427 1171 utne
1446 1144 1549 1171 nudum
1574 1147 1677 1171 temere
1700 1151 1760 1171 ser-

971 1197 1081 1217 monem
1113 1190 1224 1217 eﬂ‘utire
1252 1190 1370 1223 videar,
1399 1189 1547 1224 libensque
1571 1196 1628 1224 prae
1652 1189 1765 1216 consilii

971 1235 1063 1271 inopia
1077 1244 1093 1263 a
1107 1236 1190 1264 rebus
1217 1240 1320 1264 memet
1334 1235 1507 1268 abstrahere,
1528 1235 1617 1262 dicam
1632 1243 1693 1269 qua:
1714 1234 1759 1261 vi-

970 1283 1084 1314 dentur.
1104 1283 1156 1310 hoc
1176 1287 1282 1310 tantum
1313 1290 1423 1317 rogans,
1449 1286 1477 1308 ut
1498 1281 1588 1316 siquid
1615 1281 1760 1308 consilium

971 1337 984 1356 a
1003 1333 1096 1356 vestro
1113 1328 1233 1356 alienum
1250 1336 1332 1356 sensu
1360 1327 1571 1368 complectatur.
1599 1335 1653 1354 non
1684 1327 1761 1361 prius

971 1375 1118 1403 tumultum
1136 1375 1233 1403 cientis
1247 1395 1257 1407 ,
1274 1374 1322 1403 sed
1338 1374 1503 1409 exspectetis
1517 1374 1634 1408 reliqua,
1649 1377 1766 1407 tumque

969 1421 1012 1448 vel
1030 1421 1175 1456 praebcatis
1204 1428 1359 1453 assensum,
1376 1421 1419 1448 vel
1444 1419 1518 1448 aliud
1536 1419 1677 1455 quidpiam
1695 1426 1759 1446 con-

970 1475 1068 1500 gruum
1093 1467 1180 1502 magis
1209 1467 1380 1502 temporibus
1406 1466 1531 1494 invenire
1562 1463 1762 1494 tentetis.Non'

128 1505 173 1532 οὗ*
189 1506 247 1532 ἀλλ*
273 1506 355 1542 ἕτερα
374 1507 428 1533 τῶν
444 1508 588 1543 παρόντων
607 1507 701 1535 κακῶν
724 1508 789 1543 ἡμῖν
807 1507 918 1542 γέγονεν

973 1512 1035 1540 belli
1061 1512 1200 1540 sociorum
1226 1512 1346 1544 defectu,
1363 1512 1515 1544 auditores,
1534 1511 1562 1538 in
1576 1519 1639 1539 eum
1657 1515 1759 1538 statum

130 1551 207 1578 αἴτια
218 1560 226 1567 ·
239 1552 257 1579 ὃ.
272 1551 322 1587 τῆς
342 1553 481 1585 πολιτείας
501 1553 692 1590 κρατήσαντα,
703 1554 752 1580 καὶ
761 1554 917 1589 συμμαχεῖν

128 1597 295 1632 δυναμένους
308 1598 411 1633 ἑτέροις
428 1599 514 1634 ἡμᾶς,
529 1599 576 1626 νῦν
588 1600 650 1630 τοὺς
671 1598 854 1634 βοηθήσοντας
869 1606 917 1625 πε-

131 1644 249 1679 ριιόντας
266 1645 417 1678 ἀναγκάζει
443 1645 546 1681 ζητετν.
573 1645 718 1681 Σύμμαχοι
737 1645 759 1672 δ’
773 1646 839 1681 ἡμῖν
863 1645 917 1672 είσι

129 1690 178 1717 καὶ
189 1690 282 1718 πολλοὶ
297 1692 345 1718 καὶ
370 1691 449 1719 καλοὶ
466 1693 514 1718 καὶ
540 1691 666 1718 τοσοῦτον
690 1691 837 1726 ἀχθόμενοι
859 1692 916 1723 τοῖς

127 1737 273 1772 ἡμετέροις
285 1739 392 1772 κακοῖς,
405 1739 466 1765 ὅσον
477 1739 549 1774 ἡμᾶς
561 1738 644 1772 ἔγωγ’
656 1738 688 1765 ἂν
703 1738 838 1773 εὐξαίμην
851 1738 916 1773 ὑμῖν

130 1783 222 1814 αὐτοῖς
238 1783 392 1818 συναλγεῖν.
422 1783 499 1811 Εἴπω
516 1785 611 1816 τίναςο
633 1784 769 1817 κελεύετε,
800 1785 846 1811 καὶ
865 1784 916 1811 οὐκ

127 1831 275 1864 ὀργιεῖσθε.

971 1557 1075 1585 redacti
1090 1565 1196 1586 sumus.
1212 1558 1323 1585 Minime
1338 1557 1460 1592 gentium
1477 1565 1485 1590 ;
1500 1564 1594 1584 verum
1610 1557 1664 1584 alia
1678 1556 1764 1583 nobis

971 1608 1003 1632 ut
1018 1604 1045 1632 in
1061 1604 1118 1632 haec
1138 1605 1208 1632 mala
1222 1604 1422 1637 incideremus,
1437 1604 1466 1632 in
1479 1611 1561 1631 causa
1576 1603 1759 1634 exstiterunt,

971 1657 1059 1684 eaque
1074 1650 1235 1684 occupantia
1250 1650 1458 1685 rempublicam,
1470 1657 1533 1677 cum
1546 1649 1613 1676 tales
1625 1655 1759 1681 essemus,

971 1696 1018 1732 qui
1046 1696 1111 1724 belli
1134 1696 1202 1724 socii
1227 1695 1288 1724 aliis
1315 1696 1441 1723 auxiliari
1467 1702 1621 1730 possemus.
1647 1701 1681 1721 eo
1710 1701 1760 1721 nos

971 1742 1140 1777 compulere,
1164 1746 1194 1769 ut
1208 1742 1282 1769 omni
1308 1746 1385 1776 parte
1399 1741 1557 1769 auxiliarios
1570 1748 1694 1775 quaerere
1711 1746 1760 1766 ne-

971 1794 1079 1815 cessum
1099 1786 1260 1814 babeamus.
1285 1786 1372 1814 Porro
1401 1786 1481 1814 nobis
1509 1790 1575 1813 sunt
1591 1785 1656 1812 belli
1679 1783 1764 1818 socii,

970 1832 1045 1867 iique
1061 1832 1140 1860 multi
1156 1839 1188 1859 ae
1204 1832 1280 1865 boni,
1293 1833 1395 1867 quique
1417 1831 1488 1859 adeo
1501 1837 1593 1859 nostra
1609 1831 1680 1858 mala
1696 1837 1762 1857 mo-

127 1878 198 1906 leste
211 1878 311 1911 ferant,
325 1883 356 1906 ut
372 1879 412 1906 sic
436 1886 487 1907 nos
499 1879 558 1915 ipse
571 1883 664 1914 optem
679 1883 774 1907 nostra
806 1878 892 1912 ferre,
923 1884 956 1906 ac
974 1878 1056 1907 nobis
1073 1877 1232 1906 condolere.
1255 1878 1350 1906 Dicam
1377 1877 1514 1912 homines,
1533 1877 1638 1913 iubete,
1654 1883 1687 1904 ac
1704 1876 1759 1904 iras

127 1924 276 1951 continete.

162 1971 231 2003 Τοὺς
244 1971 290 1998 νῦν
303 1971 420 2007 ἥκοντας
441 1971 594 2006 Ῥωμαίους
611 1970 684 2006 φημὶ
708 1970 756 1997 καὶ
782 1970 817 1997 τὰ
849 1970 921 1997 ὲκεί-

127 2026 181 2045 νων
195 2018 275 2050 ὅπλα,
288 2018 334 2044 καὶ
347 2018 396 2053 τὴν
409 2018 521 2052 ἀνδρίαν
533 2026 540 2033 ·
555 2017 570 2044 ὃ
599 2018 647 2044 καὶ
666 2015 800 2050 θαυμάζω
821 2016 845 2042 εί
872 2016 920 2043 καὶ

127 2063 248 2097 τοῦνομα
273 2063 338 2097 γοῦν
371 2063 419 2098 οὐχ
452 2063 543 2090 ἰκανὸν
571 2063 636 2097 ὑμῖν
661 2062 829 2089 διαλλάττειν
856 2061 919 2093 τοὺς

129 2109 239 2143 ἄνδρας.
256 2109 396 2144 Σκέψασθε
408 2108 508 2141 τοίνυν,
519 2109 542 2134 εἰ
558 2108 629 2139 τίνος
644 2107 699 2134 τῶν
709 2106 919 2142 προειρημένων

129 2157 200 2183 ἐνδεῖ
212 2156 267 2186 τοῖς
289 2154 444 2190 συμμάχοις
470 2154 547 2188 ἡμῖν,
577 2153 677 2188 μᾶλλον
692 2152 713 2179 δ’
729 2153 754 2178 εί
783 2152 820 2186 μὴ
850 2151 919 2186 πρὸς

1008 1971 1158 2000 Venientes
1180 1979 1254 2000 nunc
1270 1972 1410 2000 Romanos
1434 1972 1496 2000 dico
1513 1980 1666 2007 eorumque
1682 1979 1759 1999 arma

972 2023 1005 2045 ac
1018 2016 1226 2046 fortitudinem:
1240 2025 1272 2045 ac
1285 2018 1396 2050 mirum,
1411 2019 1440 2046 ni
1453 2019 1542 2054 ipsum
1558 2025 1668 2051 nomen,
1685 2017 1759 2044 viros

971 2062 1050 2090 vobis
1066 2063 1204 2092 conciliet.
1218 2065 1334 2092 Pensatc
1345 2072 1421 2100 ergo,
1435 2073 1500 2092 num
1511 2064 1577 2100 quid
1589 2072 1685 2092 eorum
1698 2071 1764 2098 quae

971 2107 1161 2143 praediximus,
1189 2109 1253 2137 belli
1271 2110 1350 2137 nobis
1367 2109 1451 2137 sociis
1473 2110 1561 2142 desit;
1585 2110 1652 2144 quin
1669 2109 1761 2144 potius

971 2161 1038 2181 num
1055 2154 1163 2182 abunde
1175 2155 1314 2189 omnibus,
1331 2156 1432 2190 qnibus
1444 2155 1508 2190 quis
1519 2155 1676 2186 auxilietur.
1691 2163 1760 2190 prae-

129 2202 218 2230 πάντα
237 2201 307 2236 μετὰ
324 2200 370 2227 τοῦ
401 2200 543 2235 περιόντος
570 2198 712 2234 ἀρκοῦσιν.
727 2197 832 2224 Οὐκοῦν
855 2197 918 2224 ὅθεν

973 2197 1022 2226 diti
1044 2198 1110 2225 sint.
1128 2199 1222 2233 Itaque
1240 2199 1312 2227 unde
1326 2200 1414 2235 coepi,
1430 2208 1444 2227 a
1460 2201 1613 2233 communi,
1633 2201 1757 2235 inquam,

129 2248 336 2284 ὴρξάμην,ἀπὺ
367 2244 415 2273 τοῦ
444 2245 534 2273 κοινοῦ
558 2245 678 2280 δηλονότι
707 2246 915 2280 προσρήματος,

129 2295 280 2329 ποιήσομαι
295 2293 345 2328 τὴν
357 2293 457 2327 ἀρχήν.
487 2291 564 2322 Τίνες
593 2291 738 2325 Ῥωμαίοις
772 2289 917 2324 Ῥωμαίων

128 2341 288 2375 οἰκειότεροι
316 2339 472 2374 σύμμαχοις
491 2338 507 2373 ἢ
525 2338 597 2368 τίνες
616 2335 835 2370 ἀξιοπιστότεροι
862 2336 917 2362 τῶν

128 2385 179 2421 τὴν
193 2385 278 2420 αὐτὴν
291 2385 408 2420 ἑχόντων
430 2383 561 2418 πατρίδας
582 2383 615 2408 'H
634 2382 687 2416 γὰρ
713 2382 824 2408 ἐκείνων
841 2381 917 2413 πόλις

129 2432 180 2466 τῆς
192 2431 329 2466 ἡμετέρας
342 2430 509 2465 μητρόπολις
525 2430 621 2464 γέγονε
632 2436 641 2446 ο
657 2428 704 2455 καὶ
722 2429 778 2458 τοῖς
793 2427 918 2458 ἀποίκοις

129 2478 320 2513 κοινωνήσασα
333 2477 381 2510 τῆς
395 2475 564 2510 ἐπωνυμίας,
580 2474 671 2508 ἐκείνη
693 2473 742 2508 μὲν
765 2473 859 2508 ὥσπερ
876 2481 918 2504 τις

130 2524 262 2559 πρόϐολος
291 2523 398 2558 ἔμεινεν
412 2523 457 2549 ἐπὶ
485 2521 534 2555 τῆς
564 2521 701 2555 ἑσπέρας·
719 2519 792 2554 ἡμᾶς
814 2519 842 2545 δὲ
867 2520 917 2554 τῆς

136 2571 228 2601 Ἀσίας
245 2569 431 2604 ἡγησομένους
445 2567 598 2602 ιξέπεμψεν
609 2564 694 2593 ’πῶσίν
707 2566 754 2592 ἕνα
770 2565 819 2600 μὲν
832 2566 918 2600 δῆμον

130 2615 204 2650 ἡμᾶς
221 2623 251 2640 τε
266 2614 410 2645 κάκείνους
424 2613 522 2644 δοκεῖν,
541 2611 604 2646 μίαν
616 2611 644 2638 δὲ
657 2610 733 2637 πόλιν
748 2611 916 2645 ἀμφοτέρας,

130 2660 160 2686 ὲν
177 2659 292 2685 ἀποίκου
304 2659 351 2685 καὶ
367 2656 559 2693 μητροπόλεως
580 2655 700 2690 σχήματι
728 2655 915 2688 τεταγμένας·

132 2702 216 2738 μηδὲν
249 2702 278 2729 δὲ
308 2701 418 2728 εἷναιτὺ
443 2700 573 2736 διαιροῦν,
604 2699 672 2734 πλὴν
697 2698 759 2724 ὅσον
787 2698 836 2733 τὴν
869 2699 918 2733 μὲν

136 2748 276 2783 Ῥωμύλος
290 2747 418 2783 ἱδρύσατο
429 2756 437 2763 ·
453 2746 503 2781 τὴν
514 2746 535 2773 δ’
546 2746 560 2772 ὁ
585 2744 633 2780 τὴν
651 2743 755 2770 ἐκείνου
779 2743 918 2778 βασιλείαν

131 2794 322 2829 διαδεξάμενος
338 2793 422 2828 ἔπηξε
437 2791 652 2822 Κωνσταντϊνος.
671 2789 752 2816 Ἀλλὰ
769 2789 823 2824 μὴν
838 2789 918 2818 αὐτόν

135 2849 161 2866 τε
175 2841 389 2874 Κωνσταντῖναν,
408 2839 438 2868 οὗ
470 2840 556 2867 πάντα
579 2838 613 2865 τὰ
640 2837 761 2872 ἡμέτερα
789 2837 915 2872 ἤρτηται,

972 2244 1166 2278 appellatione,
1181 2244 1245 2272 inde
1259 2245 1357 2272 duram
1371 2245 1525 2273 exordium.
1549 2246 1688 2280 Quasnam
1704 2246 1759 2273 Ro-

971 2290 1046 2316 mani
1071 2290 1203 2318 Romanis
1221 2290 1307 2325 magis
1319 2291 1493 2319 necessarios
1516 2293 1607 2320 socios
1623 2292 1762 2320 habeant?

971 2334 1113 2368 Quosnam
1139 2343 1205 2363 vero
1227 2336 1261 2363 ad
1274 2335 1355 2364 tidem
1373 2338 1599 2372 comparationes,
1611 2345 1693 2367 uuam
1710 2339 1759 2373 qui

971 2382 1075 2410 habent
1089 2382 1214 2410 eatndem
1236 2382 1372 2417 patriam?
1390 2382 1490 2410 Eorum
1507 2391 1626 2419 namque
1650 2385 1757 2417 civitas,

971 2432 1073 2455 nostrae
1089 2428 1248 2462 metropolis
1263 2433 1324 2460 est;
1342 2436 1460 2463 cumque
1479 2429 1595 2457 colonia;
1612 2437 1759 2457 commune

971 2473 1139 2508 impertisset
1158 2481 1270 2507 nomen,
1298 2475 1356 2509 ipsa
1375 2474 1486 2510 quidem
1512 2476 1588 2503 velut
1603 2484 1760 2512 propugna-

972 2520 1064 2547 culum
1073 2519 1101 2547 in
1113 2520 1260 2547 Occidente
1272 2520 1390 2553 mansit;
1403 2528 1454 2548 nos
1463 2529 1539 2553 vero.
1551 2522 1598 2557 qui
1610 2522 1758 2556 Asiaprae-

971 2570 1105 2597 essemus,
1129 2563 1231 2596 emisit,
1247 2568 1278 2591 ut
1291 2564 1371 2599 plane
1395 2565 1515 2600 utrique.
1539 2574 1611 2593 unus
1627 2566 1759 2601 idemque

972 2609 1089 2644 populus
1113 2609 1277 2642 videamur;
1303 2610 1446 2645 ambmque
1466 2611 1548 2638 urbes
1567 2611 1632 2638 urbs
1648 2611 1756 2643 eadem,

972 2662 1021 2689 pro
1045 2655 1161 2683 Colonia:
1184 2663 1216 2683 ac
1243 2656 1403 2691 metropolis
1427 2657 1550 2684 ratione:
1575 2657 1698 2692 nihilque
1722 2659 1758 2685 sit

971 2700 1043 2735 quod
1062 2701 1225 2736 distinguat,
1250 2707 1365 2738 excepto
1381 2707 1412 2729 ut-
1427 2703 1540 2730 alteram
1564 2702 1676 2737 quidem
1701 2703 1756 2730 Ro-

971 2747 1064 2775 mulus
1080 2746 1256 2782 fundaverit;
1271 2749 1385 2776 alteram
1405 2756 1480 2781 vero,
1496 2748 1555 2783 ejus
1570 2749 1677 2783 imperii
1691 2756 1756 2776 suc-

972 2800 1065 2821 cessor
1086 2792 1286 2822 Constantinus
1302 2793 1467 2822 condiderit.
1484 2793 1555 2826 Quin
1579 2799 1608 2821 et
1622 2795 1756 2821 Constan-

973 2838 1060 2866 tinum
1083 2846 1098 2866 a
1117 2847 1172 2874 quo
1194 2839 1284 2867 omnia
1302 2844 1394 2867 nostra
1411 2839 1540 2875 pendent,
1557 2839 1646 2867 sciunt
1659 2845 1757 2866 omnes
