1942 3090
199 117 251 146 97)

815 115 1004 146 DEMETRII
1026 115 1180 145 CYDONH

1772 117 1818 148 980

200 172 356 198 ltomanum
370 171 521 202 exstitisse,
538 179 569 198 ac
583 179 664 206 quam
679 172 802 199 condidit
818 172 925 203 urbem,
944 179 986 207 pa.

1048 170 1184 206 Ῥωμαῖον
1195 171 1268 198 ῑσασι
1279 171 1388 203 πάντες,
1398 171 1445 199 καὶ
1452 172 1485 208 τῇ
1495 171 1544 206 τῆς
1555 171 1684 207 πατρίδος
1694 171 1820 209 ἐπωνυμίᾳ

201 218 260 245 tria:
285 225 437 252 cognomen
460 217 639 250 tribuentem,
657 218 819 246 honorasse.
836 218 894 246 Hoc
916 218 990 245 enim

201 264 341 292 universis
357 263 496 296 studebat,
524 268 552 291 ut
571 264 678 298 ambas,
701 269 730 291 ut
747 264 784 291 ita
801 264 902 295 dicam,
918 263 992 290 velut

200 309 393 336 commiscere!
413 309 513 336 urbes:
532 313 562 337 ut
575 310 676 337 nedum
693 317 775 336 unum
797 309 883 344 ipsum
897 309 992 336 amba-

203 354 255 382 bus
267 355 402 390 imperare
413 354 485 382 haud
498 354 565 382 satis
575 355 768 385 arbitraretur.
782 359 866 389 utque
880 354 906 382 in
919 360 992 382 utra-

199 409 252 436 que
277 400 385 435 imperii
411 399 504 427 sedem
528 405 661 434 poneret;
681 400 733 427 nisi
757 400 867 427 abunde
893 399 990 426 iisdem

199 446 283 474 urbes
299 446 459 474 nominibus
479 452 669 478 censerentur,
685 454 741 481 quo
762 447 806 473 vix
825 454 879 473 non
893 445 990 478 ambae,

198 501 252 520 una
269 493 366 521 civitas
389 497 496 521 essent.
513 493 573 520 Mox
594 500 658 528 ergo
681 501 713 520 ac
734 501 794 520 eam
811 492 989 526 condidissrt,

200 547 255 566 una
271 547 334 566 cum
350 539 471 566 nominis
488 539 684 574 appellatione,
701 539 794 566 Emme
805 538 887 566 etiam
901 538 992 572 digni-

198 590 238 612 tas
256 585 282 611 iu
298 585 395 612 urbem
421 585 495 612 illata
511 589 568 617 est;
594 590 764 621 senatusque
781 585 923 612 Romanus
938 585 991 613 huc

198 631 402 666 commigravit,
430 639 530 659 novam
559 631 674 658 Romam
702 632 862 663 honestans,
887 631 991 666 quique

199 677 461 711 commigraverant,
479 678 612 713 majorum
629 683 784 705 tmslrorum
803 683 931 713 parentes
943 686 992 706 ex-

199 723 341 750 stiterunt.

234 770 355 804 ldipsum
370 777 437 796 vero
453 770 526 805 quod
546 770 643 798 attinet
661 770 694 797 ad
713 770 910 804 imperatorum
925 778 990 806 pro-

197 815 239 841 les
253 815 428 847 svrvabatur,
453 815 586 850 urbisque
607 816 735 843 conditor
749 816 820 851 apud
835 824 895 848 nos,
921 817 990 844 lilios

198 868 230 895 pr
249 862 370 894 c-eahat,
387 861 471 896 inque
482 869 513 888 ea
528 862 590 889 illos
604 862 787 894 constituens,
803 863 849 897 qui
865 863 924 898 ejus
939 862 990 890 im-

198 907 275 942 perio
301 907 455 934 successuri
483 914 560 934 erant
585 907 730 942 imperium
763 909 804 936 eis
833 916 894 936 cum
920 910 989 937 urbe

199 952 323 979 tradebat
335 963 341 979 ;
355 953 493 981 Romanis
517 953 704 981 Romanorum
722 959 832 989 sceptra
857 955 884 982 in
901 964 988 984 revum

198 999 376 1031 tenentibus;
404 1007 475 1034 quos
490 999 586 1026 favens
601 1004 720 1034 tempus.
747 1000 781 1028 ad
802 1007 922 1029 nostram
943 1010 989 1030 us-

195 1052 250 1078 que
270 1048 376 1072 aetatem
392 1045 536 1080 provexit;
552 1049 635 1079 atque
653 1047 756 1073 utinam
773 1053 918 1075 conservet
933 1048 988 1076 de—

197 1093 292 1126 inceps
320 1091 478 1119 imnmrtale
503 1100 599 1126 genus.
623 1092 656 1119 At
676 1100 728 1120 nec
743 1093 804 1120 aliis
832 1098 898 1122 tunc
925 1099 986 1122 ute—

196 1138 294 1165 bamur
319 1139 478 1165 divinorum
505 1138 682 1172 doctoribus;
710 1140 776 1175 quin
795 1140 878 1168 iidem
895 1142 986 1175 nobis,

195 1189 252 1211 tum
279 1185 446 1220 reipublicae,
471 1190 529 1213 tum
547 1193 689 1213 sacrorum
705 1194 737 1214 ac
761 1187 901 1222 religionis
916 1196 986 1223 prae-

195 1230 267 1257 sides
284 1235 374 1263 erant,
391 1231 513 1265 quandiu
530 1231 648 1258 necdum
667 1232 735 1259 scita
761 1233 805 1260 illa
821 1239 986 1269 versutaque

194 1275 266 1309 apud
277 1283 375 1302 omnes
388 1276 513 1310 vigebant
527 1285 534 1308 ;
547 1276 593 1303 scd
610 1276 719 1304 tandem
733 1277 795 1304 linis
809 1278 909 1313 aliquis
922 1287 986 1306 con-

195 1320 326 1348 tendendi
343 1327 413 1349 erat.
428 1322 571 1356 Siquidem
590 1330 656 1357 ergo
668 1323 809 1358 multiplex
825 1325 985 1353 communio

194 1371 317 1394 mutuam
340 1367 434 1394 dolere
451 1368 537 1395 vicem
557 1368 794 1396 communicantes
814 1368 915 1402 ellicit;
939 1378 984 1396 ea-

194 1413 311 1447 demque
323 1418 352 1440 ut
364 1413 504 1444 fortiores.
519 1413 748 1441 imbecillioribus
765 1415 931 1442 auxiliantur
944 1416 985 1443 in-

194 1459 281 1490 :lucit,
310 1459 343 1485 ad
370 1459 563 1494 quosjustiori
593 1459 672 1487 titulo
691 1459 882 1495 confugiamus
908 1461 983 1488 hisce

1041 217 1075 253 ῆν
1087 217 1183 253 ἀνίστη
1199 218 1276 245 πόλιν
1290 219 1468 253 τετιμηκότα.
1484 218 1562 246 Οὕτω
1574 219 1628 254 γὰρ
1643 219 1765 246 ἐϐούλετο
1782 219 1819 246 διὰ

1042 264 1163 297 πάντων,
1175 261 1231 291 οἶόν
1240 264 1264 291 τ’
1272 264 1370 296 εἰπεῖν,
1380 264 1537 300 ἀμφοτέρας
1545 265 1663 299 κερᾶσαι
1673 264 1720 296 τὰς
1729 265 1819 296 πόλεις·

1041 307 1107 334 ὥστ’
1123 308 1154 334 οὒ
1168 308 1247 343 μόνον
1262 309 1343 335 αὐτὸν
1359 310 1406 336 ἕνα
1420 308 1485 336 δντα
1501 309 1652 344 βασιλεύειν
1673 310 1820 345 ἀμφοτέρων

1043 354 1144 389 ἀρκοῦν
1161 355 1363 389 ὑπελάμόανεν,
1378 356 1426 382 καὶ
1455 356 1521 391 παρ’
1539 356 1660 392 ἑκατέρᾳ
1688 357 1732 383 τὸν
1755 356 1819 391 βασί-

1043 401 1117 428 λειον
1133 401 1295 436 ἱδρύσασθαι
1310 401 1414 437 θρόνον,
1425 401 1483 428 ἀλλ’
1494 403 1518 429 εί
1530 402 1568 438 μὴ
1585 403 1633 430 καὶ
1661 403 1717 435 τοῖς
1740 403 1822 434 αὐτοῖς

1042 448 1175 483 ὀνόμασιν
1190 448 1217 474 αἱ
1233 447 1326 479 πόλεις
1341 448 1528 483 σημαίνοιντο.
1542 448 1610 484 πρδς
1635 447 1665 475 τδ
1696 448 1759 483 μίαν
1776 449 1822 482 ἀμ-

1043 495 1160 531 φοτέρας
1174 493 1243 521 εἶναι
1259 495 1309 526 τὰς
1325 494 1415 526 πόλεις
1429 495 1479 521 οὐκ
1489 495 1577 529 ὀλίγον
1590 495 1683 522 ἐνδεῖν.
1701 495 1773 529 Ἀμα
1795 503 1821 521 τε

1041 537 1088 566 οὖν
1105 539 1208 574 ταύτην
1225 537 1340 574 ἱδρύετο,
1357 539 1403 565 καὶ
1418 540 1452 574 τῇ
1472 538 1546 565 πόλει
1559 539 1628 574 μετὰ
1641 538 1690 566 τοῦ
1701 539 1822 574 ὀνόματος

1044 585 1179 621 tumo-ﬁet
1192 584 1239 610 καὶ
1263 584 1293 610 τὸ
1303 585 1353 619 τῆς
1377 583 1488 620 Ῥώμης
1519 585 1628 620 ἀξίωμα
1638 592 1647 600 ·
1660 585 1707 612 καὶ
1721 585 1734 619 ἡ
1764 584 1822 611 Ῥω-

1043 631 1131 666 μαίων
1143 631 1273 665 γερουσία
1286 630 1368 665 δεῦρο
1381 630 1535 665 μετέὸαινε,
1547 630 1596 665 τὴν
1606 630 1670 657 νέαν
1679 630 1823 664 κοσμήσου-

1042 684 1077 703 σα
1097 675 1226 711 Ῥώμηνν
1240 676 1286 703 καὶ
1297 676 1322 703 ol
1337 675 1521 711 μεταστάντες
1536 675 1653 710 ἐγέννων
1684 675 1748 706 τοὺς
1763 682 1824 710 προ-

1042 723 1138 757 γόνους
1153 723 1169 758 ὴ
1174 722 1243 757 μῶν.

1079 769 1116 795 Τὸ
1131 768 1154 795 δ’
1170 768 1236 795 αὐτὸ
1258 767 1305 794 καὶ
1335 767 1401 803 περὶ
1429 767 1478 799 τὰς
1507 766 1563 793 τῶν
1593 765 1728 802 βασιλέων
1751 765 1824 800 γονὰς

1042 816 1185 850 ἐτηρεῖτο·
1208 813 1256 842 καὶ
1270 813 1336 849 παρ’
1362 814 1428 848 ἡμῖν
1460 814 1475 840 ὁ
1499 813 1551 848 τῆς
1574 813 1679 844 πόλεως
1709 813 1825 845 οἰκιστὴς

1042 861 1257 889 ὲπαιδοποιεϊτο·
1274 861 1337 891 τοὺς
1352 861 1401 896 τὴν
1415 859 1554 896 βασιλείαν
1567 859 1652 887 αὑτοῦ
1676 858 1827 892 διαδεξομέ-

1041 916 1102 939 νους
1118 906 1234 934 ἐνταῦθα
1250 906 1368 940 καθίστη
1379 915 1386 922 ·
1407 906 1456 932 καὶ
1468 906 1537 942 μετὰ
1552 906 1601 940 τῆς
1619 905 1726 936 πόλεως
1747 904 1827 939 αὐτῆς

1040 954 1087 981 καὶ
1114 953 1164 988 τὴν
1194 953 1283 988 ἀρχὴν
1309 953 1466 988 παρεδίδου,
1499 949 1649 986 Ῥωμαιοις
1681 951 1827 986 Ῥωμαίων

1039 1002 1154 1036 ἄρχουσι
1178 1000 1214 1028 δι’
1238 1000 1355 1032 αίῶνοςο
1380 999 1439 1032 οὒς,
1457 999 1488 1027 εὖ
1514 999 1600 1026 ποιῶν
1621 998 1755 1034 όχρόνος,
1785 998 1828 1024 καὶ

1041 1047 1138 1082 μέχρις
1163 1047 1242 1083 ἡμῶν
1266 1045 1420 1073 διεδίδασεο
1445 1046 1492 1072 καὶ
1515 1044 1613 1081 τηροίη
1639 1053 1673 1079 γε
1696 1045 1731 1071 ea
1757 1044 1828 1078 γένος

1038 1094 1184 1122 ἀθάνατον.
1200 1094 1238 1120 Οὐ
1257 1093 1310 1129 μὴν
1325 1092 1379 1120 οὐδ’
1395 1093 1500 1128 ἑτέροις
1516 1091 1662 1127 ἐχρώμεθα
1687 1091 1751 1117 τότε
1777 1090 1827 1117 τῶν

1039 1141 1119 1168 θείων
1130 1140 1277 1176 ἐξηγηταῖς
1290 1148 1297 1156 ·
1310 1139 1369 1166 ἀλλ’
1384 1139 1409 1165 οι
1423 1139 1500 1165 αὐτοὶ
1521 1139 1570 1174 τῆς
1583 1146 1613 1165 τε
1636 1137 1775 1168 πολιτείας
1785 1136 1828 1163 κα)⁸

1038 1188 1092 1214 τῶν
1109 1187 1174 1222 περὶ
1185 1187 1235 1221 τὴν
1249 1186 1392 1213 εὖσέδειαν
1404 1186 1471 1220 ήμίν
1499 1182 1570 1221 ἦσαν
1589 1184 1756 1220 προστάται,
1776 1183 1825 1213 ἕως

1038 1232 1116 1261 οὔπω
1129 1233 1164 1259 τὰ
1179 1232 1274 1268 κομψὰ
1301 1231 1387 1258 ταῦτα
1414 1231 1492 1266 παρὰ
1518 1231 1602 1257 πᾶσιν
1626 1229 1757 1264 ἐκράτει·
1774 1226 1827 1254 ἀλλ’

1037 1277 1071 1315 ἦν
1097 1287 1125 1305 τι
1153 1279 1201 1306 καὶ
1225 1277 1314 1313 πέρας
1343 1277 1394 1311 τῆς
1421 1276 1599 1311 φιλονεικίας.
1612 1275 1722 1303 οὐκοῦν
1748 1275 1771 1301 εί
1792 1274 1820 1300 ab

1039 1325 1124 1353 πολλά
1137 1334 1208 1352 τισιν
1220 1322 1291 1352 εἶναι
1317 1324 1395 1351 κοινὰ
1422 1323 1565 1357 συναλγείν
1592 1322 1724 1357 ἀλλήλοις
1750 1321 1825 1355 πείθῃ

1035 1372 1098 1403 τοὺς
1118 1369 1323 1402 κοινωνοῦντας,
1343 1370 1423 1397 τοῦτο
1441 1369 1470 1396 δὲ
1485 1370 1533 1397 καὶ
1556 1369 1619 1401 τοὺς
1641 1367 1826 1403 ἰσχυροτέρους

1036 1417 1152 1452 ἀμύνειν
1185 1417 1274 1443 πείθει
1303 1418 1361 1447 τοῖς
1406 1415 1635 1451 ἀσθενεστέροιςο
1669 1415 1719 1442 ἐπὶ
1755 1414 1826 1444 τίνας

1035 1462 1259 1498 καταφευξόμιθα
1274 1463 1452 1497 δικαιότερον,
1463 1463 1573 1494 τούτους
1585 1461 1826 1497 παραδραμόντες

193 1505 325 1532 "missis?
345 1505 416 1532 haud
443 1513 524 1532 εοεαε
540 1513 571 1532 ac
588 1505 609 1532 si
626 1506 688 1540 quis
702 1506 847 1534 lacessitus
860 1514 892 1534 ac
912 1508 983 1534 male

1039 1507 1227 1542 παραπλήσιον
1254 1506 1349 1540 ὥσπερ
1378 1507 1411 1534 ἂν
1440 1506 1529 1538 εἴτις
1555 1506 1826 1541 προπηλακιζόμενος

193 1550 311 1582 habens,
330 1551 414 1577 alium
427 1558 509 1585 quem
526 1551 664 1586 appellare
679 1552 756 1583 velit,
769 1560 831 1579 cum
844 1553 915 1580 adsit
928 1561 984 1579 nut—

194 1602 246 1626 tt-r.
272 1605 302 1624 ac
327 1597 453 1624 auxiliari
479 1597 574 1632 possit.
594 1596 673 1630 Quod
701 1602 792 1625 autem
814 1599 984 1633 metropolis,

194 1643 292 1670 matris
307 1643 411 1670 habeat
429 1644 516 1670 vicem
531 1644 622 1671 ductis
637 1644 672 1671 ab
689 1644 746 1679 ipsa
761 1645 887 1677 coloniis,
905 1652 985 1672 nemo

194 1690 294 1720 nescit,
312 1689 364 1716 nisi
383 1690 447 1724 quis
457 1690 597 1725 propriam
618 1690 705 1726 ipsam
720 1698 816 1718 vocem
833 1691 985 1725 intelligere

194 1736 272 1763 nolit.
285 1735 443 1764 Ostendunt
459 1744 524 1764 vero
537 1744 568 1764 ac
585 1737 713 1771 probant.
733 1745 794 1772 qua:
809 1738 984 1772 metropoles,

193 1783 438 1811 adversus'omucs
455 1783 502 1818 qui
521 1784 649 1819 iujuriam
667 1783 769 1811 vellent
793 1784 906 1817 inferre,
925 1789 986 1812 tau—

195 1835 278 1862 quam
296 1828 361 1862 ipsa:
373 1833 581 1862 appeterentur,
596 1833 741 1863 gesserunt
755 1829 840 1857 bella:
856 1837 872 1856 e
884 1830 986 1864 quibus

195 1869 276 1902 [idem
293 1874 492 1908 amplissimam
514 1874 627 1906 habent,
654 1874 824 1910 multamque
839 1875 984 1910 scriptori-

194 1920 247 1947 bus
264 1919 388 1952 piaebent
411 1924 542 1954 segetem.
570 1927 632 1954 qua:
647 1921 734 1947 nostri
751 1927 833 1946 causa
851 1921 985 1948 adversus

196 1966 333 1993 Barbaros
359 1966 405 1993 isti
431 1973 668 1993 consummavere.
684 1967 723 1993 Ae
748 1973 814 1993 vero
840 1966 936 1998 miror.
955 1972 984 1994 ut

194 2020 245 2039 nec
261 2011 359 2038 similis
379 2012 541 2044 necessitas,
559 2011 665 2039 similes
680 2011 759 2040 nobis
774 2012 864 2040 socios
879 2012 906 2039 in
924 2021 983 2041 me-

193 2059 308 2086 meriam
324 2059 448 2086 reducat.
462 2059 579 2092 Quinam
587 2059 662 2087 enim
676 2059 721 2086 alii
735 2059 768 2086 ad
779 2067 864 2095 usque
877 2059 982 2095 Syriam

154 2125 156 2127 ›
192 2113 225 2132 ac
235 2105 406 2133 Palmstinam
421 2105 508 2132 nostri
524 2113 606 2133 causa
624 2104 758 2132 Barbaros
774 2110 982 2141 persequentes,

192 2156 304 2178 rentum
324 2151 448 2178 millibus
462 2151 627 2178 cadaverum
645 2150 677 2178 ad
693 2150 836 2184 Orontem,
856 2159 982 2187 campum

193 2202 375 2231 operuerunt,
392 2205 424 2225 ac
445 2197 526 2225 nobis
543 2198 638 2233 gratis,
652 2197 839 2234 quasZablatas
851 2198 983 2226 amisera-
996 2184 1022 2214 Β

192 2251 262 2273 mus.
280 2244 364 2270 urbes
383 2244 582 2272 reddiderunt?
596 2245 635 2272 Ac
661 2245 771 2280 quidem
788 2244 839 2280 ipsi
861 2245 983 2272 exautla-

193 2295 258 2318 runt
275 2291 402 2324 labores;
427 2292 529 2318 nostris
547 2299 613 2319 vero
637 2291 752 2319 fruenda
770 2291 880 2326 prazmia
898 2291 983 2318 tradi-

192 2337 310 2369 derunt;
332 2337 488 2365 libertatem
513 2338 617 2372 pariter
630 2345 662 2365 ac
685 2338 828 2372 pietatem,
848 2337 983 2365 universis

191 2384 283 2410 Asiam
313 2383 500 2411 incolentibus
515 2383 629 2415 Graecis,
658 2391 707 2411 ceu
733 2383 888 2419 fugitivam,
907 2388 984 2417 post-

192 2430 300 2456 liminio
327 2430 508 2462 reducentes;
534 2430 616 2465 idque
642 2437 705 2457 eum
730 2429 865 2457 beneﬁcio
879 2429 982 2462 aﬂ‘ecti,

191 2484 225 2503 ne
249 2476 351 2511 gratias
371 2477 484 2511 quidem
509 2476 641 2504 beneﬁcis
658 2480 789 2511 agerent:
816 2475 871 2503 imo
892 2484 983 2513 neque

191 2521 263 2549 bello
287 2527 381 2557 petere
411 2526 582 2552 vererentur,
612 2521 756 2556 modisque
779 2521 910 2549 omnibus
933 2529 983 2550 eos

192 2577 302 2602 vexare,
319 2569 367 2604 qui
383 2570 503 2604 prompti
518 2573 611 2596 essent
626 2567 720 2596 omnia
732 2569 831 2602 facere,
843 2573 873 2595 ut
886 2576 920 2596 ne
931 2575 982 2596 nos

191 2615 225 2643 ab
245 2615 373 2643 hostibus
390 2615 454 2643 talia
473 2621 642 2650 pateremur.

227 2705 358 2738 Quisnam
375 2713 441 2732 vero
459 2705 485 2732 in
495 2704 564 2732 alios
576 2704 686 2737 referat,
701 2709 732 2731 ut
741 2705 874 2732 hactenus
885 2703 981 2737 simus,

191 2752 286 2786 sicque
310 2756 450 2786 utcunque
469 2752 630 2784 habeamus,
649 2756 832 2786 praeterquam
849 2751 877 2777 in
893 2750 983 2778 octin-

191 2802 287 2832 gentos
308 2797 381 2831 illos,
398 2797 444 2832 qui
462 2801 587 2825 nostrum
601 2797 711 2824 cuidam
727 2797 924 2832 imperatorum
936 2795 982 2823 ad-

192 2845 338 2877 haerentes,
352 2842 445 2871 sobrio
462 2843 510 2877 illi,
525 2849 609 2878 utque
627 2842 745 2874 videtur,
765 2842 892 2878 prudenti
906 2842 981 2875 viro;

1036 1551 1084 1579 καὶ
1095 1552 1188 1583 κακῶς
1203 1552 1324 1588 πάσχων,
1339 1553 1434 1586 ἕτερον
1448 1552 1524 1586 ἠξίου
1543 1551 1644 1582 καλεῖν,
1660 1551 1710 1586 τῆς
1727 1550 1826 1586 μητρὸς

1037 1598 1113 1634 αὐτῷ
1129 1598 1348 1633 παρισταμένης,
1366 1599 1414 1625 καὶ
1441 1598 1595 1633 δυναμένης
1629 1597 1756 1632 ἀμύνειν.
1770 1598 1828 1623 Ὀτι

1036 1644 1058 1672 δ’
1075 1645 1091 1679 ἡ
1108 1644 1274 1680 μητρόπολις
1289 1646 1346 1676 τοῖς
1362 1645 1488 1676 ἀποίκοις
1499 1646 1528 1671 ὲν
1543 1644 1649 1679 μητρὺς
1664 1644 1829 1671 καθίσταται

1030 1691 1170 1725 σχήματι,
1187 1691 1281 1724 ἀγνοεῖ
1293 1691 1342 1725 μὶν
1355 1690 1454 1722 οὐδεὶς,
1470 1691 1494 1717 εἰ
1509 1691 1546 1725 μή
1559 1699 1600 1721 τις
1611 1691 1658 1717 καὶ
1683 1692 1734 1725 τῆς
1762 1690 1828 1721 ιδίας

1036 1737 1129 1773 φωνῆς
1140 1738 1190 1764 οὐκ
1203 1737 1288 1764 ἐθέλει
1301 1739 1422 1764 συνεῖναι
1436 1757 1444 1770 ,
1460 1737 1571 1772 δηλοῦσι
1587 1737 1616 1764 δὲ
1643 1738 1691 1764 καὶ
1707 1738 1733 1764 οί
1760 1736 1829 1771 ὑπὲρ

1035 1783 1090 1810 τῶν
1106 1783 1229 1810 ἀποίκων
1243 1783 1312 1818 πρὸς
1328 1783 1432 1814 πάντας
1446 1784 1508 1814 τοὺς
1536 1784 1710 1810 πλεονεκτεῖν
1742 1782 1830 1817 βουλο-

1038 1829 1136 1864 μένους
1149 1829 1204 1855 τῶν
1218 1829 1411 1865 μητροπόλεων
1423 1829 1460 1861 ὡς
1474 1829 1544 1865 ὑπὲρ
1557 1829 1662 1856 ἑαυτῶν
1688 1830 1829 1863 γινόμενοι

1037 1876 1160 1910 πόλεμοι,
1175 1872 1211 1902 ὧν
1225 1874 1436 1910 ἀξιολογώτατοί
1445 1876 1510 1905 εισι.
1523 1877 1570 1903 καὶ
1580 1875 1681 1910 πολλὴν
1696 1875 1829 1910 εὐπορίαν

1035 1921 1092 1951 τοῖς
1108 1920 1297 1954 συγγράφουσι
1311 1920 1536 1954 παρεχόμενοι,οί
1551 1920 1619 1954 πρὸς
1629 1920 1755 1946 τουτουσὶ
1767 1919 1828 1949 τοὺς

1037 1965 1194 2001 βαρϐάρους
1207 1964 1278 2000 ὑπὲρ
1290 1965 1369 2000 ἡμῶν
1384 1965 1488 1996 τούτοις
1509 1965 1697 2000 διηνυσμένοι.
1724 1966 1757 1991 Ὃ
1782 1964 1829 1990 καὶ

1036 2013 1182 2048 θαυμάζω,
1198 2013 1222 2039 εί
1235 2012 1303 2048 μηδὲ
1314 2012 1344 2039 τὸ
1355 2012 1403 2046 τῆς
1417 2012 1512 2046 χρείας
1538 2012 1633 2045 ὅμοιον
1654 2011 1712 2038 τῶν
1727 2011 1827 2046 ὁμοίων

1036 2059 1109 2094 ἡμᾶς
1124 2058 1331 2093 ἀναμιμνήσκει
1360 2058 1525 2093 συμμάχων.
1537 2058 1616 2089 Τίνες
1641 2058 1696 2092 γάρ
1709 2058 1780 2084 slew
1802 2057 1827 2083 οί

1038 2104 1120 2140 μέχρι
1145 2104 1246 2139 Συρίας
1278 2104 1325 2131 καὶ
1352 2103 1536 2137 Παλαιστίνης
1564 2103 1636 2139 ὑπὲρ
1662 2103 1742 2138 ήμῶν
1766 2103 1827 2132 τοὺς

1037 2151 1190 2186 βαρϐάρους
1202 2149 1357 2182 διώκοντες,
1373 2150 1420 2176 καὶ
1434 2150 1498 2176 δέκα
1517 2150 1566 2184 μὲν
1581 2149 1694 2184 μυριάσι
1723 2148 1827 2183 νεκρῶν

1037 2197 1066 2224 τὸ
1082 2196 1147 2231 περὶ
1162 2196 1207 2223 τὸν
1228 2196 1357 2232 Ὀρόντην
1382 2195 1473 2222 πεδίον
1507 2195 1690 2230 καλύψαντες,
1717 2196 1785 2230 ἡμῖν
1798 2193 1826 2220 δὲ

1036 2244 1127 2278 προῖκ’
1157 2242 1367 2273 ἀποδεδωκότες,
1397 2242 1430 2273 ἃς
1460 2241 1628 2278 ἀφῃρήμεθα
1653 2241 1765 2272 πόλεις·
1781 2242 1827 2267 καὶ

1034 2289 1097 2321 τοὺς
1110 2289 1160 2324 μὲν
1173 2289 1271 2320 πόνους
1285 2288 1375 2314 αὐτῶν
1392 2289 1582 2323 ποιησάμενοι,
1595 2288 1630 2314 τὰ
1644 2287 1666 2314 δ’
1683 2285 1754 2314 ἆθλα
1768 2288 1824 2318 τοῖς

1034 2335 1179 2370 ἡμετέροις
1189 2334 1336 2366 δεδωκότες
1349 2334 1524 2370 καρποῦσθαι
1537 2340 1545 2349 ⁸
1561 2334 1612 2369 τὴν
1629 2333 1652 2360 δ’
1667 2333 1827 2368 ἐλευθερίαν

1035 2383 1083 2409 καὶ
1108 2381 1159 2416 τὴν
1181 2382 1334 2414 εὺσέδειαν,
1352 2382 1420 2408 πᾶσι
1446 2383 1502 2413 τοῖς
1519 2382 1569 2416 τὴν
1586 2381 1679 2409 Ἀσίαν
1705 2381 1828 2408 οἰκοῦσιν

1035 2426 1177 2461 Ἕλλησιν,
1198 2426 1294 2462 ὥσπερ
1316 2427 1376 2454 τινὰ
1403 2427 1511 2461 φυγάδα
1537 2427 1744 2460 καταγαγόντες
1758 2435 1765 2443 ·
1782 2425 1828 2452 καὶ

1034 2472 1120 2499 ταῦτα
1139 2474 1194 2499 τῶν
1219 2471 1249 2500 εὖ
1280 2473 1441 2507 πασχόντων
1468 2473 1528 2499 οὐδὲ
1553 2473 1634 2508 χάριν
1664 2473 1759 2504 αὐτοῖς
1779 2474 1828 2507 τῆς

1035 2519 1197 2553 εὐεργεσίας
1214 2518 1324 2545 εἰδότων
1337 2526 1344 2534 ·
1359 2518 1429 2545 ἀλλὰ
1444 2519 1491 2545 καὶ
1508 2518 1637 2554 πολεμεῖν
1653 2519 1703 2545 οὐκ
1714 2518 1829 2544 ὀκνούν-

1033 2573 1099 2597 των,
1116 2564 1164 2590 καὶ
1182 2564 1271 2590 πάντα
1292 2564 1393 2599 τρόπον
1418 2564 1580 2592 κακούντων
1605 2565 1679 2596 τοὺς,
1699 2564 1772 2599 ὅπερ
1792 2564 1829 2599 μὴ

1033 2610 1111 2636 ταῦθ’
1126 2611 1207 2645 ἡμεῖς
1234 2609 1288 2636 ὑπὸ
1315 2610 1370 2637 τῶν
1391 2610 1530 2645 πολεμίων
1546 2611 1711 2646 πεισόμεθα,
1737 2611 1828 2638 πάντα

1035 2657 1123 2682 ποιεῖν
1144 2656 1292 2691 ἑλομένους
1302 2665 1310 2690 ;

1070 2703 1106 2729 Ἦ
1120 2703 1194 2733 τίνας
1210 2702 1243 2729 ἄν
1266 2712 1310 2735 τις
1326 2703 1425 2736 ἄλλους
1439 2704 1595 2731 αἰτιάσαιτο
1614 2702 1662 2730 τοῦ
1685 2701 1734 2729 νῦν
1753 2702 1828 2737 ἡμᾶς

1034 2748 1105 2776 εἶναι
1118 2749 1166 2776 καὶ
1179 2750 1305 2777 ὁπωσοῦν
1324 2750 1341 2786 ἦ
1363 2751 1426 2781 τοὺς
1451 2751 1630 2782 ὀκτακοσίους
1650 2750 1786 2781 ἐκείνους,
1803 2749 1829 2775 οἳ

1036 2796 1145 2830 βασιλεῖ
1163 2805 1217 2822 τινι
1239 2796 1293 2823 τῶν
1320 2797 1465 2832 ἡμετέρων
1484 2798 1676 2832 προσθέμενοι,
1702 2796 1828 2830 σώφρονι

1033 2843 1067 2870 τὰ
1080 2843 1168 2870 πάντα
1183 2843 1228 2869 καὶ
1243 2842 1313 2876 νοῦν¹
1327 2842 1365 2874 ὡς
1377 2842 1476 2877 ἔοικεν,
1492 2844 1590 2880 ἔχοντι,
1605 2843 1681 2870 αὐτοὶ
1696 2842 1749 2878 μὲν
1759 2841 1829 2870 ἀπέ-
