1942 3090
154 104 205 139 981

614 105 757 136 ORATIO
779 105 850 136 PRO
874 107 1054 138 SUBSIDIO
1074 104 1313 137 LATlNORUM.

1729 101 1781 132 962

153 165 245 196 θανον,
260 161 395 190 ἀθάνατον
415 162 445 195 ἐξ
469 158 506 189 ὦν
522 163 683 198 προείλοντο
697 163 776 196 δόξαν
800 165 941 200 κτησάμε-

1006 166 1047 200 psi
1067 165 1178 200 quidem
1205 168 1321 192 mortem
1345 163 1483 192 obierunt,
1514 160 1662 189 immortali
1682 168 1697 188 a
1717 168 1782 195 pro-

153 216 213 235 νοι⁶
228 209 302 244 ἡμᾶς
324 208 352 234 δὲ
371 208 439 243 πρὸς
468 207 498 234 τὸ
515 208 553 243 μὴ
579 209 719 236 δουλεύειν
747 210 879 245 αἰσχρῶς,
896 211 946 238 καὶ

154 255 264 282 πάντων
273 254 328 280 τῶν
340 255 372 289 τῇ
383 253 453 289 τύχῃ
464 253 552 289 ταύτῃ
564 254 846 291 συγκεκληρωμένων¹
858 257 945 292 ἀπήλ-

154 300 238 333 λαξαν
249 309 256 316 ο
273 299 330 331 οὓς,
350 300 400 326 οὐκ
421 299 455 327 ἀν
469 308 511 331 τις
528 301 657 335 ἁμάρτοι,
674 301 796 337 πύργους
811 303 861 336 τῆς
876 304 945 337 ἡμε-

154 347 236 380 τέρας
251 345 353 373 εἰπών’
370 346 408 376 ὥς
437 347 463 373 εί
491 346 529 382 μὴ
559 347 629 382 σφᾶς
645 347 744 377 αὐτοὺς
771 348 826 375 τότ’
844 349 945 375 ἐκεῖνοι

154 393 211 423 τοῖς
237 392 387 427 βαρϐάροις
404 393 585 428 ἀντέστησαν,
612 394 667 420 οὐδ’
682 394 715 421 ἂν
740 392 775 430 ἦν
794 394 864 430 ὑπὲρ
883 395 943 421 ὅτου

157 439 205 465 νῦν
220 439 273 465 ἔδει
288 438 474 473 βουλεύεσθαι.
493 439 563 466 Ἀλλ’
578 440 615 466 ἐῶ
630 440 710 467 τοῦτό
723 449 755 474 γε
768 448 775 456 ·
789 441 813 467 ol
828 441 850 468 δ’
862 441 945 476 ὀλίγῳ

159 483 292 519 πρότερον
304 483 352 518 τὴν
363 483 492 519 Σμύρναν
506 484 717 518 καταλαϐόντες,
732 487 778 512 καὶ
791 487 836 513 τὸν
849 486 946 521 λιμένα

159 530 208 564 μὲν
224 530 420 564 κατασχόντες,
439 527 469 557 οὗ
484 530 519 558 τὰ
536 533 624 558 πᾶσαν
639 532 687 568 τὴν
702 532 840 568 ἡμετέραν
852 533 946 567 ἀοίκη-

154 585 202 602 τον
223 578 394 612 πεποιηκότα
410 577 491 604 πλοῖα
511 578 564 605 τῶν
578 578 724 614 βαρϐάρων
740 578 943 615 συνηθροίζετο,

154 620 201 647 τδν
217 620 244 647 δὲ
260 621 398 656 βάρὸαρον
413 623 508 650 αὐτόθι
522 624 591 658 πρὸς
602 625 659 656 τοῖς
673 625 775 660 τείχεσι
791 625 944 660 μαχόμενον

156 669 324 700 κτείναντες,
343 665 374 696 οὗ
388 669 500 703 ζῶντος,
516 670 592 697 οὐδὲν
607 671 662 698 τῶν
676 671 769 699 κακῶν
784 672 945 699 ἀνέλπιστον

155 711 201 749 ἦν,
226 713 311 741 πὸθεν
340 715 484 750 ὡρμῶντο,
511 716 560 744 καὶ
584 717 638 744 τίσι
665 717 841 753 χαριζόμενοι
867 718 946 745 τοῦτο

155 759 265 786 ἐποίουν
281 769 288 793 ;
305 761 373 788 Οῠτε
392 761 444 797 γὰρ
468 762 580 789 Σκυθῶν
594 771 668 796 τινες
691 763 708 799 ἢ
725 764 828 791 Μυσῶν
845 764 880 792 τὰ
894 772 947 791 τοι-

156 805 228 832 αῦτα
245 805 377 842 ἐτόλμων,
394 808 452 835 οὔτ’
465 808 558 841 ἄλλοις
579 810 650 845 πλὴν
665 811 745 845 ἡμῶν
763 810 946 846 βοηθήσοντες

155 849 234 888 ἧκον.
244 853 278 880 Οί
287 862 318 887 γε
329 856 383 889 γὰρ
395 855 516 888 ἐλθόντες
528 857 559 883 ἐκ
572 857 626 883 τῶν
639 845 880 885 ’Δλπεωνγέτιλεοω
891 858 946 884 Καὶ
961 845 984 874 Β

157 899 171 924 ὁ
184 899 238 925 τῶν
252 900 413 935 Σμυρναίων
429 901 513 937 λιμὴν
530 902 586 929 ίστε
607 903 708 935 πάντες
721 901 765 930 οἵα
781 905 864 931 πᾶσιν
879 904 947 939 ἡμῖν

158 944 254 980 ἤγειρε
270 945 391 980 κύματα.
409 947 495 974 Πόσον
511 948 533 974 δ’
549 948 619 984 ὺπέρ
641 948 737 976 τούτου
754 950 799 977 καὶ
812 950 947 985 σωμάτων

158 991 207 1018 καὶ
223 992 374 1027 χρημάτων
386 993 490 1028 πλῆθος
503 994 552 1020 καὶ
564 995 696 1031 πρότερον
711 995 877 1030 ἀ-ιηλοῦσθαι
901 996 948 1023 δο-

162 1038 302 1071 κεῖτε,κα“ι
311 1038 358 1065 νῦν
369 1039 533 1067 ἀναλοῦσθαι
549 1041 607 1067 κατ’
621 1041 697 1074 ἐτος;
713 1042 825 1074 Πάντως
838 1042 871 1070 ἂν
883 1043 947 1079 ἔστη

159 1084 207 1110 καὶ
222 1084 314 1118 πηγὰς
328 1083 388 1119 ἔχον
402 1085 500 1121 ἀρχήν,
515 1087 656 1114 Κάκείνων
672 1087 722 1122 μὲν
734 1089 759 1115 οι
773 1089 891 1116 κίνδυνοι
903 1089 949 1116 καὶ

160 1132 194 1155 τὰ
203 1128 380 1164 ἀναλώματα·
395 1131 462 1166 ἡμῖν
469 1131 497 1158 δὲ
509 1131 677 1167 καθημένοις
685 1133 719 1159 τὰ
727 1132 852 1160 ἐντεῦθεν
862 1142 950 1168 προσ-

160 1175 265 1209 γίνεται
281 1176 376 1211 κέρδη.
394 1177 460 1203 Τίνα
483 1178 511 1204 δέ
525 1178 598 1210 λέγω
618 1178 722 1211 ταύτας
738 1179 798 1205 Τῶν
811 1178 951 1214 αἰχμαλώ-

160 1229 216 1247 των
229 1222 254 1248 οί
279 1222 442 1257 καθημέραν
466 1224 681 1258 ἀνασωζόμενοι,
695 1225 743 1258 οὓς
767 1227 951 1263 ἀπειρήκασιν

160 1264 355 1299 ἀριθμοῦντες,
365 1263 405 1298 οἷς
413 1267 499 1294 ταῦτα
511 1268 645 1303 ἐμέλησεν
656 1271 826 1306 ἀναγράφειν
836 1279 844 1286 ·
860 1272 887 1299 al
898 1272 952 1299 τῶν

161 1311 292 1346 ἐμπόρων
314 1313 477 1347 ἀναγωγαί·
491 1314 521 1340 τλ)
541 1315 608 1349 μηδέ
624 1312 675 1349 τῆς
699 1316 834 1352 θαλάττης
861 1318 953 1353 εἴργει

162 1357 225 1385 σθαι
239 1367 245 1373 ·
261 1357 291 1385 τδ
313 1359 362 1390 τὰς
379 1360 478 1394 νήσους
501 1360 539 1395 μὴ
566 1361 759 1397 ἀνηρπάσθαι’
778 1363 859 1390 πάνθ’
882 1364 953 1391 ὅσων

163 1403 228 1439 πρὶν
245 1404 423 1439 ἡνειχόμεθα.
453 1406 493 1432 Τὰ
514 1406 542 1433 δέ
561 1406 628 1442 πρὸς
647 1408 753 1445 Ἴμϐρῳ
777 1410 844 1444 παρ’
862 1410 953 1438 αὐτῶν

163 1449 298 1484 γενόμενα
310 1471 317 1482 ,
339 1450 406 1485 πρὸς
421 1451 470 1486 τῆς
484 1451 612 1486 ἀληθείας
626 1453 721 1488 αὐτῆς,
737 1455 807 1489 ὑπὲρ
823 1455 897 1488 τίνος
911 1464 955 1488 τις

997 212 1086 247 posito
1103 211 1244 246 animique
1267 209 1451 246 generositate
1474 207 1588 242 gloriam
1611 214 1784 241 consequen-

996 263 1056 290 tes;
1073 265 1123 285 nos
1138 265 1204 284 vero
1219 265 1281 284 eum
1295 264 1308 283 a
1326 255 1397 290 turpi
1412 254 1553 284 servitute,
1571 258 1627 280 tum
1641 261 1656 279 a
1669 253 1783 288 reliquis

997 303 1060 331 huic
1075 303 1142 330 sorti
1159 303 1330 337 fortunmque
1345 302 1510 337 conjuncti<,
1527 301 1698 331 liberarunt;
1715 306 1784 332 quos

997 357 1060 376 vere
1082 349 1177 384 patria:
1194 353 1295 376 nostra
1313 347 1516 383 propugnacula
1532 354 1564 373 ac
1580 352 1668 373 turres
1692 345 1783 372 dicas:

996 401 1027 422 ut
1041 395 1094 422 nisi
1109 403 1148 427 se,
1168 400 1233 422 tunc
1248 395 1286 422 illi
1302 394 1431 421 Barbaris
1445 393 1622 429 objecisscnt,
1648 399 1682 418 ne
1703 391 1784 418 tundo

996 441 1108 475 quidem
1122 445 1195 468 esset
1211 440 1289 475 cujus
1304 440 1390 476 gratia
1407 440 1634 467 deliberaremus.
1652 438 1741 471 Atque
1758 436 1784 463 id

996 486 1107 522 quidem
1125 486 1211 519 bene;
1235 487 1282 521 qui
1307 491 1398 514 autem
1416 486 1487 513 haud
1512 486 1548 513 ita
1573 485 1678 520 pridem
1693 483 1787 518 Smyr-

997 541 1059 560 nam
1075 538 1218 568 ceperunt,
1232 541 1263 560 ac
1279 537 1387 568 portum
1406 533 1516 567 quidem
1536 535 1717 566 occuparunt.
1738 530 1784 556 ubi

997 579 1182 607 Barbarorum
1193 579 1298 611 classis,
1313 587 1373 614 quae
1383 579 1537 606 universam
1551 583 1649 604 terram
1662 582 1783 603 nostram

997 627 1179 660 desolaverat,
1204 627 1317 654 collecta
1335 631 1413 658 erat;
1438 626 1592 660 eodemque
1606 625 1667 651 loco
1685 623 1786 651 Barba-

997 681 1058 701 rum
1075 674 1108 701 ad
1122 681 1216 700 muros
1228 677 1394 708 pugnantem
1411 676 1588 707 peremerunt
1603 670 1652 706 (‘2).
1667 678 1722 704 quo
1743 677 1787 696 su-

998 720 1122 755 perstite,
1151 719 1256 746 nullum
1281 723 1339 746 erat
1365 718 1499 745 malorum
1516 725 1611 752 genus,
1631 716 1704 751 quod
1731 723 1786 742 non

998 767 1165 797 immineret,
1181 765 1317 792 undenam
1339 764 1451 799 profecti
1471 769 1569 795 erant,
1591 764 1617 789 in
1632 769 1785 796 quorunwc

998 813 1127 848 gratiam,
1149 819 1206 839 rem
1232 811 1365 847 ejusmodi
1393 810 1578 845 prmstabanl?
1595 809 1688 843 Neque
1712 808 1787 834 enim

999 858 1107 894 Scythas
1120 857 1215 892 aliqui,
1231 864 1279 884 aut
1297 855 1361 890 Mysi
1379 855 1438 881 talia
1457 857 1710 889 praesumpserunt;
1738 859 1788 878 nec

999 903 1018 931 ii
1041 904 1102 931 aliis
1123 911 1205 938 quam
1221 903 1301 930 nobis
1316 902 1457 937 suppetias
1471 905 1624 927 venerunt:
1642 899 1688 935 qui
1713 899 1788 926 enim

999 954 1143 982 venerant,
1157 950 1191 977 ab
1201 949 1315 985 Alpibus
1326 949 1498 983 navigarunt.
1509 947 1592 975 Scitis
1603 953 1670 973 vero
1680 953 1788 977 omnes,

999 1001 1118 1032 quantos
1133 997 1271 1024 universis
1294 995 1375 1035 nobis
1393 994 1556 1022 excitaverit
1573 993 1675 1020 ﬂuctus
1693 992 1789 1027 Smyr-

1001 1051 1043 1070 na:
1067 1047 1176 1077 portus.
1199 1043 1335 1076 Quantam
1360 1048 1426 1068 vero
1452 1041 1512 1076 ejus
1537 1046 1619 1067 causa
1645 1038 1790 1066 hominum

1001 1088 1216 1121 multitudinem,
1224 1093 1375 1123 quantasve
1385 1095 1463 1122 opes,
1473 1094 1535 1114 cum
1543 1087 1619 1121 prius
1628 1090 1790 1118 consumpta

1001 1134 1172 1166 existimatis,
1188 1133 1396 1167 etiamnumque
1417 1132 1497 1159 annis
1513 1131 1631 1166 singulis
1643 1128 1791 1158 consumi?

1002 1181 1086 1208 Plane
1109 1180 1226 1208 stitisset
1247 1179 1291 1206 cui
1315 1179 1358 1206 vel
1373 1179 1463 1207 fontes
1487 1178 1597 1206 initium
1612 1176 1737 1204 fuissent.
1754 1175 1793 1202 Ac

1003 1228 1043 1256 illi
1063 1227 1173 1263 quidem
1191 1226 1323 1261 periculis
1335 1226 1454 1253 defuncti
1469 1229 1544 1258 sunt,
1558 1226 1738 1258 sumptusque
1754 1221 1793 1248 fe¢

1004 1277 1114 1304 cerunt,
1128 1272 1208 1300 nobis
1220 1279 1285 1299 vero
1298 1271 1471 1303 sedentibus,
1483 1277 1544 1306 quae
1556 1269 1618 1297 inde
1632 1273 1695 1296 sunt
1706 1268 1793 1303 lucra,

1005 1319 1152 1347 accedunt.
1169 1319 1299 1352 Quasnam
1313 1325 1377 1345 vero
1392 1317 1449 1345 haec
1464 1316 1543 1344 dico?
1560 1315 1673 1350 Recepti
1683 1323 1714 1342 ac
1725 1315 1792 1341 sahi

1005 1364 1129 1400 quotidie
1154 1364 1273 1398 captivi,
1299 1363 1399 1398 quibus
1420 1362 1598 1390 numerandis
1624 1369 1658 1388 ne
1676 1359 1794 1388 suilieic-

1007 1413 1072 1440 baut
1082 1411 1205 1447 quidem,
1229 1409 1276 1445 qui
1295 1409 1501 1445 perscrihendis
1511 1416 1623 1444 cperant
1635 1407 1771 1442 ponebant
1787 1415 1793 1431 :

1006 1458 1206 1487 mercatoribus
1216 1458 1302 1484 libera
1315 1456 1496 1490 navigatiomt
1511 1463 1545 1482 ne
1553 1454 1622 1482 mari
1638 1461 1792 1483 arceantur,

162 1496 269 1528 νομίσει
288 1496 466 1532 πεπρᾶχθαι;
482 1498 517 1524 Ἦ
531 1498 612 1524 κάκεῖ
624 1499 688 1530 τοὺς
709 1499 868 1536 βαρϐάρους
884 1502 952 1537 ὺπέρ

1007 1509 1037 1532 ιιι
1051 1511 1085 1531 ne
1099 1505 1193 1531 hostes
1208 1502 1352 1537 rapuerint
1368 1502 1482 1532 insulas.
1499 1506 1671 1535 quacunque
1683 1499 1794 1525 demum-

162 1542 269 1570 ἐαυτῶν
287 1544 464 1579 ἀμυνόμενοι,
482 1544 516 1572 τά
528 1545 632 1572 τοιαῦτ’
644 1546 847 1582 ἐπεδείκνυντο;

1005 1550 1083 1585 prius
1098 1549 1171 1584 passi
1190 1556 1295 1576 sumus.
1310 1548 1376 1582 Quae
1390 1556 1453 1575 vero
1471 1548 1505 1574 ab
1520 1546 1561 1574 eis
1578 1545 1650 1580 apud
1673 1545 1793 1572 imbrum

162 1593 240 1624 gesta
257 1594 332 1622 sunt,
355 1598 405 1625 per
423 1590 510 1625 ipsam
528 1591 660 1631 Iobtestor
682 1593 840 1628 veritatem,
858 1595 1001 1631 cujusnam
1038 1596 1101 1630 quis
1134 1595 1236 1631 gratia.
1254 1598 1330 1630 gesta
1367 1594 1524 1630 putaverit?
1547 1594 1641 1621 lllicne
1673 1599 1794 1626 quoque"

157 1640 195 1662 tut
211 1635 347 1664 Barbaros
363 1638 405 1665 sui
425 1645 509 1665 causa
533 1638 742 1674 ulciscerentur,
770 1641 834 1669 talia
863 1641 1061 1678 designarunt?

203 1681 275 1707 Ἀλλ’
301 1681 357 1709 οὔτ’
383 1684 482 1709 ἐκεῖνοι
504 1683 614 1710 πώποτε
642 1685 768 1721 καθῆκαν
784 1688 825 1718 είς
848 1688 893 1714 τὸν
911 1687 956 1715 'A-

163 1727 252 1762 δρίαν,
267 1727 294 1754 οῖ
317 1736 350 1762 γε
365 1729 421 1756 οὐδ’
436 1729 537 1763 ίσασιν,
550 1731 608 1757 οὐθ’
628 1731 704 1767 εὖροι
715 1741 757 1764 τις
772 1733 805 1760 ἂν
825 1733 956 1761 Ἰταλικὸν

164 1772 333 1807 ἀνδράποδον
356 1774 386 1800 ἐν
408 1774 514 1811 Ἐφέσῳ
541 1777 589 1803 καὶ
611 1777 777 1814 Μαγνησίᾳ·
797 1778 854 1805 ἀλλ’
872 1780 954 1814 ἡμεῖς

164 1819 247 1853 ἐσμὲν
260 1820 284 1846 οἱ
297 1820 471 1853 δουλεύοντες
483 1822 622 1857 πανταχοῦ
634 1831 641 1838 ·
659 1823 730 1860 ὑπὲρ
743 1821 780 1852 ὧν
795 1825 895 1851 ἐκεῖνοι
908 1834 957 1852 πα-

165 1866 351 1900 ροξυνθέντες,
374 1867 480 1902 ὀλίγαις
501 1869 644 1904 τριήρεσιν
664 1870 890 1904 ἐπιπλεύσαντες,
906 1879 956 1899 κα-

164 1912 278 1939 τέλαῦον
296 1913 359 1944 τοὺς
372 1913 539 1948 βαρϐάρους,
557 1915 645 1942 εἴκοσι
669 1917 716 1943 καὶ
737 1916 835 1944 ἑκατὸν
851 1917 956 1950 πλοίοις

165 1958 447 1994 ἀνδραποδιζυμένους
463 1961 641 1996 τὴνἼμϐρον.
653 1962 726 1996 Οῖαν-
736 1962 759 1989 δ’
772 1963 832 1990 ἐκεῖ
843 1963 956 1996 τούτους

166 2004 235 2039 ὑπὲρ
265 2004 343 2039 ἡμῶν
369 2005 514 2040 ἀπῄτησαν
540 2007 630 2042 δίκην,
651 2007 743 2034 ἴσασιν
761 2008 786 2034 oi.
812 2008 892 2044 μέχρι
907 2008 955 2037 νῦν

165 2051 279 2077 ἐκείνων
308 2051 479 2086 μεμνημένοι
496 2052 550 2079 τῶν
564 2053 712 2087 ναυαγίων.
730 2054 826 2089 Σχεδὸν
844 2055 899 2090 γὰρ
910 2055 956 2082 οὐ·

165 2096 219 2127 δεῖς
232 2097 292 2123 τότε
304 2097 413 2131 λέγεται
428 2097 482 2124 τῶν
494 2097 642 2134 βαρὸάρων
652 2100 806 2134 διαφυγεῖν.
821 2101 877 2128 Καὶ
890 2109 956 2128 σιω-

165 2142 209 2169 πῶ
224 2143 259 2169 τὰ
279 2144 307 2170 ἐν
336 2143 533 2179 Πελοποννήσῳ
557 2144 692 2180 λῃστρικὰ
707 2146 798 2178 πλοῖα,
831 2147 879 2174 καὶ
900 2147 955 2174 τῶν

168 2189 316 2224 βαρῦάρων
330 2190 394 2221 τοὺς
417 2190 511 2217 αὐτόθι
527 2190 726 2226 διαφθαρέντας
737 2212 745 2225 ,
767 2192 814 2219 καὶ
827 2192 908 2220 πάλιν
922 2193 957 2221 τά

168 2236 236 2270 προς
254 2235 399 2272 Θετταλίᾳ,
421 2237 468 2262 καὶ
498 2236 563 2272 ἱερῷ
587 2236 658 2271 ὄρει,
686 2238 734 2265 καὶ
752 2237 954 2274 Ἑλλησπόντῳ,

168 2282 216 2308 καὶ
231 2281 334 2313 πάσαις
356 2282 459 2317 νήσοις.
476 2282 572 2317 Σχεδὸν
594 2283 647 2318 γὰρ
666 2283 787 2319 ἑκάστης
803 2285 912 2320 ἡμέρας
928 2285 956 2312 ἐ-

168 2327 246 2362 χουσί
261 2336 287 2354 τι
303 2328 393 2363 λέγειν
410 2328 483 2354 κατὰ
499 2328 553 2354 τῶν
570 2328 718 2364 βαρϐάρων
739 2331 785 2357 ὑπ’
803 2331 892 2358 αὐτῶν
909 2341 957 2359 πεη
972 2322 995 2350 D

169 2374 338 2410 πραγμένον.
359 2374 453 2407 Οὕτως
469 2376 562 2408 αὐτοῖς
579 2375 629 2411 μὲν
645 2376 674 2402 τὸ
703 2377 821 2412 νικᾷν,ἡ
843 2374 914 2413 ἧττα
927 2378 955 2405 δὲ

1045 1688 1193 1716 Enimvero
1213 1694 1302 1722 neque
1316 1687 1354 1714 illi
1368 1694 1487 1722 unquam
1500 1686 1526 1714 in
1540 1685 1708 1713 Adriaticum
1723 1693 1796 1713 mare

1008 1734 1221 1765 descenderunt,
1245 1733 1320 1769 quod
1335 1741 1370 1760 ne
1387 1737 1491 1760 norunt
1512 1732 1643 1768 quidem;
1669 1740 1718 1760 nec
1733 1733 1795 1767 quis

1008 1787 1120 1808 servum
1146 1788 1180 1808 ex
1204 1780 1281 1808 ltalia
1303 1779 1404 1814 Ephesi
1428 1787 1460 1806 ac
1475 1779 1620 1814 Magnesia:
1638 1780 1794 1807 invenerit:

1007 1834 1058 1854 nos
1068 1834 1134 1854 vero
1147 1827 1165 1854 ii
1179 1834 1285 1860 sumus,
1297 1827 1345 1862 qui
1358 1826 1461 1862 ubique
1472 1827 1594 1862 gentium
1607 1826 1679 1854 servi
1689 1834 1794 1858 sumus,

1007 1880 1126 1908 quorum
1156 1873 1193 1900 illi
1212 1880 1294 1901 causa
1318 1872 1486 1905 exacerbati,
1511 1873 1608 1907 paucis
1636 1871 1796 1899 triremibus
1835 1891 1842 1899 τ

1007 1919 1125 1952 advecti,
1149 1919 1283 1948 Barbaros
1306 1923 1452 1955 ceperunt,
1478 1926 1541 1946 cum
1562 1918 1600 1945 illi
1626 1923 1736 1946 centum
1763 1925 1796 1945 ac

1007 1966 1105 2001 viginti
1131 1966 1305 2002 navigiorum
1330 1967 1430 1999 classe,
1458 1965 1578 1993 imbrum
1596 1964 1794 2000 manciparent.

1007 2012 1095 2046 Quam
1111 2020 1177 2040 vero
1193 2020 1290 2048 graves
1305 2013 1339 2040 ab
1351 2013 1392 2040 eis
1404 2019 1498 2047 poenas
1512 2018 1562 2039 nos
1574 2011 1738 2039 ulciscentes
1749 2018 1796 2038 ex-

1007 2059 1124 2093 egerint,
1140 2059 1233 2086 sciunt
1252 2058 1299 2093 qui
1319 2058 1453 2086 hactenus
1478 2057 1548 2084 facta
1562 2057 1629 2085 ‘illic
1653 2056 1795 2092 naufragia

1009 2104 1140 2130 memoria
1160 2103 1291 2131 retinent.
1309 2103 1413 2131 Ferunt
1426 2102 1501 2130 enim
1515 2102 1560 2129 vix
1576 2109 1743 2137 quemquam
1756 2101 1798 2129 ei-

1009 2150 1111 2184 fugisse
1123 2149 1319 2177 Barbarorum.
1335 2149 1410 2178 Sileo
1426 2150 1557 2185 piraticas
1569 2150 1595 2176 in
1608 2149 1799 2184 Peloponneso

1008 2203 1102 2227 naves,
1116 2203 1146 2223 ac
1155 2195 1292 2223 Barbaros
1305 2195 1362 2223 illic
1376 2195 1558 2223 internecioni
1567 2195 1662 2222 datos:
1675 2187 1792 2222 rursum-

1009 2249 1064 2275 que
1077 2245 1153 2276 gesta
1166 2241 1194 2268 in
1208 2241 1360 2274 Thessalia,
1379 2245 1474 2269 monte
1488 2244 1595 2275 sancto,
1614 2239 1792 2276 Hellesponto

1008 2295 1041 2315 ac
1055 2287 1186 2315 omnibus
1203 2287 1310 2315 insulis.
1333 2286 1386 2315 Vix
1410 2287 1485 2315 enim
1510 2286 1633 2322 praeterit
1646 2287 1718 2320 dies,
1738 2294 1800 2321 quae

1009 2340 1065 2360 non
1088 2333 1192 2368 aliquid
1210 2333 1238 2360 in
1264 2332 1399 2361 Barbaros
1415 2333 1449 2360 ab
1462 2333 1504 2361 eis
1518 2333 1691 2369 designatum
1716 2332 1799 2360 ierat.

1011 2378 1057 2406 Sic
1070 2378 1181 2413 quidem
1201 2379 1279 2414 ipsis,
1296 2379 1426 2413 vincere;
1442 2378 1569 2407 Barbarie
1585 2383 1677 2406 autem
1692 2377 1766 2405 vinei
1784 2385 1798 2404 a

808 2424 861 2454 Fr.
879 2423 1063 2456 Combeﬁsii
1078 2429 1172 2457 notae.
1195 2435 1204 2442 -λ

208 2482 247 2512 (‘2)
268 2482 398 2510 Eamdem
414 2484 621 2512 Cantacnzeuus
638 2484 781 2511 historiam
798 2478 893 2518 τοῖοι-ι,
909 2485 958 2515 lib.

171 2526 212 2547 Ill,
229 2518 274 2544 ubi
291 2519 405 2546 classem
421 2519 592 2546 Rhodiorum
608 2527 639 2546 ac
653 2520 771 2547 aliorum
784 2519 958 2552 Latinorum,

171 2560 224 2586 qua
247 2553 361 2588 Smyrna
384 2559 462 2588 capta
488 2558 539 2585 est,
556 2555 591 2581 2:5-
617 2555 770 2581 triremium
801 2557 886 2583 fuisse
911 2556 959 2588 ait.

172 2588 348 2626 celebratque
376 2597 473 2626 eorum
510 2588 671 2616 immensam
701 2589 902 2623 fortitudinem,
931 2596 962 2618 ut

172 2623 253 2659 ipse?
279 2631 398 2657 praesens
437 2623 550 2650 Ameras
590 2632 645 2651 non
688 2626 808 2658 potuerit
852 2630 960 2659 portum

173 2658 254 2693 tutari
275 2666 306 2685 ac
323 2659 428 2686 urbem.
455 2658 514 2685 Non
536 2658 784 2693 liquetqucmuam
810 2658 960 2688 Barbarum

173 2692 328 2728 Demetrius
345 2693 382 2721 ibi
406 2693 527 2720 occisura
551 2692 663 2724 dicat,a
689 2702 744 2728 quo
757 2699 831 2721 tanta
860 2695 962 2723 Gra'cis

173 2726 330 2754 immineret
362 2728 516 2762 pernicies;
536 2729 603 2755 nihil
638 2726 711 2755 enim
751 2729 961 2757 Cantacuzenus

173 2762 309 2795 ejusmodi
325 2763 416 2800 habet.
434 2763 545 2800 Lubens
561 2763 680 2800 docerer
698 2764 724 2800 in
740 2771 821 2800 quem
844 2765 963 2800 impera-

176 2801 259 2831 turezn
275 2798 431 2831 prmcedens
447 2798 561 2825 historia
586 2797 682 2825 referri
704 2797 812 2831 debeat,
836 2797 900 2826 vere
918 2801 961 2828 illa

176 2830 282 2859 Latinis
301 2841 331 2860 ac
348 2831 485 2867 Occiduis,
510 2837 539 2860 ut
556 2841 608 2868 qua
631 2833 694 2867 alia,
718 2833 846 2868 gloriosa.
868 2834 920 2863 Sed
935 2841 962 2863 ct

1014 2485 1119 2521 reliqua
1141 2486 1167 2514 in
1195 2486 1306 2514 eosdem
1330 2485 1449 2514 subinde
1471 2487 1546 2513 velut
1566 2485 1753 2521 obitermdicta
1770 2492 1802 2521 ae

1015 2520 1144 2553 indicata,
1164 2522 1277 2549 omnino
1296 2522 1340 2548 illa
1354 2521 1495 2556 przeclara,
1510 2529 1542 2548 ac
1565 2527 1629 2548 vere
1650 2520 1800 2556 Christiani

1015 2557 1135 2590 pectoris
1145 2565 1207 2584 cum
1224 2558 1281 2592 pari
1296 2554 1520 2592 magnanimitate
1536 2556 1651 2583 heroum
1665 2554 1801 2592 majorum

1015 2589 1185 2626 nostrorum,
1211 2589 1329 2626 quorum
1344 2589 1431 2618 verbis
1462 2599 1539 2618 sacro
1564 2589 1698 2626 ejusmodi
1729 2589 1801 2616 bello

1014 2625 1177 2658 facinorum,
1211 2624 1350 2654 theatrum
1381 2626 1449 2658 fuit,
1479 2626 1646 2660 praemiator.
1673 2624 1744 2660 Deus
1769 2631 1801 2650 ac

1016 2661 1089 2688 coeli.
1102 2661 1211 2690 Utinam
1232 2669 1297 2689 vero
1310 2665 1420 2688 tandem
1446 2659 1603 2694 aliquando,
1619 2667 1652 2686 ae
1666 2659 1707 2685 vel
1728 2666 1802 2690 sero,

1016 2701 1129 2731 nepotes
1146 2704 1178 2724 ac
1190 2697 1248 2729 tilii,
1261 2698 1304 2723 vix
1317 2696 1466 2731 quidquam
1477 2695 1661 2731 generositate
1671 2694 1801 2731 impares,

1016 2729 1159 2766 ἐμῐρύλιον,
1196 2740 1250 2766 quo
1284 2729 1464 2766 discordibus
1482 2729 1566 2758 nobis
1593 2729 1726 2756 dilabitur
1759 2736 1802 2766 res

1015 2763 1181 2798 Christiana,
1205 2763 1437 2794 “cornmutaverint
1458 2763 1484 2792 in
1510 2772 1575 2791 vere
1599 2771 1718 2796 sacrum,
1746 2763 1804 2790 avi~

1016 2804 1097 2835 taque
1115 2802 1214 2836 pietate
1227 2807 1342 2829 matrem
1356 2800 1495 2828 vindicare
1510 2799 1676 2827 studuerint.
