1942 3090
170 92 221 123 9η

790 99 978 129 DEMETRII
997 98 1151 131 CYDONII

1743 109 1797 141 981

175 151 310 186 principio
325 152 433 181 videtur
447 153 590 191 obtigisse.
606 157 662 185 Nec
675 159 897 193 congressionem
916 164 946 183 as

1010 160 1066 190 τοῖς
1081 159 1231 196 βαρϐάροις
1245 161 1275 194 ἐξ
1290 162 1378 198 ἀρχῆς
1409 164 1644 199 συγκεκλήριιιται.
1671 166 1727 193 Καὶ
1742 167 1794 193 οὐκ

167 197 276 231 signare
290 198 379 232 liceat,
394 208 448 235 qua
478 210 532 229 non
553 203 670 232 victores
684 209 784 240 tropaea
802 205 952 233 crcxerint.

168 241 315 271 Enimvero
330 253 392 272 cum
410 246 445 274 ab
460 248 574 283 antiquo
592 251 726 284 cmperint
742 251 877 278 Barbaros
889 258 953 285 pro-

165 289 243 322 sequi
264 290 338 322 odio,
357 291 491 320 hactenus
509 300 695 328 perseverant,
711 296 818 323 utnihil
832 304 951 330 unquam

165 333 276 362 {mlieris
291 335 400 363 ineundi
423 339 618 367 meminerim:
636 345 718 375 atque
734 342 804 368 adeo
822 349 865 368 res
881 342 953 375 ejus-

166 380 250 413 modi,
275 381 376 409 nedum
400 390 459 410 aevo
484 384 547 417 hoc,
564 387 683 413 nominis
701 387 740 414 eis
754 387 848 414 ali‘eret
869 387 950 414 clari~

165 429 265 459 tatem;
286 434 383 454 verum
403 429 484 456 etiam
513 430 606 458 futuro
630 439 791 466 magnorum
817 433 951 459 bonorum

164 471 246 498 habet
262 474 517 507 repromissionem.
534 476 627 511 Atqui,
647 478 710 512 quis
724 478 827 505 certius
840 477 950 513 aliquod

163 523 355 552 argumentum
382 520 459 552 velit,
481 525 511 548 ut
527 529 580 549 non
606 522 623 549 ii
650 523 739 555 facile,
757 528 886 559 tanquam
902 532 951 551 co-

163 562 249 590 lorem
265 564 319 591 sint
333 565 496 593 sententiam
512 568 655 600 mutaturi,
676 577 757 603 quam
774 573 804 596 ut
818 569 950 597 diuturno

161 609 230 635 adeo
248 614 371 644 tempore
388 611 521 639 adversus
537 612 671 640 Barbaros
685 613 885 648 depugnantes,
902 623 949 643 ne-

161 662 215 688 que
232 655 283 689 ipsi
308 663 428 690 unquam
444 656 568 684 inducias
591 658 743 692 petierint,
760 667 810 686 nec
825 660 950 688 hostibus

160 701 298 727 Voluerint
319 702 442 733 concedi,
462 707 589 737 tauquam
615 711 680 731 vero
703 704 736 730 ab
760 704 818 740 ipsa
848 710 948 733 natura

163 746 190 772 in
206 753 253 774 vos
269 746 369 774 bu-llum
390 749 572 783 susceperint,
588 749 627 777 sic
641 757 736 777 eorum
754 750 860 777 ruinam
879 751 947 779 lucri

161 793 271 819 maximi
287 793 348 820 loco
367 793 468 821 habent
481 794 492 821 ?
505 794 582 827 Quod
606 799 696 822 autem
713 803 766 822 non
781 796 835 823 nisi
851 797 948 832 grandi

160 846 214 865 aere
227 838 290 865 talia
306 839 449 874 designare
466 840 615 874 potuerint,
633 841 766 869 ridiculus
781 843 830 869 sim
844 848 874 870 ut
885 850 947 878 pro-
967 834 988 861 Β

161 885 225 911 bare
241 885 414 913 tentavcrim.
432 885 529 913 Sciunt
545 894 609 913 vero
623 887 669 921 qui
685 888 794 915 navales
809 889 950 917 instruunt

162 929 267 964 copias,
294 930 360 957 nihil
380 930 557 965 paucioribus
573 931 695 967 indigere
714 933 747 959 ad
767 939 949 961 commeatum

162 974 235 1002 bello
251 981 436 1010 comparatam
453 977 555 1008 navim,
572 981 654 1011 atque
671 978 793 1012 indigeat
814 987 867 1005 una
883 980 950 1007 urbs

161 1025 228 1048 tota.
255 1021 308 1048 Tot
325 1029 392 1049 vero
415 1022 453 1049 illi
480 1024 611 1050 continue
634 1024 774 1051 instruunt
790 1024 900 1058 classes,
920 1029 950 1052 ut

160 1066 243 1094 ludus
259 1067 370 1102 quidem
394 1067 531 1101 videatur,
551 1077 633 1103 quam
650 1069 735 1097 Graeci
753 1071 886 1098 miSerunt
902 1079 950 1098 ex-

160 1118 310 1147 pugnatum
329 1113 460 1148 Trojam:
485 1114 525 1142 sic
541 1115 616 1142 velut
638 1123 653 1142 e
671 1115 803 1148 fontibus,
825 1118 950 1151 pecuniae

159 1159 286 1186 alﬂuunt.
310 1160 367 1188 Nec
383 1160 526 1188 hominum
554 1169 636 1196 quam
662 1163 843 1197 pecuniarum
861 1163 950 1191 minor

159 1205 250 1240 copia.
270 1205 324 1232 Per
347 1205 474 1233 nationes
493 1206 580 1239 enim,
607 1207 788 1242 sodalitiaque
813 1215 845 1235 ac
862 1209 950 1237 tribus

160 1254 314 1282 transeunt,
332 1255 362 1278 ut
377 1251 525 1278 videantur
536 1251 624 1286 patria
640 1252 733 1280 relicta
750 1253 804 1280 alio
831 1254 946 1281 commi-

158 1303 248 1331 grare.
264 1296 342 1329 Quod
356 1296 379 1324 si
396 1297 457 1331 quis
471 1305 504 1324 eo
521 1298 624 1325 moveri
643 1299 728 1331 dicat,
746 1300 818 1335 quod
834 1308 884 1327 nos
898 1301 949 1328 mi-

159 1344 293 1373 serantes,
309 1342 380 1369 mala
402 1345 494 1368 nostra
521 1349 598 1368 suam
618 1343 739 1377 ipsorum
764 1344 948 1372 calamitatem

158 1385 278 1417 ducant;
292 1385 359 1420 quid
374 1386 416 1413 vel
428 1391 557 1421 parentes
572 1387 736 1422 ampliorum
752 1389 778 1415 in
795 1396 845 1416 nos
861 1389 950 1417 visce-

159 1439 219 1458 rum
245 1431 392 1458 ostendere
421 1432 545 1459 valeant?
574 1432 623 1460 Sin
649 1435 752 1466 auter'n,
771 1438 851 1461 tanta;
875 1435 948 1462 illius

159 1477 369 1511 magniﬁcentiae
382 1478 537 1512 premium,
551 1486 633 1513 quam
652 1478 715 1506 inde
730 1485 946 1514 consequuntur,

158 1523 272 1558 gloriam
292 1528 427 1557 quaerant,
443 1525 618 1559 quandonam
644 1525 662 1552 ii
679 1525 771 1552 induci
786 1526 900 1560 possint,
917 1532 945 1553 ut

158 1568 266 1596 levibus
283 1570 448 1604 quibusdam
460 1579 492 1598 ex
508 1571 599 1598 causis
616 1571 680 1598 belli
694 1573 785 1600 socios
798 1572 944 1605 deserant;

160 1615 208 1650 qui
224 1623 289 1643 vero
313 1624 368 1643 non
384 1616 418 1644 iis
440 1617 495 1644 sint
519 1617 688 1649 auxiliaturi,
703 1625 820 1652 quorum
846 1618 945 1651 salute,

160 1666 264 1688 tantam
286 1661 406 1689 habeant
431 1665 572 1697 reportare
590 1662 724 1697 gloriam?
750 1662 796 1689 Sin
815 1663 945 1698 denique,

159 1708 232 1742 quod
256 1709 345 1743 majus
375 1708 524 1743 veriusque
549 1708 669 1740 dicatur,
699 1709 772 1743 quod
790 1709 817 1736 in
833 1711 891 1737 suis
914 1717 947 1737 ac

157 1753 331 1787 necessariis,
343 1762 466 1790 quosque
477 1759 506 1782 ut
514 1762 563 1782 sua
576 1755 697 1790 ipsorum
707 1755 828 1784 membra
837 1761 945 1790 curent,

159 1798 293 1834 pietatetn
314 1799 426 1827 videant
448 1801 476 1827 in
496 1800 644 1828 discrimen
666 1802 777 1833 vocari;
801 1806 883 1836 atque
897 1810 946 1830 eos

158 1844 206 1879 qui
217 1851 280 1872 cum
300 1845 366 1879 ipsis
379 1853 411 1872 ac
423 1853 472 1880 per
486 1846 559 1880 ipsos
571 1846 709 1874 universis
722 1847 944 1881 dominabantur,

158 1897 254 1918 eorum
280 1891 432 1926 mancipari
462 1899 568 1923 servos,
596 1900 665 1926 quos
690 1892 766 1926 prius
785 1893 946 1921 habuissent

158 1936 295 1970 mancipia
321 1944 371 1970 pro
394 1937 523 1964 omnibus
547 1937 599 1971 ipsi
625 1937 752 1964 adierunt
773 1938 943 1973 periculum;

159 1989 246 2009 unum
263 1981 331 2009 illud
344 1982 394 2009 sibi
408 1987 604 2016 proponentes,
620 1991 675 2018 quo
687 1983 846 2018 religionem
856 1992 946 2012 sacra-

159 2026 291 2054 tissimam
303 2027 337 2054 ab
353 2027 500 2061 impiorum
513 2027 612 2063 injuria
627 2028 789 2060 liberarent,
806 2030 945 2064 quomodo

158 2079 214 2099 non
230 2071 363 2099 eximium
389 2071 455 2106 quid
483 2072 607 2100 videatur
630 2073 702 2108 quod
729 2074 764 2102 ab
778 2074 819 2101 eis
834 2075 945 2110 agitur?

158 2117 215 2143 Aut
231 2115 294 2150 quis
311 2115 447 2143 illustrius
460 2116 548 2150 possit
562 2116 660 2144 aﬂ‘erre
674 2117 784 2151 pietatis
796 2117 945 2144 indicium?

1009 204 1082 233 ἔστιν
1095 207 1139 233 ὅτε
1153 207 1338 243 συμϐαλόντες
1349 210 1399 237 οὐκ
1413 210 1566 246 ἀνέστησαν
1579 211 1705 246 τρόπαια.
1714 212 1795 238 Ἀλλὰ

1009 252 1062 286 μὴν
1075 253 1179 280 ἄνωθεν
1198 254 1244 281 τοῦ
1263 255 1332 290 πρὸς
1351 256 1415 287 τοὺς
1433 256 1590 292 βαρϐάρους
1606 257 1701 292 μίσους
1712 257 1795 292 ἀρξά-

989 333 992 337 ’
1009 307 1095 332 μενοι,
1111 299 1184 334 δεῦρ’
1195 300 1238 326 ἀεὶ
1253 300 1452 334 διαγεγόνασιν,
1468 301 1528 328 οὐδέ
1543 310 1608 328 ποτε
1627 302 1794 336 μνησθέντες

1007 345 1148 372 σπονδῶν·
1167 346 1205 377 ὡς
1232 346 1306 373 τοῦτ’
1331 347 1424 379 αὐτοῖς
1441 347 1491 374 οὐκ
1510 347 1626 374 ἐνταῦθα
1653 349 1734 383 μόνον
1749 347 1794 374 εὖ·

1007 391 1101 426 κλειαν
1115 389 1198 424 οῖσον,
1215 392 1282 418 ἀλλὰ
1304 393 1350 419 καὶ
1367 392 1437 427 πρὸς
1448 392 1479 419 τὸ
1493 392 1591 428 μέλλον
1612 393 1724 427 ἀγαθῶν
1743 403 1793 429 με-

1005 438 1096 471 γάλων
1114 438 1175 473 ἔχον
1191 438 1369 472 ἐπαγγελίαν.
1386 439 1483 466 Καίτοι
1498 439 1540 470 τίς
1563 439 1595 471 ἂν
1619 440 1683 466 ἀλλο
1701 441 1792 474 μεῖξον

1006 483 1063 517 ἔχοι
1082 483 1233 518 τεκμήριον
1247 483 1295 510 τοῦ
1320 484 1384 515 τοὺς
1400 484 1498 518 ἄνδρας
1518 484 1555 519 μὴ
1579 485 1681 519 ῥᾴδιον,
1698 484 1792 520 ὥσπερ

1005 530 1111 565 χροιὰς,
1129 530 1308 565 μεταϐάλλειν
1323 531 1373 561 τὰς
1389 530 1500 565 γνώμας
1516 530 1533 566 ἢ
1553 531 1681 557 τοσοῦτον
1695 531 1792 566 χράνον

1006 576 1194 611 πολεμοῦντας
1211 577 1279 612 πρὸς
1295 577 1462 612 βαρϐάρους,
1477 578 1579 612 ἀνοχὰς
1604 578 1668 612 μήτ’
1692 578 1792 608 αὐτοὺς

1004 623 1124 657 αἰτῆσαι,
1140 624 1208 657 μήτε
1236 623 1348 658 θελῆσαι
1368 623 1460 650 δοῦναι
1480 624 1538 654 τοῖς
1553 623 1695 657 πολεμίοις
1709 631 1716 639 ·
1733 623 1792 650 ἀλλ’

1004 667 1099 702 ὥσπερ
1115 668 1162 694 καλ⁸
1184 667 1232 703 τὴν
1248 668 1317 703 πρὸς
1335 668 1456 700 ἐκείνους
1477 668 1569 703 μάχην
1583 669 1653 703 μετὰ
1670 670 1719 703 τῆς
1741 670 1792 701 φύ-

1005 724 1073 747 σεως
1088 715 1260 749 δεξαμένους,
1285 715 1357 742 οὕτω
1371 715 1421 751 τὴν
1438 716 1550 742 ἐκείνων
1574 715 1713 742 ἀπώλειαν
1732 716 1792 750 ἥδι-

1004 769 1066 788 στον
1081 760 1203 795 νομίζειν
1217 761 1338 796 κερδῶν;
1351 761 1412 788 Ὀτι
1424 761 1447 788 δ’
1462 761 1512 788 οὐκ
1523 761 1586 788 ἄνευ
1595 761 1746 797 χρημάτων
1757 763 1792 788 τὰ

1003 806 1115 833 τοιαῦτα
1144 806 1176 833 ἂν
1191 806 1376 841 ἠδυνήθησαν,
1405 807 1492 840 γέλως
1521 807 1571 842 μὲν
1595 807 1791 834 ἀποδεικνύναι

1003 852 1166 888 πειρᾶσθαι·
1187 853 1260 879 ῐσασι
1273 852 1301 878 δὲ
1314 853 1338 879 ot
1357 852 1406 883 τὰς
1420 852 1553 884 ναυτικὰς
1568 853 1697 886 δυνάμεις
1711 853 1792 887 ἐξαρ-

1000 898 1138 932 τυόμενοι,
1151 897 1187 929 ὡς
1202 897 1271 924 ὅσων
1287 898 1335 932 μιᾷ
1357 897 1443 930 πόλει,
1458 897 1594 924 τοσούτων
1613 899 1653 924 δεῖ
1676 898 1724 924 καὶ
1740 899 1793 932 μιᾷ

1001 942 1046 977 νηῒ
1061 943 1244 977 στρατιώτιδι.
1267 944 1445 975 Ἀποστόλους
1471 943 1493 970 δ’
1511 945 1612 970 ἐκεῖνοι
1639 943 1791 975 τοσούτους

1001 988 1121 1023 συνεχῶς
1146 989 1333 1023 ἐξαρτύονται,
1353 988 1392 1020 ὡς
1419 989 1528 1016 παιδιάν
1558 998 1619 1016 τινα
1638 990 1740 1022 δοκεῖν,
1760 990 1791 1016 ὃν

1001 1033 1132 1066 Ἕλληνες
1144 1034 1191 1060 ἐπὶ
1206 1034 1306 1069 Τροίαν
1324 1029 1489 1062 ἀπέστειλαν
1500 1044 1506 1051 ·
1523 1035 1595 1062 οὕτω
1618 1035 1653 1061 τά
1667 1036 1792 1071 χρήματ’

1000 1081 1092 1112 αὐτοῖς
1105 1079 1200 1115 ὥσπερ
1215 1081 1269 1107 άπδ
1282 1081 1380 1116 πηγῶν
1396 1082 1515 1117 ὲπιρῤιί,
1530 1083 1578 1108 καὶ
1594 1082 1640 1108 τοῦ
1654 1083 1708 1108 τῶν
1724 1091 1792 1116 χρη-

996 1118 1095 1160 ’μάτων
1111 1126 1231 1162 πλήθους
1259 1127 1307 1161 οὐχ
1323 1124 1404 1162 ἧττόν
1422 1127 1452 1154 τὸ
1466 1128 1520 1154 τῶν
1548 1127 1695 1162 σωμάτων.
1712 1128 1791 1155 Κατὰ

999 1173 1064 1208 ἔθνη
1079 1173 1133 1208 γὰρ
1149 1172 1197 1199 καὶ
1210 1173 1282 1200 κατὰ
1295 1174 1414 1209 φατρίας
1430 1174 1478 1200 καὶ
1493 1175 1563 1200 κατὰ
1579 1174 1667 1208 φυλὰς
1683 1173 1792 1201 διαϐαί-

1000 1227 1110 1252 νουσιν,
1127 1219 1164 1250 ὼς
1187 1220 1276 1246 δοκεῖν
1297 1219 1392 1246 ἄλλοσε
1419 1219 1632 1254 μετοικίζεσθαι,
1650 1219 1708 1258 Δτὴν
1736 1227 1790 1246 παι

999 1264 1077 1298 τρίδα
1095 1263 1313 1296 καταλιπόντας.
1327 1265 1363 1291 Τὸ
1380 1265 1403 1291 δ’
1417 1266 1464 1291 ἐπὶ
1477 1264 1564 1291 ταῦτα
1587 1263 1681 1291 κινοῦν
1695 1265 1720 1290 εί
1739 1264 1790 1298 μὲν

998 1309 1029 1335 τὸ
1052 1310 1197 1343 συναλγεῖν
1215 1311 1283 1345 ἡμῖν
1302 1310 1375 1337 είποι
1397 1319 1452 1342 τις,
1473 1311 1522 1336 καὶ
1539 1312 1685 1345 συμφορὰν
1701 1311 1790 1336 ποιεῖ-

1000 1354 1062 1380 σθαι
1079 1354 1246 1388 τὰ“ἡμέτερα
1271 1354 1358 1389 πάθη,
1386 1355 1413 1380 τί
1427 1355 1483 1385 τοῖς
1500 1354 1610 1389 γονεῦσι
1627 1355 1691 1389 περὶ
1714 1354 1790 1389 ἡμᾶς

1000 1399 1189 1431 ἐπιδείξασθαι
1207 1399 1288 1426 πλέον
1306 1399 1467 1432 κατέλιπον;
1484 1401 1508 1426 εί
1522 1400 1550 1426 δὲ
1564 1399 1614 1434 τὴν
1627 1400 1675 1426 ἐπὶ
1684 1399 1788 1430 τούτοις

999 1445 1078 1478 δόξαν
1091 1443 1171 1472 ἆθλον
1185 1445 1235 1479 τῆς
1259 1445 1395 1479 τοσαύτης
1410 1444 1613 1480 μεγαλοψυχίας
1633 1444 1789 1477 ποιοῦνται,

959 1498 982 1530 c
999 1492 1057 1518 πότ’
1074 1491 1107 1518 ἂν
1126 1489 1197 1518 οὗτοι
1211 1491 1317 1526 μικρῶν
1335 1500 1415 1519 τινων
1438 1491 1518 1518 ἓνεκα
1541 1492 1606 1522 τοὺς
1628 1491 1790 1526 συμμάχους

999 1536 1210 1570 ὲγκαταλίποιεν
1225 1544 1232 1552 ·
1249 1536 1266 1571 ἢ
1290 1538 1349 1568 πῶς
1362 1536 1412 1563 οὐκ
1425 1537 1458 1563 ἂν
1475 1536 1584 1571 βοηθεῖν
1600 1537 1726 1568 ἐκείνοις,
1741 1535 1789 1568 οὒς

998 1582 1145 1613 σώσαντες,
1160 1581 1295 1617 τοσαύτην
1315 1581 1437 1609 οἴσεσθαι
1455 1582 1582 1616 μέλλουσι
1596 1582 1693 1615 δόξαν;
1724 1582 1750 1609 εί
1765 1582 1789 1609 δ’

996 1627 1010 1653 ὃ
1029 1627 1122 1662 μεῖζον
1138 1627 1183 1653 καὶ
1205 1626 1388 1662 ἀληθέστερον
1402 1626 1474 1654 εῐποι
1491 1636 1545 1660 τις,
1558 1628 1596 1659 ὡς
1625 1627 1743 1662 ὁρῶντες
1758 1629 1789 1655 ὲν

997 1674 1051 1702 τοῖς
1063 1671 1173 1703 οίκείοις
1187 1672 1235 1698 καὶ
1246 1668 1283 1698 ὧν
1297 1671 1334 1703 ὡς
1348 1672 1460 1699 οἰκείων
1475 1672 1566 1707 μελῶν
1583 1673 1723 1707 κήδονται,
1735 1673 1789 1707 τὴν

996 1716 1137 1743 εὺσέδειαν
1168 1715 1398 1743 κινδυνεύουσαν·
1428 1718 1476 1744 καὶ
1502 1717 1566 1748 τοὺς
1593 1717 1653 1752 μετ’
1684 1717 1788 1750 αὐτῶν,

995 1763 1045 1789 καὶ
1073 1762 1106 1788 δι’
1133 1762 1223 1789 αὐτῶν
1242 1762 1349 1789 πάντων
1374 1762 1555 1798 κρατοῦντας,
1574 1764 1630 1795 τοῖς
1649 1763 1787 1799 πρότερον

996 1809 1176 1842 ἀνδραπόδοις
1198 1809 1439 1843 ἀναγκαζομένους
1467 1809 1617 1842 δουλεύειν,
1644 1810 1724 1837 αὐτοὶ
1739 1811 1787 1837 τὸν

997 1854 1067 1890 ὑπὲρ
1088 1855 1142 1881 τῶν
1159 1855 1227 1881 ὅλων
1240 1855 1399 1888 ἀνεδέξαντο
1421 1854 1543 1882 κίνδυνον
1554 1875 1561 1888 ,
1579 1856 1609 1882 ἓν
1625 1855 1704 1882 τοῦτο
1719 1865 1787 1883 σκο-

996 1901 1122 1933 ποῦντες,
1139 1901 1215 1932 ὅπως
1233 1901 1284 1935 τὴν
1301 1901 1457 1936 ἀγιωτάτην
1490 1901 1640 1937 θρησκείαν
1665 1903 1714 1937 τῆς
1730 1902 1786 1929 τῶν

996 1946 1104 1974 ἀσεϐῶν
1126 1946 1231 1981 ὕϐρεως
1247 1948 1423 1982 ἐξαρπάσωσι
1434 1956 1441 1964 ’
1459 1948 1518 1979 πῶς
1535 1948 1583 1983 οὑχ
1599 1949 1738 1983 ὑπερφυὲς
1754 1949 1786 1976 τὸ

997 1992 1058 2019 κατ’
1072 1992 1182 2024 αὐτοὺς,
1208 1992 1225 2027 ἢ
1253 1992 1279 2018 τί
1305 2001 1349 2024 τις
1369 1993 1560 2029 λαμπρότερον
1575 1993 1714 2025 εὐσεϐείας
1726 1995 1785 2027 ἑξε-

996 2037 1095 2070 νέγκαι
1111 2038 1283 2072 τεκμήριον;
1303 2038 1330 2064 οἵ
1347 2046 1378 2072 γε
1395 2039 1450 2069 τοῖς
1469 2039 1514 2065 τὸν
1530 2040 1648 2074 Χριστὸν
1661 2039 1784 2075 βλασφη-

998 2081 1090 2116 μοῦσι,
1118 2082 1244 2114 καὶτοῖς
1269 2083 1374 2109 ἐκείνου
1403 2083 1487 2114 Θείοις
1518 2084 1609 2118 νόμοις
1640 2084 1690 2118 τὴν
1718 2083 1784 2119 παρ’

998 2128 1106 2159 ἑαυτοῖς
1122 2128 1328 2155 ἀντιτάττουσιν
1342 2129 1468 2163 ἀνομίαν,
1487 2130 1535 2156 καὶ
1557 2130 1614 2161 τοῖς
1630 2130 1678 2156 ἀπ’
1695 2130 1782 2157 αὐτοῦ

158 2161 295 2196 siquidem
324 2161 581 2196 blasphemantibus
607 2161 758 2193 Christum.
787 2162 943 2198 divinisque

998 2171 1180 2206 καλουμένοις
1191 2170 1324 2202 τοσαύτας
1338 2171 1517 2207 περιτιθεῐσιν
1533 2173 1665 2206 ἀνάγκας,
1680 2174 1717 2205 ὡς
1732 2175 1782 2201 οὑκ

157 2205 219 2241 ejus
249 2205 355 2240 legibus
372 2213 448 2234 suam
472 2206 594 2240 ipsorum
619 2207 824 2242 opponentibus
839 2207 942 2242 iniqui-

158 2256 255 2283 tatem.
271 2253 355 2287 inque
369 2256 459 2280 tantas
472 2253 649 2281 necessitates
665 2253 753 2281 dictos
769 2254 803 2281 ab
817 2261 851 2281 eo
864 2253 944 2281 Chri-

157 2298 263 2326 stianos
280 2299 467 2333 mittentibus,
493 2304 523 2327 ut
548 2307 582 2327 ne
599 2300 710 2334 quidem
734 2300 836 2335 alioqui
862 2299 943 2327 liceat

157 2343 214 2370 vita
229 2343 405 2378 superstitem
422 2353 494 2377 esse,
519 2346 573 2373 nisi
592 2353 651 2373 eam
674 2346 735 2380 quis
758 2346 851 2373 laudet
877 2354 941 2374 cor-

158 2389 327 2423 ruptionem,
353 2390 404 2418 soli
429 2399 459 2418 se
476 2391 612 2420 universis
633 2392 802 2427 adversaque
819 2393 878 2420 acie
892 2393 941 2420 ob-

154 2435 292 2470 jecerunt.
311 2436 350 2463 Ac
374 2444 464 2471 neque
488 2438 585 2465 civitas
600 2443 658 2472 est;
686 2446 741 2465 non
757 2439 867 2472 insula;
886 2447 941 2467 non

157 2480 315 2513 continens,
332 2481 379 2508 ubi
404 2490 458 2509 non
477 2483 508 2515 ii,
531 2484 604 2511 illius
621 2492 670 2518 pro
686 2485 787 2519 pietate
806 2485 856 2512 zeli
872 2486 942 2514 assi-

156 2523 212 2550 due
230 2526 372 2558 specimen
394 2525 486 2558 edant,
509 2534 557 2554 eos
578 2528 610 2555 ad
628 2527 720 2555 ﬂetum
738 2534 876 2564 cogentes,
892 2531 940 2565 qui

157 2569 283 2596 irrisioni
297 2571 426 2605 pietatem
441 2572 554 2600 habent.
573 2573 605 2600 lli
621 2578 685 2601 sunt
698 2575 744 2608 qui
759 2575 786 2602 in
801 2575 894 2603 Africa
909 2583 941 2603 ac

155 2614 321 2651 Carthagine
332 2625 477 2645 numerosa
490 2619 640 2646 triremium
652 2620 749 2652 classe,
764 2628 795 2648 ac
807 2621 941 2656 pedestri-

154 2659 208 2687 bus
219 2662 306 2696 copiis
315 2662 497 2692 Barbarorum
506 2664 632 2700 injuriam
646 2665 776 2693 cohibent
785 2675 792 2693 :
802 2667 903 2702 quique
912 2667 940 2694 in

156 2703 307 2742 Egyptqu
327 2713 479 2744 moventes,
494 2710 604 2738 illorum
620 2712 792 2746 metropolim
810 2713 876 2748 igni,
892 2721 939 2740 ca-

157 2752 316 2788 daveribus,
343 2762 375 2781 ac
397 2755 546 2784 ruderibus
565 2757 749 2791 repleverint:
765 2754 857 2785 Asiani
873 2767 938 2787 vero

159 2796 201 2825 sic
224 2798 412 2833 percusserint
436 2800 647 2836 terruerintque,
672 2806 701 2829 ut
717 2803 806 2838 magni
823 2803 936 2832 aestimet

995 2217 1056 2244 ἐνὸν
1071 2216 1157 2248 ἄλλως
1173 2216 1234 2252 ζῇν,
1246 2217 1279 2242 ἂν
1296 2217 1333 2250 μή
1351 2225 1392 2248 τις
1410 2218 1518 2252 ἐκείνην
1532 2219 1630 2253 ἐπαινῇ
1655 2219 1703 2253 τὴν
1718 2219 1782 2253 φθο-

997 2262 1056 2297 ρὰν,
1070 2261 1146 2295 μόνοι
1161 2262 1243 2288 πᾶσιν
1254 2262 1367 2292 ἑαυτοὺς
1378 2262 1570 2296 ἀντεξήγαγον.
1582 2263 1636 2289 Καὶ
1649 2264 1698 2289 οὐκ
1707 2263 1781 2290 ἔστιν

995 2306 1026 2332 οὐ
1044 2306 1133 2338 πόλις,
1149 2306 1179 2332 οὺ
1195 2306 1286 2340 νῆσος,
1298 2306 1348 2332 οὐκ
1363 2306 1488 2341 ἤπειρος,
1503 2303 1533 2332 οὗ
1552 2307 1588 2342 μὴ
1604 2307 1723 2342 συνεχῶς
1737 2305 1782 2334 οὗ·

994 2360 1035 2378 τοι
1054 2352 1101 2378 τὸν
1118 2351 1186 2386 ὑπὲρ
1213 2353 1262 2387 τῆς
1288 2352 1430 2384 εὐσεϐείας
1455 2353 1656 2379 ὲπιδεὶκνυνται
1686 2354 1778 2388 ζῆλον,

994 2397 1102 2425 κλαίειν
1117 2397 1318 2431 ἀναγκάζοντες
1340 2398 1405 2429 τοὺς
1431 2398 1480 2432 τῆς
1503 2399 1643 2429 εὐσεϐείας
1659 2408 1781 2433 καταγε-

993 2442 1107 2474 λῶντας.
1119 2441 1197 2470 Οὗτοι
1210 2444 1262 2478 γάρ
1275 2445 1345 2470 εἰσιν
1356 2445 1379 2470 οί
1393 2444 1461 2478 πρὸς
1477 2444 1564 2479 Λιϐύῃ
1579 2445 1627 2478 μὲν
1643 2446 1691 2471 καὶ
1706 2446 1782 2479 Καρ-

995 2488 1086 2523 χηδόνι
1097 2489 1209 2520 πολλαῖς
1221 2490 1349 2524 τριήρεσι
1370 2490 1418 2515 καὶ
1448 2490 1517 2525 πεζῇ
1533 2490 1647 2524 δυνάμει
1662 2492 1711 2525 τὴν
1724 2491 1780 2518 τῶν

993 2533 1141 2568 βαρϐάρων
1171 2533 1250 2568 ὓϐριν
1284 2535 1469 2569 ἀνείργοντες.
1487 2535 1648 2568 Δίγυπτίοις
1674 2536 1701 2562 δὲ
1717 2537 1778 2562 ἐπι-

994 2579 1223 2614 στρατεύσαντες,
1239 2580 1286 2606 καὶ
1301 2580 1350 2612 τὴν
1366 2580 1480 2606 ἐκείνων
1501 2581 1667 2615 μητρόπολιν
1691 2583 1780 2617 πυρὸς

993 2625 1040 2651 καὶ
1057 2624 1162 2660 νεκρῶν
1188 2625 1235 2651 καὶ
1262 2625 1391 2659 ἐρειπίων
1414 2626 1605 2661 ἐμπλήσαντες
1618 2635 1626 2643 ·
1645 2627 1738 2654 Ἀσίαν
1754 2629 1779 2655 δ’

991 2669 1062 2696 οὕτω
1076 2669 1236 2704 πλήξαντες,
1254 2670 1319 2697 ὥστ’
1333 2672 1443 2707 ἀγαπᾷν
1461 2673 1485 2698 εί
1507 2673 1543 2707 μή
1558 2681 1582 2699 τι
1600 2674 1755 2708 προσπάθοι
1768 2682 1776 2691 ·

989 2716 1054 2747 τοὺς
1074 2716 1098 2741 δ’
1121 2717 1150 2742 ἐν
1168 2715 1358 2752 Ἑλλησπόντῳ
1377 2718 1425 2744 καὶ
1445 2718 1606 2753 Προποντίδι
1632 2721 1680 2746 καὶ
1706 2720 1777 2755 πρὸς

992 2760 1077 2795 μόνην
1089 2761 1140 2795 τὴν
1155 2761 1240 2796 ἀκοὴν
1250 2763 1299 2797 τῆς
1311 2763 1401 2790 αὐτῶν
1415 2764 1557 2798 δυνάμεως
1572 2766 1776 2799 ἀναγκάζοντες

991 2806 1123 2841 φρίττειν.
1145 2807 1249 2835 Ἀλλων
1264 2808 1291 2835 δέ
1308 2817 1389 2836 τινων
1403 2809 1472 2844 ὑπὲρ
1489 2810 1534 2836 τὸν
1548 2811 1692 2838 Καύκασον
1708 2822 1774 2848 μαι-
