1942 3090
116 93 165 124 98')

573 94 715 126 ORATIO
736 96 810 126 PRO
831 97 1014 127 SUBSlDIO
1035 97 1272 129 LATINORUM.

1689 99 1742 130 986

114 149 240 184 νομένων,
253 150 299 176 καὶ
310 150 349 185 τῷ
364 159 400 177 πυ
406 150 434 184 pi.
444 151 639 186 προσαγόντων
650 152 669 178 ἃ.
681 153 815 188 προσήκει
828 153 899 189 Θεῷ,

952 153 1093 180 nihilmali
1106 153 1246 188 amplioris
1257 153 1329 188 pati:
1347 153 1394 188 qui
1408 153 1614 188 Hellespontum
1624 161 1656 180 ac
1675 154 1743 180 Pro-

114 197 205 232 ὦσπερ
219 197 269 223 οὐκ
284 197 375 228 ἄλλοις
397 196 468 232 ὑπὲρ
486 197 535 232 τῆς
559 198 636 230 Θείας
653 199 732 233 δόξης
759 200 897 234 προσῆκον

113 244 288 276 ἀγανακτεῖν,
307 241 379 271 οὗτοι
394 244 451 275 τοῖς
469 244 561 275 ὅπλοις
576 245 690 276 ἐκείνοις
708 246 896 278 ἐπιπεσόντες,

114 289 160 322 τὴν
180 289 293 316 ἐκείνων
312 289 428 317 ἑσὸεσαν
443 290 568 324 ἀλογίαν,
585 291 716 318 ἀποικίαν
732 300 761 317 τε
777 292 902 326 πέμπον-

114 343 168 367 τες,
194 336 243 362 καὶ
267 336 370 371 νόμους
389 335 538 370 τιθέμενοι,
566 338 613 363 καὶ
637 338 727 364 πάντα
747 337 849 372 τρόπον
868 337 902 364 τὰ

115 381 166 407 τῶν
181 381 328 417 βαρϐάρων
343 381 544 416 ἐξημεροῦντες
557 389 565 397 '
583 382 670 414 οὕτως
687 383 827 418 ἀμήχανόν
841 391 902 409 τινα

116 427 244 460 φροντίδα
256 427 285 454 τὸ
298 428 374 457 Θεῖον
385 428 454 463 ὑπὲρ
469 428 610 459 εὐσεϐείας
623 429 804 459 ταῖςὲκείνων
820 428 902 463 ἐνῆκε

113 473 230 508 ψυχαῖς·
260 474 329 500 ὥστε
348 474 420 500 τοῦτ’
448 475 541 505 αὐτοῖς
557 472 627 501 εἶναι
656 475 724 508 βίον,
750 476 797 501 καὶ
822 473 902 500 τοῦτο

114 521 234 551 σκοπεῖν,
248 520 288 546 ὅτι
301 520 364 551 τοὺς
382 520 540 555 βαρὸάρους
557 521 719 556 πλήξαντες,
734 520 840 551 dim-Seu:
850 519 901 553 τῆς

112 566 222 592 ἐκείνων
240 565 344 601 ὕϐρεως
357 566 421 597 τοὺς
438 566 498 601 μετ’
518 567 659 598 εὐσεΰείας
677 567 834 603 ᾑρημένους
852 565 901 599 ξῇν

113 611 313 643 ἀποδείξουσιν.

952 197 1092 232 pontidem
1109 198 1302 230 incolentibus,
1324 198 1418 225 auditu
1428 199 1485 226 solo
1506 207 1601 226 eorum
1618 200 1741 230 virtutis,

953 243 1094 270 horrorem
1107 244 1240 279 injiciant.
1254 243 1322 271 Cum
1337 249 1428 272 autem
1441 245 1487 272 alii
1501 245 1610 280 quidam
1630 246 1656 272 i-n
1671 246 1744 278 Cau-

953 289 1008 315 casi
1020 290 1156 316 montanis
1167 289 1263 316 insano
1274 297 1379 321 errore,
1391 290 1445 316 Deo
1456 290 1574 323 debitos,
1589 291 1641 325 igni
1653 290 1745 317 defer-

954 339 1014 361 rent
1027 336 1156 367 honores,
1179 340 1307 369 tanquam
1325 336 1392 362 nulli
1405 336 1450 362 alii
1466 343 1559 363 essent
1578 336 1678 370 quibus
1692 344 1743 370 pro

953 380 1001 406 Dei
1017 380 1102 414 gloria
1115 379 1310 414 indignandum
1324 381 1507 413 incumberet,
1518 382 1651 416 correptis
1660 381 1745 408 armis

960 427 986 452 iu
1004 433 1051 452 eos
1065 426 1234 457 invadentes,
1253 426 1370 453 alienam
1384 434 1399 453 a
1418 426 1525 454 ratione
1538 434 1633 454 eorum
1649 434 1745 460 super-

954 472 1095 499 slilimlcm
1111 472 1320 503 exstinxerunt;
1338 473 1480 500 mittentes
1494 473 1641 504 coloniam,
1656 480 1688 499 ae
1703 473 1743 500 le-

953 517 1034 551 gibus
1060 517 1253 548 informantes.
1273 518 1405 552 ornnique
1432 518 1513 545 modo
1533 518 1667 545 Barbaros
1690 519 1743 545 de-

954 564 1103 590 linientes:
1134 563 1174 591 sic
1196 564 1268 590 Deus
1285 563 1446 590 inimeusam
1475 564 1620 598 quamdam
1650 571 1743 590 curam

956 609 1066 644 pietatis
1081 617 1146 644 ergo
1160 617 1191 637 ac
1210 610 1351 645 religionis
1370 610 1477 637 illorum
1498 610 1597 636 animis
1612 610 1742 639 immisit:

113 656 141 686 tit
156 660 215 687 hsce
230 667 327 687 eorum
347 661 403 687 vita
426 660 472 692 sit,
494 660 518 687 is
534 667 645 694 scopus,
666 664 695 686 ut
709 658 900 693 percutientcs
919 664 952 685 ac
966 657 1147 692 percellentes
1161 657 1306 690 Barbaros,
1326 658 1358 685 ab
1390 666 1485 685 eorum
1518 657 1619 693 injuria
1636 657 1744 684 incolu-

113 714 170 734 mes
186 712 297 734 servem
313 707 424 741 pietatis
436 707 568 735 cultores.

146 754 264 785 Τούτους
283 755 332 790 μὲν
357 753 404 782 οὖν
418 756 470 782 κᾶν
499 756 537 791 μὴ
571 755 749 790 βουλομένους
773 755 819 781 καὶ
847 755 898 789 τὴν

988 754 1044 781 llos
1066 762 1131 781 sane
1158 754 1263 781 tametsi
1291 754 1407 783 nollent.
1440 753 1558 787 bellique
1587 752 1743 779 societatem

113 801 271 836 συμμαχίαν
301 802 526 837 ἀπαγορεύοντας
560 802 614 828 ἔδει
644 800 897 836 προσαναγκάζειν,

952 799 1149 830 detrectarent.
1171 799 1278 827 abun-lc
1302 807 1350 826 nos
1367 803 1508 833 oporteret
1522 805 1630 833 cogere.
1647 806 1746 832 rogat.-

111 847 252 880 δεομένους
267 848 312 874 καὶ
336 847 458 883 χρήμαθ’
479 848 722 883 ὑπισχνουμένους,
744 847 791 874 καὶ
813 848 903 873 πάντα

113 889 266 922 ποιοῦντας,
290 890 325 916 δι’
347 887 385 916 ὧν
410 891 453 918 ἂν.
471 891 530 926 μεθ’
555 891 635 926 ἡμῶν
663 891 758 923 στῆναι
787 890 898 920 τούτους

113 936 268 970 ὶπεὶϐομεν,
279 936 383 963 οὐδέσιν
397 936 500 972 ἑτέροις
514 937 615 971 μᾶλλον
626 936 736 973 θαρρεῖν
750 937 856 972 ἔχοντες
869 937 901 963 ὲκ

113 979 166 1006 τῶν
188 979 353 1014 ειρημένων.
375 981 452 1007 Ἐπεὶ
474 981 502 1007 δὲ
517 981 629 1012 τούτους
649 981 780 1015 ἦγγελται
797 981 844 1007 καὶ
868 980 900 1016 δὴ

113 1026 249 1058 παρεῖναι,
263 1026 312 1051 καὶ
334 1024 385 1060 τὴν
409 1026 569 1061 συμμαχίαν
586 1028 652 1062 ἡμῖν
670 1026 900 1061 ἐπαγγελλόμενοι

111 1071 165 1100 τοῖς
179 1070 267 1096 οὐκέτ’
287 1072 449 1106 ἀντέχουσιν.
463 1069 541 1107 ἧκον,
560 1073 607 1099 καὶ
619 1073 673 1099 τῶν
685 1072 817 1104 πολλάκις
831 1072 900 1107 ὑπὲρ

112 1114 190 1149 ἡμῶν
218 1115 288 1142 κατὰ
309 1116 363 1142 τῶν
390 1116 536 1153 βαρὸάρων
561 1117 652 1148 αὐτοῖς
673 1117 901 1152 ὲπιδεδειγμένων

114 1161 345 1197 ἀναμνησθέντες,
366 1161 448 1198 ἦλθον
477 1164 667 1196 ἀποδώσοντες
694 1164 745 1199 μὲν
769 1164 828 1199 Θεῷ
851 1165 900 1198 τὴν

113 1208 277 1241 ἀναγκαίαν,
290 1209 338 1235 καὶ
349 1209 382 1244 ἢν
398 1209 472 1245 αὐτῷ
489 1210 598 1244 μάλιστ’
609 1210 726 1245 ὀφείλειν
743 1210 901 1245 νομίζουσιν

112 1253 256 1288 εἰσφορὰν,
267 1254 431 1289 ἀμυνόμενοι
444 1255 473 1282 δὲ
491 1257 538 1282 καὶ
554 1256 623 1292 ὑπὲρ
649 1257 737 1291 ἡμῶν,
757 1256 804 1288 οὓς
820 1257 900 1291 ἡμεῖς

112 1300 162 1333 οὐχ
187 1297 238 1326 οἶοί
263 1300 287 1326 τ’
307 1301 400 1335 ἐσμὲν,
426 1301 513 1337 τολμᾷ
537 1311 578 1334 τις
604 1302 720 1329 ἐνταῦθα
746 1303 902 1337 συμϐουλῆς

115 1344 282 1379 μεμνῆσθαι,
300 1347 348 1372 καὶ
361 1347 491 1381 συνάγειν
511 1348 574 1379 τοὺς
588 1347 784 1383 σκεψομένους.
798 1350 822 1374 εἱ
842 1348 901 1374 δέον

113 1391 186 1425 ἡμᾶς
201 1391 360 1426 ἐλευθέρους
377 1391 467 1426 εἷναι;
487 1393 573 1420 Τοῦτο
599 1393 654 1429 γὰρ
665 1394 795 1428 ἄντικρυς
810 1396 900 1426 αὺτοῖς

113 1445 185 1471 φημι
216 1437 355 1471 βούλεσθαι
381 1439 429 1474 τὴν
461 1439 537 1474 παρὰ
569 1439 662 1474 καιρὸν
683 1440 786 1475 ταύτην
819 1441 898 1466 εὐλάς

111 1482 198 1514 ὃειαν,
219 1482 236 1517 ἢ
256 1483 356 1517 μᾶλλον
373 1484 563 1519 ἀναισθησίαν.
583 1486 614 1511 El
633 1486 683 1520 μὲν
698 1486 754 1521 γὰρ
774 1486 790 1521 ἢ
807 1485 844 1520 μὴ
861 1485 901 1512 δεῖ

113 1527 265 1562 συμμάχων
291 1529 367 1563 ἡμῖν,
387 1529 403 1565 ἢ
422 1530 525 1556 τούτων
552 1530 617 1565 ἐξῆν
633 1531 760 1561 καλλίους
786 1531 901 1565 πορίσα-

114 1573 188 1606 σθαι,
205 1574 220 1609 ἢ
235 1575 316 1609 τυχὸν
333 1576 578 1604 ὁποιουστινασοῦν
591 1577 657 1609 γοῦν
673 1576 729 1603 οἷόν
741 1577 766 1604 τ’
779 1575 812 1613 ἦν
825 1577 900 1610 ἐξευ-

113 1620 182 1653 ρεῖν,
198 1617 270 1654 εἶχεν
287 1620 320 1647 ἄν
334 1629 394 1647 τινα
412 1621 491 1655 λόγον
506 1622 563 1652 τοῖς
583 1622 760 1657 παραπλῆξιν
777 1624 792 1658 ὴ
811 1623 901 1650 πάντα

111 1666 212 1698 ἄτοπος
228 1666 298 1701 αὕτη
315 1667 396 1702 βουλή
409 1676 416 1683 ·
433 1669 494 1694 ἐπεὶ
505 1668 533 1694 δὲ
551 1668 585 1695 τὰ
607 1669 657 1703 μὲν
676 1669 726 1704 τῆς
742 1669 846 1701 πόλεως
861 1670 901 1696 οτ-

111 1718 202 1744 χεται,
221 1712 266 1737 καὶ
282 1711 344 1737 καθ’
360 1712 474 1743 ἑαυτοὺς
487 1713 645 1746 ἀνενεγκεῖν
660 1713 735 1748 ἡμᾶς
748 1713 834 1741 πάλαι
846 1714 900 1740 τῶν

111 1755 252 1782 ἀδυνάτων
271 1756 301 1783 ὂν
312 1757 449 1792 κέκριται,
464 1758 511 1789 οὓς
525 1759 547 1785 δ’
560 1758 593 1785 ἂν
606 1759 776 1793 ἐκαλέσαμεν
790 1760 901 1795 συμμά-

111 1810 185 1836 χους,
201 1797 273 1828 οὗτοι
289 1803 389 1834 πάντες
403 1804 454 1838 τὴν
470 1803 525 1830 τῶν
543 1804 681 1839 πολεμίων
703 1805 833 1841 εἰλήφασι
852 1806 901 1832 τά-

113 1846 155 1878 ξιν
167 1854 173 1861 ·
187 1846 258 1874 οὕτω
273 1848 296 1873 δ’
311 1848 368 1883 ἔχει
382 1849 466 1884 τύχης
482 1850 517 1876 τὰ
544 1851 696 1885 πράγματα
713 1852 772 1884 νῦν,
796 1852 861 1879 ὥστ’
877 1853 903 1879 ετ

110 1894 242 1928 τιςιήμᾶς
258 1894 357 1929 ἔροιτο,
374 1895 460 1922 Τίνων
484 1896 547 1922 ἐστὲ
576 1896 681 1932 κύριοις
700 1898 762 1932 μηδ’
786 1899 819 1924 ἂν
836 1899 902 1925 αὐτὸ

110 1939 245 1974 τοῦδαφος
271 1941 473 1977 ἀποκρίνασθαι
489 1942 584 1969 λοιπὸν
608 1942 742 1978 ὑπάρχειν
757 1944 824 1978 ἡμῖν
836 1952 843 1959 ·
859 1944 902 1976 τίς

110 1986 127 2020 ὴ
153 1986 306 2020 φιλονεικία
328 1987 363 2013 δι’
385 1987 419 2023 ἢν
437 1988 527 2015 πάντα
544 1988 758 2021 ἀπολωλεκότες,
783 1989 831 2016 νῦν
855 1990 902 2017 καὶ

109 2033 165 2060 τῶν
178 2033 294 2060 ὲλπίδων
310 2033 399 2061 αὐτῶν
416 2034 615 2064 κινδυνεύομεν
632 2037 816 2063 «mmm-

953 850 1005 876 tes,
1029 846 1222 880 promittentes
1238 845 1378 880 pecunias.
1404 845 1551 880 omniaque
1573 849 1745 879 priestanles.

952 892 1053 927 quibus
1070 891 1212 918 nobiseum
1226 896 1299 917 stare
1316 891 1508 923 suaderemus,
1524 898 1586 917 cum
1600 898 1633 917 cx
1653 891 1744 923 dictis,

952 938 1035 964 rutilis
1046 937 1106 964 aliis
1121 937 1235 971 perinde
1254 936 1337 964 ﬁdere
1351 937 1510 963 habeamus.
1529 936 1569 963 Ex
1584 944 1638 970 quo
1653 941 1744 963 autem

952 985 1034 1011 etiam
1059 983 1155 1010 adesse
1178 983 1333 1009 nuntiatum
1354 987 1406 1013 est,
1431 982 1549 1016 bellique
1574 983 1664 1009 socios
1688 981 1745 1009 fore

952 1029 1130 1065 spondentes,
1152 1029 1184 1056 iis
1210 1033 1308 1063 praesto
1325 1033 1390 1055 sunt
1413 1028 1458 1063 qui
1487 1027 1606 1054 necdum
1631 1035 1678 1056 eos
1692 1028 1745 1055 sibi

952 1074 1090 1101 devincire
1107 1073 1275 1101 studebant:
1291 1077 1373 1107 atque
1389 1073 1416 1099 in
1434 1071 1592 1099 memoriam
1610 1079 1744 1099 revocan-

953 1125 994 1148 tes
1005 1127 1066 1155 qua:
1080 1120 1177 1154 sa-pius
1194 1119 1222 1145 in
1247 1119 1383 1145 Barbaros
1401 1118 1486 1145 nostri
1502 1125 1583 1145 causa
1604 1117 1744 1152 designas-

952 1171 1022 1197 sent,
1039 1165 1095 1192 Deo
1110 1164 1220 1199 quidem
1239 1164 1373 1191 reddituri
1386 1168 1531 1197 venerunt,
1546 1163 1742 1194 necessariam,

952 1219 982 1238 ac
997 1211 1076 1245 cujus
1099 1217 1129 1237 se
1152 1211 1268 1237 maxime
1287 1217 1349 1236 reos
1374 1208 1552 1241 arbitrantur,
1568 1208 1744 1240 oblationem,

951 1264 999 1283 eos
1012 1259 1104 1283 autem
1130 1259 1242 1290 propter
1262 1262 1312 1282 nos
1336 1254 1432 1286 ulturi,
1452 1262 1522 1289 quos
1547 1254 1626 1281 nobis
1650 1253 1745 1280 ulcisci

952 1311 1005 1330 non
1022 1303 1101 1334 licet;
1118 1302 1216 1336 quisne
1231 1301 1276 1328 hic
1291 1301 1397 1328 consilii
1413 1302 1495 1328 audet
1513 1300 1682 1332 meminisse,
1701 1301 1745 1328 in-

952 1357 1006 1384 que
1036 1347 1181 1376 consilium
1215 1355 1313 1382 eogere
1352 1347 1569 1377 deliberaturos.
1598 1355 1662 1374 num
1694 1355 1746 1387 nos

952 1398 1078 1427 oporteat
1094 1400 1155 1420 esse
1172 1392 1293 1420 liberos?
1308 1393 1423 1420 Perinde
1437 1393 1509 1420 enim
1524 1392 1592 1420 velle
1605 1393 1745 1426 existimo,

952 1447 1033 1474 quem
1051 1439 1275 1473 intempestivum
1295 1438 1420 1466 timerent
1441 1443 1605 1473 praetexunt,
1619 1447 1667 1466 seu
1688 1447 1747 1466 ma-

952 1485 993 1520 gis
1008 1483 1259 1511 insensibilitatem.
1276 1484 1417 1519 Siquidem
1432 1485 1506 1511 enim
1526 1489 1574 1512 aut
1589 1492 1643 1511 non
1662 1485 1747 1512 hahe-

952 1537 1043 1558 remus
1057 1531 1228 1557 necessarios
1243 1530 1306 1557 belli
1323 1530 1424 1562 socios,
1438 1530 1480 1557 vel
1494 1538 1638 1564 pessemus
1652 1530 1748 1558 mel'o-

951 1585 995 1605 res
1009 1577 1050 1604 bis
1060 1584 1233 1611 comparare,
1244 1584 1275 1604 ac
1289 1579 1359 1603 forte
1370 1577 1439 1603 alios
1451 1576 1594 1611 quospiam
1606 1577 1746 1612 adjutores

951 1625 1076 1651 invenire
1095 1624 1201 1656 liceret,
1228 1623 1340 1650 haberet
1364 1623 1459 1657 utique
1481 1622 1606 1650 attonitis
1630 1622 1746 1649 rationis

952 1670 1054 1705 aliquid
1072 1677 1120 1705 per
1133 1669 1224 1696 omnia
1243 1669 1391 1696 absurdum
1415 1668 1578 1701 consilium;
1601 1674 1744 1703 postquam

952 1723 1017 1743 vero
1032 1715 1152 1743 civitatis
1167 1715 1252 1742 robur
1266 1714 1433 1742 exstinctum
1449 1717 1501 1746 est,
1518 1719 1602 1747 utque
1618 1722 1668 1740 nos
1695 1713 1745 1747 ipsi

952 1770 965 1788 a
992 1762 1072 1789 nobis
1094 1752 1236 1796 emergere
1259 1760 1409 1795 possimus,
1437 1759 1606 1794 impossibile
1638 1759 1746 1793 pridem

949 1807 1102 1842 judicatum
1119 1810 1175 1838 est;
1203 1813 1272 1840 quos
1294 1813 1360 1832 vero
1376 1805 1438 1832 belli
1461 1804 1541 1832 nobis
1560 1805 1747 1831 aseiveramus

952 1853 1052 1885 socio~',
1073 1853 1091 1879 ii
1109 1860 1205 1879 omnes
1221 1851 1342 1879 hostium
1363 1854 1531 1885 acceperunt
1545 1855 1648 1885 partes,
1665 1855 1747 1884 atque

954 1899 987 1925 ad
1001 1906 1050 1926 eas
1063 1900 1145 1926 modo
1163 1898 1266 1926 redacti
1284 1905 1380 1924 sumus
1402 1897 1553 1932 angustias,
1577 1901 1606 1924 ut
1630 1904 1748 1931 percon-

953 1951 1029 1973 tante
1045 1953 1079 1973 ex
1103 1945 1180 1972 nobis
1202 1944 1306 1979 aliquo,
1329 1950 1447 1978 quorum
1468 1943 1572 1970 domini
1599 1943 1696 1975 simus,
1713 1950 1747 1970 ne

954 1991 1058 2018 nudum
1073 1991 1162 2018 solum
1178 1989 1264 2016 nostri
1279 1988 1409 2022 deinceps
1421 1987 1492 2022 juris
1503 1995 1564 2015 esse
1580 1987 1747 2022 respondere

953 2037 1090 2072 possimus
1111 2045 1117 2063 :
1137 2043 1261 2070 quantum
1277 2034 1336 2061 haec
1351 2033 1587 2068 contentio.cujus
1600 2034 1667 2060 vitio
1686 2040 1747 2060 om-

953 2082 1035 2109 nibus
1049 2082 1168 2111 amissis.
1186 2081 1272 2115 ipsius
1283 2087 1394 2115 quoque
1412 2087 1485 2107 nunc
1503 2080 1659 2107 amittendze
1687 2080 1745 2114 spei

953 2127 1040 2154 aleam
1053 2126 1186 2154 facimus?

148 2167 183 2194 Ἢ
205 2166 274 2201 πρὸς
290 2166 340 2202 μὲν
352 2167 416 2199 τοὺς
429 2167 519 2200 δεῖνας
533 2168 664 2204 πρέσὸεις
684 2168 897 2203 ἁποστελοῦμεν,

986 2173 1156 2207 Num,rogo,
1186 2171 1220 2199 ad
1245 2171 1367 2199 incertos
1389 2171 1521 2206 quosdam
1548 2171 1745 2199 destinabimus

109 2213 159 2239 καὶ
177 2213 307 2247 χρήματα.
324 2213 460 2249 δώσομεν,
477 2214 525 2241 καὶ
545 2214 650 2249 γάμους
676 2215 900 2249 ὑποσχησόμεθα,

108 2259 158 2285 καὶ
177 2259 243 2290 τοὺς
258 2259 416 2294 οἰκοτρίσας
432 2259 480 2285 ἐπὶ
495 2259 544 2290 τὰς
569 2260 731 2294 ὑπερορίους
755 2261 901 2295 στρατείας

109 2305 263 2340 κινήσομεν
275 2313 282 2320 ·
298 2305 362 2336 τοὺς
377 2306 405 2332 δὲ
422 2307 524 2340 προῖκα
548 2307 704 2341 συμμαχεῖν
720 2306 900 2341 βουλομένους

107 2349 347 2385 ἀποπεμψάμεθα,
361 2350 390 2377 τδ
406 2351 522 2387 μηδενῦς
536 2352 613 2386 ἡμῶν
627 2352 731 2378 δεῖσθαι
748 2352 840 2387 μόνον,
861 2353 899 2384 ὡς

109 2394 213 2427 ἔοικεν,
230 2395 339 2430 ἔχοντες
359 2396 504 2428 ἐγκαλεῖν·
524 2397 573 2424 καὶ
598 2399 660 2429 τοὺς
677 2398 727 2433 μὲν
754 2398 791 2434 μὴ
808 2398 901 2433 βουλο-

110 2442 211 2474 μένους
227 2442 443 2478 ἐπιχειρήσομεν
462 2443 566 2470 πείθειν
578 2451 585 2458 ·
602 2444 627 2470 εῑ
643 2443 671 2470 δέ
689 2453 730 2475 τις
745 2446 900 2480 αὐτόματος

108 2484 182 2522 ἧκε,
210 2489 477 2522 καταφρονήσομεν·
506 2489 553 2515 καὶ
579 2489 617 2524 μὴ
647 2490 827 2523 φαινομένους
851 2491 900 2525 μὲν

108 2533 175 2564 τοὺς
198 2533 360 2568 συμμάχους
375 2534 541 2569 ποθήσομεν,
559 2535 698 2569 φανέντων
713 2535 742 2562 δὲ
765 2536 901 2572 ἀμελήσο-

109 2587 164 2613 μεν
176 2586 183 2594 ·
209 2579 257 2606 καὶ
273 2580 327 2606 τῶν
343 2579 394 2614 μὲν
415 2580 545 2607 κινδύνων
567 2581 741 2614 ἐφεστώτων.
757 2580 813 2608 Θεοί
827 2591 900 2613 τινες

108 2622 183 2651 εἶναι
197 2625 321 2661 δόξομεν,
337 2627 386 2652 καὶ
398 2626 448 2661 τὴν
464 2626 592 2662 εὐτυχίαν
616 2628 682 2661 ἡμῖν
700 2627 834 2655 ἀθάνατον
851 2637 900 2655 πε-

108 2670 252 2706 πηγέναις
271 2671 368 2698 Καίτοι
387 2672 411 2698 εί
440 2671 490 2706 μὲν
518 2672 602 2708 μηδὲν
629 2674 686 2700 ἐστι
713 2675 899 2709 προσδοκῆσαι

107 2716 179 2749 παρ’
193 2717 285 2743 αὐτῶν
301 2717 444 2753 βλαϐερὸν,
463 2718 521 2748 πῶς
537 2719 567 2745 οὺ
585 2719 660 2754 παρὰ
678 2720 774 2753 καιρὸν
789 2721 855 2754 ἡμῖν
870 2720 899 2746 τὸ

107 2761 308 2796 βουλεύεσθαι;
324 2763 348 2789 εί
362 2762 385 2789 δ’
407 2763 510 2799 ὑποψία
536 2764 631 2790 κακῶν
653 2765 700 2790 ἐπὶ
728 2765 801 2791 τοῦθ’
824 2766 898 2800 ἡμᾶς

106 2808 186 2842 ἄγει,
201 2808 307 2836 εἰπάτω
324 2817 367 2843 τις
390 2809 420 2836 τὸ
437 2809 507 2843 δέος,
522 2809 557 2837 δι’
573 2810 588 2837 ὅ
606 2810 701 2838 παθεῖν
715 2811 745 2838 οὺ
766 2811 896 2845 δέδοικεν,

953 2219 1068 2254 legatos,
1087 2218 1269 2252 dabimusque
1294 2218 1436 2252 pecunias.
1452 2225 1484 2245 ac
1502 2217 1611 2252 nuptias
1631 2217 1746 2252 proruit-

954 2269 1052 2297 lemus,
1071 2263 1251 2297 hominesque
1276 2263 1347 2290 domi
1373 2267 1508 2295 assuetos,
1526 2263 1558 2290 ad
1587 2262 1746 2297 peregrinas

952 2315 1082 2344 extraque
1106 2308 1277 2343 provinciam
1300 2309 1489 2343 expeditiones
1518 2308 1745 2343 provocabimus;

952 2362 1000 2382 eos
1024 2358 1115 2381 autem
1141 2353 1188 2388 qui
1215 2361 1244 2380 se
1269 2353 1354 2388 gratis
1369 2353 1396 2380 in
1413 2353 1503 2383 socios
1529 2353 1591 2380 belli
1612 2353 1745 2386 oll‘erunt,

953 2401 1125 2436 repellemus,
1138 2408 1223 2428 unum
1237 2401 1298 2433 hoc,
1313 2405 1390 2435 puto,
1404 2400 1458 2427 illis
1474 2400 1606 2427 habentes
1622 2400 1742 2427 damlnm

951 2445 1071 2478 crimini,
1092 2447 1164 2481 quod
1183 2446 1265 2473 nullis
1283 2446 1384 2472 nostris
1399 2445 1557 2481 indigeant?
1573 2454 1605 2473 ac
1621 2445 1746 2473 nolentes

951 2492 1072 2526 quidem,
1090 2491 1230 2519 inﬂectere
1246 2492 1424 2525 conabimur;
1449 2491 1535 2527 siquis
1560 2498 1651 2519 autem
1672 2492 1745 2519 ultro

951 2538 1053 2570 veniat,
1068 2542 1296 2570 contemnemus;
1313 2545 1346 2566 ac
1360 2538 1450 2566 socios
1468 2538 1578 2573 quidem
1594 2545 1656 2565 cum
1677 2545 1745 2564 nus-

950 2590 1031 2617 quam
1057 2587 1198 2617 apparent,
1225 2582 1462 2616 desiderabimus;
1488 2587 1651 2618 apparentes
1678 2590 1745 2609 vero

950 2635 982 2654 ac
998 2635 1058 2654 cum
1077 2627 1211 2659 videmus,
1228 2628 1413 2663 negligemus;
1435 2628 1644 2655 inminentibus
1667 2626 1745 2654 delii-

951 2682 1004 2707 que
1021 2674 1160 2708 periculis,
1177 2674 1214 2702 dii
1230 2674 1340 2709 quidam
1362 2675 1441 2702 nobis
1460 2675 1627 2704 videbimur.
1646 2673 1744 2700 lixam-

950 2728 1004 2756 que
1044 2720 1124 2748 nobis
1162 2721 1344 2748 immorta'em
1375 2720 1533 2748 felicitatem
1567 2718 1743 2755 putabimus?

949 2766 1043 2801 Atqui,
1067 2771 1098 2793 ut
1125 2766 1236 2801 quidem
1263 2766 1330 2793 nihil
1357 2767 1390 2794 ab
1418 2766 1459 2793 eis
1483 2765 1548 2792 mali
1578 2772 1610 2792 ac
1634 2764 1743 2800 injurize

950 2812 1163 2847 exspectandum
1180 2814 1225 2844 sit,
1247 2811 1385 2847 quomodo
1402 2819 1455 2839 non
1482 2811 1637 2846 importuna
1660 2808 1741 2837 nobis
