1942 3090
194 133 246 162 3’87

834 126 1022 157 DEMETRII
1044 123 1200 154 CYDONII

1770 122 1825 152 988

194 188 375 218 dollrrntio?
400 188 441 214 ~in
468 187 602 214 mulorum
621 185 741 221 surp’cio
768 193 818 212 nos
840 191 872 210 eo
898 182 1009 213 ducil,l

1062 189 1080 206 ιν
1100 179 1204 207 δέδοικε
1226 178 1319 214 χείρω.
1344 177 1481 213 Ὶσχυρούς
1499 185 1582 213 φησιν
1607 175 1678 204 εῐναι
1697 177 1761 208 τοὺς
1785 177 1824 202 ἐλη

195 237 267 264 dicat
283 235 346 270 quis
359 239 472 266 metum,
489 234 566 269 cujus
581 241 660 261 causa
676 241 728 260 non
745 233 849 263 timeat,
864 231 898 258 iis
912 231 984 257 dete-

196 283 280 313 riora,
298 289 358 316 qua:
384 280 472 308 timet.
490 280 587 307 Fortes
611 279 687 305 aiunt
701 286 771 309 esse,
791 278 838 312 qui
858 276 924 304 socii
942 283 987 303 ve-

199 328 289 358 niunt,
313 334 344 352 ac
366 333 483 361 quorum
506 326 634 353 omnibus
651 324 821 358 generositas
846 330 878 350 ac
898 323 988 350 virtus

198 379 261 399 nota
277 373 312 399 sit
326 381 332 399 :
351 372 426 399 velut
440 373 502 399 data
515 379 597 406 opera
612 371 779 398 inﬁrmiores
792 369 908 405 eligendi
921 369 986 401 sint,

197 419 239 446 vel
258 419 367 446 timidos
384 426 444 446 e~se
469 423 596 453 oporteat
617 425 664 445 eos
681 418 726 451 qui
753 421 817 444 sunt
835 424 886 452 pro
909 415 989 443 nobis

199 463 226 490 in
241 469 379 490 Certamen
411 463 529 490 vvnturi.
547 463 582 491 Ut
602 463 676 490 enim
691 463 741 490 hoc
758 463 825 489 satis
847 462 895 495 sit,
907 469 989 496 opor-

202 513 312 544 teatque
329 509 532 536 commilitones
549 517 581 536 ac
595 509 686 536 socios
702 508 812 535 timidos
830 515 890 536 esse
907 513 990 542 atque

202 555 364 587 imbecilles,
379 555 476 589 quidni
493 563 527 583 ex
552 554 629 582 hisce
651 554 824 581 coturnicum
844 553 990 585 altaribus,

204 600 480 636 balneatoribusque,
517 608 549 628 ac
581 600 758 631 tonsoribus.
789 600 992 634 conscripsistis

203 647 365 677 exercitum,
380 647 470 682 iisque
482 647 570 681 copiis
583 647 615 674 ad
637 646 737 673 bellum
754 653 803 673 vos
823 653 885 672 cum
901 646 993 673 fortis-

205 693 282 720 simis
299 693 477 724 instruxistis,
502 701 534 721 ac
559 701 607 728 per
627 701 674 720 eos
696 693 873 720 asserendmn
899 693 993 727 patriae

206 739 358 765 libertatem
376 739 568 766 existimastis?
587 739 635 766 Sin
658 744 749 775 autem
773 739 860 766 aliena
878 739 935 765 hare
959 739 993 766 ab

206 785 282 811 omni
298 785 414 816 ratione,
430 793 462 811 ne
482 785 620 812 sociorum
637 786 747 819 quidem
769 793 832 819 spes
857 785 934 812 nobis
950 793 996 812 su-

207 836 298 864 specta
312 832 356 858 sit.
379 832 465 859 Porro
480 832 568 859 libens
584 832 718 859 dicentem
731 832 876 866 quemdam
891 832 993 866 audivi,
1013 851 1033 879 Β

206 877 279 903 haud
298 877 384 905 videri
401 882 501 910 tutum,
518 883 547 904 ut
566 878 645 905 nobis
666 877 826 905 fortioribus
839 877 921 904 sociis
936 883 997 905 uta-

209 930 281 953 mur,
308 923 360 950 nisi
388 923 480 950 hostvs
508 922 632 961 hostibus
660 928 831 951 commutare
857 923 997 951 velimus:

208 977 278 1002 quos
291 970 421 1003 patimur,
440 970 536 996 iisdem
557 969 737 997 succes~uris.
753 969 824 997 Sane
844 977 918 1002 vero,
936 970 1000 997 sub—

170 1024 173 1026 -
210 1014 257 1041 tle
278 1014 329 1042 hoc
354 1023 444 1042 rerum
461 1023 587 1047 examen.
604 1022 699 1042 eorum
715 1015 787 1047 dico,
805 1015 850 1048 qui
862 1015 917 1050 jam
936 1014 999 1042 b0ni

211 1061 312 1095 aliquit
339 1067 460 1096 sperent,
488 1069 540 1088 non
565 1069 661 1089 eorum
686 1061 732 1096 qui
761 1061 862 1089 redacti
885 1062 940 1088 sint
967 1062 1001 1089 ad

210 1111 350 1134 extremas
375 1108 524 1142 angustias,
549 1108 645 1142 quales
669 1115 719 1134 nos
747 1107 864 1142 quisque
889 1107 1000 1134 dixerit.

212 1152 247 1178 lis
262 1152 339 1179 cnim
360 1153 407 1188 qui
430 1153 484 1180 huc
501 1152 615 1179 fortuna:
634 1156 779 1186 venerunt,
804 1153 855 1180 hoc
877 1156 1003 1188 superest

213 1203 241 1223 ut
254 1205 410 1232 supremam
428 1203 559 1225 tesseram
576 1199 689 1233 jaciant.

249 1243 397 1270 Enimvero
410 1244 471 1278 quis
483 1244 626 1271 consilium
640 1244 692 1271 hoc
705 1251 758 1271 non
768 1244 903 1279 aenigmati
915 1245 1004 1282 simile

213 1289 333 1316 dixerit?
347 1290 374 1317 Si
390 1290 500 1324 quidem
516 1291 589 1317 enim
603 1290 647 1322 iis,
663 1292 762 1325 quibus
781 1296 910 1326 tanquam
926 1292 1005 1319 nobis

216 1335 446 1364 imbecillioribus
472 1344 567 1363 sumus
593 1337 679 1369 usuri,
706 1337 838 1364 adversus
866 1345 914 1364 eos
941 1337 1005 1364 belli

215 1381 350 1408 incumbit
376 1382 472 1413 moles,
497 1382 544 1416 qui
570 1389 619 1409 nos
646 1383 714 1409 adeo
737 1382 842 1410 viribus
865 1389 1006 1418 superant,

216 1426 355 1460 quomodo
371 1434 425 1453 non
441 1427 467 1454 id
480 1427 588 1460 accidit,
600 1428 673 1462 quod
687 1427 760 1455 dixi?
776 1428 904 1456 nimirum
918 1430 1008 1458 simile

217 1471 369 1506 quidpiam,
384 1480 417 1500 ac
441 1472 463 1499 si
479 1473 541 1507 quis
560 1473 666 1500 minora
683 1474 849 1506 minoribus,
864 1475 961 1509 primis
977 1484 1009 1504 ac

1037 226 1133 257 θόντας
1149 225 1322 260 συμμάχους,
1339 224 1384 250 καὶ
1399 223 1501 257 πολλὴν
1513 223 1626 258 ἀνδρίαν
1648 223 1740 254 αὐτοῖς
1755 221 1826 248 πάν-

1038 281 1084 304 τες
1100 272 1259 299 συνίσασιν·
1280 271 1376 305 ὥσπερ
1398 270 1556 305 ἐξεπίτηδες
1577 270 1641 302 τοὺς
1661 268 1827 296 ἀσθενεστά-

1038 327 1101 350 τους
1117 318 1177 345 δέον
1192 317 1341 353 αἱρεῖσθαι,
1354 317 1370 351 ἢ
1387 317 1491 347 δειλοὺς
1503 313 1573 343 εἶναι
1588 317 1651 347 τοὺς
1663 316 1733 350 ὑπὲρ
1745 315 1827 351 ⁴ἡμῶν

1039 364 1269 399 ἀγωνιουμένους.
1284 364 1315 390 El
1332 363 1387 398 γάῥ
1409 363 1481 390 τοῦτ’
1497 364 1588 398 ἀρκεῖ,
1602 363 1650 389 καὶ
1668 363 1709 389 δεῖ
1722 361 1826 388 δειλίαν

1040 410 1089 437 καὶ
1108 409 1252 437 ἀσθένειαν
1264 410 1408 443 προσεῖναι
1424 410 1481 440 τοῖς
1496 408 1643 443 ἡμετέροις
1658 407 1827 441 συμμάχοις,

1040 456 1088 484 τοῦ
1102 457 1183 491 χάριν
1200 455 1237 491 μὴ
1253 455 1316 486 τοὺς
1327 455 1547 490 ὀρτυγοτρόφους
1562 455 1687 486 τούτους,
1701 453 1749 480 καὶ
1764 454 1829 484 τοὺς

1041 502 1089 529 ἐπὶ
1102 502 1156 529 τῶν
1172 501 1321 537 βαλανείων
1344 502 1391 528 καὶ
1415 501 1471 527 τῶν
1493 501 1623 535 κουρείων
1637 500 1828 533 ἀθροίσαντες,

1044 548 1203 583 στράτευμα
1219 548 1394 581 κατελέξατε,
1411 549 1459 576 καὶΙ
1471 548 1539 582 μετά
1552 546 1661 574 τούτων’
1670 547 1728 574 τοῖς
1741 546 1816 580 ἐρῤω

1045 594 1222 628 μενεστάτοις
1239 594 1368 628 πολεμεῖν
1394 591 1614 627 παρεσκεύασθε,
1633 592 1680 617 καὶ
1701 590 1746 617 διὰ
1770 589 1832 616 τού-

1042 649 1097 666 των
1112 638 1274 674 ἐλευθεροῦν
1289 638 1428 672 ἐγνώκατε
1447 638 1495 674 τὴν
1507 637 1644 672 πατρίδας
1659 637 1690 663 El
1700 636 1729 662 δὲ
1744 636 1834 664 ταῦτα

1045 686 1121 720 παρὰ
1134 686 1237 716 πάντας
1251 685 1309 711 ἐστὶ
1327 685 1391 714 τοὺς
1405 684 1566 719 λογισμοὺς,
1583 682 1646 718 μηδ’
1660 683 1677 717 ἡ
1689 682 1744 709 τῶν
1762 690 1834 716 συμ-

1047 732 1141 766 μάχων
1161 730 1239 762 ἐλπὶς
1256 731 1323 765 ἡμῖν
1339 728 1461 760 ὕποπτος
1482 729 1564 755 ἔστω.
1576 729 1680 764 Χάριεν
1692 728 1715 754 δ’
1730 728 1744 754 ὃ
1757 735 1834 758 τινος

1046 779 1152 812 ἥκουσα
1167 777 1304 811 λέγοντος,
1331 777 1368 808 ὼς
1382 777 1433 804 οὐκ
1458 775 1580 810 ἀσφαλὲς
1598 773 1787 809 ἰσχυροτέροις
1804 775 1835 807 ἠ-

1050 823 1108 859 μῶν
1121 824 1240 858 χρῆσθαι
1262 825 1428 858 συμμάχοις,
1451 823 1477 849 εί
1502 822 1539 857 μὴ
1557 821 1701 856 μέλλοιμεν
1718 819 1836 854 ἐχθροὺς

1049 870 1156 904 ἐχθροῖς
1172 869 1362 900 ἀλλάττεσθαι,
1376 869 1430 896 τῶν
1441 868 1525 895 ὄντων
1537 867 1601 898 τοὺς
1615 865 1837 899 ὲπιάντας.Ἒγὼ

1049 918 1077 944 δὲ
1092 917 1179 944 ταῦτα
1198 918 1246 951 μὲν
1266 915 1503 951 ἀκριϐολογεῖσθαι
1518 916 1572 941 τῶν
1587 914 1671 949 ήδητι
1686 913 1733 940 καὶ
1750 920 1841 946 προσ-

1049 964 1192 992 δοκώντων
1220 963 1336 999 χρηστὸν
1354 961 1424 988 εἶναι
1440 962 1522 996 φημὶ,
1537 961 1568 987 οὐ
1579 961 1633 986 τῶν
1648 960 1687 991 είς
1702 959 1757 986 πᾶν
1769 959 1839 984 ἀπ’)-

1052 1010 1113 1045 ρίας
1133 1010 1265 1044 ἡκόντων,
1284 1008 1355 1039 οἴους
1373 1007 1446 1042 ἡμᾶς
1468 1007 1521 1037 πᾶς
1542 1014 1584 1037 τις
1608 1005 1642 1031 ἂν
1659 1004 1742 1030 εἴποι.
1775 1004 1840 1033 Τοῖς

1052 1057 1107 1092 γὰρ
1123 1055 1240 1082 ἐνταῦθα
1256 1056 1353 1090 ﬁmum.
1365 1054 1449 1089 τύχης
1464 1053 1511 1080 καὶ
1525 1052 1572 1079 τὸν
1595 1052 1708 1086 ἔσχατον
1725 1049 1841 1084 ἀναρῤί-

1053 1111 1133 1130 πτειν
1147 1102 1230 1133 κύβον
1245 1101 1351 1138 λοιτζόν.

1097 1238 1178 1266 Ἀλλὰ
1194 1237 1247 1272 μὴν
1271 1235 1297 1262 τί
1319 1243 1362 1266 τις
1381 1233 1416 1260 ἃν
1434 1233 1512 1266 λέγοι
1526 1231 1666 1265 διαφέρειν
1679 1229 1843 1263 αἰνίγματος

1056 1285 1161 1319 ταύτην
1176 1284 1225 1319 τὴν
1242 1281 1416 1316 συμῦουλήνς
1432 1280 1463 1305 Εἰ
1483 1278 1537 1313 Ῠὰρ
1551 1275 1591 1309 οἷς
1607 1277 1644 1307 ὡς
1657 1276 1737 1311 ἡμῶν
1761 1276 1845 1302 ἀσθε-

1057 1332 1195 1366 νεστέροις
1210 1327 1377 1364 χρησόμεθα,
1392 1322 1464 1352 οὗτοι
1478 1324 1544 1359 πρδς
1555 1323 1616 1354 τοὺς
1631 1321 1757 1348 τοσοῦτον
1770 1321 1846 1354 ισχυ-

1060 1378 1188 1414 ροτέρους
1204 1375 1283 1411 ἡμῶν
1307 1372 1520 1408 παρατάξονται,
1541 1371 1599 1400 πῶς
1616 1369 1666 1403 οὐχ
1690 1367 1759 1400 ὅπερ
1775 1367 1845 1400 ἔφην

1060 1413 1224 1458 συμϐαίνει;
1244 1420 1434 1455 παραπλήσιον
1462 1418 1557 1451 ὥσπερ
1576 1415 1610 1442 ἂν
1635 1416 1661 1442 εῐ
1678 1423 1720 1445 τις
1737 1413 1772 1440 τὰ
1791 1413 1845 1439 τῶν

1060 1469 1211 1496 ἐλαττόνων
1225 1468 1328 1494 ἐλάττω
1345 1465 1430 1500 μείζω
1444 1465 1498 1491 τῶν
1512 1463 1630 1498 ὲξαρχῆς
1643 1460 1730 1495 ἀξιοίη
1745 1460 1845 1486 δοκεῖν.

218 1527 233 1545 a
255 1518 391 1554 principTo
414 1520 517 1554 majora
541 1519 627 1546 videri
651 1520 724 1547 velit.
743 1521 770 1548 Id
794 1521 936 1549 enimvero
960 1530 1009 1550 nec

1068 1515 1147 1542 Ἀλλά
1165 1513 1244 1540 τοῦτο
1265 1513 1313 1548 μὲν
1330 1511 1392 1538 οὗτε
1412 1510 1462 1544 τὴν
1490 1509 1546 1536 τῶν
1561 1507 1706 1544 βαρὸἀρων
1731 1504 1849 1539 δύναμιν

219 1572 316 1591 eorum
341 1570 383 1592 est
407 1566 453 1600 qui
478 1565 660 1594 Barbarorum
687 1569 836 1602 potentiam
861 1573 1010 1604 spectatam

222 1610 349 1642 habt-ant,
359 1610 492 1638 adversus
504 1619 585 1646 quam
598 1612 754 1648 indigemus
769 1615 906 1641 sociorum
918 1623 1011 1650 opera,

221 1664 274 1684 nec
291 1658 337 1691 qui
362 1662 495 1690 nostram,
512 1663 542 1685 ut
557 1658 597 1686 sic
620 1659 694 1693 loqui
718 1659 809 1694 liceat,
823 1661 923 1688 virium
940 1662 1014 1690 deie-

222 1703 353 1736 ctionem,
371 1712 451 1738 quam
466 1708 591 1738 oporteat
607 1704 772 1733 instaurare.
793 1706 821 1734 Si
835 1708 898 1742 quis
914 1708 1014 1735 nihilo-

223 1749 316 1775 minus
331 1750 402 1783 ipsas
415 1757 458 1776 res
473 1749 499 1776 in
515 1749 660 1776 consilium
678 1750 742 1778 velit
757 1751 897 1784 adhibere,
909 1753 1016 1781 desinet

224 1803 255 1822 ea
273 1803 395 1822 tuetuch
408 1803 469 1830 quae
494 1801 595 1823 metum
614 1805 667 1823 non
691 1797 803 1829 habent,
825 1806 875 1826 nec
894 1800 1014 1827 decent:

225 1849 258 1868 ac
273 1849 388 1868 securus
405 1842 546 1869 consistet.
564 1843 696 1876 Equidem
712 1849 742 1870 ut
757 1845 881 1878 pecuniis
898 1846 1017 1880 prornis-

227 1887 275 1919 sis,
296 1887 421 1922 lucrique
439 1887 588 1921 cupiditate
610 1896 706 1914 corum
723 1890 881 1917 attollentes
898 1891 1015 1924 animos,

227 1933 255 1961 in
278 1933 341 1960 belli
365 1934 523 1961 societatem
546 1934 735 1966 traxissemus,
757 1934 811 1961 dici
836 1941 939 1969 posset,
959 1937 1017 1964 fore

229 1987 284 2006 non
309 1984 451 2006 contentos
475 1979 645 2012 minoribus,
660 1987 721 2006 cum
747 1980 824 2014 plura
858 1981 1018 2009 lucrifacere

228 2029 340 2060 possent
358 2034 364 2052 :
381 2026 423 2052 sin
448 2033 513 2052 vero
538 2025 607 2062 adeo
630 2024 664 2052 ab
691 2025 725 2052 iis
747 2026 846 2053 distant
873 2026 918 2061 qui
939 2027 1019 2055 malis

229 2071 314 2099 lucris
333 2079 388 2098 rem
407 2079 507 2103 augere
523 2071 643 2103 student,
659 2076 689 2098 ut
709 2078 758 2098 nec
780 2072 928 2100 immensos
939 2080 1018 2099 vere-

231 2123 313 2144 antur
326 2122 462 2152 sumptus.
479 2117 634 2151 horumque
657 2117 801 2152 perspicue
827 2117 1022 2145 insensibilita-

234 2168 287 2190 tem
313 2168 458 2195 accusent;
487 2163 622 2197 siquidem
650 2163 742 2190 nullus
770 2163 811 2190 eis
840 2164 1019 2190 maximarum
1036 2182 1060 2212 ο

233 2217 416 2244 εψοιιεαι-ιιιιι
437 2209 509 2239 linis.
530 2209 669 2243 quomodo
685 2217 737 2235 non
755 2216 768 2235 a
787 2216 869 2236 sensu
892 2209 1022 2236 abhorret

236 2260 267 2282 ut
283 2256 388 2283 minora
410 2255 539 2289 periculis
558 2257 702 2290 coitiuncta
715 2256 868 2287 obtineant,
885 2256 961 2289 plura
975 2263 1022 2282 eos

235 2310 268 2328 ac
287 2302 390 2337 majora
406 2301 585 2336 profundere,
602 2309 663 2335 quae
679 2301 788 2328 neruine
803 2301 954 2328 lacessente
976 2308 1024 2328 ne-

237 2348 340 2382 gotium
356 2355 405 2374 sua
420 2347 596 2382 possideant?
612 2347 678 2374 Nam
697 2347 792 2382 liquet,
809 2347 850 2374 vel
864 2347 887 2374 si
902 2355 952 2374 nos
972 2347 1024 2381 ipsi

239 2396 363 2423 mercede
377 2395 563 2424 redderemus.
577 2402 611 2422 ne
623 2399 726 2429 partem
742 2394 853 2428 quidem
865 2398 1024 2428 sumptuum

240 2442 335 2470 classis
347 2447 516 2476 recepturos.
529 2442 588 2469 Non
598 2449 663 2476 ergo
675 2441 747 2476 quod
762 2441 926 2475 prudentum
938 2440 984 2472 sit,
995 2447 1026 2467 ac

241 2489 333 2516 nescio
341 2496 522 2524 quorumnam
540 2489 724 2522 praestiterunt
737 2495 817 2522 opus,
828 2491 857 2513 ut
865 2494 926 2513 cum
935 2486 1027 2520 quiete

241 2538 318 2571 plura
333 2537 468 2564 haberent
480 2536 574 2563 labore
590 2536 792 2570 comparandis,
812 2535 892 2562 anxie
909 2539 1029 2568 postmo-

243 2583 307 2610 dum
323 2591 355 2610 ea
371 2582 538 2618 quaesierint.
556 2582 603 2610 Sin
627 2583 689 2616 quis
706 2581 852 2615 imperare,
870 2588 951 2615 quam
969 2587 1029 2606 esse

244 2631 368 2661 divitem.
385 2629 567 2664 prmstabilius
583 2636 616 2655 ac
639 2628 782 2662 augustius
805 2631 891 2662 putet,
914 2633 1030 2659 eamque

245 2677 300 2704 illis
326 2676 399 2703 dicat
417 2683 541 2707 causam,
571 2681 600 2701 ut
630 2674 711 2700 nullis
738 2678 851 2707 parcant
877 2671 1030 2706 (’pr‘lISlSI

247 2724 307 2758 ipse
328 2723 410 2750 etiam
433 2721 551 2749 hominis
573 2721 678 2748 ratione
707 2719 811 2754 agentis
836 2717 1032 2752 prudentisquc

247 2769 382 2796 rationem
407 2776 466 2795 eam
483 2767 649 2794 admiserim.
677 2765 782 2792 Etenim
800 2768 894 2790 nostro
919 2763 1034 2797 imperio

249 2815 318 2842 nihil
331 2815 473 2850 augustius
490 2814 550 2840 fuit.
565 2813 604 2840 Ac
616 2821 693 2844 vero,
709 2816 738 2838 ut
753 2811 815 2845 quis
829 2809 951 2836 virorum
974 2813 1033 2835 stu-

249 2863 325 2889 dium
342 2869 422 2889 omne
447 2860 604 2888 ambitionis
623 2859 705 2889 dirat,
725 2856 935 2892 haudquaquam
957 2861 1033 2881 erra-

1063 1559 1279 1595 ὲπεσκεμμὲνων
1296 1558 1365 1590 ἐστὶ,
1383 1557 1449 1592 πρὸς
1465 1556 1498 1591 ἣν
1520 1555 1561 1581 δεῖ
1574 1553 1627 1580 τῶν
1646 1552 1802 1587 συμμάχων
1819 1552 1851 1586 ἡ-

1065 1608 1121 1643 μῖν,
1137 1607 1200 1634 οὗτε
1214 1606 1264 1640 τὴν
1280 1605 1420 1640 ἡμετέραν
1435 1603 1553 1633 ἔκλυσιν,
1567 1602 1591 1627 εί
1608 1600 1648 1626 δεῖ
1663 1600 1735 1626 τοῦτ’
1750 1599 1852 1628 εἰπεῖν,
1890 1622 1892 1624 τ

1064 1654 1098 1690 ἠν
1117 1651 1326 1687 ἀνακτήσασθαι
1341 1651 1389 1677 δεῖ.
1407 1649 1502 1684 Ὅμως
1519 1649 1545 1674 εῐ
1561 1655 1603 1678 τις
1619 1647 1674 1678 τοῖς
1689 1645 1854 1681 πράγμασιν

1065 1700 1156 1730 αὐτοῖς
1170 1698 1259 1733 ἀξιοίη
1272 1696 1390 1733 χρῆσθαι
1403 1694 1578 1730 συμϐούλοις.
1593 1692 1728 1719 παύσεται
1741 1691 1778 1717 τὰ
1789 1691 1855 1718 ἀδεᾶ

1065 1747 1160 1777 δεδιὼς
1187 1745 1234 1772 καὶ
1265 1743 1312 1770 τού
1340 1742 1526 1778 προσήκοντος
1553 1739 1605 1771 ἔξω
1628 1739 1678 1772 τῆς
1699 1737 1854 1772 ἀσφαλείας

1067 1792 1206 1827 ἐχόμενος.
1227 1789 1259 1817 El
1276 1789 1326 1824 μὲν
1339 1786 1393 1822 γὰρ
1411 1786 1533 1821 χρήματ’
1547 1785 1639 1815 αὐτοῖς
1656 1783 1852 1818 ὑποσχόμενοι,

1068 1838 1115 1865 καὶ
1128 1839 1159 1872 τῇ
1176 1835 1224 1863 τοῦ
1240 1835 1352 1869 κέρδους
1370 1833 1503 1868 ἐπιθυμίᾳ
1528 1831 1577 1863 τὰς
1597 1830 1711 1866 γνώμας
1735 1829 1856 1864 ἔπάρανυ

1068 1893 1125 1915 τες,
1142 1883 1189 1909 ἐπὶ
1207 1882 1238 1908 τὸ
1262 1880 1420 1916 συμμαχεῖν
1441 1877 1636 1913 ὲφειλκόμεθα,
1653 1876 1688 1912 ἦν
1705 1875 1738 1902 ἂν
1764 1875 1856 1908 λέγειν

1069 1931 1105 1961 ὼς
1135 1929 1186 1955 οὐκ
1201 1927 1417 1963 ἀρκεσθήσονται
1434 1925 1490 1956 τοῖς
1521 1923 1672 1954 ἐλάττοσιν,
1688 1921 1750 1953 ἐξὸν
1772 1921 1856 1947 πλείω

1070 1975 1224 2011 κερδαίνειν
1234 1980 1241 1988 ³
1257 1974 1281 1999 εί
1293 1972 1320 1999 δὲ
1332 1970 1438 1998 τοσοῦτ’
1451 1969 1585 2003 ἀνομοίως
1600 1969 1694 2004 ἔχουσι
1712 1967 1783 2001 πρὸς
1792 1968 1856 1998 τοὺς

1072 2021 1245 2048 πλεονεκτεῖν
1263 2017 1454 2054 βουλομένους,
1471 2015 1535 2042 ὣστ’
1554 2015 1624 2041 εἰσὶν
1637 2014 1661 2040 oi
1677 2013 1726 2048 τὴν
1741 2014 1857 2048 ἄπειρον

1070 2067 1193 2102 δαπάνην
1213 2064 1383 2096 κακίζοντες,
1402 2063 1449 2089 καὶ
1465 2062 1537 2095 σαφῆ
1553 2061 1658 2087 τούτων
1673 2057 1860 2092 κατηγοροῦν-

1071 2122 1117 2144 τες
1143 2112 1194 2146 τὴν
1217 2108 1408 2143 ἀναισθησίαν,
1422 2109 1445 2133 εί
1466 2107 1560 2142 μηδεὶς
1583 2105 1674 2136 αὐτοῖς
1697 2105 1772 2129 ἐστιν
1796 2103 1858 2137 ὅρος

1073 2161 1129 2188 τῶν
1153 2158 1277 2192 ἀκαίρων
1296 2154 1503 2189 ἀναλωμάτων·
1532 2152 1591 2182 πῶς
1614 2151 1665 2177 οὐκ
1693 2148 1858 2182 ἀναίσθητον

1074 2207 1143 2241 ὑπὲρ
1158 2204 1205 2231 τοῦ
1219 2203 1273 2229 τῶν
1286 2201 1438 2229 ἐλαττόνων
1454 2198 1524 2234 μετὰ
1539 2197 1594 2224 τῶν
1614 2195 1746 2222 κινδύνων
1767 2193 1859 2227 τυχεῖν

1073 2251 1108 2278 τὰ
1126 2240 1210 2277 -ιτλείω
1226 2249 1310 2284 χωρὶς
1338 2245 1511 2280 πραγμάτων
1529 2242 1689 2278 προΐεσθαις
1708 2240 1794 2274 Δῆλον
1807 2240 1860 2273 γὰρ

1074 2298 1112 2329 ὡς
1128 2296 1183 2323 οὐδ’
1197 2295 1241 2327 ἂν,
1260 2295 1334 2330 ἡμᾶς
1351 2292 1526 2325 ἀποδόμενοι,
1544 2289 1626 2323 μέρος
1651 2287 1740 2322 ἔχοιεν
1755 2285 1809 2311 τῶν
1822 2286 1861 2315 εἰς

1075 2344 1121 2369 τὸν
1136 2341 1285 2369 ἀπόστολον
1301 2339 1394 2366 τοῦτον
1408 2337 1603 2371 ἀνηλωμένων.
1629 2334 1667 2360 Οὐ
1688 2332 1780 2359 τοίνυν
1801 2331 1861 2358 νοῦν

1076 2389 1192 2424 ἑχόντων
1204 2406 1212 2419 ,
1228 2386 1286 2413 ἀλλ’
1305 2385 1355 2410 οὐκ
1370 2381 1418 2411 οἷδ’
1439 2383 1508 2409 ὅτων
1525 2381 1606 2414 ἔργον
1623 2377 1677 2405 εἷεν
1693 2379 1727 2424 ἂν
1752 2379 1864 2424 εἰργασῖ

1079 2421 1165 2471 μενοι,
1183 2435 1207 2460 εί
1221 2430 1258 2459 ὧν
1279 2431 1332 2458 ἔδει
1350 2431 1399 2457 σὺν
1416 2428 1489 2464 πόνῳ
1511 2423 1781 2471 κτήσασθαιῖςιξλεξω
1806 2421 1863 2471 μεθ’

1079 2465 1194 2514 Σἡσυχίας
1214 2477 1332 2512 ἔχοντες,
1348 2473 1407 2501 εἶτα
1429 2472 1659 2507 περιειργάσαντο.
1680 2467 1710 2493 Εἰ
1727 2467 1758 2492 δέ
1780 2465 1864 2514 τις-το

1079 2527 1174 2562 ἄρχειν
1208 2524 1255 2551 τοῦ
1279 2523 1406 2550 πλουτεῖν
1433 2518 1594 2553 σεμνότερον
1614 2515 1710 2546 οἴεται,
1733 2514 1780 2539 καὶ
1794 2510 1864 2537 τοῦτ’

1080 2557 1172 2603 uberi;
1189 2571 1276 2598 αἴτιον
1293 2567 1363 2595 εἶναι
1380 2566 1464 2600 λέγοι,
1487 2564 1534 2596 καὶ
1553 2560 1733 2596 φειδομένους
1760 2557 1865 2587 οὐδενὸς

1081 2620 1251 2648 ἀναλίσκειν,
1269 2615 1330 2641 νοῦν
1346 2614 1395 2648 μὲν
1415 2612 1522 2646 ἔχοντος
1536 2607 1615 2642 κάγὼ
1633 2604 1749 2641 φήσαιμ’
1767 2603 1799 2630 ἂν
1815 2603 1866 2636 γὰρ

1081 2666 1126 2692 τὸν
1145 2662 1288 2697 λογισμόν.
1305 2661 1360 2694 ἰ’ῆς
1381 2667 1411 2685 τε
1436 2657 1489 2691 γὰρ
1507 2656 1571 2689 παρ’
1586 2655 1653 2687 ἡμῖν
1677 2651 1765 2686 ἀρχῆς
1794 2648 1867 2697 οὐδὲν

1084 2711 1246 2746 σεμνότερον
1260 2708 1368 2741 γέγονε.
1395 2704 1449 2731 Καὶ
1467 2702 1571 2730 τούτοις
1595 2700 1627 2726 ἄν
1643 2706 1686 2728 τις
1705 2697 1743 2731 φῇ
1768 2695 1866 2729 φιλοτι⁴

1087 2744 1151 2792 μίας
1167 2754 1237 2782 εἶναι
1252 2754 1343 2780 πᾶσαν
1355 2752 1406 2784 τὴν
1424 2750 1550 2782 ἄσκησιν,
1567 2746 1617 2772 οὐκ
1633 2744 1665 2771 ἂν
1682 2744 1802 2777 ἁμιίρτοι
1821 2744 1867 2792 τιῖς

1086 2786 1140 2830 τῶν
1156 2800 1260 2835 ἀνδρῶν
1276 2798 1405 2828 διανοίας.
1420 2795 1501 2822 Ἀλλὰ
1515 2790 1760 2826 προςενθυμείσθῖυ
1775 2789 1823 2814 καὶ
1833 2786 1868 2815 ὡς

1087 2849 1140 2876 οὐδ’
1165 2834 1253 2875 αὐτῶν
1271 2847 1295 2872 οι
1323 2843 1432 2874 πλείης
1449 2841 1516 2867 εἰσιν
1545 2839 1664 2865 ἰδιῶται·
1683 2836 1741 2863 ἀλλ’
1761 2834 1866 2866 ἑκάστῳ
