1942 3090
118 119 171 150 989

581 123 724 154 ORATIO
744 124 818 155 PRO
838 125 1021 157 SUBSlDlO
1042 126 1280 157 LATINORUM.

1692 127 1749 158 990

119 178 166 205 καὶ
188 178 274 210 οίκία,
298 178 345 205 καὶ¹
370 179 461 211 πόλεις
485 180 649 216 ἀρχόμεναι,
679 181 728 208 καὶ
755 181 842 217 βῆμα,
859 183 906 209 καὶ

965 181 1028 209 verit
1047 181 1081 209 ab
1102 189 1197 209 eorum
1215 181 1315 209 mentis
1341 182 1482 223 proposito
1498 190 1504 208 :
1522 181 1625 216 cogitet
1645 186 1749 212 tamen,

119 223 265 258 πρόσοδον
285 225 334 252 καὶ
348 225 398 252 οὐκ
421 225 454 253 ἂν
479 234 521 258 τις
536 227 638 263 ῥᾳδίως
653 227 762 255 ἐκλίποι
786 228 821 254 τὰ
837 228 906 255 οἴκοι

120 270 220 304 σεμνά.

156 408 211 434 Καὶ
225 407 294 442 πρός
312 415 344 441 γε
365 407 406 434 ἔτι
422 408 470 443 οὐχ
486 405 526 439 εἷς
540 417 581 440 τις
597 409 662 443 παρ’
680 410 772 440 αὐτοῖς
798 411 908 438 πάντων

122 451 214 486 ἄρχων
237 453 294 482 τοῖς
312 451 402 484 ἄλλοις
426 452 526 487 χρῆται
545 454 614 487 πρὸς
630 454 664 481 τὰ
686 454 815 482 δοκοῦντα
828 462 835 470 ·
850 456 908 482 ἀλλ’

122 495 181 522 ἔστι
205 496 254 531 μὲν
277 492 299 530 ᾧ
314 498 416 528 πάντες
433 498 576 525 ὑπείκουσι
600 499 704 533 τάξεώς
729 508 803 532 τινος
827 501 910 528 ἕνεκα

122 542 170 568 καὶ
184 544 300 577 κόσμου,
317 545 362 570 καὶ
389 544 434 571 τοῦ
464 543 501 579 μὴ
517 544 652 580 φύρεσθαι
663 553 670 560 ·
698 543 776 577 οὗτος
799 546 838 579 δὲ,
854 547 910 573 τῶν

123 587 237 621 ἀγώνων
257 588 404 623 λυθέντων,
423 590 530 622 πολλοῖς
544 592 578 618 ἂν
595 591 712 626 ἐκσταίη
728 591 784 618 τῶν
799 592 846 618 νῦν
863 591 908 626 ὑφ’

122 633 214 664 αὑτὸν,
230 634 278 660 καὶ
292 634 388 668 γένους
403 635 450 662 καὶ
471 636 632 671 χρημάτων,
650 637 697 663 καὶ
711 637 759 671 τῆς
783 637 827 663 διὰ
840 638 910 664 πάν-

123 689 177 707 των
193 681 345 716 ἁὸρότητος
355 689 362 697 ·
382 682 431 708 καὶ
445 682 618 710 πλεονεκτεῖν
643 682 796 718 βουληθεὶς,
812 684 861 710 οὐκ
877 683 910 710 ἂν

123 727 180 763 ἔχοι
198 728 320 760 καὶτοὺς
334 728 431 759 ἄλλους
447 729 626 765 ἐπαινοῦντας
641 729 690 764 τὴν
706 729 830 765 γνώμην.
847 729 911 757 οὕτ¹

123 773 169 800 οῦν
185 774 289 804 ἐκεῖνος
304 775 416 808 ἀδικῶν,
430 775 534 807 πάντας
547 763 736 810 ἀντιλέγοντας
761 763 833 812 ἔχειν
848 778 912 812 βου-

122 820 247 856 λήσεται,
271 820 326 848 οὔτ’
351 822 429 849 αὐτοὶ
453 822 560 858 μικρῶν
587 832 669 850 τινων
684 823 778 851 εἵνεκα
794 825 911 860 πονηροί

123 876 196 898 τινες
209 868 369 903 αἱρήσονται
383 856 469 902 δόξαι.
493 856 574 896 ’Ᾰλλά
593 870 646 905 μὴν
661 870 708 911 καὶ
720 870 754 897 ἰὰ
766 870 820 898 τῶν
834 856 912 905 τρίιή-
927 856 948 884 Β

126 921 182 949 ρων
194 913 376 950 πληρώματα,
402 913 447 946 αίς
466 915 534 950 πρὸς
554 915 603 950 τὴν
621 915 805 950 μετακομιδὴν
827 916 912 951 χρῶν-

125 967 181 991 ται,
200 959 229 991 ἐξ
241 959 353 986 ἐκείνων
368 960 422 986 είσὶ
433 959 487 986 τῶν
503 961 620 993 πόλεων,
636 958 673 988 ὧν
685 962 713 988 αι
727 961 851 988 ἀποικίαι
864 961 913 988 καὶ

123 1006 148 1032 οί
158 1005 274 1041 ἔμποροι
285 1006 351 1041 ἡμῖν
363 1015 370 1022 ·
385 1007 433 1033 καὶ
448 1007 551 1040 ἴσασιν,
564 1008 602 1038 ὡς
616 1008 694 1042 ἡμῶν
705 1007 911 1044 κρατηθέντων,

125 1050 312 1078 κεκλείσονται
345 1051 394 1086 μὲν
411 1051 502 1083 αὐτοῖς
516 1051 542 1078 οἱ
568 1051 698 1086 λιμένες·
716 1052 767 1087 τῆς
791 1053 820 1079 δὲ
839 1061 912 1079 σιτο-

125 1095 249 1128 πομπίας
262 1095 355 1130 ἕτερος
369 1095 462 1130 κύριος
484 1095 560 1122 ἔσται
571 1104 578 1112 ·
597 1097 644 1123 καὶ
663 1097 713 1132 τῆς
728 1097 862 1129 ἀτελείας,
879 1094 913 1133 ἦς

123 1141 215 1173 αὐτοῖς
232 1142 467 1177 μεταδεδώκαμεν,
489 1142 769 1170 ἑκπεσοῦνται.”ὀσϐ“
793 1143 854 1179 ἅμα
882 1153 913 1170 τε

125 1187 142 1222 ὴ
156 1188 234 1219 πόλις
248 1187 394 1222 ἁλώσεται,
418 1189 465 1215 καὶ
490 1186 770 1223 οῦτοι“δουλεύσουσι,
790 1191 838 1217 καὶ⁸
863 1190 913 1217 οὐκ

126 1234 161 1261 ἂν
173 1235 272 1268 ἔχοιεν,
285 1234 379 1269 ὥσπερ
393 1235 478 1271 ἡμᾶς,
497 1236 545 1262 καὶ
557 1236 670 1268 τούτους
682 1244 690 1252 ‘
704 1236 738 1264 τὰ
758 1236 807 1271 μὲν
822 1236 914 1271 βιαζό-

130 1289 217 1315 μενοι,
238 1280 272 1306 τὰ
283 1280 310 1307 δὲ
330 1279 470 1312 πείθοντες
486 1281 517 1307 ὲκ
534 1280 644 1308 πάντων
660 1281 797 1312 πλουτεῖν,
811 1278 851 1312 οἷς
862 1281 916 1316 ἅμ-

127 1327 254 1362 φοτέροις
274 1326 343 1360 πρὸς
358 1327 432 1362 ἡμᾶς
450 1327 495 1353 ἀεὶ
513 1326 645 1362 χρῶνται.
662 1326 767 1354 Οῦκουν
783 1327 914 1362 βούλοιντ’

127 1372 160 1399 ἂν
173 1374 214 1404 εἰς
229 1373 359 1404 τοιαύτας
374 1373 530 1407 ἀμηχανίας
557 1373 721 1408 ἐμπίπτειν·
738 1372 795 1400 ἁλλ¹
808 1372 914 1399 ἐπιοῦσι

126 1419 176 1454 μὲν
194 1420 249 1450 τοῖς
263 1419 410 1454 βαρϐάροις
430 1419 477 1446 καὶ
493 1420 560 1454 ἡμῖν
571 1419 697 1455 βοηθοῦσι
723 1420 916 1454 συμπνεύσου-

125 1473 186 1493 σιν·
204 1467 227 1492 εί
242 1466 270 1492 δὲ
285 1465 443 1496 πλεονάζειν
463 1465 638 1501 ἐπιχειροῖεν,
654 1466 720 1501 ἡμῖν
737 1465 837 1501 μᾶλλον
848 1473 914 1500 προ-

127 1511 284 1546 σθήτονται,
301 1512 349 1538 καὶ
368 1510 427 1545 μεθ’
446 1511 524 1547 ἡμῶν
539 1512 636 1544 αὐτοὺς
651 1512 828 1547 ἀμυνοῦνται.
838 1511 916 1538 Ἐπεὶ

127 1557 176 1584 καὶ
190 1557 218 1583 τὸ
231 1558 279 1588 τὰς
292 1557 416 1593 τριήρεις
430 1558 521 1589 αὐτοῖς
534 1559 697 1593 παρασχεῖν,
712 1557 759 1584 καὶ
772 1557 820 1592 τῆς
834 1565 915 1591 στραι

125 1602 201 1634 τείας
216 1604 366 1636 κοινωνεῖν,
381 1604 454 1630 τοῦτ’
480 1603 573 1635 αὐτοῖς
592 1603 728 1638 βούλεται,
753 1603 784 1629 τὸ
801 1602 850 1637 τὴν
867 1602 916 1637 μὲν

125 1649 205 1676 πόλιν
230 1649 361 1677 κινδύνων
389 1650 592 1685 ἀπαλλαγῆναι,
610 1650 684 1684 ἡμᾶς
699 1649 729 1676 δὲ
745 1648 849 1682 ταύτης
872 1648 917 1683 βε-

126 1695 211 1726 ϐαίως
225 1695 333 1731 ἄρχειν,
346 1696 436 1722 καὶτὸ
450 1697 563 1731 ἀρχαῖον
581 1696 673 1731 σχῆμα
690 1697 746 1727 τοῖς
772 1695 915 1730 πράγμασι

126 1741 281 1776 τηρηθῆναι
293 1750 300 1758 ι
314 1742 352 1773 ὠς
363 1741 435 1768 οὕτω
454 1742 480 1776 γ’
494 1741 587 1773 αὐτοῖς
599 1741 732 1776 ἐσομένης
749 1741 852 1773 ἀδείας,
869 1740 916 1767 καὶ

127 1787 206 1813 πλεῖν
219 1787 279 1814 ὅποι
295 1796 334 1818 τις
361 1787 495 1822 βούλεται,
511 1788 559 1815 καὶ
573 1788 606 1814 τὰ
630 1787 694 1814 ὄντα
707 1787 792 1814 πὶείω
817 1787 913 1813 ποιεῖν.

131 1833 176 1865 Ὠς
190 1831 218 1859 εἴ
229 1833 255 1868 γ’
277 1834 320 1868 ἐφ’
333 1834 406 1869 ἡμᾶς
423 1834 501 1869 ἥξειν
525 1833 625 1865 αὐτοὺς
644 1833 785 1866 ὑπενόουν,
801 1832 878 1859 αὐτοί
892 1834 915 1858 τ’

126 1878 160 1905 ἂν
175 1878 298 1913 φανερῶς
318 1879 480 1914 ἐπολέμουν,
496 1879 545 1906 καὶ
561 1879 628 1913 ἡμῖν
647 1877 786 1913 παρῄνουν
810 1877 914 1912 φυλάτ-

125 1923 233 1950 τεσθαι.
248 1924 280 1950 Ίί
293 1924 383 1951 τοίνυν
408 1925 603 1960 μαλακώτερον
619 1924 667 1952 τοῦ
695 1924 812 1959 δύναμιν
835 1921 869 1959 ἦς
887 1926 917 1951 τὸ

127 1969 220 1998 πλειον
235 1970 295 2005 μεθ’
308 1972 324 2007 ὴ
330 1971 389 2006 μῶν
401 1972 471 2004 ἐστι,
489 1971 606 1998 δεδιέναι
617 1979 625 2004 ;

163 2110 269 2144 Ὅμως,
299 2109 327 2136 ετ
339 2117 381 2141 τις
406 2109 498 2140 αὐτοῖς
528 2109 677 2144 πρόσχημα
705 2109 754 2143 μὲν
773 2107 843 2136 εἷναι
868 2108 917 2144 τὴν

127 2154 255 2190 βοήθειαν
273 2154 357 2188 λέγοι,
375 2154 406 2180 τδ
421 2154 443 2180 δ’
459 2154 569 2189 ἀληθὲς,
580 2154 628 2189 τῆς
644 2154 730 2189 ἀρχῆς
747 2154 918 2188 ἐπιθυμοῦν-

959 232 1055 255 utnec
1069 235 1164 255 eorum
1182 228 1274 262 plures
1297 227 1410 262 privatae
1433 227 1516 255 sortis
1534 227 1659 255 homines
1675 228 1747 261 sint;

959 273 1006 301 sed
1021 278 1050 300 tit
1063 273 1164 309 singuli
1179 273 1292 300 domuttt
1305 273 1434 305 ltabeant,
1449 273 1640 308 subjectasque
1654 274 1748 305 urbes.

958 328 990 347 ac
1006 320 1138 352 tribunal,
1156 319 1332 354 reditusque;
1359 323 1444 353 utque
1469 326 1523 345 non
1547 319 1626 345 facile
1649 318 1750 355 aliquis

958 367 1078 399 deserat,
1095 373 1156 401 qua:
1171 366 1243 392 domi
1261 370 1375 400 augusta
1396 372 1427 392 ac
1441 365 1570 399 praeclara
1585 364 1678 391 habet.

996 413 1130 440 Praeterea
1145 411 1236 438 nullus
1251 410 1351 446 aliquis
1368 410 1439 445 apud
1457 410 1518 437 illos
1533 414 1576 437 est
1589 409 1650 437 aliis
1664 410 1752 443 impc-

960 466 1035 491 rans,
1057 458 1159 493 quique
1182 457 1214 484 iis
1231 461 1332 487 utatur.
1350 456 1383 483 ad
1407 463 1467 491 quae
1484 456 1637 491 placuerit:
1657 462 1750 482 verum

960 505 996 532 sit
1014 504 1126 539 quidem
1143 511 1214 530 unus
1231 503 1302 538 quis,
1320 503 1364 529 eui
1387 502 1492 530 ordinis
1508 509 1589 528 causa
1607 506 1690 535 atque
1707 501 1752 528 de-

961 552 1043 584 coris,
1061 556 1089 579 et
1106 555 1136 578 ut
1152 559 1187 578 ne
1203 551 1239 578 sit
1253 550 1387 582 confusio,
1403 549 1526 577 universi
1543 547 1658 582 subjecti
1672 548 1726 575 sint
1743 555 1751 575 :

961 602 991 624 ut
1005 601 1094 624 tamen
1116 597 1213 624 solutis
1238 596 1444 626 certaminibus.
1466 595 1562 622 multis
1588 601 1684 621 eorum
1705 593 1752 627 qui

961 650 1034 669 nunc
1057 642 1081 669 ei
1097 642 1290 677 subjiciuntur.
1305 641 1415 677 generis
1442 640 1586 668 nobilitate
1599 647 1630 667 ac
1648 639 1753 666 divitiis

961 689 1051 721 cedat,
1081 688 1211 722 omnique
1238 687 1292 715 alio
1321 686 1466 722 splendore
1497 694 1530 714 ac
1558 685 1752 713 ornamentis:

962 739 1045 769 atque
1059 734 1092 763 is.
1110 728 1282 769 ut'injuriam
1301 733 1367 759 velit
1386 732 1499 764 inferre,
1515 731 1586 758 hattd
1602 731 1669 758 alios
1687 737 1752 765 pro-

963 779 1044 815 positi
1067 779 1222 807 laudatores
1241 779 1378 806 habuerit.
1402 778 1457 805 Nec
1478 785 1544 812 ergo
1560 777 1606 804 ille
1628 776 1753 812 injuriam

965 825 1079 858 faciens,
1112 825 1258 852 universos
1291 824 1513 852 contradicentes
1541 823 1607 850 Velit
1637 822 1754 855 habere;

961 878 1051 905 neque
1063 870 1081 897 ii
1093 870 1129 898 ob
1140 870 1238 905 exigua
1253 870 1377 905 quadam
1389 869 1543 896 commoda
1555 868 1630 903 pravi
1644 868 1754 902 quidam

962 923 994 943 ac
1008 915 1116 944 scelesti
1132 915 1220 942 videri
1237 915 1351 950 eligant.
1371 915 1442 948 Quin
1460 919 1488 942 et
1507 913 1607 941 nautici
1632 913 1658 940 in
1676 913 1756 940 trire-

961 961 1053 988 mibus
1076 961 1216 990 homines.
1240 960 1341 995 quibus
1362 959 1394 986 ad
1418 965 1558 986 vecturam
1578 962 1704 991 utttntur,
1721 965 1755 984 ex

962 1006 1017 1034 illis
1031 1010 1096 1034 sunt
1108 1006 1233 1038 urbibus,
1245 1013 1278 1032 ex
1291 1005 1392 1040 quibus
1405 1004 1528 1031 colonias
1542 1012 1574 1031 ac
1588 1008 1756 1030 mercatores

962 1052 1118 1079 habemus:
1143 1051 1289 1085 sciuntque
1313 1050 1371 1076 fore
1398 1054 1427 1076 ut
1444 1049 1523 1076 nobis
1549 1048 1641 1079 victis,
1660 1053 1756 1082 portus

962 1099 1002 1125 eis
1017 1097 1192 1128 claudantur,
1217 1097 1342 1132 aliusque
1359 1095 1517 1123 emittendae
1534 1101 1649 1122 annona:
1674 1099 1756 1128 atque

964 1141 1097 1170 frumenti
1113 1142 1240 1169 dominus
1252 1141 1308 1169 sit:
1326 1145 1410 1175 utque
1428 1139 1629 1167 immunitatem
1643 1138 1756 1166 a'vncti-

964 1187 1080 1222 salibus,
1097 1194 1178 1222 qttam
1204 1187 1245 1214 eis
1271 1186 1468 1218 concessimus,
1490 1186 1617 1212 amittant
1638 1193 1644 1212 :
1674 1190 1757 1219 atque

964 1234 1034 1262 adeo
1055 1241 1105 1262 nec
1127 1234 1247 1261 futurant
1271 1233 1408 1268 ignorant,
1428 1237 1459 1259 ut
1473 1240 1536 1259 mox
1553 1237 1630 1267 capta
1645 1232 1757 1259 civitate

964 1279 1094 1307 servituri
1107 1279 1181 1307 sint:
1197 1286 1248 1306 nec
1260 1279 1332 1306 enim
1347 1278 1384 1305 uti
1399 1285 1449 1305 nos
1463 1279 1502 1304 sic
1516 1277 1577 1304 illos
1591 1277 1757 1309 habuerint;

965 1334 1018 1361 qua
1036 1326 1110 1353 velut
1132 1326 1169 1358 vi,
1186 1333 1239 1360 qua
1257 1330 1367 1360 sponte,
1385 1333 1418 1352 ex
1436 1325 1566 1352 omnibus
1582 1324 1686 1351 divitiis
1710 1332 1760 1350 att-

965 1372 1023 1406 geri
1041 1375 1208 1406 quaerentes,
1226 1379 1282 1406 quo
1297 1376 1414 1406 utroque
1440 1371 1466 1397 in
1484 1378 1534 1398 nos
1549 1378 1659 1405 semper
1675 1375 1760 1397 utun-

967 1422 1022 1444 tur.
1041 1416 1119 1444 Haud
1143 1423 1220 1451 ergo,
1245 1416 1283 1443 illi
1308 1418 1334 1443 in
1358 1416 1493 1452 ejusmodi
1519 1416 1659 1452 angustias
1675 1416 1761 1443 velint
1798 1431 1800 1433 τ

967 1464 1089 1492 incidere
1103 1472 1110 1491 ἴ
1126 1463 1192 1499 quin
1210 1468 1239 1491 ut
1255 1464 1281 1491 in
1296 1464 1432 1491 Barbaros
1446 1464 1558 1498 quidem
1572 1463 1713 1494 invadant,
1727 1470 1760 1490 ac

966 1512 1046 1540 nobis
1062 1512 1241 1543 auxilienlur,
1252 1520 1314 1539 cum
1327 1512 1367 1540 eis
1377 1511 1596 1547 conspirabunt:
1613 1511 1654 1539 sin
1667 1516 1760 1538 autent

967 1558 1096 1594 injuriam
1123 1558 1224 1585 inferre
1251 1557 1428 1591 lentavcrint,
1446 1558 1526 1584 nobis
1551 1558 1643 1592 potius
1661 1557 1759 1592 adjun-

966 1608 1075 1639 gentur,
1089 1611 1122 1631 ac
1135 1603 1210 1638 ipsos
1230 1603 1373 1630 uobiscum
1390 1602 1570 1630 ulciscentur.
1586 1603 1653 1630 Nam
1675 1603 1759 1631 etiam

967 1648 1114 1683 praebendo
1131 1648 1267 1681 triremes,
1283 1656 1315 1676 ac
1335 1648 1400 1676 belli
1423 1649 1556 1677 societate
1579 1648 1631 1676 hoc
1652 1649 1758 1680 volunt,

967 1699 997 1721 ut
1020 1693 1086 1721 urbs
1110 1694 1221 1728 quidem
1246 1702 1260 1720 a
1288 1693 1419 1728 periculis
1439 1693 1589 1728 liberetur,
1616 1702 1666 1721 nos
1694 1701 1760 1721 vero

967 1739 1076 1767 firmum
1092 1739 1152 1774 ejus
1168 1744 1310 1767 teneamus
1324 1739 1482 1774 imperiunt,
1498 1746 1598 1774 resque
1617 1739 1759 1772 antiquam

967 1785 1083 1812 fortnam
1102 1786 1238 1813 retineant
1253 1795 1259 1814 :
1276 1786 1348 1821 quod
1362 1786 1399 1813 ita
1416 1786 1503 1813 libera
1526 1785 1644 1814 facultas
1667 1785 1759 1812 futura

967 1832 1016 1865 sit,
1029 1837 1060 1860 ut
1079 1840 1134 1868 quo
1151 1832 1247 1864 velint.
1266 1837 1325 1860 tuto
1342 1832 1483 1867 navigem,
1504 1837 1676 1868 augeanlque
1697 1840 1761 1859 suas

967 1878 1122 1906 facultates.
1144 1878 1327 1912 Quamobrem
1353 1883 1383 1906 ut
1405 1878 1528 1913 suspicio
1549 1882 1623 1906 esset
1649 1885 1760 1905 movere

968 1925 1030 1952 illos
1046 1924 1191 1952 adversum
1215 1932 1276 1956 nos,
1291 1924 1381 1960 palam
1401 1924 1454 1960 ipsi
1473 1928 1569 1952 contra
1591 1929 1758 1959 pugnarent,

967 1978 1000 1998 ac
1012 1970 1094 1998 nobis
1119 1970 1270 1998 carendum
1296 1975 1453 1998 monerent.
1471 1969 1543 2003 Quid
1565 1978 1630 2005 ergo
1650 1969 1760 1997 ntollius

967 2016 1220 2052 edeminatiusque,
1234 2025 1315 2052 quant
1333 2021 1363 2044 ut
1376 2017 1505 2044 virtutem
1520 2017 1599 2052 cujus
1616 2015 1758 2044 nobiscum

967 2069 1031 2097 pars
1045 2062 1161 2089 maxima
1177 2062 1222 2094 sit,
1240 2061 1408 2090 timeamus?

1004 2108 1162 2141 Enimvero,
1176 2115 1206 2136 ut
1220 2108 1283 2144 quis
1295 2108 1336 2136 eis
1356 2108 1489 2136 auxilium
1510 2107 1623 2143 quidem
1644 2107 1758 2143 praetexi

968 2154 1053 2187 dicat,
1076 2157 1289 2183 revera'tamen
1313 2155 1407 2182 venire
1433 2154 1586 2190 imperandi
1610 2154 1761 2188 cupiditate

126 2209 175 2232 τας
194 2200 301 2235 καὶτῆς
318 2200 433 2231 πόλεως,
445 2199 574 2236 ἔρχεσθαι
587 2207 594 2215 ·
613 2201 745 2235 πρότερον
774 2199 859 2235 ἐχρῆν
872 2200 913 2235 ὲφ¹

969 2200 1113 2236 impulsos,
1134 2204 1162 2228 et
1185 2205 1215 2228 ut
1240 2200 1318 2228 urbis
1342 2200 1493 2236 potiantur,
1513 2201 1659 2236 oportebat
1681 2201 1760 2236 prius

127 2245 232 2272 ἑαυτῶν
260 2244 506 2281 βουλευσαμινους,
530 2245 643 2273 καὶτὸν
670 2245 756 2276 δόλον.
773 2246 811 2278 ὡς
838 2247 912 2282 ἰνῆν,

129 2292 339 2324 συσκιάσαντας,
358 2292 444 2323 οὕτως
457 2293 626 2328 ἐπιχειρεῖν
641 2292 689 2320 νῦν
709 2293 731 2319 δ’
748 2293 828 2328 ἴσμεν
848 2294 913 2325 ὅσας

129 2337 180 2372 μὲν
206 2337 356 2372 πρεσϐείας
392 2340 406 2364 ό
438 2337 565 2372 βασιλεὺς
601 2338 648 2364 ἐπὶ
685 2339 772 2366 ταῦτα
805 2339 916 2374 κεκίνη-

128 2392 186 2415 κεν,
205 2385 283 2414 ὅσους
299 2383 321 2411 δ’
337 2384 415 2411 αὐτοὶ
434 2384 516 2411 πάλιν
541 2385 758 2412 ἀνταπέστειλαν
773 2386 913 2421 πρέσϐεις,

127 2430 388 2465 παρασκευάζεσθαι
414 2432 497 2465 σφᾶς.
513 2431 561 2458 καὶ
585 2431 685 2466 μηκέτι
703 2431 848 2467 μελλήσειν
863 2441 916 2468 μη-

127 2476 251 2508 νύοντας.
271 2476 353 2503 Ἀλλὰ
370 2478 416 2504 καὶ
433 2477 463 2510 ἐξ
482 2477 596 2509 Ἰταλίας
610 2478 627 2513 ὴ
649 2477 765 2513 δύναμις
785 2480 913 2512 ἐκινεῖτο,

128 2522 175 2549 καὶ
201 2522 261 2548 τότε
285 2522 468 2557 προὺπέμῷας
483 2523 580 2558 ἄνδρα,
605 2523 774 2558 προεροῦντα
797 2524 858 2558 μὲν,
877 2525 915 2556 ὠς

128 2567 179 2603 ήδη
193 2568 304 2599 τούτους
321 2568 520 2604 προσδέχεσθαι
538 2569 590 2604 χρή
601 2577 609 2585 θ
623 2569 802 2604 φροντιοῦντα
823 2571 852 2597 δὲ
867 2571 916 2597 καὶ

127 2612 183 2639 τῶν
196 2613 355 2646 ἀναγκαίων
366 2633 374 2645 ,
391 2615 438 2640 καὶ
462 2615 532 2641 ὅσων
547 2614 734 2649 στρατεύματι
751 2614 801 2642 δεῖ.
814 2613 869 2641 Ἦν
887 2615 916 2641 δὲ

127 2654 204 2689 οὗτος
217 2658 266 2693 οὐχ
281 2658 295 2684 ὸ
306 2658 394 2693 τυχών
406 2667 414 2674 ·
429 2659 497 2687 ἀλλὰ
513 2660 651 2692 κάκείνοις
665 2661 777 2693 οίκεῖος.
793 2661 839 2687 καὶ
850 2661 915 2693 παρ’

128 2704 195 2738 ἡμῖν
212 2704 308 2739 συχνὶν
331 2705 487 2740 διατρίψας,
511 2707 557 2733 καὶ
575 2708 672 2742 πεῖραν
689 2707 796 2738 εὐνοίας
809 2707 848 2742 τῷ
869 2707 917 2742 βα-

129 2750 200 2776 σιλεῖ
211 2750 348 2782 δεδωκὼς.
362 2753 410 2779 καὶ
422 2753 455 2779 δι’
467 2749 497 2779 οῦ
512 2752 622 2788 μάλισθ’
633 2754 647 2780 ὁ
661 2753 789 2787 βασιλεὺς
805 2753 917 2785 τούτους

129 2793 233 2823 ἐκάλει.
250 2795 280 2822 Εἰ
295 2796 385 2823 τοίνυν
412 2798 596 2834 μετ’-ἀπάτης
618 2799 757 2832 ἠϐούλονίν
772 2800 838 2834 ἡμῖν
859 2800 917 2827 ἑπι-

130 2840 234 2874 θέσοαι,
249 2841 299 2869 τίν’
316 2841 372 2879 εἶχε
388 2844 467 2879 λόγον
479 2845 571 2878 αὐτοῖς
586 2846 730 2881 προλέγειν
743 2847 791 2881 τὴν
803 2845 915 2881 Ego-50v;

966 2246 1037 2282 apud
1063 2247 1137 2282 ipsos
1160 2247 1357 2281 deliberantes,
1382 2247 1544 2282 dolumque,
1567 2252 1597 2274 ut
1623 2247 1758 2287 licuisset,

965 2292 1171 2325 aduntbrantes,
1197 2293 1237 2321 sic
1255 2301 1311 2321 rem
1327 2292 1437 2328 aggredi
1452 2302 1459 2320 :
1476 2301 1550 2320 nunc
1565 2301 1631 2320 vero
1655 2292 1760 2320 scimus

966 2347 1048 2373 quant
1071 2339 1166 2366 multis
1188 2339 1338 2374 imperator
1358 2339 1543 2375 legationibus
1558 2339 1592 2366 ad
1610 2339 1668 2366 hazc
1684 2338 1759 2366 viros

966 2385 1176 2420 provocaverit;
1195 2390 1318 2420 quotque
1335 2385 1374 2412 illi
1397 2385 1520 2412 vicissim
1547 2385 1652 2412 nuntiis
1670 2384 1759 2411 desti-

965 2430 1050 2462 natis,
1069 2430 1205 2457 adornare
1223 2430 1350 2462 classem,
1376 2437 1428 2457 nec
1449 2438 1478 2457 se
1502 2431 1572 2457 ultra
1602 2433 1759 2457 moraturos

967 2475 1194 2511 signiﬁcaverim.
1211 2475 1283 2508 Quin
1295 2476 1352 2510 jant
1367 2475 1493 2503 exercitu
1507 2476 1541 2502 ab
1555 2475 1632 2503 ltalia
1651 2482 1760 2502 moven-

967 2528 1004 2555 te,
1022 2522 1074 2549 sub
1091 2522 1180 2557 ipsuttt
1203 2522 1350 2550 articulum
1377 2522 1467 2549 virum
1493 2523 1695 2557 praemiserunt,
1711 2522 1760 2555 qui

967 2568 1076 2602 iamjam
1093 2570 1294 2602 cxspectandos
1313 2567 1484 2605 praediceret,
1501 2568 1546 2595 cui
1564 2567 1645 2594 etiam
1664 2574 1761 2594 neces-

967 2615 1103 2640 sariOrum
1128 2621 1193 2641 cura
1211 2614 1394 2646 incumberet,
1410 2622 1442 2641 ac
1463 2614 1490 2642 in
1515 2613 1666 2642 exercitum
1683 2621 1759 2640 cont-

968 2665 1075 2687 meatus
1090 2661 1221 2695 provisio.
1241 2661 1267 2688 ls
1281 2667 1372 2689 autent
1387 2669 1440 2688 non
1456 2661 1539 2688 homo
1552 2659 1671 2694 vulgaris
1684 2664 1757 2691 erat,

967 2707 1014 2734 sed
1037 2711 1065 2734 et
1091 2707 1157 2741 ipsis
1185 2707 1337 2740 familiaris,
1364 2715 1396 2734 ac
1420 2707 1578 2742 frequenter
1604 2706 1678 2741 apud
1706 2713 1759 2732 nos

967 2758 1103 2784 versatus,
1117 2753 1219 2788 quique
1240 2754 1381 2781 benevola
1397 2753 1496 2780 mentis
1515 2753 1654 2788 specimen
1672 2751 1758 2786 impe-

969 2799 1053 2826 ταιοτί
1076 2800 1267 2828 exhibuisset:
1285 2800 1364 2834 cujus
1388 2799 1507 2834 denique
1533 2799 1649 2826 maxime
1671 2804 1756 2832 opera

969 2845 1118 2881 imperator
1134 2846 1195 2874 illos
1211 2846 1367 2874 advocaret.
1383 2845 1524 2881 Siquidem
1548 2852 1611 2878 ergo
1632 2844 1755 2871 fraudem
