1942 3090
183 138 231 168 991

828 139 1015 170 DEMETRH
1037 139 1193 171 CYDON”

1753 143 1808 175 9‘32

183 195 281 222 facturi
300 195 451 223 voluissent
469 197 531 223 iuva
544 197 611 228 lere.
631 197 694 231 quid
715 197 830 225 rationis
846 203 875 226 ut
895 199 972 226 inva-

1033 200 1062 225 )6
1075 200 1128 234 γὰρ
1145 200 1178 235 δὴ
1192 199 1223 226 τό
1240 201 1266 234 γ’
1282 200 1315 228 ἐκ
1335 202 1515 238 προρρήσεως
1536 202 1666 237 πολεμεῖν
1687 203 1806 239 ἀσφαλέ-

183 244 288 270 sioncm
305 243 500 278 prsidia-rent?
511 244 564 270 Nec
580 245 653 271 enim
669 244 721 272 hoc
737 245 834 278 tutius,
852 250 881 272 ut
895 245 973 273 hoste

188 289 350 323 praemonito
371 289 404 316 ad
431 289 530 316 bt-Ilum
547 290 708 326 accingaris.
729 290 777 318 Sin
791 297 881 318 autem
899 292 974 326 quis,

187 335 296 362 tametsi
320 335 562 369 prarscntientibus
579 336 657 363 nobis
680 336 749 364 nihil
771 337 836 364 inde
858 338 976 373 amplius

185 380 244 408 fore
260 381 372 413 dixerit,
389 382 454 416 quid
468 382 524 417 jam
547 390 594 409 eos
611 383 729 410 ludenda
747 383 839 411 fabula
859 392 890 411 ac
904 386 977 412 deci-

186 428 287 462 piendo
301 433 438 462 spectasse
461 429 600 456 dicemus?
622 429 673 457 nisi
689 430 751 464 quis
767 431 843 458 nullo
858 437 906 458 eos
924 430 976 458 fine

187 482 268 507 agere
283 474 394 502 dixerit.
410 474 568 507 Enimvero,
583 476 608 502 id
624 475 656 502 de
669 476 769 503 nostris
784 476 859 504 hisce
871 484 977 504 sermo—

189 521 270 547 nibus
294 520 425 553 probabili
451 522 535 556 magis
548 522 655 548 ratione
671 522 773 549 dictum
795 522 930 554 videatur,
947 527 977 550 ut

187 574 236 593 eos
247 567 381 601 jactemus
398 572 511 599 temere,
528 568 688 602 nullumque
701 569 881 596 contendendi
895 568 976 596 ﬁnem

189 612 332 645 faciamus,
357 613 402 647 qui
420 614 564 640 sedeamus
580 614 657 641 lucro
674 614 848 648 deputantes,
867 618 895 640 ut
911 615 977 649 quid

189 659 313 686 criminis
328 660 420 687 studio
434 660 593 693 inferamus,
612 665 642 687 ut
657 661 718 695 quis
733 661 801 687 bene
817 661 891 688 velit.
907 661 979 688 Prte-

190 709 264 732 terea
286 713 360 736 vero,
384 714 437 733 non
460 706 518 734 haec
542 707 659 734 Romani
683 715 697 734 a
718 707 841 741 patribus
865 706 977 740 habent,

190 759 240 778 nec
256 752 295 778 eis
310 760 340 778 ea
357 752 467 778 ferenda
497 757 544 779 aut
564 757 678 786 cognata
700 757 774 783 sunt,
794 751 883 785 inquit
897 751 980 787 juris-

189 798 410 825 consultissimus
435 798 489 825 ille.
506 798 644 831 Quosnam
664 798 737 825 enim
763 797 870 832 priores
897 797 978 825 nobis

190 843 371 878 decipientes.
389 844 429 870 sic
449 844 483 871 de
508 844 575 878 ipsis
600 843 757 878 suspicandi
781 851 875 870 ansam
900 843 980 870 nobis

191 888 353 922 prtebuere?
375 889 532 921 Enimvero,
559 889 707 916 multorum
733 889 864 924 quidem,
880 889 979 923 rogati,

192 935 295 969 patrias
315 935 487 962 vindicarunt
507 942 539 962 ac
562 935 734 968 libertatem;
757 940 788 962 ut
804 939 894 962 autem
919 934 982 969 quis

192 988 288 1007 eortim
307 988 400 1013 causa,
417 989 497 1015 quam
513 988 576 1015 spes
589 987 677 1012 erant,
692 981 813 1008 deterior
827 982 980 1015 recesserit,

191 1033 273 1053 nemo
297 1026 430 1054 hactenus
453 1027 598 1054 ostendere
624 1027 721 1062 possit.
745 1027 816 1060 Quin
839 1027 908 1062 apud
934 1035 982 1055 eos

192 1073 261 1100 adeo
275 1073 364 1100 virtus
381 1073 436 1100 lucc
453 1081 558 1100 suimna
574 1078 616 1100 est
636 1081 668 1100 ac
683 1081 861 1108 cxsuperans,
879 1080 909 1101 ut
931 1081 982 1101 nec

192 1119 264 1146 desit
283 1119 329 1153 qui
348 1123 374 1146 et
391 1119 446 1153 jam
464 1119 587 1146 stultitim
599 1127 630 1146 ea
649 1123 726 1153 parte
739 1124 860 1146 accuset.

229 1164 336 1198 Quippe
351 1163 413 1198 quis
434 1163 498 1196 fuit,
519 1171 568 1198 pro
585 1171 714 1196 agrorum
729 1163 829 1190 ﬁnibus
845 1163 920 1191 litem
935 1163 980 1191 alii

194 1210 344 1242 intentans,
361 1217 392 1236 ac
407 1209 441 1236 de
457 1210 489 1237 iis
502 1217 564 1236 cum
583 1217 615 1237 eo
633 1209 795 1244 digla-lians.
822 1209 873 1237 Ubi
900 1218 982 1245 porro

193 1261 281 1282 morte
296 1255 393 1282 habuit
409 1255 533 1290 defungi,
549 1255 668 1282 moriens
684 1256 750 1290 ipse.
767 1255 884 1282 ﬁliorum
900 1261 982 1290 atque

195 1301 289 1328 uxoris
312 1306 465 1328 curatorem
493 1301 621 1328 aemulum
641 1309 674 1327 ex
689 1305 851 1328 testamento
866 1302 983 1337 inscrip-

194 1347 240 1373 sit.
261 1346 299 1373 Ac
314 1346 424 1380 quidem
448 1345 504 1378 ille.
521 1347 546 1373 ei
573 1347 692 1374 moriens
711 1346 835 1377 conﬁdit.
863 1355 981 1381 quocum

193 1393 291 1419 vivens
305 1400 395 1428 pugna
409 1393 606 1420 contendisset.
627 1393 702 1420 Alter
712 1397 803 1420 autem
819 1393 901 1420 rebus
916 1394 982 1428 ipsis

195 1439 351 1473 opinionem
367 1438 552 1471 conﬁrmavit,
575 1439 717 1473 indignum
737 1446 768 1466 ac
791 1439 981 1474 turpissimum

195 1490 279 1514 ratus.
296 1489 325 1511 ut
340 1484 490 1511 adversarii
510 1484 544 1511 de
562 1484 620 1519 ipso
636 1484 760 1515 meliora,
777 1492 858 1520 quam
874 1485 930 1519 ipse
948 1485 982 1512 de

1025 254 1132 279 στερον.
1149 246 1180 272 Et
1195 246 1223 273 δὲ
1237 247 1286 274 καὶ
1294 248 1535 283 προαισθομένοις,
1549 248 1625 276 οὐδὲν
1636 249 1713 277 ἔσται
1728 250 1809 278 πλέον

1025 292 1102 326 ἡμῖν,
1124 292 1204 326 φήσει
1224 301 1277 324 τις,
1294 294 1366 325 τίνος
1378 293 1472 320 λοιπὸν
1493 295 1591 327 αὐτοὺς
1605 295 1723 330 ἐροῦμεν
1739 297 1810 323 ἀπα-

1025 337 1130 368 τῶντας
1146 337 1340 372 στοχάζεσθαι;
1360 340 1385 366 ει
1401 340 1439 376 μή
1455 349 1497 372 τις
1520 341 1588 374 πρὸς
1611 341 1695 376 μηδὲν
1717 342 1809 374 αὐτοῖς

1026 382 1096 410 εἴποι
1113 382 1222 418 βλέπειν
1238 385 1287 416 τὰς
1306 386 1431 420 πράξεις.
1454 386 1535 413 Ἀλλὰ
1552 388 1618 422 περὶ
1637 388 1691 413 τῶν
1711 389 1811 422 ἡμετέ-

1028 437 1082 464 ρων
1099 430 1212 457 τουτωνὶ
1224 431 1312 465 λόγων
1327 432 1512 468 πιθανώτερον
1526 433 1607 460 τοῦτο
1620 433 1742 467 δοξάζειν
1751 442 1758 449 ⁸
1772 433 1810 465 ὡς

1027 475 1089 509 είκῆ
1109 475 1221 508 τούτους
1237 478 1379 512 ῥίπτομεν,
1398 479 1443 505 καὶ
1457 479 1544 514 πέρας
1572 479 1639 514 ἡμῖν
1665 480 1741 507 οὐδὲν
1759 480 1811 514 τῆς

1027 521 1205 555 φιλονεικίας,
1214 523 1241 550 οἶ
1250 532 1280 557 γε
1293 524 1438 559 καθήμεθα
1453 525 1549 560 κέρδος
1560 525 1726 559 νομίζοντες,
1739 526 1770 553 ἀν
1785 533 1812 552 τι

1028 569 1092 598 τοὺς
1108 566 1137 595 εὖ
1154 570 1241 596 ποιεῖν
1261 570 1442 605 βουλομένους
1463 570 1663 606 αἰτιασώμεθα.
1679 571 1771 606 Χωρὶς
1784 571 1814 598 δὲ

1027 614 1130 641 τούτων
1144 615 1194 642 οὐκ
1217 613 1252 651 ἦν
1272 615 1360 643 ταῦτα
1387 616 1535 651 Ῥωμαίοις
1548 617 1662 651 πάτρια,
1679 615 1734 643 οὐδ’
1752 617 1815 643 ἀνε-

1028 660 1092 693 κτὰ,
1106 661 1162 688 οὐδ’
1176 661 1296 696 ἔμφυτα,
1323 662 1431 696 φησὶνό
1451 662 1567 697 μάλιστα
1594 662 1671 694 εἰδὼς
1692 662 1815 697 συμϐου-

1028 707 1127 734 λεύειν.
1142 708 1225 739 Τίνας
1242 707 1296 741 γὰρ
1318 708 1414 740 ἄλλους
1438 709 1490 744 πρὸ
1513 708 1590 744 ήμῶν
1613 709 1816 742 ἀπατήσαντες,

1029 753 1115 780 ταῦτα
1127 754 1266 789 παρέσχον
1279 754 1346 788 ἡμῖν
1361 755 1426 790 περὶ
1441 754 1530 781 αὐτῶν
1543 754 1707 781 ὑποπτεύειν
1717 763 1725 787 ;
1735 753 1817 781 Ἀλλὰ

1032 801 1085 834 μὴν
1098 800 1207 831 πολλοῖς
1228 800 1277 834 μὲν
1292 800 1399 828 ἔσωσαν
1414 800 1535 836 δεηθεῖσι
1551 801 1602 832 τὰς
1619 801 1753 834 πατρίδας
1768 801 1818 827 καὶ

1030 846 1079 880 τὴν
1096 845 1252 880 ἐλευθερίαν
1263 855 1270 862 ·
1294 847 1368 878 ὅστις
1385 846 1413 873 δὲ
1428 847 1462 874 δι’
1478 847 1578 879 αὐτοὺς
1594 848 1687 882 χεῖρον
1701 846 1756 872 τῶν
1775 847 1819 872 ὲλ-

1031 891 1115 918 πίδων
1128 891 1294 927 ἀπήλλαξεν,
1313 892 1362 918 οὐκ
1378 893 1411 919 ἃν
1426 892 1483 928 ἔχοι
1497 901 1540 924 τις
1567 893 1649 928 μέχρι
1668 892 1748 927 δεῦρο
1763 892 1819 918 δει-

1031 936 1138 963 κνύναι.
1162 938 1216 964 Καὶ
1244 938 1362 972 τοσαύτη
1394 937 1459 973 παρ’
1485 939 1578 969 αὐτοῖς
1591 940 1665 965 ἐστιν
1683 937 1731 970 τῆς
1751 937 1819 972 περὶ

1031 983 1108 1009 ταῦτ’
1126 984 1228 1018 ἀρετῆς
1252 985 1269 1019 ή
1297 985 1445 1020 ὑπερϐολὴ,
1462 985 1526 1011 ὥστ’
1541 985 1591 1021 ήδη
1608 993 1649 1016 τις
1673 985 1706 1012 ἂν
1726 984 1819 1011 αὐτῶν

1033 1030 1097 1066 περὶ
1111 1030 1198 1058 ταῦτα
1212 1031 1259 1058 καὶ
1274 1031 1401 1067 εὐήθειαν
1416 1031 1576 1066 καταγνοίη.

1070 1162 1179 1189 Τούτων
1192 1161 1247 1198 γάρ
1261 1162 1335 1189 ἐστιν
1356 1163 1369 1189 6
1389 1162 1506 1197 πόλεμον
1522 1163 1591 1199 πρός
1605 1172 1665 1190 τινα
1679 1163 1744 1198 περὶ
1768 1164 1821 1198 τῆς

1032 1209 1102 1244 ὅρων
1123 1207 1275 1241 ἐξενεγκὼν
1286 1216 1294 1225 ·
1311 1208 1373 1235 ἐπεὶ
1395 1208 1418 1235 δ’
1441 1208 1583 1242 ἀποθάνοι,
1599 1209 1647 1243 τῆς
1663 1209 1755 1244 χώρας
1772 1211 1820 1237 καὶ⁸

1032 1255 1078 1282 τοῦ
1093 1254 1188 1286 παιδὸς
1205 1255 1404 1289 ἀποσχόμενος,
1424 1256 1477 1287 ὅτι,
1499 1255 1577 1290 φησὶ,
1595 1256 1729 1283 τελευτῶν
1741 1257 1755 1283 6
1771 1265 1819 1282 πο-

1032 1299 1136 1336 λέμιος,
1152 1301 1212 1332 ταῖς
1232 1300 1376 1335 διαθήκαις
1392 1301 1495 1328 παίδων
1521 1302 1568 1328 καὶ
1593 1301 1723 1335 γυναικὸς
1735 1302 1820 1328 αὑτὸν

1033 1345 1203 1381 ἐπιμελητὴν
1233 1345 1405 1380 παρέγραψε.
1432 1347 1487 1373 Kal.
1503 1347 1517 1372 6
1542 1346 1592 1382 μὲν
1620 1347 1734 1381 ἐθάρρει
1749 1349 1820 1381 μετὰ

1031 1391 1082 1426 τὴν
1098 1391 1238 1427 τελευτὴν,
1253 1388 1274 1425 ᾦ
1290 1391 1345 1424 ζῶν
1365 1392 1495 1427 ἐπολέμει
1507 1401 1514 1408 ·
1532 1393 1546 1419 6
1561 1393 1583 1419 δ’
1601 1392 1717 1420 ἐπὶτῶν
1730 1402 1821 1428 ιιτρειγ⁹

1034 1438 1128 1471 μάτων
1141 1437 1266 1464 ἐϐεϐαίου
1282 1438 1332 1472 τὴν
1347 1437 1426 1470 δόξαν
1436 1447 1443 1454 ·
1462 1438 1599 1472 αἴσχιστον
1611 1437 1682 1465 εἶναι
1702 1439 1822 1473 νομίζων

1034 1481 1154 1516 βελτίους
1169 1480 1241 1517 ἔχειν
1253 1482 1319 1517 περὶ
1329 1481 1412 1508 αὑτοῦ
1427 1483 1490 1514 τοὺς
1506 1483 1649 1517 δυσμενεῖς
1662 1483 1822 1518 ὑπολήψεις,

195 1539 224 1557 se
238 1531 353 1558 sentiret
367 1539 373 1557 :
389 1535 473 1565 utque
500 1530 554 1558 illis
571 1531 770 1558 humanitatem
792 1531 922 1566 suﬁ‘ragio
942 1539 981 1559 as-

1035 1523 1072 1554 ὧν
1087 1527 1168 1559 αὐτὸς
1181 1529 1246 1562 περὶ
1258 1526 1356 1554 ἑαυτοῦ
1371 1535 1378 1544 ·
1391 1528 1534 1559 κάκείνους
1551 1528 1599 1563 μὲν
1614 1528 1824 1564 φιλανθρωπξαν

195 1575 364 1606 εετθηιὶιλιις.
385 1576 443 1610 ipse
472 1575 525 1602 sibi
556 1575 728 1602 crudelitatis
745 1576 872 1602 conscius
898 1580 980 1603 esset.

195 1620 289 1656 Iiaque
304 1629 399 1648 eorum
414 1621 530 1648 laudans
545 1621 690 1648 consilium
711 1621 758 1656 qui
779 1622 838 1655 ejus
863 1622 900 1649 illi
926 1622 983 1649 ani-

196 1667 233 1693 mi
253 1671 379 1694 auctorcs
397 1667 523 1699 fuissent,
542 1667 614 1695 haud
630 1667 731 1695 frustra
757 1668 898 1695 inimicum
921 1676 984 1703 spe-

197 1720 285 1745 rasse,
318 1713 400 1740 rebus
429 1714 629 1748 comprobavit.
659 1713 728 1741 Cum
759 1714 831 1741 enim
868 1722 983 1748 puerum

197 1759 268 1792 apud
285 1767 314 1786 se
344 1759 486 1794 magniﬁce
511 1759 648 1791 educavit,
664 1763 721 1786 tum
736 1759 796 1794 ejus
815 1760 984 1794 principatus

196 1812 230 1833 ac
242 1805 424 1839 spectantium
439 1805 471 1832 ad
498 1806 599 1840 ipsum,
621 1812 714 1832 curam
734 1805 843 1832 interim
856 1805 923 1840 egit,
937 1805 985 1832 do-

198 1857 248 1879 nec
265 1851 309 1877 ille
327 1852 386 1885 ejus
403 1851 566 1878 educatione
589 1858 620 1877 ac
635 1859 713 1881 cura.
729 1851 809 1878 etiam
838 1856 914 1885 patre
933 1849 985 1877 im-

197 1899 275 1932 perio
292 1897 380 1933 aptior
397 1899 574 1929 redderetur;
603 1903 715 1932 tumque
742 1897 835 1924 domui
854 1897 984 1932 praxfecit,

198 1943 329 1970 idoneum
352 1943 409 1976 jam
433 1943 480 1977 qui
496 1950 540 1970 res
557 1943 723 1970 domesticas
738 1946 882 1969 tutaretur.
899 1942 985 1969 Caete-

198 1995 258 2014 rum
277 1988 348 2022 quod
370 1988 501 2022 deinceps
515 1988 640 2022 sequitur
659 1995 728 2022 quos
754 1995 807 2014 non
827 1988 936 2016 virtutis
955 1988 985 2015 Ii-

197 2032 297 2068 dt-ique
315 2033 381 2060 ﬁnes
403 2033 525 2061 excedit?
549 2033 619 2061 Cum
648 2033 723 2061 enim
749 2033 868 2068 juvenis,
894 2034 985 2061 animo

196 2079 312 2113 juvenili
329 2086 361 2106 ac
384 2079 456 2106 artati
483 2087 606 2112 congruo
631 2084 718 2112 esset;
747 2080 903 2114 nedumque
932 2088 984 2107 non

197 2129 334 2159 quaereret
347 2132 397 2159 pro
412 2124 554 2152 beneﬁciis
569 2125 669 2159 quibus
685 2125 782 2152 fuisset
797 2125 912 2152 aﬁ‘ectus
923 2133 985 2160 gra-

198 2171 264 2197 tiam
281 2170 405 2201 reddere,
423 2175 453 2197 ut
475 2170 530 2205 jam
556 2177 665 2205 queque
689 2169 823 2205 correptis
851 2170 935 2197 armis
958 2171 985 2197 in

1034 1573 1109 1608 αὐτῷ
1124 1574 1287 1609 μαρτυρεῖν,
1302 1573 1376 1609 αὑτῷ
1387 1574 1409 1601 δ’
1421 1574 1503 1601 αὑτὸν
1514 1574 1644 1610 ὠμότητα
1659 1575 1822 1602 συνειδέναι.

1034 1620 1138 1655 Τοιγὰρ
1158 1620 1205 1647 καὶ
1221 1619 1283 1650 τοὺς
1296 1619 1394 1654 ἐκείνῳ
1408 1619 1510 1654 ταύτην
1524 1619 1673 1651 δεδωκότας
1689 1621 1738 1656 τὴν
1754 1620 1826 1654 γνώ-

1036 1675 1089 1702 μην
1103 1666 1154 1701 τῆς
1169 1666 1326 1701 συμϐουλῆς
1342 1665 1502 1697 ἐπαινέσας,
1518 1666 1564 1692 ἐπὶ
1578 1665 1633 1692 τῶν
1649 1667 1824 1701 πραγμάτων

1034 1713 1080 1738 καὶ
1089 1711 1169 1743 αὐτὸς
1180 1712 1210 1738 οὗ
1229 1712 1320 1747 μάτην
1332 1711 1468 1746 ὴλπικότα
1485 1711 1531 1738 τὸν
1547 1711 1641 1746 ἐχθρὸν
1654 1711 1804 1738 ἀπεδείκνυ
1814 1719 1824 1728 ”

1035 1759 1083 1785 καὶ
1099 1758 1146 1784 τόν
1167 1766 1196 1784 τε
1217 1757 1302 1784 παῖδα
1327 1757 1437 1792 τρέφων
1461 1757 1529 1792 παρ’
1547 1757 1636 1792 ἑαυτῷ
1660 1757 1824 1792 φιλοτίμως,

1035 1803 1146 1838 καὶτῆς
1160 1804 1248 1838 ἀρχῆς
1263 1803 1310 1829 καὶ
1331 1803 1386 1829 τῶν
1402 1803 1499 1838 ἑκείνῳ
1514 1802 1696 1838 διαφερόντων
1723 1803 1825 1838 ἐπιμε-

1035 1849 1164 1884 λούμενος
1189 1849 1336 1883 διεγένετο,
1369 1849 1422 1880 ἓως
1450 1845 1553 1875 ἐκεῖνον
1579 1850 1610 1883 τῇ
1634 1848 1700 1884 παρ’
1723 1849 1823 1876 ἑαυτοῦ

1034 1896 1122 1930 τροφῇ
1140 1896 1186 1921 καὶ
1211 1895 1309 1930 μελέτῃ
1338 1895 1384 1921 καὶ
1400 1894 1447 1921 τοῦ
1465 1895 1568 1929 πατρδς
1587 1895 1683 1929 βελτίω
1709 1895 1777 1930 πρὸς
1794 1895 1826 1922 τὸ

1035 1942 1129 1976 ἄρχειν
1142 1941 1280 1975 ἀπέδειξε,
1292 1942 1339 1968 καὶ
1353 1941 1413 1968 τότε
1425 1941 1476 1976 τῆς
1488 1941 1592 1972 οἰκείας
1605 1940 1715 1976 ἐφίστη,
1732 1941 1826 1968 ίκανδν

1035 1988 1183 2023 γενόμενον
1201 1987 1298 2020 σώζειν
1311 1987 1345 2014 τὰ
1363 1987 1443 2014 οἶκοι.
1461 1987 1497 2013 T6
1511 1987 1535 2013 δ’
1550 1986 1650 2021 ἑφεξῆς
1665 1987 1744 2019 τίνας
1760 1988 1826 2022 ἀρετ

1036 2033 1085 2068 τῆς
1110 2034 1157 2060 καὶ
1174 2033 1294 2065 πίστεως
1317 2034 1398 2067 ὄρους
1422 2033 1472 2067 οὐχ
1498 2032 1678 2067 ὑπερϐαίνει;
1694 2032 1748 2059 Τοῦ
1772 2035 1826 2068 γὰρ

1036 2079 1097 2105 νέου
1114 2079 1318 2113 συμϐαίνουσαν
1332 2079 1440 2114 ἔχοντος
1460 2079 1507 2105 καὶ
1521 2079 1571 2113 τὴν
1584 2078 1698 2114 γνώμην
1718 2081 1750 2114 τῇ
1768 2080 1826 2115 ἡλι.

1036 2126 1094 2161 uia,
1112 2125 1160 2152 καὶ
1183 2125 1290 2152 τοσοῦτ’
1305 2125 1474 2159 ἁποσχόντος
1494 2122 1532 2152 ὧν
1548 2123 1577 2152 εὖ
1595 2125 1723 2152 πεπόνθει
1745 2127 1826 2161 χάριν

1038 2170 1129 2206 ζητεῖν
1142 2171 1300 2203 ἀποδοῦναι,
1315 2171 1380 2198 ὥστ’
1395 2171 1446 2206 ήδη
1461 2170 1553 2198 καὶτὰ
1568 2171 1638 2198 ὅπλα
1651 2171 1824 2206 ἁρπάσαντα,

197 2224 260 2243 eum
278 2216 449 2251 procederet,
470 2216 517 2250 qui
538 2217 622 2250 patris
638 2216 740 2251 justius
753 2224 833 2251 quam
850 2217 981 2244 curatoris

1039 2217 1136 2251 χωρεῖν
1150 2216 1197 2243 ἐπὶ
1214 2216 1260 2243 τὸν
1275 2216 1442 2252 δικαιότερον
1461 2216 1493 2243 Ξιν
1516 2216 1622 2251 πατέρα
1642 2216 1659 2252 ἦ
1676 2217 1826 2251 ἐπίτροπον

197 2260 320 2286 omnium
334 2260 463 2295 snil'ragio
480 2268 580 2288 nomen
601 2261 733 2294 referret;
753 2261 807 2292 ille,
829 2268 878 2288 nec
895 2261 985 2288 illatas

197 2313 212 2332 a
228 2311 305 2340 patre
326 2306 442 2341 injurias
462 2307 488 2334 iu
516 2307 676 2334 memoriam
704 2307 853 2338 revocavit,
880 2315 930 2334 nec
957 2307 983 2334 in

195 2350 305 2385 juvenis
327 2351 373 2378 illa
398 2351 506 2384 deliria,
524 2355 553 2378 ut
579 2359 628 2387 par
645 2356 715 2385 erat,
730 2356 772 2379 est
788 2352 983 2385 exacerbatus;

197 2404 250 2424 nec
263 2397 382 2433 denique
395 2399 450 2433 egit
462 2398 563 2433 gratias
584 2398 711 2430 fortunae,
725 2398 806 2425 dante
818 2399 877 2433 ejus
890 2405 984 2426 ansam

197 2443 326 2476 stultitia,
342 2449 373 2471 ut
395 2452 445 2471 sua
468 2445 525 2479 ipse
551 2452 648 2478 eaque,
666 2452 714 2479 pro
732 2444 832 2479 quibus
849 2448 912 2470 ante
935 2444 985 2470 de-

198 2495 376 2525 pugnaverat,
394 2491 544 2525 reciperet;
565 2492 630 2526 quin
655 2492 721 2523 imo,
746 2491 864 2518 mirabili
891 2497 986 2518 arces-

198 2537 274 2564 sione.
301 2537 466 2573 principium
484 2545 595 2572 augere,
619 2538 692 2564 nulla
709 2538 768 2572 ipse
781 2538 833 2564 alia
848 2537 984 2569 mercede.

198 2591 279 2618 quam
292 2591 389 2611 eorum
409 2583 456 2618 qui
483 2583 610 2618 injuriam
635 2583 733 2610 fecisse
758 2583 911 2610 videantur.
940 2583 986 2610 Sic

199 2636 266 2656 vero
280 2628 363 2656 etiam
389 2636 450 2664 quae
471 2629 557 2663 patris
569 2634 662 2656 essent
677 2629 705 2655 in
721 2629 923 2656 adolescentem
939 2637 986 2656 su-

200 2683 296 2710 perare
313 2675 463 2708 contendit,
486 2679 517 2701 ut
530 2674 640 2709 quidem
666 2679 779 2709 paterna
808 2675 909 2710 majora
927 2675 986 2709 pie-

201 2726 255 2750 tate
281 2721 379 2755 ferrel;
407 2721 536 2756 velutque
567 2728 617 2755 pro
645 2720 724 2756 pueri
751 2720 899 2755 petulantia
923 2729 988 2748 eru-

199 2767 316 2795 bescens
330 2768 399 2801 ipse,
417 2775 451 2794 ne
470 2767 532 2802 quis
553 2768 613 2802 ejus
631 2774 691 2794 eam
716 2766 918 2801 improbitatem
936 2775 987 2802 pu-

200 2814 322 2846 lavisset,
333 2813 401 2841 alios
416 2813 527 2841 dicebat
544 2814 652 2849 juvenis
674 2813 796 2840 animum
816 2812 849 2840 ad
865 2820 897 2840 ca
919 2812 986 2839 inci-

200 2867 256 2888 tare
271 2868 278 2887 :
296 2860 425 2888 monebat
438 2867 503 2888 vero
515 2864 546 2887 ut
563 2859 648 2887 malos
668 2858 800 2893 ejusmodi
815 2857 986 2886 consiliarios

1036 2261 1089 2288 ὑπὸ
1104 2261 1215 2288 πάντων
1231 2262 1365 2297 κληθέντα
1376 2270 1382 2276 ·
1400 2263 1504 2294 ἐκεῖνος
1517 2260 1618 2289 οὖθ¹ὧν
1637 2263 1690 2289 ὑπὸ
1704 2263 1752 2290 τοῦ
1771 2272 1825 2290 πα-

1036 2305 1100 2340 τρδς
1115 2305 1238 2340 ἠδίκητο,
1257 2305 1427 2340 ἀνεμνήσθη,
1451 2306 1512 2333 οὔτε
1529 2307 1597 2341 πρδς
1621 2307 1684 2338 τοὺς
1699 2307 1746 2333 τοῦ
1763 2307 1824 2334 νέου

1037 2351 1149 2387 λήρους,
1169 2351 1206 2382 ὡς
1222 2351 1306 2384 εἰκὸς,
1331 2352 1506 2387 παρωξύνθη,
1522 2351 1585 2379 οὔτε
1600 2353 1634 2387 τῇ
1657 2352 1727 2388 τύχῃ
1744 2353 1826 2389 χάριν

1037 2397 1118 2430 ἔγνω,
1133 2397 1181 2432 τῆς
1199 2397 1305 2424 ἑκείνου
1318 2397 1424 2432 μωρίας
1439 2397 1535 2432 καιρὸν
1552 2399 1767 2433 παρασχομένης
1783 2407 1826 2425 κο-

1039 2443 1170 2478 μίσασθαι
1185 2443 1234 2478 μὲν
1250 2443 1284 2470 τὰ
1298 2443 1386 2469 οἰκεῖα
1409 2444 1454 2470 καὶ
1470 2443 1542 2478 ὑπερ
1555 2440 1593 2470 ὧν
1614 2444 1749 2479 πρότερον
1764 2446 1826 2471 ἐποα

1037 2489 1133 2524 λέμει·
1149 2489 1292 2524 θαυμαστῇ
1314 2489 1342 2516 δέ
1359 2498 1413 2516 τινι
1437 2489 1581 2524 προσθήκῃ
1604 2489 1655 2524 τὴν
1668 2489 1756 2524 ἀρχὴν
1779 2490 1827 2516 αὐ-

1038 2534 1130 2569 ξῆσαι,
1156 2535 1346 2570 προσλαϐόντα
1365 2535 1400 2562 τὰ
1423 2535 1478 2562 τῶν
1498 2534 1640 2570 ὓϐρικέναι
1656 2535 1824 2563 δοκούντων·

1037 2580 1096 2607 ἀλλ’
1116 2579 1189 2607 οὕτω
1214 2581 1262 2607 καὶ
1284 2581 1319 2607 τὰ
1336 2579 1384 2607 τοῦ
1407 2580 1511 2615 πατρὸς
1534 2580 1753 2614 ὑπερϐάλλεσθαι
1769 2583 1826 2613 τοῖς

1037 2627 1078 2657 εἰς
1090 2626 1136 2652 τὸν
1149 2627 1209 2652 νέον
1224 2626 1421 2660 ἐφιλονείκησε,
1444 2625 1509 2652 ὥστ’
1524 2625 1654 2660 ἠνέσχετο
1677 2625 1738 2660 μὲν,
1754 2627 1825 2652 ὅσων
1858 2628 1862 2631 ’

1038 2672 1092 2699 οὐδ’
1103 2671 1136 2698 ἂν
1145 2672 1250 2704 ἐκεῖνος
1259 2681 1266 2688 ·
1281 2672 1377 2707 ὥσπερ
1392 2672 1415 2698 δ’
1429 2672 1498 2707 ὑπὲρ
1513 2669 1551 2698 ὧν
1562 2672 1725 2707 ἠσέλγαινεν
1738 2673 1752 2698 6
1762 2673 1829 2704 παῖς

1037 2718 1245 2755 αἰσχυνόμενος,
1266 2719 1302 2754 μή
1321 2727 1363 2750 τις
1382 2718 1464 2745 αὑτοῦ
1477 2718 1526 2754 τὴν
1542 2718 1743 2753 ἀγνωμοσύνην
1757 2719 1830 2745 ἔχεε-

1038 2774 1087 2799 νην
1099 2765 1208 2802 νομίσῃ,
1222 2765 1318 2795 ἄλλους
1331 2765 1423 2798 ἔλεγεν
1438 2762 1507 2790 εἶναι
1518 2763 1581 2795 τοὺς
1592 2763 1672 2790 αὐτὸν
1683 2764 1730 2791 ἐπὶ
1740 2765 1829 2791 ταῦτα

1040 2811 1220 2845 κεχινηκότας
1233 2818 1240 2826 ·
1258 2810 1340 2836 αὐτὸν
1356 2810 1384 2836 δὲ
1398 2809 1514 2844 παρῄνει
1530 2810 1593 2840 τοὺς
1606 2809 1742 2844 πονηροὺς
1760 2817 1829 2844 συμ-

1041 2857 1153 2889 ϐούλους
1173 2857 1338 2893 μισήσαντα,
1362 2855 1417 2882 τῶν
1440 2854 1487 2881 τοῦ
1503 2854 1605 2890 πατρὸς
1627 2853 1766 2890 διαθηκῶν
1780 2855 1827 2881 καὶ
