1942 3090
123 128 175 160 993

586 129 728 160 ORATIO
750 129 823 160 mo
844 111 1024 160 suusmto
1045 118 1284 162 LATINORUM-

1696 132 1747 164 QQ't

121 186 172 220 τῆς
186 182 253 220 παρ’
265 183 340 220 αὖτῷ
355 183 480 216 παιδείας
497 185 669 220 μεμνῆσθαι,
680 185 816 213 νουθετεῖν
833 186 911 221 ἔγνω-

968 186 1072 213 habens
1088 186 1162 218 odio,
1191 186 1346 214 testamenti
1371 186 1455 221 patris
1487 195 1520 214 ac
1545 195 1656 222 nupera:
1683 189 1755 224 apud

122 231 180 262 κὼς
195 231 297 266 μᾶλλον
311 230 327 266 ἢ
346 231 487 266 πολεμεῖν.
504 231 561 258 Kal.
575 231 661 258 πολλά
681 241 723 264 τις
738 232 771 259 ἂν
785 232 843 267 ἔχοι
858 241 914 259 τοι-

121 277 193 305 αῦτα
205 278 259 304 τῶν
275 277 380 313 ἀνδρῶν
396 277 498 304 τούτων
510 277 669 314 διηγήματα
684 278 783 313 λέγειν.
803 278 836 306 ΕΙ,
856 279 913 305 τοί-

122 333 170 350 νυν
185 324 302 354 καὶτοῖς
319 323 429 358 ἐχθροῖς
456 324 497 350 ὅτι
517 325 599 359 μόνον
620 325 714 357 αὐτοῖς
737 325 912 358 ἐπίστευσαν,

121 370 229 404 ἀξιοῦσι
247 369 296 405 τὴν
312 370 397 406 ὀργὴν
413 369 534 405 ἀφιέναι,
561 371 617 402 πῶς
633 371 664 398 οὐ
682 371 787 406 γελοῖον
800 371 913 402 τούτους

122 417 257 449 ἀπίστους
285 416 397 443 ἔσεσθαι
414 418 470 449 τοῖς
485 417 572 452 φίλοις
585 418 724 453 νομίζειν;
744 419 791 445 καὶ
816 419 840 445 εὶ
858 419 913 445 τῶν

121 463 226 490 ἀδικεῖν
237 463 283 490 καὶ
298 463 479 498 καταφρονεῖν
491 463 643 491 δοκούντων
657 464 812 499 ἀνέχονται,
824 463 851 491 τί
863 465 913 491 οὑκ

122 509 155 535 ἂν
173 508 306 544 πράξαιεν
319 509 391 543 ὑπὲρ
405 509 459 536 τῶν
472 508 599 536 διδόντων
621 510 669 536 καὶ
687 510 844 545 δεομένωνς
866 510 913 537 καὶ

123 555 148 581 ει
167 556 223 586 τοῖς
246 554 388 589 πολεμίοις
414 555 465 586 τὰς
490 555 530 586 εἰς
556 555 656 586 αὐτούς
682 555 794 588 ἐλπίδας
814 556 912 591 κυρίας

103 637 106 639 _
121 600 228 634 ἀξιοῦσι
244 601 343 633 ποιεῖν,
362 600 420 632 πῶς
436 601 466 627 οὐ
478 601 524 628 καὶ
540 601 620 627 πλέον
634 609 660 628 τι
681 603 750 636 πρὸς
765 601 828 633 τοὺς
847 610 912 636 συγ-

122 647 212 680 γενεῖς
232 646 412 679 ἑπιδείξονται
424 656 432 680 ;

166 735 249 763 ’Λλλὰ
267 735 321 771 μὴν
333 736 346 762 ὃ
362 744 391 762 τε
405 737 455 772 τῆς
478 737 625 772 στρατείας
638 738 747 772 ἐκείνης
763 739 914 773 ἡγούμενος

123 782 238 817 ἀνεψιός
258 783 316 809 ἐστι
330 782 368 817 τῷ
380 782 447 818 παρ’
465 783 531 817 ἡμῖν
546 783 663 818 βασιλεῖ,
676 785 723 810 καὶ
737 785 849 816 πάππος
861 785 914 820 ἀμ-

122 828 184 861 φοῖν
198 826 232 864 ἦν
243 829 257 855 ὁ
270 828 309 864 τῷ
321 829 371 864 βίῳ
386 829 447 860 δοὺς
460 829 489 855 τὸ
503 829 664 864 θαυμαστὸν
676 831 764 857 ἐκεῖνο
776 830 912 866 διήγημα.

965 232 1056 266 ipsum
1076 232 1249 259 educationis
1276 232 1461 265 meminisset;
1481 233 1630 260 admonere
1647 233 1756 266 doctus,

964 286 1020 304 non
1042 278 1140 305 bellutn
1157 278 1271 306 inferre.
1290 278 1435 313 Possitque
1450 278 1510 311 quis
1526 279 1660 314 ejusmodi
1678 282 1757 315 plura

965 323 999 350 ab
1014 323 1047 350 iis
1062 328 1137 358 gesta
1157 331 1279 351 narrare.
1294 323 1437 359 Siquidem
1448 331 1513 359 ergo
1523 325 1606 352 etiam
1621 325 1755 359 hostibus,

964 376 997 396 eo
1010 369 1083 404 quod
1101 369 1166 402 ipsis
1187 369 1348 397 habuissent
1375 370 1467 402 ﬁdem,
1496 371 1676 399 remittendas
1701 373 1759 401 iras

965 419 1148 450 putaverunt;
1176 415 1225 450 qui
1252 423 1307 442 non
1331 415 1488 447 ridiculum,
1509 421 1539 443 ut
1561 416 1642 444 ﬁdem
1660 420 1757 446 amicis

966 463 1093 489 violaturi
1117 463 1280 496 credantur;
1307 471 1426 499 cumque
1450 471 1498 491 eos
1525 464 1689 498 sustineant,
1709 467 1756 501 qui

965 509 1063 544 injuria
1081 508 1188 536 atiicere
1211 516 1243 536 ac
1263 513 1441 537 contemnere
1462 509 1601 542 videntur,
1618 511 1683 545 quid
1694 506 1755 539 'ntn

965 554 1188 583 feceriuteorum
1213 556 1311 591 gratia,
1329 556 1376 589 qtti
1399 561 1426 583 et
1448 556 1583 589 tribuunt,
1605 562 1630 584 et
1655 559 1757 586 auxilio

965 600 1061 627 adesse
1087 603 1252 635 precantur?
1277 601 1345 629 Cum
1377 602 1497 636 denique
1525 602 1652 631 hostibus
1683 609 1757 632 ratas

965 646 1186 683 exspectationes
1200 647 1296 678 velint,
1314 647 1360 682 qui
1379 655 1434 674 non
1447 647 1536 683 majus
1545 648 1649 683 aliquid
1660 649 1758 677 adver-

965 699 1013 719 sus
1033 696 1163 726 cognatos
1178 692 1233 719 sint
1246 692 1434 728 designaturi?

1000 737 1158 771 Enimvero,
1177 738 1223 773 qui
1241 738 1279 766 illi
1300 739 1433 766 exercitui
1456 739 1513 767 dux
1532 740 1676 776 prmfectus
1702 746 1755 773 est.

964 784 1145 811 consobrinus
1155 790 1195 812 est
1206 785 1291 812 nostri
1309 785 1482 820 imperatoris
1491 786 1530 822 (ὅ)
1543 795 1550 813 :
1563 787 1669 822 fuitque
1686 793 1757 815 utr:-

964 838 1017 865 que
1031 838 1099 857 avus
1120 832 1165 865 qui
1184 831 1337 858 mirabilem
1362 839 1421 859 eam
1437 832 1580 860 historiam
1596 834 1696 862 saeculo
1711 841 1756 861 re-

122 873 185 906 Πῶς
201 874 247 901 οῦν
263 875 278 900 ὸ
294 875 345 910 μὲν
361 874 488 907 ἀνέξεται
501 876 549 902 καὶ
564 875 641 902 ταῦτ’
658 876 697 907 εἰς
717 876 820 912 ἀρετῆς
834 877 911 911 λόγον

965 875 1054 910 liquit.
1072 876 1214 908 Quomodo
1230 876 1333 911 itaque.
1351 885 1412 904 cum
1433 877 1477 904 ille
1493 878 1562 905 adeo
1578 886 1592 905 a
1620 879 1755 913 majorum

122 920 179 946 τῶν
192 920 332 955 προγόνων
354 921 566 956 ἀπολειφθῆναι,
582 921 630 948 καὶ
649 922 698 957 τὴν
713 922 816 958 ἐτέρων
834 924 914 949 πλεο-

122 965 214 998 νεξίαν
234 966 409 1002 μιμήσασθαι
425 987 433 1000 ,
449 966 509 999 ἐξὸν
524 967 574 1002 τὴν
601 967 704 994 οίκείαν
725 967 912 1003 δικαιοσύνην,

121 1013 136 1038 ὁ
152 1012 175 1038 δ’
193 1012 357 1039 ύποπτεύσει
374 1012 420 1038 τὸν
437 1012 570 1047 συγγενῆ,
587 1012 617 1039 δν
631 1013 648 1048 ἡ
665 1013 794 1040 κοινωνία
807 1013 854 1039 τοῦ
869 1013 914 1047 γέ-

121 1066 186 1089 νους
218 1059 362 1093 συμφορὰν
391 1058 544 1092 ἀναγκάζει
571 1058 709 1085 ποιεῖσθαι
733 1059 768 1086 τὰ
791 1060 913 1095 ἡμέτερα

121 1104 216 1139 πάθη;
232 1105 320 1136 ὐλως
336 1105 366 1131 δὲ
386 1105 536 1140 Ῥωμαίοις
557 1105 612 1140 ’πρὸ
636 1104 726 1141 πάσης
749 1105 832 1141 ἄλλης
849 1107 914 1141 ἀρε-

120 1150 172 1184 τῆς
188 1150 205 1185 ἡ
236 1150 413 1186 δικαιοσύνη⁴
430 1150 476 1177 καὶ
499 1149 627 1185 δηλρῦσιν
641 1151 666 1177 oi
698 1151 785 1187 νόμοι,
811 1152 858 1178 καὶ
879 1152 913 1184 ἃς

120 1196 269 1224 ἀπαιτοῦσι
285 1197 362 1228 δίκας
381 1197 443 1228 τοὺς
457 1197 559 1223 ἀδικεῖν
574 1197 740 1231 ἐγνωκότας.
755 1198 791 1223 Τὸ
813 1198 834 1224 δ’
848 1199 913 1225 ἀπι-

119 1252 185 1270 στον
204 1242 274 1270 εἶναι
299 1243 364 1278 παρ’
390 1243 492 1274 αὐτοῖς.
517 1244 564 1269 καὶ
579 1243 639 1278 μετ’
660 1244 769 1278 ἀπάτης
795 1243 912 1279 χρῆσθαι

117 1291 178 1322 τοῖς
197 1290 333 1325 χρήμασι,
348 1290 419 1321 τίνος
433 1289 483 1315 οὐκ
502 1289 678 1325 αἰσχρότερον
695 1289 811 1325 βρόχους
828 1290 855 1316 οῖ
880 1298 912 1324 γε

119 1335 186 1371 μηδ’
200 1336 229 1362 ἑν
244 1336 300 1367 τοῖς
326 1335 397 1370 ὑπὲρ
412 1335 467 1361 τῶν
481 1335 550 1361 ὅλων
568 1335 707 1370 πολέμοις,
722 1335 771 1362 καὶ
785 1332 816 1361 οὗ
835 1336 912 1370 νόμι-

119 1388 174 1414 μον
189 1379 307 1411 ἀπάταις
320 1379 439 1414 χρῆσθαι
452 1379 515 1410 τοὺς
529 1379 702 1414 στρατηγοὺς
718 1380 765 1407 καὶ
780 1381 914 1415 σοφίσμα-

120 1433 168 1451 σιν
179 1444 186 1457 ,
203 1424 257 1451 οὐδ’
273 1426 332 1451 ἐκεῖ
358 1424 500 1460 βούλονται
529 1424 598 1457 μετά
611 1424 659 1450 τοῦ
686 1424 800 1458 ψεύδους
814 1425 911 1460 νικᾷν·

118 1470 191 1498 ἀλλὰ
205 1470 383 1505 προειπόντες
400 1470 437 1501 ὠς
460 1469 568 1505 ἥξουσι,
597 1471 645 1496 καὶ
664 1470 727 1501 τοὺς
748 1470 849 1501 τόπους
865 1471 913 1496 καὶ

118 1519 186 1549 τοὺς
207 1516 321 1554 χρόνους
339 1517 509 1553 κηρύξαντες
533 1526 674 1553 αντικρυς,
691 1517 778 1549 οὕτως
794 1518 834 1549 εἱς
861 1519 912 1553 τὴν

119 1565 216 1601 μάχην
232 1564 429 1592 καθίστανται·
445 1565 494 1601 τὴν
509 1564 570 1600 μετ’
591 1564 692 1600 ἀρετῆς
706 1561 792 1600 ἧτταν
809 1564 855 1591 τοῦ
874 1573 912 1591 νι-

118 1612 174 1646 κᾷν
190 1610 311 1645 ἀγεννῶς
328 1611 441 1646 ἀνδράσι
462 1611 564 1646 μᾶλλον
580 1612 731 1646 προσήκειν
744 1610 910 1646 νομίζοντες.

118 1657 187 1684 Πὸτ’
201 1656 247 1684 οὖν
261 1658 437 1693 ἀπαιτήσουσι
454 1657 674 1694 συμμαχοῦντες,
688 1657 714 1684 οῖ
725 1666 757 1692 γε
775 1657 843 1693 μηδὲ
857 1666 911 1692 μα-

115 1705 233 1739 χόμενοι
264 1704 400 1738 χρήσιμον
414 1704 517 1731 οἴονται
533 1704 564 1730 τὸ
589 1703 704 1738 ψεῦδος;
729 1701 800 1737 Ἐγὼ
825 1703 853 1730 δὲ
866 1703 912 1730 καὶ

114 1749 200 1776 τοῦτο
216 1748 321 1783 ἀπορῶ,
338 1751 362 1775 εί
388 1749 485 1784 παρὼν
500 1749 549 1777 νῦν
564 1750 577 1776 ό
602 1749 729 1785 βασιλεὺς
745 1751 802 1782 τοῖς
821 1750 911 1785 πράγ-

116 1803 207 1830 μασιν
234 1795 336 1830 ἐτυχε,”
348 1794 408 1822 τίνα
433 1795 466 1823 ἂν
481 1793 559 1823 εἷπον
576 1797 599 1822 oi
612 1796 659 1822 νῦν
678 1796 765 1824 ταῦτα
794 1796 912 1832 ἱημηγο·

115 1841 245 1876 ροῦντες.
261 1841 293 1867 Et
311 1840 360 1876 μὲν
373 1841 427 1876 γὰρ
443 1842 570 1868 κάκεῖνον
585 1841 721 1872 ἐκέλευον,
736 1841 783 1873 οὓς
797 1842 911 1869 ἐκάλεσε

115 1887 298 1922 συμμάχους,
315 1887 422 1918 τούτοις
448 1887 549 1914 κλείειν
563 1887 613 1919 τὰς
628 1888 677 1922 τῆς
692 1887 796 1919 πόλεως
811 1889 910 1920 πύλας,

112 1934 170 1960 οὐκ
187 1930 237 1959 οἷδ’
254 1933 353 1959 ὁπόθεν
377 1932 452 1968 αὐτῷ
471 1934 622 1968 προσήκειν
646 1933 735 1960 τοῦτο’
749 1933 863 1970 τοῦργον
878 1935 910 1970 ὴ-

111 1979 245 2013 γοῦνται.
267 1978 352 2012 Δῆλον
369 1977 424 2012 γὰρ
439 1977 477 2009 ὡς
495 1978 572 2005 οὐδὲν
597 1976 635 2005 ὧν
661 1978 786 2005 ἐλθοῦσιν
813 1979 911 2014 ὑπισχ-

111 2025 204 2056 νεῖτο,
219 2024 341 2058 τηρῆσαι
366 2023 560 2051 συνεὸούλευον
577 2024 610 2051 ἄν
621 2030 628 2038 '
645 2025 694 2051 καὶ
708 2023 786 2051 ταῦτ’
808 2025 857 2051 οὐκ
881 2024 910 2057 ἐξ

107 2069 259 2104 ἀνάγκης,
274 2069 333 2095 ἀλλ’
349 2069 478 2104 ἐπίτηδες
495 2069 542 2096 ἐπὶ
552 2069 601 2104 τὴν
612 2070 721 2104 ἀπάτην
742 2069 864 2098 ἐλθόντα.
879 2070 911 2096 Et

106 2116 143 2142 δὲ
163 2115 292 2150 δέχεσθαι
318 2115 430 2146 τούτους
451 2115 600 2151 παρῄνουν,
622 2115 680 2147 πῶς
707 2115 738 2142 οὐ
768 2115 848 2141 τοῦτο
864 2116 910 2142 καὶ

107 2161 165 2188 νῦν
183 2159 258 2185 ἴσασι
272 2159 317 2185 τὸν
334 2160 433 2194 καιρὸν
445 2159 624 2186 ἀπαιτοῦντα.
639 2160 676 2186 Οὐ
698 2160 752 2195 γὰρ
770 2160 855 2194 δήπου
872 2158 910 2194 τῷ

965 921 1101 948 sustineat
1117 921 1234 949 deﬁcere
1249 923 1363 954 virtute,
1387 930 1419 950 ac
1440 923 1556 951 aliorum
1580 924 1682 951 imitari
1703 925 1756 952 im-

964 967 1078 1001 probam
1095 967 1273 1002 cupiditatem
1295 976 1358 996 cum
1377 969 1555 997 domesticam
1569 970 1651 998 liceat
1670 971 1754 1006 justi-

965 1013 1048 1045 tiam;
1075 1019 1133 1040 tum
1153 1014 1196 1041 hic
1210 1019 1356 1049 cognatum
1369 1020 1529 1050 suspectum
1545 1016 1653 1048 habeat,
1673 1024 1755 1051 qutm

964 1059 1121 1086 communio
1142 1060 1250 1094 generis
1264 1061 1332 1088 mala
1349 1065 1443 1088 nostra
1472 1069 1548 1088 suam
1575 1061 1661 1096 ipsius
1683 1062 1757 1090 cala-

964 1105 1087 1132 mitatem
1122 1104 1224 1132 ducere
1253 1106 1479 1134 facit?0mniuo
1507 1112 1598 1134 autem
1629 1108 1756 1142 Romani,

964 1150 1038 1177 οιηηί
1051 1151 1104 1178 alia
1120 1151 1273 1186 impensius
1293 1152 1406 1183 virtute,
1428 1152 1563 1186 justitiam
1589 1153 1695 1186 colunt,
1724 1161 1756 1180 ac

966 1202 1103 1224 testantur
1118 1198 1202 1233 leges,
1225 1206 1348 1233 quasque
1372 1199 1486 1234 exigunt
1514 1207 1620 1234 patrias,
1644 1199 1679 1226 ab
1710 1200 1754 1230 iis.

963 1243 1011 1278 qui
1031 1243 1159 1278 injuriam
1178 1243 1293 1272 faciunt.
1313 1244 1406 1272 Datam
1425 1250 1516 1272 autent
1533 1245 1638 1272 violare
1663 1245 1755 1276 ﬁdem.

964 1289 1104 1324 rebusque
1126 1289 1241 1324 agendis
1257 1290 1420 1325 deceptione
1441 1291 1493 1321 uti.
1508 1298 1563 1325 quo
1583 1299 1638 1317 nou
1656 1291 1756 1326 laqueo

965 1333 1073 1368 turpius
1098 1333 1220 1361 habent?
1241 1335 1289 1369 qui
1315 1342 1404 1370 neque
1426 1335 1455 1362 in
1481 1335 1571 1368 bellis,
1593 1336 1695 1370 quibus
1709 1337 1757 1363 de-

964 1384 1094 1406 cernatur
1108 1379 1142 1406 de
1158 1387 1248 1406 rerum
1263 1387 1380 1412 summa,
1395 1389 1426 1408 ac
1437 1381 1538 1415 quibus
1560 1381 1619 1416 lege
1643 1378 1756 1409 conces-

964 1431 1036 1456 Sum,
1053 1430 1083 1451 ut
1104 1424 1190 1452 duces
1213 1424 1376 1460 deceptione
1405 1431 1518 1453 utantur
1541 1434 1572 1453 ac
1599 1426 1754 1459 fraudibus,

964 1469 1137 1497 mendacium
1162 1470 1285 1498 subsidio
1306 1471 1477 1504 adhibentes,
1496 1472 1607 1498 Vincere
1634 1473 1718 1499 velint
1746 1481 1755 1500 ι

963 1516 1030 1551 quin
1048 1515 1104 1542 imo
1117 1516 1334 1550 pranuntiantes
1360 1520 1390 1543 ut
1414 1516 1469 1543 sint
1494 1516 1614 1550 venturi,
1641 1518 1755 1552 locaque

963 1570 996 1590 ac
1018 1567 1142 1597 tempora
1163 1562 1349 1597 designanles,
1368 1562 1407 1589 sic
1438 1562 1539 1589 bellum
1563 1561 1753 1593 committant;

963 1609 1061 1636 decere
1076 1608 1162 1643 magis
1174 1608 1248 1635 viros
1264 1608 1463 1640 existimantes,
1480 1615 1542 1635 cum
1555 1608 1657 1635 virtute
1669 1608 1754 1640 vinci,

963 1662 1043 1688 quatn
1066 1654 1162 1689 ignave
1186 1661 1339 1688 parumque
1367 1653 1486 1680 viriliter
1513 1653 1630 1680 victoria
1657 1652 1752 1687 potiri.

962 1699 1140 1732 Quandonam
1158 1706 1222 1734 ergo
1241 1699 1305 1726 belli
1332 1706 1362 1726 se
1388 1698 1479 1726 socios
1507 1698 1634 1733 professi,
1657 1697 1756 1733 decep—

964 1745 1017 1772 turi
1035 1749 1110 1776 sunt,
1124 1745 1171 1780 qui
1186 1752 1221 1772 ne
1242 1745 1313 1772 bello
1332 1744 1444 1780 quidem
1462 1751 1524 1771 cum
1548 1743 1674 1771 hostibus
1689 1751 1704 1770 e
1721 1751 1751 1770 rc

962 1794 1059 1825 ptttent
1075 1789 1204 1817 tuentiri‘i
1228 1789 1361 1824 Equidem
1379 1789 1430 1816 hoc
1455 1797 1564 1824 quoque
1583 1796 1687 1823 quaero,
1714 1788 1753 1815 si-

962 1835 1072 1871 quidem
1090 1836 1147 1870 ipse
1161 1843 1280 1870 prteseus
1296 1835 1447 1869 imperator
1462 1835 1653 1862 deliberationi
1672 1834 1753 1862 ades—

961 1887 1013 1914 sct,
1040 1889 1166 1916 quaenam
1188 1881 1312 1916 pneclari
1345 1881 1373 1908 hi
1407 1889 1481 1908 nunc
1509 1883 1632 1907 oratores
1660 1885 1752 1907 essent

962 1927 1081 1955 dicturi?
1107 1927 1177 1954 Sane
1202 1931 1232 1954 ut
1252 1931 1280 1953 et
1304 1926 1380 1954 illum
1395 1927 1533 1962 juberent,
1559 1927 1636 1953 urbis
1659 1930 1752 1960 portas

962 1974 1090 2002 claudere
1111 1973 1155 2006 iis,
1185 1980 1255 2007 quos
1288 1973 1351 2000 belli
1377 1973 1467 2000 socios
1495 1973 1648 2002 ascivisset,
1677 1971 1750 1998 haud

961 2019 1018 2047 scio
1031 2020 1103 2046 unde
1123 2027 1180 2047 rem
1202 2019 1337 2046 facturum
1355 2023 1461 2054 putent,
1481 2027 1542 2054 quae
1563 2019 1685 2046 deceret.
1703 2018 1751 2045 Li-

961 2072 1026 2101 quet
1040 2067 1114 2092 enim
1138 2069 1265 2093 auctores
1280 2066 1349 2097 fore,
1367 2069 1396 2091 ut
1414 2065 1482 2092 nihil
1502 2073 1597 2092 eorum
1614 2072 1750 2095 servate.

961 2120 1021 2147 qua:
1039 2111 1211 2139 venientibus
1230 2116 1302 2138 esset
1331 2111 1481 2146 pollicitus;
1508 2116 1591 2146 atque
1621 2111 1647 2137 id
1673 2111 1748 2137 nulia

960 2164 1075 2195 cogente
1095 2159 1268 2190 necessitate,
1292 2158 1340 2185 sed
1375 2165 1438 2185 cum
1461 2157 1524 2185 data
1561 2164 1645 2192 opera
1675 2156 1750 2183 frau-

106 2207 169 2242 μὲν
186 2205 293 2239 βασιλεῖ
316 2206 402 2232 ποιεῑν
426 2206 461 2232 τὰ
486 2206 581 2234 δέοντα
604 2205 752 2232 δώσουσιν·
769 2206 861 2238 αὐτοῖς
878 2206 906 2232 δὲ

963 2206 1022 2234 dein
1043 2206 1155 2233 faceret.
1176 2204 1224 2232 Sin
1242 2209 1333 2232 autem
1355 2209 1501 2232 monerent
1525 2209 1554 2231 ut
1575 2204 1637 2230 illos
1663 2203 1752 2229 susci-

103 2251 268 2287 φυλάξουσι
282 2250 330 2286 τὴν
345 2251 523 2287 ἀναισθησίαν
534 2260 542 2268 σ
556 2252 604 2279 καὶ
615 2252 674 2278 τότε
689 2252 739 2287 μὲν
751 2251 904 2287 ἀληθεύειν,

102 2299 165 2326 νῦν
182 2298 210 2323 δὲ
241 2297 388 2332 ψεύδεσθαι
416 2299 542 2334 νομιοῦσι
565 2298 724 2334 προσῆκον·
751 2299 798 2325 καὶ
819 2298 906 2325 ταῦτα

105 2344 204 2382 μηδὲν
219 2345 361 2379 μέλλοντες
375 2345 407 2371 ἑκ
426 2345 477 2380 τῆς
503 2345 645 2380 ἀγχινοίας
666 2345 771 2381 ταύτης
799 2345 907 2381 κερδαί-

102 2400 137 2418 νε
144 2399 185 2418 ιν.

960 2256 1047 2288 peret,
1067 2253 1115 2287 qui
1139 2259 1194 2278 non
1230 2251 1257 2278 id
1276 2258 1386 2285 quoque
1409 2250 1490 2277 modo
1521 2258 1611 2286 opera:
1631 2249 1751 2284 pretium

959 2298 1133 2334 intelligunt?
1157 2297 1213 2325 Nec
1244 2297 1317 2325 enim
1350 2297 1440 2325 daturi
1474 2301 1557 2335 sunt.
1589 2295 1750 2330 Imperatori

959 2344 1069 2379 quidem
1094 2351 1256 2378 congruere,
1278 2350 1338 2378 que
1362 2343 1493 2372 deceant;
1513 2341 1566 2369 sibi
1582 2346 1674 2368 autem
1693 2348 1752 2368 ser-

960 2389 1048 2417 vaturi
1060 2389 1300 2417 iuseusihilitatem
1314 2397 1321 2415 :
1335 2396 1366 2415 ac
1381 2393 1448 2415 tunc
1463 2389 1588 2423 quidem,
1604 2387 1748 2414 colendam

960 2437 1125 2468 veritatem,
1160 2434 1243 2462 modo
1274 2439 1365 2461 autem
1391 2433 1563 2461 mendacium
1595 2432 1749 2467 putabunt;

961 2482 1053 2518 idque,
1063 2488 1125 2510 cum
1139 2488 1172 2508 ex
1179 2487 1211 2508 ea
1220 2480 1341 2508 versutia
1351 2480 1420 2507 nihil
1432 2480 1468 2508 sit
1477 2479 1546 2506 lucri
1562 2485 1750 2506 accessurum.

749 2601 798 2630 Fr.
819 2597 1001 2630 Combeﬁsii
1018 2601 1110 2628 noue.

141 2688 191 2722 (5)
211 2687 294 2722 Forte
313 2694 346 2714 ex
374 2685 475 2714 familia
499 2684 666 2722 marchionis
697 2683 903 2722 ltlontist‘errati,

89 2720 265 2759 cujushiilia
286 2721 364 2749 lrene
387 2721 545 2759 Andronico
569 2720 722 2755 Palmologo
744 2720 846 2754 nupsit,
869 2726 903 2759 ex

92 2755 166 2795 (ιιῘο
186 2755 258 2795 ﬁlios
274 2761 327 2783 tres
344 2757 475 2795 suscepit,
492 2764 526 2795 ex
540 2763 657 2790 quorum
670 2760 813 2795 stctrtrtrate

91 2789 328 2826 palwnlogorutn
345 2789 445 2818 domus
455 2789 585 2826 deinceps
601 2795 748 2826 propagata
763 2789 823 2816 fuit.
841 2789 901 2826 Vid.

89 2824 276 2861 Gri-gnrain,
292 2827 340 2852 lib.
356 2834 380 2852 Vl
399 2831 427 2853 et
444 2834 489 2853 \‘ll.
503 2824 573 2858 Qui'u
587 2824 614 2852 et
633 2824 847 2861 Palzeologoruttt
864 2824 904 2851 fa-

90 2860 219 2893 miliam
236 2869 268 2886 ex
283 2861 358 2887 Italia
381 2869 412 2888 ac
430 2861 549 2888 Vttcrbto
577 2861 692 2887 Etruria:
718 2860 827 2887 civitate
848 2867 902 2886 non

956 2682 1068 2718 ignobili
1081 2682 1215 2718 originem
1240 2682 1366 2718 traxisse,
1392 2681 1535 2718 nonnullis
1553 2681 1651 2715 piat-et,
1672 2680 1745 2715 quod

956 2715 1037 2745 dvocet
1061 2715 1183 2748 Bizarus.
1205 2718 1276 2745 libro
1299 2726 1307 2745 t
1334 2717 1371 2744 De
1391 2716 1458 2743 bello
1480 2715 1576 2743 Veneto
1593 2724 1602 2742 :
1618 2720 1664 2742 sed
1694 2718 1746 2742 Ιιιηο

957 2755 1090 2781 remotius
1108 2753 1239 2785 arbitror,
1264 2760 1345 2787 quam
1364 2757 1394 2779 ut
1415 2751 1570 2787 Demetrius
1592 2758 1626 2778 eo
1652 2758 1744 2784 resin-

956 2788 1036 2820 xerit,
1056 2796 1087 2816 ac
1100 2789 1179 2815 ducis
1207 2785 1366 2814 Latinorum
1391 2786 1506 2813 subsidii
1533 2785 1745 2819 Gr.rcoruu:que

957 2823 1131 2857 imperatoris
1146 2822 1412 2857 consanguinitatcm
1435 2821 1497 2847 inde
1517 2821 1636 2854 petiert.
