1942 3090
228 169 281 200 935

229 267 324 295 randis
351 266 410 295 istis
433 266 617 299 consiliariis;
640 271 697 294 tum
723 270 813 293 ratum
834 272 905 297 esto,
932 266 1023 293 socios

228 314 340 349 quidem
355 313 447 340 omnia
474 312 637 339 instruxisse
653 316 682 338 ut
699 311 779 338 nobis
797 311 920 338 facerent
947 311 1023 338 frau-

228 360 308 392 dein;
326 360 400 394 ipsos
413 367 478 386 vero
493 359 652 393 prospicere
681 357 754 393 quod
779 358 901 385 I'uturuin
925 358 971 390 sit,
991 366 1023 385 ac

228 415 282 440 qua
298 405 562 441 pnllcntsapientia,
589 404 698 431 illorutn
728 408 834 431 secreta
862 404 1022 439 praedicere.

231 453 299 480 lllud
314 461 377 480 vero
394 456 499 478 tantum
514 459 545 478 ex
561 451 603 478 eis
618 451 846 486 percontabimur
864 460 870 477 :
886 451 1023 486 siquidem

230 500 268 527 illi
288 499 423 527 destinato
447 497 545 525 nuntio
569 497 665 525 adesse
682 505 711 525 se
732 497 935 532 pra-dixissent,
953 497 1023 525 nihil

230 545 303 572 aliud
319 544 488 579 propositum
510 543 653 576 habentes,
669 551 750 578 quam
766 548 795 570 ut
814 542 916 570 Christi
929 551 958 570 se
975 543 1024 570 ho«

229 593 318 620 stibus
344 595 516 626 opponerent
538 599 570 618 ac
599 591 800 618 ulciscerentur
826 595 933 617 nostras
951 591 1023 625 inju-

230 639 300 671 rias;
322 638 425 673 quippe
440 645 503 665 cum
523 637 603 672 legati
627 637 801 671 imperatoris
817 636 843 663 id
864 636 898 663 ab
921 637 962 663 eis
980 644 1022 664 ro-

229 689 359 719 gassent:
375 684 468 711 venire
489 685 581 718 itaque
599 683 670 714 ideo,
689 682 824 718 cognatis,
846 683 950 715 amicis,
973 690 1023 718 pa-

230 732 292 764 tria,
322 739 354 758 ac
373 730 545 758 charissimis
576 728 650 756 domi
682 728 844 764 pignoribus
864 729 974 764 spretis.
994 734 1025 756 ut

230 777 366 804 Barbaros
379 777 491 812 quidem
514 777 584 804 male
609 776 643 803 de
666 776 746 803 nobis
774 775 886 802 meritos
909 775 1024 803 ulcisce-

231 828 338 855 rentur,
374 822 490 858 suisque
520 822 642 857 ipsorum
674 821 830 857 sumptibus
863 821 1022 856 imperatori

197 879 201 881 λ
230 876 342 904 regnum
361 869 557 900 restituerent;
581 867 717 901 siquidem
734 875 799 902 ergo
816 867 958 894 venientes
981 875 1024 893 ro-

230 915 336 949 garent.
353 922 408 941 una
423 922 473 941 nos
497 921 546 949 pro
566 913 667 946 quibus
684 914 821 946 venirent,
839 921 940 948 ponere
956 921 1023 948 ope-
1041 910 1060 936 Β

231 969 300 992 rain,
332 960 463 995 quidnam
493 959 605 992 dii-turi,
632 959 733 994 quidve
770 959 857 986 futuri
880 958 1024 986 essemus?

229 1008 300 1035 Nuui
322 1007 389 1034 satis
403 1006 489 1034 fuerit
506 1010 535 1033 ut
559 1006 695 1037 dicamus,
715 1006 803 1033 vereri
823 1013 873 1033 nos
887 1005 951 1033 belli
977 1013 1023 1032 so-

231 1055 371 1086 iietatem,
396 1053 576 1087 omninoque,
601 1060 697 1079 eurum
723 1059 813 1078 reruni
831 1051 953 1087 neglecta
971 1051 1025 1078 sol-

230 1101 375 1128 licitudine
403 1107 488 1134 reque
515 1100 617 1126 inlecta
645 1105 706 1126 esse
736 1098 941 1126 recedendum?
958 1097 1026 1131 Qui-

230 1147 347 1173 busnain
364 1153 430 1172 vero
445 1145 536 1172 verbis
549 1152 596 1171 eas
609 1144 783 1178 suspiciones
798 1144 859 1170 sitis
870 1143 1023 1178 probaturi,

229 1193 361 1227 \‘irosque
382 1191 547 1223 convicturi,
567 1199 628 1218 cum
653 1197 754 1217 nocere
778 1197 810 1216 ac
833 1190 959 1225 iiijuriain
985 1189 1024 1216 fa-

231 1246 294 1265 cere
315 1238 495 1271 meditemur,
515 1237 577 1264 belli
606 1245 634 1263 se
657 1236 747 1263 socios
764 1235 914 1263 simulare?
933 1235 1026 1269 Quan-

231 1284 279 1310 diu
306 1284 380 1310 enim
405 1283 480 1310 nulla
501 1282 645 1317 perspicua
668 1287 830 1317 argumenta
856 1282 1023 1316 producetis,

230 1330 309 1357 deliri
325 1329 497 1356 videbimini.
526 1328 573 1356 Sin
606 1328 690 1355 nullis
723 1327 932 1362 probationibus
958 1336 1025 1355 cen-

230 1376 320 1403 victos
349 1374 522 1407 remiseritis,
552 1382 650 1401 vereor
682 1382 717 1402 ne
746 1374 876 1401 Barbaris
905 1374 1025 1407 omissis,

231 1421 376 1456 quibusin
399 1428 447 1448 eos
465 1420 514 1447 iris
540 1420 710 1453 ferebantur,
740 1420 768 1447 in
798 1427 849 1447 nos
876 1419 1026 1446 dimittant.

233 1468 325 1495 Palam
340 1467 415 1494 enim
430 1466 530 1502 injuria
547 1474 576 1493 se
598 1466 712 1494 aﬂ‘eclos
727 1466 872 1501 putabunt,
891 1471 945 1493 tum
962 1473 1027 1500 quia

234 1514 322 1541 vocaii
339 1518 467 1548 tauquam
485 1513 588 1547 aliquid
610 1513 740 1548 prodesse
755 1518 878 1548 possent,
906 1517 1028 1547 postmo-

229 1561 297 1587 dum
315 1564 345 1586 ut
360 1559 462 1586 nullius
482 1559 615 1586 momenti
634 1559 813 1594 imbellesque
832 1559 958 1586 homines
980 1566 1027 1585 ex-

233 1606 459 1640 pellaiitur;tuni
475 1605 560 1632 etiam
585 1604 658 1639 quod
687 1604 748 1631 iiiali
776 1605 900 1639 quidam,
925 1603 1026 1638 quibus

228 1657 268 1679 sit
285 1653 465 1680 constitutum
491 1651 601 1683 lmdere,
620 1659 683 1679 cum
699 1656 827 1686 tanquam
844 1651 939 1678 amicis
961 1649 1026 1678 belli

230 1698 358 1726 subsidio
377 1698 528 1730 venissent,
552 1698 717 1725 habeantur.
745 1697 880 1732 Deinceps
900 1704 965 1732 ergo
979 1704 1027 1724 ne-

229 1753 310 1772 cesse
324 1745 476 1772 habeamus
491 1753 607 1779 pugnam
634 1744 782 1775 instruere,
802 1744 923 1779 bellique
940 1744 1025 1771 aleam

232 1791 352 1818 subire:
371 1790 438 1825 quin
465 1790 567 1825 potius,
597 1789 731 1824 quidquid
762 1790 870 1817 tandem
909 1789 1026 1822 accidat,

235 1836 394 1864 iiieiitzibile
425 1844 538 1871 prorsus
560 1836 595 1862 ab
618 1836 748 1862 omnibus
770 1835 937 1870 vituperium
962 1836 1026 1867 erit,

230 1881 378 1916 Siquidem
397 1881 471 1908 enim
488 1881 647 1912 vicerimus,
674 1888 735 1915 qua:
761 1880 813 1907 illis
841 1881 938 1908 damus
969 1882 1025 1908 cri-

235 1928 312 1959 mini,
329 1927 356 1953 in
375 1935 424 1954 nos
439 1928 513 1962 ipsos
528 1931 604 1954 certa
619 1927 827 1960 expierataquc,
846 1926 962 1954 victoria
984 1927 1027 1954 fa-

226 1973 357 2004 ciemus;
377 1973 588 2006 videbiinurque
610 1979 644 1999 eo
658 1979 769 1999 vocasse
795 1972 879 2006 viros,
896 1980 951 2007 quo
965 1981 1027 2008 per-

225 2020 376 2048 rderemus.
404 2019 442 2046 Ea
474 2018 611 2054 siquidem
640 2018 764 2045 omnium
793 2018 847 2046 erit
871 2021 1024 2054 persuasio,

872 165 1063 197 DEMETRH
1084 166 1245 197 CYDONII
1791 169 1834 201 936

264 222 365 250 Verum
382 220 404 248 si
421 220 523 256 placet,
547 228 611 248 cum
638 220 690 248 alia
720 220 904 248 concedamus
934 220 1060 253 admi-A

1112 221 1209 256 Ὅμως
1224 227 1248 247 ει
1267 219 1352 252 δοκεῖ,
1377 219 1413 247 τὰ
1438 221 1488 255 μὲν
1517 219 1586 247 ἄλλα
1618 222 1671 253 τοῖς
1692 221 1835 256 θαυμαστοῖς

1074 265 1184 298 τούτοις
1201 264 1412 301 συγχωρῶμεθα
1428 265 1610 300 συμϐούλοις·
1628 267 1674 293 καὶ
1688 268 1779 295 κείσθω
1790 271 1836 301 τοῖς

1076 313 1125 348 μὲν
1139 313 1294 348 συμμάχοις
1306 312 1368 339 καθ’
1381 312 1460 348 ἡμῶν
1472 313 1541 348 πρὸς
1556 312 1662 348 ἀπάτην
1679 314 1759 341 πάντα
1773 323 1835 342 συνε-

1075 359 1244 386 σκευάσθαι·
1260 359 1360 390 αὐτοὺς
1379 359 1408 386 δὲ
1433 359 1604 395 προορᾶσθαι
1638 360 1668 386 τὸ
1688 361 1784 395 μέλλον,
1798 362 1837 388 καὶ

1074 404 1208 431 τάκείνων
1223 405 1369 440 ἀπόρρητα
1396 403 1544 439 προλέγειν
1562 404 1615 430 ὑπὸ
1632 405 1734 438 σοφίας.
1750 405 1838 431 Ἑχείνο

1074 451 1102 477 δὲ
1123 451 1205 486 μόνον
1220 452 1334 482 τούτους
1351 450 1490 486 ἐρώμεθα.
1519 451 1549 477 Ei
1580 451 1628 486 μὲν
1654 451 1760 485 ἇγγελον
1781 451 1838 486 πέμ-

1074 497 1174 530 ψαντες
1198 498 1330 531 προεῖπον
1357 496 1393 528 ὡς
1419 496 1548 531 ἥξουσιν,
1567 496 1647 523 ἄλλου
1675 497 1721 531 μὲν
1748 496 1838 527 οὐδενος

1075 542 1269 578 στοχαζόμενοι
1285 550 1292 558 ”
1323 543 1397 573 ὅπως
1429 543 1457 569 δὲ
1487 543 1568 577 μόνον
1595 543 1651 574 τοῖς
1678 542 1776 577 ἐχθροῖς
1799 541 1837 568 τοῦ

1076 589 1198 625 σταυροῦ
1219 590 1288 623 σφᾶς
1307 590 1407 620 αὐτοὺς
1426 589 1611 622 ἀντιτάξουσι,
1632 590 1677 616 καὶ
1699 589 1768 624 δίκην
1782 589 1840 624 ὑπὲρ

1075 636 1153 671 ήμῶν
1181 636 1365 671 ἀπαιτήσουσι
1390 635 1516 667 τούτοις·
1539 636 1608 671 ὑπὲρ
1634 636 1726 662 τούτου
1741 637 1788 670 γὰρ
1802 636 1840 661 καὶ

1075 681 1137 710 sub:
1167 681 1302 716 βασιλέως
1331 681 1461 716 πρέσϐεις
1483 681 1576 709 αὐτῶν
1601 682 1741 718 δεηθῆναι,
1759 682 1841 713 αὐτοὺς

1074 727 1102 754 δὲ
1119 729 1259 763 συγγενῶν
1276 730 1324 754 καὶ
1347 729 1434 763 φίλων
1457 729 1505 755 καὶ
1525 729 1667 763 πατρίδος,
1685 728 1790 755 καὶτῶν
1804 728 1841 754 ἐπὶ

1074 775 1129 810 τῆς
1156 776 1246 806 οίκίας
1271 775 1356 809 ἡδέων
1385 775 1577 809 ἀμελήσαντας
1604 775 1692 810 ἥκειν,
1711 774 1842 809 ἀμυνουμέ-

1075 831 1138 853 νους
1157 822 1207 856 μὲν
1227 822 1299 858 ὑπὲρ
1318 822 1397 856 ήμῶν
1422 823 1486 853 τοὺς
1514 822 1682 858 βαρϐάρους,
1703 823 1842 856 ἀναλώμασι

1075 868 1103 894 δὲ
1121 868 1197 899 ίδίοις
1218 868 1531 903 συγκαταστησομένους
1557 868 1597 903 τῷ
1623 868 1727 904 βασιλεί
1742 868 1785 903 τὴν
1802 869 1842 902 ἁρ-

1076 916 1135 949 χήν·
1155 915 1187 941 ἂν
1210 914 1256 941 οὖν
1271 915 1393 946 ἐλθόντες
1410 915 1506 947 ἀξιῶσι
1524 915 1743 950 συνεφάπτεσθαι
1755 913 1843 952 τούτοις

1075 960 1148 994 ἡμᾶς
1166 959 1208 994 ἐφ’
1225 957 1265 991 οἷς
1280 957 1359 995 ἧκον,
1386 960 1412 986 τί
1445 960 1572 995 ἐροῦμεν,
1603 961 1619 995 ἢ
1647 960 1672 987 τί
1697 960 1842 995 ποιήτομενς

1083 1002 1206 1040 ’Δρκέσει
1219 1006 1308 1040 λέγειν
1323 1006 1360 1038 ὡς
1378 1005 1543 1041 ὑφορώμεθα
1563 1006 1611 1042 τὴν
1629 1006 1790 1041 συμμαχίαν,
1806 1003 1844 1031 καὶ

1074 1053 1200 1088 δέδιμεν,
1233 1054 1279 1080 καὶ
1317 1054 1358 1080 δεῖ
1388 1053 1498 1084 πάντως
1528 1053 1643 1085 τούτους
1676 1052 1844 1088 ἀμελήσαντας

1075 1101 1234 1135 ἀπράκτους
1268 1100 1445 1134 ἁναχωρείν;
1477 1099 1532 1126 Καὶ
1557 1099 1584 1126 τί
1611 1099 1734 1134 λέγοντες
1763 1095 1807 1124 οἷοί
1826 1097 1845 1122 τ’

1075 1146 1170 1173 ἔσεσθε
1198 1147 1248 1178 τὰς
1271 1146 1391 1181 ὑποψίας
1415 1145 1517 1178 ταύτας
1547 1145 1750 1178 ἀποδεικνύναι,
1768 1143 1845 1179 ῆτοῦς

1076 1191 1176 1225 ἄνδρας
1197 1190 1309 1223 τούτους
1327 1191 1496 1226 ἐξελέγχειν,
1521 1191 1559 1222 ὡς
1584 1191 1691 1218 ἀδικεῖν
1707 1189 1845 1225 ἐγνωκότες,

1077 1239 1235 1272 συμμαχεῖν
1265 1238 1501 1273 προσποιοῦνται;
1531 1238 1603 1269 Ἕως
1635 1238 1688 1274 ¹γὰρ
1720 1237 1750 1264 ἂν
1774 1235 1846 1262 οὐδεή

1076 1283 1178 1318 χρῆσθε
1204 1284 1259 1310 τῶν
1286 1284 1412 1319 φανερῶν
1440 1284 1607 1320 τεκμηρίων,
1624 1284 1762 1320 ληρήσετε.
1785 1282 1810 1308 Εἰ
1827 1279 1846 1306 δ’

1077 1329 1196 1364 ἐλέγχων
1212 1330 1297 1365 χωρὶς
1310 1329 1519 1365 ἀποπέμψεσθε,
1533 1331 1644 1358 δέδοικα
1662 1331 1699 1366 μὴ
1719 1330 1775 1361 τοὺς
1791 1328 1844 1363 βαρ’

1078 1375 1179 1409 ϐάρους
1196 1375 1321 1409 ἀφέντες,
1346 1376 1390 1410 ἐφ’
1406 1376 1480 1410 ἡμᾶς
1494 1376 1586 1410 ἀφῶσι
1609 1377 1662 1412 τὴν
1683 1376 1740 1403 κατ’
1753 1375 1846 1402 ἐκείνων

1078 1421 1176 1456 ὀργήν.
1199 1420 1377 1456 Ὑϐρίζεσθαι
1407 1423 1463 1457 γὰρ
1490 1421 1620 1457 ἄντικρυς
1644 1422 1756 1454 δόξουσι·
1783 1419 1848 1447 τοΞὋ

1079 1466 1140 1500 μὲν,
1158 1467 1181 1492 εί
1195 1466 1342 1501 κληθέντες
1357 1465 1394 1498 ῶς
1405 1475 1430 1493 τι
1444 1467 1588 1502 δυνάμενοι
1600 1467 1759 1499 λυσιτελεῖν,
1775 1463 1847 1493 ἔπειθ’

1078 1512 1115 1544 ὡς
1130 1512 1237 1544 οὐδένες
1254 1512 1422 1539 ἐλαύνοιντο⁴
1437 1514 1517 1539 τοῦτο
1528 1513 1550 1540 δ’
1562 1514 1587 1540 εἰ
1603 1514 1653 1540 καὶ
1669 1511 1775 1548 πονηροί
1790 1519 1848 1541 τινες

1078 1559 1210 1591 δόξουσιν,
1229 1559 1333 1586 ἀδικεῖν
1349 1559 1514 1594 ἐγνωκότες,
1528 1556 1571 1591 οἷς
1586 1560 1624 1591 ὡς
1641 1559 1726 1594 φίλοις
1738 1557 1849 1591 ἀφίκοντο

1080 1605 1274 1642 βοηθήσοντες.
1287 1605 1389 1632 Λοιπὸν
1403 1607 1492 1632 τοίνυν
1510 1609 1549 1638 είς
1567 1607 1662 1642 μάχην
1676 1604 1849 1634 καθίστασθαι,

1080 1653 1128 1678 καὶ
1156 1653 1218 1683 ταῖς
1243 1652 1291 1679 τοῦ
1318 1652 1439 1688 πολέμου
1465 1653 1564 1688 τύχαις
1586 1654 1701 1685 ἑαυτοὺς
1716 1653 1849 1680 ὗποθεῖναι¹

1081 1698 1184 1733 μᾶλλον
1206 1698 1229 1725 δ’
1245 1699 1377 1735 ὁπότερον
1395 1701 1428 1727 ἐν
1443 1700 1513 1736 τύχῃ
1530 1701 1651 1735 συμϐὰν,
1673 1701 1788 1736 ἄφυκτον
1798 1699 1851 1734 ἡμῖν

1079 1745 1129 1780 τὴν
1144 1746 1314 1781 κατηγορίαν
1338 1746 1414 1782 παρὰ
1437 1747 1545 1773 πάντων
1563 1748 1704 1781 γενέσθαι.
1722 1745 1852 1781 Περιγενὸ·

1082 1800 1158 1825 μενοι
1177 1800 1206 1825 γ.
1216 1800 1242 1826 ρ,
1255 1791 1273 1818 ἃ
1289 1792 1394 1824 τούτοις
1414 1793 1595 1828 ἐγκαλοῦμεν,
1612 1794 1677 1820 καθ’
1690 1794 1765 1828 ήμῶν
1776 1792 1853 1819 αὐτῶν

1082 1836 1181 1871 βέϐαια
1199 1839 1232 1872 τῇ
1247 1837 1310 1874 νίκῃ
1325 1840 1486 1874 ποιήσομεν,
1504 1842 1550 1866 καὶ
1565 1839 1680 1875 δόξομεν
1690 1839 1751 1872 τοὺς
1768 1839 1852 1872 ἄνδρας

1082 1883 1127 1908 ἐπὶ
1155 1881 1195 1918 τῷ
1222 1884 1419 1920 διεφθαρκέναι
1445 1886 1572 1913 καλέσαι.
1598 1886 1686 1913 Τοῦτο
1715 1887 1766 1920 γὰρ
1790 1884 1853 1919 παρά

1081 1928 1148 1955 πᾶσι
1168 1930 1313 1965 κρατήσει,
1330 1931 1383 1962 ἕως
1403 1931 1436 1958 ἂν
1453 1932 1530 1958 οὐδὲν
1545 1932 1655 1967 ἔχωμεν
1671 1933 1802 1965 ἐγκαλεῖν.
1813 1931 1853 1956 'Av

1080 1974 1108 2000 δὲ
1125 1975 1283 2010 σφαλῶμεν,
1301 1976 1413 2002 πάντων
1433 1977 1500 2012 ὁμοῦ
1517 1978 1572 2005 τῶν
1591 1979 1737 2014 χειρίστων
1751 1976 1853 2004 καὶτῶν

1081 2022 1229 2057 αἰσχίστων
1249 2023 1504 2059 κληρονομήσομεν.

234 2066 359 2102 quandiu
401 2065 471 2092 nihil
508 2069 636 2100 suppetet
663 2064 735 2100 quod
770 2073 943 2094 accusemus.
970 2065 1017 2093 Sin
1041 2073 1132 2096 autem
1157 2076 1215 2096 rem
1247 2069 1318 2097 male
1344 2078 1482 2105 geramus,
1507 2079 1626 2106 pessima
1653 2079 1744 2100 omnia
1769 2070 1854 2105 turpis-

229 2113 359 2148 simaque
375 2113 479 2147 pariter
494 2112 654 2139 sortiemur.

272 2159 350 2193 Quod
364 2167 429 2187 vero
443 2159 501 2186 haec
515 2159 608 2194 potius
630 2166 681 2186 nos
703 2164 844 2191 maneant,
870 2164 900 2187 ut
917 2165 1026 2187 conten-

1116 2163 1178 2191 Ὀτι
1192 2163 1221 2190 δὲ
1238 2163 1327 2190 ταῦτα
1342 2164 1444 2198 μᾶλλον
1459 2165 1534 2200 ἡμᾶς
1547 2166 1788 2200 φιλονεικήσαντας
1799 2164 1853 2189 ἀνα-

229 2208 304 2234 dere
331 2206 458 2239 velimus,
493 2206 556 2233 inde
582 2206 680 2241 liquet,
703 2206 778 2241 quod
810 2213 844 2233 ne
873 2207 1029 2234 meminisse

236 2253 348 2288 quidem
377 2260 524 2287 posstnnus
555 2252 661 2286 absque
691 2252 815 2284 liorrore,
850 2259 944 2278 eorum
969 2259 1030 2286 quae

236 2305 331 2333 postea
342 2298 435 2325 futura
450 2299 514 2326 sint.
531 2297 617 2325 Nemo
631 2299 732 2333 quippe.
747 2298 815 2326 adeo
828 2299 1028 2331 contentiosus,

236 2349 270 2370 ut
287 2344 351 2372 belli
370 2345 458 2371 aleam
476 2344 645 2371 tentantibus
661 2336 805 2371 ferendum
825 2344 929 2379 aliquid
949 2352 1030 2372 even-

237 2393 331 2415 turum
350 2394 452 2423 speret.
473 2389 501 2416 id
521 2389 594 2416 enim
619 2393 725 2423 stupor,
753 2394 783 2416 ut
802 2390 954 2424 cogitantes
980 2389 1031 2417 Ge-

238 2435 386 2462 uuensiuin
402 2436 539 2468 triremes,
554 2440 640 2470 utque
658 2441 724 2462 tunc
740 2444 795 2462 non
815 2436 950 2463 fuerimus
966 2436 1033 2463 sub-

236 2483 334 2514 mersi,
352 2489 426 2508 nunc
437 2489 547 2516 quoque
560 2486 703 2509 restitutos
717 2489 870 2516 speremus,
885 2489 939 2509 non
950 2482 1033 2509 simul

239 2532 403 2562 reputantes
445 2527 610 2555 Venetorum
650 2528 763 2560 milites,
806 2527 1033 2563 Arragonuinque

1083 2209 1170 2244 μένει,
1181 2209 1262 2245 δῆλον
1284 2210 1315 2242 ἐξ
1329 2208 1367 2237 ὧν
1381 2210 1442 2237 οὐδὲ
1461 2212 1508 2238 τοῦ
1527 2212 1654 2246 φρίττειν
1669 2211 1762 2248 χωρὶς.
1778 2210 1854 2242 ἔξεστι

1080 2254 1135 2280 τῶν
1154 2255 1225 2290 μετὰ
1238 2254 1327 2287 ταῦτα
1348 2256 1516 2292 μεμνῆσθαι.
1535 2256 1631 2289 Οὐδεὶς
1647 2257 1702 2292 γάρ
1716 2258 1771 2283 ἐστι
1785 2255 1855 2290 μέχρι

1080 2301 1210 2331 τοσούτου
1237 2302 1402 2336 φιλόνεικος,
1429 2302 1458 2334 ὃς
1482 2303 1679 2338 πολεμούντων
1707 2302 1813 2330 ἀνεκτόν
1833 2309 1856 2326 τι

1082 2346 1275 2382 συμὸήσεσθαι
1293 2348 1459 2384 προσδοκᾷν.
1474 2349 1657 2385 Παραπληξία
1674 2350 1729 2384 γὰρ
1748 2349 1793 2379 τὰς
1809 2346 1856 2373 τῶν

1081 2393 1249 2421 Γενουὸίσων
1272 2394 1493 2430 ἐνθυμουμένους
1525 2399 1671 2431 τριήρεις,
1701 2396 1749 2423 καὶ
1772 2396 1806 2426 ὡς
1831 2393 1856 2418 οὗ

1081 2437 1234 2472 κατέδυμεν
1261 2439 1322 2465 τότε
1336 2447 1342 2454 ·
1361 2440 1410 2466 καὶ
1435 2439 1484 2466 νῦν
1501 2440 1679 2476 ὰντισχήαειν
1702 2438 1856 2470 ἐλπίζοντας,

1084 2484 1121 2518 μὴ
1145 2485 1193 2510 καὶ
1215 2484 1278 2514 τοὺς
1292 2485 1347 2511 τῶν
1367 2485 1503 2512 Βενετιῶν
1530 2487 1704 2522 στρατιώτας
1724 2483 1859 2518 προσενθυ-

1084 2529 1194 2564 μεῖσθαι
1206 2531 1256 2565 (4),
1273 2533 1320 2557 καὶ
1337 2531 1386 2567 τὴν
1403 2532 1457 2559 τῶν
1480 2531 1665 2568 Ἀρῤαγώνων
1688 2532 1806 2567 ἀνδρίαν·
1819 2527 1858 2556 καὶ

885 2632 937 2662 Fr.
956 2631 1139 2663 Combeﬁsii
1156 2637 1249 2664 noue.

274 2739 313 2775 (4)
332 2739 496 2775 Perstringit
512 2739 613 2767 bellum
626 2739 698 2774 quod
722 2741 816 2768 multis
843 2744 938 2767 narrat
953 2739 1026 2766 Can-

236 2781 400 2808 lacuzenus,
418 2775 467 2802 lib.
483 2783 520 2808 iv,
537 2775 616 2809 cujus
631 2775 700 2802 male
720 2777 787 2810 gesti
802 2775 903 2803 Graecis
920 2776 1027 2809 culpam

235 2819 348 2837 omnem
375 2811 402 2837 in
425 2810 566 2837 Nicolaum
587 2809 760 2838 Venetiarum
776 2811 874 2838 duceni
895 2809 1028 2843 refundit,

238 2846 464 2879 periculosiorem
507 2846 659 2877 hominem,
700 2853 875 2881 pugnamque
906 2845 1029 2880 quandiu

239 2882 320 2909 licuit
335 2882 546 2910 detrectantem.
570 2880 756 2917 Acceperunt"
768 2881 912 2916 Arragonii
945 2880 1030 2907 niaxi-

1080 2747 1151 2776 niam
1173 2741 1279 2768 cladem
1295 2742 1389 2776 praclio
1408 2742 1442 2769 ad
1466 2742 1588 2770 Galatam
1609 2741 1768 2774 commisso,
1781 2746 1807 2768 et
1820 2739 1857 2766 ubi

1079 2775 1381 2814 Genuensesinsei-uti,
1410 2778 1438 2814 in
1459 2778 1531 2814 loca
1542 2786 1653 2814 aspera,
1666 2777 1832 2814 incidissent.
1846 2783 1858 2801 ει

1079 2811 1181 2845 quibus
1198 2811 1250 2852 sibi
1264 2812 1391 2852 Romani.
1411 2813 1438 2839 id
1451 2819 1503 2848 est,
1517 2811 1614 2847 Grici,
1632 2813 1784 2848 Venetique
1797 2812 1859 2838 loco-

1079 2853 1140 2873 rum
1156 2847 1304 2881 peritiores
1317 2848 1466 2876 cavissent.
