1942 3090
110 142 153 174 997

560 135 703 168 ORATIO
723 134 799 166 PRO
818 134 997 165 SUBSIDIO
1019 136 1257 169 LATlNOltUM.

1674 145 1727 177 993

110 201 137 232 ἃς
151 197 292 234 ἀμφότερα
309 199 535 233 προσπαρέχοντο
553 198 677 233 τριήρεις
698 197 738 229 εις
765 195 811 222 τὸν
835 195 886 221 πό-

942 197 1078 221 strenuam
1102 203 1230 228 manum;
1258 204 1380 232 quasque
1406 198 1444 226 illi
1463 199 1591 229 triremes
1618 208 1730 236 praesta-

84 266 87 269 ι
109 247 179 281 λεμον
192 246 248 273 τῶν
276 246 384 280 ἐχθρων
409 244 580 275 διπλασίους·
607 245 654 270 καὶ
677 244 727 274 τὰς
746 241 885 277 ἡμετέρας

110 292 181 320 πάλιν
208 292 258 323 τὰς
289 290 400 323 πολλὰς,
427 291 475 317 καὶ
493 291 544 317 ὅσα
572 289 628 321 τότ’
650 288 820 324 ἔτρίιρθημεν
847 288 886 318 είς

111 339 190 374 μάχην
213 337 332 372 ἐκείνην,
350 337 440 364 καίτοι
466 336 603 363 τοσούτων
630 336 782 370 ἀνεχόντων
801 334 885 368 ἡμᾶς.

109 383 249 418 Μέμνησθε
284 385 334 413 τὰς
360 381 544 417 περιεχούσας
574 381 635 407 τότε
670 379 814 414 συμφορὰς
838 377 887 412 τὴν

109 431 228 467 πατρίδα,
249 430 299 457 καὶ
324 431 389 462 τοὺς
410 428 606 462 Σωζοπολιτῶν
621 427 822 462 αἰχμαλώτους,
839 426 886 451 καὶ

110 478 153 514 τὴν
173 477 327 512 Περινθίων
358 476 527 507 ἀνάστασιν,
557 475 604 501 καὶ
630 472 705 501 τᾶλλ’
732 473 803 499 ὅσων
826 471 886 498 οὐδὲ

109 523 292 562 μεμνημένους
309 522 428 558 μετρίως
450 521 538 554 ἔξεστι
551 520 658 556 φέρειν.
675 520 731 547 Καὶ
745 518 840 546 σιωπῶ
856 518 887 543 τὸ

110 568 164 604 μηδ’
174 569 218 602 ἂν,
237 568 369 599 πολλάκις
383 567 527 598 τοσούτους
540 567 615 602 ἡμᾶς
635 574 665 592 τε
679 566 726 592 καὶ
742 566 805 596 τοὺς
825 564 886 590 τότε

108 615 259 650 συμμάχους
277 614 369 645 ὄντας,
391 613 460 649 πρὸς
483 613 574 646 ὀλίγον
596 612 646 647 τῆς
667 612 727 638 τότε
744 612 886 645 δυνάμεως

107 661 247 694 ἀντισχεῖν.
272 659 353 693 Λέγω
380 659 435 695 γὰρ
461 656 508 685 οὖν
533 658 551 685 ἃ
573 659 650 694 κοινῇ
672 659 750 693 παρά
776 657 896 691 πάντων,

107 706 200 734 ἀκούω.
217 707 249 733 El
274 707 365 733 τοίνυν
382 705 481 740 ἀληθὲς
504 705 542 737 ὼς
561 706 627 740 ἡμῖν
653 703 884 731 ἐπιϐουλεύουσιν

107 749 183 785 οὗτοι,
199 753 247 779 καὶ
263 752 299 783 ὼς
325 752 393 787 πρὸς
409 751 439 778 ἒν
458 751 532 778 τοῦθ’
547 752 621 782 ὅπως
637 751 711 785 ἡμᾶς
729 749 886 777 δουλώσων-

106 808 146 826 ται
170 799 246 826 πάντ’
267 798 359 830 αὑτοῖς
379 799 469 834 ἀφορᾷ
484 818 492 831 ,
509 798 625 825 κωλύειν
640 798 668 824 δὲ
690 797 802 829 τούτους
815 797 888 832 ἀμή-

106 849 191 878 χανον¹
207 842 270 869 τίνα
284 842 317 870 ἀν
333 851 376 874 τις
389 843 490 878 τρόπον
502 843 595 874 αὐτοῖς
615 843 749 878 χρήσαιτο
768 851 887 877 μετριω-

105 888 198 923 τέροις,
224 887 287 923 καὶλ
300 887 368 922 πρὸς
385 888 416 914 τὸ
431 887 563 923 βλάπτειν
586 889 790 923 ὀκνηροτέροις·
804 889 887 921 ἐγκα-

105 920 153 959 λιῖίν
166 934 213 960 καὶ
237 920 367 968 πολεμῶν
390 920 438 960 καί
463 920 685 969 μεμφόμενος,“ἣ
702 920 794 968 φίλους
814 920 887 968 ἔχειν

106 978 351 1014 σχηματιζόμενος,
382 980 428 1006 καὶ
459 980 605 1015 δεχόμενος
636 980 808 1016 προσηνῶς,
841 980 888 1007 καὶ

106 1017 296 1062 συνευχόμενος
322 1026 362 1067 τά
386 1026 503 1062 βαλτίως
534 1028 606 1061 Ἐγὼ
622 1027 671 1062 μὲν
697 1025 773 1063 οἶμαι
798 1028 887 1055 τοῦτο.

104 1073 156 1101 Καὶ
179 1073 240 1100 οὐδὲ
265 1075 389 1108 ἐνεγκεῖν
414 1074 447 1101 ἃν
477 1074 552 1109 ἡμᾶς
583 1075 633 1109 τὴν
657 1075 780 1100 δουλείαν
805 1074 887 1109 φημί.

104 1119 208 1154 Μήποθ⁹
223 1119 311 1151 οὕτως
335 1119 441 1154 ἔρημος
455 1121 588 1155 γενοίμην
610 1120 727 1155 φρενῶν,
743 1121 808 1147 ὥστ’
824 1120 889 1147 ἄλλο

104 1173 129 1192 τι
151 1167 288 1202 πῳτιμᾷν
305 1168 369 1202 ’τῆς
398 1167 566 1200 ἐλευθερίας.
593 1167 662 1192 Ἀλλ’
675 1167 790 1200 ἐπείπερ
812 1167 889 1193 οὐδὲν

106 1213 211 1248 ίσχυρὸν
227 1210 265 1240 ὧν
281 1213 485 1248 ὑποπτεύομεν,
502 1212 602 1246 μᾶλλον
613 1212 635 1238 δ’
647 1212 684 1243 ὼς
702 1211 789 1239 εὔνοοι
804 1213 890 1240 πᾶσιν

104 1261 167 1296 ἡμῖν
192 1268 272 1295 ηκον,
293 1260 326 1286 ὲκ
349 1261 460 1287 πάντων
488 1259 543 1285 τῶν
561 1259 702 1294 λογισμῶν
719 1259 887 1294 βεϐαιοῦται·

104 1306 130 1333 τί
146 1305 186 1332 δεῖ
199 1305 246 1332 τοῦ
267 1305 343 1341 παρὰ
361 1306 457 1340 καιρδν
473 1306 560 1338 δέους,
582 1305 663 1332 ὁπότε
679 1306 726 1332 καὶ
740 1305 890 1333 δεδοικόσιν

104 1353 178 1380 οὒδὶν
197 1353 274 1380 ἔσται
296 1353 400 1385 πλέον,
432 1353 496 1380 ὅτων
526 1354 542 1388 ἢ
569 1353 752 1388 κρατηθέντες
776 1354 810 1379 τὰ
835 1353 890 1379 τῶν

107 1399 224 1426 ἁλόντων
243 1399 464 1434 ἀναγκαζώμεθα
489 1399 613 1435 πάσχειν,
631 1400 647 1434 ἢ
672 1400 890 1435 περιγενόμενοι,

104 1444 245 1479 ὥσπερ-ὲν
262 1445 367 1481 σαγήνῃ
391 1445 542 1480 καθώμεθα
562 1447 618 1477 τοῖς
633 1446 736 1481 τείχεσι
758 1446 891 1481 καθειργ-

106 1492 192 1527 μένοι,
211 1491 280 1526 μήτε
296 1492 363 1526 πρὸς
379 1491 428 1525 τὴν
441 1492 502 1527 γῆν,
520 1492 588 1527 μήτε
606 1492 674 1526 πρὸς
691 1493 740 1526 τὴν
755 1492 891 1519 θάλατταν

903 869 923 894 ll

938 239 1004 268 bant
1018 241 1045 268 in
1062 241 1124 268 belli
1143 242 1308 274 subsidium.
1320 245 1404 279 duplo
1420 245 1474 273 illis
1492 246 1610 275 hostium
1624 249 1728 284 plures,

938 293 970 313 ac
983 292 1104 315 nostram
1130 297 1240 317 rursum
1266 292 1417 319 auctiorem
1436 293 1551 321 classem
1566 304 1573 321 :
1591 303 1729 332 quamque

938 339 970 358 ea
1000 332 1182 362 nihilominus
1196 343 1285 370 pugna
1301 337 1386 364 attriti
1399 339 1494 371 simus,
1511 341 1618 367 tametsi
1637 342 1731 370 multis

938 377 1006 405 adeo
1022 380 1171 408 tuentibus.
1191 381 1354 410 Meministis
1369 384 1470 418 quil;us
1487 389 1552 413 tunc
1577 387 1665 421 patria
1682 396 1729 416 ea-

938 423 1108 453 lamitatibus
1140 427 1238 454 aﬂ‘ecta
1267 428 1313 460 sit,
1347 428 1554 464 Sozopnliianos
1591 435 1729 468 captivus;

939 477 1063 498 eversam
1079 472 1250 505 Perinthum,
1267 475 1388 509 aliaque,
1412 485 1529 511 quorum
1558 487 1610 507 nec
1642 481 1730 515 ipsam

939 516 1099 544 memoriam
1119 518 1213 545 mitius
1240 519 1310 546 ferre
1334 528 1489 554 possumus.
1512 523 1601 551 Taceo
1624 530 1729 559 autem,

939 566 969 588 ut
982 570 1071 596 neque
1088 571 1138 591 nos
1153 572 1215 591 cum
1229 565 1295 591 tanti
1316 573 1450 598 esses-mus,
1464 576 1514 596 nec
1531 570 1607 598 Socii.
1622 575 1656 598 ad
1672 581 1732 599 mo-

940 608 1032 635 dicqu
1069 609 1189 637 hostium
1224 611 1263 638 illi
1294 612 1388 639 virtuti
1420 614 1506 642 obniti
1547 617 1729 650 qniverimus.

940 654 1003 681 Dico
1018 655 1100 690 igitur
1119 656 1191 691 quod
1216 658 1339 685 onitiuui
1356 663 1540 689 cotiimunitcr
1561 673 1607 692 ore
1630 666 1729 700 jactari

938 701 1032 728 audio.
1052 702 1080 729 Si
1098 703 1187 737 itaque
1204 703 1240 730 ita
1258 704 1350 738 habet,
1371 711 1399 733 ut
1415 707 1432 734 ii
1459 709 1537 736 nobis
1553 710 1729 745 insidientur.

938 755 989 775 nec
1003 756 1098 775 eorum
1120 749 1174 776 alio
1200 751 1350 784 respiciant
1372 755 1497 787 consilia,
1521 765 1602 790 quam
1625 765 1653 787 ut
1682 770 1731 790 nos

938 800 1033 820 omnes
1049 794 1082 821 ad
1100 803 1185 822 unum
1207 796 1260 823 sibi
1278 799 1449 833 mancipem;
1477 809 1528 828 nec
1549 803 1605 830 ﬁeri
1630 812 1730 840 potest,

940 844 969 866 ut
985 841 1345 878 prohibeamusjnjuriam;
1360 853 1479 879 quonam
1500 856 1547 875 eos
1564 851 1626 884 quis
1649 854 1731 880 modo

939 885 1116 914 humaniores
1129 893 1278 922 exspeitet,
1293 895 1374 924 atque
1392 892 1425 918 ad
1450 893 1603 923 lit-dentium
1621 900 1730 932 segnio-

939 940 998 962 res;
1014 941 1079 960 num
1095 935 1259 967 accusando,
1280 936 1423 965 inferendo
1450 940 1560 972 lelluin.
1586 944 1732 978 vituperiis

939 977 1114 1012 lacessendo;
1131 987 1164 1006 au
1183 981 1264 1007 amici
1282 982 1402 1015 speciem
1421 985 1602 1017 prteie'endo.
1618 977 1732 1016 blande-

940 1032 993 1059 que
1009 1026 1177 1060 recipiendo.
1196 1034 1228 1054 ac
1252 1028 1365 1056 meliora
1391 1031 1548 1063 precando?
1573 1033 1631 1061 Hoc
1654 1037 1733 1070 equi-

940 1071 1001 1097 dem
1032 1071 1182 1098 secundum
1209 1077 1285 1107 puto.
1315 1075 1371 1102 Nec
1400 1084 1462 1103 iero
1487 1079 1626 1106 terenzlam
1652 1082 1732 1110 nobis

940 1115 1100 1143 servitutem
1125 1117 1197 1144 dico.
1215 1118 1301 1149 Absit,
1321 1119 1357 1146 ita
1373 1128 1455 1148 sensu
1473 1122 1622 1152 destitutus
1637 1127 1686 1153 sint
1701 1136 1733 1155 ac

941 1161 1066 1194 insanus,
1083 1166 1113 1189 ut
1128 1163 1202 1189 aliud
1224 1164 1365 1199 quidpiam
1383 1167 1464 1193 velim
1488 1168 1608 1197 libertati
1638 1174 1734 1206 praela-

942 1213 1010 1233 tum.
1028 1206 1081 1234 Sed
1097 1209 1161 1243 quia
1178 1209 1245 1236 nihil
1262 1218 1357 1238 eorum
1374 1221 1435 1246 qme
1456 1221 1582 1249 suspecta
1600 1218 1734 1247 habemus

942 1255 1051 1282 lirmum
1068 1261 1122 1288 est,
1137 1257 1204 1291 quin
1235 1259 1327 1292 potius
1352 1264 1523 1295 argumentis
1550 1266 1678 1293 omnibus
1702 1267 1734 1293 li-

942 1305 1019 1334 quet,
1037 1303 1131 1330 venire
1147 1304 1276 1331 omnibus
1303 1306 1383 1333 nobis
1408 1308 1476 1336 liene
1501 1309 1628 1345 allectos;
1656 1313 1736 1346 qud-

942 1355 1004 1374 nam
1022 1349 1181 1383 importuno
1202 1352 1336 1386 ejusmodi
1363 1361 1434 1387 opus
1457 1360 1541 1388 metu,
1567 1364 1628 1383 eum
1647 1366 1735 1393 neque

942 1393 963 1420 si
986 1393 1171 1436 timuerimus,
1192 1399 1280 1432 majus
1301 1399 1401 1434 aliquid
1424 1401 1456 1427 sit
1476 1401 1609 1435 futurum,
1625 1406 1735 1438 quando

943 1440 985 1466 vel
1008 1441 1071 1467 victi
1086 1450 1118 1468 ea
1136 1443 1196 1469 subi
1214 1451 1229 1470 e
1257 1452 1461 1480 cogemurquae
1488 1453 1552 1475 sunt
1581 1450 1614 1476 vi~
1627 1455 1733 1484 torum;

943 1485 985 1512 vel
1002 1489 1121 1514 victores
1137 1488 1198 1522 ipsi,
1216 1490 1292 1517 velut
1314 1491 1340 1517 in
1355 1499 1455 1526 sagcna
1483 1495 1619 1522 moenibus
1638 1499 1734 1524 arctati

103 1537 210 1572 ἔχοντες
226 1538 336 1573 βλέπειν
356 1537 460 1570 λοιπὸν,
474 1538 526 1572 τῆς
544 1538 594 1573 μὲν
614 1539 748 1574 πρότερον
769 1538 821 1564 ὑπὸ
835 1539 889 1565 τῶν

943 1533 1045 1559 sessuri
1062 1541 1167 1565 sutnus,
1194 1536 1291 1569 utjam
1314 1544 1402 1571 neque
1419 1540 1449 1565 ad
1469 1543 1567 1566 terram
1590 1549 1679 1575 neque
1700 1543 1734 1569 ad

104 1584 250 1620 βαρϐάρων
266 1585 474 1619 ἐκϐεϐλημένοι.
488 1586 538 1620 τῆς
555 1585 577 1611 δ’
593 1585 672 1611 αὐτοὶ
689 1585 738 1611 νῦν
753 1585 890 1612 ἀποστάν-

105 1639 152 1662 τες
165 1631 210 1657 διὰ
227 1630 260 1657 τά
284 1630 399 1657 ἐνύπνια
418 1631 522 1663 sai-ra;
549 1631 579 1657 Ei
596 1631 624 1657 δὲ
642 1630 799 1666 πάν6“ήμῖν
818 1640 888 1665 συγ-

101 1678 289 1713 χωρήσαντες,
308 1678 357 1704 καὶ
379 1676 445 1712 μήθ’
461 1674 499 1704 ὧν
511 1677 611 1709 αὐτοὺς
628 1677 840 1708 καλέσαντες...
855 1678 889 1704 τὰ

103 1723 278 1759 μετριώτατα
304 1722 336 1755 δὴ
362 1723 451 1750 ταῦτα
483 1723 586 1755 ἀξιοῖεν
611 1724 697 1749 αἰτεῖν
725 1724 792 1759 παρ’
812 1723 890 1759 ἡμῶν

102 1769 159 1796 τῶν
181 1769 458 1805 παρακρουσαμένων
473 1790 480 1802 ,
496 1770 683 1802 ἀπολαϐόντας
700 1769 771 1805 ἅπερ
787 1770 892 1804 ἀνηλώ-

100 1823 168 1843 κασι
180 1817 321 1851 χρήματα,
335 1815 422 1847 οὕτως
446 1815 534 1842 οῐκαδ¹
548 1815 727 1842 ἐπαναπλεῖν·
740 1815 818 1843 τοῦτο
836 1817 891 1851 γάρ

101 1862 151 1888 καὶ
179 1861 260 1896 ἡμεῖς
286 1860 319 1888 ἂν
332 1861 490 1896 αἱρεθέντες
516 1861 654 1896 διαιτηταὶ
671 1861 732 1888 καθ’
748 1861 827 1896 ἡμῶν
843 1862 892 1887 αὑ-

98 1908 155 1934 τῶν
170 1907 374 1942 ψηφισαίμεθα’
393 1906 479 1934 ποίων
502 1907 569 1942 ἡμῖν
597 1907 739 1942 μετάλλων
754 1907 889 1942 διορυχαὶ,

99 1954 171 1990 πρὸς
198 1953 247 1988 τὴν
265 1953 393 1980 ἀπόδοσιν
417 1953 520 1980 τούτων
537 1954 723 1989 ἀρκέσουσιν;
749 1954 819 1988 Ἐγὼ
842 1954 892 1988 μὲν

98 2003 168 2036 γὰρ,
190 2000 239 2026 καὶ
258 1999 294 2026 τὰ
310 1999 365 2026 τῶν
383 1998 502 2026 πολιτῶν
522 1999 637 2034 σώματα
657 1999 714 2030 τοῖς
728 1997 788 2026 οὖσι
803 2007 891 2034 προσ-

944 1585 1018 1605 mare
1047 1578 1184 1613 respicere
1211 1580 1311 1613 liccat;
1342 1582 1416 1615 prius
1436 1584 1548 1617 quidem
1567 1592 1581 1611 a
1609 1585 1735 1614 Barliaris

923 1622 988 1659 -illa
1017 1624 1212 1658 exterminati;
1251 1626 1302 1652 hoc
1334 1631 1435 1658 autem.
1465 1629 1515 1662 ipsi
1547 1637 1597 1657 nos
1624 1637 1736 1667 propter

942 1669 1078 1703 ejusmodi
1097 1671 1202 1697 somnia
1221 1680 1235 1698 n
1248 1672 1302 1699 odo
1324 1673 1496 1702 abdieamcs.
1524 1675 1572 1702 Sin
1588 1681 1678 1705 autem
1695 1679 1738 1706 iu-

941 1715 1085 1749 dulgentes
1102 1717 1204 1750 omnia,
1217 1725 1268 1745 nec
1281 1719 1353 1753 quoll
1367 1725 1626 1749 vocantcs...........
1646 1724 1736 1752 haecce

943 1769 956 1786 a
976 1761 1056 1788 nobis
1071 1766 1133 1796 post
1156 1763 1288 1791 oifensaui
1310 1765 1496 1794 modic.ssima
1513 1769 1599 1795 vvlint
1614 1770 1735 1805 exigere,

943 1813 973 1834 ut
990 1809 1108 1843 receptis
1119 1816 1188 1843 quas
1200 1810 1407 1845 insumpserunt
1423 1814 1558 1847 pecuniis,
1570 1815 1609 1842 sic
1624 1816 1733 1843 domum

942 1855 1058 1882 classem
1075 1856 1216 1883 reducant.
1234 1857 1290 1883 lloc
1311 1858 1384 1884 enim
1398 1867 1445 1886 vos
1459 1859 1510 1894 ipsi
1526 1861 1670 1888 adu-rsum
1688 1870 1736 1889 vos

943 1900 1042 1928 delecti
1055 1901 1152 1930 arbitri
1164 1903 1313 1936 sanoialis;
1330 1912 1454 1939 quaenam
1471 1906 1643 1933 metallorum
1661 1915 1736 1935 vena:

944 1947 977 1975 ad
1001 1948 1138 1982 ejusmodi
1165 1950 1245 1976 nobis
1262 1950 1427 1978 solutionem
1444 1953 1510 1980 satis
1528 1954 1648 1981 fuerint?
1664 1954 1736 1982 Sane

944 1994 1076 2024 arbitror,
1099 2003 1133 2022 ne
1150 1995 1208 2030 ipsa
1224 1997 1335 2031 quidem
1361 1998 1475 2034 adjectis
1499 1999 1676 2028 facultatibus
1699 2003 1737 2029 ci-

97 2048 212 2078 ϐἁντας,
235 2046 286 2072 οὐκ
304 2045 338 2072 ἂν
353 2043 432 2080 οἶμαι
452 2044 588 2072 λύσασθαι
603 2044 716 2076 τελείως
736 2045 786 2079 τὴν
800 2045 889 2079 είσφο-

944 2040 1018 2066 vium
1035 2047 1162 2075 corpora.
1178 2042 1244 2069 satis
1260 2043 1330 2076 fore,
1352 2048 1382 2070 ut
1399 2045 1474 2080 juste
1491 2045 1628 2081 impensas
1647 2047 1738 2074 solva-

98 2094 165 2129 pdv'
190 2093 222 2119 ᾶν
235 2093 263 2119 δὲ
278 2093 310 2128 δὴ
326 2092 375 2118 καὶ
390 2092 496 2123 πάντας
515 2091 719 2126 ὑπερϐαλέσθαι
736 2091 893 2126 μεγαλοψυ-

945 2093 1017 2113 nius.
1046 2086 1096 2114 Sin
1118 2087 1239 2122 denique
1265 2089 1412 2117 universos
1437 2091 1521 2118 animi
1550 2092 1739 2127 magnitudine

96 2140 148 2175 χίᾳ
174 2138 352 2173 θελήσαντες,
369 2137 418 2164 καὶ
443 2137 534 2163 πᾶσαν
558 2137 591 2162 ὲκ
608 2136 692 2170 μέσου
710 2135 889 2171 ποιησάμενοι

944 2139 1077 2167 superare
1092 2133 1227 2166 volentes,
1246 2135 1345 2170 suique
1367 2144 1476 2164 omnem
1502 2138 1575 2173 juris
1603 2139 1740 2166 rationem

94 2185 298 2219 δικαιολογίαν,
319 2183 416 2211 νόστου
438 2182 607 2218 μνησθῶσιν,
636 2181 695 2209 ἀνθ’
717 2182 796 2217 ἡμῶν
820 2182 893 2216 ὠφε-

945 2178 1056 2205 inissam
1070 2179 1213 2211 facientes,
1233 2181 1426 2209 revertendum
1451 2183 1616 2218 signiﬁcent,
1639 2184 1738 2212 dome-

93 2232 158 2258 λεῖν
177 2230 328 2266 ἐγνωκότες
344 2230 378 2256 τὰ
402 2227 485 2261 οίκοι,
512 2228 602 2260 οὐδεὶς
621 2228 741 2262 ἀντερεῖ,
758 2228 795 2262 μὴ
809 2227 889 2255 πάλιν

945 2225 1022 2253 sticis
1039 2232 1120 2260 quam
1147 2227 1249 2254 nostris
1277 2228 1360 2256 rebus
1386 2230 1588 2257 commodiores
1619 2230 1741 2261 futuros,

93 2277 178 2313 ἡμᾶς
197 2276 310 2312 μονονοὺ
326 2276 385 2307 ταῖς
404 2275 484 2310 χερσὶ
500 2274 554 2301 τῶν
575 2273 721 2310 βαρϐάρων
739 2274 891 2306 ἐνέξεσθαι.

94 2323 132 2351 El
161 2323 254 2349 τοίνυν
276 2321 367 2357 δεήσει
390 2320 496 2352 τούτοις
512 2320 660 2353 δουλεύειν,
681 2319 725 2346 διὰ
739 2319 765 2346 τί
785 2320 823 2353 μὴ
840 2319 894 2355 πρὸ

93 2369 209 2396 τούτων
218 2368 356 2400 ἐκείνοις
371 2366 396 2393 εί
412 2366 468 2402 γὰρ
482 2366 532 2393 οὐκ
544 2366 584 2393 ἔνι
598 2366 735 2401 δήπουθεν
751 2365 893 2401 ἐλεύθερον

94 2413 188 2450 εἶναι,
211 2413 242 2440 τό
266 2421 299 2448 γι
317 2414 373 2443 τοῖς
397 2412 531 2447 βελτίοσιν
548 2411 709 2439 ὑποκεῖσθαι
724 2413 894 2447 κουφοτέραν

93 2460 253 2496 ἀποφαίνει
265 2459 316 2495 τὴν
330 2468 362 2485 συ
367 2458 485 2494 μφοράν.

143 2507 229 2534 ’Δλλά
247 2506 400 2540 καλέσομεν
413 2504 599 2540 συμμάχουςς
621 2504 740 2540 Πότερον
755 2504 892 2535 ἀσθενεῖς,

92 2554 112 2591 ἢ
133 2553 195 2580 τῶν
214 2553 387 2587 δυναμένωνς
401 2552 432 2578 Et
446 2551 496 2586 μὲν
513 2551 560 2578 οὖν
574 2552 625 2578 οὐκ
645 2551 810 2586 ἀρκοῦντας,
831 2551 895 2581 τοὺς

91 2601 184 2636 ἡμῖν,
201 2599 240 2630 ὡς
258 2599 342 2630 ῑοικε,
367 2597 626 2633 συναπολουμένους
641 2598 797 2632 ζητήσομεν
809 2606 816 2613 ·
835 2599 857 2624 εἰ
871 2597 894 2623 δ’

90 2646 291 2683 ὶρῤωμένους,
310 2645 392 2671 πάλιν
419 2645 500 2679 ἡμεῖς
528 2644 577 2679 μὲν
606 2645 755 2677 ἀσθενεῖς,
781 2645 894 2671 ἐκείνων

89 2693 124 2720 δὲ
157 2693 177 2728 ἡ
201 2692 316 2725 δύναμις
334 2690 448 2727 φοϐερά·
466 2692 516 2717 καὶ
542 2691 624 2718 πάλιν
648 2692 675 2717 αί
705 2690 831 2724 ὑποψίαι,
849 2691 896 2717 καὶ

87 2737 147 2764 τοῦ
169 2736 259 2764 κακοῦ
278 2736 366 2770 πέρας
387 2736 476 2763 οὐδέν.
493 2735 581 2767 Ὄλως
596 2735 623 2762 δὲ
642 2735 698 2762 οὐ)
713 2735 769 2771 ὁρῶ
792 2735 818 2761 τί
835 2735 896 2761 ποθ’

87 2783 170 2817 ⁴ἡμῖν
188 2781 308 2807 συνοίσει
334 2781 364 2807 τὸ
384 2780 537 2807 κόπτεσθαι
559 2781 606 2806 καὶ
625 2781 787 2815 συμμαχίαν
802 2781 894 2815 ζητεῖν

85 2827 146 2854 ’τοῦ
165 2826 274 2856 λοιποῦ.
293 2827 318 2853 εί
333 2827 395 2858 τοὺς
413 2826 463 2861 μὲν
477 2827 604 2861 ἰσχυροὺς
616 2826 805 2861 φυλαξόμεθα,
818 2826 895 2861 παρὰ

83 2874 120 2901 δὲ
144 2873 207 2900 τῶν
228 2872 368 2900 ἀδυνάτων
384 2872 462 2900 οὐδὲν
490 2872 591 2913 ἒχομεν
617 2872 796 2907 ὠφελεῖσθαι.
816 2873 895 2905 Τίνες

945 2280 1025 2299 nemo
1045 2272 1095 2300 ibit
1122 2273 1238 2305 inficias,
1259 2274 1303 2301 vix
1326 2282 1381 2302 non
1408 2274 1592 2303 Barbarorum
1608 2285 1658 2305 nos
1681 2271 1757 2304 nia-l

944 2319 1027 2346 nibus
1045 2323 1151 2347 tantum
1167 2320 1213 2346 iri.
1230 2319 1258 2347 Si
1283 2328 1347 2356 ergo
1373 2317 1483 2349 necesse
1500 2323 1554 2349 erit
1569 2323 1609 2350 eis
1635 2325 1740 2352 manci-

944 2365 1014 2399 pari,
1031 2373 1082 2392 cur
1098 2373 1152 2392 non
1169 2366 1261 2400 potius
1279 2366 1342 2394 illis.
1362 2366 1501 2401 Siquidem
1529 2368 1602 2395 enim
1627 2367 1744 2397 libertas

945 2411 1193 2446 nequitconstare,
1209 2419 1274 2439 sane
1294 2413 1455 2440 melioribus
1479 2413 1740 2450 subjici,ilcviorcm

945 2457 1128 2484 ealamitatetn
1148 2456 1222 2484 facit.

981 2502 1016 2530 At
1031 2503 1190 2530 vocabimus
1205 2503 1311 2530 socios?
1335 2503 1405 2530 Num
1432 2505 1575 2538 invalidos,
1591 2513 1624 2532 an
1643 2513 1742 2540 poten-

947 2549 1005 2576 tes?
1020 2548 1092 2576 Sane
1107 2553 1200 2576 utens
1215 2557 1344 2577 vocemus
1358 2551 1404 2585 qui
1426 2558 1478 2578 nou
1495 2551 1562 2578 satis
1582 2551 1638 2579 sint
1661 2552 1739 2586 adju-

946 2595 1047 2627 vando,
1066 2596 1162 2630 utique
1182 2596 1324 2624 nobiscum
1344 2598 1480 2631 perituros
1496 2606 1652 2632 quaeremus
1671 2607 1676 2624 :
1694 2599 1738 2625 sin

946 2647 1039 2670 autem
1054 2642 1155 2675 l'ortesI
1172 2643 1275 2670 erimus
1301 2652 1395 2671 rursus
1410 2652 1459 2671 nos
1476 2644 1600 2677 invalidi,
1624 2653 1741 2672 eorum-

946 2697 1000 2724 que
1014 2688 1197 2717 formidabilis
1210 2689 1314 2723 virtus;
1330 2698 1479 2725 rursusque
1491 2695 1616 2726 suspecta
1632 2692 1736 2722 omnia,

946 2736 1076 2764 nectnali
1094 2736 1155 2764 ﬁnis
1179 2735 1259 2763 ullus.
1285 2736 1401 2763 Prorsus
1432 2743 1498 2763 vero
1532 2744 1585 2763 non
1614 2736 1738 2771 intelligo

947 2782 1013 2817 quid
1033 2783 1113 2810 nobis
1131 2783 1263 2818 deinceps
1280 2783 1406 2817 planctus
1423 2783 1558 2817 profuturi
1581 2783 1648 2816 sint,
1664 2786 1692 2810 ct
1708 2788 1736 2809 ut

948 2828 1039 2855 socios
1055 2835 1227 2863 quaeramus;
1246 2827 1382 2861 siquidem
1401 2833 1497 2854 «avere
1511 2826 1660 2854 habeamus
1679 2827 1738 2853 for—

948 2879 999 2906 tes,
1023 2881 1073 2902 nec
1092 2872 1229 2901 commodi
1245 2871 1348 2907 aliquid
1367 2871 1401 2899 ab
1417 2871 1543 2900 invalidis
1562 2872 1648 2900 simus
1670 2879 1745 2900 con-.
