1942 3090
209 171 261 203 9C9

847 166 1035 199 DEMETllIl
1057 167 1214 198 CYDONII

1770 167 1839 198 1000

208 227 341 254 secuturi.
369 225 485 259 Quinam
515 231 607 253 autem
624 226 706 254 etiam
734 225 897 252 voc-antibus
921 224 1001 251 nobis

1060 224 1079 250 ιι
1097 225 1145 252 καὶ
1167 224 1296 250 καλοῦσιν
1320 223 1386 258 ἡμῖν
1402 223 1618 254 ὑπακούσονται,
1641 223 1710 258 μήτε
1725 223 1841 257 μ·σϐοὒς

210 273 265 300 sint
279 279 383 299 moretn
400 271 516 306 gesturi,
533 279 595 298 cum
618 279 708 305 neque
730 271 885 298 mercedem
906 277 1003 304 exspe—

210 323 296 351 ctent,
315 318 481 352 videamque
504 318 565 345 illos
585 318 683 345 heroas
702 325 717 344 a
744 317 824 345 nobis
848 316 946 350 injuria
963 315 1004 342 af-

210 366 312 396 fectos;
335 371 414 399 quos,
431 364 452 391 si
468 364 560 390 nullus
586 363 682 390 titulus
708 364 777 390 alius
799 363 881 396 foret,
904 363 945 389 vel
969 369 1002 389 eo

210 413 322 439 nomine
337 410 410 445 quod
431 415 530 445 sponte
546 410 699 442 venientes,
717 409 898 436 immortalem
915 410 1002 436 virtu-

212 458 246 484 tis
261 458 418 485 columnam
434 456 582 488 erexerint,
599 456 691 483 colere
708 463 739 482 ac
759 456 874 482 adorare
894 460 1004 488 oporte-

212 507 264 529 ret.
291 501 430 536 Quidquid
460 501 534 528 enim
563 501 696 528 adversus
724 500 784 527 illos
808 500 1003 527 tentari-rimus

211 549 315 579 dicere,
337 547 424 575 exiis
449 554 565 581 quorum
592 554 688 574 omnes
712 546 767 573 illis
798 545 899 573 conscii
927 551 1002 577 sunt,

212 601 290 628 nugae
306 600 338 620 ac
362 593 458 619 inanes
473 592 684 619 critninationes
701 591 869 618 videbuntur
887 598 894 618 :
915 591 1002 618 omni~

212 639 317 673 husque
335 638 503 672 ﬂagellorum
524 638 646 664 omnium
666 637 705 665 rei
731 638 903 670 habebimur,
928 638 1003 665 insa-

214 685 277 717 nise,
293 684 419 711 criminis
445 683 519 716 falsi,
549 683 615 715 doli,
644 684 768 718 ignaviae,
800 683 965 719 proditionis
994 693 1001 710 :

211 731 319 765 eritque
336 737 449 757 necesse
462 729 541 764 proni
555 729 684 756 radentes
699 729 792 757 hostes
814 729 1002 757 Obsecremus.

244 777 297 810 Qui
318 784 372 804 non
391 784 456 811 ergo
472 776 672 810 turpissimum,
690 781 719 802 ut
739 784 800 803 cum
820 776 889 804 bene
906 777 1000 803 omn‘a

211 823 424 857 suscipientibus
445 823 524 849 nobis
539 822 613 848 viros
634 822 734 849 habere
760 823 878 857 possint.
903 823 936 850 iis
959 831 1002 850 rc-

212 869 313 901 missis,
336 868 414 895 malis
427 869 556 895 omnibus
571 868 705 903 implicari
729 869 855 897 malimus
870 878 877 902 ;
892 877 923 896 ac
940 877 1001 896 cum

211 913 301 948 probi,
317 913 453 948 gratique,
474 913 543 940 lucri
558 914 661 948 aliquid
687 915 824 948 possimus
849 914 948 946 facere,
965 915 1004 949 ja-

210 965 316 987 cturam
330 959 464 994 improbis
489 960 659 994 ingratisque
674 961 848 994 conjuuctam
868 961 1002 992 moribus,

211 1007 351 1034 utiliorem
368 1011 508 1041 putemus.
524 1007 693 1041 oinnitmque
711 1007 772 1034 data
789 1015 871 1042 opera
890 1013 1004 1035 conten-

211 1053 319 1085 damus,
346 1057 376 1079 ut
402 1057 464 1079 vota
488 1058 581 1080 nostra
608 1053 643 1087 ad
663 1054 770 1080 consilii
793 1053 912 1088 inopiam
930 1054 1004 1081 redi-

211 1108 327 1136 gamus;
354 1100 429 1127 velut
455 1101 601 1127 timeamus
631 1108 665 1127 ne
691 1101 826 1128 beneﬁcio
853 1101 1006 1128 nest-irntcs

213 1147 381 1180 adiciantur;
406 1147 513 1174 tametsi
535 1148 607 1174 haud
629 1148 666 1174 ita
692 1148 798 1182 [ll‘ilit‘lll
817 1155 884 1182 quos
903 1149 1005 1181 justius

211 1193 358 1220 debuimus
372 1193 474 1220 habere
492 1198 648 1227 suspectos,
668 1194 832 1221 neu-Ssitate
849 1194 1005 1228 suscepturi

212 1239 309 1265 simus.
334 1239 483 1270 Postquam
505 1239 579 1265 enim
596 1239 746 1274 imperator
766 1247 891 1266 reversus
912 1240 1004 1272 fuerit,

212 1285 317 1311 utinam
343 1292 419 1314 vero.
444 1292 460 1312 ο
486 1284 627 1317 Salvator,
653 1286 735 1312 citius
765 1285 879 1312 rharum
912 1286 1003 1312 omni-

213 1329 264 1356 bus
288 1333 369 1364 caput
392 1329 474 1356 liceat
488 1329 600 1356 videre!
618 1330 699 1364 eique
720 1330 846 1357 Paeonum
868 1330 1005 1358 exercitus

212 1381 305 1401 comes
329 1375 447 1406 venerit,
480 1382 552 1409 quos
580 1375 674 1402 multis
700 1375 885 1408 sermonibus,
913 1376 1006 1403 multis

212 1420 330 1455 opibus,
358 1421 486 1455 pluribus
516 1422 636 1455 denique
667 1422 808 1449 laboribus
838 1429 1005 1456 persuasus.

213 1466 295 1493 nobis
314 1466 439 1493 subsidio
456 1466 564 1494 futuros
579 1467 712 1498 adducit;
729 1468 932 1502 pra-missisque
947 1469 1007 1502 qui-

213 1512 353 1545 busdam,
379 1520 519 1540 reversum
551 1521 579 1540 se
610 1513 798 1545 nuntiaverit,
833 1513 1006 1548 faustumque

214 1558 351 1586 adventus
388 1559 526 1586 sociorum
559 1560 686 1586 nuntium
713 1560 912 1592 destinaverit,
940 1560 1005 1594 quid

215 1608 281 1630 tunc
303 1604 452 1631 admodum
478 1604 523 1632 isti
547 1605 648 1637 securi,
669 1613 701 1633 ac
728 1605 855 1632 timentes
879 1605 1007 1636 umbras.

214 1649 315 1676 dicturi
333 1649 410 1677 sint?
433 1649 516 1677 Plane
531 1655 561 1677 ut
576 1658 608 1677 ea
625 1652 681 1685 ipsa
698 1650 835 1685 placeant,
851 1659 911 1685 qua:
925 1651 1007 1678 modo

214 1694 336 1728 placent,
350 1694 456 1729 jussuri
472 1699 537 1722 sunt
551 1703 585 1722 ne
600 1696 710 1730 quidem
728 1696 919 1731 imperatorem
936 1696 1007 1723 intra

216 1741 317 1767 namnia
333 1741 417 1775 recipi
432 1746 572 1776 oportere.
587 1741 730 1776 Quomodo
750 1747 842 1769 autem
857 1750 911 1769 non
927 1742 1007 1777 pejus

215 1786 319 1822 aliquid
342 1787 441 1814 facturi
467 1795 583 1819 sumus,
614 1795 709 1814 eorum
737 1796 797 1822 quae
822 1788 873 1815 sub
899 1788 1007 1822 triginta

217 1833 341 1868 tyrannis
358 1833 473 1860 Athenis
492 1832 664 1864 acciderunt,
682 1837 723 1860 tot
741 1834 819 1860 nobis
834 1834 1008 1869 surgentibus

217 1878 363 1913 tyrannis?
387 1879 444 1905 Nec
471 1878 544 1904 enim
573 1878 652 1906 video
679 1883 708 1904 ut
732 1878 789 1906 haec
819 1879 892 1905 aliud
915 1879 1007 1907 vocari

217 1925 332 1958 possint,
348 1932 430 1958 quam
447 1923 594 1958 perspicua
608 1923 741 1958 tyrannis.
758 1924 901 1956 Quomodo
915 1931 1008 1952 autent

216 1970 301 1997 etiam
320 1970 421 2004 populo
443 1969 587 1999 suadeant,
605 1974 634 1996 ut
655 1977 750 1995 eorum
769 1969 836 1996 socii
859 1970 1012 1997 eliiciantur

219 2014 529 2049 improbitatis?l.ique:
549 2015 622 2041 enim
639 2014 705 2041 nihil
721 2022 781 2042 esse
795 2015 867 2049 quod
884 2023 938 2042 non
953 2017 1013 2043 uui—

219 2062 288 2088 versi
313 2060 433 2088 libentes
449 2060 548 2093 lerant,
566 2068 597 2087 ea
617 2061 704 2088 solum
729 2061 835 2088 ratione
851 2067 881 2089 ut
901 2062 1012 2090 videant

219 2112 411 2134 revertentem.
430 2105 484 2133 Sed
500 2111 527 2133 et
551 2106 645 2138 modo,
671 2106 736 2141 ipsis
753 2107 794 2134 eis
811 2107 863 2134 hoc
881 2107 1011 2142 periculis

219 2153 361 2180 molestius
403 2153 525 2186 videtur,
552 2154 625 2188 quod
649 2153 672 2181 is
701 2160 842 2187 moretur,
871 2155 906 2182 ab
933 2163 1028 2182 eorum
1045 2156 1127 2190 longe
1153 2153 1240 2182 oculis
1265 2153 1380 2188 positus.

1054 272 1271 308 προσδοκῶντες,
1290 273 1337 298 καὶ
1350 272 1414 303 τοὺς
1428 272 1521 306 ἥρωας
1533 271 1653 302 ἐκείνους
1663 270 1782 305 όρὼντες
1795 270 1840 303 ὑφ’

1052 319 1133 353 ἡμῶν
1163 318 1435 353 περιυῦρισμένους;
1455 316 1502 347 οὓς
1530 316 1579 342 καὶ
1608 315 1722 350 μηδενὸς
1744 315 1840 345 ἄλλου.

1053 365 1102 392 τοῦ
1125 366 1150 399 γ’
1168 365 1283 395 ἑκόντας
1308 363 1411 396 ἐλθεῖν,
1432 363 1532 398 στήλην
1548 363 1681 389 ἀθάνατον
1702 361 1843 396 στησαμέ-

1054 419 1127 442 νους,
1146 410 1224 436 θύειν
1241 410 1295 436 ἔδει
1313 410 1362 436 καὶ
1385 410 1561 444 προσκυνεῖν.
1573 407 1644 435 Ὀσα
1659 407 1713 443 γὰρ
1730 407 1764 433 ἂν
1782 408 1842 433 κοτ’

1053 455 1166 482 ἐκείνων
1195 455 1286 488 λέγειν
1321 454 1530 489 ἐπιχειρῶμεν,
1558 454 1576 480 ἃ
1605 453 1708 483 πάντες
1734 452 1844 483 τούτοις

1054 501 1222 531 συνίστασιν,
1241 501 1321 527 ὕθλον
1335 500 1532 532 ἀποδείξεικαὶ
1546 499 1579 526 τὺ
1599 499 1692 534 μηδὲν·
1711 499 1762 525 καὶ
1776 499 1844 524 πᾶσι

1054 548 1163 574 πάντων
1188 547 1242 574 τῶν
1272 547 1414 582 μαστίγων
1444 546 1520 577 δίκας
1543 546 1718 580 ὀφλήσομεν·
1737 545 1843 577 ἀνοίας,

1052 594 1239 629 ψευδολογίας,
1255 593 1330 620 δόλου
1345 613 1353 624 ,
1373 593 1486 626 δειλίας,
1509 592 1653 627 προδοσίας
1679 593 1727 618 καὶ
1739 591 1844 627 δεήσει,

1054 640 1167 675 πρηνεῖς
1189 639 1336 673 πεσόντας,
1355 639 1419 670 τοὺς
1440 638 1554 674 ἐχθροὺς
1569 637 1713 664 ἱκετεύειν.

1090 772 1153 802 Πιῖις
1173 770 1220 798 οὖν
1244 771 1294 798 οὐκ
1310 771 1463 805 αἴσχιστον,
1479 769 1538 803 tam
1556 768 1644 795 πάντα
1667 767 1758 799 καλῶς
1773 767 1847 802 ξχῖιν

1054 819 1120 852 ἡμῖν
1145 818 1307 851 δεξαμένοις
1335 818 1400 848 τοὺς
1428 816 1539 850 ἄνδρας,
1558 815 1666 841 ἑλέσθαι
1684 815 1769 840 trina
1790 813 1845 839 ὲνέ-

1055 865 1151 900 χεσθαι
1173 865 1230 895 τοῖς
1251 865 1347 894 κακοῖς
1369 861 1624 896 ἀποπεμψαμένους
1636 881 1643 892 ,
1660 861 1709 887 καὶ
1727 860 1842 894 δυναμέ-

1057 919 1118 942 νους
1137 910 1195 945 μετ’
1210 909 1422 944 εὐγνωμοσύνης
1447 907 1614 942 κερδαίνειν,
1633 907 1682 941 τὴν
1699 906 1761 941 μετ’
1776 907 1844 940 ἀχα-

1057 958 1162 993 ριστίας
1181 957 1284 992 ζημίαν
1311 955 1538 990 λυσιτελεστέραν
1552 953 1690 989 ήδιείσθαν
1709 953 1759 979 καὶ
1776 953 1843 983 ὅλως

1056 1005 1221 1038 φιλονεικεῖν
1238 1003 1398 1037 ἐξεπίτηδες
1413 1003 1488 1033 ὅπως
1506 1002 1546 1032 είς
1577 1000 1680 1034 ἄπορον
1707 998 1846 1034 τρέψομεν

1055 1051 1105 1081 τὰς
1123 1049 1263 1085 ἡμετέρας
1282 1049 1386 1083 εὑχάς;
1404 1047 1500 1083 ὥσπερ
1514 1046 1666 1077 δεδοικότες
1690 1044 1728 1079 μὴ
1750 1045 1845 1070 λάθω-

1059 1104 1109 1130 μεν
1125 1093 1154 1121 εὖ
1177 1095 1312 1126 παθόντες
1325 1102 1333 1110 ο
1355 1094 1445 1120 καίτοι
1463 1094 1532 1127 μετά
1555 1092 1653 1126 μικρὸν
1671 1091 1734 1121 τοὺς
1745 1090 1846 1116 δικαιό-

1056 1149 1134 1175 τερον
1151 1141 1183 1167 ἂν
1197 1139 1422 1170 ὑποπτευθέντας
1443 1139 1568 1172 ἀνάγκην
1581 1137 1689 1172 ἔχοντες
1703 1136 1844 1169 δέξασθαι.

1058 1186 1141 1212 ὐῡεν
1163 1185 1218 1220 γὰρ
1243 1187 1257 1211 ο
1286 1185 1336 1220 μὲν
1363 1184 1490 1219 βασιλεὺς
1510 1183 1661 1218 ἐπανέλθῃ,
1677 1183 1727 1208 καὶ
1741 1182 1846 1216 γένοιτο

1057 1232 1165 1262 θᾶττον,
1179 1228 1201 1258 ὧ
1218 1231 1322 1266 Σῶτερ,
1347 1231 1398 1266 τὴν
1426 1231 1493 1256 πᾶσι
1516 1229 1596 1263 φίλην
1613 1228 1677 1254 ίδεῖν
1700 1227 1823 1262 κεφαλήν
1836 1234 1844 1242 ·

1056 1279 1156 1312 ἕπηται
1179 1276 1202 1304 δ’
1219 1277 1295 1312 αὐτῷ
1321 1277 1436 1311 στρατὸς
1456 1275 1591 1304 Παιόνων.
1611 1274 1658 1306 οὓς
1673 1275 1780 1305 πολλοῖς
1795 1276 1846 1309 μὲν

1057 1326 1166 1358 λόγοις,
1193 1323 1300 1355 πολλοῖς
1329 1324 1357 1350 δὲ
1384 1324 1533 1358 χρήμασι,
1563 1322 1670 1348 πλείοσι
1697 1321 1726 1348 δὲ
1754 1322 1846 1352 πόνοις

1057 1372 1130 1402 ἄγων
1141 1368 1209 1406 ἦκεν
1229 1370 1300 1404 ὑπὲρ
1315 1369 1403 1405 ἡμῶν
1425 1369 1471 1395 καί
1501 1377 1577 1397 τινας
1594 1367 1773 1402 προπέμψας,
1792 1368 1846 1403 μή-

1057 1417 1108 1452 νύῃ
1127 1418 1175 1451 μὲν
1191 1417 1241 1451 τὴν
1257 1416 1399 1447 ἐπάνοδον,
1418 1415 1628 1449 εὖαγγελίξηται
1641 1414 1668 1440 δὲ
1684 1416 1847 1449 συμμαχους

1057 1465 1135 1499 ἥκειν
1152 1463 1223 1498 ὑπὲρ
1244 1463 1334 1498 ἡμῶν*
1350 1462 1375 1489 τί
1398 1462 1458 1488 τότ’
1471 1461 1581 1496 ἐροῦσιν
1597 1463 1620 1487 οἱ
1636 1461 1698 1487 λίαν
1713 1461 1846 1496 ἀσφαλεῖς

1057 1509 1141 1541 οὗτοι,
1158 1510 1207 1536 καὶ
1225 1509 1274 1540 τὰς
1289 1508 1369 1539 σκιὰς
1386 1508 1555 1538 δεδοικότες;
1572 1507 1603 1535 Εἰ
1624 1507 1674 1541 μὲν
1694 1507 1748 1541 γὰρ
1761 1506 1779 1533 ἃ
1799 1507 1846 1534 νῦν

1059 1558 1107 1584 καὶ
1125 1556 1187 1582 τότε
1207 1555 1312 1585 τούτοις
1331 1554 1457 1588 ἀρέσκοι,
1478 1553 1654 1580 κελεύσουσιν
1671 1553 1737 1579 είσω
1750 1553 1848 1587 τειχῶν

1061 1605 1098 1639 μὴ
1119 1602 1244 1638 δέχεσθαι
1267 1602 1314 1628 τὸν
1340 1602 1464 1636 βασιλέα.
1488 1602 1543 1628 Καὶ
1558 1601 1618 1633 πῶς
1633 1601 1664 1627 οὐ
1680 1602 1773 1635 χεῖρον
1795 1601 1848 1627 τῶν

1062 1650 1109 1676 ἐπὶ
1125 1649 1273 1684 τριάκοντα
1289 1648 1454 1682 συμσὰντων
1467 1647 1599 1684 Ἀθήνῃσι
1616 1647 1768 1681 πράξομεν,
1784 1655 1848 1673 τοσ-

1059 1696 1146 1722 ούτων
1182 1696 1248 1730 ἡμῖν
1279 1694 1456 1729 ἀναφυέντων
1480 1694 1639 1728 τυράννων;
1659 1693 1691 1719 Τί
1710 1701 1778 1719 ποτε
1796 1693 1850 1727 γὰρ

1059 1742 1153 1776 ἕτερον
1176 1741 1193 1776 ἢ
1219 1741 1366 1776 τυραννίδα
1393 1741 1465 1774 σαφῆ
1487 1742 1541 1775 χρὴ
1564 1739 1652 1766 ταῦτα
1673 1739 1780 1772 καλεῖν,
1798 1739 1851 1772 ἐγώ

1060 1798 1092 1822 γε
1105 1789 1153 1823 οὐχ
1171 1787 1237 1823 όρῷ.
1255 1788 1318 1819 Πῶς
1339 1787 1368 1813 δὲ
1389 1788 1436 1813 καὶ
1461 1787 1506 1813 τὸν
1521 1786 1608 1820 δῆμον
1628 1787 1756 1812 πείσουσι
1773 1784 1853 1820 μετέ-

1062 1845 1119 1871 χειν
1137 1835 1228 1865 αῦτοῖς
1241 1834 1291 1868 τῆς
1304 1834 1518 1868 ἀγνωμοσύνης
1542 1833 1623 1867 δῆλον
1641 1833 1695 1868 γὰρ
1711 1834 1751 1862 dt:
1767 1835 1848 1863 πάντ’

1062 1881 1094 1908 ἂν
1117 1880 1237 1910 ἅπαντες
1259 1879 1372 1906 πάθοιεν
1390 1879 1460 1913 ὑπὲρ
1483 1878 1530 1905 τοῦ
1555 1879 1637 1912 μόνον
1654 1879 1720 1905 ἰδεῖν
1745 1881 1852 1915 ἐπα-ιη-

1063 1935 1157 1953 κοντα.
1188 1926 1244 1952 Καὶ
1273 1926 1304 1951 τό
1330 1933 1362 1958 γε
1387 1924 1444 1956 νῦν,
1468 1925 1515 1951 καὶ
1537 1925 1627 1951 αὐτῶν
1650 1925 1703 1951 τῶν
1721 1927 1854 1954 κινδύνων

1061 1972 1156 1998 δοκοῦν
1175 1971 1267 2002 αὐτοῖς
1282 1970 1496 2004 ἐπαχθέστερον.
1511 1969 1586 1996 τοῦτ’
1599 1970 1683 1996 ἐστίν·
1696 1971 1738 1997 ὅτι
1757 1973 1852 2007 πόρζω

1043 2024 1046 2027 λ
1061 2017 1115 2042 τῶν
1133 2015 1282 2050 ὀφθαλμῶν
1297 2015 1386 2041 αὐτῶν
1401 2014 1546 2050 διατρίϐει.
1559 2014 1690 2042 Γενέσθαι
1705 2018 1760 2051 γὰρ
1777 2018 1852 2043 ἀντι-

1062 2063 1208 2097 φάρμακον
1231 2061 1287 2092 τοῖς
1311 2059 1431 2095 παροῦσι
1455 2061 1551 2092 κακοῖς
1572 2062 1623 2095 τὴν
1646 2062 1752 2088 ἐκείνου
1769 2070 1853 2088 πεπι-

1062 2107 1194 2135 στεύκασι
1215 2106 1380 2141 παρουσίαν.

1424 2153 1531 2188 Quippe
1553 2161 1715 2189 persuasum
1739 2154 1852 2188 habent,

218 2199 277 2226 fore
301 2203 330 2226 ut
351 2199 531 2234 praesentibus
550 2201 628 2228 malis
649 2201 707 2236 ejus
732 2201 876 2235 praesentia
898 2201 1049 2228 remedium
1063 2201 1108 2228 sit.

255 2245 294 2271 Ad
318 2245 377 2272 bace
397 2250 507 2279 autem,
533 2254 714 2282 quorumram
741 2247 887 2274 criminum
914 2255 1009 2278 reum.
1028 2251 1050 2278 ι)

219 2290 313 2324 grandi
338 2291 407 2318 adeo
431 2299 512 2326 pinna
533 2293 670 2327 punienti
691 2293 769 2326 Quod
795 2293 884 2320 media
908 2293 1009 2326 hieme,

220 2337 342 2363 olunium
356 2345 419 2372 spes
434 2338 562 2366 vincente
583 2343 682 2366 conatu
700 2339 726 2366 in
742 2339 857 2366 Pontum
877 2339 987 2366 solverit
1001 2347 1010 2371 ς

221 2380 321 2407 Istrum
350 2382 384 2408 ab
409 2387 525 2417 utraque
548 2383 606 2418 ripa
632 2383 811 2418 navigaverit,
830 2392 883 2410 non
906 2390 935 2411 ιιι
949 2384 1011 2411 navi

220 2426 347 2461 superior
371 2427 501 2460 ferretur,
518 2427 565 2455 sed
586 2428 661 2456 velut
683 2429 798 2456 latentes
810 2429 941 2464 quasdam
961 2429 1011 2456 sub

220 2473 299 2508 aquis
315 2478 417 2508 petras,
432 2475 472 2500 sic
486 2482 547 2501 oras
561 2474 682 2502 [luminis
699 2475 812 2510 legeret.
827 2475 908 2502 Vertit
920 2480 1011 2503 autem

219 2526 282 2545 cum
298 2519 394 2553 paucis
406 2527 494 2553 eoque
510 2520 654 2554 comitatu,
667 2526 707 2552 ut,
723 2529 774 2548 nec
786 2522 854 2548 satis
867 2521 899 2548 ad
914 2529 1013 2549 mensa:

220 2565 388 2593 instruendae
407 2566 592 2594 ministerium
619 2567 720 2595 habere
746 2568 928 2596 viderentur:
955 2569 1014 2596 bel-

220 2611 280 2638 luas
306 2612 393 2647 magis
416 2620 499 2647 quam
530 2613 657 2640 homines
683 2618 838 2649 rogaturus,
870 2616 1014 2651 nostrique

221 2665 304 2685 causa
321 2666 454 2686 suasurus
471 2666 546 2686 arma
560 2658 712 2694 corripere,
732 2667 763 2686 ac
779 2660 854 2687 adire
870 2661 990 2694 pericula
1005 2669 1014 2692 ;

220 2704 350 2730 nimirum
372 2704 481 2731 alienos
497 2704 623 2732 homines
639 2712 688 2739 pro
710 2711 801 2733 nostra
822 2706 945 2740 ipsorum
970 2715 1015 2734 sa-

220 2750 286 2777 lute.
308 2751 390 2786 quue
405 2751 474 2778 adeo
496 2757 527 2778 ut
549 2759 706 2787 quanquam
724 2760 778 2779 non
805 2752 944 2786 dominus,
966 2755 1015 2782 sed

221 2797 309 2824 malus
335 2797 446 2832 quidam
470 2805 503 2825 ac
527 2798 614 2825 hostis
637 2798 714 2832 prius
739 2799 885 2830 exsistens,
912 2804 1016 2828 mutato

222 2843 323 2870 deinde
349 2843 477 2874 consilio.
507 2843 593 2870 nostri
622 2851 705 2870 causa
735 2848 810 2871 tanta
835 2844 1016 2880 designasset,

221 2890 348 2916 coronari
373 2894 523 2925 oporteret,
547 2889 732 2925 oninibusque
757 2894 813 2917 tum
830 2890 936 2923 vivunt,
959 2896 1015 2918 tum

1100 2248 1183 2274 ’Δνευ
1200 2245 1228 2272 δὲ
1246 2245 1349 2272 τούτων
1369 2245 1417 2271 καὶ
1432 2244 1515 2270 τίνων
1532 2244 1742 2279 ἁμαρτημάτων
1757 2246 1854 2272 τοσαύ-

1061 2301 1112 2326 την
1139 2290 1221 2317 αὑτὸν
1246 2290 1431 2323 ἀπαιτήσουσι
1454 2288 1551 2322 δίκηνς
1568 2288 1629 2315 Ὅτι
1653 2289 1790 2323 χειμῶνος
1810 2299 1856 2324 με-

1063 2337 1172 2368 σοῦντος
1202 2335 1325 2370 ὑπερϐὰς
1355 2335 1404 2365 τὰς
1427 2334 1556 2360 ἁπάντων
1586 2334 1717 2366 ἐλπίδας,
1736 2335 1855 2370 ἀνήγετο

1064 2385 1113 2418 μὲν
1132 2384 1173 2416 εἰς
1190 2382 1238 2408 τὸν
1255 2382 1366 2408 Πόντον·
1382 2382 1494 2408 ἀνέπλει
1513 2381 1542 2408 δὲ
1564 2381 1610 2408 τὸν
1627 2381 1746 2415 Ἴστρον,
1759 2383 1856 2408 ἑκατέ-

1064 2431 1152 2464 ρωθεν
1166 2429 1215 2463 οὺχ
1236 2428 1411 2462 ὑπερπλέων,
1428 2427 1496 2454 ἀλλὰ
1518 2428 1686 2462 παραπλέων
1700 2428 1798 2464 ὥσπερ
1813 2437 1855 2454 τι-

1063 2476 1112 2507 νὰς
1137 2475 1256 2509 ὑφάλους
1272 2475 1321 2506 τὰς
1340 2474 1434 2508 ὄχθας.
1449 2471 1520 2500 Ἦκε
1547 2474 1575 2500 δὲ
1599 2473 1658 2508 μετ’
1674 2473 1787 2508 ὀλίγων,
1809 2475 1856 2500 καὶ

1062 2521 1087 2548 οἳ
1121 2521 1182 2556 μηδ’
1213 2521 1246 2547 ἂν
1275 2520 1429 2546 δειπνοῦντι
1457 2519 1632 2554 παρεστῶτες
1661 2520 1759 2554 ἀρκεῖν
1789 2520 1855 2554 πρὶς

1064 2567 1204 2594 διακονίαν
1217 2567 1339 2599 ἐδόκουν,
1356 2566 1460 2601 θηρίων
1488 2565 1589 2600 μᾶλλον
1612 2567 1790 2601 δεησόμενος,
1807 2567 1856 2593 οὐκ

1064 2613 1228 2648 ἀνθρώπων·
1246 2613 1295 2639 καὶ
1307 2612 1409 2638 πείσων
1425 2612 1497 2647 ὑπὲρ
1512 2611 1591 2646 ήμῶν
1606 2611 1729 2646 ἁρπάσαι
1740 2613 1776 2638 τὰ
1786 2613 1856 2639 ὅπλα

1067 2660 1115 2686 καὶ
1130 2659 1310 2691 κινδυνεύειν,
1327 2659 1488 2694 ἀλλοτρίους
1503 2658 1595 2690 ὄντας,
1613 2657 1684 2692 ὑπερ
1705 2657 1758 2693 τῆς
1779 2659 1857 2692 ἡμῶν

1066 2706 1246 2741 ὲλεῡθερίαςς
1263 2706 1398 2732 Τοσοῦτον
1414 2705 1464 2740 μὲν
1477 2702 1534 2737 οὖν,
1553 2705 1578 2730 εί
1600 2705 1648 2731 καὶ
1666 2705 1704 2739 μὴ
1721 2704 1857 2738 δεσπότης

1068 2753 1218 2788 ἐτύγχανεν
1234 2753 1284 2784 ὢν,
1301 2754 1419 2787 πονηρὸς
1442 2751 1472 2778 δέ
1496 2760 1540 2783 τις
1563 2751 1698 2786 πρότερον
1715 2751 1762 2777 καὶ¹
1780 2750 1859 2777 πολέ-

1070 2808 1140 2834 μιος.
1157 2798 1223 2825 Εἶτα
1248 2799 1409 2833 μεταϐαλὼν
1426 2796 1558 2828 τοιούτοις
1574 2797 1672 2823 ἑαυτὸν
1690 2796 1762 2830 ὑπὲρ
1779 2795 1860 2830 ήμῶν

1068 2845 1195 2878 ἐξεδίδου,
1213 2843 1364 2879 στεφανοῦν
1378 2844 1473 2879 ἐχρῆν,
1490 2843 1538 2869 καὶ
1559 2843 1670 2869 πάντων
1684 2842 1761 2876 αὑτῷ
1776 2850 1860 2876 μετα-

1069 2891 1170 2918 διδόναι
1185 2891 1275 2925 γερών
1289 2911 1296 2923 ,
1312 2891 1359 2917 καὶ
1376 2890 1456 2922 ζῶντι
1480 2890 1528 2916 κα)¹
1549 2888 1756 2924 τελευτήσαντι.
1779 2887 1811 2914 El
1827 2888 1854 2913 δὲ
