1942 3090
178 106 243 138 11ῒοῖ

630 107 772 140 ORATIO
790 108 868 138 PRO
886 107 1066 138 SUBSlDlO
1088 105 1328 139 LATINURUM.

1720 112 1792 145 1002

177 164 224 189 καὶ
241 163 312 189 τοῦτ’
336 163 374 190 ὢν
402 165 432 189 τ),
458 164 588 198 μέγιστον
614 165 662 191 καὶ
684 164 832 195 θειότατον,
851 165 898 191 καὶ
910 172 958 190 πα-

1013 163 1170 191 del'unctum
1191 164 1311 198 prmmiis
1332 163 1475 192 honorare.
1501 165 1549 193 Sin
1571 172 1674 200 autem,
1691 175 1753 196 cum
1766 173 1796 197 et

177 211 264 243 τρᾶιον
283 211 352 244 ἔχων
372 210 474 244 σχῆμα,
491 209 578 236 ἔπειθ’
595 210 664 244 ὑπὲρ
676 210 756 244 ἡμῶν
772 209 878 236 δεῖσθαι
895 209 960 240 τοὺς

178 255 333 289 βιρϐἀρους
366 256 415 281 οὐκ
442 254 535 281 ὤκνει·
561 255 656 281 τούτου
676 255 741 289 γὰρ,
756 255 851 281 τούτου
880 254 960 289 μόνον

178 302 232 328 οὐδ’
248 301 280 328 ἂν
299 301 392 335 ἕτερον
408 301 611 336 ἐπαχθέστερον
632 300 714 328 πάθοι
738 300 807 335 ἀνὴρ
822 300 959 331 τοσούτοις

178 347 282 377 εἰωθὼς
297 347 461 373 ἐπιτάττειν·
480 347 538 377 πῶς
558 347 589 373 οὐ
609 345 836 381 παρελευσόμεθα
850 346 898 371 καὶ
911 345 960 379 τὴν

177 394 231 419 τῶν
260 393 405 427 βαρϐάρων
430 392 573 426 ὡμότητα,
591 393 615 418 εἰ
641 391 763 426 βελτίους
785 393 814 417 ἐν
845 391 960 422 ἐκείνοις

178 440 258 474 ἔσχεν
271 439 392 469 ἐλπίδας.
409 437 447 465 ὧν
469 439 549 472 ἡμεῖς
564 437 753 471 ἐπιδειξόμεθα
769 437 850 469 τότες
877 436 961 462 Ἐκει·

177 492 239 514 νους
255 483 303 518 μὲν
316 482 371 517 γὰρ
393 483 486 516 φίλους
501 482 572 514 ἕξειν
591 482 725 515 ἐνόμισεν,
740 481 810 507 ὥστε
827 482 876 508 καὶ
892 489 961 514 συμ-

179 529 278 563 μαχεῖν
295 536 301 543 ·
320 528 388 562 ἡμῖν
409 527 436 553 δὲ
460 527 549 560 δεινήν
565 535 624 553 τινα
641 527 690 558 τὴν
706 525 805 561 ἔχθραν
820 526 854 552 τὰ
875 534 960 559 πρατ-
980 534 983 537 ”

177 574 279 608 τὸμενα
307 573 488 608 μαρτυρήσει.
520 573 552 600 ΕΞ
585 572 607 598 δ’
633 571 742 602 ἀσεϐεῖς
770 572 818 598 καὶ
846 571 960 605 μιαροὺς

178 620 348 654 ἡγησάμενοι
365 620 429 651 τοὺς
452 619 513 645 τότε
535 617 614 644 ταῦτ’
632 617 665 644 ἂν
684 617 874 652 τολμήσοντας
891 625 960 650 συμ-

178 665 326 697 ϐουλεύειν,
350 665 409 699 μετ’
433 663 571 698 εὐφημίας
594 664 642 689 καὶ
667 662 782 696 κρότων,
812 661 904 697 ὥσπερ
922 661 960 688 δὶ-

178 720 265 744 καιον,
282 711 456 746 ἐπανήκοντα
475 710 521 737 τὸν
542 709 653 744 βασιλέα
669 709 826 743 δεχοίμῖθα,
845 708 960 743 πότερον

170 759 226 784 ’καὶ
248 757 311 788 τοὺς
328 756 490 792 συμμάχους
514 755 697 782 συνεισελθεῖν
721 754 796 790 αὐτῷ
817 755 959 789 ιεῑυγχωρή⁴

179 810 278 837 οομενν
299 802 316 837 ἢ
347 803 416 837 πρὸς
438 802 488 835 μὲν
511 802 615 827 ἐκεῖνον
642 799 958 836 φιλανθρωπευσομεθα,

179 849 292 875 ἐκείνων
311 849 338 874 δὲ
361 849 392 874 τὸ
412 848 503 878 πεδίον
518 847 605 877 ἔσται,
622 847 669 873 καὶ
684 846 700 880 ἡ
716 847 896 880 ταλαιπωρία,
910 844 959 870 καὶ

178 894 313 928 στήσομεν
338 895 400 924 τοὺς
426 894 567 928 εἴρξοντας
593 892 693 922 αὐτοὺς
717 891 771 917 τῶν
796 891 906 920 πυλῶνι
927 890 958 916 Εἰ

179 939 229 973 μὲν
251 938 305 973 γὰρ
326 939 390 972 πρὶν
408 938 495 964 ἐλθεῖν
518 937 708 972 ὁμονοοῦντας,
724 936 841 963 ἐνταῦθα
861 936 958 969 ἀφικο-

179 985 277 1019 μένους
305 984 404 1014 αὐτοὺς
429 983 625 1018 διαιρήσομεν·
647 983 695 1008 καὶ
731 982 744 1008 ὁ
766 981 815 1016 μὲν
846 981 875 1007 ἐν
900 982 957 1012 τοῖς

178 1028 302 1054 εἰωθόσιν
329 1028 366 1058 ὡς
384 1027 517 1062 ἡμέτερος
534 1027 610 1053 ἔσται
625 1047 632 1059 ,
654 1027 717 1057 τοὺς
743 1027 765 1053 δ’
786 1027 824 1058 ὡς
842 1025 957 1061 ἐχθροὺς

178 1073 355 1109 ὑποψόμεοα,
379 1074 425 1100 καὶ
445 1073 513 1107 μήτε
538 1072 649 1107 στέγης,
679 1073 748 1107 μήτε
775 1072 830 1098 τῶν
856 1073 888 1098 ἐκ
909 1072 960 1106 τῆς

178 1120 281 1154 ἀγορᾶς
298 1119 389 1150 αὐτοῖς
410 1117 605 1153 μεταδώσομεν
620 1126 627 1132 ·
657 1118 707 1144 οὐκ
729 1116 786 1143 οἶδα
801 1117 881 1143 τίκων
905 1125 960 1143 τοι-

178 1164 264 1198 αὑτης
293 1164 437 1199 ἀρξάντων
473 1162 693 1198 ἀπανθρωπίας,
731 1162 854 1193 ἐκείνους
885 1162 959 1197 ἡμᾶς

179 1209 277 1243 ζηλοῦν
300 1209 424 1244 δόξομεν.
444 1207 552 1234 Ἔπειτ*
580 1208 635 1234 οὐδ’
655 1209 669 1235 ὁ
686 1207 872 1243 βασι).εἰ›ς,ἢν
893 1208 959 1241 ἐφυ-

178 1255 287 1287 λάξαντ’
304 1255 338 1282 ἂν
356 1255 457 1286 πάντες
485 1254 709 1289 εὐγνωμοσύνην,
736 1253 840 1288 ταύτην
870 1252 960 1287 ἐαυτῷ

178 1302 330 1335 προσήκειν
355 1301 510 1336 ἡγήσεται·
539 1300 586 1326 καὶ
600 1299 648 1331 οὓς
665 1299 840 1334 θαυμασταῖς
855 1298 962 1324 ἐλπίσιν

179 1347 284 1382 ἐπάρας
303 1346 376 1381 δεῦρ’
401 1346 500 1381 ἦγαγε,
532 1346 643 1377 τούτους
672 1345 801 1380 ἐξαίφνης
821 1345 963 1371 ἀπολιπεῖν

181 1393 323 1427 μονονουχὶ
346 1393 414 1418 πᾶσι
432 1392 613 1427 κηρύξοντας,
638 1390 676 1423 ὡς
703 1392 737 1417 τά
759 1390 806 1417 τοῦ
829 1390 963 1425 βασιλέως

179 1438 255 1464 οὐδὲν
269 1438 313 1473 ἄρ’
325 1436 369 1473 ἦν,
384 1438 453 1473 πλὴν
469 1438 573 1472 ἀπάτη.

1011 208 1159 234 maximum
1190 208 1256 234 illud
1283 215 1314 235 ac
1342 209 1542 237 divinissimum
1569 217 1651 243 esset.
1677 212 1794 248 jureque

1010 258 1123 288 paterno
1135 254 1278 288 imperium
1295 259 1410 285 teneret,
1426 256 1511 282 nostri
1526 257 1697 289 postmodum
1712 265 1793 285 causa

1011 307 1045 326 ne
1058 293 1192 326 Barbaros
1218 299 1328 334 qu‘dem
1349 300 1442 327 renuit
1465 301 1630 335 obsecrare;
1657 311 1717 330 nam
1741 303 1794 330 hac

1011 343 1067 378 ipsa
1094 351 1134 375 re.
1160 343 1229 370 nihil
1256 344 1403 378 quidquam
1433 345 1573 372 molestius
1591 347 1707 378 accidat,
1735 347 1794 375 viro

1012 394 1066 416 tam
1088 389 1182 417 multis
1201 389 1280 416 solito
1302 389 1455 424 imperare:
1479 392 1616 425 quomodo
1631 393 1722 427 itaque
1736 400 1792 420 non

1011 435 1096 469 ipsam
1114 435 1295 462 Barbarorum
1310 443 1404 462 sumus
1418 437 1572 470 superaturi
1589 437 1792 468 crudelitatem.

1011 480 1145 514 siquidem
1163 481 1275 508 meliora
1299 481 1343 509 ille
1358 482 1392 509 de
1408 482 1461 509 illis
1485 484 1617 517 speravit.
1643 491 1724 518 quam
1741 483 1793 518 ipsi

1012 530 1076 552 tunc
1098 526 1183 552 simus
1205 525 1366 553 exhibituri.
1395 527 1503 554 Putavit
1526 528 1635 562 quidem
1665 529 1705 556 sic
1732 529 1794 556 illos

1010 571 1113 598 amicos
1139 571 1208 602 fore,
1226 576 1256 598 ut
1280 576 1308 599 et
1333 572 1397 600 belli
1420 573 1578 600 socii-tatem
1606 574 1725 607 inirent;
1743 582 1794 602 nos

1011 623 1077 643 vero
1091 616 1126 643 iis
1141 623 1203 650 quae
1217 617 1431 652 designabimus,
1448 625 1528 652 grave
1547 619 1683 653 quoddam
1698 620 1793 647 odium

1011 662 1143 696 prodiluri
1159 670 1265 690 sumus.
1280 663 1327 690 Sin
1342 671 1408 690 vero
1421 664 1520 698 impios
1537 672 1569 692 ac
1584 665 1731 693 sceleratos
1746 674 1793 693 eos

1010 709 1149 741 arbitrari,
1170 709 1216 742 qui
1247 713 1312 736 tunc
1333 709 1467 744 ejusmodi
1490 710 1593 744 aliquid
1617 711 1718 738 fuerint
1734 712 1794 739 ausi

1010 753 1165 786 consulem,
1193 753 1321 782 laudibus
1345 762 1377 781 ac
1401 754 1509 790 plausu.
1526 756 1565 783 uti
1589 756 1670 791 plane
1693 757 1793 784 merito

1012 798 1100 829 decet.
1115 803 1296 826 revertentem
1313 799 1504 834 imperatorem
1520 808 1614 828 sumus
1627 803 1792 837 suscepturi.

1012 851 1102 871 nonne
1117 848 1145 871 et
1168 844 1258 871 socios
1279 852 1331 871 una
1348 853 1408 871 cum
1427 852 1460 872 eo
1483 845 1589 880 ingredi
1615 847 1709 874 urbem
1729 855 1794 881 per-

1012 889 1170 922 mittemus;
1189 897 1222 916 an
1244 890 1336 924 potius
1351 891 1518 918 humanitate
1531 891 1558 918 in
1574 899 1636 919 eum
1653 894 1704 925 usi,
1719 900 1793 920 cam-

1011 942 1073 969 pum
1086 935 1140 962 illis
1152 942 1183 962 ac
1196 935 1331 963 miseriam
1347 936 1544 970 relinquemus,
1559 937 1793 974 praeficiemusque

1011 980 1058 1014 qui
1081 985 1174 1014 portas
1197 980 1230 1007 ad
1253 988 1299 1008 eos
1323 981 1455 1009 arcendos
1474 983 1650 1011 custodiant?
1669 983 1747 1016 Quod
1768 985 1792 1012 sl

1011 1025 1161 1052 concordes
1184 1025 1244 1052 illos
1265 1026 1423 1061 priusquam
1445 1027 1645 1062 ingrediantur,
1667 1029 1713 1056 ubi
1736 1029 1791 1064 jam

1010 1073 1145 1102 venerint.
1156 1071 1344 1099 diseernamus
1355 1093 1363 1105 ,
1377 1079 1409 1099 ac
1419 1072 1477 1107 ipse
1489 1073 1599 1108 quidem
1613 1074 1687 1102 velut
1699 1079 1791 1102 noster

1010 1124 1042 1144 ac
1061 1117 1240 1150 domesticus,
1270 1123 1418 1146 consuetos
1448 1119 1548 1147 habeat
1573 1120 1707 1152 honores;
1732 1121 1794 1148 illas

1010 1166 1100 1191 autem
1124 1170 1175 1189 ceu
1208 1162 1311 1195 hostes,
1337 1168 1480 1198 suspectos
1499 1164 1665 1197 habeamus,
1690 1172 1793 1201 eosque

1010 1214 1099 1241 neque
1125 1211 1207 1238 tecto,
1241 1214 1330 1242 neque
1357 1207 1418 1235 foro
1446 1207 1589 1236 donandos
1616 1209 1793 1241 arbitremur.

1011 1251 1082 1278 haud
1109 1251 1189 1286 plane
1211 1251 1287 1284 novi,
1315 1252 1381 1287 quid
1404 1252 1466 1280 illos
1489 1253 1516 1280 in
1535 1254 1613 1281 nobis
1636 1254 1794 1282 laudaturos

1010 1302 1148 1332 putemus,
1172 1297 1219 1332 qui
1236 1297 1270 1325 ab
1287 1297 1456 1326 immanitate
1479 1299 1614 1334 ejusmodi
1642 1300 1791 1328 ordiamur.

1011 1343 1145 1370 Praeterea
1162 1350 1196 1370 ne
1223 1343 1279 1378 ipse
1299 1343 1410 1378 quidem
1428 1344 1588 1379 imperator.
1605 1353 1685 1380 quam
1698 1353 1794 1374 omnes

1010 1388 1183 1416 servaverint
1199 1389 1427 1420 benevolentiam.
1446 1390 1496 1417 sibi
1508 1398 1655 1426 congruam
1671 1392 1793 1426 putabit;

1013 1439 1098 1469 utque
1110 1442 1157 1462 eos
1168 1442 1238 1470 quos
1251 1435 1403 1470 magnificis
1420 1436 1658 1464 sollicitationibus
1672 1438 1698 1464 in
1716 1445 1792 1474 spem

179 1485 298 1520 erigens,
320 1485 375 1513 huc
396 1485 516 1517 duterit.
535 1485 626 1513 statim
641 1485 824 1520 derelinquat,
844 1483 888 1510 vix
920 1489 974 1510 non
994 1482 1096 1517 ubique
1114 1483 1235 1517 gentium
1254 1481 1461 1517 przedicaturos,
1493 1482 1663 1517 imperatoris
1683 1491 1793 1511 omnem

179 1531 400 1565 negotiationem.
417 1530 520 1558 fraudis
535 1531 641 1558 larvam
658 1530 752 1557 fuisse.

214 1581 268 1607 Καὶ
288 1580 342 1616 μὴν
359 1579 414 1607 οὐδ’
437 1576 474 1606 ὧν
507 1579 588 1606 εἵνεκ’
603 1580 854 1613 ἀναισχυντήσομεν
881 1576 957 1613 εὖροι

1045 1575 1116 1602 Sane
1143 1582 1177 1602 ne
1202 1583 1318 1610 quarunt
1341 1577 1452 1611 quidem
1469 1579 1555 1612 gratia
1581 1578 1790 1613 proterviamus.

178 1633 220 1656 τις
237 1625 281 1652 ἄν.
302 1626 332 1651 Εἰ
353 1624 402 1660 μὲν
425 1625 480 1659 γὰρ
502 1625 549 1651 τοῦ
567 1625 699 1659 πολέμου,
713 1623 761 1650 καὶ
781 1624 890 1651 πάντων
903 1622 958 1649 τῶν

179 1670 261 1697 εἵνεκ’
273 1671 370 1702 αὐτοὺς
389 1670 460 1706 δεῦρ’
475 1670 616 1706 ἠγάγομεν
632 1670 856 1705 ἐξειργασμένων
879 1669 957 1703 ἡμῖν,

179 1717 242 1747 τοὺς
268 1716 429 1751 συμμάχους
454 1715 584 1751 ἠξιοῦμεν
607 1715 836 1751 προπηλακίζειν,
859 1715 910 1741 οὐκ
926 1714 958 1740 ἂν

178 1762 305 1788 τοσοῦτον
321 1759 377 1797 εἷχε
407 1762 530 1788 κίνδυνον
562 1762 578 1797 ἠ
613 1761 778 1797 ἀχαριστίαο
796 1762 820 1787 sl
847 1761 876 1787 δὲ
904 1760 959 1786 τῶν

178 1807 280 1841 ὁμοίων
310 1807 470 1841 ἐφεστώτων
499 1808 604 1840 κακῶν,
638 1807 772 1842 ἀνομοίως
796 1808 876 1842 ἡμεῖς
903 1806 958 1836 τοῖς

179 1853 266 1886 φίλοις
283 1853 430 1884 καλοῦντες
444 1855 491 1880 καὶ
507 1854 647 1888 δεχόμενοι
666 1853 892 1888 προσφερόμεθα,
909 1853 958 1886 οὐχ

178 1899 233 1934 ὁρῶ
251 1899 299 1931 τὰς
314 1899 423 1931 ἐλπίδας
440 1900 489 1935 τῆς
501 1900 630 1934 τοιαύτης
645 1899 832 1933 καινοτομίας.
851 1899 889 1925 Οὺ
904 1898 958 1933 γὰρ

179 1944 223 1970 ἴνα
251 1944 330 1977 μόνον
352 1943 434 1970 δεινοί
461 1953 534 1975 τινες
560 1944 724 1978 κακουργεῖν
739 1943 787 1970 καὶ
802 1943 958 1977 φενακίζειν

177 1989 311 2024 δοκῶμεν,
330 1990 569 2024 περιεργαζόμεθα
581 1989 665 2016 ταῦτα
678 1998 686 2022 ;
704 1990 785 2015 Ἀνευ
801 1989 830 2015 δὲ
843 1988 958 2020 τούτων,

178 2033 204 2058 τί
223 2034 282 2059 ποτ’
297 2034 394 2065 αὐτοὺς
418 2034 640 2068 ἐξαπατηθέντας
670 2034 715 2060 καὶ
738 2033 844 2067 γέλωτα
874 2033 958 2059 πᾶσιν

177 2076 326 2110 ὕφλοντας,
350 2077 440 2103 οἴεσθε
462 2076 591 2112 δράσεινς
608 2077 799 2110 Καθεδείσθαι,
820 2078 868 2103 καὶ
892 2076 957 2111 παρ’

178 2123 285 2153 ἐαυτοῖς
310 2122 382 2153 ἕξειν
399 2122 437 2148 τὼ
462 2123 546 2158 χεῖρε,
563 2122 610 2149 καὶ
627 2121 772 2157 δεήσεσθαι
790 2121 957 2156 συγγνώμην

177 2169 270 2199 αὐτοῖς
291 2168 374 2202 ἔχειν,
395 2165 433 2194 ὧν
452 2169 653 2203 ἐξηπάτηνταις
680 2169 738 2204 Οὐχ
761 2168 832 2195 οὓτω
847 2169 956 2202 φιλοσο-

178 2213 237 2246 φεῖν
250 2213 400 2247 ἐγνώκασι,
419 2214 467 2240 καὶ
491 2213 579 2248 θυμοῦ
599 2215 722 2248 κρατεῖν.
749 2215 850 2241 Λοιπὸν
866 2214 956 2240 τοίνυν

177 2258 301 2289 ἐκείνους
322 2259 372 2293 μὲν
386 2259 440 2284 τῶν
456 2267 486 2284 τε
499 2259 598 2293 τειχῶν
622 2258 778 2293 πειρᾶσθαι,
801 2259 849 2285 καὶ
870 2268 957 2294 μηχα-

178 2303 287 2337 νήματα
316 2302 421 2334 τούτοις
450 2303 618 2337 προσάγειν.
639 2303 713 2336 ἡμᾶς
740 2302 769 2328 δὲ
794 2301 955 2337 ἀντέχεσθαι

176 2349 231 2374 τῶν
255 2349 288 2374 ἐκ
312 2350 361 2384 τῆς
378 2348 538 2382 πολιορκίας
553 2348 655 2375 κακῶν.
680 2349 762 2374 Ἀνευ
786 2348 840 2382 γὰρ
853 2348 955 2374 τούτων

177 2395 245 2428 προς
259 2394 335 2420 οὐδὲν
353 2394 446 2429 ἕτερον
467 2395 563 2429 ἀρκεῖν
588 2403 633 2428 μοι
658 2393 771 2420 δοκεῖτε.
786 2393 815 2420 Εἰ
837 2394 866 2421 δὲ
880 2392 954 2419 τοῦθ’

178 2438 244 2472 ἡμῖν
254 2437 383 2472 φορητὸν,
400 2438 425 2464 τί
439 2439 494 2468 τοῖς
507 2437 643 2472 πανταχοῦ
659 2437 817 2471 δυναμένοις
827 2437 955 2472 πρέσϐεις

176 2483 245 2516 ὑπὲρ
263 2482 421 2516 συμμαχίας
445 2483 600 2517 πέμποντες
619 2481 751 2516 ἐνοχλεῖτε
766 2502 773 2514 ,
791 2482 849 2513 ἐξὸν
872 2490 955 2508 κατα-

176 2529 351 2558 κλεισθέντας
370 2528 425 2554 ύπό
441 2528 494 2554 τῶν
515 2528 660 2562 βαρΰάρων
681 2527 901 2562 πολιορκεῖσθαιξς
916 2527 954 2554 Οὐ

176 2572 229 2606 γὰρ
244 2571 331 2605 ἐ-ιιωγε
348 2572 403 2606 ὁρῶ
433 2573 514 2598 τίνων
529 2574 602 2607 ἡμᾶς
613 2572 815 2604 ἀπαλλάξουσιν
833 2572 954 2602 ἐλθόντες

177 2618 202 2643 οί
218 2617 367 2651 σύμμαχοι,
385 2618 462 2644 ὁπόθ’
481 2619 588 2650 ἑκόντες
616 2618 738 2653 αἱρεῖσθε
763 2618 797 2644 τά
816 2618 953 2653 χείριστα.

177 2662 270 2693 Οὕτως
280 2663 330 2689 οὑκ
349 2663 424 2690 ἔστιν
442 2664 533 2699 εὑρεῖν
549 2664 618 2699 ὑπὲρ
636 2664 698 2690 ὅτου
718 2664 782 2695 τοὺς
798 2665 866 2697 μετὰ
880 2664 956 2698 βασι-

177 2706 244 2738 λέως
257 2707 371 2741 ἥξοντας
386 2709 417 2735 οὐ
431 2709 620 2744 προσδέξεσθε.
640 2710 671 2736 Ei
691 2710 713 2736 δ’
729 2710 888 2745 ἀνθρώπινα
909 2711 956 2736 καὶ

175 2751 267 2778 δίκαια
299 2754 493 2788 λογισάμενοι,
516 2755 667 2790 στεφανοῦν
696 2755 746 2790 μὲν
775 2756 867 2782 εἵνεκα
900 2756 955 2782 τῶν

178 2797 250 2831 ὑπὲρ
268 2799 346 2832 ἡμῶν
370 2801 567 2834 πεπονημένων
585 2801 632 2827 τὸν
652 2801 765 2835 βασιλέα
781 2801 954 2836 βουλήσεσθε,

297 2848 428 2881 ΡΑΊἮΟῐ..
448 2851 505 2881 Gn.
526 2850 621 2882 CLIV.

1009 1621 1087 1649 facile
1108 1622 1169 1656 quis
1198 1622 1329 1649 inveniat.
1357 1623 1424 1650 Nam
1453 1630 1482 1651 ut
1514 1625 1586 1653 bello
1611 1625 1732 1660 quidem.
1760 1633 1792 1652 ac

1009 1674 1126 1702 quorutn
1153 1674 1234 1694 causa
1260 1668 1349 1694 socios
1375 1668 1547 1704 adduximus,
1577 1671 1723 1702 confectis,
1750 1671 1792 1698 eis

1009 1713 1142 1740 vellemus
1159 1713 1283 1745 illudere,
1307 1713 1377 1741 haud
1395 1719 1499 1742 tantum
1520 1716 1617 1751 ingrati
1639 1717 1684 1744 illa
1706 1717 1791 1743 animi

1008 1759 1084 1786 labes
1099 1760 1250 1794 periculum
1269 1760 1390 1787 haberet.
1409 1761 1456 1788 Sin
1470 1766 1559 1789 autem
1574 1762 1669 1790 iisdem
1684 1764 1789 1790 instan-

1010 1805 1083 1832 tibus
1103 1806 1192 1836 malis.
1206 1805 1257 1832 alia
1274 1806 1380 1840 aliaque
1397 1807 1502 1835 ratione
1516 1808 1645 1836 voeandis
1658 1816 1689 1836 ac
1702 1809 1789 1835 susci-

1009 1851 1116 1886 piendis
1130 1852 1225 1880 amicis
1238 1852 1382 1884 habemus.
1394 1861 1446 1880 non
1462 1854 1542 1881 video
1555 1855 1621 1889 quid
1634 1863 1665 1882 ea
1682 1856 1789 1883 novitas

1008 1897 1065 1932 spei
1082 1897 1190 1925 habeat.
1208 1898 1277 1925 Nutu
1296 1898 1368 1925 enim
1386 1900 1474 1926 solum
1492 1904 1521 1927 ut
1543 1901 1657 1928 subtiles
1676 1901 1788 1935 quidam

1009 1943 1173 1970 consueudis
1192 1943 1335 1971 fraudibus
1358 1951 1389 1971 ac
1406 1944 1497 1973 dando
1521 1945 1603 1974 verba
1626 1947 1786 1979 videamur.

1009 1988 1048 2015 sic
1073 1989 1123 2015 ista
1145 1989 1224 2016 anxie
1248 1989 1374 2023 agimus?
1398 1990 1542 2023 Prmterea.
1570 1992 1636 2027 quid
1659 1993 1789 2028 deceptos

1008 2033 1080 2064 illos,
1102 2034 1281 2069 omniumque
1302 2035 1388 2063 factos
1403 2036 1532 2069 fabulam,
1548 2038 1717 2072 praestituros
1738 2047 1789 2074 pu-

1008 2080 1090 2107 tatis?
1109 2080 1176 2108 Fors
1197 2089 1331 2116 scssuros,
1353 2090 1386 2110 ac
1401 2083 1472 2117 apud
1495 2092 1525 2111 se
1541 2085 1712 2114 cohibituros
1728 2094 1788 2114 ma-

1009 2133 1072 2156 nus.
1087 2127 1248 2161 veniamque
1269 2135 1319 2162 pro
1333 2128 1428 2155 fraude
1448 2129 1513 2163 ipsis
1532 2129 1602 2158 facta
1624 2133 1789 2166 rogaturus?

992 2171 1106 2199 .Verum
1121 2171 1192 2199 haud
1210 2172 1248 2199 illi
1266 2173 1302 2200 ila
1321 2174 1507 2208 philosophari
1524 2181 1672 2208 neverunt,
1694 2184 1727 2204 ac
1741 2177 1789 2204 irze
1818 2185 1821 2210 ξ

1007 2215 1152 2243 dominari.
1181 2217 1312 2251 Superest
1338 2226 1404 2253 ergo
1429 2225 1458 2246 ut
1486 2220 1525 2247 illi
1552 2221 1662 2254 quidem
1693 2230 1788 2249 muros
1818 2218 1821 2254 ζ

972 2255 995 2282 Ῑ)
1009 2264 1124 2293 tentent,
1142 2266 1224 2296 atque
1239 2263 1279 2289 eis
1297 2263 1460 2291 admoveant
1480 2266 1640 2300 machinas;
1658 2275 1708 2295 nos
1723 2275 1789 2295 vero

1008 2307 1126 2334 obsessae
1136 2307 1211 2335 urbis
1234 2308 1354 2336 feramus
1371 2309 1554 2338 incommoda.
1574 2312 1688 2347 Insuper
1703 2314 1787 2345 enim,

1009 2353 1076 2380 nihil
1098 2361 1146 2380 vos
1170 2354 1242 2381 aliud
1259 2362 1338 2388 posse
1360 2356 1496 2383 existimo.
1520 2358 1598 2391 Quod
1617 2359 1639 2386 si
1663 2368 1693 2386 ea
1711 2360 1789 2387 vobis

1009 2405 1052 2424 res
1079 2397 1188 2425 ferenda
1217 2399 1335 2431 videtur,
1356 2405 1384 2426 ut
1412 2401 1478 2435 quid
1502 2403 1604 2435 ubique
1632 2405 1788 2438 potentibus

1008 2440 1175 2467 destinantes
1194 2442 1295 2473 legatos
1317 2443 1363 2476 qui
1386 2443 1412 2469 in
1433 2443 1497 2470 belli
1524 2446 1682 2472 societatem
1706 2447 1786 2474 indu-

1008 2491 1080 2517 cant,
1098 2487 1237 2520 negotium
1259 2487 1358 2521 facitis,
1378 2496 1440 2516 eum
1465 2489 1544 2518 liccat
1558 2492 1634 2518 urbis
1651 2492 1788 2520 moenibus

1009 2531 1151 2558 conclusos
1184 2532 1366 2560 Barbarorum
1400 2535 1544 2564 obsidione
1574 2537 1682 2572 premi?
1709 2537 1787 2565 Haud

1008 2576 1080 2603 enim
1103 2584 1167 2604 sane
1188 2578 1286 2613 video,
1311 2587 1366 2614 quo
1383 2588 1433 2608 nos
1459 2582 1530 2608 malo
1558 2583 1698 2609 venientes
1719 2584 1787 2610 socii

1007 2622 1124 2649 liberare
1139 2622 1266 2656 habeant.
1282 2631 1344 2652 cum
1360 2631 1458 2660 sponte
1479 2627 1596 2661 pessima
1616 2628 1784 2662 przeoptetis.

1008 2667 1096 2701 Atque
1109 2668 1176 2695 adeo
1189 2669 1257 2697 nihil
1272 2677 1360 2699 causa:
1376 2672 1428 2698 erit
1442 2679 1491 2698 cur
1506 2677 1637 2699 venturos
1653 2680 1713 2699 cum
1733 2673 1787 2700 im-

1008 2718 1132 2747 peratore
1148 2723 1201 2742 non
1222 2717 1387 2751 suscipiatis.
1406 2717 1452 2745 Sin
1478 2723 1568 2745 autem
1582 2727 1642 2752 qua:
1670 2719 1787 2746 humana

1008 2763 1072 2786 sunt
1092 2767 1122 2787 ac
1141 2761 1211 2796 juris
1231 2763 1390 2797 cogitantes,
1412 2764 1604 2799 imperatorem
1624 2765 1733 2796 quidem
1751 2765 1788 2790 ob

1008 2810 1151 2840 susceptos
1173 2808 1260 2834 nostri
1279 2815 1360 2837 causa
1377 2809 1484 2837 labores
1499 2809 1687 2836 coronandum
1709 2814 1788 2844 puta-

1571 2857 1610 2885 32
