1942 3090
130 165 197 197 1005

599 167 740 197 ORATIO
761 166 835 197 PRO
857 164 1033 198 SUBSlDlO
1054 164 1290 200 LATINORUM.

1683 169 1752 204 1006

130 223 158 250 τδ
174 222 245 252 δέος*
262 222 310 249 καὶ
320 221 450 259 δεσπόται
460 243 468 254 ,
484 221 582 249 δούλων
599 222 697 253 αὖτοὺς
713 222 890 255 ἀποδράντων
900 241 908 252 ,
925 245 927 251 λ

982 221 1055 250 tibus
1065 221 1196 256 impetum
1207 223 1288 249 timor
1300 221 1457 255 retardavit;
1469 222 1638 258 dominique,
1647 222 1752 259 fugien-

131 268 208 295 αὐτοὶ
219 267 268 303 τὴν
283 257 394 295 ἐκείνων
407 268 638 303 ἀντιλαμϐάνουσι
653 268 750 302 τύχην.
771 267 807 293 Τὸ
820 267 842 293 δ’
853 267 914 293 ὅλον

133 313 224 348 σχῆμα
242 313 291 348 τῆς
304 313 408 345 πόλεως
419 313 514 348 ὁρᾶται
528 312 570 339 διὰ
586 313 697 339 πάντων
711 311 846 347 ἀμειφθέν
861 311 916 338 ῶσ-
936 313 940 316 ’

132 365 184 393 περ
199 358 228 384 ἐν
251 357 365 384 πένθει·
384 357 486 388 πάντες
511 356 603 391 δὲτὴν
625 356 678 383 τῶν
699 356 791 383 κακῶν
808 356 916 382 σύνοδον

133 402 316 437 ἐκπλαγέντες
329 423 337 436 ,
356 401 533 436 ἀπώκνησαν.
548 402 603 428 Καὶ
617 401 631 428 ὃ
654 402 717 433 τοὺς
732 401 793 427 νοῦν
807 401 917 436 ἔχοντας

134 449 283 480 κατασείει,
299 449 339 475 ὅτι
356 449 405 476 καὶ
423 449 479 476 τῶν
493 448 712 484 πολιτευομένων
727 447 820 475 πολλοὶ
846 447 918 474 οὕτω

133 495 284 530 χειροήθεις
304 494 354 526 τὰς
377 495 491 530 γνώμας
506 495 663 529 γεγόνασιν,
681 495 719 526 ὡς
741 494 813 529 ἔχειν
827 502 853 521 τι
870 495 918 521 καὶ

134 541 214 567 καλὸν
222 540 323 574 λέγειν,
333 540 382 576 τὴν
392 540 445 567 ὔπδ
453 542 507 573 τοῖς
515 540 663 576 βαρὸάροις
672 539 775 570 τούτοις
785 539 917 571 δουλείαν,

134 585 257 617 καὶτοὺς
274 585 427 620 Ῥωμαίους
441 585 580 621 βαρύτερα
589 585 754 612 ἐπιτάττειν.
773 585 854 611 Ὥστε
871 585 919 611 καὶ

134 631 258 666 φανερῶς
271 632 314 658 ἐπ’
329 631 452 663 ἐκείνους
468 631 652 667 ἀποδημοῦσι,
665 632 715 658 καὶ
731 631 829 667 ρητούς
844 639 919 662 τινας

134 679 248 710 ἐκείνοις
261 678 364 705 σύνεισι
378 678 506 714 χρόνους·
517 678 564 704 καὶ
575 676 710 711 πρόϐατα,
724 678 771 704 καὶ
784 675 857 711 βοῦς,
873 675 920 702 καὶ

135 721 243 753 ἵππους,
260 722 306 747 καὶ
319 721 450 757 ἀργύρια,
463 721 577 756 μισθοὺς
592 721 684 756 ἔχουσι
700 721 749 756 τῆς
762 720 841 756 ἡμῶν
855 728 921 755 προ-

968 267 1041 294 tilnts
1051 268 1243 299 servis,eorum
1254 269 1304 302 ipsi
1317 268 1435 295 vicissim
1447 268 1565 296 subeunt
1574 269 1753 297 sortetn.Uni-

967 320 1044 340 versa
1054 312 1172 340 civitatis
1182 313 1286 348 species
1294 314 1367 340 omni
1383 321 1458 349 parte
1469 314 1543 341 velut
1552 315 1579 341 in
1591 315 1666 342 luctu
1677 322 1753 342 com-

967 361 1071 384 mutata
1084 359 1205 385 cernitur
1219 367 1225 385 :
1239 359 1385 393 cunctique
1399 360 1533 387 malorum
1544 360 1662 388 coitione
1677 365 1750 388 tanta

967 403 1125 438 stupefacti,
1143 404 1250 432 animos
1267 405 1483 440 desponderunt.
1494 406 1565 440 Quin
1575 407 1627 434 hoc
1641 414 1752 442 quoque

968 449 1124 483 sapientum
1148 454 1266 476 mentem
1281 450 1383 485 quatit,
1396 450 1469 485 quod
1489 451 1564 481 mulli
1592 451 1666 478 cives
1683 452 1752 478 adeo

968 491 1062 521 servili
1085 494 1177 521 animo
1201 494 1266 521 facti
1283 495 1349 528 sint,
1368 499 1397 522 ut
1414 495 1479 530 quid
1498 496 1574 529 boni,
1595 497 1632 523 illi
1650 497 1753 524 Barba-

969 546 1064 566 rorum
1073 539 1199 567 servituti
1217 540 1307 568 inesse
1320 541 1422 574 dicant,
1430 549 1461 569 ac
1475 542 1612 570 Romanos
1626 543 1753 577 graviora

968 584 1075 620 jubere.
1094 585 1277 618 Quamobrem
1292 586 1373 614 etiarn
1389 587 1527 622 propalam
1544 588 1578 615 ad
1595 588 1656 615 illos
1670 588 1753 623 proii-

970 631 1255 666 ciscuntur,apudque
1271 632 1332 659 illos
1349 633 1432 660 certis
1457 632 1621 668 quibusdam
1644 637 1751 668 tempo-

971 676 1049 703 ribus
1064 681 1220 708 versantur,
1237 684 1369 711 ovesque,
1392 683 1419 705 et
1437 674 1531 710 boves,
1558 684 1586 705 et
1608 686 1704 712 equos,
1721 685 1754 705 ac

971 721 1112 756 pecunias.
1127 726 1228 749 nostrae
1245 722 1399 750 mercedem
1418 723 1583 758 proditionis
1601 724 1751 758 accipiunt,

133 767 237 799 δοσὶας⁸
250 768 298 794 καὶ
312 767 490 802 συμπίνοντες
503 766 630 798 ἐκείνοις,
640 767 689 802 την
698 767 837 801 ἡμετέραν
846 766 921 793 ἀπώ-

978 767 1067 802 :isque
1084 771 1273 802 compotantes
1293 773 1414 795 nostram
1432 773 1533 796 canunt
1549 768 1729 804 perditionem
1744 778 1752 803 ;

133 813 207 839 λειαν
224 811 332 848 ᾄδουσι“
354 813 402 839 καὶ
415 812 465 848 τὴν
486 812 533 839 τοῦ
549 812 635 844 δεῖνος
656 813 756 845 οἰκίαν,
772 812 788 847 ἢ
804 812 853 847 τὴν
871 812 920 846 τῆς

134 858 262 892 γυναικὸς
278 857 364 892 ὥραν,
379 857 395 892 ἢ
410 857 460 893 τὴν
474 857 576 884 παίδων
592 857 708 888 ἐκείνοις
724 858 901 892 προπίνουσιν
911 865 918 872 ·

971 819 1004 839 ac
1026 812 1109 848 hujus
1123 812 1246 844 domum,
1267 813 1361 840 uxoris
1379 813 1451 841 illius
1465 812 1595 848 speciem,
1611 818 1658 842 aut
1670 815 1751 842 etiam

973 858 1128 894 pignorum,
1146 858 1181 885 iis
1196 859 1343 894 propinant
1358 868 1366 886 :
1388 859 1461 894 apud
1484 866 1513 887 se
1529 865 1618 888 autem
1639 860 1666 888 in
1682 860 1754 888 votis

134 889 258 938 εὔχονται
280 889 308 928 δέ
323 889 400 938 παρά
418 889 510 937 σξοίσιν
524 902 588 929 ἰδεῖν
602 902 654 928 ὑπὸ
668 889 778 929 πάντων
800 910 920 936 προσκυ-

978 889 1091 935 tabent,
1109 907 1140 930 ut
1155 903 1190 930 ab
1206 889 1340 931 uni-versis
1359 889 1466 932 adorari
1484 905 1608 933 homines
1631 905 1754 940 videant,

135 949 281 983 νουμένους
291 956 298 962 ·
316 948 393 975 ταῦτ’
409 948 533 979 εἰπόντες
548 948 595 974 καὶ
606 947 759 983 πράξαντες
772 947 919 982 ἐπανῆκον,

136 995 337 1029 ἐνδεικνύμενοι
360 995 418 1026 τοῖς
447 994 573 1026 πολίταις
597 993 635 1026 ὡς
657 994 682 1020 εί
707 993 744 1029 μὴ
765 993 920 1028 σιγήσουσι,

137 1042 205 1076 πρὸς
219 1043 282 1072 τοὺς
296 1041 428 1073 δεσπότας
445 1041 535 1068 αὐτῶν
553 1040 710 1075 κατεροῦσι,
727 1040 791 1072 τοὺς
807 1039 923 1067 ἀλάστο-

138 1095 188 1122 ρας
213 1086 334 1118 ἐκείνους
360 1087 410 1113 οὐκ
438 1086 582 1117 ὀκνοῦντες
599 1086 679 1112 τοῦτο
702 1085 809 1113 καλεῖν.
835 1085 868 1112 Ol
894 1085 922 1112 δὲ

138 1131 290 1167 φρίττουσι,
314 1131 362 1158 καὶ
377 1131 553 1166 συνεύχονται
570 1130 660 1166 γῆρας
682 1131 738 1161 τοῖς
754 1129 866 1161 δικαίως
889 1128 922 1156 ἂν

88 1178 95 1184 ’
137 1177 285 1213 ἁπαχθεϊσι
301 1176 453 1213 μνησθῆναί
466 1185 493 1203 τι
518 1177 566 1203 καὶ
588 1176 678 1202 αὐτῶν
701 1176 748 1202 ἐπὶ
768 1175 822 1202 τῶν
833 1175 923 1201 πότων

138 1223 260 1258 δεόμενοι
272 1231 280 1238 '
295 1223 342 1250 καὶ
355 1222 490 1257 τοσαύτην
513 1220 668 1257 παρρησίαν
687 1221 711 1247 οἱ
728 1219 792 1256 παρ’
811 1220 924 1251 ἐκείνοις

141 1268 354 1304 μισθαρνοῦντες
380 1267 594 1304 προσειληφότες
620 1266 671 1293 οὐκ
697 1265 824 1293 ὀκνοῦσιν
853 1265 923 1300 ὺπέρ

139 1314 253 1342 ἐκείνων
266 1313 379 1350 ἀναίδην
397 1312 628 1349 δημηγοροῦντες,
647 1312 696 1339 καὶ
713 1311 802 1339 πάντα
819 1311 924 1338 ποιοῦν-

140 1369 196 1393 τες,
214 1360 244 1394 ἐξ
257 1358 294 1388 ῶν
314 1360 406 1391 αὐτοῖς
421 1358 579 1395 χαριοῦνται
590 1364 598 1373 ·
614 1358 683 1394 ὅπερ
698 1357 756 1384 ἐστὶ
780 1356 925 1392 προδοῦναι

140 1408 190 1443 τὴν
204 1407 292 1439 πόλιν,
305 1407 352 1433 καὶ
361 1405 472 1441 κυρίους
487 1405 607 1437 ἐκείνους
621 1404 713 1440 σαφῶς
728 1405 837 1432 πάντων
845 1403 925 1438 ποιῆ-

143 1460 203 1480 σαι·
220 1452 285 1480 ὥστ’
301 1452 370 1479 εἰσὶν
388 1452 439 1488 ἢδη
459 1451 485 1478 οι
509 1451 579 1486 μετὰ
598 1449 720 1477 σπονδῶν
740 1449 807 1483 γοῦν
823 1447 926 1475 ἁλῶναι

142 1494 199 1533 τῆν’
208 1498 285 1524 πόλιν
307 1497 449 1532 εὐχόμενοι
484 1495 634 1527 δεδοικότες
655 1494 693 1530 μὴ
712 1494 853 1531 φθάσωσιν
873 1491 927 1520 ὑπὸ

95 1561 97 1563 -
141 1544 197 1571 τῶν
211 1543 316 1578 μιαρῶν
331 1543 431 1569 τούτων
442 1541 641 1578 προδεδομένοι.

972 947 1060 983 iisque
1076 948 1156 976 dictis
1172 957 1204 976 ac
1218 949 1296 977 iactis
1323 951 1424 977 reverti
1448 956 1691 986 prmsumpserunt,
1716 953 1754 980 si-

972 994 1133 1029 gniﬁcantes
1157 994 1275 1027 civibus,
1292 995 1344 1022 nisi
1372 999 1490 1028 taceant,
1507 996 1630 1024 dicturos
1649 1005 1679 1025 sc
1697 999 1756 1025 suis

972 1037 1107 1069 dominis.
1124 1045 1156 1066 ac
1178 1038 1249 1073 apud
1273 1046 1320 1066 eos
1345 1039 1456 1074 gravius
1483 1045 1673 1074 accusaturos,
1699 1049 1754 1070 non

972 1089 1100 1112 verentes
1115 1084 1200 1111 malos
1218 1085 1279 1112 illos
1296 1083 1434 1112 dannones
1453 1093 1485 1112 ac
1499 1091 1590 1120 pestes
1603 1087 1642 1114 sic
1660 1089 1756 1122 appel—

973 1129 1041 1158 lare.
1057 1129 1077 1156 ii
1098 1137 1165 1156 vero
1179 1129 1293 1156 horrore
1313 1134 1452 1164 tenentur,
1475 1131 1624 1166 longosque
1640 1138 1740 1167 preca‘n

975 1178 1020 1201 tur
1033 1182 1120 1202 annos
1135 1175 1179 1207 iis,
1193 1175 1241 1210 qui
1259 1175 1357 1202 merito
1375 1176 1417 1210 agi
1433 1173 1592 1204 debuissent
1606 1186 1613 1204 :
1629 1183 1756 1213 rogantts

975 1225 1006 1248 ut
1019 1221 1091 1248 inter
1106 1221 1202 1255 pocula
1226 1227 1322 1248 eorum
1340 1221 1443 1256 aliquid
1471 1223 1629 1251 meminisse
1648 1223 1732 1252 velint
1750 1233 1756 1249 :

977 1271 1137 1301 tantamque
1159 1266 1314 1294 libertatem
1331 1267 1371 1294 sic
1389 1267 1461 1303 apud
1477 1268 1539 1296 illos
1556 1274 1693 1297 merentes
1714 1277 1759 1297 as-

976 1315 1166 1347 sumpserunt,
1185 1316 1215 1339 ut
1232 1319 1283 1340 nec
1300 1321 1348 1348 pro
1364 1312 1417 1341 illis
1433 1314 1601 1349 impudentia
1617 1322 1697 1342 orare
1713 1323 1759 1343 ve-

976 1362 1100 1391 reantur,
1117 1358 1264 1393 omniaque
1290 1358 1390 1393 facere,
1414 1367 1448 1387 ex
1468 1360 1569 1395 quibus
1593 1360 1649 1388 illis
1677 1361 1760 1389 obse-

976 1408 1097 1439 quantur
1110 1412 1119 1438 ;
1134 1404 1207 1440 quod
1232 1411 1274 1432 est
1288 1405 1383 1433 urbem
1399 1406 1526 1441 prodere.
1543 1414 1576 1434 ac
1590 1407 1680 1442 palam
1696 1409 1761 1434 uni-

976 1457 1120 1476 versorum
1149 1449 1275 1477 dominos
1300 1450 1390 1478 facere
1404 1460 1411 1478 :
1427 1456 1457 1478 ut
1473 1459 1522 1479 nec
1536 1450 1592 1487 jam
1608 1451 1698 1480 desint
1713 1453 1760 1488 qui

977 1499 1072 1530 optent
1087 1494 1139 1522 sub
1153 1494 1241 1530 pactis
1257 1495 1317 1529 capi
1331 1495 1481 1528 civitatem,
1502 1495 1629 1523 timentes
1644 1504 1678 1524 ne
1700 1505 1761 1524 sce-

976 1540 1054 1568 lestis
1069 1540 1129 1567 istis
1148 1538 1327 1567 traditoribus
1345 1540 1484 1576 contingat
1498 1542 1635 1576 occupari.

177 1570 269 1622 όῦτως
284 1591 324 1621 είς
338 1588 441 1624 ἄπορόν
454 1570 516 1616 ¹τινα
531 1570 615 1622 τύχην
629 1587 665 1614 τὰ
681 1587 759 1615 κοινὰ
775 1586 924 1622 συνηλάθη,

1013 1586 1060 1614 Sic
1075 1585 1185 1621 publica
1200 1593 1246 1613 res
1261 1586 1288 1613 in
1311 1587 1446 1613 extremas
1468 1587 1600 1620 quasdam
1623 1588 1762 1622 angustias

144 1637 191 1665 καὶ
204 1636 274 1663 οὕτω
284 1635 314 1662 τὺ
326 1636 384 1671 μετ’
393 1634 549 1670 ἐλευθερίας
563 1634 614 1670 ζῇν
628 1633 677 1661 τοῦ
688 1632 781 1660 λοιποῦ
792 1632 823 1659 ἐν
835 1641 862 1659 τι
872 1632 927 1660 τῶν

143 1682 279 1710 ἀδυνάτων
293 1681 381 1708 δοκεῖ·
398 1681 437 1712 είς
452 1681 521 1715 ὅπερ
537 1680 609 1715 ὑμᾶς
635 1679 665 1706 τδ
681 1679 716 1706 τά
734 1678 783 1714 μὲν
802 1677 929 1714 καθημέ-

146 1737 196 1764 ραν
208 1727 386 1761 ἐλαττώματα
401 1725 573 1761 διορθοῦσθαι
588 1724 709 1760 νομίζειν
723 1723 882 1759 περίεργον,
898 1722 929 1749 τδ

145 1775 174 1802 δὲ
201 1775 270 1809 μετὰ
294 1772 437 1808 ῥᾳστώνης
459 1770 604 1807 παρελθεῖν
618 1770 668 1805 τὴν
684 1770 791 1805 ἡμέραν
814 1769 929 1804 ἀνδράσι

145 1820 282 1856 προσῆκον
294 1818 466 1852 λογίζεσθαι”
479 1818 525 1843 καὶ
539 1818 604 1848 τοὺς
620 1816 670 1851 μέν
684 1816 702 1843 ἃ
714 1816 755 1842 δεῖ
764 1815 929 1851 παραινοῦν·

144 1875 194 1898 τας
215 1866 315 1901 λήρους
329 1865 432 1897 καλεῖν,
447 1864 502 1895 τοῖς
517 1863 545 1889 δὲ
557 1864 617 1894 ταῖς
636 1862 715 1898 ἡμῶν
728 1862 834 1898 ἡδοναῖς
851 1870 930 1888 συνα-

145 1909 343 1946 γωνιζομένους
354 1907 421 1936 ἆθλα
432 1908 576 1943 θαυμαστά
598 1907 755 1943 προτιθέναι
773 1908 928 1943 προήγαγε.

145 1957 202 1985 Καὶ
216 1957 285 1992 πρός
303 1964 336 1990 γε
356 1956 397 1982 ἐτι
412 1955 442 1982 τὸ
459 1956 521 1986 τοὺς
538 1955 586 1989 μέν
601 1954 727 1990 φανερῶς
743 1954 931 1990 πολεμοῦντας

146 2001 302 2037 ἀνέχεσθαι,
327 2000 374 2026 καὶ
395 1999 533 2026 πιστεύειν
548 1999 716 2032 ἐξαπατῶσι,
744 1999 807 2030 τοὺς
823 1999 852 2025 δέ
870 1997 929 2033 μεθ’

146 2048 226 2083 ἡμῶν
249 2046 395 2073 τάττεσθαι
423 2047 471 2072 καὶ
499 2047 653 2080 συμμαχεῖν
679 2044 930 2080 ἐπαγγελλομένους

147 2093 328 2121 ὑποπτεύειν·
344 2092 392 2119 καὶ
407 2091 500 2126 ζητεῖν
513 2091 664 2126 προφάσεις
674 2091 736 2117 ὅθεν
748 2091 866 2125 λύσομεν
881 2090 930 2121 τὰς

148 2137 328 2175 φιλίας.⁹Δλλ’
337 2138 385 2165 ἐὰν
396 2138 450 2164 τῶν
465 2136 598 2171 πρότερον
611 2137 803 2170 καταγνόντες,
817 2138 872 2167 τοῖς
882 2136 930 2162 νῦν

148 2185 224 2220 παρὰ
239 2184 306 2211 Θεοῦ
325 2182 476 2217 δεδομένοις
494 2181 672 2217 χρησώμεθα,
692 2182 738 2208 καὶ
753 2183 816 2213 τοὺς
838 2180 931 2208 ἀνθελ-

979 1631 1087 1659 redacta
1101 1636 1154 1663 est,
1171 1631 1265 1666 sicque
1280 1631 1409 1665 deinceps
1425 1632 1526 1659 liberos
1550 1632 1641 1660 vivere
1658 1634 1763 1668 impos-

978 1677 1106 1706 sibilibus
1120 1677 1324 1705 accensendum
1339 1677 1467 1711 videtur;
1483 1678 1510 1705 in
1526 1686 1595 1713 quas
1614 1687 1664 1707 nos
1677 1688 1763 1715 angu-

978 1724 1045 1751 stias
1058 1723 1186 1759 conjecit,
1200 1727 1257 1750 tum
1271 1723 1344 1758 quod
1360 1721 1511 1750 accidentia
1525 1725 1594 1751 mala
1609 1724 1762 1761 damnaque

980 1769 1183 1804 ncglexerimus
1206 1776 1256 1796 ceu
1285 1775 1342 1796 rem
1364 1769 1529 1804 superﬂuam
1552 1771 1700 1799 emendare
1725 1780 1758 1798 ac

980 1816 1156 1847 instaurare;
1184 1819 1241 1842 tum
1266 1814 1339 1849 quod
1363 1815 1435 1842 diem
1469 1812 1525 1844 otio
1557 1816 1708 1852 transigere
1730 1825 1764 1844 ac

981 1860 1107 1896 ignavia,
1133 1860 1208 1888 viros
1231 1860 1331 1888 decere
1357 1864 1535 1895 putaremus;
1558 1868 1590 1889 ac
1621 1867 1764 1890 monentes

980 1907 1091 1942 quidem
1121 1914 1182 1941 qua:
1214 1913 1305 1941 operas
1329 1907 1446 1941 pretium
1469 1911 1572 1940 essent,
1597 1907 1764 1935 haberemus

981 1953 1079 1980 stultos
1093 1961 1100 1985 ;
1119 1953 1152 1979 iis
1166 1959 1256 1979 autem
1273 1952 1319 1987 qui
1332 1951 1519 1986 voluptatibus
1534 1953 1764 1980 adblandireutur

981 1998 1094 2030 nostris,
1112 1998 1241 2032 praclara
1259 1997 1382 2032 quaedam
1405 1998 1514 2032 pratmia
1525 1999 1664 2032 proposita
1681 1999 1766 2026 voltc-

982 2051 1050 2071 mus.
1067 2043 1107 2070 Ad
1121 2044 1179 2071 haec
1190 2049 1292 2076 autent,
1306 2043 1376 2078 quod
1393 2043 1551 2071 manifestos
1565 2042 1657 2072 hostes
1681 2046 1767 2071 susti-

982 2096 1118 2120 neremus,
1134 2096 1165 2115 ac
1186 2088 1390 2122 decipientibus
1416 2088 1584 2116 haberemus
1599 2088 1643 2115 iidu
1655 2096 1700 2121 m;
1719 2097 1767 2116 eos

982 2139 1074 2162 autem
1090 2135 1137 2170 qui
1159 2134 1240 2161 nobis
1263 2134 1436 2166 accedentes,
1453 2134 1516 2162 belli
1540 2142 1569 2162 se
1595 2135 1685 2162 socios
1708 2135 1768 2162 fore

982 2180 1189 2213 pollicebantur,
1204 2179 1378 2206 habuerimus
1395 2185 1547 2215 suspectos,
1563 2188 1594 2208 ea
1613 2185 1768 2213 causantes,

148 2231 264 2262 κοῦντας
280 2229 391 2260 τούτους
418 2228 649 2262 ἀποσεισάμενοι,
665 2228 710 2254 καὶ
725 2228 829 2262 γραυσί
846 2227 927 2254 ταῦτα

985 2225 1086 2260 quibus
1100 2225 1235 2253 amicitias
1247 2225 1470 2253 dissolveremus.
1481 2226 1582 2253 Verum
1601 2230 1630 2253 ut
1644 2227 1768 2261 priorum

152 2276 391 2311 μυθολογήσαντας
414 2274 639 2310 ἀποπέμψαντες,
653 2274 698 2300 τὸν
714 2273 826 2307 ἔσχατον
841 2272 934 2298 τοῦτον

151 2322 223 2357 ὑπὲρ
237 2322 286 2357 τῆς
301 2323 394 2357 κοινῆς
409 2320 545 2356 σωτηρίας
559 2319 655 2354 ἀγῶνα
666 2317 854 2352 ἀγωνίσασθαι
874 2317 936 2352 βου-

150 2369 261 2404 ληθῆτε,
287 2365 374 2403 οἶμαι,
395 2368 442 2394 καὶ
461 2368 510 2394 σὺν
529 2366 588 2400 Θεῷ
607 2365 680 2392 τοῦτ’
704 2364 834 2400 εἰρήσθω,
854 2364 884 2390 οὒ
902 2363 936 2390 τὰ

151 2414 222 2440 οίκοι
242 2413 332 2448 μόνον,
359 2413 426 2440 ἀλλὰ
443 2413 492 2440 καὶ
517 2412 552 2438 τὰ
569 2411 738 2446 πορρωτάτω
755 2410 843 2441 καλῶς
863 2410 935 2442 ἕξειν

151 2459 232 2494 ἡμῖν·
243 2459 289 2486 καὶ
304 2458 341 2493 μὴ
352 2460 386 2494 τῇ
400 2457 511 2493 πατρίδι
524 2457 604 2492 μόνον
612 2456 763 2483 άνασώεειν
781 2457 811 2482 τὸ
827 2456 936 2482 πάντων

150 2501 315 2538 ἀντίρροπον
331 2502 380 2537 τὴν
398 2501 566 2536 ἐλευθερίαν,
582 2501 651 2527 ἀλλὰ
674 2501 722 2527 καὶ
741 2500 871 2527 πλειόνων
888 2501 937 2534 άρ-

153 2547 209 2581 ξειν
224 2547 241 2582 ἢ
267 2548 414 2583 πρότερον·
432 2548 479 2575 καὶ
496 2548 600 2579 πάντας
620 2546 684 2578 τοὺς
700 2547 766 2581 πρὶν
795 2546 840 2580 ὑφ’
862 2547 936 2581 ἡμᾶς

152 2593 196 2627 ἐφ’
209 2594 281 2628 ἡμᾶς
296 2593 453 2628 ἐπανήξειν,
467 2593 514 2620 καὶ
527 2593 631 2624 πάντας
644 2592 696 2619 ὑπὸ
709 2592 772 2623 τοὺς
786 2592 937 2626 ἡμετέρους

153 2638 263 2665 ἔσεσθαι
287 2639 386 2674 νόμους
397 2658 405 2672 ,
419 2640 467 2677 καὶ
487 2638 623 2673 πανταχοῦ
640 2639 696 2670 τοῖς
710 2638 857 2674 βαρὸάροις
873 2639 939 2665 ἀνα-

153 2684 341 2720 θαρῥήσοντας
356 2685 544 2721 ἐπιθήσεσθαι.
558 2685 616 2711 Νῦν
635 2685 683 2720 μὶν
698 2684 752 2720 γάρ
767 2685 840 2719 ἡμᾶς
856 2684 939 2719 ὁρῶν-

153 2739 200 2763 τες
217 2731 437 2766 κατεπτηχότας,
454 2732 567 2763 εἰκότως
584 2731 775 2757 συστέλλονται
789 2731 835 2756 καὶ
848 2731 937 2761 αὐτοὶ,

156 2778 203 2804 καὶ
219 2778 268 2812 τῆς
285 2777 409 2809 δουλείας
422 2777 574 2812 ἀνέχονται,
590 2777 707 2811 ὁρῶντες
723 2776 785 2806 τοὺς
807 2775 938 2806 δεσπότας

157 2823 401 2858 ἀνακεχωρηκότας
419 2823 472 2848 τῶν
488 2822 660 2856 πραγμάτων
672 2828 679 2836 ⁸
698 2821 731 2847 ἂν
746 2820 767 2846 δ’
783 2820 880 2854 ὁρῶσιν
893 2820 939 2846 ἀν-

157 2868 295 2895 τιῦλιπειν
323 2868 529 2903 τολμήσαντας,
556 2868 602 2894 καὶ
631 2867 707 2893 αὐτοὶ
731 2865 881 2892 συνοίσουσι
907 2865 939 2892 τὰ

986 2270 1158 2306 paenitudine
1180 2270 1274 2304 ducti,
1300 2271 1399 2298 oblatis
1428 2279 1502 2298 nunc
1526 2272 1572 2298 Dei
1597 2265 1788 2307 providentia:

986 2316 1155 2343 voluerimus
1171 2317 1222 2347 uti,
1244 2316 1332 2350 iisque
1351 2317 1469 2350 repulsis
1483 2318 1530 2351 qui
1551 2325 1630 2344 secus
1648 2318 1770 2348 trahunt,

986 2370 1018 2389 ac
1032 2362 1065 2389 ad
1078 2369 1158 2393 anus,
1170 2361 1271 2395 quibus
1283 2369 1331 2388 ea:
1346 2362 1453 2389 fabulas
1468 2367 1592 2393 narrent.
1606 2363 1770 2395 amendatis,
1784 2357 1785 2364 “

986 2415 1145 2442 supremum
1167 2407 1219 2434 hoc
1239 2415 1288 2441 pro
1302 2407 1389 2435 salute
1407 2408 1546 2435 communi
1560 2409 1696 2435 desudare
1709 2416 1771 2435 ce:—

987 2460 1090 2486 tamen,
1106 2454 1163 2481 fore
1189 2461 1281 2488 spero,
1298 2453 1371 2485 quod
1390 2455 1425 2481 sit
1440 2454 1541 2481 dictum
1564 2455 1619 2482 Deo
1648 2456 1770 2489 auspice,

988 2507 1018 2529 ut
1034 2500 1136 2528 nedum
1148 2500 1304 2527 domesticae
1318 2508 1361 2527 res
1374 2501 1442 2528 bene
1458 2502 1537 2529 nobis
1554 2502 1689 2528 lubituraa
1705 2503 1771 2532 sint.

988 2553 1083 2574 verum
1097 2545 1179 2573 etiam
1195 2553 1276 2580 quam
1303 2546 1462 2580 longissime
1477 2547 1593 2580 positae;
1616 2552 1699 2581 utque
1717 2555 1770 2574 non

988 2591 1076 2619 solttm
1103 2591 1198 2626 patria:
1221 2595 1322 2618 sartam
1339 2596 1438 2618 tectam
1464 2599 1616 2625 servemus,
1635 2592 1772 2619 universis

988 2637 1200 2671 comparabilem
1226 2644 1258 2664 ac
1282 2637 1470 2664 mstiniabilcm
1503 2638 1587 2673 magis
1601 2638 1770 2669 libertatem,

989 2683 1036 2710 sed
1050 2683 1130 2710 etiam
1152 2683 1277 2717 pluribus
1297 2682 1484 2717 imperemus;
1500 2691 1650 2718 omnesque
1665 2684 1770 2718 pridem

990 2729 1069 2757 nobis
1080 2720 1199 2764 subjecti
1215 2729 1248 2756 ad
1273 2737 1323 2756 nos
1340 2735 1522 2760 revcrtantnr,
1541 2731 1697 2765 nostrisque
1714 2731 1771 2756 usi-

989 2774 1061 2802 versi
1076 2775 1181 2810 legibus
1193 2775 1376 2809 subjiciuntur
1390 2785 1396 2806 ;
1411 2784 1441 2802 nc
1455 2778 1562 2802 domum
1580 2780 1610 2802 ut
1623 2775 1697 2802 numi
1713 2776 1772 2802 loro

991 2821 1089 2848 iiducia
1105 2821 1188 2855 pleni,
1202 2821 1294 2848 hostes
1313 2821 1481 2848 invmlamus.
1497 2821 1575 2848 Modo
1586 2821 1695 2856 quidem
1711 2829 1772 2847 cum

991 2874 1041 2894 nos
1059 2867 1188 2894 attonitos
1201 2866 1320 2899 videant,
1337 2867 1435 2894 merito
1451 2872 1477 2894 ct
1495 2867 1544 2901 ipsi
1560 2867 1772 2898 contrahuntur,
