1942 3090
171 172 240 204 ’1007

799 169 992 200 DEMETRII
1014 169 1171 200 CYDONII

1725 171 1800 204 1008

170 236 202 256 ac
217 229 321 257 servire
340 227 488 260 sust?nent,
509 225 636 254 videntes
662 225 789 254 dominos
813 227 960 254 recessisse

1016 225 1133 254 ἑαυτῶν.
1146 226 1183 252 Οὐ
1198 225 1297 261 μικρὸν
1311 226 1338 252 δὲ
1352 226 1376 252 εἰ
1389 227 1443 258 τοῖς
1457 226 1605 262 βαρϐάροις
1621 227 1720 259 ἔξωθεν
1735 227 1800 262 Bh-

170 282 185 301 a
209 274 304 301 rebus.
323 273 370 300 Sin
397 276 488 298 autem
506 276 601 298 contra
625 278 707 298 ausos
733 271 869 305 respicere
887 271 961 298 vide-

171 318 237 348 rint,
251 318 333 345 etiam
346 316 396 352 ipsi
410 316 564 347 conferent,
574 323 634 350 qute
650 319 713 343 sunt
729 315 863 350 ipsorum.
882 315 959 343 [laud

1015 271 1170 305 πτομένοις,
1198 272 1245 298 καὶ
1260 272 1295 297 τὰ
1320 273 1396 304 παρὰ
1416 271 1469 298 τῶν
1492 272 1600 299 οἰκείων
1621 273 1727 304 τούτοις
1748 273 1799 299 οὐκ

1015 316 1161 350 ὴρεμήσει.

170 372 237 391 vero
262 363 288 390 id
329 363 467 390 modicum
503 366 533 389 ut
558 361 686 389 Barbaris
711 366 826 389 externa
847 361 919 388 laesis
949 362 1146 395 impressione,
1181 370 1233 390 nec
1255 370 1317 397 quae
1340 371 1354 390 a
1382 363 1440 390 suis
1465 363 1566 390 habent
1587 364 1680 398 quieta
1698 364 1800 392 consti-

167 409 264 436 terint.

207 454 356 481 Enimvero
383 457 413 480 ut
440 453 609 484 rumoribus,
634 460 666 483 ae
683 453 716 480 iis
741 460 802 488 qua:
817 454 958 482 communi

166 499 300 526 feruntur
321 499 404 532 fama,
421 499 525 533 aliquid
549 499 583 526 ad
602 499 684 526 ﬁdem
701 499 822 526 dandum
837 500 884 532 sit,
899 503 959 527 erat

171 546 312 572 oraculum
328 545 480 580 quoddam,
499 550 632 573 venturos
648 553 663 572 a
689 545 757 572 mari
783 552 815 572 ac
833 545 958 580 Alpibus,

171 591 219 626 qui
245 591 339 619 urbem
364 599 396 618 ac
413 599 463 618 nos
486 591 572 618 ulturi
596 596 700 624 essent,
731 591 844 626 foroque
862 596 892 618 ut
911 599 959 619 eos

171 644 268 664 omnes
284 637 453 670 videremus,
467 637 651 664 Barbarorum
679 637 703 663 vi
725 642 859 671 prostrata
876 642 959 672 atque

172 684 282 718 injuria.
299 683 475 718 postmodum
503 683 557 710 illis
579 683 683 710 servire
703 688 842 718 cogentes,
859 682 960 717 quibus

169 728 250 763 prius
261 729 486 764 imperavissent:
503 727 626 763 adeoque
641 728 752 755 Barbari
769 733 870 755 metunt
886 728 961 756 hunc

171 783 280 810 semper
296 775 395 802 animis
420 775 556 810 vigentem
575 775 686 805 habent.
704 779 734 802 ut
751 775 907 810 ubicunque
925 774 958 802 ad

171 820 380 848 deliberandum
394 820 590 852 convenerint,
610 820 662 847 hoe
685 819 820 853 obtineat,
841 819 912 847 haud
931 821 958 847 in

1053 455 1132 481 Ἀλλὰ
1149 455 1201 491 μὴν
1216 456 1242 481 εἴ
1253 464 1279 482 τι
1292 455 1333 481 δεῖ
1345 456 1403 486 ταῖς
1417 457 1522 490 φήμαις
1533 455 1580 482 καὶ
1595 456 1650 486 τοῖς
1664 457 1740 490 κοινῇ
1753 455 1798 481 λε-

1010 501 1135 534 γομένοις
1150 500 1198 526 οὐκ
1213 501 1348 532 ἁπιστλν,
1361 497 1395 534 ἦν
1412 508 1436 526 τι
1450 500 1540 533 λόγιον
1550 499 1582 526 ἐκ
1595 498 1642 525 τοῦ
1660 499 1796 533 πελάγους

1011 546 1057 573 καὶ
1072 546 1125 572 τῶν
1140 546 1266 573 ’Ἄλπεων
1281 546 1430 581 ἧξεινὲτοὺς
1444 547 1477 580 τῇ
1494 545 1570 572 πόλει
1587 545 1634 572 καὶ
1644 546 1710 581 ἡμῖν
1727 546 1799 579 ἀμυ-

1011 591 1140 622 νοῦντας·
1169 592 1216 618 καὶ
1242 591 1355 622 τούτους
1382 591 1483 621 πάντες
1501 588 1573 616 εἶδον
1597 591 1647 625 τὴν
1670 590 1720 624 μὲν
1744 591 1799 616 τῶν

1013 637 1160 672 βιρῆἀρων
1182 637 1262 672 ὕϐριν
1293 637 1442 672 στηρέσειν,
1464 637 1632 670 ἀναγκάσειν
1659 636 1681 662 δ’
1701 636 1800 666 αὐτοὺς

1010 683 1122 718 ὕστερον
1141 683 1287 714 δουλεύειν,
1304 680 1342 709 ὧν
1360 683 1494 717 πρότερον
1518 680 1604 718 ἦρχον
1615 683 1626 697 ’λ
1640 683 1688 707 καὶ
1713 681 1800 712 οὕτως

1009 729 1113 759 ἐντοῖς
1129 727 1182 754 τῶν
1199 727 1347 762 βαρϐάρων
1361 727 1460 761 ψυχαῖς
1477 727 1601 761 ἢκμαζεν
1617 727 1660 752 ἀεὶ
1674 726 1753 752 τοῦτο
1770 726 1802 750 ἰδ

1008 773 1077 805 δέος,
1111 772 1177 799 ὥσθ’
1194 773 1275 799 ὁπότε
1307 772 1479 803 συνελθόντες
1510 772 1690 806 βουλεύοιντο,
1720 771 1801 797 τοῦτο

1009 820 1097 853 νικᾷ-ι,
1116 820 1153 854 μὴ
1169 818 1224 844 δεῖν
1241 819 1313 852 πέρσ.
1327 818 1374 844 τοῦ
1392 818 1504 853 μετρίου
1530 819 1564 853 τῇ
1583 818 1650 851 mai;
1664 818 1738 852 ἡμᾶς
1754 826 1801 843 ita»

171 873 222 893 nos
246 865 455 893 immoderatius
477 873 539 893 esse
563 865 658 900 iniqua
683 865 826 893 vexatione
843 865 960 893 abutens

1013 865 1128 900 χρῆσθαι
1143 864 1298 900 πλεονξξίᾳ·
1313 863 1380 890 ἀλλὰ
1395 864 1465 890 κατὰ
1481 864 1578 897 μικρὸν
1589 864 1661 898 ἡμεῖς
1674 863 1800 895 ἀναλοῦν,

171 914 249 946 dum,
265 913 312 941 sed
339 914 469 948 paulatim
485 921 546 941 esse
562 913 781 945 consumendos.
798 922 848 942 nec
872 915 899 942 in
913 914 961 941 dc-

172 959 358 994 sperationem
374 959 522 995 cogendos,
540 967 575 986 ne
586 959 700 986 omnino
717 959 762 986 illa
777 960 912 994 persuasi,
927 960 960 987 ad

169 1013 219 1032 eos
245 1005 447 1040 confugiamus,
471 1006 519 1040 qui
540 1005 623 1033 modo
647 1010 745 1040 sponte
764 1005 877 1037 adsunt.
902 1011 961 1033 tan—

171 1058 254 1086 quam
270 1059 303 1078 eo
314 1057 415 1079 eventu
443 1051 511 1079 nihil
536 1051 589 1078 illis
611 1051 752 1086 expeditio
772 1058 804 1078 ac
819 1052 961 1079 contentio

172 1096 345 1124 conducibile
362 1097 493 1124 habeant.
505 1096 603 1123 Fauste
620 1097 713 1131 itaque
730 1103 810 1124 omen
826 1097 961 1132 suscipia~

172 1148 242 1171 mus.
257 1142 301 1169 cui
322 1147 349 1170 et
366 1143 457 1170 hostes
473 1143 602 1180 sntit-agio
617 1143 753 1170 accedant
766 1151 782 1175 ;_
791 1150 843 1170 nec
863 1151 958 1170 corutn

171 1193 233 1214 vota
251 1192 307 1214 rata
325 1187 468 1215 iaciamus.
483 1188 589 1222 Quippe
606 1188 741 1215 absonum
754 1188 852 1215 merito
866 1188 961 1216 vidca-

170 1237 227 1263 tur.
246 1237 275 1259 ut
292 1240 353 1259 cuni
379 1233 416 1258 illi
437 1233 561 1265 timeant,
579 1240 669 1267 exque
694 1237 779 1264 metu,
797 1232 870 1259 domi
890 1234 964 1260 viros

172 1286 284 1305 manere
306 1283 462 1312 precentur,
489 1279 600 1305 eosdem
629 1279 679 1313 ipsi
706 1278 848 1306 venientes
868 1279 964 1313 prohi-

172 1326 295 1353 beamus.
314 1333 409 1359 Sicque
435 1324 556 1351 hostium
589 1325 734 1359 cupiditati
752 1326 893 1359 cooperari
924 1326 963 1350 \i-

169 1371 296 1397 deutuur.

1011 910 1072 946 μηδ’
1088 910 1245 944 ἀπόγνωσιν
1267 911 1332 945 ἡμῖν
1353 910 1488 944 ἐμποιεῖν,
1509 909 1580 935 ὥστε
1600 909 1637 944 μὴ
1657 909 1800 940 παντελῶς

1009 958 1189 991 ἀπογνόντας,
1209 957 1256 983 ἐπὶ
1270 957 1383 986 τούτους
1401 957 1596 990 καταφεύγειν,
1616 955 1642 982 οἳ
1659 955 1708 982 νῦν
1721 955 1801 982 αὐτό-

1011 1012 1092 1038 ματοι
1107 1003 1247 1038 πάρεισιν,
1255 1002 1292 1034 ὡς
1309 1002 1363 1037 τότ’
1380 1002 1470 1033 αὐτοῖς
1487 1002 1675 1035 ἀντεπεξιὲναι
1691 1003 1736 1028 καὶ
1754 1011 1801 1036 φι-

1010 1049 1140 1076 λονεικεῖν
1156 1050 1186 1075 οὺ
1195 1049 1328 1076 συνοίςον.
1342 1048 1487 1083 Δεχώμεϐι
1501 1049 1528 1074 δὲ
1543 1049 1589 1074 τὸν
1603 1049 1696 1074 οἰωνὸν
1709 1049 1799 1084 ἀγαϐῇ

1013 1095 1092 1130 τύχῃ,
1107 1092 1129 1129 ᾧ
1141 1095 1188 1121 Li.
1201 1095 1235 1120 -ιὰ
1244 1094 1319 1128 παρὰ
1334 1094 1387 1120 τῶν
1403 1094 1508 1129 ἐχθρῶν
1522 1094 1738 1128 συμψηφῐζεται·
1753 1094 1802 1121 καὶ

1015 1142 1053 1175 μὴ
1067 1141 1161 1175 κυρίας
1175 1141 1224 1172 τὰς
1239 1140 1322 1174 εὐχὰς
1339 1140 1396 1171 τοῖς
1408 1140 1557 1174 βαρῦάροις
1571 1140 1703 1173 ποιῶμεν.
1719 1140 1802 1165 Ἀτο-

1015 1196 1065 1214 πον
1080 1188 1133 1221 γὰρ
1147 1187 1259 1213 ἐκείνων
1275 1185 1361 1212 ταῦτα
1378 1186 1588 1220 πεφοϐημένων,
1603 1187 1649 1212 καὶ
1663 1185 1707 1212 διὰ
1721 1187 1802 1214 τοῦτο

1014 1234 1168 1268 εὐχομένων
1188 1233 1257 1259 οἴκοι
1277 1232 1369 1267 μένειν
1389 1232 1452 1263 τοὺς
1471 1232 1581 1267 ἄνδρας,
1598 1233 1671 1266 ἡμᾶς
1684 1232 1802 1258 κωλύειν

1014 1281 1112 1310 αὐτοὺς
1124 1279 1241 1314 ἣκοντας
1251 1286 1258 1293 ⁶
1278 1278 1325 1304 καὶ
1339 1277 1410 1304 οὕτω
1422 1279 1477 1309 τοῖς
1492 1278 1632 1312 πολεμίοις
1647 1285 1803 1312 συγκατερ-

1015 1327 1079 1359 γὰζε
1087 1326 1146 1351 :81:
1160 1325 1247 1358 δοκεῖν
1259 1324 1307 1358 τὴν
1323 1323 1482 1358 ἐπιθυμίαν.

1324 1467 1547 1472 V~.—_
1571 1464 1799 1472 _—————

574 1540 779 1574 MONITUM
797 1542 846 1573 IN
867 1541 1117 1573 ΟΠΑΤΙΟΝΕΜ
1137 1543 1401 1580 SEQUENTE,"

878 1617 1015 1648 (Counsns.
1035 1616 1106 1648 ibid.)

215 1731 298 1759 Multa
314 1730 450 1760 Laonicus
466 1730 500 1760 de
516 1730 652 1767 Gallipoli,
666 1738 747 1766 quam
762 1731 810 1758 lib.
827 1738 854 1758 ιν
867 1730 946 1757 πόλιν
958 1730 1104 1765 εὐδαίμονα
1121 1736 1209 1758 vocat.
1232 1729 1389 1759 Tenuerzmt
1409 1736 1515 1766 tempus
1535 1732 1646 1768 aliquod
1663 1733 1802 1768 Catalani,

174 1780 273 1808 'l‘urcm
289 1780 316 1807 in
337 1779 475 1814 Europam
493 1780 723 1812 transmittentes,
740 1779 798 1807 fere
818 1780 845 1806 in
860 1786 902 1811 ea,
920 1779 1028 1806 urbium
1045 1779 1162 1813 primam
1179 1786 1236 1806 suae
1250 1779 1364 1807 ditionis
1388 1779 1520 1814 fecerant,
1544 1789 1631 1816 eaque
1647 1783 1726 1817 potiti
1755 1784 1808 1813 im-

175 1829 279 1856 mensis
293 1828 426 1863 deinceps
443 1827 569 1856 clatibus
585 1827 744 1856 Grtccorum
761 1827 958 1862 rempublicam
972 1826 1123 1854 all'ecerant
1138 1835 1145 1854 :
1162 1835 1280 1862 quortun
1295 1828 1350 1864 jam
1367 1829 1417 1856 sub
1433 1829 1557 1865 Bajazete
1572 1831 1696 1868 reliqum;
1707 1834 1807 1862 ἀειριειε

171 1881 278 1908 essent,
295 1884 326 1904 ac
340 1880 419 1911 capta
437 1875 705 1910 Constantinopolis,
720 1875 773 1903 nisi
791 1874 922 1903 Temeres
937 1875 1038 1911 Scytha
1054 1875 1184 1903 eumdem
1207 1876 1356 1905 delevisset
1374 1885 1407 1906 ae
1433 1881 1567 1908 tantillum
1586 1881 1637 1908 sub
1651 1881 1806 1910 Machmcte

171 1924 232 1958 ejus
249 1923 304 1950 [ilio
320 1929 460 1957 respirare
477 1922 599 1950 sivisset.
616 1921 656 1949 Eo
674 1922 811 1949 exstincto
824 1929 856 1949 ac
870 1921 1001 1949 Amurate
1017 1922 1129 1949 ineunte
1147 1922 1306 1958 imperium,
1319 1925 1344 1952 ei
1367 1925 1454 1953 ϐιτΕυί
1477 1926 1648 1962 Mustapbam
1664 1927 1808 1962 objecere,

174 1977 237 1998 eum
258 1977 313 2005 quo
331 1971 415 1998 etiam
435 1974 571 2005 ceperunt
594 1968 749 2004 Callipolim
767 1969 856 1997 eidem
881 1970 1027 1998 facientem
1052 1970 1247 2002 deditionem:
1274 1973 1359 2008 idque
1385 1982 1470 2001 unum
1495 1974 1552 2002 fere
1587 1975 1674 2002 Graeci
1700 1976 1808 2011 prmii

170 2018 234 2044 loco
248 2016 412 2044 videbantur
431 2024 446 2043 a
465 2015 610 2051 Mustapha
623 2015 745 2051 exigere,
763 2019 794 2043 ut
807 2023 904 2044 eorum
931 2016 1074 2054 Callipolis
1090 2019 1204 2047 ditionis
1228 2019 1325 2053 fieret;
1341 2021 1425 2055 quod
1436 2025 1525 2048 tamen
1542 2021 1638 2049 Turcze
1652 2029 1711 2048 eam
1729 2021 1808 2050 inco~

171 2066 260 2093 lentes
281 2065 424 2100 aegerrime
442 2064 589 2098 ferebant;
616 2071 648 2091 ac
674 2071 726 2092 nec
748 2065 921 2102 acquievisse
944 2067 1096 2103 Mustaphae
1121 2068 1224 2096 volenti
1252 2067 1372 2100 tradere,
1396 2068 1478 2096 tradit
1502 2068 1656 2102 Laonicus;
1682 2077 1806 2104 praesen;

173 2117 265 2138 tamen
281 2111 457 2143 deliberatio,
474 2110 557 2145 pleno
572 2111 635 2145 jure
650 2111 805 2148 subiectam
835 2113 939 2142 Graecis
966 2114 1105 2142 civitatem
1127 2114 1236 2142 videtur
1256 2114 1432 2150 signiﬁcare;
1457 2123 1508 2143 nec
1536 2123 1570 2143 eo
1593 2116 1675 2144 modo
1693 2120 1804 2151 captam

172 2166 229 2193 quo
244 2158 322 2192 ponit
338 2157 486 2190 Laonicus,
502 2158 549 2185 sed
566 2166 582 2188 ιι
598 2158 703 2188 Latinis
714 2169 746 2189 ac
759 2162 871 2195 comite,
888 2162 936 2197 qui
953 2162 1078 2190 subsidio
1094 2163 1233 2190 venissent
1248 2162 1362 2195 Gra'cis,
1387 2163 1445 2190 sola
1461 2163 1487 2190 in
1504 2171 1552 2191 eos
1563 2164 1664 2198 pietate
1675 2171 1708 2191 ac
1721 2163 1806 2190 mise-

175 2206 294 2234 ric0rdia
312 2206 392 2239 moti,
405 2206 481 2241 quod
497 2206 672 2237 Christianos
686 2209 814 2237 homines
837 2210 878 2237 sic
905 2218 920 2237 a
941 2210 1070 2238 Barbaris
1097 2218 1128 2238 ac
1149 2211 1242 2246 impiis
1267 2211 1412 2240 audissent
1437 2212 1508 2239 male
1537 2211 1649 2244 haberi;
1667 2219 1733 2239 num
1761 2211 1807 2239 ille

173 2253 296 2280 auitoris
311 2260 406 2283 centes
421 2255 457 2282 sit
470 2254 594 2290 Smyrna:
609 2256 748 2290 princeps,
764 2263 846 2287 quem
862 2256 998 2284 Laonicus
1017 2256 1174 2284 Graecorum
1188 2257 1276 2292 copiis
1293 2258 1400 2286 socium
1426 2259 1574 2285 accessisse
1589 2257 1682 2290 tradit,
1698 2257 1808 2285 tuendtn

174 2297 243 2334 parti
256 2297 411 2335 Hustapbae
428 2308 461 2327 ac
478 2301 618 2336 capienda:
633 2301 781 2337 Gallipoli?
799 2301 832 2329 Ut
847 2307 876 2328 ut
907 2303 1017 2336 habeat,
1045 2303 1141 2336 habes,
1169 2304 1441 2340 Cbristianopolitice
1465 2305 1562 2337 lector,
1580 2312 1636 2340 quo
1652 2303 1806 2331 Turcarum

173 2348 321 2381 dignoscas
339 2347 490 2379 solertiam,
506 2352 535 2375 et
548 2351 578 2374 ut
594 2348 631 2375 ita
648 2348 732 2376 rebus
745 2348 885 2380 auxerint,
903 2349 1027 2383 quaesitis
1041 2357 1073 2377 ac
1087 2357 1137 2377 suo
1149 2350 1264 2386 adjectis
1277 2351 1401 2379 dominio
1412 2352 1562 2379 commodis
1576 2350 1702 2383 urbibus,
1719 2358 1808 2385 quan-

174 2400 288 2430 tumque
303 2403 356 2422 una
375 2394 441 2422 urbs
453 2394 545 2429 aliqua
566 2395 664 2424 aﬂ'erat
686 2396 770 2423 rebus
792 2398 935 2424 momenti.
953 2395 1022 2424 Vide
1046 2397 1117 2432 apud
1135 2397 1335 2425 Leunclavium
1351 2398 1522 2433 deploratam
1547 2398 1708 2425 Graecorum
1728 2398 1808 2424 ἀναι-

175 2442 303 2477 σθησίαν,
323 2446 402 2476 capta
418 2448 433 2468 a
446 2441 545 2469 Turcis
562 2441 682 2477 primum
698 2450 731 2470 ea
749 2443 827 2476 urbe,
847 2450 895 2470 seu
916 2443 976 2471 leve
991 2443 1121 2471 damnum
1142 2444 1247 2471 illatum
1260 2449 1350 2477 esset;
1374 2444 1548 2479 subindeque
1574 2450 1721 2479 regnorum
1740 2443 1810 2470 inte-

173 2496 284 2524 grorum
310 2495 358 2523 per
373 2493 485 2517 nostros
511 2489 699 2522 amissionem,
727 2489 842 2518 ludcnte
867 2490 971 2525 Cypro,
999 2498 1032 2518 ac
1055 2490 1129 2522 aliis,
1148 2490 1270 2518 fabulam
1287 2498 1294 2518 :
1311 2495 1395 2525 tuque
1421 2491 1540 2526 idipsum
1566 2490 1723 2518 Christiana
1745 2495 1809 2517 vere

174 2537 276 2572 pietate
294 2544 326 2564 ac
340 2544 434 2571 sensu,
450 2537 530 2565 modo
546 2538 573 2565 in
587 2537 669 2565 Creta
686 2537 818 2572 deplora:
837 2545 888 2565 nec
900 2539 962 2573 ejus
979 2543 1058 2572 putes
1073 2539 1213 2566 montibus
1237 2538 1387 2566 sistendam
1413 2538 1561 2570 ﬂammam,
1579 2542 1610 2564 ut
1622 2545 1657 2565 ne
1670 2537 1808 2572 reliquum

171 2583 269 2611 orbem
297 2582 497 2617 Christianum,
525 2584 578 2611 nisi
607 2584 824 2620 expergisciinur
852 2593 884 2612 ae
917 2586 1020 2612 sentire
1049 2585 1214 2620 incipimus,
1245 2586 1287 2613 vel
1316 2586 1374 2614 Deo
1399 2586 1549 2614 ulciscentc
1583 2584 1652 2612 dura
1681 2584 1808 2619 viscera,

172 2631 314 2666 depascat.
