1942 3090
164 129 230 162 1011

798 135 987 165 DEMETRII
1008 135 1164 165 CYDONII

1714 132 1783 164 1012

164 189 267 223 grande
292 189 363 217 adeo
386 190 537 225 perieulum
552 199 602 226 pro
616 192 751 219 concione
769 192 804 218 de
817 192 944 218 adversa-

998 191 1126 218 τοπῦτον
1141 191 1257 226 ἐχούσης
1269 191 1325 222 τοῖς
1336 190 1445 224 λέγουσι
1460 188 1581 216 κὲνδυνον
1591 189 1640 224 τῆς
1651 190 1717 224 περὶ
1727 190 1784 216 τῶν

161 235 211 262 riis
232 234 342 262 dicturo
359 235 512 269 immineat,
534 236 606 264 haud
635 237 777 264 enimvero
796 245 811 264 e
841 237 946 264 ratione

159 279 205 308 sit.
221 284 252 306 ut
267 287 329 306 cum
345 281 475 314 coeperim
492 281 593 315 aliqua,
611 289 625 308 a
642 281 810 309 consulendo
822 282 893 316 quod
911 283 946 308 sit

160 333 177 352 e
202 332 232 352 re
246 325 397 354 communi.
418 326 583 353 abstineant.
608 326 728 361 Equum
750 335 833 361 porro
852 327 944 359 fuerit,

163 375 193 398 ut
208 376 237 398 et
256 370 306 405 ipsi
333 380 386 398 non
403 372 517 399 moleste
533 373 636 405 feratis,
652 373 674 400 si
692 381 809 408 quorum
824 373 945 401 rationes

159 417 261 443 vestris
278 417 370 444 minus
384 418 541 445 consentire
557 419 711 446 senseritis.
729 419 788 447 Non
808 420 881 447 enim
900 427 944 446 ur-

160 461 210 488 hes
224 462 258 488 de
281 462 363 490 rebus
378 468 455 490 extra
475 471 583 490 omnem
611 465 827 492 controversiam
848 465 946 500 positis

161 507 297 541 dispicere
325 508 415 535 solent
437 517 468 537 ac
485 509 657 542 deliberare;
675 510 723 538 sed
748 510 783 538 de
807 511 943 543 obscuris,

159 560 192 580 ac
217 553 278 586 eius
292 555 414 588 generis,
431 560 461 581 ut
476 555 509 582 de
525 555 579 582 illis
593 556 655 590 quis
670 557 808 584 contraria
833 556 938 589 dicens,

160 598 231 625 haud
255 600 355 626 stultus
381 600 519 628 videatur.
543 601 611 634 Quia
638 609 702 638 ergo
726 603 807 630 modo
833 610 943 638 quoque

159 644 289 677 prudenti
310 646 427 678 ratione,
443 649 598 675 communis
614 653 767 676 conventus
781 655 812 676 ac
836 648 942 676 consilii

159 691 266 724 copiam
285 691 399 723 fecistis,
413 693 534 720 alienum
548 694 583 721 sit
597 702 611 721 a
626 695 732 722 ratione
749 694 897 730 indignari,
914 700 944 722 ut

158 735 221 768 quis
235 735 373 763 adversam
391 737 549 771 opinioan
566 738 769 771 insinuaverit;
791 747 853 766 cum
874 747 943 774 pro:-

159 780 253 807 scrtim
269 788 352 815 penes
367 789 416 808 vos
433 782 468 809 sit
485 789 517 808 ac
538 782 620 809 vestri
635 783 756 813 arbitrii.
773 787 802 809 ut
818 782 860 809 vel
878 790 943 817 pro-

159 824 258 852 hanles
271 826 443 859 sententiam,
458 835 490 854 ea
509 827 635 860 utamini,
647 821 693 854 'vel
705 827 868 855 adversariis
885 828 942 855 vic-

159 871 278 902 toribus,
293 879 352 906 quae
366 871 422 899 visa
439 872 542 900 fuerint
560 874 724 908 sequamini.
741 873 862 900 Primum
879 874 942 907 qui-

158 916 220 942 dem
235 917 286 944 hoc
297 917 482 955 cogitandum,
495 917 646 952 Callipolim
659 926 729 947 cs.<e.
744 927 796 953 qua
809 919 872 946 boui
886 919 942 950 isti,

159 969 192 989 ac
206 962 282 990 urbis
296 970 325 990 se
340 970 433 990 curam
455 963 572 998 professi
587 972 677 998 agere.
698 964 824 991 hostibus
844 964 944 991 ceden-

160 1009 224 1034 dum
241 1008 419 1042 admoneant,
438 1017 519 1044 qualn
546 1017 654 1044 semper
674 1018 766 1037 rerum
787 1015 940 1037 noslrarunl

159 1055 385 1088 pretiosissimam
404 1055 542 1088 duximus,
557 1063 588 1082 ac
608 1061 774 1083 momentum
794 1055 941 1082 maximum

159 1099 307 1127 habeutvm
319 1100 352 1127 ad
368 1100 548 1127 Barbarorum
564 1100 676 1128 bellum.

196 1145 249 1172 Sed
278 1151 307 1174 et
335 1147 361 1173 iu
389 1146 569 1174 conventibus
595 1147 722 1181 publicis.
749 1154 781 1174 ac
807 1147 941 1178 consiliis,

159 1190 271 1224 quando
285 1190 386 1225 cuique
407 1191 478 1223 quod
493 1191 574 1218 libeat
588 1192 650 1218 cum
664 1191 763 1219 llducia
778 1192 842 1219 licet
855 1192 941 1226 loqui,

159 1235 234 1270 quod
253 1235 363 1270 quidem
375 1241 482 1271 spectat
502 1237 535 1264 ad
557 1237 621 1270 alia,
636 1237 729 1272 plures
745 1238 807 1272 quis
823 1239 940 1265 invicem

159 1280 337 1308 adversantes
360 1281 496 1314 audierit,
519 1289 551 1310 ac
572 1282 640 1309 alios
659 1282 769 1318 quidem
790 1283 848 1310 haec
869 1290 945 1310 asse-

160 1326 350 1361 rentesLallos
374 1334 439 1353 vero
455 1332 597 1362 negantes.
613 1328 750 1356 neminem
773 1335 838 1356 vero
855 1336 943 1369 usque

159 1370 230 1399 adeo
245 1371 458 1405 contentiosum,
474 1377 504 1400 ut
521 1381 578 1400 rem
596 1374 717 1409 aliquam
732 1373 855 1409 Gallipoli
872 1382 944 1409 pra:-

162 1417 314 1445 habendam
332 1419 489 1455 putaverit:
507 1419 575 1454 quiti
597 1427 650 1447 una
667 1419 723 1448 hmc
748 1419 849 1455 ubique
872 1420 949 1448 obtix

160 1463 244 1491 nebat
258 1464 404 1495 sententia,
417 1465 617 1500 uLpraasidium
637 1467 831 1500 relineremus,
842 1467 941 1497 nullis-

160 1517 215 1544 que
240 1509 284 1537 vel
313 1509 454 1538 laboribus
475 1511 516 1538 vel
542 1511 673 1545 impensis
687 1520 871 1545 parceremus,
887 1521 941 1548 quo

160 1555 229 1582 illud
247 1562 355 1590 semper
369 1555 428 1583 urbi
450 1561 609 1583 servaretur
627 1557 771 1585 incolume.
795 1558 829 1585 Ut
843 1559 882 1586 sic
895 1566 943 1585 au-

161 1606 216 1628 tem
241 1601 363 1628 universi
380 1600 413 1628 dc
429 1602 556 1638 praesidio
575 1603 723 1634 senlin-nt,
742 1604 768 1630 in
786 1611 867 1632 causa
895 1605 946 1633 fuit

160 1647 478 1684 experientia.quodque
492 1655 524 1675 ea
539 1648 664 1684 magistra
678 1655 849 1685 compertum
863 1656 945 1684 esset,

160 1698 296 1728 quantum
312 1701 422 1730 semper
435 1694 517 1721 rebus
531 1695 633 1722 nostris
645 1695 712 1724 illud
727 1697 857 1724 momenti
874 1702 947 1726 attu-

161 1741 249 1770 lisset.
261 1740 338 1774 Quod
361 1740 435 1768 enim
456 1741 572 1770 necdum
586 1743 698 1772 omnino
712 1751 761 1771 ceu
778 1743 862 1771 fluctu
878 1752 947 1779 quo-

161 1786 225 1814 dam
249 1786 341 1813 obruti
363 1787 485 1814 universi
509 1786 653 1819 fuerimus,
680 1795 712 1815 ac
737 1788 823 1816 (irasci
846 1789 946 1824 reliqui

163 1837 301 1867 quotquot
324 1832 462 1868 Europam
481 1832 616 1866 habitant,
637 1841 712 1867 cum,
727 1835 774 1869 qui
796 1834 850 1868 iam
868 1836 947 1863 nobis

162 1879 254 1907 lnfosti
273 1879 416 1913 ingruunt,
430 1879 523 1907 Asiam
544 1880 676 1907 ducerent
694 1887 726 1907 ac
741 1880 768 1907 in
782 1881 880 1908 castris
901 1882 948 1909 ha-

161 1924 271 1957 berent,
283 1923 348 1950 illud
360 1931 442 1950 causa
453 1923 516 1951 fuit.
526 1923 604 1957 Quod
616 1923 747 1953 nimirum
758 1924 838 1955 illud.
851 1925 949 1953 Helle-

160 1969 236 2005 ponti
243 1968 370 1997 omnibus
381 1968 488 1995 moeniis
497 1969 768 2004 opportunissimum,
779 1971 902 2006 interque
911 1973 949 2000 al-

160 2024 241 2043 veum
252 2023 284 2043 ac
294 2015 387 2042 fauces
398 2016 527 2049 positum,
538 2015 610 2042 unde
621 2016 756 2043 solventes
766 2016 946 2045 Barbarorum

161 2069 245 2090 naves
258 2061 468 2096 haudquaquam
482 2061 566 2088 latere
577 2066 715 2096 poterant,
732 2062 787 2090 illic
799 2063 947 2090 stationem

161 2107 327 2134 habentibus
343 2106 501 2134 triremibus
514 2107 626 2138 nostris,
643 2112 671 2134 ut
685 2107 770 2135 libere
784 2109 949 2137 Cohiberent

160 2151 356 2179 latrocinantes
367 2151 675 2187 Barbaros.nostrisque
691 2157 720 2179 ut
731 2155 813 2181 urbes
830 2159 888 2181 tuto
902 2155 949 2182 ha-

999 238 1130 264 ἐναντίων
1144 236 1326 274 δημηγορίας.
1346 236 1397 262 οὐκ
1423 235 1532 270 εὔλογον
1553 233 1612 271 8ὲῇ
1637 235 1718 262 τινῶν
1731 234 1784 269 ἄρ’
1819 253 1823 255 »

998 284 1082 316 ξαντα
1100 283 1152 317 τῆς
1165 283 1235 318 ὑπὲρ
1246 282 1292 309 τοῦ
1307 281 1398 309 κοινοῦ
1422 282 1608 316 συμφέροντος
1625 281 1783 316 συμϐουλῆς

998 328 1178 363 ἀποσχέσθαι.
1190 328 1295 354 Δίκαιοι
1311 327 1333 354 δ’
1345 328 1377 355 ἃν
1392 328 1467 362 εῐητε
1483 327 1532 354 καὶ
1548 328 1626 362 ὑμεῖς
1648 327 1686 362 μὴ
1701 326 1783 362 χαλε-

998 374 1115 406 παίνειν,
1132 373 1164 400 ἄν
1178 382 1259 399 τινων
1275 373 1422 408 λογισμοὺς
1433 373 1489 404 τοῖς
1504 373 1649 407 ἡμετέροι·
1663 371 1699 406 μὴ
1713 380 1784 405 συμ-

997 417 1140 448 ϐαίνοντας
1157 416 1301 451 αἴσθησθε.
1317 417 1355 443 Οὐ
1377 416 1430 451 γὰρ
1446 417 1512 450 περὶ
1524 413 1561 442 ὧν
1575 415 1661 446 οὐδεὶς
1676 414 1783 441 ἀντιλέ-

996 471 1049 496 γει,
1070 463 1134 497 περὶ
1156 463 1258 489 τούτων
1282 463 1310 488 αί
1339 462 1432 494 πόλεις
1462 461 1572 488 εἰώθασι
1597 461 1709 487 σκοπεῖν
1732 459 1780 486 καὶ

997 508 1189 542 βουλεύεσθαι·
1208 508 1276 534 ἀλλὰ
1298 509 1363 543 περὶ
1387 508 1441 534 τῶν
1465 508 1579 542 ἀδήλων,
1600 507 1648 533 καὶ
1665 507 1729 540 περὶ
1743 502 1782 532 ὧν

996 562 1038 585 τις
1053 553 1182 580 τάναντία
1199 553 1295 587 λέγων,
1316 554 1346 580 οὺ
1363 553 1433 585 δόξει
1450 553 1554 588 ληρεῖν.
1589 552 1667 578 Ἐπεὶ
1690 552 1781 577 τοίνυν

996 600 1042 625 καὶ
1060 600 1115 630 τοῖς
1136 598 1267 634 παροῦσιν
1287 598 1317 625 εὖ
1347 598 1485 629 ποιοῦντες
1514 597 1662 632 ἐκκλησίαν
1683 597 1783 623 (1:705:-

995 645 1098 672 δώκαττ
1113 645 1162 672 καὶ
1175 645 1285 680 βουλὴν,
1307 644 1404 678 ἄλογον
1423 643 1620 679 δυσχεραίνειν,
1636 642 1663 669 εί
1675 651 1716 674 τις
1731 642 1781 668 καὶ

994 692 1044 727 τῆς
1065 692 1188 723 ἐναντίας
1215 691 1326 719 ἅπτοιτο
1345 691 1442 726 δόξης⁵
1469 690 1558 721 ἄλλως
1583 698 1613 716 τε
1637 690 1683 715 καὶ
1710 688 1781 722 μετὰ

995 738 1059 769 τοὺς
1074 738 1169 772 λόγους
1187 739 1228 772 ἐφ’
1244 739 1310 773 ἡμῖν
1334 738 1410 769 ὄντος
1433 738 1449 772 ἦ
1479 737 1528 772 τὴν
1545 735 1658 771 γνώμην
1672 735 1783 761 ἐπαινέ-

995 791 1095 815 σαντας
1110 783 1263 819 χρήσασθαι
1278 785 1375 819 ταύτῃ,
1392 784 1420 819 ἢ,
1434 783 1489 810 τῶν
1502 783 1632 809 ἐναντίων
1647 781 1783 816 κρατούν-

994 838 1058 863 των,
1072 831 1129 861 τοῖς
1143 830 1251 862 δόξασιν
1275 831 1401 857 ἔπεσθαι.
1425 829 1538 865 Πρῶτον
1559 829 1608 864 μὲν
1630 827 1677 854 οὖν
1693 829 1784 854 έκεῖνο

998 875 1166 910 ἐνθυμητέον
1178 896 1186 906 ,
1206 877 1244 907 ὡς
1257 875 1327 910 αὕτη
1353 876 1380 910 γ’
1394 876 1468 902 ἐστὶν
1483 876 1499 910 ὴ
1515 874 1689 906 Καλλίπολις,
1706 870 1740 908 ἦς
1759 874 1786 899 οἱ

999 920 1112 955 χρηστοὶ
1126 920 1172 946 καὶ
1192 921 1239 954 τῆς
1259 919 1362 950 πόλεως
1380 919 1532 955 φροντίζειν
1545 919 1695 952 φάσκοντες
1710 914 1786 944 οὗτοι

997 966 1054 997 τοῖς
1069 965 1207 1000 πολεμίοις
1227 964 1405 998 παραινοῦσιν
1420 964 1560 998 ἐκστῆναι,
1573 964 1606 999 ἣν
1619 963 1663 989 ἀεὶ
1673 963 1785 989 πάντων

998 1011 1052 1038 τῶν
1080 1012 1222 1046 ἡμετέρων
1257 1011 1405 1046 κτημάτων
1437 1010 1579 1045 ἡγούμεθα
1608 1008 1785 1044 τιμιώτερον,

998 1058 1045 1084 καὶ
1058 1058 1188 1092 μεγίστην
1204 1058 1270 1092 ἡμῖν
1288 1058 1445 1084 συντέλειαν
1461 1056 1528 1092 προς
1543 1057 1589 1082 τὸν
1606 1056 1658 1082 τῶν
1679 1055 1788 1091 βαρϐα-

1000 1111 1055 1137 ρων
1076 1102 1194 1136 πόλεμον
1215 1102 1405 1137 παρασχέσθαι
1419 1100 1579 1134 δυνάμενον.

1040 1147 1121 1176 Ἀλλὰ
1137 1148 1189 1174 κάν
1203 1149 1262 1178 ταῖς
1277 1147 1446 1181 ἐκκλησίαις,
1459 1146 1510 1172 κὰν
1526 1147 1586 1177 ταῖς
1605 1145 1723 1180 βουλαῖς,
1737 1145 1783 1171 ὅτε

999 1195 1067 1221 πᾶσι
1084 1193 1151 1223 μετὰ
1166 1193 1323 1228 παρρησίας
1340 1193 1370 1219 τδ
1385 1192 1480 1219 δοκοῦν
1502 1191 1589 1224 ἔξεστι
1601 1191 1704 1226 λέγειν,
1718 1191 1786 1224 περὶ

999 1241 1049 1276 μὲν
1075 1240 1129 1266 τῶν
1153 1239 1239 1265 ἄλλων
1267 1239 1366 1273 ἥκουεν
1389 1239 1421 1265 ἄν
1448 1246 1490 1269 τις
1516 1237 1641 1272 ἀλλήλοις
1667 1236 1783 1267 πολλοὺς

998 1285 1236 1319 ἐναντιουμένους·
1254 1284 1300 1310 καὶ
1318 1283 1382 1310 τάδε
1405 1283 1454 1318 μὲν
1471 1283 1518 1310 ὑπ’
1539 1282 1627 1310 ἄλλων
1640 1282 1781 1316 τιθέμενα,

998 1330 1044 1357 ὑπ’
1067 1329 1155 1357 ἄλλων
1173 1329 1202 1356 δὶ
1229 1329 1431 1363 ἀναιρούμενα·
1460 1328 1612 1364 φιλόνεικος
1637 1327 1666 1354 δὲ
1695 1325 1783 1357 οὕτως

997 1375 1096 1409 οὐδεὶς,
1110 1374 1176 1402 ὥστ’
1189 1373 1283 1407 ἀξιοῦν
1296 1374 1361 1401 ἄλλο
1374 1381 1401 1400 τι
1416 1374 1464 1408 τῆς
1478 1372 1670 1403 Καλλιπόλεως
1689 1378 1784 1406 προτι-

1000 1422 1071 1457 μᾷν⁹
1084 1420 1153 1448 ἀλλα
1170 1419 1240 1455 αὕτη
1252 1419 1284 1455 δὴ
1303 1419 1352 1454 μία
1364 1419 1461 1454 γνώμη
1475 1419 1518 1446 διὰ
1535 1418 1644 1445 πάντων
1659 1416 1783 1450 ἐκράτει,

997 1467 1155 1503 ἀντέχεσθαι
1176 1466 1223 1493 τοῦ
1237 1466 1378 1502 φρουρίου,
1400 1466 1448 1492 καὶ
1470 1464 1550 1491 πάνθ’
1572 1464 1718 1498 ὑπομένειν
1732 1461 1783 1488 καὶ

999 1513 1148 1545 πονοῦντας
1166 1513 1213 1540 καὶ
1227 1512 1424 1544 ἀναλίσκοντας
1442 1511 1512 1538 ὥστε
1535 1511 1588 1538 σῶν
1600 1510 1645 1538 ἀεὶ
1658 1511 1690 1545 τῇ
1705 1509 1782 1536 πόλει

997 1561 1151 1594 τηρεῖσθαι.
1169 1559 1222 1586 Τοῦ
1246 1559 1268 1586 δ’
1286 1558 1357 1585 οὕτω
1382 1558 1486 1584 πάντας
1501 1557 1565 1592 περὶ
1581 1556 1628 1583 τοῦ
1648 1551 1781 1590 φρουρίου

998 1607 1108 1641 φρονεῖν
1123 1606 1208 1631 αἴτιον
1223 1606 1238 1640 ἡ
1257 1606 1351 1640 πεῖρα.
1368 1605 1416 1631 καὶ
1428 1604 1457 1631 τὸ
1474 1605 1539 1640 παρ’
1556 1604 1641 1638 αὐτῆς
1658 1601 1785 1638 διδαχθῆ-

997 1660 1053 1684 ναι,
1071 1653 1132 1678 ἶσον
1153 1651 1195 1677 ἀεὶ
1214 1652 1269 1682 τοῖς
1283 1651 1429 1685 ἡμετέροις
1454 1651 1603 1684 συνήνεγκε
1626 1649 1784 1684 πράγμασι.

998 1698 1052 1724 Τοῦ
1071 1698 1124 1732 γὰρ
1143 1697 1180 1731 μὴ
1203 1697 1375 1723 παντάπασιν
1396 1696 1492 1731 ὥσπερ
1507 1697 1559 1722 ὐτιὸ
1573 1704 1645 1727 τινος
1660 1695 1784 1729 κύματος

999 1743 1238 1774 utaris-ream;
1257 1742 1351 1777 μηκέτ’
1363 1739 1433 1769 εἶναι
1453 1742 1556 1773 πάντας
1572 1742 1644 1776 ἡμᾶς
1659 1741 1706 1767 καὶ
1719 1740 1785 1772 τοὺς

998 1789 1109 1820 λοιποῖς
1125 1789 1261 1823 Ἴὶλληναε
1281 1789 1338 1815 ὅσοι
1357 1789 1406 1824 τὴν
1431 1789 1565 1823 Εὐρώπην
1591 1787 1723 1818 οἰκοῦσιν,
1739 1787 1785 1813 ὅτε

998 1835 1047 1867 τὴν
1069 1832 1160 1860 ’Ᾱσίαν
1177 1832 1245 1869 ἦγον
1260 1834 1307 1860 καὶ
1326 1834 1422 1869 ἔφερον
1440 1835 1464 1860 οί
1482 1834 1530 1866 νῦν
1549 1835 1616 1868 ἡμῖν
1639 1834 1785 1867 ἐπικείμε-

999 1889 1050 1912 νοι,
1072 1880 1144 1906 τοῦτ’
1165 1880 1251 1906 αἴτιον
1265 1877 1309 1915 ἦν.
1325 1879 1388 1905 Ὅτι
1413 1879 1444 1914 δὴ
1467 1879 1521 1905 τῶν
1544 1879 1573 1904 ἐν
1595 1878 1785 1912 Ἑλλησπόντῳ

998 1926 1096 1960 τειχῶν
1111 1926 1220 1952 πάντων
1236 1925 1445 1959 ἐπικαιρότατον
1460 1924 1501 1955 ὃν,
1518 1924 1644 1959 καὶπρὸς
1656 1924 1694 1958 τῷ
1709 1924 1786 1959 πόρῳ

1000 1972 1047 1999 καὶ
1064 1973 1101 2006 τῷ
1130 1971 1216 2006 στενῷ
1241 1970 1379 2004 κείμενον,
1410 1970 1471 1997 ὅθεν
1505 1971 1533 1997 αἱ
1560 1970 1614 1996 τῶν
1638 1970 1785 2005 βαρϐαρων

999 2019 1167 2052 ἀναγόμεναι
1195 2017 1257 2051 νῆες
1274 2017 1323 2043 οὐκ
1350 2016 1464 2051 ἔμελλον
1489 2016 1590 2051 λήσειν,
1608 2017 1665 2047 ’ττίΥ
1683 2016 1785 2050 ἡμετέ-

1001 2073 1061 2099 ραις
1077 2064 1217 2098 τριήρεσιν
1232 2062 1418 2098 ἐφορμούσαις
1433 2062 1526 2089 αὐτόθι
1545 2063 1674 2096 παρεῖχεν
1690 2062 1785 2089 ἄδειαν

999 2111 1063 2140 τοὺς
1091 2109 1146 2135 τῶν
1175 2108 1319 2143 βτρϐἀρων
1347 2107 1485 2142 ἀνείργειν
1512 2107 1624 2142 λῃστὰς,
1652 2107 1699 2133 καὶ
1726 2108 1785 2138 τοῖς

1000 2154 1145 2189 ἡμετέροις
1173 2154 1302 2187 ἀσφαλῶς
1329 2153 1378 2185 τὰς
1405 2147 1497 2185 πόλεις
1524 2155 1617 2180 οίκιίν.
1635 2152 1784 2179 Ἐπειτόὺ

160 2198 291 2228 hilarent.
303 2201 452 2232 praestaret.
467 2197 613 2231 Prmlerea,
629 2198 729 2226 nedum
746 2207 779 2226 ex
797 2199 877 2227 malis
889 2208 944 2234 quae

1003 2200 1083 2234 μόνον
1099 2201 1130 2226 ἐκ
1145 2199 1200 2225 τῶν
1219 2199 1358 2233 δυσχερῶν
1384 2195 1420 2225 ὧν
1437 2217 1446 2226 .
1463 2218 1472 2226 .
1489 2218 1497 2226 .
1515 2217 1523 2225 .
1541 2217 1550 2225 .
1567 2217 1576 2225 .
1592 2197 1787 2233 πεπειράμεοα

160 2243 346 2275 cavimus,sed
356 2248 383 2271 et
390 2252 422 2271 ex
432 2244 466 2271 iis
477 2252 593 2279 quorum
602 2252 635 2272 eo
643 2245 744 2274 amisso
751 2246 866 2274 fecimus
874 2247 946 2282 peri-

160 2289 253 2317 culum
264 2289 445 2324 facimusque,
460 2291 560 2318 clarius
572 2291 684 2326 liqueat.
697 2292 765 2320 nihil
781 2293 858 2320 nobis
874 2299 945 2327 csse,

159 2342 215 2369 quo
224 2342 277 2362 non
294 2336 369 2368 prius
382 2342 463 2369 quam
478 2335 523 2364 illo
533 2336 630 2363 cedere
641 2336 800 2364 debeamus.
810 2337 945 2366 Ubienim

162 2388 224 2414 qua:
239 2380 266 2406 in
283 2379 462 2416 Hellesponto
474 2389 506 2409 ac
521 2382 688 2417 Propontide
702 2383 774 2411 facta
791 2385 944 2418 quassatio,

161 2426 289 2453 universa
315 2427 426 2458 evertit.
450 2426 502 2454 hoc
529 2435 639 2463 quoque
660 2428 787 2456 Barbaris
813 2429 944 2464 oppidum

162 2471 332 2506 tradidisset,
345 2480 407 2500 cum
420 2472 609 2502 Chersonesus
623 2479 678 2502 tota
695 2474 748 2502 illis
770 2475 878 2502 addicta
891 2480 944 2508 est,

162 2523 218 2544 tum
243 2517 326 2545 urbes
349 2511 482 2551 Thraciis,
502 2519 600 2547 ditioni
624 2519 804 2552 adiecerunt;
828 2527 859 2547 ac
879 2528 945 2548 nec-

162 2564 225 2589 dum
243 2569 338 2590 exacto
361 2571 444 2596 anno,
460 2571 473 2590 a
492 2564 570 2592 nobis
588 2564 690 2592 tributa
714 2570 874 2600 exegerunt,
890 2570 946 2594 ter-

162 2616 275 2643 ramque
306 2616 322 2637 e
347 2609 478 2636 mmnium
502 2609 611 2644 regione
643 2610 761 2645 positam
786 2616 944 2639 araverunt.

160 2654 232 2687 Quin
263 2659 291 2681 et
314 2659 342 2681 ut
366 2654 429 2689 quis
456 2655 596 2689 praesentis
621 2655 726 2690 probri,
745 2661 827 2690 utque
848 2656 946 2684 civitas

162 2707 211 2733 pro
227 2699 267 2726 sic
293 2699 415 2734 ingloriis
427 2708 458 2727 ac
474 2699 624 2728 humilibus
646 2700 796 2728 deliberare
820 2706 944 2735 cogatur,

160 2744 315 2778 Callipolim
332 2753 441 2772 causam
458 2745 572 2778 dixerit,
589 2752 621 2772 ac
641 2744 713 2778 quod
728 2752 759 2772 ea
779 2745 880 2772 amissa
898 2745 944 2778 sit,

162 2790 299 2818 neminem
317 2789 374 2818 fore
400 2791 519 2818 arbitror
534 2790 580 2825 qui
603 2790 782 2818 contradicat.
803 2790 854 2823 Qui
879 2798 945 2826 ergo

161 2843 218 2866 non
233 2835 382 2867 absurdum
392 2857 400 2873 ,
417 2841 444 2865 ut
461 2837 494 2865 iis
509 2844 570 2875 qua:
583 2836 727 2874 praesentia
749 2835 818 2865 adeo
833 2835 945 2872 prolue-

1000 2245 1047 2271 καὶ
1068 2245 1217 2281 πειρώμεθ’
1243 2244 1310 2271 αὐτὸ
1336 2243 1518 2275 ἀπολέσαντες
1537 2244 1628 2280 ῥᾴδιον
1656 2244 1784 2276 συνιδεῖν,

998 2291 1036 2322 ὡς
1055 2292 1154 2323 παντὸς
1177 2291 1278 2326 μᾶλλον
1292 2290 1345 2317 τῶι
1369 2290 1548 2325 ὑπαρχόντων
1574 2290 1640 2324 ἡμῖν
1662 2290 1786 2316 ἀποστα-

999 2339 1059 2365 τέον
1074 2337 1093 2372 ἢ
1110 2337 1217 2364 τούτου.
1239 2336 1292 2363 Τοῦ
1309 2336 1363 2371 γὰρ
1378 2337 1444 2370 περὶ
1452 2336 1497 2362 τὸν
1519 2335 1714 2372 Ἑλλήσποντον
1738 2336 1787 2362 καὶ

999 2382 1048 2418 τὴν
1081 2381 1252 2417 Προποντίδα
1287 2382 1441 2416 συμϐάντος
1473 2381 1586 2416 σεισμοῦ
1629 2381 1658 2412 ὃς
1697 2382 1786 2408 πάντα

999 2428 1141 2463 ἀνέτρτψε,
1178 2428 1226 2454 καὶ
1253 2427 1284 2453 τὸ
1308 2427 1410 2461 χωρίον
1441 2427 1522 2454 τοῦτο
1548 2429 1605 2458 τοῖς
1637 2427 1786 2462 βαρὸἁροις

1000 2473 1213 2508 προδεδωκότος.
1229 2472 1247 2508 ἦ
1261 2480 1291 2498 τε
1308 2472 1480 2507 Χερρόνησος
1494 2472 1569 2498 πᾶσα
1591 2472 1699 2503 τούτοις
1715 2473 1788 2499 €605-

998 2518 1090 2550 λευσε,
1114 2518 1161 2545 καὶ
1174 2518 1223 2549 τὰς
1238 2518 1266 2544 έν
1280 2518 1375 2553 Θρᾴκῃ
1393 2517 1487 2549 πόλεις
1510 2517 1544 2544 δι’
1561 2517 1666 2544 ἑαυτῶν
1687 2518 1788 2552 Eneti}-

999 2573 1093 2597 σαντο,
1107 2564 1153 2591 καὶ
1169 2564 1233 2599 πρὶν
1247 2564 1307 2595 ἔτος
1323 2564 1443 2598 ἐξήκειν,
1457 2565 1558 2599 φόρους
1573 2573 1604 2590 τε
1617 2565 1690 2598 ἡμᾶς
1701 2565 1789 2600 ἐπρά-

1001 2611 1092 2644 ξαντο,
1109 2611 1157 2637 καὶ
1168 2611 1217 2644 τὴν
1232 2610 1284 2645 πρὸ
1299 2610 1355 2636 τῶν
1365 2609 1462 2644 τειχῶν
1479 2609 1575 2643 ἔτεμον
1589 2611 1654 2645 γῆν.
1670 2611 1728 2637 Κᾶν
1745 2619 1788 2642 τις

999 2656 1049 2690 τῆς
1079 2655 1221 2690 παρούσης
1238 2655 1381 2690 αίσχύνης,
1398 2655 1445 2682 καὶ
1466 2655 1514 2682 τοῦ
1540 2655 1605 2690 περὶ
1630 2655 1685 2681 τῶν
1699 2655 1788 2687 οὕτως

1000 2700 1101 2733 ἀδόξων
1121 2701 1168 2726 καὶ
1180 2700 1318 2726 ταπεινῶν
1335 2700 1384 2735 τὴν
1400 2700 1478 2726 πόλιν
1493 2699 1678 2735 βουλεύεσθαι.
1696 2702 1787 2727 αὶτὶαν

999 2745 1049 2780 τὴν
1064 2743 1231 2770 Καλλίπολιν
1249 2745 1295 2771 καὶ
1310 2744 1359 2779 τὴν
1373 2744 1479 2780 ἐκείνης
1494 2744 1634 2771 ἀπώλειαν
1649 2742 1718 2771 εἶναι
1735 2747 1785 2780 φῇ,

999 2792 1094 2819 οὐδένα
1111 2791 1144 2817 ἂν
1160 2790 1217 2826 ἔχοι
1231 2791 1276 2817 τὸν
1291 2791 1476 2825 ἀντιλέγοντα.
1496 2791 1558 2822 Πῶς
1580 2790 1628 2817 οὖν
1651 2791 1702 2818 οὐκ
1723 2792 1787 2818 ἄτο-

1000 2845 1061 2871 πον,
1078 2836 1095 2864 ἃ.
1110 2837 1231 2872 παρόντα
1247 2837 1296 2872 μὲν
1311 2837 1444 2872 τοσαύτην
1461 2837 1560 2873 ἤνεγκε
1575 2836 1626 2874 τὴν
1637 2837 1784 2873 ὠφέλειαν,
