1942 3090
115 99 177 132 1023

531 95 671 127 ORATIO
692 96 742 126 DE
775 94 853 126 NON
871 94 1080 126 REDDENDA
1100 93 1312 124 CALLIPOLI.

1656 92 1726 125 10M

115 157 232 194 χειροῦσι
269 154 367 182 πολλαὶ
405 153 570 188 φανήσονται
612 153 681 189 πρδς
708 153 758 188 τὴν
786 153 898 180 ἐκείνων

957 151 1087 179 nvenerit
1109 157 1116 176 ι
1142 150 1280 184 multaque
1307 148 1540 184 aggredientibus.
1566 148 1666 182 quibus
1696 157 1728 176 ea

115 201 272 235 καθαίρεσιν
286 198 419 233 ἀφορμαί.
437 198 492 224 Καὶ
510 198 588 230 τοῦτο
604 198 788 233 μαρτυροῦσιν
811 198 837 224 οί
849 198 897 224 νῦν

115 247 281 276 ἀποστάντες
305 244 360 271 τῶν
385 244 516 276 οἰκείων,
542 243 589 270 καὶ
614 243 734 278 πόλεμον
771 243 897 278 φανερῶς

115 292 179 326 πρὸς
196 290 317 321 ἐκείνους
332 290 532 324 ἐξενεγκόντες·
550 287 590 321 οἷς
603 289 631 316 εῐ
641 299 684 321 τις
699 290 896 321 ἐπικελεύοιτο,

115 337 159 363 καὶ
187 337 327 371 χρήμασιν
351 336 454 369 ὀλίγοις
481 336 530 362 καὶ
566 336 710 371 συμμαχίᾳ
737 337 786 366 τὰς
809 335 897 370 ὁρμὰς

116 382 276 418 ἐπιρρώσειε
293 382 341 408 καὶ
357 381 592 416 συμπροθυμοῖτο,
610 382 675 413 ἴσως
691 381 735 413 ἂν,
754 381 897 415 ἀξιόμαχοι

116 430 263 463 γενόμενοι,
280 427 425 463 τράποιντο
442 428 491 461 μὲν
511 427 553 462 ἐφ’
567 427 675 458 αὐτούς·
694 428 766 462 ἡμᾶς
780 426 803 453 δ’
816 427 832 462 ἢ
846 435 898 462 μη-

116 475 156 500 δὲν
173 474 189 509 ἦ
208 473 313 500 ἐλάττω
340 472 494 507 βλάπτοιεν,
514 473 710 508 ἀσχολούμενοι
736 473 804 507 πρὸς
819 473 900 507 ἀλλή-

117 520 185 551 λους.
216 519 296 545 Ἀλλὰ
314 519 367 553 μὴν
392 519 439 545 καὶ
465 518 541 554 παρὰ
554 519 608 544 τῶν
632 518 775 553 Τριϐαλῶν
798 518 898 553 ἥκουσι

117 563 257 597 πρέσϐεις,
278 562 418 595 ἀξιοῦντες
429 563 505 596 κοινῇ
531 562 594 591 τοὺς
619 563 725 592 κοινοὺς
752 561 900 596 πολεμίους

118 608 289 643 ἀμύνασθαι,
317 607 364 633 καὶ
389 606 495 640 γάμους
522 606 671 640 αίτοῦντες,
697 607 746 633 καὶ
769 607 900 642 χρήματα

119 653 340 688 ὑπισχνούμενοι,
357 653 392 678 δι’
417 649 454 678 ὧν
474 652 577 678 οἴονται
604 653 726 686 κινήσειν
750 652 834 686 ἡμᾶς·
854 650 900 682 οὓς

119 699 243 734 βεϐαίους
257 699 310 734 χρὴ
325 698 446 733 νομίζειν
463 698 573 724 ἔσεσθαι
593 698 754 733 συμμάχους
771 698 848 733 ἡμῖν,
862 697 899 729 ὡς

124 745 156 772 ἂν
187 745 234 772 καὶ
259 744 338 772 αὐτοὶ
380 744 456 778 παρὰ
483 744 538 770 τῶν
574 743 722 779 βαρϐάρων
748 744 902 779 ἠδίκηνται.

125 791 192 817 ’Δλλ“
212 791 261 825 οὐχ
284 789 362 825 ἡμῶν
387 790 468 824 χάριν
494 790 710 824 ἀμυνουμένους,
738 789 808 816 εἴποι
828 789 851 815 δ’
867 790 900 816 ἄν

950 196 1054 224 destrui
1070 195 1186 231 possint.
1203 199 1362 230 argumenta
1381 199 1535 221 occurrent.
1554 194 1648 222 Testes
1667 199 1731 221 sunt

950 243 997 277 qui
1013 250 1027 269 a
1045 241 1103 269 suis
1119 241 1199 268 modo
1215 241 1386 272 defecerunt,
1404 240 1498 275 eisque
1519 240 1607 274 palam
1630 241 1730 268 bellum

951 287 1114 319 intulerunt,
1125 286 1225 321 quibus
1239 291 1269 313 ut
1283 286 1344 320 quis
1360 285 1464 320 jubeat,
1476 286 1670 320 nonnullisque
1685 293 1732 321 pe-

950 325 1039 361 cuniis
1061 341 1092 360 ac
1118 333 1184 360 belli
1206 331 1330 359 subsidio
1354 339 1449 358 eorum
1471 336 1588 358 conatus
1611 332 1732 364 roboret,

952 387 983 406 ac
995 379 1096 406 sociam
1107 378 1275 405 alacritatem
1288 377 1422 409 ostendat.
1434 378 1489 408 apti
1507 377 1575 404 forte
1589 377 1734 405 bellatores

952 424 1053 456 etfecti,
1071 424 1098 451 in
1123 431 1187 451 suos
1203 427 1408 454 convertantur,
1421 423 1527 456 sibique
1546 429 1641 450 mutuo
1667 423 1735 450 infe-

952 475 1043 497 rentes
1067 469 1180 501 bellum,
1201 469 1243 496 vel
1266 469 1345 500 nihil,
1370 473 1418 495 aut
1432 468 1497 503 quid
1523 468 1661 496 modicum
1686 477 1736 496 nos

953 516 1061 543 laedant.
1077 516 1146 548 Quin
1163 520 1191 542 et
1205 515 1308 542 Tribali
1323 514 1497 542 destinarunt
1512 514 1624 549 legatos,
1640 523 1736 550 rogau—

952 570 995 592 tes
1019 569 1049 591 ut
1072 563 1210 591 communi
1234 563 1350 591 consilio
1379 570 1539 590 communes
1556 563 1648 591 hostes
1665 563 1735 590 ulci-

953 617 1076 641 scamur,
1104 617 1134 636 ac
1148 609 1303 644 nuptiarum
1329 609 1486 636 societatem
1516 609 1652 640 ineamus.
1678 610 1735 644 pol-

953 655 1121 689 licer-tesque
1149 654 1294 688 pecunias,
1324 654 1424 688 quibus
1455 662 1504 681 nos
1529 654 1676 681 excitatum
1696 655 1734 681 -iri

953 704 1092 733 sperant:
1119 706 1189 733 quos
1215 699 1318 725 firmam
1345 698 1407 725 belli
1435 700 1592 726 societatem
1620 699 1735 726 inituros

954 744 1104 777 putandum
1122 747 1174 775 est,
1198 743 1271 777 quod
1289 748 1317 770 et
1335 743 1385 777 ipsi
1407 743 1512 778 experti
1529 743 1585 770 sint
1607 743 1734 770 Barbaro-

955 797 1013 816 rum
1030 789 1177 824 iniuriam:
1196 789 1268 816 haud
1287 797 1352 816 vero
1369 790 1440 816 dit-at
1455 790 1553 824 aliquis
1573 798 1606 816 eo
1626 790 1688 820 line,
1709 794 1736 815 ut

119 846 170 869 τις,
188 837 236 863 καὶ
249 836 326 869 ἄλλα,
341 837 360 863 ἃ
375 835 421 862 νῦν
439 836 488 871 μὲν
502 835 620 871 χαλεπὸν
630 836 786 863 καθέκαστσ.
799 835 900 870 λέγειν*

957 840 1060 862 nostras
1085 835 1199 870 injurias
1223 835 1404 865 ulciscantur.
1429 835 1551 870 aliaque,
1579 843 1639 870 qua:
1665 843 1737 862 nunc

120 883 198 914 αὐτὸς
213 882 236 908 δ’
249 882 263 908 ό
278 881 394 916 πόλεμος
410 881 570 916 κινούμενος
592 881 685 916 σαφῶς
700 882 790 908 πάντα
806 881 899 914 δείξει.

120 929 157 955 Ob
190 928 223 962 δὴ
251 927 355 954 δίκαιον
386 927 509 954 τοιοῦτον
535 928 781 962 παραπεπτωκότα
806 929 902 964 καιρὸν

121 974 246 1008 ἀφεῖναι·
273 972 331 999 ἀλλ’
358 973 419 999 ἐπεὶ
448 973 516 1007 μηδὲ
547 972 727 1008 βουλομένους
755 973 904 1008 ἡσυχάζειν

121 1019 308 1055 συγχωροῦσιν
324 1019 349 1046 οἱ
366 1018 514 1054 βάρϐαροι,
529 1018 587 1044 ἀλλ’
607 1018 714 1053 ἀνάγκη
731 1019 902 1052 καθημένους

119 1066 169 1099 τῆς
178 1065 232 1092 τῶν
246 1064 420 1100 ἀνδραπόδων
436 1063 521 1099 τύχης
538 1064 750 1099 κληρονομῆσαι·
771 1066 903 1098 χρηστέον

120 1112 175 1142 τοῖς
191 1111 309 1146 καιροῖς,
329 1110 377 1137 καὶ
405 1109 598 1145 προθυμητέον
619 1108 635 1144 ἢ
660 1109 707 1135 καὶ
722 1109 771 1144 τὴν
787 1110 904 1143 πατρίδα

121 1158 167 1185 καὶ
181 1157 245 1187 τοὺς
257 1155 412 1191 ὁμοφύλους
428 1155 600 1190 ἐλευθεροῦν,
618 1155 634 1188 ἦ
650 1157 774 1189 γενναῖον
799 1157 864 1189 γοῦν
878 1165 904 1183 τι

121 1204 167 1230 καὶ
178 1203 260 1230 καλὸν
278 1202 446 1236 πράξαντας,
468 1202 601 1236 μνημεῖον
620 1201 720 1236 ἀρετῆς
735 1202 790 1232 τοῖς
810 1201 907 1236 ἐσομέ-

121 1257 177 1280 νοις
191 1248 361 1275 καταλιπεῖν.
375 1247 406 1274 Εἰ
420 1247 444 1274 δ’
460 1247 585 1282 οἰόμεθα,
603 1247 751 1282 προδόντας
769 1247 818 1282 τὴν
831 1247 904 1274 Καλ-

121 1294 238 1326 λίπολιν,
255 1294 375 1329 οἰκήσειν
388 1292 517 1328 ἀσφαλῶς
533 1292 582 1327 τὴν
599 1292 728 1327 πατρίδα,
745 1292 851 1319 δέδοικα
868 1292 905 1327 μὴ

122 1340 170 1367 καὶ
182 1339 285 1374 ταύτης
307 1339 376 1373 μετὰ
394 1339 492 1374 μικρὸν
507 1338 680 1370 ἐκπεσόντες,
703 1338 759 1365 οὐδ’
772 1339 806 1374 ἣν
826 1340 905 1373 οἰκή-

122 1395 206 1421 σομεν
223 1385 349 1421 εὕρωμεν
367 1385 415 1411 τοῦ
432 1384 537 1412 λοιποῦ.
562 1385 610 1416 Τίς
629 1385 683 1419 γὰρ
706 1384 740 1411 ἂν
764 1385 826 1416 τοὺς
851 1385 906 1412 τῶν

121 1433 230 1460 οἰκείων
243 1432 376 1467 προδότας
388 1430 515 1466 ἐπιϐῆναι
527 1430 576 1466 τῆς
588 1430 685 1458 ἑαυτοῦ
694 1432 883 1467 συγχωρήσειε
897 1438 906 1463 ;

121 1479 169 1510 Τίς
185 1478 214 1504 δὲ
229 1478 292 1509 τοὺς
307 1476 355 1504 τοῦ
371 1476 494 1504 τοιούτου
512 1476 614 1512 μύσους
631 1477 820 1511 σκυτόχειρας,
838 1476 906 1511 πρός

121 1532 186 1551 τινα
200 1523 253 1550 τῶν
279 1522 389 1558 σεμνῶν
413 1522 541 1558 πράξεων
565 1521 736 1556 ἐπιτηδείους
751 1521 907 1556 ὴγήσεται;

128 1565 202 1592 Ἀλλ’
215 1566 345 1600 ὅσοισπερ
362 1565 396 1591 ἂν
410 1564 488 1600 ἡμῶν
503 1564 616 1598 γένηται
628 1564 677 1594 τὰς
691 1562 745 1589 τῶν
762 1562 908 1598 βαρϐάρων

122 1612 217 1646 χεῖρας
242 1611 403 1644 διαφυγεῖν,
429 1609 625 1644 πλανησόμεθα
654 1609 704 1644 μὲν
730 1609 909 1638 λανθάνοντες

122 1658 190 1692 περὶ
203 1657 253 1688 τὰς
267 1656 429 1688 ἀλλοδαπὰς·
449 1656 501 1683 κᾶν
520 1665 571 1682 που
590 1655 733 1690 φανῶμεν,
747 1656 814 1692 ἀραὶ
833 1654 910 1689 παρὰ

123 1704 232 1730 πάντων
248 1703 315 1738 ἡμῖν
334 1702 444 1737 ἕψονται
467 1702 516 1729 καὶ
541 1701 706 1737 κατηγορίαι
738 1701 786 1728 καὶ
810 1701 908 1735 γέλως.

123 1749 241 1780 Τούτους
254 1749 282 1775 δὲ
306 1748 376 1784 χρῆν
396 1747 533 1784 ὁρᾶσθαις
563 1748 687 1783 μετέχειν
711 1747 740 1774 δὲ
760 1747 908 1781 συλλόγου;

123 1796 254 1823 ἀναπνεῖν
267 1794 295 1821 δὲ
319 1795 408 1826 ﬁlum
432 1794 457 1820 οί
473 1793 603 1828 τοιαύτην
625 1793 676 1827 μὲν
695 1793 805 1827 ἔχοντες
820 1793 908 1824 πόλιν,

124 1841 242 1868 τοσαῦτα
256 1840 284 1867 δὲ
298 1840 440 1876 χρήματα,
464 1839 601 1875 τοσαύτην
618 1839 646 1866 δὲ
667 1839 794 1874 δύναμιν·
813 1839 910 1867 οσλάτ-

123 1895 173 1922 της
188 1886 216 1913 δὲ
229 1886 276 1913 καὶ
289 1886 341 1921 γῆς
353 1886 429 1917 ὅντες
440 1885 541 1920 κύριον
558 1885 647 1912 πάντα
658 1885 687 1912 δὲ
706 1885 735 1918 ἐξ
752 1885 910 1920 ἐπιτάγμα-

125 1941 172 1964 τος
196 1932 289 1958 ἀνύειν
302 1931 460 1966 δυνάμενοι,
476 1931 527 1965 τὴν
555 1930 607 1965 μὲν
623 1931 784 1966 περιουσίαν
802 1931 910 1966 ἐκείνην

125 1977 325 2013 βλακευόμενοι
343 1977 392 2004 καὶ
412 1976 591 2008 καθεύδοντες
613 1977 661 2003 καὶ
681 1976 838 2012 ὑϐρίζοντες
859 1977 912 2003 πᾶ-

125 2032 178 2050 σαν
203 2023 354 2058 ἀνήλωσαν·
380 2022 563 2053 τελευτῶντες
587 2022 626 2053 δὲ,
655 2023 703 2049 καὶ
717 2022 767 2058 τὴν
793 2023 910 2058 πατρίδα

125 2064 283 2102 οπριῖδόντες,
296 2065 344 2094 νῦν
358 2066 452 2102 ὥσπερ
466 2066 556 2092 κοινόν
570 2074 596 2092 τι
610 2067 749 2101 περιίασιν
765 2067 842 2100 ἄγος·
858 2066 912 2092 λοι-

127 2113 175 2148 μοί
188 2121 270 2145 τινες,
286 2112 334 2139 καὶ
355 2113 411 2143 τοῖς
425 2111 516 2142 ἄλλοις
531 2113 580 2145 τῆς
596 2111 676 2138 νόσου
700 2111 886 2146 μεταδιδόντες
902 2112 909 2138 !

952 882 1062 916 quidem
1081 888 1163 916 grave
1182 881 1218 908 sit
1232 881 1371 916 sigillatim
1389 881 1490 912 dicere.
1506 889 1620 916 quaeque
1637 877 1748 907 nihilo?

952 929 1044 956 minus
1067 927 1158 955 omnia
1185 933 1287 955 motum
1318 927 1419 955 bellum
1444 927 1549 962 liquido
1575 927 1737 955 declarabit.

954 973 1030 1001 Haud
1047 981 1111 1001 sane
1123 981 1243 1008 :equum,
1258 973 1421 1001 incidentem
1436 973 1569 1006 ejusmodi
1587 974 1624 1000 rei
1642 980 1738 1008 geren-

953 1019 995 1046 dae
1010 1019 1180 1046 Occasionem
1205 1019 1361 1052 dimittere;
1376 1027 1470 1046 verum
1487 1019 1549 1054 quia
1565 1026 1600 1046 ne
1611 1019 1738 1046 volentes

955 1064 1064 1099 quidem
1091 1064 1199 1092 Barbari
1218 1064 1380 1098 permittunt
1395 1065 1546 1099 quiescere,
1562 1064 1608 1091 sed
1626 1069 1669 1091 est
1693 1071 1739 1090 ne-

955 1116 1031 1137 cesse
1059 1114 1089 1136 ut
1113 1110 1242 1136 sedentes
1265 1118 1297 1137 ac
1321 1111 1413 1142 otiosi,
1437 1118 1578 1138 servorum
1601 1110 1737 1138 fortunam

955 1155 1112 1188 subeamus,
1130 1157 1263 1182 utendum
1279 1155 1480 1187 occasionibus.
1495 1163 1527 1182 ac
1542 1155 1625 1182 alacri
1638 1155 1740 1182 auden-

955 1201 1021 1227 dum
1047 1201 1138 1228 animo
1165 1206 1195 1228 ut
1219 1201 1262 1228 vel
1284 1201 1401 1235 patriam
1430 1208 1462 1228 ac
1487 1201 1603 1236 gentiles
1632 1205 1741 1228 nostros

955 1245 1084 1273 libertate
1108 1245 1256 1278 donemus,
1282 1247 1323 1273 vel
1349 1251 1423 1273 certe
1451 1252 1592 1273 strenuum
1615 1246 1682 1281 quid
1709 1255 1742 1274 ac

956 1292 1116 1326 praeclarum
1135 1292 1319 1327 designantes,
1339 1291 1449 1319 virtutis
1472 1297 1676 1319 monumentum
1695 1301 1742 1326 pu-

957 1338 1037 1364 steris
1051 1337 1250 1372 relinquamus.
1266 1337 1343 1370 Quod
1360 1337 1382 1364 si
1399 1337 1500 1372 putatis
1517 1338 1576 1365 fore
1592 1343 1621 1365 ut
1638 1338 1742 1365 traden-

957 1387 999 1410 tes
1020 1382 1174 1418 Callipolim
1199 1387 1258 1409 tuto
1280 1383 1395 1417 patriam
1412 1383 1578 1417 habitemus,
1600 1385 1683 1412 timeo
1706 1393 1741 1412 ne

957 1428 1032 1455 brevi
1046 1435 1106 1455 eam
1124 1429 1210 1463 ipsam
1228 1429 1394 1461 amittentes,
1411 1438 1446 1457 ne
1471 1430 1558 1457 solum
1580 1431 1690 1465 quidem
1713 1432 1740 1459 in

958 1481 1012 1507 quo
1024 1473 1180 1500 habitemus
1194 1473 1322 1508 deinceps
1336 1474 1518 1502 inveniamus.
1529 1475 1595 1509 Quis
1611 1477 1683 1504 enim
1695 1485 1744 1505 eos

959 1518 1006 1553 qui
1022 1526 1071 1545 sua
1087 1518 1137 1552 ipsi
1154 1519 1335 1553 prodiderint,
1349 1519 1375 1546 in
1391 1527 1468 1546 suam
1486 1520 1542 1554 ipse
1556 1522 1670 1555 patriam
1683 1530 1744 1557 per-

959 1563 1050 1591 mittat
1072 1564 1239 1591 ascendere?
1263 1565 1330 1598 Quis
1358 1566 1425 1592 tauti
1449 1567 1562 1593 sceleris
1581 1572 1742 1595 consutorvs

959 1615 1145 1643 auctoresque
1173 1610 1294 1638 honesta:
1311 1611 1358 1637 ulli
1379 1612 1479 1638 actioni
1497 1617 1670 1647 comparatos
1685 1614 1743 1640 exi-

959 1655 1100 1682 stimabit?
1126 1655 1273 1682 Enimvero
1297 1661 1432 1690 quotquot
1456 1661 1581 1684 nostrum
1606 1658 1744 1693 continget

960 1701 1141 1728 Barbarorum
1158 1709 1254 1728 tnauus
1276 1702 1407 1736 ellugcre,
1423 1702 1533 1729 obscuri
1557 1703 1694 1738 ignotique
1714 1704 1743 1731 in

959 1748 1097 1775 extraneis
1119 1747 1270 1782 provinciis
1295 1755 1390 1774 sumus
1412 1749 1535 1782 vagatori
1556 1757 1563 1775 :
1589 1748 1631 1776 sin
1651 1754 1742 1776 autem

960 1801 1150 1828 agnoscamur,
1172 1792 1295 1820 omnium
1306 1800 1356 1820 nos
1364 1793 1428 1820 dirae
1437 1798 1465 1820 et
1475 1794 1607 1828 vituperia
1619 1794 1745 1830 risusque

960 1844 1172 1875 prosequentur.
1184 1839 1273 1866 Eosne
1288 1838 1372 1866 videri
1384 1847 1433 1874 par
1447 1840 1521 1867 erat?
1536 1840 1563 1867 in
1578 1846 1743 1869 conventum

961 1885 1088 1912 admitti?
1101 1892 1216 1920 prorsus
1235 1889 1327 1912 autem
1344 1885 1445 1912 ducere
1459 1886 1605 1918 spiritum?
1617 1888 1662 1922 qui
1679 1885 1753 1916 urbe.

964 1935 1038 1958 tanta
1052 1931 1200 1965 potientes,
1212 1934 1265 1958 tam
1285 1930 1379 1958 multis
1393 1931 1508 1964 divitiis,
1519 1936 1592 1959 tanta
1609 1935 1744 1967 potentia;

963 1977 1010 2012 qui
1025 1977 1109 2004 maris
1123 1984 1155 2003 ac
1171 1981 1249 2004 terra:
1266 1976 1382 2009 domini,
1397 1977 1509 2012 soloque
1524 1978 1640 2013 imperio
1654 1980 1746 2006 omnia

963 2023 1085 2050 valentes
1100 2022 1245 2054 conficere,
1260 2023 1332 2049 illam
1347 2030 1456 2050 omnem
1475 2024 1654 2050 substantiam
1671 2024 1745 2051 molli

963 2068 1049 2101 victu,
1074 2075 1105 2095 ac
1127 2067 1305 2099 dormientes,
1324 2068 1547 2103 luxuriantesque
1570 2077 1748 2103 consumpsr—

963 2117 1042 2147 runt;
1063 2114 1226 2148 tandemque
1250 2114 1336 2148 ipsam
1358 2114 1473 2149 patriam
1497 2115 1654 2149 prodentes,
1673 2123 1748 2143 nunc

131 2158 214 2193 Ἡμῖν
229 2157 250 2184 δ’
265 2156 320 2184 οὔτ’
335 2156 489 2190 ἀντιλέγειν
504 2156 625 2188 ἐξέσται,
643 2156 680 2182 Τὸ
696 2157 750 2191 γὰρ
766 2156 820 2182 τῶν
836 2157 912 2190 ἐλέγ-

964 2167 1014 2186 ceu
1044 2166 1189 2186 commune
1218 2159 1354 2194 quoddam
1387 2160 1523 2194 piaculum
1558 2161 1747 2189 circumeunt?

126 2212 185 2238 χων
199 2202 302 2229 δίκαιον
315 2202 365 2235 τὴν
383 2202 542 2237 παρρησίαν
559 2199 699 2233 παντελῶς
716 2203 910 2237 ἀφαιρήσεταιθ

128 2249 177 2276 καὶ
200 2249 231 2275 τὸ
254 2249 348 2283 φέρειν
372 2249 568 2283 ὑϐριζομένους
595 2249 676 2280 ποίας
701 2249 732 2275 οὐ
760 2249 912 2283 βαρύτερον

126 2295 290 2328 συμφορᾶςί
312 2294 388 2321 Ὠστ’
404 2294 511 2329 ἀνάγκη
525 2295 638 2329 φεύγειν
654 2297 703 2330 μὲν
726 2295 828 2327 πόλεις,
847 2295 912 2328 φεύ-

128 2347 189 2374 γειν
202 2341 230 2366 δὲ
247 2340 404 2373 συλλόγους·
419 2341 459 2372 είς
479 2341 620 2376 χηραμους
636 2340 664 2367 δέ
687 2350 763 2371 τινας
776 2342 912 2368 καταδύν-

128 2392 187 2415 τας,
203 2384 262 2418 ζῇν,
277 2384 448 2419 κρύπτοντας
462 2384 523 2410 ὅθεν
540 2384 634 2418 ἐσμὲν,
655 2384 701 2410 καὶ
716 2385 766 2418 τὴν
781 2385 911 2418 τελευτὴν

128 2430 304 2464 εὐχομένους.
331 2428 400 2462 Οὓκ,
425 2429 474 2456 ἐὰν
498 2430 561 2464 ἐμοὶ
575 2429 716 2463 πείθησθε·
735 2429 792 2454 ἁλλ’
819 2430 842 2455 εἰ
871 2430 910 2464 μὴ

130 2477 272 2510 πρότερον,
298 2475 345 2501 νῦν
370 2474 436 2509 γοῦν
466 2475 605 2507 παντελῶς
623 2475 828 2510 ἀπιστήσαντε;
854 2477 910 2507 τοῖς

130 2521 289 2557 βαρϐάροις,
306 2521 352 2547 καὶ
367 2521 561 2551 πιστεύσαντες
582 2521 651 2555 πρὸς
667 2520 695 2547 ἓν
711 2521 804 2551 αὐτοῖς
822 2521 911 2547 πάντα

127 2568 236 2599 τείνειν,
263 2567 336 2597 ὅπως
359 2567 435 2601 ἡμᾶς
459 2566 743 2601 καταδουλωσάμενοι,
759 2567 837 2593 αὐτοὶ
862 2568 911 2601 μὲν

130 2613 274 2645 ἀφέλοιντο
298 2612 333 2637 τὰ
355 2612 490 2646 ἡμέτερα,
514 2612 570 2641 τοῖς
590 2611 612 2636 δ’
636 2611 780 2646 ἡμετέροις
805 2611 912 2646 σώμασι

127 2656 178 2688 ’τὰς
198 2657 252 2683 τῶν
276 2656 452 2698 ἀνδραπόδων
476 2657 595 2682 ὲπιῦεῖ.ν
619 2656 753 2690 ἀνάγκας,
772 2658 801 2684 σὺ
830 2658 913 2692 μόνον

128 2701 284 2735 ὰπόσχεσθε
298 2700 352 2727 τῶν
366 2701 424 2727 νυνὶ
439 2699 639 2735 βουλευματων·
657 2700 724 2726 ἀλλὰ
741 2702 787 2727 καὶ
800 2701 913 2733 δύσνους

127 2750 164 2781 τῇ
182 2747 259 2773 πόλει
284 2746 444 2780 νομίσαντες
471 2748 534 2776 τοὺς
559 2747 593 2773 τὰ
615 2747 727 2773 τοιαῦτα
754 2747 912 2781 τολμῶντας

129 2791 198 2825 ἡμῖν
220 2790 427 2825 συμϐουλεύειν,
446 2790 567 2817 πέμπειν
594 2791 642 2825 μὲν
668 2793 730 2823 τοὺς
747 2792 796 2825 τὴν
814 2793 914 2818 Καλλί-

239 2841 375 2869 hum.-
391 2840 450 2869 ϐα.
475 2837 577 2868 CLIV.

963 2209 1055 2240 pesles
1072 2204 1206 2239 qutedam,
1221 2205 1375 2240 morbique,
1398 2208 1522 2241 contagie
1537 2208 1607 2234 alios
1624 2208 1747 2235 inficien-

964 2251 1022 2278 tes?
1038 2251 1092 2278 Nos
1108 2255 1209 2281 autem.
1224 2258 1258 2277 ne
1272 2259 1326 2285 quo
1342 2252 1562 2280 contradieamtts
1574 2253 1683 2288 quidem
1700 2253 1747 2280 ha-

964 2294 1098 2321 hebimus.
1111 2294 1195 2321 Jusne
1208 2296 1282 2322 enim
1297 2295 1512 2330 vituperationes
1529 2304 1560 2323 ac
1577 2299 1747 2325 criminatio-

962 2347 1021 2369 nes.
1045 2340 1197 2367 libertatem
1218 2348 1326 2367 omnem
1353 2342 1501 2368 excusandi
1520 2342 1658 2376 auferent;
1676 2343 1748 2371 ferre

963 2391 1053 2412 autem
1068 2386 1108 2413 sic
1118 2391 1259 2420 exceptos,
1277 2393 1330 2420 qua
1345 2393 1399 2413 non
1420 2387 1573 2415 calamitate
1590 2389 1749 2425 molestius?

962 2430 1132 2465 Quapropter
1141 2438 1281 2458 necessum
1291 2437 1321 2458 ut
1329 2432 1408 2458 urbes
1416 2431 1551 2467 fugiamus
1560 2433 1749 2468 fugiamusque

962 2480 1123 2508 conventus,
1134 2480 1216 2511 atque
1228 2484 1278 2504 nos
1294 2477 1319 2503 in
1329 2478 1417 2504 antris
1426 2478 1590 2512 quibusdam
1610 2481 1742 2508 abtlcntes

962 2522 1045 2548 vitam
1059 2528 1181 2555 agamus,
1191 2521 1311 2549 celantes
1324 2523 1451 2556 patriam,
1464 2531 1495 2550 ac
1510 2529 1625 2551 morer
1640 2526 1665 2551 in
1679 2525 1747 2552 rotis

963 2566 1106 2593 habentes.
1137 2566 1352 2602 Haudquaquam
1385 2576 1450 2595 vero
1479 2569 1500 2596 si
1529 2570 1596 2596 mihi
1623 2571 1746 2598 creditis.

964 2611 1120 2643 Enimvero.
1147 2612 1189 2640 sin
1216 2613 1292 2647 prius
1323 2613 1520 2649 hactenusque.
1547 2615 1627 2642 modo
1651 2616 1746 2643 saltem

967 2656 1042 2684 omni
1057 2657 1164 2689 penitus
1181 2658 1308 2685 Barbaris
1332 2664 1429 2694 negata
1450 2660 1513 2692 title,
1530 2665 1659 2695 certoque
1682 2668 1749 2696 pcr-

964 2702 1048 2734 suasi,
1065 2710 1098 2730 eo
1113 2710 1161 2730 sua
1179 2703 1269 2730 omnia
1283 2704 1397 2731 consilia
1413 2705 1540 2740 dirigere,
1560 2711 1590 2733 ut
1605 2714 1654 2733 nos
1675 2707 1750 2734 redi-

964 2753 1059 2782 gentes
1081 2749 1108 2775 in
1137 2749 1307 2781 servitutem,
1334 2749 1384 2784 ipsi
1413 2757 1456 2777 res
1480 2751 1605 2778 auferant
1629 2759 1745 2785 nostras.

964 2794 1217 2829 mancipiorumque
1233 2795 1373 2830 obsequiis
1393 2803 1425 2822 ac
1450 2797 1667 2825 necessitatibus
1684 2798 1750 2826 sub.

1533 2845 1571 2874 33
