1942 3090
141 164 209 198 1οῐ5

756 165 904 196 CONTRA
923 165 1176 197 MAHOMETEM.

1687 160 1756 192 1046

139 230 213 247 νεται
225 221 253 247 δὲ
271 222 332 256 μηδ’
346 222 398 248 ὑπὸ
414 223 469 249 τῶν
486 223 620 252 Ἰουδαίων
629 225 744 260 Χριστὸν
758 225 922 260 ἀνῃρῆσθαι,

974 223 1039 252 lem.
1058 225 1086 252 In
1101 226 1201 260 quibus
1222 234 1282 253 cum
1315 224 1468 252 Manichzeis
1500 224 1637 251 convenit.
1659 222 1756 250 Addit-

141 265 210 300 μὴτε
226 267 427 301 σταυρωθῆναι,
441 268 511 294 ἀλλά
526 277 586 296 τινα
598 270 678 297 ἄλλον
705 271 801 305 ἐκείνῳ
819 271 920 305 ὅμοιον

139 308 168 333 ἐν
184 305 222 338 οἷς
238 309 406 345 συμφέρεται
427 312 597 346 Μανιχαὲοις.
623 314 787 348 Προστιθησι
815 323 845 341 τε
876 316 924 342 καὶ

138 353 169 379 τὸ
177 353 222 380 τὸν
237 354 304 381 Θεὸν
319 357 359 387 εις
377 357 473 384 ἑαυτὸν
488 359 722 392 μετακαλέσασοαι
735 360 779 386 τὸν
794 361 922 396 Χριστὸν,

141 399 187 425 καὶ
201 401 280 427 πάλιν
292 401 372 428 αὑτὸν
395 403 463 437 πρὸς
476 403 515 437 τῷ
530 404 600 429 τέλει
613 404 659 430 τοῦ
672 405 775 438 κόσμου
804 407 924 441 φανήσε-

142 442 213 474 σθαι,
233 444 280 470 καὶ
309 444 475 472 θανατώσειν
505 446 550 474 τὸν
585 447 776 483 ’Δντίχριστοψ
798 449 868 482 μετὰ
896 449 924 475 δὲ

142 486 227 514 ταῦτα
255 489 380 523 ποιήσειν
395 492 442 517 τὸν
457 491 523 518 Θεὸν
547 491 692 519 ἀποθανεῖν
719 494 766 519 τὸν
793 494 922 528 Χριστόν.

149 532 178 559 ’0
194 533 222 560 δὲ
236 534 267 560 τὸ
279 535 364 566 πάθος
387 536 553 570 ἀρνούμενος
573 537 620 564 τοῦ
650 537 769 573 Χριστοῦ
798 540 922 575 ἀρνεῖται

140 577 230 604 πάντα
246 578 278 605 τὰ
288 579 338 613 τῆς
359 580 520 615 Ἐκκλησιας
536 584 683 617 μυστήρια,
716 583 748 609 ἐκ
774 583 821 609 τοῦ
850 583 923 609 θείου

141 622 244 655 πάθους
258 624 289 649 τὸ
302 625 464 660 δραστήριον
475 627 581 661 ἔχοντα.
601 628 645 654 'Ev
658 626 698 659 οἷς
727 629 785 659 τοῖς
814 629 921 663 αἱρετι-

139 669 196 698 κοῖς
212 669 551 706 Δονατισταῖςσυμφρονεῖ.
572 673 641 707 Φησὶ
656 673 684 699 δὲ
707 672 754 699 καὶ
780 673 842 704 τοὺς
866 673 924 699 δαί-

142 719 224 744 μονας
237 712 366 741 δύνασθαι
382 716 500 750 σωθῆναι
513 716 556 743 διὰ
586 717 634 743 τοῦ
650 717 821 752 Ἀλκορίνου⁸
853 717 922 744 ὥστε

141 757 188 783 καὶ
222 758 334 790 πολλοὺς
359 760 448 787 αὐτῶν
469 761 547 789 τοῦτο
583 762 762 795 ἀκούσαντας,
795 763 921 796 γενέσθαι

141 801 343 837 Στῤῥακηνοϋς,
370 805 501 839 ἑπόμενος
527 807 555 833 ὲν
583 807 687 839 τούτοις
713 808 848 842 ἀμηγέπη
883 808 922 842 τῷ

141 847 282 882 Ὧριγὲνει,
297 850 383 883 λέγων
399 851 567 887 σωθήσεσθαι
579 852 787 887 τοὺςδαίμονας.
807 853 921 879 [ιλάττει

139 891 168 916 δὲ
183 893 228 918 καὶ
243 893 310 925 arpi;
323 893 367 920 τδν
394 894 460 920 Θεὺν
491 895 621 927 ἀνελθεῖν,
651 895 695 921 ὅτε
727 895 797 929 ὑπὲρ
828 896 922 922 τούτου
940 883 959 910 Β

142 936 185 961 τᾶν
213 936 332 971 Γαϐριὴλ
362 937 520 964 ἀπέστειλεν
551 938 658 970 ὀθεος,
690 939 737 965 καὶ
762 940 811 969 τὴν
844 941 923 974 χεῖρα

140 979 229 1012 τού-ῳ
243 981 289 1007 τὸν
303 981 376 1006 Θεδπν
391 982 533 1014 ἐπιθεῖναι,
552 984 596 1009 καὶ
621 983 752 1019 τοσαύτης
783 985 922 1019 ἁψαμένου

139 1024 185 1049 τοῦ
201 1024 268 1051 Θεοῦ
282 1025 388 1059 ψύξεως
400 1027 526 1062 αἴσθησιν
537 1028 628 1054 λαϐεῖν
637 1030 665 1055 ὲν
680 1029 717 1064 τῷ
729 1029 845 1064 σώματι,
861 1025 928 1057 ὥστ’

143 1069 226 1104 αὐτὴν
241 1069 355 1097 διελθεῖν
365 1072 451 1108 -μέχρι
476 1073 522 1099 τοῦ
553 1074 601 1106 τῆς
623 1074 728 1109 ῥάχεως
755 1075 865 1110 μυελοῦ.
880 1076 928 1102 Ἐν

139 1112 181 1146 οἷς
193 1116 271 1150 δῆλός
299 1118 357 1143 ἐστι
387 1118 520 1145 κοινωνῶν
540 1120 596 1151 τοῖς
626 1119 926 1155 Ἀνθρωπομορφίταις,

142 1161 295 1194 σωματικὴν
310 1162 443 1196 φάσκουσι
466 1164 512 1190 τὸν
523 1164 599 1191 Θεύν.
615 1165 696 1198 Λέγει
709 1165 736 1191 δὲ
747 1166 792 1192 καὶ
805 1167 834 1192 τὸ
847 1166 923 1200 ἆγιον

143 1205 252 1240 Ιινεῦμα
260 1207 373 1241 κτίσμα,
392 1208 551 1244 Μακεδονίῳ
569 1210 698 1245 συνᾴδων.
717 1211 760 1237 Ἐν
778 1209 817 1241 οἷς
828 1211 855 1238 δὲ
871 1213 925 1246 φά-

141 1251 273 1282 σκειτοὺς
283 1251 414 1285 ἀγγέλους
432 1252 561 1287 δαίμονας
591 1255 741 1288 γεγονέναι,
761 1256 797 1290 μὴ
830 1256 925 1292 βουλη-

139 1294 245 1328 θέντας,
263 1297 475 1330 προστάττοντος
490 1298 537 1324 τοῦ
549 1298 626 1331 Θεοῦ,
643 1300 689 1326 τδν
714 1301 799 1335 Ἀδὰμ
811 1310 927 1336 προσκυ-

140 1341 229 1375 νῆσαι,
250 1342 342 1368 οὐδένα
369 1343 534 1378 μιμούμενος
564 1345 698 1378 φαίνεται.
726 1346 847 1381 Ληρεῖδὲ
878 1349 926 1374 καὶ

140 1387 190 1421 τὴν
206 1387 323 1422 ἐσχάτην
332 1387 377 1414 τοῦ
394 1389 537 1424 ἀνθρώπου
554 1391 754 1425 μακαριότητα,
773 1393 802 1418 ἐν
825 1393 925 1419 ἀκολα-

141 1432 186 1467 σίᾳ
205 1432 252 1459 καὶ
265 1435 352 1469 τρυφῇ
369 1433 453 1468 λέγων
468 1432 548 1466 εἶναι,
564 1436 609 1462 καὶ
626 1437 742 1470 ἱματίοις
755 1437 923 1470 πολυτελέσι,

140 1480 185 1504 καλ
201 1479 385 1513 παραδείσοις·
403 1480 541 1513 ὁμολογῶν
567 1481 595 1506 ὲν
616 1481 720 1512 τούτοις
748 1482 870 1517 Ιίερίνοῳ
885 1484 924 1516 τῷ

141 1524 327 1570 αἱρετικῷνκαι
340 1533 409 1551 τισιν
422 1525 546 1560 ἀρχαίοις
557 1525 691 1556 ἀπίστοις.
703 1527 758 1554 Καὶ
783 1528 831 1562 τῆς
843 1537 921 1563 περι·
938 1543 958 1570 c

139 1569 225 1603 τομῆς
254 1569 282 1596 δὲ
313 1569 368 1596 δεῖν
400 1569 507 1605 ἔχεσθαι
536 1571 630 1604 λέγει,
651 1571 684 1597 τὰ
711 1571 758 1598 τοῦ
784 1572 921 1607 αἰρετικοῦ

141 1612 273 1643 Εὺΰιωνος
299 1612 426 1640 ἐπαινῶν.
445 1613 584 1648 Συγχωρεῖ
603 1614 631 1640 δὲ
652 1615 699 1641 καὶ
716 1615 817 1649 πλῆθος
830 1624 924 1650 γυναι-

141 1659 196 1685 κῶν
207 1659 234 1685 ὲν
248 1658 287 1693 τῷ
297 1658 389 1694 γάμῳ,
405 1658 535 1685 παλακῶν
549 1667 578 1685 τε
605 1659 650 1685 καὶ
666 1659 837 1694 θεραπαινῶν
858 1662 922 1687 ὀπό-

142 1713 190 1735 σας
203 1704 236 1731 ἄν
249 1713 290 1736 τις
306 1705 334 1730 ὲν
345 1705 454 1738 πολέμῳ
483 1704 574 1731 λαϐὼν
602 1704 710 1731 δύναιτο
737 1705 857 1740 τρέφειν’
875 1707 923 1733 καὶ

140 1750 189 1780 τὰς
199 1748 253 1775 τῶν
267 1748 353 1776 ἄλλων
373 1749 401 1776 δὲ
427 1750 557 1782 γυναῖκας
588 1749 743 1784 ἀδιαφόρως
764 1750 922 1784 λαμϐάνειν,

140 1795 196 1825 τοῖς
216 1795 363 1829 αἱρετικοῖς
390 1794 564 1825 Νικολαῑταις
592 1794 621 1820 ὲν
641 1795 746 1825 τούτοις
780 1796 921 1830 ἑπόμενος.

141 1839 248 1870 Πάντας
266 1839 294 1866 δὲ
322 1839 378 1866 δεῖν
411 1847 493 1874 φησιν
522 1839 690 1874 ἀναιρεῖσθαι
715 1839 778 1871 τοὺς
821 1840 858 1874 μὴ
883 1840 922 1874 τῷ

139 1881 234 1909 τοῦτου
247 1883 423 1917 πειθομένους
442 1883 527 1918 νόμῳ,
551 1883 621 1917 πλὴν
643 1883 666 1909 εἰ
689 1884 725 1917 μὴ
750 1884 848 1918 φόρους
876 1893 921 1910 τε-

139 1927 220 1955 λοῖεν.
234 1928 310 1954 Δοκεῖ
322 1928 349 1954 δὲ
366 1929 525 1969 συγχωρεῖν.
547 1929 594 1955 καὶ
618 1927 651 1954 τὰ
668 1928 824 1963 σοδομιτικὰ
841 1929 869 1955 ἐν
892 1938 922 1956 τε

141 1972 252 2008 ἀνδράσι
264 1972 309 1998 καὶ
331 1971 464 2005 γυναιξὶν,
478 1972 506 1998 ὲν
523 1971 560 2006 τῷ
581 1972 644 2005 περὶ
673 1972 723 2006 τῆς
747 1972 807 2006 βοὸς
835 1981 922 2007 κεφα-

140 2017 217 2052 λαιῳ’
245 2016 317 2043 εἶκαὶ
333 2017 357 2043 οἱ
373 2015 466 2043 τοῦτον
479 2016 662 2050 διαδεξάμενοι
682 2016 769 2043 ταῦτα
795 2017 923 2052 σεμνοτέ-

141 2069 203 2096 ραις
232 2062 303 2088 τισὶν
328 2060 474 2096 ἑξηγήσεσι
503 2060 750 2095 συγκαλύπτουσιν.
777 2061 808 2088 '0
819 2062 847 2088 δὲ
869 2064 923 2095 πᾶς

140 2107 235 2133 τούτου
251 2108 351 2138 σκοπός
363 2106 447 2139 ἐστιν,
474 2106 610 2140 ἀποκόψαι
632 2107 681 2141 μὲν
714 2107 767 2133 πᾶν
791 2107 858 2142 ὅπερ
888 2108 922 2135 ἂν

141 2153 211 2187 μέγα.
224 2152 272 2179 καὶ
295 2151 393 2186 σεμνὸν
420 2151 449 2177 ὲν
476 2153 508 2186 τῇ
540 2152 642 2183 πίστει,
685 2153 732 2178 καὶ
753 2152 914 2188 δυσχέρειαν

978 278 1041 304 que,
1057 275 1085 297 et
1110 271 1194 297 Deum
1213 271 1246 298 ad
1256 275 1292 298 ’se
1315 272 1402 305 ipsum
1424 269 1588 301 accersisse,
1613 272 1640 295 et
1661 275 1758 295 rursus

976 322 1039 342 eum
1055 315 1083 342 in
1102 315 1155 342 (ine
1183 316 1276 342 mundi
1304 315 1489 350 appariturum
1503 333 1510 345 ,
1534 318 1560 340 et
1580 313 1758 344 interemptu-

976 366 1037 385 rum
1057 359 1265 386 Antiehristum.
1285 359 1350 386 Post
1367 359 1425 386 haec
1467 363 1558 385 autem
1578 357 1658 384 faciet
1684 357 1757 384 Deus

974 403 1114 431 Christum
1133 405 1212 431 mori.
1228 404 1280 437 Qui
1304 409 1395 431 autem
1414 403 1567 438 passionem
1584 401 1686 429 Christi
1711 407 1758 427 ne-

975 452 1032 481 gat,
1050 453 1129 482 negat
1145 448 1236 475 omnia
1253 448 1383 475 Ecclesia:
1401 446 1528 482 mysteria
1539 467 1546 478 ,
1563 454 1623 481 qua!
1635 453 1650 472 a
1666 445 1758 472 divina

975 492 1104 527 passione
1125 492 1274 521 eﬂicaciam
1292 493 1403 520 habent.
1417 492 1447 520 ln
1471 491 1572 526 quibus
1593 499 1654 518 cum
1670 491 1759 518 Dona-

977 537 1048 565 tiSIis
1065 538 1202 565 hau‘eticis
1218 539 1358 565 convenit.
1383 537 1454 565 Dicit
1470 542 1560 564 autem
1579 541 1607 563 et
1622 537 1759 563 datrnones

975 590 1055 618 posse
1073 584 1170 610 salvari
1187 591 1234 618 per
1250 583 1415 610 Aleorannm
1433 588 1459 609 et
1474 582 1546 616 quod
1570 581 1645 608 mulll
1662 589 1757 608 eorum

975 635 1035 655 cum
1054 628 1106 655 hoe
1121 628 1308 660 audivissent,
1321 627 1384 655 {acti
1400 631 1464 654 sunt
1481 626 1621 659 Saraceni,
1637 634 1755 661 sequens

975 673 1002 700 in
1016 673 1058 700 his
1076 673 1168 708 aliquo
1183 674 1265 700 modo
1281 673 1427 708 Origenem
1442 672 1494 708 (1),
1511 673 1556 707 qui
1572 669 1757 699 dicit'salvan-

974 717 1024 746 dos
1035 718 1093 746 fore
1109 718 1257 745 daemones.
1276 718 1401 752 Dicitque
1411 722 1438 744 et
1449 717 1482 744 ad
1497 717 1580 744 Deum
1591 716 1758 748 ascendisse.

975 764 1085 799 quando
1101 771 1151 798 pro
1171 772 1203 792 eo
1225 763 1380 791 Gabrielem
1402 762 1475 790 misit
1495 763 1578 793 Deus.
1593 766 1622 789 et
1648 769 1758 788 manum

975 810 1040 837 huic
1070 810 1155 836 Deum
1176 809 1338 844 imposuisse
1352 829 1359 841 ,
1376 813 1403 836 et
1431 812 1535 834 tantum
1552 808 1608 834 Deo
1631 811 1759 841 tangente

977 853 1125 888 rigiditatis
1148 861 1258 880 sensum
1277 852 1382 887 cepisse
1403 851 1431 878 in
1445 858 1573 886 corpore,
1591 855 1620 879 ut
1634 855 1662 878 et
1676 851 1699 878 is
1713 858 1758 877 us-

978 905 1031 932 que
1047 898 1080 925 ad
1097 898 1244 925 medullam
1258 897 1344 932 spinae
1360 897 1433 924 dorsi
1447 897 1635 932 prrtransiret.
1655 897 1684 924 In
1697 896 1759 930 qui-

978 943 1029 970 bus
1047 943 1219 969 manifestum
1233 947 1285 974 est,
1301 943 1373 977 quod
1388 950 1449 969 cum
1471 941 1758 976 Authropomorphilis

981 987 1186 1019 communicat,
1216 987 1263 1021 qui
1288 987 1456 1021 corporalem
1486 987 1569 1013 Deum
1591 990 1756 1013 asseverant.

980 1032 1105 1067 Dicitque
1120 1038 1147 1060 et
1162 1032 1294 1067 Spiritum
1306 1037 1430 1059 sanctum
1445 1036 1595 1059 creaturam
1608 1039 1679 1063 esse,
1695 1039 1756 1058 cum

976 1078 1136 1105 Macedonio
1159 1078 1337 1106 conveniens.
1356 1078 1385 1105 ln
1402 1078 1501 1112 quibus
1521 1082 1611 1104 autem
1629 1076 1697 1104 dicit
1711 1084 1758 1103 an.

977 1124 1052 1156 gelos
1068 1119 1206 1150 dicmcr'ies
1230 1124 1317 1150 factos
1335 1131 1413 1156 esse,
1433 1130 1495 1151 eum
1509 1123 1661 1150 noluissent
1683 1129 1759 1148 man.

977 1169 1059 1195 dante
1074 1168 1129 1195 Deo
1141 1168 1226 1195 Adam
1250 1167 1375 1198 adorare,
1391 1167 1528 1194 neminem
1544 1166 1571 1193 in
1594 1167 1645 1193 hoc
1656 1165 1756 1200 imitari

977 1213 1098 1240 videtur.
1114 1213 1238 1247 Nugatur
1257 1218 1360 1245 autem,
1373 1217 1401 1239 et
1413 1211 1535 1238 ultimam
1552 1210 1671 1238 hominis
1694 1210 1758 1237 bea-

979 1259 1137 1290 titudinem,
1151 1259 1178 1284 in
1194 1257 1407 1292 intemperantia
1416 1261 1444 1284 et
1457 1256 1562 1283 deliciis
1577 1255 1672 1283 dicens
1685 1262 1757 1287 esse,

977 1307 1005 1329 et
1018 1302 1143 1329 vestibus
1156 1301 1336 1336 sumptuosis,
1350 1305 1378 1328 et
1394 1300 1481 1328 hortis
1508 1299 1618 1335 irriguis
1630 1320 1637 1332 ,
1659 1307 1758 1326 conve-

978 1346 1057 1373 niens
1068 1345 1094 1372 in
1110 1346 1152 1372 his
1174 1353 1236 1372 cum
1250 1344 1383 1373 Cerintho
1399 1344 1537 1377 hazrclico,
1551 1348 1579 1372 et
1595 1344 1757 1378 quibusdam

976 1392 1098 1426 antiquis
1118 1391 1287 1419 inﬁdelibus.
1312 1390 1345 1417 Et
1368 1390 1604 1417 circurncisionem
1632 1393 1759 1423 oportere

978 1442 1071 1464 tenere
1088 1437 1175 1469 dicit,
1199 1435 1404 1468 commendans,
1425 1443 1485 1470 quae
1512 1435 1630 1462 hmretici
1647 1433 1759 1461 Ebionis

977 1486 1051 1508 sunt.
1067 1481 1201 1508 Concedit
1215 1485 1242 1507 et
1260 1480 1462 1507 multitudinem
1478 1486 1592 1505 uxorum
1609 1479 1638 1506 in
1658 1478 1759 1513 nuptiis

978 1527 1160 1561 pellicumque
1187 1530 1213 1552 et
1245 1525 1422 1557 ancillarum,
1445 1528 1473 1551 et
1495 1527 1628 1558 quotquot
1651 1524 1712 1558 quis
1730 1524 1757 1550 in

979 1571 1050 1598 bello
1062 1572 1174 1605 capiens
1188 1567 1281 1605 pcisset
1294 1569 1422 1600 educare.
1440 1573 1467 1596 et
1481 1569 1597 1595 aliorum
1610 1575 1708 1595 uxores
1718 1568 1759 1594 in-

976 1617 1134 1644 differenter
1154 1623 1261 1649 capere.
1280 1614 1423 1641 haereticos
1438 1613 1587 1642 Nicolaitas
1606 1613 1633 1640 in
1650 1613 1692 1641 his
1713 1620 1758 1640 se-

975 1669 1073 1696 quens.
1090 1660 1190 1688 Omnes
1205 1665 1296 1687 autem
1327 1659 1394 1686 dicit
1418 1664 1545 1694 oportere
1561 1659 1689 1692 interimi,
1709 1660 1757 1694 qui

975 1707 1039 1733 huic
1057 1707 1108 1739 legi
1134 1713 1189 1732 non
1211 1706 1414 1740 obtemperant,
1431 1705 1483 1731 nisi
1513 1704 1614 1731 tributa
1638 1705 1754 1732 s‘olrant.

974 1751 1146 1785 Vidcturque
1160 1749 1310 1777 concedere
1323 1749 1487 1777 Sodomitica
1503 1749 1529 1775 in
1542 1749 1607 1776 viris
1617 1754 1646 1777 et
1659 1750 1757 1777 mulie-

975 1797 1048 1823 ribus
1064 1815 1071 1828 ,
1101 1796 1128 1822 in
1144 1795 1263 1830 capitulo
1285 1794 1318 1821 de
1344 1801 1424 1821 vacca
1450 1793 1500 1828 ('2),
1524 1793 1574 1821 etsi
1591 1794 1670 1828 hujus
1694 1801 1757 1822 suc-

974 1848 1095 1868 cessores
1111 1840 1170 1868 haec
1197 1839 1403 1867 honestioribus
1419 1839 1634 1872 expositionibus
1657 1846 1757 1874 coope-

975 1884 1058 1911 riant.
1088 1883 1175 1918 llujus
1201 1888 1292 1910 autem
1318 1883 1408 1909 omnis
1434 1882 1548 1910 intentio
1569 1887 1612 1910 est
1632 1890 1756 1910 resecare

974 1929 1107 1963 quidquid
1121 1933 1181 1956 erat
1198 1927 1314 1955 arduum
1338 1927 1366 1953 in
1383 1926 1531 1960 credendo,
1553 1931 1581 1954 et
1596 1927 1704 1955 diﬂicilc
1726 1928 1754 1955 in

973 1973 1133 2008 operando;
1160 1973 1311 2000 concedere
1337 1976 1429 1999 autem
1446 1979 1527 1998 omne
1552 1971 1586 1998 ad
1603 1972 1675 2006 quod
1694 1979 1756 2006 pro-

975 2019 1037 2046 clivi
1055 2023 1145 2050 erant,
1160 2025 1220 2053 qua:
1234 2017 1414 2052 prmsentibus
1426 2017 1581 2051 capiuntur,
1599 2021 1627 2044 et
1639 2017 1755 2044 maxime

974 2064 1090 2090 aliorum
1108 2063 1211 2090 Arabes
1223 2082 1230 2093 ,
1244 2063 1334 2097 gulam
1350 2062 1494 2093 videlicet,
1515 2062 1652 2096 rapinam,
1668 2066 1697 2088 et
1712 2062 1755 2088 in-
1778 2090 1783 2094 _

976 2108 1197 2142 temperantiam.
1217 2106 1253 2133 De
1273 2106 1420 2132 virtutibus
1437 2111 1528 2133 autem
1541 2122 1550 2135 .
1571 2106 1644 2132 sicut
1664 2105 1755 2131 Immi-

952 2157 955 2160 '
975 2153 1063 2184 litate,
1079 2151 1222 2186 patientia,
1248 2159 1327 2185 pace,
1349 2150 1528 2181 continentia.
1547 2154 1596 2177 aut
1621 2150 1648 2177 in
1664 2151 1757 2185 proxi-

139 2199 200 2233 ιχον
211 2198 240 2224 ἐν
251 2197 290 2232 τῷ
303 2197 519 2232 κατορθωθῆναιί
544 2197 721 2232 συγχωρῆσαι
735 2198 763 2223 δὲ
785 2199 848 2230 πᾶν,
874 2198 919 2232 ἐφ’

975 2206 1047 2225 mum
1063 2197 1207 2228 charitate,
1225 2197 1266 2223 vel
1294 2196 1328 2223 de
1349 2200 1471 2223 extremo
1498 2195 1551 2222 [ine
1569 2195 1650 2226 nihil,
1669 2199 1699 2222 ut
1718 2195 1755 2222 ita

138 2243 206 2277 ὅπερ
223 2242 256 2269 av
269 2242 428 2277 ὲπιρῤεπεῖς
443 2238 509 2267 ὦσιν
528 2241 552 2266 οι
567 2242 623 2271 τοῖς
640 2241 759 2276 παροῦσι
779 2242 921 2277 προσηλω-

141 2287 230 2323 μένοι,
252 2289 298 2314 καὶ
313 2287 431 2322 μάλιστα.
446 2286 500 2312 τῶν
516 2285 602 2312 ἄλλων
614 2286 637 2311 oi
664 2286 792 2319 Ἄραϐες,
808 2296 920 2323 γαστρι-

141 2332 260 2367 μαργίαν
274 2331 406 2365 δηλονότι,
431 2330 569 2365 ἁρπαγὴν,
601 2329 648 2356 καὶ
673 2330 829 2357 ἀκολασίαν.
855 2332 921 2367 Περὶ

139 2377 167 2403 δὲ
181 2377 235 2403 τῶν
247 2375 362 2410 ἀρετῶν,
374 2372 428 2401 οἷον
443 2374 702 2408 ταπεινοφροσύνης,
720 2374 920 2410 μακροθυμίας,

139 2422 262 2457 εἰρήνης,
285 2420 459 2454 ἐγκρατείας,
475 2419 553 2454 ῆτῆς
579 2419 618 2449 εις
642 2419 687 2444 τὸν
706 2419 820 2454 πλησίον
837 2421 920 2454 ,ἀγά-

139 2475 204 2503 πης,
219 2467 236 2502 ἢ
247 2466 293 2494 τοῦ
308 2465 423 2500 ἐσχάτου
434 2465 538 2495 τέλους,
550 2463 626 2490 οὐδὲν
643 2463 689 2498 [ὡς
702 2464 799 2498 εἰπεῖν)
816 2465 922 2497 ἀξιόλος

139 2520 186 2546 γον
199 2510 287 2539 εἶπεν.
309 2511 353 2543 Ὠς
377 2511 410 2538 ἂν
436 2511 463 2537 δὲ
490 2510 520 2537 τὸ
548 2509 612 2544 περὶ
637 2511 739 2537 τούτων
767 2511 823 2536 τῶν
840 2510 927 2538 αὑτοῦ

137 2557 234 2592 ψεῦδος
261 2557 298 2592 μὴ
316 2557 412 2592 ῥᾳδίως
428 2556 574 2592 ἐλέγχοιτο,
591 2558 633 2584 διά
652 2565 682 2583 τε
696 2556 746 2590 τῆς
772 2554 922 2591 Παλαιᾶςῆ

139 2603 241 2637 Καινῆς
252 2602 416 2637 Διαθήκη;,ἢ
433 2602 479 2629 καὶ
497 2602 530 2628 δι’
544 2599 580 2628 ὧν
591 2601 712 2636 ἔγραψαν
725 2602 750 2626 οἱ
776 2601 921 2635 φιλοσοφή-

139 2656 250 2680 σαντες,
265 2649 294 2674 iv
308 2645 350 2678 οἷς
365 2650 411 2673 καὶ
426 2647 504 2674 αὐτοὶ
517 2647 580 2682 περί
595 2655 624 2672 τε
637 2646 736 2681 ἀρετῆς
751 2645 798 2671 καὶ
821 2646 895 2671 καχὶ,
905 2654 919 2677 ς

139 2693 247 2721 καὶτοῦ
274 2693 388 2727 ἐσχάτου
404 2692 496 2723 τέλους
510 2691 644 2723 διέλαὸον,
675 2691 758 2726 μηδὲν
785 2691 918 2725 μηδαμῶς

175 2763 213 2796 (l)
238 2762 296 2790 Non
310 2763 466 2802 _()rigeneln,
483 2763 528 2802 sed
549 2761 665 2802 perﬁdos
681 2759 839 2792 haereticos,
852 2761 919 2788 abu-

99 2791 107 2799 ⁴
141 2791 228 2825 tentes
245 2791 528 2824 ιιοιιιίιιθέιιιιριιδεςηιί
542 2791 603 2823 viri.

116 2878 133 2893 κ

176 2834 212 2866 (2)
235 2833 366 2859 Videntur
380 2832 524 2859 violentius
539 2832 620 2858 verba
642 2828 819 2858 Machumetis
836 2837 917 2864 expo-

970 2243 1058 2270 dicam
1073 2263 1081 2274 ,
1100 2241 1188 2276 pretio
1205 2240 1316 2275 dignum
1336 2239 1415 2267 dixit.
1433 2239 1467 2267 Ut
1483 2244 1574 2266 autem
1596 2239 1705 2274 aliquod
1721 2239 1755 2266 de

971 2289 1014 2315 his
1028 2287 1195 2315 mendacium
1211 2294 1266 2313 non
1280 2286 1358 2313 facile
1373 2290 1533 2321 argueretur
1549 2292 1597 2320 per
1614 2284 1698 2312 Vetus
1713 2285 1758 2312 vel

971 2334 1078 2361 Novum
1093 2331 1309 2364 Testamentum,
1328 2331 1371 2358 vel
1385 2335 1414 2358 et
1432 2338 1480 2365 per
1499 2338 1532 2357 ea
1557 2338 1618 2364 qua:
1633 2330 1754 2364 philoso-

973 2379 1090 2414 phantes
1108 2378 1289 2412 scripserunt,
1312 2376 1339 2402 in
1363 2376 1464 2410 quibus
1488 2380 1515 2402 et
1531 2375 1582 2410 ipsi
1603 2376 1636 2402 de
1651 2375 1753 2403 virtute

972 2429 999 2452 et
1025 2424 1093 2452 vitio
1108 2428 1135 2450 et
1156 2429 1279 2450 extremo
1296 2422 1349 2449 ﬁne
1370 2425 1567 2453 tractaverunt,
1580 2421 1649 2448 nihil
1671 2421 1753 2456 quid-

971 2477 1053 2506 quam
1070 2468 1123 2496 ﬁde
1138 2468 1320 2503 dignumesse
1333 2467 1424 2500 jussit,
1440 2467 1511 2501 quod
1527 2467 1579 2501 legi
1596 2467 1630 2494 ab
1645 2475 1677 2494 co
1691 2467 1752 2499 lata

972 2514 1140 2542 contrarium
1155 2517 1240 2540 esset.
1261 2512 1426 2548 luterimque
1450 2512 1608 2544 mandavit,
1624 2512 1670 2546 qui
1687 2519 1754 2538 con-

974 2559 1088 2586 trazium
1112 2556 1222 2591 aliquod
1249 2556 1313 2583 huic
1339 2556 1431 2583 dicere
1460 2557 1611 2588 auderent,
1634 2555 1753 2590 graviori

973 2611 1052 2638 paena
1085 2602 1176 2637 plecti.
1191 2601 1250 2636 Ipse
1274 2605 1364 2627 autent
1380 2601 1542 2628 Psalterium
1555 2605 1583 2628 et
1605 2601 1672 2627 alios
1689 2608 1753 2634 pro-

973 2649 1069 2684 phetas
1080 2648 1156 2675 valde
1171 2647 1302 2680 laudavit,
1316 2651 1344 2673 et
1353 2647 1435 2673 multa
1445 2646 1478 2673 de
1491 2655 1523 2673 eo
1535 2646 1601 2673 dicit
1613 2645 1751 2672 Christum

973 2693 1150 2719 vaticinatum
1165 2699 1225 2719 esse
1264 2691 1293 2718 in
1319 2691 1465 2726 Evangelia
1493 2690 1556 2717 [iliis
1577 2689 1670 2720 Israel,
1686 2697 1755 2716 cum

972 2763 1034 2795 sita,
1054 2763 1112 2790 zelo
1131 2763 1241 2797 quidem
1259 2769 1309 2797 pro
1328 2761 1380 2788 ﬁde
1394 2759 1558 2792 Christiana,
1578 2759 1624 2786 sed
1637 2765 1690 2786 non
1708 2765 1751 2786 se-

973 2799 1091 2824 cundum
1108 2798 1261 2825 scientiam.
