1942 3090
188 127 254 160 1047
835 129 955 158 ΒΕΜΕἹ

1063 127 1219 158 CYDUNII
1737 124 1808 156 1048

185 183 274 211 dixit:
288 192 296 208 ι
314 183 416 210 Nuntio
430 183 509 211 vobis
525 184 678 217 apostolum
694 183 751 215 Dei,
769 183 815 218 qui
834 189 949 210 ventum

1041 182 1111 209 ιστδν
1130 179 1201 208 εἶναι
1228 181 1404 215 προσέταξεν,
1432 182 1500 216 ὅπερ
1524 180 1558 208 ἂν
1574 180 1614 216 τῷ
1641 179 1706 214 παρ’
1720 179 1808 206 nam}

186 232 229 254 est
241 232 300 262 post
309 235 362 259 me,
376 232 404 255 et
424 236 522 255 nomen
538 228 598 262 ejus
612 227 789 255 Mahometus.
805 237 813 253 ι
833 227 953 255 Alﬁrmat

1038 228 1121 253 εθέντι
1137 228 1211 263 νόμῳ
1225 227 1345 255 ἐναντίον
1359 228 1487 261 ὑπάρχει.
1505 225 1686 261 Ἀναιρεῖσθαι
1702 225 1735 250 δὲ
1755 226 1805 250 καὶ

187 280 240 307 que
254 279 353 299 nomen
369 273 422 300 hoc
437 273 471 300 ab
485 278 589 300 teterno
608 273 740 307 scriptum
757 280 817 300 esse
829 273 855 299 in
868 272 954 299 thron:

1040 273 1078 303 ιυς
1095 273 1214 299 ἐναντίον
1229 282 1256 300 τι
1270 273 1360 307 τούτῳ
1374 272 1465 306 λέγειν
1483 271 1650 306 τολμῶντας.
1664 269 1758 300 Αὐτὸς
1777 269 1807 295 δὲ

186 317 247 350 Dei,
265 318 293 344 in
315 318 452 352 superiori
474 323 562 352 parte,
584 317 618 345 ad
633 318 783 345 dexteram.
799 317 838 344 Ad
854 318 910 345 haec
921 325 953 344 au

1041 318 1046 343 5
1064 326 1091 344 τε
1106 318 1274 353 Ψαλτήριον,
1288 319 1334 345 καὶ
1347 317 1407 349 τοὺς
1439 316 1537 348 ἄλλους
1564 316 1719 351 προφήτας,
1744 314 1808 340 λίαν

188 367 242 388 tem
263 361 430 388 credendum
455 362 561 389 nullum
579 361 740 388 miraculum
766 360 901 392 ostendit,
921 369 955 388 set

1043 363 1197 398 ζκωμιάξει,
1216 364 1264 390 καὶ
1279 363 1363 390 πολλὰ
1383 363 1446 398 περὶ
1474 360 1558 389 αὐτοῦ
1572 370 1638 399 φησι
1658 361 1706 387 τδν
1738 361 1810 394 Χρι-

186 407 293 434 nudans
308 414 401 434 ensem
419 406 500 440 dixit,
515 415 570 434 non
584 407 610 434 in
635 407 735 435 virtute
748 406 941 434 miraculorum

1041 409 1080 434 τὸν
1110 410 1298 444 προφητεῦσαι
1329 409 1358 435 ἐν
1392 408 1432 443 τῷ
1458 407 1627 441 Εὑαγγελίῳ,
1652 407 1711 437 τοῖς
1736 406 1808 435 υἱοῖς

186 450 233 477 sed
257 457 398 477 armorum
411 459 426 477 a
441 451 496 477 Deo
507 459 535 478 se
548 451 660 478 missum
674 459 747 479 esse.
760 451 792 478 ﬂi
808 455 872 479 sunt
888 452 953 486 print

1041 453 1126 488 σραὴλ
1141 453 1280 489 εἰρηκότα,
1317 463 1326 479 ι
1342 452 1563 487 Εὐαγγελίζομαι
1579 452 1643 486 ὑμῖν
1664 451 1712 477 τὸν
1734 450 1808 476 ἁπό-

187 495 289 530 cipales
301 503 409 523 errores
421 504 491 530 quos
508 496 631 524 continet
644 497 822 530 Alcoranum,
840 498 913 533 quod
924 505 954 525 es

1042 499 1110 525 ςολον
1123 499 1171 525 τοῦ
1186 500 1264 531 Θεοῦ,
1284 500 1330 526 τὸν
1345 499 1445 534 ἥξοντα
1458 498 1517 533 μετ’
1532 497 1594 532 ἐμέ·
1613 496 1660 523 καὶ
1675 496 1706 522 τὸ
1716 496 1809 528 δνομα

186 541 228 568 lex
252 541 463 568 Saracenorum.
485 541 551 574 Quae
576 547 666 570 autem
692 543 719 569 in
754 544 800 570 illo
825 544 953 572 mendaci:

1041 544 1098 571 ὒτοῦ
1113 545 1247 579 Μωάμεθ.
1265 554 1274 571 ι
1289 544 1489 579 Διισχυρίζεται
1506 543 1535 569 δὲ
1568 542 1689 576 τοῦνομα
1723 540 1808 567 τοῦτο

186 586 374 618 continentur,
389 587 445 614 fere
460 587 565 614 inﬁnita
580 591 662 619 sunt,
679 588 712 614 de
729 587 829 622 quibus
846 589 872 615 in
894 596 953 616 non.

1042 590 1151 621 Ξάῐδίων
1164 590 1319 625 γεγράφθαι
1338 591 1368 617 ὲν
1388 589 1427 623 τῷ
1446 589 1495 616 τοῦ
1512 586 1578 614 Θεοῦ
1605 588 1705 622 θρόνῳ,
1739 586 1809 620 πρὸς

187 632 307 666 capitulo
319 632 506 660 tractabimus.

1044 636 1073 665 ιῖς
1091 635 1198 668 δεξιοῖς,
1226 637 1255 662 ὲν
1272 635 1311 670 τῷ
1335 635 1465 669 ἀνωτέρῳ
1496 635 1585 668 μέρει.
1615 633 1686 667 Πρὸς
1721 631 1753 658 δὲ
1781 630 1811 656 τὸ

186 677 271 703 ταῦτα
291 677 493 710 πιστώσασθαι,
512 677 588 705 οὐδὲν
621 679 765 713 παρέδειξε
792 678 895 713 θαῦμα,
927 680 984 707 ἀλλ’
1019 681 1221 716 ἀπογυμνώσας
1250 682 1281 708 τὸ
1308 681 1398 715 ξίφος,
1424 681 1525 716 ἔφησεν
1544 681 1593 707 οὐκ
1629 680 1658 705 ἐν
1689 678 1813 712 δυνάμει

186 721 343 755 θαυμάτων,
360 722 417 749 ἀλλ’
450 723 478 748 ὲν
509 722 599 749 ὃπλων
617 723 669 749 ύπδ
686 723 732 748 τοῦ
747 723 814 749 Θεοῦ
827 724 1004 752 ἀπεστάλθαι.
1025 725 1107 752 Ταῦτ’
1121 726 1189 753 εἰσὶν
1216 727 1244 752 αί
1277 725 1494 762 ἀρχοειδέστεραι
1518 725 1573 751 τῶν
1602 724 1753 758 αἱρέσεων,
1779 722 1812 753 ἃς

187 768 308 803 περιέχει
330 769 362 794 τὺ
384 767 556 804 Ἀλκοράνον,
575 769 644 803 ὅπερ
677 768 734 794 ἐστὶ
769 769 850 803 νόμος
883 770 937 796 τῶν
969 770 1163 808 Σαρῤακηνῶν.
1199 772 1251 798 Τὰ·
1274 771 1302 798 δὲ
1330 773 1359 798 ὲν
1388 771 1485 806 ἐκείνῳ
1508 770 1689 806 περιεχόμενα
1722 768 1813 802 ψεύδη

188 815 280 851 σχεδὸν
297 816 398 850 ἄπειρα
422 815 455 841 ἂν
467 814 510 850 εἴη
522 816 585 850 περὶ
598 811 636 843 ὧν
649 817 677 842 ὲν
690 815 728 850 τῷ
744 815 846 850 twith
873 817 1012 852 κεφαλαίῳ
1027 818 1306 854 πραγματευώμεθα.

309 874 340 902 ll.
357 873 491 906 Quomodo
504 877 603 908 oportet
615 881 673 900 cum
685 873 724 900 his
734 874 845 900 venari.
985 868 1006 894 Β

985 868 1006 894 Β
1086 875 1124 903 B’.
1146 875 1208 902 Τίνι
1227 876 1326 909 τρόπῳ
1339 874 1386 902 δεῖ
1398 875 1513 907 τούτοις
1529 873 1742 908 συγγίνεσθαι.

223 920 351 947 Secnn-lo
365 925 456 947 autem
471 924 579 954 oportet
592 920 673 951 scire,
686 919 758 954 quod
776 919 852 946 valde
867 919 970 947 curiosi

1055 922 1100 947 Δεῖ
1112 921 1140 948 δὲ
1159 921 1268 952 είδέναι,
1281 921 1317 951 ὼς
1331 921 1390 947 λίαν
1411 921 1463 946 εἰσὶ
1480 919 1622 954 περίεργοι
1644 917 1762 945 ἀκούειν
1784 926 1811 944 τι

189 969 254 992 sunt
267 965 361 992 audire
375 965 477 1000 aliquid
496 970 598 992 nostrae
619 964 692 997 ﬁdei,
707 969 734 991 et
747 965 864 992 maxime
880 964 915 991 de
928 964 954 990 di

1042 968 1075 994 ὧν
1096 966 1145 1001 τῆς
1167 967 1301 1001 ἡμετέρας
1319 966 1448 997 πίστεως,
1469 966 1517 991 καὶ
1544 964 1660 999 μάλιστα
1683 963 1755 997 περί
1779 971 1809 988 τε

190 1011 252 1037 vina
282 1011 413 1038 Trinitate
427 1016 454 1038 et
470 1010 659 1038 incarnatione
677 1018 684 1042 ;
700 1017 754 1038 non
773 1015 864 1037 tamen
878 1010 957 1037 volun

1041 1013 1071 1045 ἧς
1084 1012 1160 1044 θείας
1171 1012 1297 1047 Τριάδος,
1314 1012 1362 1038 καὶ
1377 1011 1427 1045 τῆς
1442 1010 1618 1046 σαρκώσεως.
1638 1009 1675 1035 Οὐ
1693 1008 1808 1043 βούλον-

191 1057 234 1084 his
258 1056 382 1087 credere,
413 1063 502 1090 neque
530 1060 645 1089 possunt
675 1055 733 1082 hau:
760 1056 922 1090 intelligere.
939 1055 958 1082 Ε

1044 1065 1067 1083 ιιι
1088 1057 1180 1092 μέντοι
1203 1056 1307 1087 τούτοις
1333 1055 1483 1086 πιστεύειν,
1499 1054 1560 1081 οὔτε
1580 1054 1712 1080 δύνανται
1725 1054 1811 1080 ταῦτα

190 1100 254 1133 quia
279 1104 410 1134 superant
436 1099 583 1130 rationem,
610 1105 638 1126 et
655 1100 804 1126 humanmn
833 1099 957 1127 excedun

1044 1104 1104 1133 πεῖν,
1121 1103 1159 1134 ὡς
1170 1102 1202 1129 ἂν
1217 1102 1263 1128 τὸν
1277 1102 1411 1137 ἡμέτερον
1434 1100 1632 1134 ὑπερὸαίνοντα
1648 1098 1745 1132 λόγον,
1764 1104 1811 1123 και

192 1144 373 1176 intellectum,
399 1144 444 1171 illa
475 1152 526 1172 nec
551 1144 664 1171 credere
681 1145 786 1177 volunt,
803 1152 854 1172 nec
872 1145 956 1172 intelli

1041 1148 1141 1175 ικῶντα
1166 1148 1212 1174 τὸν
1236 1147 1314 1174 νοῦν·
1342 1147 1452 1181 λέγεται
1475 1146 1530 1181 γὰρ
1560 1146 1588 1172 ὲν
1614 1145 1651 1179 τῷ
1689 1145 1808 1177 Ἰῐσαῖα·

191 1197 255 1223 gere
284 1194 409 1223 possunt.
432 1189 538 1216 Dicitur
564 1190 637 1216 enim
665 1189 692 1216 in
716 1190 784 1216 lsaia
803 1198 810 1216 :
830 1199 839 1215 ι
858 1190 886 1217 Si
918 1198 958 1217 nm

1064 1193 1126 1220 Ἐὰν
1139 1193 1176 1228 μὴ
1196 1192 1371 1227 πιστεύσητε,
1386 1192 1416 1219 οὒ
1430 1192 1467 1226 μὴ
1492 1191 1592 1226 συνῆτε
1604 1199 1611 1206 ·
1629 1199 1638 1215 ι
1659 1190 1709 1216 καὶ
1724 1190 1768 1215 διὰ
1781 1189 1808 1215 τὸ

191 1235 374 1267 credideritis,
387 1242 441 1262 non
467 1235 625 1270 intelligetis
641 1234 661 1262 ⁸.
687 1244 697 1260 ι
712 1235 745 1262 Ει
761 1235 890 1269 quoniam
908 1243 958 1262 con

1042 1238 1132 1265 ναντία
1154 1236 1277 1272 εἶναιτῷ
1297 1237 1474 1273 Ἀλκοράνῳ,
1504 1236 1574 1271 ὅπερ
1600 1230 1809 1270 ἆναντιρρἠως

193 1279 277 1306 traria
300 1285 363 1306 sunt
391 1280 538 1312 Alcorano,
573 1279 645 1314 quod
671 1279 723 1314 ipsi
754 1279 960 1307 constantissimi

1040 1279 1097 1309 ὒτοι
1112 1282 1171 1308 θεῖα
1187 1280 1257 1308 εἷναι
1271 1281 1350 1315 λόγια
1374 1280 1568 1308 ὑποτίθενται·
1589 1280 1630 1306 διδ
1650 1279 1687 1306 τὰ
1705 1279 1767 1306 θεῖα
1779 1279 1807 1304 οὺ

192 1330 420 1359 supponuntesse
438 1325 553 1353 verbum
576 1325 634 1357 Dei,
655 1329 683 1352 et
699 1325 761 1353 ideo
778 1325 824 1352 illa
841 1333 895 1353 non
911 1333 958 1353 sus

1041 1328 1238 1362 ιαραδέχονται,
1260 1327 1328 1354 ἀλλὰ
1349 1326 1539 1361 καταγελῶσιν
1564 1326 1666 1353 αὐτῶν.
1692 1326 1808 1359 Λέγεται

193 1372 309 1406 cipiunt,
331 1371 379 1399 sed
402 1379 434 1399 ea
460 1372 596 1399 derident.
612 1373 716 1400 Dicitur
730 1373 804 1400 enim
820 1373 847 1400 in
863 1380 960 1408 prover

1045 1374 1079 1409 ὰρ
1097 1375 1126 1400 ὲν
1149 1375 1210 1404 ταῖς
1234 1373 1410 1408 Παροιμίαις,
1432 1382 1441 1399 ι
1460 1372 1553 1408 ’Δνὴρ-
1565 1372 1659 1407 ἄφρων
1674 1371 1707 1397 οὔ
1723 1378 1810 1405 παρα-

195 1418 267 1445 biis:
287 1427 296 1443 ι
317 1418 364 1445 Vir
394 1418 529 1452 insipiens
546 1427 601 1445 non
627 1418 745 1454 suscipit
769 1418 852 1446 verba
869 1419 962 1453 sapien

1042 1421 1133 1454 έχεται
1147 1419 1243 1453 λόγους
1255 1419 1359 1452 σοφίας,
1376 1418 1444 1451 πλὴν
1461 1419 1486 1444 εί
1504 1418 1541 1453 μὴ
1558 1418 1649 1451 λέγεις
1672 1416 1759 1443 αὑτοῦ
1777 1414 1809 1441 τὰ

194 1463 315 1495 ιίιε,ηἱεὶ
345 1464 420 1491 dicas
436 1463 460 1490 ei
487 1471 547 1498 qua:
577 1464 629 1491 sibi
657 1464 776 1498 placent.
796 1474 804 1490 ι
828 1464 905 1492 Unde
922 1472 961 1491 nn:

1041 1465 1140 1500 ιρεστά.
1164 1474 1172 1490 ι
1193 1464 1274 1491 Ὅθεν
1291 1464 1321 1490 οὺ
1337 1463 1379 1490 δεῖ
1397 1463 1503 1494 τούτοις
1525 1463 1606 1494 εὐθὺς
1632 1461 1753 1497 ἐξαρχῆς
1776 1459 1808 1486 τὰ

195 1513 304 1544 oportet
328 1509 371 1537 his
397 1509 489 1537 statim
507 1517 521 1536 a
548 1509 683 1544 principio
709 1510 800 1548 divina
814 1517 962 1545 proponere

1041 1512 1090 1537 leid.
1123 1510 1304 1544 προσάλλειν,
1337 1509 1404 1544 μηδὲ
1435 1508 1591 1544 ἔμπροσθεν
1619 1508 1674 1534 τῶν
1698 1506 1808 1542 ⁸χοίρων

194 1563 284 1590 neque
314 1560 376 1582 ante
405 1563 503 1590 porcos
527 1556 688 1589 margaritas
708 1563 847 1590 spargere,
863 1557 909 1583 sed
927 1565 960 1583 co

1041 1554 1187 1589 ικορπίζειν
1210 1555 1273 1586 τοὺς
1302 1553 1494 1588 μαργαρίταςο
1528 1553 1585 1580 ἀλλ’
1618 1552 1808 1588 ἐπιχειρητέον

195 1600 314 1627 nandum
342 1600 369 1626 in
398 1600 494 1634 primis
517 1607 613 1627 vanam
639 1600 724 1634 legem
751 1601 792 1628 eis
819 1601 962 1628 ostendere

1040 1608 1058 1626 ,v
1071 1598 1190 1634 πρώτοις
1202 1599 1248 1625 τὸν
1265 1598 1346 1633 νόμον
1363 1599 1455 1630 αὐτοῖς
1477 1599 1592 1633 μάταιον
1610 1599 1675 1625 ὕντα
1702 1597 1807 1625 δεικνύ-

195 1644 254 1672 Non
281 1645 356 1671 enim
385 1648 495 1679 oportet
524 1645 642 1671 virtutes
673 1644 806 1676 inserere,
829 1644 882 1671 nisi
901 1645 959 1678 priu

1041 1653 1085 1670 Ιιιι.
1101 1644 1137 1670 Οὺ
1154 1643 1207 1679 γὰρ
1229 1643 1269 1670 δεῖ
1289 1643 1339 1675 τὰς
1355 1644 1455 1678 ἀρετὰς
1472 1643 1668 1678 ἐγκεντρίζειν,
1686 1643 1725 1677 μὴ
1745 1642 1808 1675 πρό-

198 1690 338 1724 passiones
367 1689 501 1717 radicitus
525 1690 690 1718 evelianlur.
718 1690 884 1724 Oportetque
903 1695 931 1716 et
948 1689 965 1716 it

1041 1698 1109 1724 ερον
1128 1689 1181 1725 τῷν
1202 1688 1298 1716 παθῶν
1320 1689 1474 1724 προρῤίζων
1495 1689 1713 1723 ἀνασπωμένων,
1729 1689 1773 1713 Δεῖ
1784 1687 1808 1712 δὲ

196 1735 324 1761 omnibus
351 1734 461 1762 brevem
477 1734 548 1762 viam
572 1735 681 1769 eligere.
699 1735 817 1762 Facilius
829 1739 919 1762 autem
935 1742 963 1761 es

1041 1736 1078 1762 ιαὶ
1094 1736 1122 1761 ὲν
1137 1735 1204 1761 πᾶσι
1228 1735 1278 1769 τὴν
1292 1735 1421 1769 ἐπίτομον
1434 1735 1493 1761 ὁδὸν
1517 1735 1662 1770 αἱρεῖσθαι.
1682 1735 1762 1769 Ῥᾷον
1781 1731 1808 1759 δέ

196 1780 303 1807 illorum
333 1779 411 1807 (idem
443 1780 535 1806 lalsan
564 1780 718 1810 ostendere,
747 1787 828 1814 quam
856 1784 963 1806 nostrai:

1041 1790 1088 1807 est
1106 1782 1155 1817 τὴν
1170 1781 1282 1807 ἐκείνων
1296 1781 1386 1807 πίστιν
1404 1780 1509 1815 φαύλην
1526 1780 1731 1812 ἀποδεικνύναι,
1742 1780 1808 1814 ἥπερ

195 1831 286 1852 veram
298 1824 495 1851 demonstrare.
507 1823 585 1851 Fides
593 1824 664 1851 enim
675 1832 734 1850 cum
748 1831 843 1851 eorum
859 1824 903 1856 sit,
918 1832 962 1858 qn:

1042 1827 1118 1862 ιληθῆ
1143 1827 1191 1860 τὴν
1216 1826 1353 1861 ἡμετέραν
1376 1826 1576 1853 ἀποδεικνύναι.
1596 1825 1628 1852 Ἦ
1650 1825 1704 1860 γὰρ
1723 1825 1809 1854 πίστις

196 1877 250 1896 non
268 1869 424 1904 aspicimus,
440 1869 541 1895 donum
559 1872 601 1895 est
628 1868 687 1895 Dei.
704 1868 780 1895 Unde
805 1873 899 1895 nostra
917 1869 962 1903 qui

1039 1873 1085 1899 πῶν
1103 1873 1139 1908 μὴ
1161 1873 1332 1908 βλεπομένων
1348 1869 1424 1904 οὖσα,
1442 1872 1527 1907 δῶρον
1550 1871 1609 1898 ἐστὶ
1633 1871 1714 1898 Θεοῦ.
1731 1871 1806 1896 Ὅθεν

197 1914 258 1940 dem
272 1913 338 1940 ﬁdes
353 1913 431 1940 valde
444 1913 594 1940 secundmn
611 1913 739 1939 mandata
754 1920 815 1940 vera
830 1914 964 1940 exsistens

1038 1920 1048 1954 ἡ
1066 1919 1115 1953 μὲν
1130 1919 1251 1954 ἡμετέρα
1270 1918 1372 1950 πίστις,
1389 1918 1491 1952 σφόδρα
1507 1917 1578 1944 κατὰ
1600 1917 1635 1943 τὰ
1659 1917 1805 1950 πράγματα

197 1967 252 1986 ιιοιι
272 1958 380 1985 videtur
402 1965 462 1985 esse
485 1958 689 1992 corporalibus;
704 1958 812 1985 illorutn
827 1963 918 1986 autem
932 1967 963 1985 so

1040 1964 1133 1998 ιληθὴς
1156 1962 1233 1996 οὖσα,
1255 1964 1285 1990 οὐ
1309 1964 1383 1989 δοκεῖ
1405 1964 1460 1993 τοῖς
1477 1963 1737 1997 σωματικωτέροις·
1755 1962 1768 1994 ἡ
1787 1960 1807 1985 δ’

197 2003 255 2030 lum
277 2010 424 2037 apparens,
455 2011 508 2030 non
536 2010 551 2028 a
572 2003 663 2035 rebus,
690 2003 750 2030 talis
774 2008 895 2038 apparet.
925 2003 964 2031 Sel

1038 2010 1145 2036 ἐκείνων
1172 2010 1250 2043 μόνον
1275 2008 1400 2041 δοκοῦσα,
1418 2009 1468 2035 οὐκ
1483 2009 1537 2034 ἀπὸ
1560 2008 1613 2034 τῶν
1640 2007 1805 2043 πραγμάτων

197 2049 249 2077 ειςί
267 2048 346 2075 nobis
361 2056 415 2075 non
443 2049 526 2076 insint
538 2048 794 2082 demonstrationes,
804 2049 964 2076 ostendente

1039 2055 1144 2089 τοιαύτη
1156 2055 1239 2080 δοκεῖ.
1260 2054 1329 2080 Ἀλλ’
1347 2055 1371 2081 εἰ
1386 2054 1433 2080 καὶ
1451 2053 1487 2089 μὴ
1505 2055 1645 2088 πρόσεισιν
1663 2052 1806 2084 ἀποδείξεις

197 2102 259 2130 qua:
274 2098 339 2121 sunt
365 2094 520 2126 Trinitatis,
536 2099 563 2121 et
580 2094 631 2120 alia
653 2102 713 2129 quae
734 2095 767 2121 ad
797 2095 875 2122 ﬁdem
893 2096 962 2130 perti

1038 2099 1228 2127 Ξιποδεικνῦσαι
1242 2099 1276 2126 τὰ
1298 2101 1346 2135 τῆς
1368 2099 1442 2129 θείας
1462 2099 1576 2133 Τριάδος
1602 2098 1649 2125 καὶ
1666 2099 1748 2125 τᾶλλα
1761 2098 1805 2123 ὅσα

199 2145 263 2167 nent
278 2140 378 2175 (neque
392 2141 464 2168 enim
481 2145 546 2167 tunc
557 2140 624 2168 fides
643 2141 769 2168 mercede
785 2142 865 2176 digna
880 2142 964 2169 essetl

1037 2145 1081 2179 τῆς
1098 2145 1213 2176 πίστεως
1226 2144 1307 2178 (οὕτω
1321 2144 1375 2178 γὰρ
1387 2143 1451 2170 οὔτε
1468 2144 1558 2174 πίστις
1570 2141 1614 2179 ἦν,
1628 2143 1690 2170 οὔτε
1708 2143 1804 2178 μισθῶν

199 2185 333 2213 habemus
357 2191 448 2214 tamen
477 2186 660 2220 evangelicum
681 2187 883 2219 auctoritatem,
898 2196 966 2222 quau

1035 2189 1118 2224 ἀξία),
1134 2189 1231 2224 ἔχομεν
1249 2189 1342 2223 μέντοι
1358 2189 1407 2223 τὴν
1429 2189 1610 2224 εὐαγγελικὴν
1624 2190 1774 2217 αὖθεντίαν,

198 2231 282 2258 etiam
301 2231 465 2258 Alcoranum
481 2236 596 2258 testatur
614 2240 620 2258 :
638 2232 701 2258 item
726 2237 752 2258 et
767 2233 906 2264 miracula,
918 2240 965 2259 cur

1036 2235 1081 2261 καὶ
1104 2236 1134 2261 τὸ
1163 2235 1322 2269 Ἀλκοράνον
1348 2236 1562 2269 συμμαρτυρεῖ·
1588 2234 1628 2261 ἔτι
1654 2243 1684 2260 τε
1709 2235 1753 2260 καὶ
1775 2232 1803 2257 τὰ

199 2275 237 2301 illi
250 2283 298 2301 nec
311 2276 487 2303 auatoritates
499 2284 550 2303 nec
563 2272 691 2303 miracula
702 2277 830 2304 habeant.
840 2277 895 2304 Etsi
909 2278 964 2305 enii

1036 2279 1159 2313 θαύματα
1178 2279 1290 2306 ἐκείνων
1312 2279 1382 2314 μήτε
1396 2279 1483 2305 ταῦτα
1501 2279 1570 2314 μήτε
1585 2280 1724 2314 γραφικήν
1740 2285 1803 2312 μαρι

199 2319 362 2346 Alcoranum
371 2320 404 2347 de
411 2320 465 2348 Deo
474 2320 541 2347 dicit
551 2330 556 2347 :
565 2321 602 2350 Ne
611 2321 708 2348 dicatis
718 2327 772 2349 tres
778 2322 854 2354 deos;
863 2327 890 2350 et
898 2323 961 2350 retld

1036 2325 1131 2360 τυρίαν
1159 2324 1329 2358 ὲχόντων.Εί
1349 2324 1403 2358 γὰρ
1431 2324 1478 2350 καὶ
1508 2323 1537 2350 τὺ
1561 2323 1723 2357 Ἀλκοράνον
1745 2320 1803 2355 φησὶ

201 2365 334 2392 rationem
354 2366 446 2393 statim
465 2366 569 2400 dicens,
587 2367 658 2399 quod
666 2367 701 2394 sit
714 2375 793 2394 unus.
807 2367 858 2394 Sed
871 2375 920 2394 nos
932 2375 966 2394 n0

1037 2370 1100 2404 περὶ
1114 2369 1161 2396 τοῦ
1180 2369 1259 2400 Θεοῦ,
1275 2368 1317 2403 Μὴ
1331 2369 1429 2402 -λέγετε
1452 2369 1527 2402 τρεῖς
1553 2367 1643 2400 θεοὺς,
1658 2368 1706 2394 καὶ
1722 2364 1804 2393 ἀποδί-

201 2410 456 2446 hujus_contrarium
465 2412 640 2444 dicimus,sed
651 2413 731 2439 simul
742 2414 797 2440 hmo
809 2413 968 2440 aﬂirmamus

1037 2416 1101 2442 δωσι
1118 2416 1162 2442 τὸν
1179 2414 1257 2448 λόγον
1280 2414 1378 2440 αὖτίκα
1402 2414 1500 2447 λέγων,
1517 2414 1554 2445 ὡς
1573 2414 1615 2448 εἴη
1645 2413 1724 2447 μόνος
1742 2408 1778 2441 εἷς
1793 2409 1804 2434 6

200 2455 228 2482 in
240 2456 507 2490 quibusdicitunum
522 2465 583 2485 esse
596 2457 691 2490 Deum,
704 2465 783 2491 quem
798 2458 915 2485 dicimus
928 2466 967 2485 n01

1036 2460 1121 2492 Θεός’
1145 2460 1202 2486 ἀλλ’
1231 2460 1310 2494 ἡμεῖς
1339 2459 1369 2485 οὐ
1396 2458 1492 2484 τούτου
1520 2458 1675 2486 τούναντίον
1707 2455 1803 2491 φαμὲνι

202 2502 289 2528 solum
304 2510 389 2529 unum
403 2503 527 2535 εδει-,ἐθά
537 2503 619 2530 etiam
634 2503 875 2538 simplicissimum.
891 2504 969 2538 Nequi

1036 2506 1105 2533 ἀλλά
1133 2505 1388 2539 συγκατατιθέμεθα
1414 2504 1530 2537 τούτοις,
1546 2505 1574 2531 ὲν
1601 2501 1641 2535 οἷς
1668 2511 1748 2538 φασιν
1763 2501 1803 2525 ivi

201 2547 227 2575 ei
239 2553 393 2575 consortem
409 2549 554 2582 quemdam
568 2549 675 2581 damus,
687 2554 715 2576 et
727 2550 968 2584 simulparticipem

1100 2560 1108 2576 t
1123 2550 1200 2582 Θεὸν,
1216 2550 1245 2576 δν
1259 2549 1349 2583 φαμὲν
1366 2549 1396 2575 οὐ
1425 2549 1504 2584 μόνον
1518 2549 1566 2576 ἕνα
1582 2547 1662 2580 εἶναι,
1676 2546 1742 2575 ἀλλὰ
1764 2543 1806 2570 καὶ
1861 2567 1864 2569 .

204 2595 277 2622 sicut
302 2594 366 2629 ipsi,
387 2594 505 2621 animam
523 2594 685 2626 mundi,vel
706 2595 832 2627 verbum,
846 2596 887 2622 vel
902 2595 969 2630 spiri

1037 2595 1231 2621 ἁπλούστατον.
1255 2593 1319 2619 οΰτ⁹
1346 2593 1420 2628 αὺτῷ
1446 2593 1575 2620 κοινωνόν
1601 2602 1662 2619 τινα
1690 2592 1804 2623 διδόαμεν

203 2646 272 2672 tum,
289 2640 332 2666 vel
359 2639 480 2666 divinum
497 2640 641 2674 quemdam
670 2640 838 2667 intellectum
859 2645 970 2675 tanquar

1037 2642 1083 2666 καὶ
1113 2640 1294 2673 συμμέτοχον,
1310 2638 1404 2674 ὥσπερ
1427 2639 1505 2665 αὐτοὶ
1532 2638 1583 2673 τὴν
1608 2636 1741 2672 ψυχὴν,ἢ
1765 2632 1804 2659 τδν

204 2694 313 2712 servum
333 2694 366 2713 ex
380 2687 460 2713 dictis
477 2686 556 2713 nobis
577 2686 713 2720 superius.
738 2686 794 2713 Non
812 2691 919 2720 oportet
938 2695 971 2713 au

1037 2686 1126 2720 λόγον,
1142 2685 1158 2720 ἢ
1176 2685 1206 2710 τὸ
1223 2684 1341 2716 πνεῦμα,
1357 2685 1373 2719 ἢ
1394 2684 1465 2710 θεῖόν
1478 2692 1538 2710 τινα
1564 2683 1639 2716 νοῦν,
1652 2684 1690 2715 ὡς
1710 2680 1801 2708 δοῦλον,

204 2735 259 2757 tem
279 2732 400 2765 humano
416 2731 563 2759 intellectui
579 2731 722 2766 adaequare
735 2731 854 2758 divinam
867 2732 971 2767 majestu

1039 2733 1070 2758 ἐκ
1097 2731 1150 2758 τῶν
1175 2731 1241 2765 ἡμῖν
1273 2730 1400 2765 ἀνωτέρω
1428 2729 1573 2765 ῥηθέντων.
1594 2730 1631 2756 Οὐ
1657 2729 1698 2756 δεῖ
1720 2727 1746 2753 δὲ
1771 2723 1802 2757 τῷ

241 2809 253 2825 ⁸
266 2809 317 2837 lsa.
334 2817 370 2842 vt,
384 2809 411 2837 9.
