  <div class='ocr_page' id='page_1' title='image "/cluster/home/n/w/nwhite01/storage/ocr_20150623/154/njp.32101010943486/550.png"; bbox 0 0 1942 3090; ppageno 0'>
   <div class='ocr_carea' id='block_1_1' title="bbox 153 146 925 191">
    <p class='ocr_par' dir='ltr' id='par_1_1' title="bbox 153 146 925 191">
     <span class='ocr_line' id='line_1_1' title="bbox 153 146 925 191; baseline 0.009 -13"><span class='ocrx_word' id='word_1_1' title='bbox 153 146 212 178; x_wconf 75' lang='grc'><strong>1049</strong></span> <span class='ocrx_word' id='word_1_2' title='bbox 759 190 762 191; x_wconf 23' lang='grc' dir='ltr'><em>ν</em></span> <span class='ocrx_word' id='word_1_3' title='bbox 774 153 925 185; x_wconf 77' lang='lat' dir='ltr'><strong>CONTRA</strong></span> 
     </span>
    </p>
   </div>
   <div class='ocr_carea' id='block_1_2' title="bbox 958 146 1754 185">
    <p class='ocr_par' dir='ltr' id='par_1_2' title="bbox 958 146 1754 185">
     <span class='ocr_line' id='line_1_2' title="bbox 958 146 1754 185; baseline -0.003 -1"><span class='ocrx_word' id='word_1_4' title='bbox 958 146 1211 185; x_wconf 70' lang='grc' dir='ltr'><strong>ΜΑΗΟΜΕΤΕΜ.</strong></span> <span class='ocrx_word' id='word_1_5' title='bbox 1685 151 1754 185; x_wconf 69' lang='lat'><strong>1050</strong></span> 
     </span>
    </p>
   </div>
   <div class='ocr_carea' id='block_1_3' title="bbox 150 206 922 246">
    <p class='ocr_par' dir='ltr' id='par_1_3' title="bbox 150 206 917 246">
     <span class='ocr_line' id='line_1_3' title="bbox 150 206 917 246; baseline 0.004 -13"><span class='ocrx_word' id='word_1_6' title='bbox 150 206 303 241; x_wconf 79' lang='grc' dir='ltr'>ἀνθρωπινῳ</span> <span class='ocrx_word' id='word_1_7' title='bbox 330 206 369 241; x_wconf 80' lang='grc' dir='ltr'><strong>νῷ</strong></span> <span class='ocrx_word' id='word_1_8' title='bbox 396 207 503 240; x_wconf 73' lang='grc' dir='ltr'>ἑξισοῦν</span> <span class='ocrx_word' id='word_1_9' title='bbox 532 209 581 245; x_wconf 86' lang='grc' dir='ltr'><strong>τὴν</strong></span> <span class='ocrx_word' id='word_1_10' title='bbox 609 210 681 237; x_wconf 73' lang='grc' dir='ltr'>Θείαν</span> <span class='ocrx_word' id='word_1_11' title='bbox 707 212 917 246; x_wconf 72' lang='grc' dir='ltr'>μεγαλειότητα,</span> 
     </span>
    </p>
   </div>
   <div class='ocr_carea' id='block_1_4' title="bbox 972 206 1754 246">
    <p class='ocr_par' dir='ltr' id='par_1_4' title="bbox 972 206 1754 246">
     <span class='ocr_line' id='line_1_4' title="bbox 972 206 1754 246; baseline 0.001 -10"><span class='ocrx_word' id='word_1_12' title='bbox 972 215 1034 242; x_wconf 79' lang='lat' dir='ltr'><strong>leui,</strong></span> <span class='ocrx_word' id='word_1_13' title='bbox 1048 206 1241 238; x_wconf 58' lang='lat' dir='ltr'><strong>etesistimare</strong></span> <span class='ocrx_word' id='word_1_14' title='bbox 1259 210 1332 237; x_wconf 83' lang='lat' dir='ltr'><strong>illam</strong></span> <span class='ocrx_word' id='word_1_15' title='bbox 1356 218 1410 237; x_wconf 90' lang='lat' dir='ltr'><strong>non</strong></span> <span class='ocrx_word' id='word_1_16' title='bbox 1430 217 1503 242; x_wconf 79' lang='lat' dir='ltr'><strong>esse,</strong></span> <span class='ocrx_word' id='word_1_17' title='bbox 1517 213 1662 245; x_wconf 72' lang='lat' dir='ltr'><strong>propterea</strong></span> <span class='ocrx_word' id='word_1_18' title='bbox 1679 210 1754 246; x_wconf 78' lang='lat' dir='ltr'><strong>quod</strong></span> 
     </span>
    </p>
   </div>
   <div class='ocr_carea' id='block_1_5' title="bbox 151 252 919 292">
    <p class='ocr_par' dir='ltr' id='par_1_5' title="bbox 151 252 919 292">
     <span class='ocr_line' id='line_1_5' title="bbox 151 252 919 292; baseline 0.005 -14"><span class='ocrx_word' id='word_1_19' title='bbox 151 252 190 280; x_wconf 75' lang='grc' dir='ltr'><strong>καὶ</strong></span> <span class='ocrx_word' id='word_1_20' title='bbox 203 253 322 287; x_wconf 81' lang='grc' dir='ltr'>νομίζειν</span> <span class='ocrx_word' id='word_1_21' title='bbox 335 254 443 289; x_wconf 80' lang='grc' dir='ltr'>ἐκείνην</span> <span class='ocrx_word' id='word_1_22' title='bbox 466 255 502 291; x_wconf 84' lang='grc' dir='ltr'><strong>μὴ</strong></span> <span class='ocrx_word' id='word_1_23' title='bbox 520 255 599 285; x_wconf 72' lang='grc' dir='ltr'>εἶναι.</span> <span class='ocrx_word' id='word_1_24' title='bbox 617 257 659 283; x_wconf 72' lang='grc' dir='ltr'>διὰ</span> <span class='ocrx_word' id='word_1_25' title='bbox 676 257 704 283; x_wconf 81' lang='grc' dir='ltr'><strong>τὺ</strong></span> <span class='ocrx_word' id='word_1_26' title='bbox 731 257 767 292; x_wconf 81' lang='grc' dir='ltr'><strong>μὴ</strong></span> <span class='ocrx_word' id='word_1_27' title='bbox 791 256 919 282; x_wconf 70' lang='grc' dir='ltr'>δύνασθαι</span> 
     </span>
    </p>
   </div>
   <div class='ocr_carea' id='block_1_6' title="bbox 149 298 919 337">
    <p class='ocr_par' dir='ltr' id='par_1_6' title="bbox 149 298 919 337">
     <span class='ocr_line' id='line_1_6' title="bbox 149 298 919 337; baseline 0.006 -13"><span class='ocrx_word' id='word_1_28' title='bbox 149 298 248 329; x_wconf 84' lang='grc' dir='ltr'>τούτους</span> <span class='ocrx_word' id='word_1_29' title='bbox 264 300 335 326; x_wconf 78' lang='grc' dir='ltr'>νοεῖν</span> <span class='ocrx_word' id='word_1_30' title='bbox 358 299 409 334; x_wconf 83' lang='grc' dir='ltr'>τὴν</span> <span class='ocrx_word' id='word_1_31' title='bbox 429 301 483 326; x_wconf 80' lang='grc' dir='ltr'>τῶν</span> <span class='ocrx_word' id='word_1_32' title='bbox 505 302 659 335; x_wconf 81' lang='grc' dir='ltr'><strong>προσώπων</strong></span> <span class='ocrx_word' id='word_1_33' title='bbox 673 303 819 337; x_wconf 82' lang='grc' dir='ltr'>διάκρισιν,</span> <span class='ocrx_word' id='word_1_34' title='bbox 834 303 919 337; x_wconf 71' lang='grc' dir='ltr'>χωρὶς</span> 
     </span>
    </p>
   </div>
   <div class='ocr_carea' id='block_1_7' title="bbox 149 344 919 380">
    <p class='ocr_par' dir='ltr' id='par_1_7' title="bbox 149 344 919 380">
     <span class='ocr_line' id='line_1_7' title="bbox 149 344 919 380; baseline 0.006 -11"><span class='ocrx_word' id='word_1_35' title='bbox 149 345 188 370; x_wconf 77' lang='grc' dir='ltr'>τοῦ</span> <span class='ocrx_word' id='word_1_36' title='bbox 212 344 360 379; x_wconf 71' lang='grc' dir='ltr'><strong>διακρίνειν</strong></span> <span class='ocrx_word' id='word_1_37' title='bbox 388 346 434 371; x_wconf 75' lang='grc' dir='ltr'>καὶ</span> <span class='ocrx_word' id='word_1_38' title='bbox 455 347 505 380; x_wconf 82' lang='grc' dir='ltr'>τὴν</span> <span class='ocrx_word' id='word_1_39' title='bbox 530 347 634 374; x_wconf 76' lang='grc' dir='ltr'>οὐσίαν.</span> <span class='ocrx_word' id='word_1_40' title='bbox 653 348 723 375; x_wconf 78' lang='grc' dir='ltr'>Ἀλλ’</span> <span class='ocrx_word' id='word_1_41' title='bbox 752 348 806 375; x_wconf 78' lang='grc' dir='ltr'>οὐδ’</span> <span class='ocrx_word' id='word_1_42' title='bbox 832 348 919 379; x_wconf 75' lang='grc' dir='ltr'>οὕτως</span> 
     </span>
    </p>
   </div>
   <div class='ocr_carea' id='block_1_8' title="bbox 151 390 920 426">
    <p class='ocr_par' dir='ltr' id='par_1_8' title="bbox 151 390 920 426">
     <span class='ocr_line' id='line_1_8' title="bbox 151 390 920 426; baseline 0.008 -12"><span class='ocrx_word' id='word_1_43' title='bbox 151 390 269 424; x_wconf 72' lang='grc' dir='ltr'>ἰσχυροὺς</span> <span class='ocrx_word' id='word_1_44' title='bbox 287 390 381 424; x_wconf 81' lang='grc' dir='ltr'>ἔχουσι</span> <span class='ocrx_word' id='word_1_45' title='bbox 409 390 506 424; x_wconf 84' lang='grc' dir='ltr'>λόγους</span> <span class='ocrx_word' id='word_1_46' title='bbox 529 393 599 426; x_wconf 79' lang='grc' dir='ltr'>πρὸς</span> <span class='ocrx_word' id='word_1_47' title='bbox 621 393 711 426; x_wconf 79' lang='grc' dir='ltr'>τοῦτο,</span> <span class='ocrx_word' id='word_1_48' title='bbox 737 394 784 425; x_wconf 81' lang='grc' dir='ltr'>οὓς</span> <span class='ocrx_word' id='word_1_49' title='bbox 810 394 860 420; x_wconf 82' lang='grc' dir='ltr'>οὐκ</span> <span class='ocrx_word' id='word_1_50' title='bbox 886 394 920 419; x_wconf 80' lang='grc' dir='ltr'>ἂν</span> 
     </span>
    </p>
   </div>
   <div class='ocr_carea' id='block_1_9' title="bbox 149 434 921 474">
    <p class='ocr_par' dir='ltr' id='par_1_9' title="bbox 149 434 921 474">
     <span class='ocr_line' id='line_1_9' title="bbox 149 434 921 474; baseline 0.008 -14"><span class='ocrx_word' id='word_1_51' title='bbox 149 434 287 469; x_wconf 66' lang='grc' dir='ltr'>δυναίμεθα</span> <span class='ocrx_word' id='word_1_52' title='bbox 306 436 380 464; x_wconf 79' lang='grc' dir='ltr'>λύειν</span> <span class='ocrx_word' id='word_1_53' title='bbox 407 438 515 473; x_wconf 73' lang='grc' dir='ltr'>ῥᾳδίως.</span> <span class='ocrx_word' id='word_1_54' title='bbox 532 439 616 466; x_wconf 82' lang='grc' dir='ltr'>Τοῦτο</span> <span class='ocrx_word' id='word_1_55' title='bbox 638 440 728 466; x_wconf 86' lang='grc' dir='ltr'>τοίνυν</span> <span class='ocrx_word' id='word_1_56' title='bbox 755 441 836 474; x_wconf 80' lang='grc' dir='ltr'>ἀρκεῖ</span> <span class='ocrx_word' id='word_1_57' title='bbox 853 439 921 473; x_wconf 78' lang='grc' dir='ltr'>πρὸς</span> 
     </span>
    </p>
   </div>
   <div class='ocr_carea' id='block_1_10' title="bbox 149 479 921 520">
    <p class='ocr_par' dir='ltr' id='par_1_10' title="bbox 149 479 921 520">
     <span class='ocr_line' id='line_1_10' title="bbox 149 479 921 520; baseline 0.008 -15"><span class='ocrx_word' id='word_1_58' title='bbox 149 479 288 514; x_wconf 80' lang='grc' dir='ltr'>ἀπολογίαν</span> <span class='ocrx_word' id='word_1_59' title='bbox 311 482 360 515; x_wconf 84' lang='grc' dir='ltr'>τῆς</span> <span class='ocrx_word' id='word_1_60' title='bbox 379 483 509 515; x_wconf 78' lang='grc' dir='ltr'>πίστεως.</span> <span class='ocrx_word' id='word_1_61' title='bbox 525 484 628 511; x_wconf 84' lang='grc' dir='ltr'><strong>Ἐκεῖνο</strong></span> <span class='ocrx_word' id='word_1_62' title='bbox 644 484 673 511; x_wconf 73' lang='grc' dir='ltr'><strong>δὲ</strong></span> <span class='ocrx_word' id='word_1_63' title='bbox 693 485 733 512; x_wconf 74' lang='grc' dir='ltr'><strong>δεῖ</strong></span> <span class='ocrx_word' id='word_1_64' title='bbox 755 486 856 520; x_wconf 72' lang='grc' dir='ltr'>μᾶλλον</span> <span class='ocrx_word' id='word_1_65' title='bbox 872 485 921 511; x_wconf 85' lang='grc' dir='ltr'><strong>αὺ-</strong></span> 
     </span>
    </p>
   </div>
   <div class='ocr_carea' id='block_1_11' title="bbox 149 526 918 563">
    <p class='ocr_par' dir='ltr' id='par_1_11' title="bbox 149 526 918 563">
     <span class='ocr_line' id='line_1_11' title="bbox 149 526 918 563; baseline 0.005 -12"><span class='ocrx_word' id='word_1_66' title='bbox 149 526 204 556; x_wconf 72' lang='grc' dir='ltr'>τοϋς</span> <span class='ocrx_word' id='word_1_67' title='bbox 219 526 355 552; x_wconf 73' lang='grc' dir='ltr'>ἀπαιτεϊνι</span> <span class='ocrx_word' id='word_1_68' title='bbox 368 527 399 552; x_wconf 81' lang='grc' dir='ltr'>Τί</span> <span class='ocrx_word' id='word_1_69' title='bbox 411 528 537 562; x_wconf 83' lang='grc' dir='ltr'>βούλεται</span> <span class='ocrx_word' id='word_1_70' title='bbox 547 529 577 555; x_wconf 81' lang='grc' dir='ltr'>τὸ</span> <span class='ocrx_word' id='word_1_71' title='bbox 590 529 655 563; x_wconf 80' lang='grc' dir='ltr'>παρ’</span> <span class='ocrx_word' id='word_1_72' title='bbox 672 530 764 560; x_wconf 80' lang='grc' dir='ltr'>αὐτοῖς</span> <span class='ocrx_word' id='word_1_73' title='bbox 784 529 918 562; x_wconf 79' lang='grc' dir='ltr'>Ἀλκορά-</span> 
     </span>
    </p>
   </div>
   <div class='ocr_carea' id='block_1_12' title="bbox 150 571 920 609">
    <p class='ocr_par' dir='ltr' id='par_1_12' title="bbox 150 571 920 609">
     <span class='ocr_line' id='line_1_12' title="bbox 150 571 920 609; baseline 0.006 -14"><span class='ocrx_word' id='word_1_74' title='bbox 150 578 204 601; x_wconf 81' lang='grc' dir='ltr'>νον,</span> <span class='ocrx_word' id='word_1_75' title='bbox 230 571 294 597; x_wconf 80' lang='grc' dir='ltr'>ὅταν</span> <span class='ocrx_word' id='word_1_76' title='bbox 321 573 486 604; x_wconf 76' lang='grc' dir='ltr'><strong>τοσαυτάκις</strong></span> <span class='ocrx_word' id='word_1_77' title='bbox 513 574 611 609; x_wconf 73' lang='grc' dir='ltr'><strong>εἰσάγῃ</strong></span> <span class='ocrx_word' id='word_1_78' title='bbox 639 573 825 609; x_wconf 77' lang='grc' dir='ltr'><strong>πληθυντικῶς</strong></span> <span class='ocrx_word' id='word_1_79' title='bbox 856 575 920 608; x_wconf 83' lang='grc' dir='ltr'><strong>περὶ</strong></span> 
     </span>
    </p>
   </div>
   <div class='ocr_carea' id='block_1_13' title="bbox 150 614 920 651">
    <p class='ocr_par' dir='ltr' id='par_1_13' title="bbox 150 614 920 651">
     <span class='ocr_line' id='line_1_13' title="bbox 150 614 920 651; baseline 0.005 -11"><span class='ocrx_word' id='word_1_80' title='bbox 150 614 240 641; x_wconf 77' lang='grc' dir='ltr'>ἑαυτοῦ</span> <span class='ocrx_word' id='word_1_81' title='bbox 258 616 449 648; x_wconf 78' lang='grc' dir='ltr'>διαλεγόμενον</span> <span class='ocrx_word' id='word_1_82' title='bbox 475 617 520 642; x_wconf 66' lang='grc' dir='ltr'><strong>τὸν</strong></span> <span class='ocrx_word' id='word_1_83' title='bbox 540 617 624 649; x_wconf 77' lang='grc' dir='ltr'>θεὸν,</span> <span class='ocrx_word' id='word_1_84' title='bbox 650 618 737 644; x_wconf 80' lang='grc' dir='ltr'>καίτοι</span> <span class='ocrx_word' id='word_1_85' title='bbox 759 626 789 651; x_wconf 83' lang='grc' dir='ltr'><strong>γε</strong></span> <span class='ocrx_word' id='word_1_86' title='bbox 817 617 920 644; x_wconf 82' lang='grc' dir='ltr'>ἁπλοῦν</span> 
     </span>
    </p>
   </div>
   <div class='ocr_carea' id='block_1_14' title="bbox 149 661 919 699">
    <p class='ocr_par' dir='ltr' id='par_1_14' title="bbox 149 661 919 699">
     <span class='ocr_line' id='line_1_14' title="bbox 149 661 919 699; baseline 0.004 -13"><span class='ocrx_word' id='word_1_87' title='bbox 149 661 206 687; x_wconf 72' lang='grc' dir='ltr'>ὄντα</span> <span class='ocrx_word' id='word_1_88' title='bbox 229 661 275 687; x_wconf 76' lang='grc' dir='ltr'>καὶ</span> <span class='ocrx_word' id='word_1_89' title='bbox 297 661 364 693; x_wconf 68' lang='lat' dir='ltr'><strong>Eva;</strong></span> <span class='ocrx_word' id='word_1_90' title='bbox 380 661 466 688; x_wconf 73' lang='grc' dir='ltr'>Τοῦτο</span> <span class='ocrx_word' id='word_1_91' title='bbox 490 662 512 688; x_wconf 79' lang='grc' dir='ltr'><strong>δ’</strong></span> <span class='ocrx_word' id='word_1_92' title='bbox 536 664 701 699; x_wconf 71' lang='grc' dir='ltr'><strong>ἀπαιτητέον</strong></span> <span class='ocrx_word' id='word_1_93' title='bbox 731 664 847 695; x_wconf 69' lang='grc' dir='ltr'>αὐτοὺς,</span> <span class='ocrx_word' id='word_1_94' title='bbox 876 663 919 690; x_wconf 81' lang='grc' dir='ltr'>ἵνα</span> 
     </span>
    </p>
   </div>
   <div class='ocr_carea' id='block_1_15' title="bbox 149 706 919 743">
    <p class='ocr_par' dir='ltr' id='par_1_15' title="bbox 149 706 919 743">
     <span class='ocr_line' id='line_1_15' title="bbox 149 706 919 743; baseline 0.004 -12"><span class='ocrx_word' id='word_1_95' title='bbox 149 706 351 739; x_wconf 70' lang='grc' dir='ltr'><strong>ἀναγκασθῶσιν</strong></span> <span class='ocrx_word' id='word_1_96' title='bbox 373 708 489 741; x_wconf 64' lang='grc' dir='ltr'>ἀριθμον</span> <span class='ocrx_word' id='word_1_97' title='bbox 508 708 536 733; x_wconf 75' lang='grc' dir='ltr'>ἐν</span> <span class='ocrx_word' id='word_1_98' title='bbox 557 709 612 739; x_wconf 72' lang='grc' dir='ltr'>τοῖς</span> <span class='ocrx_word' id='word_1_99' title='bbox 641 709 796 743; x_wconf 79' lang='grc' dir='ltr'>προσώποις</span> <span class='ocrx_word' id='word_1_100' title='bbox 822 709 919 742; x_wconf 71' lang='grc' dir='ltr'>ὁμολο-</span> 
     </span>
    </p>
   </div>
   <div class='ocr_carea' id='block_1_16' title="bbox 150 745 919 788">
    <p class='ocr_par' dir='ltr' id='par_1_16' title="bbox 150 745 919 788">
     <span class='ocr_line' id='line_1_16' title="bbox 150 745 919 788; baseline 0.003 -12"><span class='ocrx_word' id='word_1_101' title='bbox 150 753 210 784; x_wconf 80' lang='grc' dir='ltr'><strong>γεῖν.</strong></span> <span class='ocrx_word' id='word_1_102' title='bbox 229 752 294 785; x_wconf 67' lang='grc' dir='ltr'><strong>Περὶ</strong></span> <span class='ocrx_word' id='word_1_103' title='bbox 309 752 336 778; x_wconf 76' lang='grc' dir='ltr'><strong>δὲ</strong></span> <span class='ocrx_word' id='word_1_104' title='bbox 353 752 399 778; x_wconf 85' lang='grc' dir='ltr'>τοῦ</span> <span class='ocrx_word' id='word_1_105' title='bbox 419 752 469 786; x_wconf 81' lang='grc' dir='ltr'>τῆς</span> <span class='ocrx_word' id='word_1_106' title='bbox 484 745 646 786; x_wconf 68' lang='grc' dir='ltr'>σαρκώσεως</span> <span class='ocrx_word' id='word_1_107' title='bbox 674 754 835 787; x_wconf 78' lang='grc' dir='ltr'>μυστηρίου,</span> <span class='ocrx_word' id='word_1_108' title='bbox 851 754 919 788; x_wconf 78' lang='grc' dir='ltr'>ὅπερ</span> 
     </span>
    </p>
   </div>
   <div class='ocr_carea' id='block_1_17' title="bbox 149 798 922 834">
    <p class='ocr_par' dir='ltr' id='par_1_17' title="bbox 149 798 922 834">
     <span class='ocr_line' id='line_1_17' title="bbox 149 798 922 834; baseline 0.004 -11"><span class='ocrx_word' id='word_1_109' title='bbox 149 798 217 823; x_wconf 74' lang='grc' dir='ltr'>αὐτοὶ</span> <span class='ocrx_word' id='word_1_110' title='bbox 232 798 280 832; x_wconf 78' lang='grc' dir='ltr'><strong>μὲν</strong></span> <span class='ocrx_word' id='word_1_111' title='bbox 293 798 436 832; x_wconf 70' lang='grc' dir='ltr'>ἀρνοῦνται</span> <span class='ocrx_word' id='word_1_112' title='bbox 456 799 636 831; x_wconf 76' lang='grc' dir='ltr'>παντάπασιν,</span> <span class='ocrx_word' id='word_1_113' title='bbox 657 800 736 834; x_wconf 75' lang='grc' dir='ltr'>ἡμεῖς</span> <span class='ocrx_word' id='word_1_114' title='bbox 747 800 775 826; x_wconf 73' lang='grc' dir='ltr'><strong>δὲ</strong></span> <span class='ocrx_word' id='word_1_115' title='bbox 790 801 922 826; x_wconf 81' lang='grc' dir='ltr'>πιστεύω-</span> 
     </span>
    </p>
   </div>
   <div class='ocr_carea' id='block_1_18' title="bbox 150 843 920 879">
    <p class='ocr_par' dir='ltr' id='par_1_18' title="bbox 150 843 920 879">
     <span class='ocr_line' id='line_1_18' title="bbox 150 843 920 879; baseline 0.006 -13"><span class='ocrx_word' id='word_1_116' title='bbox 150 850 195 875; x_wconf 79' lang='grc' dir='ltr'><strong>μεν</strong></span> <span class='ocrx_word' id='word_1_117' title='bbox 214 843 272 873; x_wconf 84' lang='grc' dir='ltr'>ταῖς</span> <span class='ocrx_word' id='word_1_118' title='bbox 292 843 481 876; x_wconf 77' lang='grc' dir='ltr'>εὖαγγελικαίς</span> <span class='ocrx_word' id='word_1_119' title='bbox 501 844 630 878; x_wconf 81' lang='grc' dir='ltr'>ἑπόμενοι</span> <span class='ocrx_word' id='word_1_120' title='bbox 646 845 754 879; x_wconf 78' lang='grc' dir='ltr'>ρἡεσι,</span> <span class='ocrx_word' id='word_1_121' title='bbox 774 845 815 871; x_wconf 78' lang='grc' dir='ltr'><strong>δεῖ</strong></span> <span class='ocrx_word' id='word_1_122' title='bbox 829 845 920 878; x_wconf 80' lang='grc' dir='ltr'>ζητεῖν</span> 
     </span>
    </p>
   </div>
   <div class='ocr_carea' id='block_1_19' title="bbox 149 886 919 925">
    <p class='ocr_par' dir='ltr' id='par_1_19' title="bbox 149 886 919 925">
     <span class='ocr_line' id='line_1_19' title="bbox 149 886 919 925; baseline 0.006 -14"><span class='ocrx_word' id='word_1_123' title='bbox 149 886 174 918; x_wconf 81' lang='grc' dir='ltr'><strong>ἑξ</strong></span> <span class='ocrx_word' id='word_1_124' title='bbox 188 887 288 919; x_wconf 75' lang='grc' dir='ltr'>αὐτῶν,</span> <span class='ocrx_word' id='word_1_125' title='bbox 303 887 385 913; x_wconf 80' lang='grc' dir='ltr'>πόθεν</span> <span class='ocrx_word' id='word_1_126' title='bbox 401 889 490 914; x_wconf 80' lang='grc' dir='ltr'>ἴσασιν</span> <span class='ocrx_word' id='word_1_127' title='bbox 504 887 541 919; x_wconf 83' lang='grc' dir='ltr'><strong>ὡς</strong></span> <span class='ocrx_word' id='word_1_128' title='bbox 559 888 689 916; x_wconf 82' lang='grc' dir='ltr'>ἀδύνατον</span> <span class='ocrx_word' id='word_1_129' title='bbox 708 889 752 916; x_wconf 63' lang='grc' dir='ltr'><strong>τὸν</strong></span> <span class='ocrx_word' id='word_1_130' title='bbox 769 890 835 915; x_wconf 72' lang='grc' dir='ltr'>Θεὸν</span> <span class='ocrx_word' id='word_1_131' title='bbox 852 898 919 925; x_wconf 70' lang='grc' dir='ltr'>σαρ-</span> 
     </span>
    </p>
   </div>
   <div class='ocr_carea' id='block_1_20' title="bbox 149 931 922 969">
    <p class='ocr_par' dir='ltr' id='par_1_20' title="bbox 149 931 922 969">
     <span class='ocr_line' id='line_1_20' title="bbox 149 931 922 969; baseline 0.005 -12"><span class='ocrx_word' id='word_1_132' title='bbox 149 931 272 965; x_wconf 75' lang='grc' dir='ltr'>κωοῆναι.</span> <span class='ocrx_word' id='word_1_133' title='bbox 291 933 326 959; x_wconf 84' lang='grc' dir='ltr'>Ἦ</span> <span class='ocrx_word' id='word_1_134' title='bbox 342 933 396 967; x_wconf 72' lang='grc' dir='ltr'>γὰρ</span> <span class='ocrx_word' id='word_1_135' title='bbox 417 934 457 960; x_wconf 78' lang='grc' dir='ltr'>ὃτι</span> <span class='ocrx_word' id='word_1_136' title='bbox 480 933 517 968; x_wconf 90' lang='grc' dir='ltr'><strong>μὴ</strong></span> <span class='ocrx_word' id='word_1_137' title='bbox 531 934 683 969; x_wconf 79' lang='grc' dir='ltr'><strong>δεδύνηται,</strong></span> <span class='ocrx_word' id='word_1_138' title='bbox 700 936 747 962; x_wconf 73' lang='grc' dir='ltr'>καὶ</span> <span class='ocrx_word' id='word_1_139' title='bbox 770 935 844 962; x_wconf 75' lang='grc' dir='ltr'>τοῦτ’</span> <span class='ocrx_word' id='word_1_140' title='bbox 864 935 922 961; x_wconf 72' lang='grc' dir='ltr'>ἐστὶ</span> 
     </span>
    </p>
   </div>
   <div class='ocr_carea' id='block_1_21' title="bbox 148 976 923 1013">
    <p class='ocr_par' dir='ltr' id='par_1_21' title="bbox 148 976 923 1013">
     <span class='ocr_line' id='line_1_21' title="bbox 148 976 923 1013; baseline 0.008 -12"><span class='ocrx_word' id='word_1_141' title='bbox 148 976 254 1011; x_wconf 73' lang='grc' dir='ltr'><strong>ψεῦδοςο</strong></span> <span class='ocrx_word' id='word_1_142' title='bbox 279 977 479 1011; x_wconf 83' lang='grc' dir='ltr'>παντοδύναμος</span> <span class='ocrx_word' id='word_1_143' title='bbox 503 979 556 1013; x_wconf 75' lang='grc' dir='ltr'>γὰρ</span> <span class='ocrx_word' id='word_1_144' title='bbox 577 979 624 1009; x_wconf 82' lang='grc' dir='ltr'><strong>ὣν,</strong></span> <span class='ocrx_word' id='word_1_145' title='bbox 643 980 731 1007; x_wconf 70' lang='grc' dir='ltr'>πάντα</span> <span class='ocrx_word' id='word_1_146' title='bbox 756 981 878 1013; x_wconf 77' lang='grc' dir='ltr'>δύναται,</span> <span class='ocrx_word' id='word_1_147' title='bbox 893 981 923 1006; x_wconf 83' lang='grc' dir='ltr'>ὲν</span> 
     </span>
    </p>
   </div>
   <div class='ocr_carea' id='block_1_22' title="bbox 148 1019 923 1058">
    <p class='ocr_par' dir='ltr' id='par_1_22' title="bbox 148 1019 923 1058">
     <span class='ocr_line' id='line_1_22' title="bbox 148 1019 923 1058; baseline 0.005 -13"><span class='ocrx_word' id='word_1_148' title='bbox 148 1019 215 1050; x_wconf 72' lang='grc' dir='ltr'>ὅσοις</span> <span class='ocrx_word' id='word_1_149' title='bbox 228 1019 277 1046; x_wconf 70' lang='grc' dir='ltr'>οὐκ</span> <span class='ocrx_word' id='word_1_150' title='bbox 290 1020 363 1046; x_wconf 73' lang='grc' dir='ltr'>ἐστιν</span> <span class='ocrx_word' id='word_1_151' title='bbox 374 1021 517 1056; x_wconf 77' lang='grc' dir='ltr'>ἀντίφασις</span> <span class='ocrx_word' id='word_1_152' title='bbox 526 1030 534 1038; x_wconf 91' lang='grc'><strong>·</strong></span> <span class='ocrx_word' id='word_1_153' title='bbox 555 1022 570 1056; x_wconf 80' lang='grc' dir='ltr'><strong>ἢ</strong></span> <span class='ocrx_word' id='word_1_154' title='bbox 588 1022 627 1049; x_wconf 79' lang='grc' dir='ltr'>ὅτι</span> <span class='ocrx_word' id='word_1_155' title='bbox 643 1023 681 1058; x_wconf 86' lang='grc' dir='ltr'><strong>μὴ</strong></span> <span class='ocrx_word' id='word_1_156' title='bbox 697 1023 830 1058; x_wconf 73' lang='grc' dir='ltr'>ἠπίστατο</span> <span class='ocrx_word' id='word_1_157' title='bbox 843 1023 923 1049; x_wconf 73' lang='grc' dir='ltr'>τοῦτο</span> 
     </span>
    </p>
   </div>
   <div class='ocr_carea' id='block_1_23' title="bbox 149 1064 922 1102">
    <p class='ocr_par' dir='ltr' id='par_1_23' title="bbox 149 1064 922 1102">
     <span class='ocr_line' id='line_1_23' title="bbox 149 1064 922 1102; baseline 0.006 -13"><span class='ocrx_word' id='word_1_158' title='bbox 149 1064 267 1098; x_wconf 67' lang='grc' dir='ltr'>ποιῆσαι,</span> <span class='ocrx_word' id='word_1_159' title='bbox 283 1066 329 1091; x_wconf 74' lang='grc' dir='ltr'>,καὶ</span> <span class='ocrx_word' id='word_1_160' title='bbox 350 1066 434 1096; x_wconf 63' lang='grc' dir='ltr'>οὕτως</span> <span class='ocrx_word' id='word_1_161' title='bbox 462 1068 530 1101; x_wconf 72' lang='grc' dir='ltr'>δπερ</span> <span class='ocrx_word' id='word_1_162' title='bbox 546 1068 593 1093; x_wconf 84' lang='grc' dir='ltr'>καὶ</span> <span class='ocrx_word' id='word_1_163' title='bbox 620 1068 771 1102; x_wconf 74' lang='grc' dir='ltr'>πρότερον·</span> <span class='ocrx_word' id='word_1_164' title='bbox 789 1068 805 1102; x_wconf 89' lang='grc' dir='ltr'><strong>ῆ</strong></span> <span class='ocrx_word' id='word_1_165' title='bbox 824 1068 864 1094; x_wconf 75' lang='grc' dir='ltr'>ὅτι</span> <span class='ocrx_word' id='word_1_166' title='bbox 885 1068 922 1102; x_wconf 82' lang='grc' dir='ltr'><strong>μὴ</strong></span> 
     </span>
    </p>
   </div>
   <div class='ocr_carea' id='block_1_24' title="bbox 148 1110 921 1150">
    <p class='ocr_par' dir='ltr' id='par_1_24' title="bbox 148 1110 921 1150">
     <span class='ocr_line' id='line_1_24' title="bbox 148 1110 921 1150; baseline 0.006 -14"><span class='ocrx_word' id='word_1_167' title='bbox 148 1110 322 1146; x_wconf 74' lang='grc' dir='ltr'>βεϐούληται·</span> <span class='ocrx_word' id='word_1_168' title='bbox 344 1113 389 1138; x_wconf 70' lang='grc' dir='ltr'>καὶ</span> <span class='ocrx_word' id='word_1_169' title='bbox 411 1114 451 1144; x_wconf 72' lang='grc' dir='ltr'><strong>τίς</strong></span> <span class='ocrx_word' id='word_1_170' title='bbox 476 1113 559 1139; x_wconf 77' lang='grc' dir='ltr'>αὑτοῦ</span> <span class='ocrx_word' id='word_1_171' title='bbox 585 1113 737 1148; x_wconf 79' lang='grc' dir='ltr'>σύμϐουλος</span> <span class='ocrx_word' id='word_1_172' title='bbox 760 1114 921 1150; x_wconf 79' lang='grc' dir='ltr'>γέγονεν;ἥ</span> 
     </span>
    </p>
   </div>
   <div class='ocr_carea' id='block_1_25' title="bbox 148 1156 923 1194">
    <p class='ocr_par' dir='ltr' id='par_1_25' title="bbox 148 1156 923 1194">
     <span class='ocr_line' id='line_1_25' title="bbox 148 1156 923 1194; baseline 0.006 -13"><span class='ocrx_word' id='word_1_173' title='bbox 148 1156 284 1191; x_wconf 75' lang='grc' dir='ltr'>δεδύνηται</span> <span class='ocrx_word' id='word_1_174' title='bbox 314 1157 374 1191; x_wconf 75' lang='grc' dir='ltr'><strong>μὲν,</strong></span> <span class='ocrx_word' id='word_1_175' title='bbox 391 1157 484 1192; x_wconf 77' lang='grc' dir='ltr'>ὥσπερ</span> <span class='ocrx_word' id='word_1_176' title='bbox 504 1158 551 1185; x_wconf 82' lang='grc' dir='ltr'>καὶ</span> <span class='ocrx_word' id='word_1_177' title='bbox 572 1159 648 1194; x_wconf 80' lang='grc' dir='ltr'>ἥλιον</span> <span class='ocrx_word' id='word_1_178' title='bbox 665 1160 794 1186; x_wconf 63' lang='grc' dir='ltr'>ἐλάττονα</span> <span class='ocrx_word' id='word_1_179' title='bbox 810 1160 856 1186; x_wconf 80' lang='grc' dir='ltr'><strong>τοῦ</strong></span> <span class='ocrx_word' id='word_1_180' title='bbox 876 1159 923 1186; x_wconf 84' lang='grc' dir='ltr'>νῦν</span> 
     </span>
    </p>
   </div>
   <div class='ocr_carea' id='block_1_26' title="bbox 147 1200 923 1240">
    <p class='ocr_par' dir='ltr' id='par_1_26' title="bbox 147 1200 923 1240">
     <span class='ocr_line' id='line_1_26' title="bbox 147 1200 923 1240; baseline 0.006 -13"><span class='ocrx_word' id='word_1_181' title='bbox 147 1200 219 1232; x_wconf 73' lang='grc' dir='ltr'>ὄντος</span> <span class='ocrx_word' id='word_1_182' title='bbox 241 1203 365 1236; x_wconf 77' lang='grc' dir='ltr'>ποιῆσαι,</span> <span class='ocrx_word' id='word_1_183' title='bbox 383 1203 431 1229; x_wconf 77' lang='grc' dir='ltr'>καὶ</span> <span class='ocrx_word' id='word_1_184' title='bbox 455 1202 578 1236; x_wconf 78' lang='grc' dir='ltr'>μείζονα,</span> <span class='ocrx_word' id='word_1_185' title='bbox 597 1204 627 1230; x_wconf 82' lang='grc' dir='ltr'>οὐ</span> <span class='ocrx_word' id='word_1_186' title='bbox 648 1205 782 1240; x_wconf 84' lang='grc' dir='ltr'>πεποίηκε</span> <span class='ocrx_word' id='word_1_187' title='bbox 807 1205 852 1237; x_wconf 68' lang='grc' dir='ltr'><strong>δὲ,</strong></span> <span class='ocrx_word' id='word_1_188' title='bbox 876 1205 923 1232; x_wconf 74' lang='grc' dir='ltr'>καὶ</span> 
     </span>
    </p>
   </div>
   <div class='ocr_carea' id='block_1_27' title="bbox 146 1248 922 1282">
    <p class='ocr_par' dir='ltr' id='par_1_27' title="bbox 146 1248 922 1282">
     <span class='ocr_line' id='line_1_27' title="bbox 146 1248 922 1282; baseline 0.005 -9"><span class='ocrx_word' id='word_1_189' title='bbox 146 1248 198 1273; x_wconf 69' lang='grc' dir='ltr'>τοτ’</span> <span class='ocrx_word' id='word_1_190' title='bbox 213 1248 378 1281; x_wconf 69' lang='grc' dir='ltr'>ἀπαιτητέον</span> <span class='ocrx_word' id='word_1_191' title='bbox 398 1249 490 1279; x_wconf 76' lang='grc' dir='ltr'>αὐτοῖς</span> <span class='ocrx_word' id='word_1_192' title='bbox 519 1249 655 1282; x_wconf 78' lang='grc' dir='ltr'>ἀπόδειξιν</span> <span class='ocrx_word' id='word_1_193' title='bbox 673 1249 779 1277; x_wconf 85' lang='grc' dir='ltr'>τούτου.</span> <span class='ocrx_word' id='word_1_194' title='bbox 798 1250 883 1278; x_wconf 80' lang='grc' dir='ltr'>Τοῦτο</span> <span class='ocrx_word' id='word_1_195' title='bbox 901 1251 922 1277; x_wconf 86' lang='grc' dir='ltr'>δ’</span> 
     </span>
    </p>
   </div>
   <div class='ocr_carea' id='block_1_28' title="bbox 146 1292 923 1330">
    <p class='ocr_par' dir='ltr' id='par_1_28' title="bbox 146 1292 923 1330">
     <span class='ocr_line' id='line_1_28' title="bbox 146 1292 923 1330; baseline 0.005 -13"><span class='ocrx_word' id='word_1_196' title='bbox 146 1292 235 1323; x_wconf 78' lang='grc' dir='ltr'>αὐτοῖς</span> <span class='ocrx_word' id='word_1_197' title='bbox 254 1292 444 1319; x_wconf 80' lang='grc' dir='ltr'>ἀποδιικνύναι</span> <span class='ocrx_word' id='word_1_198' title='bbox 466 1293 605 1325; x_wconf 78' lang='grc' dir='ltr'>ἀδύνατον,</span> <span class='ocrx_word' id='word_1_199' title='bbox 626 1294 668 1320; x_wconf 83' lang='grc' dir='ltr'>ὃτι</span> <span class='ocrx_word' id='word_1_200' title='bbox 686 1294 724 1329; x_wconf 81' lang='grc' dir='ltr'><strong>μὴ</strong></span> <span class='ocrx_word' id='word_1_201' title='bbox 749 1295 923 1330; x_wconf 73' lang='grc' dir='ltr'>σςσάρκωται</span> 
     </span>
    </p>
   </div>
   <div class='ocr_carea' id='block_1_29' title="bbox 146 1337 923 1375">
    <p class='ocr_par' dir='ltr' id='par_1_29' title="bbox 146 1337 923 1375">
     <span class='ocr_line' id='line_1_29' title="bbox 146 1337 923 1375; baseline 0.004 -11"><span class='ocrx_word' id='word_1_202' title='bbox 146 1337 273 1371; x_wconf 78' lang='grc' dir='ltr'>δηλονότι.</span> <span class='ocrx_word' id='word_1_203' title='bbox 295 1338 363 1372; x_wconf 77' lang='grc' dir='ltr'>Περὶ</span> <span class='ocrx_word' id='word_1_204' title='bbox 381 1338 409 1364; x_wconf 84' lang='grc' dir='ltr'><strong>δὲ</strong></span> <span class='ocrx_word' id='word_1_205' title='bbox 418 1338 467 1372; x_wconf 81' lang='grc' dir='ltr'><strong>τῆς</strong></span> <span class='ocrx_word' id='word_1_206' title='bbox 480 1338 606 1373; x_wconf 76' lang='grc' dir='ltr'>θεότητος</span> <span class='ocrx_word' id='word_1_207' title='bbox 623 1339 670 1365; x_wconf 84' lang='grc' dir='ltr'>τοῦ</span> <span class='ocrx_word' id='word_1_208' title='bbox 685 1340 803 1374; x_wconf 75' lang='grc' dir='ltr'>Χριστοῦ</span> <span class='ocrx_word' id='word_1_209' title='bbox 824 1342 923 1375; x_wconf 81' lang='grc' dir='ltr'>χρῆται</span> 
     </span>
    </p>
   </div>
   <div class='ocr_carea' id='block_1_30' title="bbox 147 1382 923 1420">
    <p class='ocr_par' dir='ltr' id='par_1_30' title="bbox 147 1382 923 1420">
     <span class='ocr_line' id='line_1_30' title="bbox 147 1382 923 1420; baseline 0.005 -12"><span class='ocrx_word' id='word_1_210' title='bbox 147 1382 195 1418; x_wconf 78' lang='grc' dir='ltr'><strong>μὲν</strong></span> <span class='ocrx_word' id='word_1_211' title='bbox 213 1383 348 1415; x_wconf 75' lang='grc' dir='ltr'><strong>ἀποδείξει</strong></span> <span class='ocrx_word' id='word_1_212' title='bbox 359 1384 373 1409; x_wconf 86' lang='grc' dir='ltr'><strong>ὁ</strong></span> <span class='ocrx_word' id='word_1_213' title='bbox 387 1383 518 1417; x_wconf 72' lang='grc' dir='ltr'><strong>Μωάμεο,</strong></span> <span class='ocrx_word' id='word_1_214' title='bbox 531 1385 571 1411; x_wconf 80' lang='grc' dir='ltr'>ὃτι</span> <span class='ocrx_word' id='word_1_215' title='bbox 590 1385 657 1419; x_wconf 75' lang='grc' dir='ltr'><strong>μηδὲ</strong></span> <span class='ocrx_word' id='word_1_216' title='bbox 668 1386 681 1412; x_wconf 90' lang='grc' dir='ltr'>ὁ</span> <span class='ocrx_word' id='word_1_217' title='bbox 693 1386 811 1420; x_wconf 77' lang='grc' dir='ltr'>Χριστὸς</span> <span class='ocrx_word' id='word_1_218' title='bbox 826 1386 923 1413; x_wconf 66' lang='grc' dir='ltr'>ἑαυτὸν</span> 
     </span>
    </p>
   </div>
   <div class='ocr_carea' id='block_1_31' title="bbox 146 1427 924 1466">
    <p class='ocr_par' dir='ltr' id='par_1_31' title="bbox 146 1427 924 1466">
     <span class='ocr_line' id='line_1_31' title="bbox 146 1427 924 1466; baseline 0.005 -12"><span class='ocrx_word' id='word_1_219' title='bbox 146 1427 220 1455; x_wconf 79' lang='grc' dir='ltr'><strong>εἶπεν</strong></span> <span class='ocrx_word' id='word_1_220' title='bbox 235 1427 303 1455; x_wconf 70' lang='grc' dir='ltr'>εἶναι</span> <span class='ocrx_word' id='word_1_221' title='bbox 317 1429 400 1456; x_wconf 82' lang='grc' dir='ltr'><strong>Θεόν·</strong></span> <span class='ocrx_word' id='word_1_222' title='bbox 416 1429 473 1456; x_wconf 76' lang='grc' dir='ltr'>ἀλλ’</span> <span class='ocrx_word' id='word_1_223' title='bbox 495 1431 568 1456; x_wconf 68' lang='lat' dir='ltr'><strong>simi.</strong></span> <span class='ocrx_word' id='word_1_224' title='bbox 589 1431 641 1465; x_wconf 71' lang='grc' dir='ltr'>πρὸ</span> <span class='ocrx_word' id='word_1_225' title='bbox 665 1430 715 1466; x_wconf 87' lang='grc' dir='ltr'>τῆς</span> <span class='ocrx_word' id='word_1_226' title='bbox 750 1431 924 1463; x_wconf 77' lang='grc' dir='ltr'><strong>ἀναστάσεως</strong></span> 
     </span>
    </p>
   </div>
   <div class='ocr_carea' id='block_1_32' title="bbox 145 1474 923 1513">
    <p class='ocr_par' dir='ltr' id='par_1_32' title="bbox 145 1474 923 1513">
     <span class='ocr_line' id='line_1_32' title="bbox 145 1474 923 1513; baseline 0.004 -13"><span class='ocrx_word' id='word_1_227' title='bbox 145 1476 193 1501; x_wconf 75' lang='grc' dir='ltr'>οὐκ</span> <span class='ocrx_word' id='word_1_228' title='bbox 218 1474 302 1509; x_wconf 71' lang='grc' dir='ltr'>ἔφησε</span> <span class='ocrx_word' id='word_1_229' title='bbox 319 1475 396 1501; x_wconf 76' lang='grc' dir='ltr'>τοῦτο</span> <span class='ocrx_word' id='word_1_230' title='bbox 421 1476 487 1510; x_wconf 76' lang='grc' dir='ltr'><strong>περὶ</strong></span> <span class='ocrx_word' id='word_1_231' title='bbox 516 1476 614 1503; x_wconf 79' lang='grc' dir='ltr'>ἑαυτοῦ</span> <span class='ocrx_word' id='word_1_232' title='bbox 638 1477 797 1513; x_wconf 59' lang='grc' dir='ltr'>διαρρήδην,</span> <span class='ocrx_word' id='word_1_233' title='bbox 821 1477 923 1508; x_wconf 73' lang='grc' dir='ltr'>ἱκανῶς</span> 
     </span>
    </p>
   </div>
   <div class='ocr_carea' id='block_1_33' title="bbox 971 256 1754 291">
    <p class='ocr_par' dir='ltr' id='par_1_33' title="bbox 971 256 1754 291">
     <span class='ocr_line' id='line_1_33' title="bbox 971 256 1754 291; baseline -0.003 -8"><span class='ocrx_word' id='word_1_234' title='bbox 971 257 997 283; x_wconf 91' lang='lat' dir='ltr'><strong>hi</strong></span> <span class='ocrx_word' id='word_1_235' title='bbox 1007 264 1059 283; x_wconf 87' lang='lat' dir='ltr'><strong>nou</strong></span> <span class='ocrx_word' id='word_1_236' title='bbox 1069 262 1182 291; x_wconf 85' lang='lat' dir='ltr'><strong>possunt</strong></span> <span class='ocrx_word' id='word_1_237' title='bbox 1196 256 1345 290; x_wconf 74' lang='lat' dir='ltr'><strong>intelligere</strong></span> <span class='ocrx_word' id='word_1_238' title='bbox 1361 263 1539 290; x_wconf 82' lang='lat' dir='ltr'><strong>personarum</strong></span> <span class='ocrx_word' id='word_1_239' title='bbox 1547 256 1754 288; x_wconf 71' lang='lat' dir='ltr'><strong>discretionem,</strong></span> 
     </span>
    </p>
   </div>
   <div class='ocr_carea' id='block_1_34' title="bbox 969 301 1752 336">
    <p class='ocr_par' dir='ltr' id='par_1_34' title="bbox 969 301 1752 336">
     <span class='ocr_line' id='line_1_34' title="bbox 969 301 1752 336; baseline 0 -7"><span class='ocrx_word' id='word_1_240' title='bbox 969 303 1071 336; x_wconf 77' lang='lat' dir='ltr'><strong>absque</strong></span> <span class='ocrx_word' id='word_1_241' title='bbox 1082 310 1136 336; x_wconf 86' lang='lat' dir='ltr'><strong>quo</strong></span> <span class='ocrx_word' id='word_1_242' title='bbox 1151 307 1178 328; x_wconf 89' lang='lat' dir='ltr'><strong>et</strong></span> <span class='ocrx_word' id='word_1_243' title='bbox 1189 301 1334 328; x_wconf 77' lang='lat' dir='ltr'><strong>essentiam</strong></span> <span class='ocrx_word' id='word_1_244' title='bbox 1351 302 1515 328; x_wconf 68' lang='lat' dir='ltr'><strong>discet-nant.</strong></span> <span class='ocrx_word' id='word_1_245' title='bbox 1534 302 1586 329; x_wconf 88' lang='lat' dir='ltr'><strong>Sed</strong></span> <span class='ocrx_word' id='word_1_246' title='bbox 1605 309 1693 336; x_wconf 82' lang='lat' dir='ltr'><strong>neque</strong></span> <span class='ocrx_word' id='word_1_247' title='bbox 1712 302 1752 329; x_wconf 89' lang='lat' dir='ltr'><strong>sic</strong></span> 
     </span>
    </p>
   </div>
   <div class='ocr_carea' id='block_1_35' title="bbox 969 344 1753 378">
    <p class='ocr_par' dir='ltr' id='par_1_35' title="bbox 969 344 1753 378">
     <span class='ocr_line' id='line_1_35' title="bbox 969 344 1753 378; baseline -0.003 -6"><span class='ocrx_word' id='word_1_248' title='bbox 969 346 1053 373; x_wconf 81' lang='lat' dir='ltr'><strong>fortes</strong></span> <span class='ocrx_word' id='word_1_249' title='bbox 1070 346 1189 372; x_wconf 88' lang='lat' dir='ltr'><strong>rationes</strong></span> <span class='ocrx_word' id='word_1_250' title='bbox 1207 345 1310 372; x_wconf 86' lang='lat' dir='ltr'><strong>habent</strong></span> <span class='ocrx_word' id='word_1_251' title='bbox 1331 345 1363 370; x_wconf 86' lang='lat' dir='ltr'><strong>ad</strong></span> <span class='ocrx_word' id='word_1_252' title='bbox 1380 345 1442 374; x_wconf 87' lang='lat' dir='ltr'><strong>hoc,</strong></span> <span class='ocrx_word' id='word_1_253' title='bbox 1458 351 1526 377; x_wconf 79' lang='lat' dir='ltr'><strong>quas</strong></span> <span class='ocrx_word' id='word_1_254' title='bbox 1547 351 1599 369; x_wconf 87' lang='lat' dir='ltr'><strong>non</strong></span> <span class='ocrx_word' id='word_1_255' title='bbox 1618 344 1753 378; x_wconf 83' lang='lat' dir='ltr'><strong>possimus</strong></span> 
     </span>
    </p>
   </div>
   <div class='ocr_carea' id='block_1_36' title="bbox 970 388 1753 426">
    <p class='ocr_par' dir='ltr' id='par_1_36' title="bbox 970 388 1753 426">
     <span class='ocr_line' id='line_1_36' title="bbox 970 388 1753 426; baseline -0.004 -8"><span class='ocrx_word' id='word_1_256' title='bbox 970 392 1085 418; x_wconf 85' lang='lat' dir='ltr'><strong>solvere.</strong></span> <span class='ocrx_word' id='word_1_257' title='bbox 1101 391 1156 418; x_wconf 88' lang='lat' dir='ltr'><strong>Hoc</strong></span> <span class='ocrx_word' id='word_1_258' title='bbox 1170 391 1251 426; x_wconf 77' lang='lat' dir='ltr'><strong>igitur</strong></span> <span class='ocrx_word' id='word_1_259' title='bbox 1266 390 1364 418; x_wconf 84' lang='lat' dir='ltr'><strong>suilieit</strong></span> <span class='ocrx_word' id='word_1_260' title='bbox 1377 389 1409 416; x_wconf 90' lang='lat' dir='ltr'><strong>ad</strong></span> <span class='ocrx_word' id='word_1_261' title='bbox 1427 389 1611 416; x_wconf 74' lang='lat' dir='ltr'><strong>defensionem</strong></span> <span class='ocrx_word' id='word_1_262' title='bbox 1627 388 1700 415; x_wconf 83' lang='lat' dir='ltr'><strong>ﬁdei.</strong></span> <span class='ocrx_word' id='word_1_263' title='bbox 1720 389 1753 415; x_wconf 90' lang='lat' dir='ltr'><strong>ll-</strong></span> 
     </span>
    </p>
   </div>
   <div class='ocr_carea' id='block_1_37' title="bbox 971 433 1754 469">
    <p class='ocr_par' dir='ltr' id='par_1_37' title="bbox 971 433 1754 469">
     <span class='ocr_line' id='line_1_37' title="bbox 971 433 1754 469; baseline -0.001 -8"><span class='ocrx_word' id='word_1_264' title='bbox 971 435 1016 462; x_wconf 91' lang='lat' dir='ltr'><strong>lud</strong></span> <span class='ocrx_word' id='word_1_265' title='bbox 1026 440 1117 463; x_wconf 86' lang='lat' dir='ltr'><strong>autem</strong></span> <span class='ocrx_word' id='word_1_266' title='bbox 1128 439 1237 468; x_wconf 88' lang='lat' dir='ltr'><strong>oportet</strong></span> <span class='ocrx_word' id='word_1_267' title='bbox 1253 434 1342 469; x_wconf 92' lang='lat' dir='ltr'><strong>potius</strong></span> <span class='ocrx_word' id='word_1_268' title='bbox 1355 434 1388 462; x_wconf 88' lang='lat' dir='ltr'><strong>ab</strong></span> <span class='ocrx_word' id='word_1_269' title='bbox 1414 434 1454 461; x_wconf 82' lang='lat' dir='ltr'><strong>eis</strong></span> <span class='ocrx_word' id='word_1_270' title='bbox 1466 438 1557 468; x_wconf 77' lang='lat' dir='ltr'><strong>petere</strong></span> <span class='ocrx_word' id='word_1_271' title='bbox 1572 443 1579 460; x_wconf 85' lang='lat'><strong>:</strong></span> <span class='ocrx_word' id='word_1_272' title='bbox 1595 433 1666 465; x_wconf 87' lang='lat' dir='ltr'><strong>Quid</strong></span> <span class='ocrx_word' id='word_1_273' title='bbox 1695 434 1754 460; x_wconf 87' lang='lat' dir='ltr'><strong>vult</strong></span> 
     </span>
    </p>
   </div>
   <div class='ocr_carea' id='block_1_38' title="bbox 971 479 1753 514">
    <p class='ocr_par' dir='ltr' id='par_1_38' title="bbox 971 479 1753 514">
     <span class='ocr_line' id='line_1_38' title="bbox 971 479 1753 514; baseline -0.001 -8"><span class='ocrx_word' id='word_1_274' title='bbox 971 480 1132 507; x_wconf 86' lang='lat' dir='ltr'><strong>Alcoranum</strong></span> <span class='ocrx_word' id='word_1_275' title='bbox 1148 480 1218 514; x_wconf 87' lang='lat' dir='ltr'><strong>apud</strong></span> <span class='ocrx_word' id='word_1_276' title='bbox 1234 487 1293 511; x_wconf 90' lang='lat' dir='ltr'><strong>eos,</strong></span> <span class='ocrx_word' id='word_1_277' title='bbox 1304 480 1412 514; x_wconf 78' lang='lat' dir='ltr'><strong>quando</strong></span> <span class='ocrx_word' id='word_1_278' title='bbox 1425 479 1505 506; x_wconf 80' lang='lat' dir='ltr'><strong>toties</strong></span> <span class='ocrx_word' id='word_1_279' title='bbox 1518 479 1711 506; x_wconf 87' lang='lat' dir='ltr'><strong>iuducitDeum</strong></span> <span class='ocrx_word' id='word_1_280' title='bbox 1720 480 1753 506; x_wconf 87' lang='lat' dir='ltr'><strong>de</strong></span> 
     </span>
    </p>
   </div>
   <div class='ocr_carea' id='block_1_39' title="bbox 969 523 1755 559">
    <p class='ocr_par' dir='ltr' id='par_1_39' title="bbox 969 523 1755 559">
     <span class='ocr_line' id='line_1_39' title="bbox 969 523 1755 559; baseline 0 -9"><span class='ocrx_word' id='word_1_281' title='bbox 969 524 1059 558; x_wconf 82' lang='lat' dir='ltr'><strong>seipso</strong></span> <span class='ocrx_word' id='word_1_282' title='bbox 1071 525 1212 558; x_wconf 78' lang='lat' dir='ltr'><strong>pluraliter</strong></span> <span class='ocrx_word' id='word_1_283' title='bbox 1226 525 1390 559; x_wconf 89' lang='lat' dir='ltr'><strong>loquentem,</strong></span> <span class='ocrx_word' id='word_1_284' title='bbox 1399 531 1460 551; x_wconf 87' lang='lat' dir='ltr'><strong>cum</strong></span> <span class='ocrx_word' id='word_1_285' title='bbox 1469 524 1583 557; x_wconf 82' lang='lat' dir='ltr'><strong>simplex</strong></span> <span class='ocrx_word' id='word_1_286' title='bbox 1593 524 1662 550; x_wconf 90' lang='lat' dir='ltr'><strong>sitet</strong></span> <span class='ocrx_word' id='word_1_287' title='bbox 1671 523 1755 550; x_wconf 85' lang='lat' dir='ltr'><strong>unus?</strong></span> 
     </span>
    </p>
   </div>
   <div class='ocr_carea' id='block_1_40' title="bbox 972 569 1752 604">
    <p class='ocr_par' dir='ltr' id='par_1_40' title="bbox 972 569 1752 604">
     <span class='ocr_line' id='line_1_40' title="bbox 972 569 1752 604; baseline 0 -8"><span class='ocrx_word' id='word_1_288' title='bbox 972 569 1028 600; x_wconf 82' lang='lat' dir='ltr'><strong>Hae</strong></span> <span class='ocrx_word' id='word_1_289' title='bbox 1040 574 1129 596; x_wconf 87' lang='lat' dir='ltr'><strong>autem</strong></span> <span class='ocrx_word' id='word_1_290' title='bbox 1141 577 1188 596; x_wconf 85' lang='lat' dir='ltr'><strong>eos</strong></span> <span class='ocrx_word' id='word_1_291' title='bbox 1204 569 1360 604; x_wconf 81' lang='lat' dir='ltr'><strong>petendum,</strong></span> <span class='ocrx_word' id='word_1_292' title='bbox 1380 574 1409 596; x_wconf 88' lang='lat' dir='ltr'><strong>ut</strong></span> <span class='ocrx_word' id='word_1_293' title='bbox 1421 573 1553 603; x_wconf 78' lang='lat' dir='ltr'><strong>cogantur</strong></span> <span class='ocrx_word' id='word_1_294' title='bbox 1570 577 1713 596; x_wconf 85' lang='lat' dir='ltr'><strong>numerum</strong></span> <span class='ocrx_word' id='word_1_295' title='bbox 1725 570 1752 596; x_wconf 85' lang='lat' dir='ltr'><strong>in</strong></span> 
     </span>
    </p>
   </div>
   <div class='ocr_carea' id='block_1_41' title="bbox 971 614 1753 649">
    <p class='ocr_par' dir='ltr' id='par_1_41' title="bbox 971 614 1753 649">
     <span class='ocr_line' id='line_1_41' title="bbox 971 614 1753 649; baseline 0 -9"><span class='ocrx_word' id='word_1_296' title='bbox 971 615 1094 648; x_wconf 82' lang='lat' dir='ltr'><strong>personis</strong></span> <span class='ocrx_word' id='word_1_297' title='bbox 1107 614 1241 641; x_wconf 75' lang='lat' dir='ltr'><strong>confiteri.</strong></span> <span class='ocrx_word' id='word_1_298' title='bbox 1255 615 1292 641; x_wconf 89' lang='lat' dir='ltr'><strong>De</strong></span> <span class='ocrx_word' id='word_1_299' title='bbox 1306 615 1434 649; x_wconf 84' lang='lat' dir='ltr'><strong>mysterio</strong></span> <span class='ocrx_word' id='word_1_300' title='bbox 1443 620 1534 641; x_wconf 87' lang='lat' dir='ltr'><strong>autem</strong></span> <span class='ocrx_word' id='word_1_301' title='bbox 1547 615 1753 646; x_wconf 80' lang='lat' dir='ltr'><strong>incarnationis,</strong></span> 
     </span>
    </p>
   </div>
   <div class='ocr_carea' id='block_1_42' title="bbox 970 659 1753 695">
    <p class='ocr_par' dir='ltr' id='par_1_42' title="bbox 970 659 1753 695">
     <span class='ocr_line' id='line_1_42' title="bbox 970 659 1753 695; baseline 0.004 -10"><span class='ocrx_word' id='word_1_302' title='bbox 970 659 1042 693; x_wconf 86' lang='lat' dir='ltr'><strong>quod</strong></span> <span class='ocrx_word' id='word_1_303' title='bbox 1062 659 1111 694; x_wconf 84' lang='lat' dir='ltr'><strong>ipsi</strong></span> <span class='ocrx_word' id='word_1_304' title='bbox 1125 661 1233 694; x_wconf 82' lang='lat' dir='ltr'><strong>quilent</strong></span> <span class='ocrx_word' id='word_1_305' title='bbox 1248 665 1347 695; x_wconf 74' lang='lat' dir='ltr'><strong>negant</strong></span> <span class='ocrx_word' id='word_1_306' title='bbox 1365 660 1548 691; x_wconf 86' lang='lat' dir='ltr'><strong>omnino,nos</strong></span> <span class='ocrx_word' id='word_1_307' title='bbox 1559 666 1649 687; x_wconf 89' lang='lat' dir='ltr'><strong>autem</strong></span> <span class='ocrx_word' id='word_1_308' title='bbox 1663 661 1753 688; x_wconf 87' lang='lat' dir='ltr'><strong>credi-</strong></span> 
     </span>
    </p>
   </div>
   <div class='ocr_carea' id='block_1_43' title="bbox 970 706 1754 741">
    <p class='ocr_par' dir='ltr' id='par_1_43' title="bbox 970 706 1754 741">
     <span class='ocr_line' id='line_1_43' title="bbox 970 706 1754 741; baseline 0.001 -10"><span class='ocrx_word' id='word_1_309' title='bbox 970 713 1041 736; x_wconf 84' lang='lat' dir='ltr'><strong>mus,</strong></span> <span class='ocrx_word' id='word_1_310' title='bbox 1052 710 1195 740; x_wconf 81' lang='lat' dir='ltr'><strong>sequentes</strong></span> <span class='ocrx_word' id='word_1_311' title='bbox 1204 707 1357 740; x_wconf 79' lang='lat' dir='ltr'><strong>evangelica</strong></span> <span class='ocrx_word' id='word_1_312' title='bbox 1374 706 1454 737; x_wconf 86' lang='lat' dir='ltr'><strong>dicta,</strong></span> <span class='ocrx_word' id='word_1_313' title='bbox 1465 711 1572 740; x_wconf 86' lang='lat' dir='ltr'><strong>oportet</strong></span> <span class='ocrx_word' id='word_1_314' title='bbox 1585 714 1706 741; x_wconf 69' lang='lat' dir='ltr'><strong>qua‘rere</strong></span> <span class='ocrx_word' id='word_1_315' title='bbox 1720 707 1754 734; x_wconf 79' lang='lat' dir='ltr'><strong>ah</strong></span> 
     </span>
    </p>
   </div>
   <div class='ocr_carea' id='block_1_44' title="bbox 970 749 1754 785">
    <p class='ocr_par' dir='ltr' id='par_1_44' title="bbox 970 749 1754 785">
     <span class='ocr_line' id='line_1_44' title="bbox 970 749 1754 785; baseline 0 -8"><span class='ocrx_word' id='word_1_316' title='bbox 970 750 1010 777; x_wconf 80' lang='lat' dir='ltr'><strong>eis</strong></span> <span class='ocrx_word' id='word_1_317' title='bbox 1024 749 1096 777; x_wconf 87' lang='lat' dir='ltr'><strong>unde</strong></span> <span class='ocrx_word' id='word_1_318' title='bbox 1109 751 1275 784; x_wconf 81' lang='lat' dir='ltr'><strong>sciamquod</strong></span> <span class='ocrx_word' id='word_1_319' title='bbox 1289 749 1458 785; x_wconf 79' lang='lat' dir='ltr'><strong>impossibile</strong></span> <span class='ocrx_word' id='word_1_320' title='bbox 1475 755 1517 777; x_wconf 88' lang='lat' dir='ltr'><strong>est</strong></span> <span class='ocrx_word' id='word_1_321' title='bbox 1529 750 1613 777; x_wconf 87' lang='lat' dir='ltr'><strong>Deum</strong></span> <span class='ocrx_word' id='word_1_322' title='bbox 1627 751 1754 778; x_wconf 83' lang='lat' dir='ltr'><strong>incarna-</strong></span> 
     </span>
    </p>
   </div>
   <div class='ocr_carea' id='block_1_45' title="bbox 971 795 1754 830">
    <p class='ocr_par' dir='ltr' id='par_1_45' title="bbox 971 795 1754 830">
     <span class='ocr_line' id='line_1_45' title="bbox 971 795 1754 830; baseline 0.001 -7"><span class='ocrx_word' id='word_1_323' title='bbox 971 800 1028 823; x_wconf 89' lang='lat' dir='ltr'><strong>tum</strong></span> <span class='ocrx_word' id='word_1_324' title='bbox 1045 795 1139 822; x_wconf 89' lang='lat' dir='ltr'><strong>fuisse.</strong></span> <span class='ocrx_word' id='word_1_325' title='bbox 1153 795 1201 823; x_wconf 73' lang='lat' dir='ltr'><strong>Vel</strong></span> <span class='ocrx_word' id='word_1_326' title='bbox 1229 796 1301 822; x_wconf 87' lang='lat' dir='ltr'><strong>enim</strong></span> <span class='ocrx_word' id='word_1_327' title='bbox 1321 795 1394 830; x_wconf 90' lang='lat' dir='ltr'><strong>quod</strong></span> <span class='ocrx_word' id='word_1_328' title='bbox 1413 803 1466 823; x_wconf 89' lang='lat' dir='ltr'><strong>non</strong></span> <span class='ocrx_word' id='word_1_329' title='bbox 1494 796 1593 830; x_wconf 86' lang='lat' dir='ltr'><strong>potuit,</strong></span> <span class='ocrx_word' id='word_1_330' title='bbox 1604 801 1631 823; x_wconf 87' lang='lat' dir='ltr'><strong>et</strong></span> <span class='ocrx_word' id='word_1_331' title='bbox 1647 797 1698 824; x_wconf 82' lang='lat' dir='ltr'><strong>hoc</strong></span> <span class='ocrx_word' id='word_1_332' title='bbox 1713 801 1754 824; x_wconf 89' lang='lat' dir='ltr'><strong>est</strong></span> 
     </span>
    </p>
   </div>
   <div class='ocr_carea' id='block_1_46' title="bbox 972 839 1754 877">
    <p class='ocr_par' dir='ltr' id='par_1_46' title="bbox 972 839 1754 877">
     <span class='ocr_line' id='line_1_46' title="bbox 972 839 1754 877; baseline 0.004 -11"><span class='ocrx_word' id='word_1_333' title='bbox 972 839 1079 867; x_wconf 85' lang='lat' dir='ltr'><strong>falsum.</strong></span> <span class='ocrx_word' id='word_1_334' title='bbox 1096 840 1274 875; x_wconf 82' lang='lat' dir='ltr'><strong>Omnipotens</strong></span> <span class='ocrx_word' id='word_1_335' title='bbox 1286 841 1359 868; x_wconf 89' lang='lat' dir='ltr'><strong>enim</strong></span> <span class='ocrx_word' id='word_1_336' title='bbox 1371 849 1432 868; x_wconf 90' lang='lat' dir='ltr'><strong>cum</strong></span> <span class='ocrx_word' id='word_1_337' title='bbox 1446 841 1492 871; x_wconf 89' lang='lat' dir='ltr'><strong>sit.</strong></span> <span class='ocrx_word' id='word_1_338' title='bbox 1508 842 1599 868; x_wconf 83' lang='lat' dir='ltr'><strong>omnia</strong></span> <span class='ocrx_word' id='word_1_339' title='bbox 1614 847 1712 877; x_wconf 88' lang='lat' dir='ltr'><strong>potest,</strong></span> <span class='ocrx_word' id='word_1_340' title='bbox 1727 844 1754 869; x_wconf 92' lang='lat' dir='ltr'><strong>in</strong></span> 
     </span>
    </p>
   </div>
   <div class='ocr_carea' id='block_1_47' title="bbox 973 886 1754 922">
    <p class='ocr_par' dir='ltr' id='par_1_47' title="bbox 973 886 1754 922">
     <span class='ocr_line' id='line_1_47' title="bbox 973 886 1754 922; baseline 0.003 -10"><span class='ocrx_word' id='word_1_341' title='bbox 973 886 1073 921; x_wconf 86' lang='lat' dir='ltr'><strong>quibus</strong></span> <span class='ocrx_word' id='word_1_342' title='bbox 1085 894 1137 913; x_wconf 84' lang='lat' dir='ltr'><strong>non</strong></span> <span class='ocrx_word' id='word_1_343' title='bbox 1153 891 1194 914; x_wconf 86' lang='lat' dir='ltr'><strong>est</strong></span> <span class='ocrx_word' id='word_1_344' title='bbox 1217 886 1460 914; x_wconf 83' lang='lat' dir='ltr'><strong>contradictio.Vel</strong></span> <span class='ocrx_word' id='word_1_345' title='bbox 1473 888 1544 922; x_wconf 88' lang='lat' dir='ltr'><strong>quod</strong></span> <span class='ocrx_word' id='word_1_346' title='bbox 1562 888 1677 915; x_wconf 86' lang='lat' dir='ltr'><strong>nescivit</strong></span> <span class='ocrx_word' id='word_1_347' title='bbox 1703 888 1754 916; x_wconf 80' lang='lat' dir='ltr'><strong>hoc</strong></span> 
     </span>
    </p>
   </div>
   <div class='ocr_carea' id='block_1_48' title="bbox 956 928 1755 966">
    <p class='ocr_par' dir='ltr' id='par_1_48' title="bbox 956 928 1755 966">
     <span class='ocr_line' id='line_1_48' title="bbox 956 928 1755 966; baseline 0.001 -8"><span class='ocrx_word' id='word_1_348' title='bbox 956 956 958 958; x_wconf 84' lang='lat'><strong>.</strong></span> <span class='ocrx_word' id='word_1_349' title='bbox 974 928 1071 961; x_wconf 86' lang='lat' dir='ltr'><strong>facere,</strong></span> <span class='ocrx_word' id='word_1_350' title='bbox 1083 935 1110 956; x_wconf 88' lang='lat' dir='ltr'><strong>et</strong></span> <span class='ocrx_word' id='word_1_351' title='bbox 1134 930 1174 957; x_wconf 88' lang='lat' dir='ltr'><strong>sic</strong></span> <span class='ocrx_word' id='word_1_352' title='bbox 1188 930 1259 964; x_wconf 92' lang='lat' dir='ltr'><strong>quod</strong></span> <span class='ocrx_word' id='word_1_353' title='bbox 1279 935 1305 958; x_wconf 88' lang='lat' dir='ltr'><strong>et</strong></span> <span class='ocrx_word' id='word_1_354' title='bbox 1320 931 1406 965; x_wconf 86' lang='lat' dir='ltr'><strong>prius.</strong></span> <span class='ocrx_word' id='word_1_355' title='bbox 1424 930 1470 958; x_wconf 88' lang='lat' dir='ltr'><strong>Vel</strong></span> <span class='ocrx_word' id='word_1_356' title='bbox 1495 931 1567 966; x_wconf 91' lang='lat' dir='ltr'><strong>quod</strong></span> <span class='ocrx_word' id='word_1_357' title='bbox 1592 932 1689 959; x_wconf 88' lang='lat' dir='ltr'><strong>noluit.</strong></span> <span class='ocrx_word' id='word_1_358' title='bbox 1721 933 1755 960; x_wconf 87' lang='lat' dir='ltr'><strong>Et</strong></span> 
     </span>
    </p>
   </div>
   <div class='ocr_carea' id='block_1_49' title="bbox 972 974 1753 1012">
    <p class='ocr_par' dir='ltr' id='par_1_49' title="bbox 972 974 1753 1012">
     <span class='ocr_line' id='line_1_49' title="bbox 972 974 1753 1012; baseline 0.005 -12"><span class='ocrx_word' id='word_1_359' title='bbox 972 974 1033 1008; x_wconf 88' lang='lat' dir='ltr'><strong>quis</strong></span> <span class='ocrx_word' id='word_1_360' title='bbox 1044 975 1103 1009; x_wconf 82' lang='lat' dir='ltr'><strong>ejus</strong></span> <span class='ocrx_word' id='word_1_361' title='bbox 1116 976 1258 1003; x_wconf 90' lang='lat' dir='ltr'><strong>consultor</strong></span> <span class='ocrx_word' id='word_1_362' title='bbox 1271 976 1341 1003; x_wconf 79' lang='lat' dir='ltr'><strong>fuit?</strong></span> <span class='ocrx_word' id='word_1_363' title='bbox 1354 974 1403 1004; x_wconf 81' lang='lat' dir='ltr'><strong>Vel</strong></span> <span class='ocrx_word' id='word_1_364' title='bbox 1421 981 1510 1004; x_wconf 87' lang='lat' dir='ltr'><strong>autem</strong></span> <span class='ocrx_word' id='word_1_365' title='bbox 1529 977 1616 1012; x_wconf 90' lang='lat' dir='ltr'><strong>potuit</strong></span> <span class='ocrx_word' id='word_1_366' title='bbox 1630 978 1753 1012; x_wconf 85' lang='lat' dir='ltr'><strong>quidem,</strong></span> 
     </span>
    </p>
   </div>
   <div class='ocr_carea' id='block_1_50' title="bbox 972 1021 1755 1056">
    <p class='ocr_par' dir='ltr' id='par_1_50' title="bbox 972 1021 1755 1056">
     <span class='ocr_line' id='line_1_50' title="bbox 972 1021 1755 1056; baseline 0.004 -9"><span class='ocrx_word' id='word_1_367' title='bbox 972 1021 1043 1047; x_wconf 86' lang='lat' dir='ltr'><strong>sicut</strong></span> <span class='ocrx_word' id='word_1_368' title='bbox 1070 1021 1154 1048; x_wconf 88' lang='lat' dir='ltr'><strong>solem</strong></span> <span class='ocrx_word' id='word_1_369' title='bbox 1179 1022 1311 1049; x_wconf 87' lang='lat' dir='ltr'><strong>minorem</strong></span> <span class='ocrx_word' id='word_1_370' title='bbox 1334 1030 1414 1056; x_wconf 86' lang='lat' dir='ltr'><strong>quam</strong></span> <span class='ocrx_word' id='word_1_371' title='bbox 1444 1030 1517 1049; x_wconf 91' lang='lat' dir='ltr'><strong>nunc</strong></span> <span class='ocrx_word' id='word_1_372' title='bbox 1537 1027 1579 1050; x_wconf 79' lang='lat' dir='ltr'><strong>est</strong></span> <span class='ocrx_word' id='word_1_373' title='bbox 1601 1023 1701 1054; x_wconf 82' lang='lat' dir='ltr'><strong>facere.</strong></span> <span class='ocrx_word' id='word_1_374' title='bbox 1727 1029 1755 1051; x_wconf 89' lang='lat' dir='ltr'><strong>et</strong></span> 
     </span>
    </p>
   </div>
   <div class='ocr_carea' id='block_1_51' title="bbox 973 1066 1755 1103">
    <p class='ocr_par' dir='ltr' id='par_1_51' title="bbox 973 1066 1755 1103">
     <span class='ocr_line' id='line_1_51' title="bbox 973 1066 1755 1103; baseline 0.006 -11"><span class='ocrx_word' id='word_1_375' title='bbox 973 1066 1114 1100; x_wconf 86' lang='lat' dir='ltr'><strong>majorem,</strong></span> <span class='ocrx_word' id='word_1_376' title='bbox 1133 1072 1222 1095; x_wconf 85' lang='lat' dir='ltr'><strong>tamen</strong></span> <span class='ocrx_word' id='word_1_377' title='bbox 1240 1075 1294 1095; x_wconf 92' lang='lat' dir='ltr'><strong>non</strong></span> <span class='ocrx_word' id='word_1_378' title='bbox 1323 1068 1398 1096; x_wconf 84' lang='lat' dir='ltr'><strong>fecit.</strong></span> <span class='ocrx_word' id='word_1_379' title='bbox 1413 1068 1447 1096; x_wconf 86' lang='lat' dir='ltr'><strong>Et</strong></span> <span class='ocrx_word' id='word_1_380' title='bbox 1462 1072 1526 1095; x_wconf 86' lang='lat' dir='ltr'><strong>tunc</strong></span> <span class='ocrx_word' id='word_1_381' title='bbox 1546 1069 1692 1103; x_wconf 86' lang='lat' dir='ltr'><strong>petendum</strong></span> <span class='ocrx_word' id='word_1_382' title='bbox 1707 1077 1755 1097; x_wconf 87' lang='lat' dir='ltr'><strong>eos</strong></span> 
     </span>
    </p>
   </div>
   <div class='ocr_carea' id='block_1_52' title="bbox 973 1110 1754 1148">
    <p class='ocr_par' dir='ltr' id='par_1_52' title="bbox 973 1110 1754 1148">
     <span class='ocr_line' id='line_1_52' title="bbox 973 1110 1754 1148; baseline 0.003 -10"><span class='ocrx_word' id='word_1_383' title='bbox 973 1110 1233 1141; x_wconf 64' lang='lat' dir='ltr'><strong>demonstrationem</strong></span> <span class='ocrx_word' id='word_1_384' title='bbox 1262 1113 1344 1148; x_wconf 83' lang='lat' dir='ltr'><strong>hujus</strong></span> <span class='ocrx_word' id='word_1_385' title='bbox 1377 1113 1453 1146; x_wconf 89' lang='lat' dir='ltr'><strong>dare,</strong></span> <span class='ocrx_word' id='word_1_386' title='bbox 1470 1113 1542 1148; x_wconf 92' lang='lat' dir='ltr'><strong>quod</strong></span> <span class='ocrx_word' id='word_1_387' title='bbox 1569 1121 1622 1140; x_wconf 88' lang='lat' dir='ltr'><strong>non</strong></span> <span class='ocrx_word' id='word_1_388' title='bbox 1648 1113 1754 1141; x_wconf 82' lang='lat' dir='ltr'><strong>fecerit.</strong></span> 
     </span>
    </p>
   </div>
   <div class='ocr_carea' id='block_1_53' title="bbox 974 1159 1755 1194">
    <p class='ocr_par' dir='ltr' id='par_1_53' title="bbox 974 1159 1755 1194">
     <span class='ocr_line' id='line_1_53' title="bbox 974 1159 1755 1194; baseline -0.001 -7"><span class='ocrx_word' id='word_1_389' title='bbox 974 1160 1030 1188; x_wconf 86' lang='lat' dir='ltr'><strong>Hoc</strong></span> <span class='ocrx_word' id='word_1_390' title='bbox 1048 1165 1139 1188; x_wconf 86' lang='lat' dir='ltr'><strong>autem</strong></span> <span class='ocrx_word' id='word_1_391' title='bbox 1168 1160 1208 1188; x_wconf 89' lang='lat' dir='ltr'><strong>eis</strong></span> <span class='ocrx_word' id='word_1_392' title='bbox 1225 1160 1415 1187; x_wconf 87' lang='lat' dir='ltr'><strong>demonstrare</strong></span> <span class='ocrx_word' id='word_1_393' title='bbox 1428 1165 1470 1187; x_wconf 81' lang='lat' dir='ltr'><strong>est</strong></span> <span class='ocrx_word' id='word_1_394' title='bbox 1491 1159 1668 1194; x_wconf 83' lang='lat' dir='ltr'><strong>impossibile,</strong></span> <span class='ocrx_word' id='word_1_395' title='bbox 1682 1159 1755 1194; x_wconf 88' lang='lat' dir='ltr'><strong>quod</strong></span> 
     </span>
    </p>
   </div>
   <div class='ocr_carea' id='block_1_54' title="bbox 974 1204 1755 1241">
    <p class='ocr_par' dir='ltr' id='par_1_54' title="bbox 974 1204 1755 1241">
     <span class='ocr_line' id='line_1_54' title="bbox 974 1204 1755 1241; baseline -0.004 -7"><span class='ocrx_word' id='word_1_396' title='bbox 974 1214 1062 1241; x_wconf 86' lang='lat' dir='ltr'><strong>neque</strong></span> <span class='ocrx_word' id='word_1_397' title='bbox 1073 1206 1232 1232; x_wconf 82' lang='lat' dir='ltr'><strong>incarnatus</strong></span> <span class='ocrx_word' id='word_1_398' title='bbox 1245 1209 1286 1231; x_wconf 87' lang='lat' dir='ltr'><strong>est</strong></span> <span class='ocrx_word' id='word_1_399' title='bbox 1303 1204 1438 1232; x_wconf 83' lang='lat' dir='ltr'><strong>videlicet.</strong></span> <span class='ocrx_word' id='word_1_400' title='bbox 1454 1204 1491 1231; x_wconf 87' lang='lat' dir='ltr'><strong>De</strong></span> <span class='ocrx_word' id='word_1_401' title='bbox 1508 1204 1651 1232; x_wconf 88' lang='lat' dir='ltr'><strong>divinitate</strong></span> <span class='ocrx_word' id='word_1_402' title='bbox 1664 1210 1755 1231; x_wconf 81' lang='lat' dir='ltr'><strong>amem</strong></span> 
     </span>
    </p>
   </div>
   <div class='ocr_carea' id='block_1_55' title="bbox 972 1249 1755 1284">
    <p class='ocr_par' dir='ltr' id='par_1_55' title="bbox 972 1249 1755 1284">
     <span class='ocr_line' id='line_1_55' title="bbox 972 1249 1755 1284; baseline -0.005 -5"><span class='ocrx_word' id='word_1_403' title='bbox 972 1250 1075 1279; x_wconf 82' lang='lat' dir='ltr'><strong>Christi</strong></span> <span class='ocrx_word' id='word_1_404' title='bbox 1093 1251 1178 1277; x_wconf 88' lang='lat' dir='ltr'><strong>utitur</strong></span> <span class='ocrx_word' id='word_1_405' title='bbox 1194 1250 1304 1284; x_wconf 88' lang='lat' dir='ltr'><strong>quidem</strong></span> <span class='ocrx_word' id='word_1_406' title='bbox 1324 1249 1557 1277; x_wconf 78' lang='lat' dir='ltr'><strong>demonstratione</strong></span> <span class='ocrx_word' id='word_1_407' title='bbox 1575 1249 1755 1281; x_wconf 78' lang='lat' dir='ltr'><strong>Mahometus,</strong></span> 
     </span>
    </p>
   </div>
   <div class='ocr_carea' id='block_1_56' title="bbox 974 1294 1755 1331">
    <p class='ocr_par' dir='ltr' id='par_1_56' title="bbox 974 1294 1755 1331">
     <span class='ocr_line' id='line_1_56' title="bbox 974 1294 1755 1331; baseline -0.001 -9"><span class='ocrx_word' id='word_1_408' title='bbox 974 1296 1045 1331; x_wconf 90' lang='lat' dir='ltr'><strong>quod</strong></span> <span class='ocrx_word' id='word_1_409' title='bbox 1075 1303 1164 1331; x_wconf 88' lang='lat' dir='ltr'><strong>neque</strong></span> <span class='ocrx_word' id='word_1_410' title='bbox 1189 1295 1312 1323; x_wconf 84' lang='lat' dir='ltr'><strong>Christus</strong></span> <span class='ocrx_word' id='word_1_411' title='bbox 1339 1295 1460 1329; x_wconf 86' lang='lat' dir='ltr'><strong>seipsum</strong></span> <span class='ocrx_word' id='word_1_412' title='bbox 1490 1294 1558 1322; x_wconf 80' lang='lat' dir='ltr'><strong>dixit</strong></span> <span class='ocrx_word' id='word_1_413' title='bbox 1578 1302 1638 1322; x_wconf 85' lang='lat' dir='ltr'><strong>esse</strong></span> <span class='ocrx_word' id='word_1_414' title='bbox 1659 1295 1755 1322; x_wconf 86' lang='lat' dir='ltr'><strong>Deum.</strong></span> 
     </span>
    </p>
   </div>
   <div class='ocr_carea' id='block_1_57' title="bbox 977 1340 1757 1376">
    <p class='ocr_par' dir='ltr' id='par_1_57' title="bbox 977 1340 1757 1376">
     <span class='ocr_line' id='line_1_57' title="bbox 977 1340 1757 1376; baseline -0.003 -7"><span class='ocrx_word' id='word_1_415' title='bbox 977 1342 1027 1369; x_wconf 84' lang='lat' dir='ltr'><strong>Sed</strong></span> <span class='ocrx_word' id='word_1_416' title='bbox 1041 1341 1093 1369; x_wconf 70' lang='grc' dir='ltr'><strong>(ιιεί</strong></span> <span class='ocrx_word' id='word_1_417' title='bbox 1126 1346 1188 1368; x_wconf 88' lang='lat' dir='ltr'><strong>ante</strong></span> <span class='ocrx_word' id='word_1_418' title='bbox 1211 1340 1440 1368; x_wconf 83' lang='lat' dir='ltr'><strong>resurrectionem</strong></span> <span class='ocrx_word' id='word_1_419' title='bbox 1464 1348 1518 1368; x_wconf 90' lang='lat' dir='ltr'><strong>non</strong></span> <span class='ocrx_word' id='word_1_420' title='bbox 1535 1341 1605 1368; x_wconf 87' lang='lat' dir='ltr'><strong>dixit</strong></span> <span class='ocrx_word' id='word_1_421' title='bbox 1621 1340 1655 1368; x_wconf 87' lang='lat' dir='ltr'><strong>de</strong></span> <span class='ocrx_word' id='word_1_422' title='bbox 1666 1341 1757 1376; x_wconf 90' lang='lat' dir='ltr'><strong>seipso</strong></span> 
     </span>
    </p>
   </div>
   <div class='ocr_carea' id='block_1_58' title="bbox 974 1386 1754 1422">
    <p class='ocr_par' dir='ltr' id='par_1_58' title="bbox 974 1386 1754 1422">
     <span class='ocr_line' id='line_1_58' title="bbox 974 1386 1754 1422; baseline -0.003 -8"><span class='ocrx_word' id='word_1_423' title='bbox 974 1387 1026 1414; x_wconf 85' lang='lat' dir='ltr'><strong>hoc</strong></span> <span class='ocrx_word' id='word_1_424' title='bbox 1045 1388 1131 1422; x_wconf 85' lang='lat' dir='ltr'><strong>palam</strong></span> <span class='ocrx_word' id='word_1_425' title='bbox 1154 1387 1203 1418; x_wconf 82' lang='grc' dir='ltr'><strong>(Ι),</strong></span> <span class='ocrx_word' id='word_1_426' title='bbox 1220 1386 1386 1414; x_wconf 82' lang='lat' dir='ltr'><strong>suﬂicienter</strong></span> <span class='ocrx_word' id='word_1_427' title='bbox 1413 1391 1504 1414; x_wconf 90' lang='lat' dir='ltr'><strong>tamen</strong></span> <span class='ocrx_word' id='word_1_428' title='bbox 1523 1386 1574 1413; x_wconf 85' lang='lat' dir='ltr'><strong>hoc</strong></span> <span class='ocrx_word' id='word_1_429' title='bbox 1592 1386 1702 1420; x_wconf 81' lang='lat' dir='ltr'><strong>aperuit</strong></span> <span class='ocrx_word' id='word_1_430' title='bbox 1713 1386 1754 1412; x_wconf 89' lang='lat' dir='ltr'><strong>di-</strong></span> 
     </span>
    </p>
   </div>
   <div class='ocr_carea' id='block_1_59' title="bbox 974 1427 1753 1467">
    <p class='ocr_par' dir='ltr' id='par_1_59' title="bbox 974 1427 1753 1467">
     <span class='ocr_line' id='line_1_59' title="bbox 974 1427 1753 1467; baseline -0.003 -7"><span class='ocrx_word' id='word_1_431' title='bbox 974 1441 1038 1460; x_wconf 81' lang='lat' dir='ltr'><strong>cens</strong></span> <span class='ocrx_word' id='word_1_432' title='bbox 1054 1441 1059 1458; x_wconf 76' lang='grc' dir='ltr'>ε</span> <span class='ocrx_word' id='word_1_433' title='bbox 1074 1442 1082 1458; x_wconf 88' lang='grc' dir='ltr'><strong>ι</strong></span> <span class='ocrx_word' id='word_1_434' title='bbox 1102 1427 1160 1467; x_wconf 74' lang='lat' dir='ltr'><strong>Ego</strong></span> <span class='ocrx_word' id='word_1_435' title='bbox 1178 1432 1354 1466; x_wconf 86' lang='lat' dir='ltr'><strong>principium,</strong></span> <span class='ocrx_word' id='word_1_436' title='bbox 1370 1431 1416 1465; x_wconf 87' lang='lat' dir='ltr'><strong>qui</strong></span> <span class='ocrx_word' id='word_1_437' title='bbox 1442 1436 1470 1458; x_wconf 89' lang='lat' dir='ltr'><strong>et</strong></span> <span class='ocrx_word' id='word_1_438' title='bbox 1498 1431 1593 1465; x_wconf 89' lang='lat' dir='ltr'><strong>loquor</strong></span> <span class='ocrx_word' id='word_1_439' title='bbox 1612 1431 1690 1458; x_wconf 85' lang='lat' dir='ltr'><strong>vobis</strong></span> <span class='ocrx_word' id='word_1_440' title='bbox 1704 1432 1726 1459; x_wconf 81' lang='grc'><strong>⁸.</strong></span> <span class='ocrx_word' id='word_1_441' title='bbox 1743 1440 1753 1458; x_wconf 73' lang='grc' dir='ltr'><strong>ι</strong></span> 
     </span>
    </p>
   </div>
   <div class='ocr_carea' id='block_1_60' title="bbox 976 1476 1756 1510">
    <p class='ocr_par' dir='ltr' id='par_1_60' title="bbox 976 1476 1756 1510">
     <span class='ocr_line' id='line_1_60' title="bbox 976 1476 1756 1510; baseline 0 -6"><span class='ocrx_word' id='word_1_442' title='bbox 976 1479 1008 1504; x_wconf 67' lang='grc' dir='ltr'>[ι</span> <span class='ocrx_word' id='word_1_443' title='bbox 1027 1478 1137 1505; x_wconf 71' lang='lat' dir='ltr'><strong>Petrum</strong></span> <span class='ocrx_word' id='word_1_444' title='bbox 1160 1476 1371 1508; x_wconf 73' lang='lat' dir='ltr'><strong>conmendavit,</strong></span> <span class='ocrx_word' id='word_1_445' title='bbox 1399 1476 1471 1510; x_wconf 90' lang='lat' dir='ltr'><strong>quod</strong></span> <span class='ocrx_word' id='word_1_446' title='bbox 1495 1477 1582 1510; x_wconf 87' lang='lat' dir='ltr'><strong>palam</strong></span> <span class='ocrx_word' id='word_1_447' title='bbox 1609 1477 1662 1505; x_wconf 91' lang='lat' dir='ltr'><strong>hoc</strong></span> <span class='ocrx_word' id='word_1_448' title='bbox 1677 1477 1756 1508; x_wconf 80' lang='lat' dir='ltr'><strong>dixit,</strong></span> 
     </span>
    </p>
   </div>
   <div class='ocr_carea' id='block_1_61' title="bbox 148 1520 922 1558">
    <p class='ocr_par' dir='ltr' id='par_1_61' title="bbox 148 1521 922 1558">
     <span class='ocr_line' id='line_1_61' title="bbox 148 1521 922 1558; baseline 0.001 -12"><span class='ocrx_word' id='word_1_449' title='bbox 148 1521 237 1553; x_wconf 85' lang='grc' dir='ltr'>μέντοι</span> <span class='ocrx_word' id='word_1_450' title='bbox 255 1521 336 1547; x_wconf 70' lang='grc' dir='ltr'>τοῦτο</span> <span class='ocrx_word' id='word_1_451' title='bbox 353 1521 472 1556; x_wconf 61' lang='grc' dir='ltr'>ᾐνίξατο,</span> <span class='ocrx_word' id='word_1_452' title='bbox 491 1522 588 1556; x_wconf 81' lang='grc' dir='ltr'><strong>λέγων,</strong></span> <span class='ocrx_word' id='word_1_453' title='bbox 609 1531 618 1547; x_wconf 83' lang='grc' dir='ltr'><strong>ι</strong></span> <span class='ocrx_word' id='word_1_454' title='bbox 644 1523 714 1556; x_wconf 82' lang='grc' dir='ltr'><strong>Ἐγὼ</strong></span> <span class='ocrx_word' id='word_1_455' title='bbox 729 1523 744 1557; x_wconf 78' lang='grc' dir='ltr'>ἡ</span> <span class='ocrx_word' id='word_1_456' title='bbox 764 1522 845 1557; x_wconf 78' lang='grc' dir='ltr'>ἁρχὴ.</span> <span class='ocrx_word' id='word_1_457' title='bbox 862 1523 922 1558; x_wconf 73' lang='grc' dir='ltr'>ἣτις</span> 
     </span>
    </p>
   </div>
   <div class='ocr_carea' id='block_1_62' title="bbox 972 1520 1756 1558">
    <p class='ocr_par' dir='ltr' id='par_1_62' title="bbox 975 1520 1756 1555">
     <span class='ocr_line' id='line_1_62' title="bbox 975 1520 1756 1555; baseline -0.001 -6"><span class='ocrx_word' id='word_1_458' title='bbox 975 1522 1068 1549; x_wconf 82' lang='lat' dir='ltr'><strong>dicens</strong></span> <span class='ocrx_word' id='word_1_459' title='bbox 1084 1529 1091 1548; x_wconf 93' lang='lat'><strong>:</strong></span> <span class='ocrx_word' id='word_1_460' title='bbox 1108 1531 1117 1546; x_wconf 76' lang='grc' dir='ltr'><strong>ι</strong></span> <span class='ocrx_word' id='word_1_461' title='bbox 1139 1521 1235 1547; x_wconf 81' lang='lat' dir='ltr'><strong>Beatus</strong></span> <span class='ocrx_word' id='word_1_462' title='bbox 1247 1528 1276 1547; x_wconf 79' lang='lat' dir='ltr'><strong>es</strong></span> <span class='ocrx_word' id='word_1_463' title='bbox 1292 1520 1386 1547; x_wconf 87' lang='lat' dir='ltr'><strong>Simon</strong></span> <span class='ocrx_word' id='word_1_464' title='bbox 1411 1521 1554 1553; x_wconf 81' lang='lat' dir='ltr'><strong>Bar-Joua,</strong></span> <span class='ocrx_word' id='word_1_465' title='bbox 1572 1521 1636 1555; x_wconf 89' lang='lat' dir='ltr'><strong>quia</strong></span> <span class='ocrx_word' id='word_1_466' title='bbox 1651 1529 1714 1548; x_wconf 91' lang='lat' dir='ltr'><strong>caro</strong></span> <span class='ocrx_word' id='word_1_467' title='bbox 1728 1527 1756 1548; x_wconf 88' lang='lat' dir='ltr'><strong>et</strong></span> 
     </span>
    </p>
   </div>
   <div class='ocr_carea' id='block_1_63' title="bbox 112 1564 924 1601">
    <p class='ocr_par' dir='ltr' id='par_1_63' title="bbox 112 1564 924 1601">
     <span class='ocr_line' id='line_1_63' title="bbox 112 1564 924 1601; baseline 0.002 -12"><span class='ocrx_word' id='word_1_468' title='bbox 112 1577 115 1580; x_wconf 98' lang='lat'><strong><em>-</em></strong></span> <span class='ocrx_word' id='word_1_469' title='bbox 145 1565 190 1590; x_wconf 72' lang='grc' dir='ltr'><strong>καὶ</strong></span> <span class='ocrx_word' id='word_1_470' title='bbox 203 1564 275 1590; x_wconf 75' lang='grc' dir='ltr'>λαλῶ</span> <span class='ocrx_word' id='word_1_471' title='bbox 296 1565 370 1598; x_wconf 81' lang='grc' dir='ltr'>ὑμῖν.</span> <span class='ocrx_word' id='word_1_472' title='bbox 387 1575 394 1590; x_wconf 87' lang='grc' dir='ltr'><strong>ι</strong></span> <span class='ocrx_word' id='word_1_473' title='bbox 415 1565 468 1591; x_wconf 76' lang='grc' dir='ltr'>Καὶ</span> <span class='ocrx_word' id='word_1_474' title='bbox 493 1566 538 1592; x_wconf 81' lang='grc' dir='ltr'>τδν</span> <span class='ocrx_word' id='word_1_475' title='bbox 565 1565 666 1600; x_wconf 79' lang='grc' dir='ltr'>Πέτρον</span> <span class='ocrx_word' id='word_1_476' title='bbox 686 1565 835 1597; x_wconf 79' lang='grc' dir='ltr'>ἀπεδέξατο</span> <span class='ocrx_word' id='word_1_477' title='bbox 849 1566 924 1601; x_wconf 73' lang='grc' dir='ltr'>διαρ-</span> 
     </span>
    </p>
   </div>
   <div class='ocr_carea' id='block_1_64' title="bbox 145 1609 924 1646">
    <p class='ocr_par' dir='ltr' id='par_1_64' title="bbox 145 1609 924 1646">
     <span class='ocr_line' id='line_1_64' title="bbox 145 1609 924 1646; baseline 0.001 -10"><span class='ocrx_word' id='word_1_478' title='bbox 145 1611 230 1646; x_wconf 72' lang='grc' dir='ltr'>ρήδην</span> <span class='ocrx_word' id='word_1_479' title='bbox 249 1610 329 1636; x_wconf 83' lang='grc' dir='ltr'>τοῦτο</span> <span class='ocrx_word' id='word_1_480' title='bbox 349 1611 582 1645; x_wconf 49' lang='grc' dir='ltr'>εἰπόνταμλέγων,</span> <span class='ocrx_word' id='word_1_481' title='bbox 599 1620 608 1637; x_wconf 86' lang='grc' dir='ltr'><strong>ι</strong></span> <span class='ocrx_word' id='word_1_482' title='bbox 624 1612 767 1644; x_wconf 70' lang='grc' dir='ltr'>Μακάριος</span> <span class='ocrx_word' id='word_1_483' title='bbox 781 1609 816 1642; x_wconf 85' lang='grc' dir='ltr'><strong>εἴ,</strong></span> <span class='ocrx_word' id='word_1_484' title='bbox 835 1612 924 1645; x_wconf 84' lang='grc' dir='ltr'>Σίμων</span> 
     </span>
    </p>
   </div>
   <div class='ocr_carea' id='block_1_65' title="bbox 145 1655 923 1692">
    <p class='ocr_par' dir='ltr' id='par_1_65' title="bbox 145 1655 923 1692">
     <span class='ocr_line' id='line_1_65' title="bbox 145 1655 923 1692; baseline 0.001 -10"><span class='ocrx_word' id='word_1_485' title='bbox 145 1657 200 1691; x_wconf 55' lang='lat' dir='ltr'><strong>Bap</strong></span> <span class='ocrx_word' id='word_1_486' title='bbox 223 1657 311 1686; x_wconf 77' lang='grc' dir='ltr'><strong>Ἰωνᾶ,</strong></span> <span class='ocrx_word' id='word_1_487' title='bbox 325 1658 366 1684; x_wconf 81' lang='grc' dir='ltr'>ὅτι</span> <span class='ocrx_word' id='word_1_488' title='bbox 380 1658 447 1692; x_wconf 76' lang='grc' dir='ltr'>σὰρξ</span> <span class='ocrx_word' id='word_1_489' title='bbox 466 1659 512 1684; x_wconf 76' lang='grc' dir='ltr'>καὶ</span> <span class='ocrx_word' id='word_1_490' title='bbox 532 1655 600 1692; x_wconf 70' lang='grc' dir='ltr'>αἷμα</span> <span class='ocrx_word' id='word_1_491' title='bbox 624 1659 674 1685; x_wconf 78' lang='grc' dir='ltr'><strong>οὐκ</strong></span> <span class='ocrx_word' id='word_1_492' title='bbox 689 1658 847 1692; x_wconf 75' lang='grc' dir='ltr'>ἁπεκάλυψέ</span> <span class='ocrx_word' id='word_1_493' title='bbox 870 1666 923 1689; x_wconf 83' lang='grc' dir='ltr'>σοι,</span> 
     </span>
    </p>
   </div>
   <div class='ocr_carea' id='block_1_66' title="bbox 143 1701 924 1736">
    <p class='ocr_par' dir='ltr' id='par_1_66' title="bbox 143 1701 924 1736">
     <span class='ocr_line' id='line_1_66' title="bbox 143 1701 924 1736; baseline 0 -9"><span class='ocrx_word' id='word_1_494' title='bbox 143 1701 225 1727; x_wconf 78' lang='grc' dir='ltr'>ἁλλ’ό</span> <span class='ocrx_word' id='word_1_495' title='bbox 246 1702 339 1736; x_wconf 79' lang='grc' dir='ltr'>Πατήρ</span> <span class='ocrx_word' id='word_1_496' title='bbox 363 1711 423 1736; x_wconf 80' lang='grc' dir='ltr'>μου,</span> <span class='ocrx_word' id='word_1_497' title='bbox 445 1711 454 1728; x_wconf 79' lang='lat' dir='ltr'><strong>t</strong></span> <span class='ocrx_word' id='word_1_498' title='bbox 477 1703 525 1729; x_wconf 69' lang='grc' dir='ltr'>καὶ</span> <span class='ocrx_word' id='word_1_499' title='bbox 538 1703 572 1729; x_wconf 70' lang='grc' dir='ltr'><strong>τὰ</strong></span> <span class='ocrx_word' id='word_1_500' title='bbox 587 1702 666 1729; x_wconf 81' lang='grc' dir='ltr'>λοιπά</span> <span class='ocrx_word' id='word_1_501' title='bbox 694 1702 781 1733; x_wconf 69' lang='grc' dir='ltr'>Αὐτὸς</span> <span class='ocrx_word' id='word_1_502' title='bbox 793 1703 821 1728; x_wconf 71' lang='grc' dir='ltr'><strong>δὲ</strong></span> <span class='ocrx_word' id='word_1_503' title='bbox 840 1710 924 1736; x_wconf 85' lang='grc' dir='ltr'>φανε-</span> 
     </span>
    </p>
   </div>
   <div class='ocr_carea' id='block_1_67' title="bbox 145 1747 924 1783">
    <p class='ocr_par' dir='ltr' id='par_1_67' title="bbox 145 1747 924 1783">
     <span class='ocr_line' id='line_1_67' title="bbox 145 1747 924 1783; baseline 0.003 -10"><span class='ocrx_word' id='word_1_504' title='bbox 145 1747 199 1782; x_wconf 88' lang='grc' dir='ltr'>ρῶς</span> <span class='ocrx_word' id='word_1_505' title='bbox 213 1748 263 1773; x_wconf 72' lang='grc' dir='ltr'>οὐκ</span> <span class='ocrx_word' id='word_1_506' title='bbox 275 1748 391 1782; x_wconf 74' lang='grc' dir='ltr'>ἠθέλησε</span> <span class='ocrx_word' id='word_1_507' title='bbox 406 1747 485 1774; x_wconf 84' lang='grc' dir='ltr'>τοῦτο</span> <span class='ocrx_word' id='word_1_508' title='bbox 501 1749 598 1780; x_wconf 75' lang='grc' dir='ltr'><strong>εἰπεῖν,</strong></span> <span class='ocrx_word' id='word_1_509' title='bbox 615 1749 658 1774; x_wconf 68' lang='grc' dir='ltr'>διὰ</span> <span class='ocrx_word' id='word_1_510' title='bbox 676 1750 705 1775; x_wconf 75' lang='grc' dir='ltr'><strong>τὺ</strong></span> <span class='ocrx_word' id='word_1_511' title='bbox 722 1749 924 1783; x_wconf 79' lang='grc' dir='ltr'>κεκρυμμένως</span> 
     </span>
    </p>
   </div>
   <div class='ocr_carea' id='block_1_68' title="bbox 142 1793 924 1828">
    <p class='ocr_par' dir='ltr' id='par_1_68' title="bbox 142 1793 924 1828">
     <span class='ocr_line' id='line_1_68' title="bbox 142 1793 924 1828; baseline 0.003 -10"><span class='ocrx_word' id='word_1_512' title='bbox 142 1793 241 1825; x_wconf 73' lang='grc' dir='ltr'>ἐλθεῖν,</span> <span class='ocrx_word' id='word_1_513' title='bbox 256 1793 300 1820; x_wconf 76' lang='grc' dir='ltr'><strong>ἵνα</strong></span> <span class='ocrx_word' id='word_1_514' title='bbox 316 1795 446 1828; x_wconf 72' lang='grc' dir='ltr'>φρονήσει</span> <span class='ocrx_word' id='word_1_515' title='bbox 465 1795 511 1820; x_wconf 74' lang='grc' dir='ltr'>καὶ</span> <span class='ocrx_word' id='word_1_516' title='bbox 524 1793 698 1825; x_wconf 76' lang='grc' dir='ltr'>ταπεινώσει,</span> <span class='ocrx_word' id='word_1_517' title='bbox 714 1795 770 1821; x_wconf 80' lang='grc' dir='ltr'>ἀλλ’</span> <span class='ocrx_word' id='word_1_518' title='bbox 783 1794 833 1820; x_wconf 81' lang='grc' dir='ltr'>οὐκ</span> <span class='ocrx_word' id='word_1_519' title='bbox 849 1794 924 1828; x_wconf 63' lang='lat' dir='ltr'><strong>tax-5i:</strong></span> 
     </span>
    </p>
   </div>
   <div class='ocr_carea' id='block_1_69' title="bbox 142 1838 924 1874">
    <p class='ocr_par' dir='ltr' id='par_1_69' title="bbox 142 1838 924 1874">
     <span class='ocr_line' id='line_1_69' title="bbox 142 1838 924 1874; baseline 0.003 -11"><span class='ocrx_word' id='word_1_520' title='bbox 142 1838 243 1874; x_wconf 77' lang='grc' dir='ltr'><strong>νικήσῃ</strong></span> <span class='ocrx_word' id='word_1_521' title='bbox 267 1838 312 1864; x_wconf 72' lang='grc' dir='ltr'><strong>τὸν</strong></span> <span class='ocrx_word' id='word_1_522' title='bbox 338 1838 481 1872; x_wconf 73' lang='grc' dir='ltr'>ἄνθρωπον</span> <span class='ocrx_word' id='word_1_523' title='bbox 508 1839 665 1873; x_wconf 78' lang='grc' dir='ltr'>νικήσανται</span> <span class='ocrx_word' id='word_1_524' title='bbox 688 1840 850 1874; x_wconf 73' lang='grc' dir='ltr'>πανουργίᾳ.</span> <span class='ocrx_word' id='word_1_525' title='bbox 874 1839 924 1865; x_wconf 70' lang='grc' dir='ltr'>Διὰ</span> 
     </span>
    </p>
   </div>
   <div class='ocr_carea' id='block_1_70' title="bbox 141 1883 923 1918">
    <p class='ocr_par' dir='ltr' id='par_1_70' title="bbox 141 1883 923 1918">
     <span class='ocr_line' id='line_1_70' title="bbox 141 1883 923 1918; baseline 0.003 -10"><span class='ocrx_word' id='word_1_526' title='bbox 141 1883 239 1909; x_wconf 76' lang='grc' dir='ltr'>τοῦτον</span> <span class='ocrx_word' id='word_1_527' title='bbox 262 1883 352 1910; x_wconf 80' lang='grc' dir='ltr'>τοίνυν</span> <span class='ocrx_word' id='word_1_528' title='bbox 370 1884 415 1910; x_wconf 69' lang='grc' dir='ltr'><strong>τὸν</strong></span> <span class='ocrx_word' id='word_1_529' title='bbox 432 1883 510 1917; x_wconf 76' lang='grc' dir='ltr'>λόγον</span> <span class='ocrx_word' id='word_1_530' title='bbox 534 1884 586 1918; x_wconf 80' lang='grc' dir='ltr'>πρὸ</span> <span class='ocrx_word' id='word_1_531' title='bbox 607 1884 657 1918; x_wconf 84' lang='grc' dir='ltr'>τῆς</span> <span class='ocrx_word' id='word_1_532' title='bbox 685 1885 860 1915; x_wconf 75' lang='grc' dir='ltr'>ἀναστάσεως</span> <span class='ocrx_word' id='word_1_533' title='bbox 873 1884 923 1911; x_wconf 80' lang='grc' dir='ltr'>οὐκ</span> 
     </span>
    </p>
   </div>
   <div class='ocr_carea' id='block_1_71' title="bbox 141 1928 923 1964">
    <p class='ocr_par' dir='ltr' id='par_1_71' title="bbox 141 1928 923 1964">
     <span class='ocr_line' id='line_1_71' title="bbox 141 1928 923 1964; baseline 0.003 -11"><span class='ocrx_word' id='word_1_534' title='bbox 141 1928 253 1962; x_wconf 72' lang='grc' dir='ltr'>εἴρηκεν</span> <span class='ocrx_word' id='word_1_535' title='bbox 276 1929 290 1954; x_wconf 81' lang='grc' dir='ltr'><em>ὁ</em></span> <span class='ocrx_word' id='word_1_536' title='bbox 318 1928 434 1962; x_wconf 69' lang='grc' dir='ltr'>Χριστὸς</span> <span class='ocrx_word' id='word_1_537' title='bbox 462 1930 526 1963; x_wconf 78' lang='grc' dir='ltr'>περὶ</span> <span class='ocrx_word' id='word_1_538' title='bbox 550 1928 647 1955; x_wconf 74' lang='grc' dir='ltr'>ἑαυτοῦ</span> <span class='ocrx_word' id='word_1_539' title='bbox 673 1929 831 1964; x_wconf 80' lang='grc' dir='ltr'>διαρῤί,δην,</span> <span class='ocrx_word' id='word_1_540' title='bbox 857 1929 923 1960; x_wconf 79' lang='grc' dir='ltr'><strong>Θεός</strong></span> 
     </span>
    </p>
   </div>
   <div class='ocr_carea' id='block_1_72' title="bbox 140 1974 924 2008">
    <p class='ocr_par' dir='ltr' id='par_1_72' title="bbox 140 1974 924 2008">
     <span class='ocr_line' id='line_1_72' title="bbox 140 1974 924 2008; baseline 0.001 -9"><span class='ocrx_word' id='word_1_541' title='bbox 140 1974 202 2007; x_wconf 75' lang='grc' dir='ltr'><strong>εἰμι</strong></span> <span class='ocrx_word' id='word_1_542' title='bbox 214 1981 221 1988; x_wconf 88' lang='grc'><strong>·</strong></span> <span class='ocrx_word' id='word_1_543' title='bbox 240 1974 302 1999; x_wconf 80' lang='grc' dir='ltr'>καθ’</span> <span class='ocrx_word' id='word_1_544' title='bbox 316 1974 344 1999; x_wconf 79' lang='grc' dir='ltr'>ὃν</span> <span class='ocrx_word' id='word_1_545' title='bbox 359 1974 413 2000; x_wconf 69' lang='grc' dir='ltr'><strong>οὐδ’</strong></span> <span class='ocrx_word' id='word_1_546' title='bbox 429 1975 462 2000; x_wconf 80' lang='grc' dir='ltr'>ἂν</span> <span class='ocrx_word' id='word_1_547' title='bbox 479 1974 571 2004; x_wconf 82' lang='grc' dir='ltr'>ἁλιεὺς</span> <span class='ocrx_word' id='word_1_548' title='bbox 590 1975 717 2007; x_wconf 79' lang='grc' dir='ltr'>προείποι</span> <span class='ocrx_word' id='word_1_549' title='bbox 738 1975 794 2006; x_wconf 77' lang='grc' dir='ltr'>τοῖς</span> <span class='ocrx_word' id='word_1_550' title='bbox 814 1974 924 2008; x_wconf 73' lang='grc' dir='ltr'>ἐχθύσιν</span> 
     </span>
    </p>
   </div>
   <div class='ocr_carea' id='block_1_73' title="bbox 139 2018 921 2055">
    <p class='ocr_par' dir='ltr' id='par_1_73' title="bbox 139 2018 921 2055">
     <span class='ocr_line' id='line_1_73' title="bbox 139 2018 921 2055; baseline 0 -10"><span class='ocrx_word' id='word_1_551' title='bbox 139 2019 413 2053; x_wconf 71' lang='grc' dir='ltr'>ἀνακεκαλυμμένως</span> <span class='ocrx_word' id='word_1_552' title='bbox 432 2019 483 2045; x_wconf 69' lang='grc' dir='ltr'><strong>ὑπὸ</strong></span> <span class='ocrx_word' id='word_1_553' title='bbox 500 2021 549 2054; x_wconf 87' lang='grc' dir='ltr'>τὴν</span> <span class='ocrx_word' id='word_1_554' title='bbox 566 2020 669 2055; x_wconf 71' lang='grc' dir='ltr'>τροφὴν</span> <span class='ocrx_word' id='word_1_555' title='bbox 686 2018 758 2046; x_wconf 78' lang='grc' dir='ltr'>εἶναι</span> <span class='ocrx_word' id='word_1_556' title='bbox 773 2020 803 2046; x_wconf 78' lang='grc' dir='ltr'>τδ</span> <span class='ocrx_word' id='word_1_557' title='bbox 814 2020 921 2054; x_wconf 75' lang='grc' dir='ltr'>δέλεαρ,</span> 
     </span>
    </p>
   </div>
   <div class='ocr_carea' id='block_1_74' title="bbox 140 2064 923 2100">
    <p class='ocr_par' dir='ltr' id='par_1_74' title="bbox 140 2064 923 2100">
     <span class='ocr_line' id='line_1_74' title="bbox 140 2064 923 2100; baseline 0.001 -9"><span class='ocrx_word' id='word_1_558' title='bbox 140 2065 196 2091; x_wconf 77' lang='grc' dir='ltr'>ὑπὸ</span> <span class='ocrx_word' id='word_1_559' title='bbox 217 2065 244 2091; x_wconf 83' lang='grc' dir='ltr'><strong>δὲ</strong></span> <span class='ocrx_word' id='word_1_560' title='bbox 269 2066 299 2091; x_wconf 60' lang='grc' dir='ltr'><strong>τι</strong></span> <span class='ocrx_word' id='word_1_561' title='bbox 327 2065 422 2099; x_wconf 72' lang='grc' dir='ltr'>δέλεαρ</span> <span class='ocrx_word' id='word_1_562' title='bbox 450 2064 519 2092; x_wconf 70' lang='grc' dir='ltr'>εἷναι</span> <span class='ocrx_word' id='word_1_563' title='bbox 547 2066 705 2100; x_wconf 77' lang='grc' dir='ltr'>ἁγκιστρον.</span> <span class='ocrx_word' id='word_1_564' title='bbox 723 2066 800 2092; x_wconf 79' lang='grc' dir='ltr'><strong>Μετὰ</strong></span> <span class='ocrx_word' id='word_1_565' title='bbox 823 2065 850 2091; x_wconf 81' lang='grc' dir='ltr'><strong>δὲ</strong></span> <span class='ocrx_word' id='word_1_566' title='bbox 874 2065 923 2100; x_wconf 78' lang='grc' dir='ltr'>τὴν</span> 
     </span>
    </p>
   </div>
   <div class='ocr_carea' id='block_1_75' title="bbox 139 2110 924 2145">
    <p class='ocr_par' dir='ltr' id='par_1_75' title="bbox 139 2110 924 2145">
     <span class='ocr_line' id='line_1_75' title="bbox 139 2110 924 2145; baseline -0.001 -8"><span class='ocrx_word' id='word_1_567' title='bbox 139 2111 292 2138; x_wconf 76' lang='grc' dir='ltr'>ἀνάστασιν</span> <span class='ocrx_word' id='word_1_568' title='bbox 311 2111 433 2145; x_wconf 79' lang='grc' dir='ltr'>φανερῶς</span> <span class='ocrx_word' id='word_1_569' title='bbox 458 2111 542 2144; x_wconf 72' lang='grc' dir='ltr'><strong>ἔδειξε</strong></span> <span class='ocrx_word' id='word_1_570' title='bbox 568 2110 659 2143; x_wconf 82' lang='grc' dir='ltr'>τοῦτο,</span> <span class='ocrx_word' id='word_1_571' title='bbox 673 2111 734 2142; x_wconf 74' lang='grc' dir='ltr'>δοὺς</span> <span class='ocrx_word' id='word_1_572' title='bbox 759 2111 789 2137; x_wconf 81' lang='grc' dir='ltr'><strong>τὺ</strong></span> <span class='ocrx_word' id='word_1_573' title='bbox 811 2110 924 2145; x_wconf 81' lang='grc' dir='ltr'>Πνεῦμα</span> 
     </span>
    </p>
   </div>
   <div class='ocr_carea' id='block_1_76' title="bbox 137 2157 922 2192">
    <p class='ocr_par' dir='ltr' id='par_1_76' title="bbox 137 2157 922 2192">
     <span class='ocr_line' id='line_1_76' title="bbox 137 2157 922 2192; baseline 0 -9"><span class='ocrx_word' id='word_1_574' title='bbox 137 2158 172 2183; x_wconf 73' lang='grc' dir='ltr'>τὸ</span> <span class='ocrx_word' id='word_1_575' title='bbox 186 2158 274 2191; x_wconf 80' lang='grc' dir='ltr'>ἆγιον,</span> <span class='ocrx_word' id='word_1_576' title='bbox 291 2157 338 2183; x_wconf 83' lang='grc' dir='ltr'>καὶ</span> <span class='ocrx_word' id='word_1_577' title='bbox 361 2157 486 2189; x_wconf 69' lang='grc' dir='ltr'>ἐξουσίαν</span> <span class='ocrx_word' id='word_1_578' title='bbox 502 2157 552 2192; x_wconf 81' lang='grc' dir='ltr'><strong>τὴν</strong></span> <span class='ocrx_word' id='word_1_579' title='bbox 568 2157 615 2183; x_wconf 82' lang='grc' dir='ltr'>τοῦ</span> <span class='ocrx_word' id='word_1_580' title='bbox 641 2157 750 2191; x_wconf 72' lang='grc' dir='ltr'>ἀφιέναι</span> <span class='ocrx_word' id='word_1_581' title='bbox 772 2157 922 2191; x_wconf 77' lang='grc' dir='ltr'>ἁμαρτίας·</span> 
     </span>
    </p>
   </div>
   <div class='ocr_carea' id='block_1_77' title="bbox 137 2200 925 2237">
    <p class='ocr_par' dir='ltr' id='par_1_77' title="bbox 137 2200 925 2237">
     <span class='ocr_line' id='line_1_77' title="bbox 137 2200 925 2237; baseline 0 -8"><span class='ocrx_word' id='word_1_582' title='bbox 137 2204 203 2230; x_wconf 84' lang='grc' dir='ltr'>ὅθεν</span> <span class='ocrx_word' id='word_1_583' title='bbox 232 2200 311 2229; x_wconf 70' lang='grc' dir='ltr'>εἷπε·</span> <span class='ocrx_word' id='word_1_584' title='bbox 335 2212 343 2228; x_wconf 80' lang='grc' dir='ltr'><strong>ι</strong></span> <span class='ocrx_word' id='word_1_585' title='bbox 375 2202 479 2229; x_wconf 66' lang='grc' dir='ltr'><strong>Λάϐετε</strong></span> <span class='ocrx_word' id='word_1_586' title='bbox 508 2202 619 2237; x_wconf 73' lang='grc' dir='ltr'>Πνεῦμα</span> <span class='ocrx_word' id='word_1_587' title='bbox 644 2202 731 2236; x_wconf 79' lang='grc' dir='ltr'>ἂγιον.</span> <span class='ocrx_word' id='word_1_588' title='bbox 770 2203 821 2229; x_wconf 74' lang='grc' dir='ltr'>Ἀν</span> <span class='ocrx_word' id='word_1_589' title='bbox 844 2211 925 2230; x_wconf 81' lang='grc' dir='ltr'>τινων</span> 
     </span>
    </p>
   </div>
   <div class='ocr_carea' id='block_1_78' title="bbox 138 2248 926 2283">
    <p class='ocr_par' dir='ltr' id='par_1_78' title="bbox 138 2248 926 2283">
     <span class='ocr_line' id='line_1_78' title="bbox 138 2248 926 2283; baseline 0 -7"><span class='ocrx_word' id='word_1_590' title='bbox 138 2250 231 2283; x_wconf 79' lang='grc' dir='ltr'>ἀφῆτε</span> <span class='ocrx_word' id='word_1_591' title='bbox 255 2249 305 2280; x_wconf 72' lang='grc' dir='ltr'><strong>τὰς</strong></span> <span class='ocrx_word' id='word_1_592' title='bbox 332 2249 472 2283; x_wconf 73' lang='grc' dir='ltr'>ἁμαρτίας</span> <span class='ocrx_word' id='word_1_593' title='bbox 499 2248 624 2282; x_wconf 81' lang='grc' dir='ltr'>ἀφίενται</span> <span class='ocrx_word' id='word_1_594' title='bbox 651 2249 763 2279; x_wconf 85' lang='grc' dir='ltr'>αὐτοῖς·</span> <span class='ocrx_word' id='word_1_595' title='bbox 788 2248 821 2275; x_wconf 83' lang='grc' dir='ltr'>ἄν</span> <span class='ocrx_word' id='word_1_596' title='bbox 846 2257 926 2276; x_wconf 82' lang='grc' dir='ltr'>τινων</span> 
     </span>
    </p>
   </div>
   <div class='ocr_carea' id='block_1_79' title="bbox 137 2293 927 2329">
    <p class='ocr_par' dir='ltr' id='par_1_79' title="bbox 137 2293 927 2329">
     <span class='ocr_line' id='line_1_79' title="bbox 137 2293 927 2329; baseline 0 -9"><span class='ocrx_word' id='word_1_597' title='bbox 137 2295 275 2329; x_wconf 78' lang='grc' dir='ltr'>κρατῆτε,</span> <span class='ocrx_word' id='word_1_598' title='bbox 294 2294 489 2328; x_wconf 79' lang='grc' dir='ltr'>κεκράτηνται.</span> <span class='ocrx_word' id='word_1_599' title='bbox 507 2303 516 2319; x_wconf 77' lang='grc' dir='ltr'><strong>ι</strong></span> <span class='ocrx_word' id='word_1_600' title='bbox 538 2293 586 2320; x_wconf 74' lang='grc' dir='ltr'>καὶ</span> <span class='ocrx_word' id='word_1_601' title='bbox 599 2293 634 2319; x_wconf 73' lang='grc' dir='ltr'><strong>τὰ</strong></span> <span class='ocrx_word' id='word_1_602' title='bbox 648 2294 740 2320; x_wconf 70' lang='grc' dir='ltr'>λοιπά.</span> <span class='ocrx_word' id='word_1_603' title='bbox 760 2295 814 2320; x_wconf 71' lang='grc' dir='ltr'>Καὶ</span> <span class='ocrx_word' id='word_1_604' title='bbox 832 2296 846 2321; x_wconf 80' lang='grc' dir='ltr'>ὁ</span> <span class='ocrx_word' id='word_1_605' title='bbox 869 2294 927 2320; x_wconf 88' lang='grc' dir='ltr'><strong>Θω-</strong></span> 
     </span>
    </p>
   </div>
   <div class='ocr_carea' id='block_1_80' title="bbox 138 2339 926 2374">
    <p class='ocr_par' dir='ltr' id='par_1_80' title="bbox 138 2339 926 2374">
     <span class='ocr_line' id='line_1_80' title="bbox 138 2339 926 2374; baseline -0.001 -7"><span class='ocrx_word' id='word_1_606' title='bbox 138 2342 198 2374; x_wconf 72' lang='grc' dir='ltr'><strong>μᾶς</strong></span> <span class='ocrx_word' id='word_1_607' title='bbox 225 2341 253 2367; x_wconf 80' lang='grc' dir='ltr'><strong>δὲ</strong></span> <span class='ocrx_word' id='word_1_608' title='bbox 277 2339 426 2374; x_wconf 74' lang='grc' dir='ltr'>ὃιαρῤήδην</span> <span class='ocrx_word' id='word_1_609' title='bbox 449 2339 609 2374; x_wconf 81' lang='grc' dir='ltr'>ὡμολόγησε</span> <span class='ocrx_word' id='word_1_610' title='bbox 636 2340 725 2371; x_wconf 72' lang='grc' dir='ltr'>τοῦτο,</span> <span class='ocrx_word' id='word_1_611' title='bbox 743 2339 838 2372; x_wconf 81' lang='grc' dir='ltr'>εἰπὼν,</span> <span class='ocrx_word' id='word_1_612' title='bbox 864 2349 873 2365; x_wconf 82' lang='grc' dir='ltr'><strong>ι</strong></span> <span class='ocrx_word' id='word_1_613' title='bbox 896 2340 926 2366; x_wconf 92' lang='grc'><strong>’0</strong></span> 
     </span>
    </p>
   </div>
   <div class='ocr_carea' id='block_1_81' title="bbox 137 2384 926 2420">
    <p class='ocr_par' dir='ltr' id='par_1_81' title="bbox 137 2384 926 2420">
     <span class='ocr_line' id='line_1_81' title="bbox 137 2384 926 2420; baseline -0.001 -8"><span class='ocrx_word' id='word_1_614' title='bbox 137 2386 246 2420; x_wconf 81' lang='grc' dir='ltr'>Κύρίος</span> <span class='ocrx_word' id='word_1_615' title='bbox 262 2394 312 2419; x_wconf 79' lang='grc' dir='ltr'>μου</span> <span class='ocrx_word' id='word_1_616' title='bbox 326 2385 372 2411; x_wconf 80' lang='grc' dir='ltr'>καὶ</span> <span class='ocrx_word' id='word_1_617' title='bbox 385 2385 398 2410; x_wconf 77' lang='grc' dir='ltr'><strong>ὀ</strong></span> <span class='ocrx_word' id='word_1_618' title='bbox 411 2385 476 2415; x_wconf 72' lang='grc' dir='ltr'><strong>Θεὸς</strong></span> <span class='ocrx_word' id='word_1_619' title='bbox 491 2393 552 2419; x_wconf 85' lang='grc' dir='ltr'>μου.</span> <span class='ocrx_word' id='word_1_620' title='bbox 569 2394 578 2410; x_wconf 71' lang='grc' dir='ltr'><strong>ι</strong></span> <span class='ocrx_word' id='word_1_621' title='bbox 595 2385 744 2418; x_wconf 72' lang='grc' dir='ltr'>Δεδομένου</span> <span class='ocrx_word' id='word_1_622' title='bbox 755 2384 783 2411; x_wconf 72' lang='grc' dir='ltr'><strong>δὲ</strong></span> <span class='ocrx_word' id='word_1_623' title='bbox 793 2385 926 2420; x_wconf 66' lang='grc' dir='ltr'>μηδαμῶς</span> 
     </span>
    </p>
   </div>
   <div class='ocr_carea' id='block_1_82' title="bbox 135 2429 927 2465">
    <p class='ocr_par' dir='ltr' id='par_1_82' title="bbox 135 2429 927 2465">
     <span class='ocr_line' id='line_1_82' title="bbox 135 2429 927 2465; baseline 0 -9"><span class='ocrx_word' id='word_1_624' title='bbox 135 2431 219 2465; x_wconf 73' lang='grc' dir='ltr'>παρὰ</span> <span class='ocrx_word' id='word_1_625' title='bbox 236 2430 283 2456; x_wconf 82' lang='grc' dir='ltr'>τοῦ</span> <span class='ocrx_word' id='word_1_626' title='bbox 298 2429 418 2463; x_wconf 78' lang='grc' dir='ltr'>Χριστοῦ</span> <span class='ocrx_word' id='word_1_627' title='bbox 432 2430 512 2456; x_wconf 76' lang='grc' dir='ltr'>τοῦτο</span> <span class='ocrx_word' id='word_1_628' title='bbox 526 2430 664 2464; x_wconf 71' lang='grc' dir='ltr'>εἰρῆσθαι.</span> <span class='ocrx_word' id='word_1_629' title='bbox 679 2430 723 2456; x_wconf 66' lang='grc' dir='ltr'>διὰ</span> <span class='ocrx_word' id='word_1_630' title='bbox 735 2430 764 2456; x_wconf 84' lang='grc' dir='ltr'>τὸ</span> <span class='ocrx_word' id='word_1_631' title='bbox 779 2430 927 2462; x_wconf 78' lang='grc' dir='ltr'>ταπεινοὺς</span> 
     </span>
    </p>
   </div>
   <div class='ocr_carea' id='block_1_83' title="bbox 136 2476 927 2511">
    <p class='ocr_par' dir='ltr' id='par_1_83' title="bbox 136 2476 927 2511">
     <span class='ocr_line' id='line_1_83' title="bbox 136 2476 927 2511; baseline 0 -9"><span class='ocrx_word' id='word_1_632' title='bbox 136 2477 193 2510; x_wconf 84' lang='grc' dir='ltr'><strong>μὲν</strong></span> <span class='ocrx_word' id='word_1_633' title='bbox 213 2477 308 2509; x_wconf 70' lang='grc' dir='ltr'>λόγους</span> <span class='ocrx_word' id='word_1_634' title='bbox 335 2476 497 2510; x_wconf 79' lang='grc' dir='ltr'>προῳέρε;ν,</span> <span class='ocrx_word' id='word_1_635' title='bbox 530 2476 727 2511; x_wconf 67' lang='grc' dir='ltr'>μὲγαλοπρεπῆ</span> <span class='ocrx_word' id='word_1_636' title='bbox 756 2476 784 2502; x_wconf 79' lang='grc' dir='ltr'><strong>δὲ</strong></span> <span class='ocrx_word' id='word_1_637' title='bbox 805 2476 837 2502; x_wconf 81' lang='grc' dir='ltr'>τὰ</span> <span class='ocrx_word' id='word_1_638' title='bbox 859 2476 927 2510; x_wconf 73' lang='grc' dir='ltr'>ἔργα</span> 
     </span>
    </p>
   </div>
   <div class='ocr_carea' id='block_1_84' title="bbox 133 2521 926 2557">
    <p class='ocr_par' dir='ltr' id='par_1_84' title="bbox 133 2521 926 2557">
     <span class='ocr_line' id='line_1_84' title="bbox 133 2521 926 2557; baseline 0 -10"><span class='ocrx_word' id='word_1_639' title='bbox 133 2521 293 2553; x_wconf 81' lang='grc' dir='ltr'>δεικνύναι,</span> <span class='ocrx_word' id='word_1_640' title='bbox 309 2521 391 2555; x_wconf 83' lang='grc' dir='ltr'>ἀρκεῖ</span> <span class='ocrx_word' id='word_1_641' title='bbox 403 2521 432 2547; x_wconf 67' lang='grc' dir='ltr'>τδ</span> <span class='ocrx_word' id='word_1_642' title='bbox 446 2521 511 2552; x_wconf 68' lang='grc' dir='ltr'>τοὺς</span> <span class='ocrx_word' id='word_1_643' title='bbox 536 2521 661 2555; x_wconf 68' lang='grc' dir='ltr'>μαθητὰς</span> <span class='ocrx_word' id='word_1_644' title='bbox 678 2522 759 2548; x_wconf 76' lang='grc' dir='ltr'>αὑτοῦ</span> <span class='ocrx_word' id='word_1_645' title='bbox 776 2522 926 2557; x_wconf 73' lang='grc' dir='ltr'>διαρρήδην</span> 
     </span>
    </p>
   </div>
   <div class='ocr_carea' id='block_1_85' title="bbox 132 2565 926 2601">
    <p class='ocr_par' dir='ltr' id='par_1_85' title="bbox 132 2565 926 2601">
     <span class='ocr_line' id='line_1_85' title="bbox 132 2565 926 2601; baseline 0.001 -10"><span class='ocrx_word' id='word_1_646' title='bbox 132 2565 223 2591; x_wconf 77' lang='grc' dir='ltr'>τοῦτο</span> <span class='ocrx_word' id='word_1_647' title='bbox 238 2566 324 2591; x_wconf 73' lang='grc' dir='ltr'><strong>εἰπεῖν</strong></span> <span class='ocrx_word' id='word_1_648' title='bbox 335 2573 343 2580; x_wconf 88' lang='grc'><strong>·</strong></span> <span class='ocrx_word' id='word_1_649' title='bbox 360 2565 386 2590; x_wconf 78' lang='grc' dir='ltr'>οἱ</span> <span class='ocrx_word' id='word_1_650' title='bbox 400 2565 478 2591; x_wconf 72' lang='grc' dir='ltr'>τοῦτο</span> <span class='ocrx_word' id='word_1_651' title='bbox 497 2565 621 2598; x_wconf 77' lang='grc' dir='ltr'>λέγοντες</span> <span class='ocrx_word' id='word_1_652' title='bbox 632 2566 666 2592; x_wconf 78' lang='grc' dir='ltr'><strong>τὰ</strong></span> <span class='ocrx_word' id='word_1_653' title='bbox 681 2566 750 2592; x_wconf 70' lang='grc' dir='ltr'>αὐτὰ</span> <span class='ocrx_word' id='word_1_654' title='bbox 763 2567 800 2599; x_wconf 79' lang='grc' dir='ltr'>τῷ</span> <span class='ocrx_word' id='word_1_655' title='bbox 817 2566 926 2601; x_wconf 58' lang='grc' dir='ltr'>Χριστῷ</span> 
     </span>
    </p>
   </div>
   <div class='ocr_carea' id='block_1_86' title="bbox 134 2608 926 2645">
    <p class='ocr_par' dir='ltr' id='par_1_86' title="bbox 134 2608 926 2645">
     <span class='ocr_line' id='line_1_86' title="bbox 134 2608 926 2645; baseline 0.003 -11"><span class='ocrx_word' id='word_1_656' title='bbox 134 2610 246 2643; x_wconf 79' lang='grc' dir='ltr'>σημεῖα</span> <span class='ocrx_word' id='word_1_657' title='bbox 261 2609 404 2643; x_wconf 72' lang='grc' dir='ltr'>ἐποίησαν.</span> <span class='ocrx_word' id='word_1_658' title='bbox 419 2608 490 2635; x_wconf 73' lang='grc' dir='ltr'>Ἀλλ’</span> <span class='ocrx_word' id='word_1_659' title='bbox 507 2610 568 2636; x_wconf 74' lang='grc' dir='ltr'><strong>ἐπεὶ</strong></span> <span class='ocrx_word' id='word_1_660' title='bbox 588 2609 612 2635; x_wconf 82' lang='grc' dir='ltr'><strong>οι</strong></span> <span class='ocrx_word' id='word_1_661' title='bbox 626 2610 798 2645; x_wconf 75' lang='grc' dir='ltr'>Σαρρακηνοὶ</span> <span class='ocrx_word' id='word_1_662' title='bbox 813 2610 926 2644; x_wconf 80' lang='grc' dir='ltr'>ἀρνοῦν-</span> 
     </span>
    </p>
   </div>
   <div class='ocr_carea' id='block_1_87' title="bbox 131 2654 920 2689">
    <p class='ocr_par' dir='ltr' id='par_1_87' title="bbox 131 2654 920 2689">
     <span class='ocr_line' id='line_1_87' title="bbox 131 2654 920 2689; baseline 0.001 -9"><span class='ocrx_word' id='word_1_663' title='bbox 131 2662 185 2680; x_wconf 77' lang='grc' dir='ltr'><strong>ται</strong></span> <span class='ocrx_word' id='word_1_664' title='bbox 203 2654 237 2680; x_wconf 83' lang='grc' dir='ltr'>τά</span> <span class='ocrx_word' id='word_1_665' title='bbox 250 2662 280 2680; x_wconf 85' lang='grc' dir='ltr'>τε</span> <span class='ocrx_word' id='word_1_666' title='bbox 294 2654 421 2689; x_wconf 82' lang='grc' dir='ltr'>θαύματα</span> <span class='ocrx_word' id='word_1_667' title='bbox 434 2654 483 2680; x_wconf 76' lang='grc' dir='ltr'>καὶ</span> <span class='ocrx_word' id='word_1_668' title='bbox 494 2654 558 2685; x_wconf 77' lang='grc' dir='ltr'>τοὺς</span> <span class='ocrx_word' id='word_1_669' title='bbox 573 2654 670 2688; x_wconf 81' lang='grc' dir='ltr'>λόγους</span> <span class='ocrx_word' id='word_1_670' title='bbox 682 2655 736 2681; x_wconf 84' lang='grc' dir='ltr'><strong>τῶν</strong></span> <span class='ocrx_word' id='word_1_671' title='bbox 750 2655 920 2687; x_wconf 79' lang='grc' dir='ltr'>ἀποστόλων,</span> 
     </span>
    </p>
   </div>
   <div class='ocr_carea' id='block_1_88' title="bbox 975 1565 1756 1601">
    <p class='ocr_par' dir='ltr' id='par_1_88' title="bbox 975 1565 1756 1601">
     <span class='ocr_line' id='line_1_88' title="bbox 975 1565 1756 1601; baseline -0.001 -7"><span class='ocrx_word' id='word_1_672' title='bbox 975 1567 1085 1601; x_wconf 76' lang='lat' dir='ltr'><strong>sanguis</strong></span> <span class='ocrx_word' id='word_1_673' title='bbox 1109 1574 1163 1592; x_wconf 90' lang='lat' dir='ltr'><strong>non</strong></span> <span class='ocrx_word' id='word_1_674' title='bbox 1188 1567 1318 1593; x_wconf 84' lang='lat' dir='ltr'><strong>revelavit</strong></span> <span class='ocrx_word' id='word_1_675' title='bbox 1343 1566 1402 1597; x_wconf 86' lang='lat' dir='ltr'><strong>tibi,</strong></span> <span class='ocrx_word' id='word_1_676' title='bbox 1418 1566 1465 1593; x_wconf 91' lang='lat' dir='ltr'><strong>sed</strong></span> <span class='ocrx_word' id='word_1_677' title='bbox 1478 1565 1557 1593; x_wconf 85' lang='lat' dir='ltr'><strong>Pater</strong></span> <span class='ocrx_word' id='word_1_678' title='bbox 1574 1574 1650 1593; x_wconf 87' lang='lat' dir='ltr'><strong>meus</strong></span> <span class='ocrx_word' id='word_1_679' title='bbox 1660 1567 1681 1598; x_wconf 83' lang='lat'><strong>‘,</strong></span> <span class='ocrx_word' id='word_1_680' title='bbox 1698 1576 1707 1592; x_wconf 72' lang='grc' dir='ltr'><strong>ι</strong></span> <span class='ocrx_word' id='word_1_681' title='bbox 1728 1571 1756 1593; x_wconf 88' lang='lat' dir='ltr'><strong>et</strong></span> 
     </span>
    </p>
   </div>
   <div class='ocr_carea' id='block_1_89' title="bbox 975 1611 1754 1646">
    <p class='ocr_par' dir='ltr' id='par_1_89' title="bbox 975 1611 1754 1646">
     <span class='ocr_line' id='line_1_89' title="bbox 975 1611 1754 1646; baseline 0 -8"><span class='ocrx_word' id='word_1_682' title='bbox 975 1612 1090 1646; x_wconf 88' lang='lat' dir='ltr'><strong>reliqua.</strong></span> <span class='ocrx_word' id='word_1_683' title='bbox 1115 1611 1174 1645; x_wconf 91' lang='lat' dir='ltr'><strong>Ipse</strong></span> <span class='ocrx_word' id='word_1_684' title='bbox 1198 1614 1289 1638; x_wconf 81' lang='lat' dir='ltr'><strong>autem</strong></span> <span class='ocrx_word' id='word_1_685' title='bbox 1306 1611 1449 1638; x_wconf 82' lang='lat' dir='ltr'><strong>manifeste</strong></span> <span class='ocrx_word' id='word_1_686' title='bbox 1470 1611 1522 1638; x_wconf 92' lang='lat' dir='ltr'><strong>hoc</strong></span> <span class='ocrx_word' id='word_1_687' title='bbox 1541 1611 1627 1638; x_wconf 90' lang='lat' dir='ltr'><strong>noluit</strong></span> <span class='ocrx_word' id='word_1_688' title='bbox 1652 1611 1754 1644; x_wconf 77' lang='lat' dir='ltr'><strong>dicere,</strong></span> 
     </span>
    </p>
   </div>
   <div class='ocr_carea' id='block_1_90' title="bbox 975 1655 1756 1692">
    <p class='ocr_par' dir='ltr' id='par_1_90' title="bbox 975 1655 1756 1692">
     <span class='ocr_line' id='line_1_90' title="bbox 975 1655 1756 1692; baseline 0 -9"><span class='ocrx_word' id='word_1_689' title='bbox 975 1662 1118 1692; x_wconf 75' lang='lat' dir='ltr'><strong>propterea</strong></span> <span class='ocrx_word' id='word_1_690' title='bbox 1143 1656 1216 1691; x_wconf 84' lang='lat' dir='ltr'><strong>quod</strong></span> <span class='ocrx_word' id='word_1_691' title='bbox 1240 1656 1349 1684; x_wconf 89' lang='lat' dir='ltr'><strong>occulte</strong></span> <span class='ocrx_word' id='word_1_692' title='bbox 1368 1655 1454 1687; x_wconf 87' lang='lat' dir='ltr'><strong>venit,</strong></span> <span class='ocrx_word' id='word_1_693' title='bbox 1470 1660 1500 1683; x_wconf 87' lang='lat' dir='ltr'><strong>ut</strong></span> <span class='ocrx_word' id='word_1_694' title='bbox 1516 1661 1543 1683; x_wconf 88' lang='lat' dir='ltr'><strong>et</strong></span> <span class='ocrx_word' id='word_1_695' title='bbox 1567 1655 1712 1691; x_wconf 84' lang='lat' dir='ltr'><strong>prudentia</strong></span> <span class='ocrx_word' id='word_1_696' title='bbox 1727 1661 1756 1683; x_wconf 88' lang='lat' dir='ltr'><strong>et</strong></span> 
     </span>
    </p>
   </div>
   <div class='ocr_carea' id='block_1_91' title="bbox 974 1701 1755 1736">
    <p class='ocr_par' dir='ltr' id='par_1_91' title="bbox 974 1701 1755 1736">
     <span class='ocr_line' id='line_1_91' title="bbox 974 1701 1755 1736; baseline 0 -8"><span class='ocrx_word' id='word_1_697' title='bbox 974 1702 1139 1734; x_wconf 88' lang='lat' dir='ltr'><strong>humilitate,</strong></span> <span class='ocrx_word' id='word_1_698' title='bbox 1156 1705 1184 1728; x_wconf 86' lang='lat' dir='ltr'><strong>et</strong></span> <span class='ocrx_word' id='word_1_699' title='bbox 1209 1709 1263 1728; x_wconf 90' lang='lat' dir='ltr'><strong>nou</strong></span> <span class='ocrx_word' id='word_1_700' title='bbox 1289 1701 1315 1728; x_wconf 90' lang='lat' dir='ltr'><strong>vi</strong></span> <span class='ocrx_word' id='word_1_701' title='bbox 1331 1702 1454 1729; x_wconf 63' lang='lat' dir='ltr'><strong>viucvrct</strong></span> <span class='ocrx_word' id='word_1_702' title='bbox 1469 1709 1544 1733; x_wconf 85' lang='lat' dir='ltr'><strong>eum,</strong></span> <span class='ocrx_word' id='word_1_703' title='bbox 1556 1702 1602 1736; x_wconf 85' lang='lat' dir='ltr'><strong>qui</strong></span> <span class='ocrx_word' id='word_1_704' title='bbox 1617 1701 1755 1728; x_wconf 83' lang='lat' dir='ltr'><strong>homin‘em</strong></span> 
     </span>
    </p>
   </div>
   <div class='ocr_carea' id='block_1_92' title="bbox 974 1746 1758 1781">
    <p class='ocr_par' dir='ltr' id='par_1_92' title="bbox 974 1746 1758 1781">
     <span class='ocr_line' id='line_1_92' title="bbox 974 1746 1758 1781; baseline -0.001 -6"><span class='ocrx_word' id='word_1_705' title='bbox 974 1747 1040 1775; x_wconf 86' lang='lat' dir='ltr'><strong>vicit</strong></span> <span class='ocrx_word' id='word_1_706' title='bbox 1068 1747 1179 1775; x_wconf 84' lang='lat' dir='ltr'><strong>astutia.</strong></span> <span class='ocrx_word' id='word_1_707' title='bbox 1200 1747 1315 1781; x_wconf 89' lang='lat' dir='ltr'><strong>Propter</strong></span> <span class='ocrx_word' id='word_1_708' title='bbox 1340 1746 1411 1774; x_wconf 86' lang='lat' dir='ltr'><strong>hanc</strong></span> <span class='ocrx_word' id='word_1_709' title='bbox 1433 1747 1516 1780; x_wconf 75' lang='lat' dir='ltr'><strong>igitur</strong></span> <span class='ocrx_word' id='word_1_710' title='bbox 1531 1748 1675 1778; x_wconf 83' lang='lat' dir='ltr'><strong>rationem,</strong></span> <span class='ocrx_word' id='word_1_711' title='bbox 1694 1751 1758 1774; x_wconf 83' lang='lat' dir='ltr'><strong>ante</strong></span> 
     </span>
    </p>
   </div>
   <div class='ocr_carea' id='block_1_93' title="bbox 974 1791 1759 1826">
    <p class='ocr_par' dir='ltr' id='par_1_93' title="bbox 974 1791 1759 1826">
     <span class='ocr_line' id='line_1_93' title="bbox 974 1791 1759 1826; baseline -0.001 -7"><span class='ocrx_word' id='word_1_712' title='bbox 974 1793 1204 1820; x_wconf 82' lang='lat' dir='ltr'><strong>resurrectionem</strong></span> <span class='ocrx_word' id='word_1_713' title='bbox 1231 1800 1286 1819; x_wconf 92' lang='lat' dir='ltr'><strong>non</strong></span> <span class='ocrx_word' id='word_1_714' title='bbox 1310 1792 1379 1819; x_wconf 81' lang='lat' dir='ltr'><strong>dixit</strong></span> <span class='ocrx_word' id='word_1_715' title='bbox 1405 1791 1532 1819; x_wconf 89' lang='lat' dir='ltr'><strong>Christus</strong></span> <span class='ocrx_word' id='word_1_716' title='bbox 1551 1792 1639 1826; x_wconf 86' lang='lat' dir='ltr'><strong>palam</strong></span> <span class='ocrx_word' id='word_1_717' title='bbox 1653 1792 1686 1819; x_wconf 88' lang='lat' dir='ltr'><strong>de</strong></span> <span class='ocrx_word' id='word_1_718' title='bbox 1704 1792 1759 1818; x_wconf 81' lang='lat' dir='ltr'><strong>sei-</strong></span> 
     </span>
    </p>
   </div>
   <div class='ocr_carea' id='block_1_94' title="bbox 963 1837 1758 1873">
    <p class='ocr_par' dir='ltr' id='par_1_94' title="bbox 963 1837 1758 1873">
     <span class='ocr_line' id='line_1_94' title="bbox 963 1837 1758 1873; baseline -0.001 -8"><span class='ocrx_word' id='word_1_719' title='bbox 963 1845 1032 1873; x_wconf 66' lang='lat' dir='ltr'><strong>.pso.</strong></span> <span class='ocrx_word' id='word_1_720' title='bbox 1050 1839 1121 1865; x_wconf 85' lang='lat' dir='ltr'><strong>Deus</strong></span> <span class='ocrx_word' id='word_1_721' title='bbox 1144 1846 1215 1869; x_wconf 89' lang='lat' dir='ltr'><strong>sum,</strong></span> <span class='ocrx_word' id='word_1_722' title='bbox 1231 1837 1381 1865; x_wconf 79' lang='lat' dir='ltr'><strong>secundum</strong></span> <span class='ocrx_word' id='word_1_723' title='bbox 1409 1845 1489 1872; x_wconf 83' lang='lat' dir='ltr'><strong>quam</strong></span> <span class='ocrx_word' id='word_1_724' title='bbox 1518 1839 1651 1865; x_wconf 86' lang='lat' dir='ltr'><strong>rationem</strong></span> <span class='ocrx_word' id='word_1_725' title='bbox 1668 1845 1758 1871; x_wconf 80' lang='lat' dir='ltr'><strong>neque</strong></span> 
     </span>
    </p>
   </div>
   <div class='ocr_carea' id='block_1_95' title="bbox 974 1882 1758 1919">
    <p class='ocr_par' dir='ltr' id='par_1_95' title="bbox 974 1882 1758 1919">
     <span class='ocr_line' id='line_1_95' title="bbox 974 1882 1758 1919; baseline -0.001 -8"><span class='ocrx_word' id='word_1_726' title='bbox 974 1885 1092 1919; x_wconf 88' lang='lat' dir='ltr'><strong>piscator</strong></span> <span class='ocrx_word' id='word_1_727' title='bbox 1108 1884 1231 1918; x_wconf 69' lang='lat' dir='ltr'><strong>praedicit</strong></span> <span class='ocrx_word' id='word_1_728' title='bbox 1246 1884 1367 1919; x_wconf 72' lang='lat' dir='ltr'><strong>piscibus</strong></span> <span class='ocrx_word' id='word_1_729' title='bbox 1389 1884 1549 1915; x_wconf 80' lang='lat' dir='ltr'><strong>rerelunter,</strong></span> <span class='ocrx_word' id='word_1_730' title='bbox 1562 1882 1613 1910; x_wconf 82' lang='lat' dir='ltr'><strong>sub</strong></span> <span class='ocrx_word' id='word_1_731' title='bbox 1626 1883 1687 1910; x_wconf 79' lang='lat' dir='ltr'><strong>cibo</strong></span> <span class='ocrx_word' id='word_1_732' title='bbox 1699 1891 1758 1910; x_wconf 83' lang='lat' dir='ltr'><strong>esse</strong></span> 
     </span>
    </p>
   </div>
   <div class='ocr_carea' id='block_1_96' title="bbox 973 1929 1757 1963">
    <p class='ocr_par' dir='ltr' id='par_1_96' title="bbox 973 1929 1757 1963">
     <span class='ocr_line' id='line_1_96' title="bbox 973 1929 1757 1963; baseline -0.001 -7"><span class='ocrx_word' id='word_1_733' title='bbox 973 1937 1075 1963; x_wconf 75' lang='lat' dir='ltr'><strong>escam,</strong></span> <span class='ocrx_word' id='word_1_734' title='bbox 1090 1930 1140 1956; x_wconf 91' lang='lat' dir='ltr'><strong>sub</strong></span> <span class='ocrx_word' id='word_1_735' title='bbox 1155 1937 1217 1957; x_wconf 83' lang='lat' dir='ltr'><strong>esca</strong></span> <span class='ocrx_word' id='word_1_736' title='bbox 1231 1937 1291 1956; x_wconf 82' lang='lat' dir='ltr'><strong>esse</strong></span> <span class='ocrx_word' id='word_1_737' title='bbox 1308 1930 1429 1956; x_wconf 84' lang='lat' dir='ltr'><strong>hamum.</strong></span> <span class='ocrx_word' id='word_1_738' title='bbox 1443 1929 1507 1956; x_wconf 83' lang='lat' dir='ltr'><strong>Post</strong></span> <span class='ocrx_word' id='word_1_739' title='bbox 1530 1929 1757 1956; x_wconf 83' lang='lat' dir='ltr'><strong>resurrectionem</strong></span> 
     </span>
    </p>
   </div>
   <div class='ocr_carea' id='block_1_97' title="bbox 973 1974 1758 2009">
    <p class='ocr_par' dir='ltr' id='par_1_97' title="bbox 973 1974 1758 2009">
     <span class='ocr_line' id='line_1_97' title="bbox 973 1974 1758 2009; baseline -0.001 -7"><span class='ocrx_word' id='word_1_740' title='bbox 973 1979 1063 2002; x_wconf 87' lang='lat' dir='ltr'><strong>autem</strong></span> <span class='ocrx_word' id='word_1_741' title='bbox 1086 1975 1228 2003; x_wconf 82' lang='lat' dir='ltr'><strong>manifeste</strong></span> <span class='ocrx_word' id='word_1_742' title='bbox 1255 1975 1308 2002; x_wconf 82' lang='lat' dir='ltr'><strong>hoc</strong></span> <span class='ocrx_word' id='word_1_743' title='bbox 1325 1976 1454 2005; x_wconf 77' lang='lat' dir='ltr'><strong>ostendit.</strong></span> <span class='ocrx_word' id='word_1_744' title='bbox 1467 1975 1571 2007; x_wconf 87' lang='lat' dir='ltr'><strong>dicens,</strong></span> <span class='ocrx_word' id='word_1_745' title='bbox 1587 1975 1655 2002; x_wconf 85' lang='lat' dir='ltr'><strong>dans</strong></span> <span class='ocrx_word' id='word_1_746' title='bbox 1671 1974 1758 2009; x_wconf 87' lang='lat' dir='ltr'><strong>Spiri-</strong></span> 
     </span>
    </p>
   </div>
   <div class='ocr_carea' id='block_1_98' title="bbox 975 2021 1757 2056">
    <p class='ocr_par' dir='ltr' id='par_1_98' title="bbox 975 2021 1757 2056">
     <span class='ocr_line' id='line_1_98' title="bbox 975 2021 1757 2056; baseline -0.001 -7"><span class='ocrx_word' id='word_1_747' title='bbox 975 2028 1030 2050; x_wconf 91' lang='lat' dir='ltr'><strong>tum</strong></span> <span class='ocrx_word' id='word_1_748' title='bbox 1055 2026 1178 2048; x_wconf 87' lang='lat' dir='ltr'><strong>sanctum</strong></span> <span class='ocrx_word' id='word_1_749' title='bbox 1205 2026 1231 2048; x_wconf 85' lang='lat' dir='ltr'><strong>et</strong></span> <span class='ocrx_word' id='word_1_750' title='bbox 1251 2027 1414 2056; x_wconf 72' lang='lat' dir='ltr'><strong>potestatem</strong></span> <span class='ocrx_word' id='word_1_751' title='bbox 1448 2021 1603 2049; x_wconf 85' lang='lat' dir='ltr'><strong>dimittendi</strong></span> <span class='ocrx_word' id='word_1_752' title='bbox 1619 2026 1730 2056; x_wconf 89' lang='lat' dir='ltr'><strong>peccata</strong></span> <span class='ocrx_word' id='word_1_753' title='bbox 1751 2029 1757 2048; x_wconf 95' lang='lat'>:</span> 
     </span>
    </p>
   </div>
   <div class='ocr_carea' id='block_1_99' title="bbox 977 2065 1761 2101">
    <p class='ocr_par' dir='ltr' id='par_1_99' title="bbox 977 2065 1761 2101">
     <span class='ocr_line' id='line_1_99' title="bbox 977 2065 1761 2101; baseline 0.001 -9"><span class='ocrx_word' id='word_1_754' title='bbox 977 2075 986 2090; x_wconf 76' lang='grc' dir='ltr'>α</span> <span class='ocrx_word' id='word_1_755' title='bbox 1009 2066 1131 2100; x_wconf 73' lang='lat' dir='ltr'><strong>Accipite</strong></span> <span class='ocrx_word' id='word_1_756' title='bbox 1156 2065 1287 2100; x_wconf 91' lang='lat' dir='ltr'><strong>Spiritum</strong></span> <span class='ocrx_word' id='word_1_757' title='bbox 1315 2071 1451 2099; x_wconf 85' lang='lat' dir='ltr'><strong>sanctum,</strong></span> <span class='ocrx_word' id='word_1_758' title='bbox 1477 2070 1505 2093; x_wconf 88' lang='lat' dir='ltr'><strong>et</strong></span> <span class='ocrx_word' id='word_1_759' title='bbox 1533 2073 1761 2101; x_wconf 85' lang='lat' dir='ltr'><strong>quorumcnnque</strong></span> 
     </span>
    </p>
   </div>
   <div class='ocr_carea' id='block_1_100' title="bbox 974 2110 1762 2145">
    <p class='ocr_par' dir='ltr' id='par_1_100' title="bbox 974 2110 1762 2145">
     <span class='ocr_line' id='line_1_100' title="bbox 974 2110 1762 2145; baseline 0 -9"><span class='ocrx_word' id='word_1_760' title='bbox 974 2110 1133 2137; x_wconf 87' lang='lat' dir='ltr'><strong>dimiseritis</strong></span> <span class='ocrx_word' id='word_1_761' title='bbox 1158 2115 1276 2144; x_wconf 87' lang='lat' dir='ltr'><strong>peccata.</strong></span> <span class='ocrx_word' id='word_1_762' title='bbox 1293 2110 1469 2137; x_wconf 88' lang='lat' dir='ltr'><strong>dimittuntur</strong></span> <span class='ocrx_word' id='word_1_763' title='bbox 1494 2110 1551 2143; x_wconf 86' lang='lat' dir='ltr'><strong>eis;</strong></span> <span class='ocrx_word' id='word_1_764' title='bbox 1572 2118 1762 2145; x_wconf 82' lang='lat' dir='ltr'><strong>quorumcun-</strong></span> 
     </span>
    </p>
   </div>
   <div class='ocr_carea' id='block_1_101' title="bbox 974 2155 1761 2190">
    <p class='ocr_par' dir='ltr' id='par_1_101' title="bbox 974 2155 1761 2190">
     <span class='ocr_line' id='line_1_101' title="bbox 974 2155 1761 2190; baseline 0.001 -9"><span class='ocrx_word' id='word_1_765' title='bbox 974 2163 1027 2190; x_wconf 86' lang='lat' dir='ltr'><strong>que</strong></span> <span class='ocrx_word' id='word_1_766' title='bbox 1052 2156 1229 2188; x_wconf 83' lang='lat' dir='ltr'><strong>rctinucritis,</strong></span> <span class='ocrx_word' id='word_1_767' title='bbox 1255 2161 1362 2183; x_wconf 83' lang='lat' dir='ltr'><strong>retenta</strong></span> <span class='ocrx_word' id='word_1_768' title='bbox 1387 2161 1452 2183; x_wconf 89' lang='lat' dir='ltr'><strong>sunt</strong></span> <span class='ocrx_word' id='word_1_769' title='bbox 1466 2157 1488 2187; x_wconf 86' lang='lat'><strong>&#39;,</strong></span> <span class='ocrx_word' id='word_1_770' title='bbox 1507 2165 1517 2182; x_wconf 68' lang='grc' dir='ltr'><strong>ι</strong></span> <span class='ocrx_word' id='word_1_771' title='bbox 1535 2160 1564 2182; x_wconf 84' lang='lat' dir='ltr'><strong>et</strong></span> <span class='ocrx_word' id='word_1_772' title='bbox 1590 2155 1708 2190; x_wconf 83' lang='lat' dir='ltr'><strong>reliqua.</strong></span> <span class='ocrx_word' id='word_1_773' title='bbox 1727 2155 1761 2182; x_wconf 85' lang='lat' dir='ltr'><strong>Et</strong></span> 
     </span>
    </p>
   </div>
   <div class='ocr_carea' id='block_1_102' title="bbox 939 2190 1760 2236">
    <p class='ocr_par' dir='ltr' id='par_1_102' title="bbox 939 2190 1760 2236">
     <span class='ocr_line' id='line_1_102' title="bbox 939 2190 1760 2236; baseline 0 -8"><span class='ocrx_word' id='word_1_774' title='bbox 939 2190 964 2219; x_wconf 75' lang='grc' dir='ltr'>υ</span> <span class='ocrx_word' id='word_1_775' title='bbox 978 2201 1096 2229; x_wconf 84' lang='lat' dir='ltr'><strong>Thomas</strong></span> <span class='ocrx_word' id='word_1_776' title='bbox 1110 2209 1220 2236; x_wconf 86' lang='lat' dir='ltr'><strong>quoqtle</strong></span> <span class='ocrx_word' id='word_1_777' title='bbox 1245 2202 1333 2236; x_wconf 83' lang='lat' dir='ltr'><strong>palam</strong></span> <span class='ocrx_word' id='word_1_778' title='bbox 1350 2201 1492 2228; x_wconf 82' lang='lat' dir='ltr'><strong>confessus</strong></span> <span class='ocrx_word' id='word_1_779' title='bbox 1510 2207 1552 2229; x_wconf 86' lang='lat' dir='ltr'><strong>est</strong></span> <span class='ocrx_word' id='word_1_780' title='bbox 1569 2201 1632 2234; x_wconf 84' lang='lat' dir='ltr'><strong>hoc,</strong></span> <span class='ocrx_word' id='word_1_781' title='bbox 1645 2201 1760 2228; x_wconf 89' lang='lat' dir='ltr'><strong>dicens:</strong></span> 
     </span>
    </p>
   </div>
   <div class='ocr_carea' id='block_1_103' title="bbox 979 2245 1761 2278">
    <p class='ocr_par' dir='ltr' id='par_1_103' title="bbox 979 2245 1761 2278">
     <span class='ocr_line' id='line_1_103' title="bbox 979 2245 1761 2278; baseline 0 -6"><span class='ocrx_word' id='word_1_782' title='bbox 979 2256 987 2272; x_wconf 79' lang='grc' dir='ltr'><strong>ι</strong></span> <span class='ocrx_word' id='word_1_783' title='bbox 1006 2246 1138 2273; x_wconf 85' lang='lat' dir='ltr'><strong>Dominus</strong></span> <span class='ocrx_word' id='word_1_784' title='bbox 1157 2251 1284 2278; x_wconf 51' lang='lat' dir='ltr'><strong>meus,&#39;et</strong></span> <span class='ocrx_word' id='word_1_785' title='bbox 1312 2245 1383 2273; x_wconf 85' lang='lat' dir='ltr'><strong>Deus</strong></span> <span class='ocrx_word' id='word_1_786' title='bbox 1408 2254 1485 2273; x_wconf 91' lang='lat' dir='ltr'><strong>meus</strong></span> <span class='ocrx_word' id='word_1_787' title='bbox 1497 2246 1518 2273; x_wconf 88' lang='lat'><strong>&#39;.</strong></span> <span class='ocrx_word' id='word_1_788' title='bbox 1538 2255 1548 2272; x_wconf 72' lang='grc' dir='ltr'><strong>ι</strong></span> <span class='ocrx_word' id='word_1_789' title='bbox 1577 2246 1644 2272; x_wconf 85' lang='lat' dir='ltr'><strong>Dato</strong></span> <span class='ocrx_word' id='word_1_790' title='bbox 1658 2250 1761 2277; x_wconf 82' lang='lat' dir='ltr'><strong>autem,</strong></span> 
     </span>
    </p>
   </div>
   <div class='ocr_carea' id='block_1_104' title="bbox 976 2290 1761 2325">
    <p class='ocr_par' dir='ltr' id='par_1_104' title="bbox 976 2290 1761 2325">
     <span class='ocr_line' id='line_1_104' title="bbox 976 2290 1761 2325; baseline -0.003 -7"><span class='ocrx_word' id='word_1_791' title='bbox 976 2291 1028 2318; x_wconf 88' lang='lat' dir='ltr'><strong>hoc</strong></span> <span class='ocrx_word' id='word_1_792' title='bbox 1045 2298 1215 2325; x_wconf 83' lang='lat' dir='ltr'><strong>nequaquam</strong></span> <span class='ocrx_word' id='word_1_793' title='bbox 1241 2298 1255 2317; x_wconf 83' lang='lat' dir='ltr'><strong>a</strong></span> <span class='ocrx_word' id='word_1_794' title='bbox 1273 2290 1385 2318; x_wconf 84' lang='lat' dir='ltr'><strong>Christo</strong></span> <span class='ocrx_word' id='word_1_795' title='bbox 1409 2291 1512 2317; x_wconf 88' lang='lat' dir='ltr'><strong>dictutn</strong></span> <span class='ocrx_word' id='word_1_796' title='bbox 1530 2298 1602 2320; x_wconf 85' lang='lat' dir='ltr'><strong>esse.</strong></span> <span class='ocrx_word' id='word_1_797' title='bbox 1617 2294 1761 2325; x_wconf 78' lang='lat' dir='ltr'><strong>prOptt-rca</strong></span> 
     </span>
    </p>
   </div>
   <div class='ocr_carea' id='block_1_105' title="bbox 976 2335 1760 2371">
    <p class='ocr_par' dir='ltr' id='par_1_105' title="bbox 976 2335 1760 2371">
     <span class='ocr_line' id='line_1_105' title="bbox 976 2335 1760 2371; baseline 0 -9"><span class='ocrx_word' id='word_1_798' title='bbox 976 2336 1048 2371; x_wconf 86' lang='lat' dir='ltr'><strong>quod</strong></span> <span class='ocrx_word' id='word_1_799' title='bbox 1066 2336 1179 2362; x_wconf 81' lang='lat' dir='ltr'><strong>humilia</strong></span> <span class='ocrx_word' id='word_1_800' title='bbox 1193 2336 1304 2370; x_wconf 81' lang='lat' dir='ltr'><strong>quidem</strong></span> <span class='ocrx_word' id='word_1_801' title='bbox 1323 2336 1405 2363; x_wconf 86' lang='lat' dir='ltr'><strong>verba</strong></span> <span class='ocrx_word' id='word_1_802' title='bbox 1433 2335 1546 2370; x_wconf 79' lang='lat' dir='ltr'><strong>profert,</strong></span> <span class='ocrx_word' id='word_1_803' title='bbox 1564 2336 1692 2370; x_wconf 68' lang='lat' dir='ltr'><strong>praeclara</strong></span> <span class='ocrx_word' id='word_1_804' title='bbox 1710 2343 1760 2363; x_wconf 89' lang='lat' dir='ltr'><strong>au-</strong></span> 
     </span>
    </p>
   </div>
   <div class='ocr_carea' id='block_1_106' title="bbox 977 2381 1762 2417">
    <p class='ocr_par' dir='ltr' id='par_1_106' title="bbox 977 2381 1762 2417">
     <span class='ocr_line' id='line_1_106' title="bbox 977 2381 1762 2417; baseline 0.003 -10"><span class='ocrx_word' id='word_1_805' title='bbox 977 2386 1028 2408; x_wconf 72' lang='lat' dir='ltr'><strong>tem</strong></span> <span class='ocrx_word' id='word_1_806' title='bbox 1057 2389 1139 2416; x_wconf 88' lang='lat' dir='ltr'><strong>opera</strong></span> <span class='ocrx_word' id='word_1_807' title='bbox 1160 2381 1281 2409; x_wconf 85' lang='lat' dir='ltr'><strong>ostendit</strong></span> <span class='ocrx_word' id='word_1_808' title='bbox 1302 2389 1309 2408; x_wconf 76' lang='grc' dir='ltr'><strong>τ</strong></span> <span class='ocrx_word' id='word_1_809' title='bbox 1331 2382 1431 2409; x_wconf 85' lang='lat' dir='ltr'><strong>sulIicit</strong></span> <span class='ocrx_word' id='word_1_810' title='bbox 1453 2382 1604 2417; x_wconf 87' lang='lat' dir='ltr'><strong>discipulos</strong></span> <span class='ocrx_word' id='word_1_811' title='bbox 1626 2382 1685 2417; x_wconf 76' lang='lat' dir='ltr'><strong>ejus</strong></span> <span class='ocrx_word' id='word_1_812' title='bbox 1710 2381 1762 2409; x_wconf 82' lang='lat' dir='ltr'><strong>hoc</strong></span> 
     </span>
    </p>
   </div>
   <div class='ocr_carea' id='block_1_107' title="bbox 976 2427 1762 2461">
    <p class='ocr_par' dir='ltr' id='par_1_107' title="bbox 976 2427 1762 2461">
     <span class='ocr_line' id='line_1_107' title="bbox 976 2427 1762 2461; baseline 0 -8"><span class='ocrx_word' id='word_1_813' title='bbox 976 2427 1064 2461; x_wconf 86' lang='lat' dir='ltr'><strong>palam</strong></span> <span class='ocrx_word' id='word_1_814' title='bbox 1093 2427 1196 2458; x_wconf 82' lang='lat' dir='ltr'><strong>dicere,</strong></span> <span class='ocrx_word' id='word_1_815' title='bbox 1213 2427 1259 2461; x_wconf 91' lang='lat' dir='ltr'><strong>qui</strong></span> <span class='ocrx_word' id='word_1_816' title='bbox 1285 2427 1341 2454; x_wconf 87' lang='lat' dir='ltr'><strong>hoc</strong></span> <span class='ocrx_word' id='word_1_817' title='bbox 1358 2428 1490 2460; x_wconf 88' lang='lat' dir='ltr'><strong>dicentes,</strong></span> <span class='ocrx_word' id='word_1_818' title='bbox 1520 2427 1621 2454; x_wconf 89' lang='lat' dir='ltr'><strong>similia</strong></span> <span class='ocrx_word' id='word_1_819' title='bbox 1651 2427 1762 2454; x_wconf 80' lang='lat' dir='ltr'><strong>Christo</strong></span> 
     </span>
    </p>
   </div>
   <div class='ocr_carea' id='block_1_108' title="bbox 976 2472 1762 2507">
    <p class='ocr_par' dir='ltr' id='par_1_108' title="bbox 976 2472 1762 2507">
     <span class='ocr_line' id='line_1_108' title="bbox 976 2472 1762 2507; baseline 0 -9"><span class='ocrx_word' id='word_1_820' title='bbox 976 2472 1052 2507; x_wconf 78' lang='lat' dir='ltr'><strong>signa</strong></span> <span class='ocrx_word' id='word_1_821' title='bbox 1067 2472 1200 2500; x_wconf 77' lang='lat' dir='ltr'><strong>fecerunt.</strong></span> <span class='ocrx_word' id='word_1_822' title='bbox 1217 2472 1269 2500; x_wconf 79' lang='lat' dir='ltr'><strong>Sed</strong></span> <span class='ocrx_word' id='word_1_823' title='bbox 1290 2473 1421 2507; x_wconf 89' lang='lat' dir='ltr'><strong>quoniam</strong></span> <span class='ocrx_word' id='word_1_824' title='bbox 1443 2472 1572 2500; x_wconf 81' lang='lat' dir='ltr'><strong>Saraceni</strong></span> <span class='ocrx_word' id='word_1_825' title='bbox 1588 2476 1690 2507; x_wconf 75' lang='lat' dir='ltr'><strong>negant</strong></span> <span class='ocrx_word' id='word_1_826' title='bbox 1708 2472 1762 2498; x_wconf 84' lang='lat' dir='ltr'><strong>mi-</strong></span> 
     </span>
    </p>
   </div>
   <div class='ocr_carea' id='block_1_109' title="bbox 976 2517 1761 2553">
    <p class='ocr_par' dir='ltr' id='par_1_109' title="bbox 976 2517 1761 2553">
     <span class='ocr_line' id='line_1_109' title="bbox 976 2517 1761 2553; baseline -0.001 -9"><span class='ocrx_word' id='word_1_827' title='bbox 976 2517 1067 2544; x_wconf 84' lang='lat' dir='ltr'><strong>racula</strong></span> <span class='ocrx_word' id='word_1_828' title='bbox 1103 2521 1132 2544; x_wconf 83' lang='lat' dir='ltr'><strong>et</strong></span> <span class='ocrx_word' id='word_1_829' title='bbox 1159 2518 1242 2545; x_wconf 87' lang='lat' dir='ltr'><strong>verba</strong></span> <span class='ocrx_word' id='word_1_830' title='bbox 1266 2518 1474 2552; x_wconf 86' lang='lat' dir='ltr'><strong>apostolorum,</strong></span> <span class='ocrx_word' id='word_1_831' title='bbox 1510 2521 1656 2553; x_wconf 84' lang='lat' dir='ltr'><strong>propterea</strong></span> <span class='ocrx_word' id='word_1_832' title='bbox 1687 2517 1761 2552; x_wconf 84' lang='lat' dir='ltr'><strong>quad</strong></span> 
     </span>
    </p>
   </div>
   <div class='ocr_carea' id='block_1_110' title="bbox 976 2561 1762 2596">
    <p class='ocr_par' dir='ltr' id='par_1_110' title="bbox 976 2561 1762 2596">
     <span class='ocr_line' id='line_1_110' title="bbox 976 2561 1762 2596; baseline -0.001 -7"><span class='ocrx_word' id='word_1_833' title='bbox 976 2564 1111 2590; x_wconf 88' lang='lat' dir='ltr'><strong>contraria</strong></span> <span class='ocrx_word' id='word_1_834' title='bbox 1133 2568 1198 2590; x_wconf 84' lang='lat' dir='ltr'><strong>sunt</strong></span> <span class='ocrx_word' id='word_1_835' title='bbox 1215 2563 1358 2596; x_wconf 81' lang='lat' dir='ltr'><strong>Alcorano,</strong></span> <span class='ocrx_word' id='word_1_836' title='bbox 1381 2564 1563 2591; x_wconf 86' lang='lat' dir='ltr'><strong>insistendum</strong></span> <span class='ocrx_word' id='word_1_837' title='bbox 1579 2561 1762 2590; x_wconf 90' lang='lat' dir='ltr'><strong>confutationi</strong></span> 
     </span>
    </p>
   </div>
   <div class='ocr_carea' id='block_1_111' title="bbox 979 2607 1762 2644">
    <p class='ocr_par' dir='ltr' id='par_1_111' title="bbox 979 2607 1762 2644">
     <span class='ocr_line' id='line_1_111' title="bbox 979 2607 1762 2644; baseline -0.004 -8"><span class='ocrx_word' id='word_1_838' title='bbox 979 2614 1034 2636; x_wconf 93' lang='lat' dir='ltr'><strong>tam</strong></span> <span class='ocrx_word' id='word_1_839' title='bbox 1052 2609 1162 2643; x_wconf 71' lang='lat' dir='ltr'><strong>perfidae</strong></span> <span class='ocrx_word' id='word_1_840' title='bbox 1184 2609 1262 2644; x_wconf 76' lang='lat' dir='ltr'><strong>legis,</strong></span> <span class='ocrx_word' id='word_1_841' title='bbox 1289 2610 1361 2644; x_wconf 90' lang='lat' dir='ltr'><strong>quod</strong></span> <span class='ocrx_word' id='word_1_842' title='bbox 1380 2617 1434 2637; x_wconf 92' lang='lat' dir='ltr'><strong>nou</strong></span> <span class='ocrx_word' id='word_1_843' title='bbox 1458 2614 1498 2636; x_wconf 86' lang='lat' dir='ltr'><strong>est</strong></span> <span class='ocrx_word' id='word_1_844' title='bbox 1518 2610 1559 2637; x_wconf 88' lang='lat' dir='ltr'><strong>lex</strong></span> <span class='ocrx_word' id='word_1_845' title='bbox 1574 2609 1632 2640; x_wconf 83' lang='lat' dir='ltr'><strong>Dei.</strong></span> <span class='ocrx_word' id='word_1_846' title='bbox 1646 2614 1673 2635; x_wconf 91' lang='lat' dir='ltr'><strong>et</strong></span> <span class='ocrx_word' id='word_1_847' title='bbox 1688 2607 1762 2642; x_wconf 89' lang='lat' dir='ltr'><strong>quod</strong></span> 
     </span>
    </p>
   </div>
   <div class='ocr_carea' id='block_1_112' title="bbox 977 2653 1756 2690">
    <p class='ocr_par' dir='ltr' id='par_1_112' title="bbox 977 2653 1756 2690">
     <span class='ocr_line' id='line_1_112' title="bbox 977 2653 1756 2690; baseline -0.006 -7"><span class='ocrx_word' id='word_1_848' title='bbox 977 2655 1105 2683; x_wconf 87' lang='lat' dir='ltr'><strong>Saraceni</strong></span> <span class='ocrx_word' id='word_1_849' title='bbox 1125 2655 1226 2682; x_wconf 86' lang='lat' dir='ltr'><strong>debent</strong></span> <span class='ocrx_word' id='word_1_850' title='bbox 1250 2654 1558 2690; x_wconf 48' lang='lat' dir='ltr'><strong>susciperejevangelica</strong></span> <span class='ocrx_word' id='word_1_851' title='bbox 1584 2653 1756 2685; x_wconf 85' lang='lat' dir='ltr'><strong>testimonia,</strong></span> 
     </span>
    </p>
   </div>
   <div class='ocr_carea' id='block_1_113' title="bbox 175 2722 922 2759">
    <p class='ocr_par' dir='ltr' id='par_1_113' title="bbox 175 2722 916 2758">
     <span class='ocr_line' id='line_1_113' title="bbox 175 2722 916 2758; baseline 0.001 -8"><span class='ocrx_word' id='word_1_852' title='bbox 175 2723 188 2738; x_wconf 86' lang='lat'>&#39;</span> <span class='ocrx_word' id='word_1_853' title='bbox 203 2722 285 2750; x_wconf 78' lang='lat' dir='ltr'><strong>Joan.</strong></span> <span class='ocrx_word' id='word_1_854' title='bbox 297 2731 355 2756; x_wconf 84' lang='lat' dir='ltr'><strong>vui,</strong></span> <span class='ocrx_word' id='word_1_855' title='bbox 369 2723 415 2751; x_wconf 74' lang='grc'><strong>25.</strong></span> <span class='ocrx_word' id='word_1_856' title='bbox 453 2723 464 2739; x_wconf 79' lang='grc'>⁸</span> <span class='ocrx_word' id='word_1_857' title='bbox 481 2723 577 2751; x_wconf 82' lang='lat' dir='ltr'><strong>Matth.</strong></span> <span class='ocrx_word' id='word_1_858' title='bbox 598 2731 653 2757; x_wconf 82' lang='lat' dir='ltr'><strong>xvi,</strong></span> <span class='ocrx_word' id='word_1_859' title='bbox 673 2724 717 2751; x_wconf 76' lang='lat' dir='ltr'><strong>i7.</strong></span> <span class='ocrx_word' id='word_1_860' title='bbox 754 2724 764 2740; x_wconf 90' lang='grc'><strong>⁷</strong></span> <span class='ocrx_word' id='word_1_861' title='bbox 777 2723 856 2751; x_wconf 82' lang='lat' dir='ltr'><strong>Joan.</strong></span> <span class='ocrx_word' id='word_1_862' title='bbox 872 2732 916 2758; x_wconf 85' lang='lat' dir='ltr'><strong>xx,</strong></span> 
     </span>
    </p>
   </div>
   <div class='ocr_carea' id='block_1_114' title="bbox 972 2722 1227 2759">
    <p class='ocr_par' dir='ltr' id='par_1_114' title="bbox 972 2725 1227 2756">
     <span class='ocr_line' id='line_1_114' title="bbox 972 2725 1227 2756; baseline -0.016 0"><span class='ocrx_word' id='word_1_863' title='bbox 972 2725 1032 2756; x_wconf 58' lang='lat'><strong>.25.</strong></span> <span class='ocrx_word' id='word_1_864' title='bbox 1072 2726 1082 2742; x_wconf 86' lang='grc'><strong><em>⁸</em></strong></span> <span class='ocrx_word' id='word_1_865' title='bbox 1097 2726 1164 2754; x_wconf 85' lang='lat' dir='ltr'><strong>ibid.</strong></span> <span class='ocrx_word' id='word_1_866' title='bbox 1182 2727 1227 2753; x_wconf 75' lang='lat'><strong>28.</strong></span> 
     </span>
    </p>
   </div>
   <div class='ocr_carea' id='block_1_115' title="bbox 176 2791 1764 2831">
    <p class='ocr_par' dir='ltr' id='par_1_115' title="bbox 176 2791 1764 2831">
     <span class='ocr_line' id='line_1_115' title="bbox 176 2791 1764 2831; baseline 0 -14"><span class='ocrx_word' id='word_1_867' title='bbox 176 2791 218 2824; x_wconf 85' lang='lat' dir='ltr'><strong>(l)</strong></span> <span class='ocrx_word' id='word_1_868' title='bbox 238 2791 326 2820; x_wconf 82' lang='lat' dir='ltr'><strong>Etiam</strong></span> <span class='ocrx_word' id='word_1_869' title='bbox 355 2797 417 2820; x_wconf 81' lang='lat' dir='ltr'><strong>ante</strong></span> <span class='ocrx_word' id='word_1_870' title='bbox 443 2792 574 2828; x_wconf 73' lang='lat' dir='ltr'><strong>Caiphnm</strong></span> <span class='ocrx_word' id='word_1_871' title='bbox 603 2800 658 2831; x_wconf 84' lang='lat' dir='ltr'><strong>non</strong></span> <span class='ocrx_word' id='word_1_872' title='bbox 689 2792 805 2828; x_wconf 70' lang='lat' dir='ltr'><strong>negavit.</strong></span> <span class='ocrx_word' id='word_1_873' title='bbox 822 2792 904 2828; x_wconf 79' lang='lat' dir='ltr'><strong>idque</strong></span> <span class='ocrx_word' id='word_1_874' title='bbox 935 2793 996 2821; x_wconf 81' lang='lat' dir='ltr'><strong>fecit</strong></span> <span class='ocrx_word' id='word_1_875' title='bbox 1026 2802 1058 2821; x_wconf 64' lang='lat' dir='ltr'><strong>et</strong></span> <span class='ocrx_word' id='word_1_876' title='bbox 1090 2795 1217 2822; x_wconf 77' lang='lat' dir='ltr'><strong>mmdalo</strong></span> <span class='ocrx_word' id='word_1_877' title='bbox 1251 2794 1347 2824; x_wconf 82' lang='lat' dir='ltr'><strong>Patris.</strong></span> <span class='ocrx_word' id='word_1_878' title='bbox 1364 2793 1406 2821; x_wconf 83' lang='lat' dir='ltr'><strong>Ps.</strong></span> <span class='ocrx_word' id='word_1_879' title='bbox 1431 2802 1458 2826; x_wconf 89' lang='grc' dir='ltr'>ιι,</span> <span class='ocrx_word' id='word_1_880' title='bbox 1485 2791 1639 2820; x_wconf 73' lang='lat' dir='ltr'><strong>Prwdicuus</strong></span> <span class='ocrx_word' id='word_1_881' title='bbox 1666 2798 1764 2826; x_wconf 58' lang='lat' dir='ltr'><strong>praee-</strong></span> 
     </span>
    </p>
   </div>
   <div class='ocr_carea' id='block_1_116' title="bbox 130 2829 288 2857">
    <p class='ocr_par' dir='ltr' id='par_1_116' title="bbox 130 2829 288 2857">
     <span class='ocr_line' id='line_1_116' title="bbox 130 2829 288 2857; baseline -0.013 -3"><span class='ocrx_word' id='word_1_882' title='bbox 130 2829 227 2857; x_wconf 61' lang='lat' dir='ltr'><strong>rrum,</strong></span> <span class='ocrx_word' id='word_1_883' title='bbox 236 2830 288 2853; x_wconf 78' lang='lat' dir='ltr'><strong>etc.</strong></span> 
     </span>
    </p>
   </div>
  </div>
