1942 3090
195 171 266 204 1055

866 177 1054 208 DEMETRll
1075 177 1118 207 CY
1125 176 1231 207 DONll

1745 174 1817 205 10.35

195 230 298 264 quippe
321 238 383 265 quae
406 239 515 259 omnem
531 232 664 259 rationem
682 240 737 259 non
752 232 882 264 excedat;
901 232 982 267 hujus

1039 231 1160 261 ἐκώλυον,
1173 230 1243 257 ὥστε
1256 230 1357 265 μηδένα
1375 229 1500 263 λέγεσθαι
1517 228 1595 263 Θεὸν,
1613 229 1667 255 τῶν
1682 230 1732 265 τῆς
1749 240 1815 264 συγ-

193 275 254 301 dico
268 275 324 310 jam
341 276 418 308 dicti,
434 277 540 304 scilicet
558 278 697 305 hominem
715 278 790 306 illum
806 286 866 306 esse
882 279 978 306 Deum.

193 320 221 346 Si
247 320 330 355 igitur
353 322 456 356 aliquid
489 331 584 350 eorum
611 332 672 359 quae
695 329 758 352 sunt
786 325 813 351 in
834 324 979 359 Evangelia

194 367 338 399 oportebat
362 367 531 396 Christianos
549 375 665 401 mutare,
688 371 867 398 mutavissent
888 371 944 406 jam
964 379 979 398 a

196 411 343 446 principio,
357 418 385 440 et
409 413 586 442 abstulissem
603 416 625 442 si
642 416 707 450 quid
721 416 818 443 luisset
831 416 981 451 impersua—

195 457 292 489 sibile,
320 463 351 485 et
388 459 558 487 addidissent
586 461 642 495 jam
675 461 864 496 persuasibilia
895 462 981 496 magis

195 509 278 535 quant
317 510 332 530 e
367 511 512 531 converso.
550 506 629 538 Item,
661 507 799 541 quomodo
828 507 979 534 Christiani

197 553 258 573 cum
272 546 375 586 Judaeis
390 550 535 578 convenire
554 551 715 585 potuissent,
728 552 773 586 qui
794 552 906 586 antiquo
916 552 980 579 odio

197 592 408 626 separabantur,
419 599 626 629 corrumpentes
639 596 804 630 Seripturas,
823 601 850 623 et
862 597 981 623 maxime

197 636 329 664 addentes
344 638 410 665 illud
426 639 452 665 in
468 647 522 673 quo
537 648 708 675 nequaquam
726 641 981 669 eonveuiunt'lNe-

198 689 251 715 que
268 683 341 709 enim
356 683 441 711 Judaei
459 684 557 712 dicunt
577 686 729 718 Christum,
746 687 787 714 vel
812 687 896 714 Deum
910 695 980 719 esse,

200 727 241 753 vel
266 727 403 755 hominem
439 730 551 757 bonum.
579 730 666 762 Unde.
705 736 836 766 quantum
854 732 887 758 ad
917 732 980 765 hoc,

200 771 347 800 Christiani
374 774 459 809 magis
485 776 651 804 conveniunt
672 783 735 803 eum
760 777 913 809 Saracenis,
934 777 981 812 qui

200 817 296 844 dicunt
310 819 448 846 Christum
464 820 497 847 ad
512 821 604 848 minus
625 821 828 849 sanctissimum
843 822 981 849 hominem

200 870 269 890 esse.
282 864 347 890 ltem
360 870 423 892 ante
439 865 585 893 adventqu
600 866 746 895 Mahometi
758 887 765 899 ,
777 867 937 901 Christiani,
955 872 982 895 et

201 909 315 936 maxime
331 910 358 936 in
381 909 503 941 Oriente.
515 911 594 939 divisi
611 913 729 939 erantin
745 913 867 941 diversas
880 917 980 946 sectas,

200 954 422 982 Nestori-auorum
448 955 573 984 videlicet
598 962 626 984 et
649 957 844 985 Jacobituruut.
886 959 983 986 Nesto-

194 999 272 1026 ‘riaui
296 1004 387 1027 autem
414 1008 476 1028 cum
502 1001 647 1030 Saracenis
665 1003 783 1030 maxime
806 1005 983 1036 conveniunt,

200 1052 286 1079 quate
307 1050 335 1072 et
358 1046 530 1074 Mahometus
554 1048 665 1082 proprie
682 1056 731 1076 eos
754 1050 877 1076 venerari
896 1050 983 1084 jubet.

203 1090 345 1122 Quomodo
372 1093 455 1126 igitur
477 1092 607 1120 Jacobilae
623 1101 683 1120 cum
699 1093 866 1122 Nestorianis
885 1102 984 1122 conve-

203 1136 263 1163 nire
286 1136 439 1170 potuissent
462 1137 496 1164 ad
524 1138 662 1173 Evangelii
694 1140 911 1174 corruptionem,
938 1140 986 1174 qui

204 1185 278 1206 tanto
293 1181 357 1207 odio
385 1182 456 1208 inter
481 1190 511 1209 se
539 1183 618 1209 divisi
647 1189 736 1215 erant,
753 1189 782 1210 ut
796 1190 823 1212 et
845 1193 874 1212 se
891 1192 985 1212 mutuo

205 1225 412 1253 interimerent?
424 1227 476 1254 Sed
498 1232 588 1255 tamen
607 1228 665 1263 ipse
678 1228 769 1255 iuveni
790 1235 816 1257 et
835 1230 886 1264 legi
899 1230 987 1257 Evan-

202 1271 304 1304 gelium
324 1273 394 1305 apud
417 1277 572 1307 utrumque,
592 1273 662 1300 idem
686 1274 758 1308 quod
772 1279 815 1300 est
837 1275 908 1309 apud
925 1283 985 1302 nos.

203 1315 271 1342 ltem
296 1317 374 1350 cujus
398 1316 485 1350 gratia
519 1317 690 1351 excepissent
709 1316 857 1344 Christiani
888 1325 986 1345 nomen

205 1360 351 1388 Mahometi
380 1361 415 1388 ab
440 1361 605 1396 Evangeliis,
630 1369 692 1389 cum
717 1363 740 1390 is
763 1366 866 1389 tantum
895 1363 988 1390 laudet

203 1406 355 1439 Christum,
369 1411 398 1433 et
415 1406 488 1434 illius
512 1412 628 1434 matrem
647 1411 675 1434 et
690 1407 866 1443 Evangelium
876 1408 887 1434 τ
899 1407 988 1440 Quare

205 1451 272 1478 dicit
295 1452 321 1478 in
350 1452 494 1483 Alcorano,
508 1452 580 1486 quod
603 1452 629 1479 in
655 1453 802 1487 Evangelio
829 1453 932 1480 Christi
946 1458 989 1481 est

205 1497 341 1525 rectitude
356 1502 383 1525 et
399 1498 540 1532 perfectio.
564 1498 616 1525 Sed
633 1506 686 1525 non
702 1498 777 1526 illinc
794 1499 879 1533 magis
896 1499 989 1526 abstu-

205 1542 297 1569 lerunt
320 1550 421 1570 nomen
450 1543 563 1575 diaboli,
576 1546 604 1570 et
626 1543 716 1574 Pilati,
728 1544 773 1577 qui
787 1543 926 1572 Christum
942 1544 989 1572 ila-
1004 1561 1025 1591 Ο

205 1588 333 1622 gellavit,
361 1588 530 1622 minimeque
558 1592 585 1616 et
609 1596 708 1616 nomen
732 1589 819 1621 Iudae,
842 1590 888 1624 qui
916 1590 989 1618 hunc

207 1634 329 1661 tradidit.
354 1635 419 1661 Item
451 1634 588 1670 quomodo
617 1635 791 1667 rationabile,
817 1635 990 1664 Christianos

205 1680 346 1707 addidisse
370 1680 397 1707 in
421 1680 589 1715 Evangelia,
609 1679 748 1708 Christum
777 1685 804 1708 et
830 1681 989 1708 crucitlxum

205 1733 266 1753 esse
286 1731 314 1752 et
333 1730 471 1753 mortuum
494 1734 578 1754 :cum
611 1726 800 1754 houorabilius
834 1727 990 1755 hominibus

208 1769 344 1802 videatur,
359 1778 531 1805 nequaquam
555 1771 717 1798 crucifixum
736 1779 796 1799 esse
812 1780 820 1798 :
835 1776 863 1799 et
879 1772 990 1799 omnino

207 1816 406 1844 inconveniens
418 1817 480 1848 hoc,
493 1821 520 1844 et
534 1817 618 1844 Deum
632 1824 704 1848 esse.
716 1817 789 1845 sicut
803 1817 830 1844 in
844 1817 991 1852 Evangelio

209 1862 320 1889 dicitur.
338 1862 424 1895 Quam
443 1868 533 1889 autem
559 1863 785 1897 consequentiam
811 1862 912 1889 habere
929 1869 991 1897 pos-

209 1912 274 1934 sunt
290 1907 345 1934 duo
360 1907 418 1935 hac
433 1911 538 1934 tantum
558 1907 629 1934 inter
647 1914 676 1934 se
702 1907 820 1939 diversa,
834 1908 859 1934 in
876 1908 992 1942 propriis

209 1953 383 1987 dogmatibus
403 1953 599 1987 supposuisse:
621 1953 692 1980 sicut
709 1952 847 1985 videlicet,
864 1953 992 1980 eumdem

208 2002 237 2024 et
261 2004 355 2024 verum
380 2004 441 2025 esse
467 1997 569 2028 Deum.
590 2001 617 2024 et
647 2004 708 2024 vere
732 1998 891 2024 mortuum?
925 1998 992 2025 Item

210 2042 363 2076 supposito,
378 2042 404 2068 in
431 2041 559 2068 omnibus
580 2041 659 2068 libris
677 2041 847 2069 Christianos
872 2042 924 2070 hoc
947 2043 994 2070 ad-

209 2085 332 2115 didisse:
351 2085 411 2120 quis
421 2085 496 2112 enim
514 2085 641 2112 omnibus
664 2085 825 2112 hominibus
842 2087 994 2120 persuade-

210 2135 262 2163 ret,
276 2135 301 2157 et
328 2130 355 2157 in
373 2131 479 2158 illorqu
497 2130 626 2158 cordibus
641 2131 667 2157 id
693 2130 834 2166 inﬁgeret?
856 2131 889 2158 Et
903 2136 993 2159 tamen

210 2176 357 2203 universus
377 2176 496 2204 nmndus
521 2183 668 2211 persuasus
683 2180 737 2208 est,
753 2177 781 2203 in
802 2181 905 2204 tantum
921 2177 994 2212 quod

1030 275 1128 309 κλήτου
1155 275 1252 310 ψήφων
1281 275 1381 309 χωρίς·
1399 275 1444 301 καὶ
1463 274 1507 300 διὰ
1526 274 1557 300 τδ
1568 274 1613 300 τδν
1635 274 1700 300 Θεὸν
1719 274 1817 301 τοῦτον

1031 319 1069 355 μὴ
1085 320 1206 354 δέχεσθαι
1222 319 1360 346 κοινωνόν.
1388 320 1419 346 El
1435 319 1489 354 γὰρ
1513 319 1609 346 τοῦτον
1627 320 1762 352 ἐδέξαντο,
1784 320 1817 354 ἡ.

1030 365 1221 399 ναγιιάσθησαν
1243 365 1276 391 ἂν
1287 366 1445 391 καταλιπεῖν
1455 365 1517 396 τοὺς
1526 365 1623 396 ἄλλους
1640 365 1717 396 θεοὺς
1726 373 1734 382 ο
1746 366 1817 400 ὅπερ

1031 412 1078 437 καὶ
1092 411 1158 437 αὐτὸ
1172 411 1291 437 ἐναντίον
1303 408 1338 446 ἦν
1353 412 1409 441 τοῖς
1420 410 1492 436 ἔθεσι
1507 411 1562 436 τῶν
1576 418 1606 436 τε
1617 410 1758 444 ἐπαρχιῶν
1767 411 1816 437 καὶ

1030 456 1087 482 τῶν
1106 455 1270 490 Ῥωμαϊκῶν
1285 456 1386 490 νόμων.
1404 457 1464 487 Πῶς
1480 457 1513 482 ἂν
1528 456 1619 482 τοίνυν
1640 457 1664 482 οἱ
1681 457 1816 490 Χριστιαα

1031 501 1072 527 ναὶ
1090 501 1136 526 ἐπὶ
1151 502 1184 535 τῇ
1200 501 1305 527 ἑαυτῶν
1315 500 1404 536 βλάϐῃ
1416 502 1463 528 καὶ
1475 501 1549 537 λύμῃ
1566 502 1617 536 τῆς
1636 501 1754 533 πίστεως
1767 503 1816 528 καὶ

1032 545 1178 580 ὲρεθισμοῦ
1190 547 1251 572 κατ’
1268 546 1358 573 αὐτῶν
1371 546 1425 572 τῶν
1447 546 1591 578 Ῥωμαίων
1613 546 1754 581 ἀρχόντων
1777 547 1815 574 εῖ-

1032 591 1107 617 λοντο
1129 592 1185 623 τοῖς
1219 591 1396 625 Εὑαγγελίοις
1423 592 1579 626 προσθεῖναι
1599 593 1717 626 πρᾶγμα
1743 593 1817 619 οὕτω

1035 637 1105 670 μέγα
1121 645 1151 662 τε
1175 637 1222 662 καὶ
1245 636 1392 670 ἀπίθανον;
1415 637 1518 668 Πάντες
1536 637 1591 672 γὰρ
1604 637 1704 672 ᾔδεσαν
1720 638 1816 664 τοῦτον

1032 683 1077 709 τὸν
1096 683 1178 716 νόμον
1189 681 1340 716 ἁγιώτατόν
1354 690 1384 708 τε
1399 682 1446 708 καὶ
1468 682 1664 716 εὐλογώτατον,
1678 683 1744 709 ἄνευ
1768 683 1816 708 τοῦ

1033 728 1122 754 πάντα
1140 728 1218 762 λόγον
1233 727 1443 761 ὑπερϐαίνοντος
1454 727 1549 753 τούτου
1563 735 1570 742 ·
1583 728 1654 760 λέγω
1669 728 1713 762 δὴ,
1729 727 1760 754 τὸ
1773 727 1818 753 τὸν

1033 772 1176 807 ἄνθρωπον
1194 773 1298 798 ἐκεῖνον
1327 769 1396 798 εἶναι
1411 772 1488 798 Θεῆν.
1511 771 1545 798 El
1568 780 1595 798 τι
1617 773 1672 806 ἄρα
1697 772 1753 797 τῶν
1781 772 1818 805 τῷ

1034 817 1192 850 Εὑαγγελίῳ
1228 816 1280 844 ἔδει
1320 815 1478 850 μεταϐαλεῖν
1519 815 1582 847 τοὺς
1614 814 1819 849 Χριστιανοὺς,

1037 861 1183 895 μετέϐαλον
1195 861 1227 887 ἂν
1238 861 1354 896 ἑξαρχῆς
1365 860 1412 887 καὶ
1427 860 1547 894 ἀφεῖλον.
1560 860 1618 894 εῐξτι
1629 858 1663 894 ἦν
1675 860 1819 890 ἀπίθανον,

1033 910 1088 938 x11,-
1107 908 1279 942 προσέθηκαν
1292 908 1324 933 ἂν
1340 907 1374 932 τὰ
1389 906 1489 932 πιθανὰ
1506 905 1617 940 μᾶλλον,
1638 905 1654 939 ἢ
1669 905 1698 931 τὸ
1713 905 1822 932 ἀνάπα-

1033 953 1084 980 λιν.
1098 954 1158 979 Ἔτι
1184 953 1242 984 πῶς
1267 953 1300 979 ἂν
1315 954 1340 979 οῑ
1356 952 1514 988 Χριστιανοὶ
1537 954 1593 982 τοῖς
1611 951 1750 982 Ἰουδαίοις
1768 959 1820 977 συ-

1033 999 1136 1025 νελθεῖν
1151 998 1333 1034 ἠδυνήθησαν,
1349 996 1386 1024 ὧν
1413 997 1519 1032 ἀρχαίῳ
1543 997 1616 1031 μίσει
1638 996 1820 1030 διαχωρῖζον-

1033 1051 1088 1074 ται,
1105 1042 1306 1077 διαφθείροντες
1326 1043 1375 1074 τὰς
1391 1042 1500 1076 Γραφάς
1515 1061 1522 1073 ,
1540 1042 1586 1068 καὶ
1600 1041 1718 1075 μάλιστα
1733 1049 1822 1073 προσ-

1033 1088 1151 1118 τιθέντες
1168 1088 1265 1118 ὲκεῖνο,
1284 1088 1312 1114 ὲν
1330 1084 1352 1121 ᾦ
1369 1087 1500 1122 μηδαμῶς
1528 1087 1725 1121 συμφωνοῦσι;
1749 1087 1819 1114 Οὐδὲ

1035 1133 1089 1168 γὰρ
1101 1133 1156 1159 οὐδ’
1176 1133 1296 1160 Ἰουδαῖοι
1311 1142 1377 1167 φασι
1399 1133 1445 1159 τὸν
1462 1133 1578 1167 Χριστὸν
1596 1133 1611 1167 ἢ
1627 1133 1693 1159 Θεὸν
1707 1131 1789 1163 εἶναι,
1803 1132 1821 1166 ἦ

1035 1179 1179 1213 ἄνθρωπον
1192 1178 1304 1211 ἀγαθόν.
1319 1178 1401 1204 Ὅθεν
1415 1177 1477 1204 ὅσον
1493 1177 1563 1203 κατὰ
1576 1177 1665 1209 τοῦτο,
1681 1178 1738 1208 τοῖς
1749 1177 1821 1211 Σαρ-

1037 1224 1165 1258 ρακηνοῖς
1183 1223 1283 1258 μᾶλλον
1311 1222 1506 1257 συμϐαίνουσιν
1531 1223 1556 1248 οι
1578 1222 1748 1257 Χριστιανοὶ,
1775 1223 1820 1247 λέ-

1037 1277 1116 1303 γουσι
1134 1269 1179 1295 τὸν
1195 1268 1311 1304 Χριστὸν
1322 1268 1496 1303 τούλάχιστον
1511 1267 1661 1301 ἁγιώτατον
1676 1267 1820 1302 ἄνθρωπον

1037 1313 1115 1340 εἶναι.
1132 1314 1192 1340 Ἔτι
1221 1313 1274 1348 πρὸ
1292 1314 1341 1347 τῆς
1365 1312 1411 1339 τοῦ
1442 1312 1591 1347 ΙδῙαχοὺμετ
1616 1312 1769 1347 παρουσίας
1795 1312 1821 1338 οἱ

1037 1360 1206 1395 Χριστιανοὶ,
1223 1360 1271 1386 καὶ
1289 1359 1405 1394 μάλιστα
1421 1359 1444 1385 οἱ
1458 1359 1487 1384 ὲν
1497 1360 1530 1393 τῇ
1546 1358 1675 1393 ἀνατολῇ,
1687 1357 1820 1393 διῃρημέτ

1038 1415 1078 1433 νοι
1091 1403 1161 1441 ἦσαν
1178 1407 1218 1437 εἰς
1236 1405 1380 1440 διαφόρους
1410 1405 1541 1439 αἱρέσεις,
1565 1405 1615 1432 τὰς
1641 1404 1696 1430 τῶν
1720 1403 1823 1429 Νεστο-

1041 1452 1139 1486 ριανῶν
1152 1451 1283 1485 δηλονότι,
1302 1452 1349 1477 καὶ
1370 1450 1546 1477 Ἰακωϐιτῶν.
1565 1451 1596 1476 Ol
1618 1449 1646 1476 δὲ
1675 1450 1822 1483 Νεστορια-

1039 1497 1081 1524 νοὶ
1093 1496 1210 1530 μάλιστα
1222 1498 1278 1526 τοϊς
1295 1497 1478 1531 Σαρῤακηνοῖς
1496 1494 1697 1529 συμφωνοῦσιν.
1716 1495 1761 1520 Διὸ
1775 1495 1824 1521 καὶ

1040 1541 1054 1567 ό
1076 1541 1210 1575 Μωάμεθ,
1231 1540 1302 1571 ἰδίως
1321 1540 1418 1570 αὐτοὺς
1434 1540 1566 1574 τιμᾶσθαι
1590 1539 1831 1573 παρακελεύεται(

1042 1586 1102 1618 Πῶς
1117 1586 1150 1612 ἂν
1169 1586 1258 1612 τοίνυν
1274 1587 1329 1617 τοῖς
1347 1585 1537 1619 Νεστοριανοῖς
1558 1585 1583 1611 οἱ
1606 1584 1759 1611 Ἰακωϐῖται
1779 1592 1826 1611 συ-

1040 1631 1134 1666 νῆλθον
1152 1631 1222 1665 πρὸς
1241 1630 1291 1666 τὴν
1309 1631 1356 1657 τοῦ
1375 1631 1542 1664 Εὖαγγελίου
1565 1631 1682 1665 φθορὰν,
1702 1631 1826 1666 τοσούτῳ

1041 1678 1115 1712 μίσει
1135 1677 1257 1712 ἀλλήλων
1276 1676 1446 1712 διῃρημένοι,
1461 1676 1531 1703 ὥστε
1550 1677 1596 1702 καὶ
1610 1676 1734 1710 ἀλλήλων
1755 1677 1826 1702 ἀπο-

1040 1722 1161 1750 κτινύναι
1172 1730 1180 1754 ;
1203 1721 1273 1748 Ἀλλ’
1286 1723 1360 1756 ὅμως
1370 1721 1451 1752 αὐτὸς
1468 1722 1514 1747 καὶ
1527 1729 1615 1753 ευρον.
1628 1722 1675 1747 καὶ
1691 1722 1826 1754 ἀνέγνων,

1041 1768 1106 1803 παρ’
1122 1767 1290 1803 ἀμφοτέροις
1305 1767 1335 1794 τὸ
1355 1767 1520 1801 Εὐαγγὲλιον
1534 1767 1631 1793 ταύτὸν
1646 1767 1685 1800 τῷ
1711 1767 1779 1801 παρ’
1792 1767 1827 1800 ὴ-

1043 1816 1088 1849 μῖν
1111 1815 1139 1841 ὲν
1155 1814 1258 1841 ἅπασιν
1283 1813 1324 1840 δν.
1338 1814 1399 1839 Ἔτι
1422 1813 1467 1839 τοῦ
1496 1813 1573 1847 χάριν
1594 1812 1696 1846 ἐξεῖλον
1721 1813 1755 1839 ἂν
1772 1813 1826 1850 τῆν

1041 1860 1214 1894 ΕὑαγγεΑίων
1237 1861 1261 1886 οἱ
1285 1860 1443 1895 Χριστιανοὶ
1466 1859 1496 1886 τδ
1516 1858 1601 1893 ὄνομα
1626 1858 1674 1884 τοῦ
1688 1858 1828 1894 him-d950,

1042 1904 1124 1932 αὐτοῦ
1138 1905 1265 1931 τοσοῦτον
1290 1905 1334 1930 τὸν
1357 1904 1475 1940 Χριστὸν
1501 1903 1684 1935 ἐπαινοῦντος,
1703 1905 1750 1929 καὶ
1772 1903 1824 1937 τὴν

1043 1951 1148 1979 ἐκείνου
1169 1951 1276 1986 μητέρα
1294 1951 1341 1977 καὶ
1354 1951 1384 1976 τὺ
1398 1950 1563 1984 Εὑαγγέλιον
1575 1958 1584 1982 ;
1605 1950 1675 1976 ὥστε
1689 1950 1736 1975 καὶ
1747 1948 1825 1982 λέγει

1043 1997 1072 2023 ἒν
1085 1997 1125 2031 τῷ
1144 1996 1310 2032 Ἀλκορὰνῳ,
1327 1996 1364 2026 ὡς
1380 1996 1408 2022 ὲν
1418 1996 1457 2030 τῷ
1473 1995 1631 2030 Εὕαγγελίφ
1646 1995 1694 2021 τοῦ
1707 1993 1826 2029 Χριστοῦ

1043 2043 1117 2070 ἔστιν
1130 2042 1246 2075 εὐθύτης
1263 2041 1310 2067 καὶ
1326 2041 1475 2075 τελειότης.
1498 2039 1570 2067 Ἀλλ’
1595 2040 1646 2066 οὑκ
1662 2040 1696 2066 ἂν
1721 2040 1827 2066 ἐκεῖθεν

1046 2089 1145 2124 μᾶλλον
1157 2088 1266 2122 ἀφεῖλον
1282 2086 1311 2113 τδ
1329 2086 1415 2121 δνομα
1430 2086 1477 2112 τοῦ
1503 2086 1627 2112 διαϐόλου
1650 2086 1699 2112 καὶ
1719 2085 1767 2112 τοῦ
1781 2087 1828 2112 ll:-

1044 2134 1137 2165 λάτου,
1155 2133 1201 2160 τὸν
1212 2133 1329 2168 Χριστὸν
1349 2132 1571 2167 μαστιγώσαντος
1584 2139 1591 2147 ’
1607 2132 1656 2166 οὐχ
1678 2131 1779 2165 ἣκιστα
1798 2130 1827 2156 δὲ

1045 2178 1151 2206 καὶτοῦ
1168 2177 1392 2213 παραδεδωκότος
1405 2176 1499 2202 τοῦτον
1520 2176 1614 2202 Ὶοίδα.
1634 2175 1696 2202 Ἔτι
1710 2175 1770 2205 πῶς
1784 2174 1827 2201 εὖ-

211 2220 263 2248 hoc
278 2225 458 2253 susceperunt
483 2221 631 2256 prilwipes,
657 2221 775 2256 tyranni.
792 2226 821 2249 et
838 2221 988 2256 philosophi

1046 2223 1126 2257 λογον
1144 2223 1300 2257 προσθεῖναι
1314 2223 1376 2254 τοὺς
1396 2222 1574 2258 Χριστιανοὺς
1598 2222 1626 2248 ὲν
1645 2220 1683 2255 τῷ
1705 2221 1826 2254 Εὐαγγε-

210 2267 244 2293 ab
267 2266 388 2293 indoctis
414 2271 441 2293 et
467 2267 633 2301 pauperibus
659 2267 826 2294 hominibus.
854 2266 944 2299 Quare
967 2271 993 2293 et

210 2312 317 2347 calipha
349 2313 420 2346 apud
446 2312 580 2347 Babylona
605 2312 775 2339 Christianus
801 2318 926 2339 mortuus
942 2316 993 2344 est,

211 2363 240 2385 et
266 2359 375 2385 inventa
400 2363 442 2385 est
470 2366 535 2385 crux
565 2359 590 2385 in
606 2359 677 2386 collo
694 2359 765 2393 ejus.
789 2362 819 2385 ut
837 2362 993 2390 tesmrctur,

211 2404 284 2439 quod
298 2404 357 2438 ipse
374 2404 575 2432 Saracenorum
591 2405 717 2440 princeps
735 2405 907 2432 Christianus
921 2413 995 2431 mor-

213 2454 276 2476 tuus
291 2454 342 2477 est.
368 2449 445 2477 Unde
467 2455 494 2477 et
516 2450 680 2483 ostenditur,
710 2451 782 2485 quod
808 2450 853 2478 hic
888 2450 993 2486 calipha

212 2495 320 2530 proprie
345 2496 468 2530 sepultus
495 2500 547 2524 est,
566 2503 689 2523 seorsum
713 2504 727 2523 a
749 2496 810 2523 loco
826 2496 923 2530 itt'quo
938 2504 996 2524 mos

211 2547 271 2568 erat
298 2541 366 2568 alios
396 2542 520 2576 sepelire.
548 2542 583 2569 Et
609 2542 660 2569 hoc
687 2542 841 2576 sepulcrum
865 2542 923 2577 ipse
939 2538 995 2569 vidi

213 2585 285 2620 apud
301 2586 448 2621 Babylona.
463 2586 596 2621 Cougruit
610 2586 694 2621 igitur
709 2587 836 2614 omnibus
852 2587 951 2620 modis,
968 2593 997 2615 et

214 2632 369 2659 testimonio
384 2632 523 2664 Alcorani,
539 2637 566 2659 et
589 2632 704 2660 [ortibus
719 2633 996 2661 demonstrationibus

213 2685 240 2707 et
258 2679 408 2706 manifestis
434 2679 529 2714 signis,
555 2679 731 2712 Evangelium
757 2679 943 2713 incorruptum
970 2685 997 2707 ct

214 2725 438 2752 incommutatum
467 2732 538 2752 esse.
568 2724 701 2757 Quoniam
730 2724 810 2759 igitur
827 2725 997 2752 Mahometus

213 2772 388 2806 Evangelium
418 2779 468 2806 sup
486 2779 499 2797 a
517 2772 584 2798 alias
599 2770 754 2805 Scripturas
779 2771 880 2803 laudat,
895 2776 922 2798 ct
938 2775 998 2806 post

213 2816 279 2844 illud
298 2816 380 2843 Vetus
397 2815 612 2848 Testamentum,
633 2815 692 2850 cogi
707 2820 817 2850 possent
834 2816 998 2843 convenien-

204 2867 258 2890 ter
275 2862 369 2896 utique
385 2861 514 2889 Saraceni
540 2862 678 2895 suscipere
703 2861 774 2889 dicta
798 2862 823 2888 in
847 2861 998 2895 Evangeliis

1044 2270 1092 2302 λίῳ
1106 2271 1151 2296 τὸν
1163 2270 1281 2304 Χριστὸν
1289 2269 1337 2295 καὶ
1350 2268 1537 2302 σταυρωθῆναι
1550 2268 1597 2294 καὶ
1607 2267 1753 2293 ἀποθανεῖν
1763 2266 1828 2300 ἁλη-

1045 2316 1099 2347 θῶς
1116 2316 1290 2350 ἔντιμοτὲρου
1305 2315 1361 2346 τοῖς
1380 2313 1533 2348 ἀνθρώποις
1557 2312 1697 2342 δοκοῦντος
1712 2311 1760 2337 τοῦ
1777 2320 1814 2345 μη

1043 2361 1138 2396 δαμῶς
1161 2360 1371 2394 ὲσταυρῶσθαις
1399 2359 1446 2385 καὶ
1472 2358 1645 2384 παντάπασιν
1669 2356 1830 2391 ἀσυμφωνεῖ

1044 2407 1090 2434 τοῦ
1103 2409 1150 2435 καὶ
1169 2406 1236 2433 Θεὸν
1261 2405 1307 2432 τὸν
1322 2405 1402 2431 αὐτὴν
1416 2403 1498 2435 εἶναι,
1514 2403 1551 2434 ὡς
1566 2404 1594 2429 ὲν
1619 2402 1663 2436 τῷ,
1673 2401 1830 2434 Εὐαγγελίῳ

1044 2453 1166 2487 λέγεται.
1185 2451 1267 2478 Ποίαν
1284 2450 1306 2477 δ’
1318 2450 1351 2477 ἂν
1368 2450 1426 2484 ἔχει
1441 2449 1490 2484 τὴν
1505 2448 1667 2476 ἀκολουθίαν
1683 2447 1729 2474 δύο
1740 2446 1820 2473 τοσοῦ

1046 2508 1091 2526 τον
1106 2499 1228 2533 ἀλλήλων
1244 2497 1360 2532 διάφορα
1375 2497 1404 2522 ὲν
1418 2496 1474 2526 τοῖς
1489 2495 1564 2525 ἰδίοις
1579 2494 1713 2528 δόγμασιν
1729 2492 1828 2520 ὐποθέ-

1047 2544 1118 2576 σθαι⁷
1145 2542 1216 2569 ὥστε
1240 2541 1341 2576 δηλαδὴ
1365 2540 1411 2566 τὸν
1427 2539 1509 2566 αὐτδν
1529 2539 1575 2565 καὶ
1600 2537 1686 2572 ἀληθῆ
1703 2545 1735 2571 γε
1762 2536 1830 2563 εἶναι

1047 2589 1123 2619 Θεὸν.
1139 2588 1186 2615 καὶ
1201 2586 1309 2621 ἀληθῶς
1332 2585 1508 2618 τεθνηκέναι,
1527 2584 1588 2611 Ἔτι
1608 2582 1788 2613 ὑποτεθέντος
1803 2582 1831 2607 ὲν

1049 2633 1150 2665 πάσαις
1174 2633 1234 2663 ταῖς
1263 2631 1361 2666 βίϐλοις
1376 2631 1440 2661 τοὺς
1456 2630 1634 2664 Χριστιανοὺς
1649 2627 1730 2654 τοῦτο
1748 2635 1830 2662 προσ-

1047 2678 1150 2709 θεῖναι,
1171 2676 1212 2708 τίς
1239 2676 1272 2702 ἂν
1287 2672 1343 2707 οἷός
1358 2683 1386 2701 τε
1411 2675 1521 2708 ἐγένετο
1541 2674 1634 2700 πεῖσαι
1656 2672 1762 2702 πάντας
1787 2672 1832 2697 ἁν-

1050 2723 1185 2757 θρὼπους,
1198 2721 1245 2748 καὶ
1257 2722 1316 2752 ταῖς
1326 2720 1438 2747 ἐκείνων
1450 2719 1587 2754 ἐγγράψαι
1598 2717 1676 2744 τοῦτο
1685 2718 1811 2752 καρδίαις
1822 2724 1830 2747 ;

1048 2769 1103 2795 Καὶ
1115 2769 1189 2802 ὅμως
1207 2768 1220 2794 ὁ
1234 2767 1337 2800 κόσμος
1353 2766 1406 2796 πᾶς
1422 2764 1633 2792 ἁναπέπεισται,
1645 2763 1693 2788 καὶ
1707 2761 1832 2793 ἐδέξαντο
1847 2797 1850 2800 .

1048 2813 1128 2840 τοῦτο
1153 2813 1287 2849 ἄρχοντες
1304 2811 1350 2837 καὶ
1365 2810 1504 2845 τύραννοι,
1533 2809 1582 2835 καὶ
1598 2808 1751 2842 φιλόσοφοι,
1766 2806 1832 2838 παρ’

1050 2858 1199 2886 ὀδιδάκτων
1229 2857 1276 2883 καὶ
1296 2856 1418 2890 πενήτων
1433 2855 1592 2890 ἀνθρώπων.
1608 2854 1691 2880 Ὥστε
1720 2853 1767 2879 καὶ
1786 2850 1830 2877 τὸν
