1942 3090
182 126 251 157 1063

787 117 978 150 DEMETRII
1009 119 1165 150 CYDONH

1728 122 1799 158 itltic

179 188 309 211 stentem.
326 179 442 208 extremi
468 186 529 206 esse
546 177 739 212 ittlclligibilis,
755 182 782 204 et
806 177 963 204 felicitatem

1024 188 1058 205 ναι
1072 179 1179 214 νοητοῦ·
1197 180 1243 206 καὶ
1255 179 1305 214 τὴν
1321 179 1494 215 εὐδαιμονίαν
1509 181 1609 215 ἀρετῆς
1623 179 1703 210 ἆθλον
1714 181 1798 211 εἶναι·

179 228 290 256 virtutis
305 226 447 262 praemium
464 232 534 256 esse,
559 231 587 251 et
607 223 736 250 virtutem
762 223 834 250 circa
862 230 958 257 magna

147 300 151 304 .
180 282 239 302 esse
249 279 277 302 et
290 273 422 303 ditlicilia,
438 276 466 298 et
480 271 530 298 alia
553 269 721 304 hujusmodi,
737 269 788 296 etsi
819 276 874 295 non
899 276 961 303 per-

146 309 157 321 ’
181 319 252 346 fecte
271 318 340 345 talia'
364 316 515 350 intelligere
544 319 679 350 poterant.
707 313 836 341 Christus
869 317 960 341 autem

182 364 239 391 haec
257 364 314 398 ipsa
331 363 358 389 in
382 361 529 396 Evangelia
545 359 677 390 ostendit.
694 359 789 386 dicens
818 363 960 393 angustam

181 417 242 436 esse
258 408 327 435 riam
351 415 411 441 qua:
425 406 501 433 ducit
516 405 543 432 in
559 405 640 432 vitam
657 410 799 435 aeternam,
814 409 842 430 et
862 411 963 438 paucos

182 460 242 480 CSse
255 452 301 486 qui
320 459 367 486 pct'
382 459 441 478 eam
458 451 592 477 veniunt:
611 449 693 476 latam
708 455 800 476 autem
817 444 962 475 esse‘viatn

184 506 243 532 qua:
257 498 332 525 ducit
349 497 374 524 in
390 496 579 530 perditionem.
596 502 624 522 et
638 495 741 529 reliqua
762 494 795 520 ι’.
808 494 837 521 In
855 495 905 521 hoc
915 502 964 521 au-

186 549 238 570 tem
251 551 312 570 cuttt
328 542 484 569 Aristotelis
503 541 638 568 sententia
663 541 801 572 convenit,
826 540 872 574 qui
898 539 965 566 dicit

185 588 294 615 dillicile
321 595 381 615 esse
410 586 559 614 secundum
588 586 718 612 virtutem
748 585 868 620 operari,
895 586 966 612 sicut

186 635 321 669 attingere
336 638 461 661 centrum
480 632 506 658 itt
534 632 648 661 circulo,
668 632 740 664 quod
754 631 832 664 pauci
850 631 964 657 faciunt.

185 679 313 706 Christus
329 683 419 705 autem
434 682 462 705 et
477 677 596 704 ltominis
609 677 765 704 felicitatetn
792 677 818 703 in
835 676 882 703 Dci
903 684 966 710 spe-

186 723 324 751 culatione
339 724 427 758 ponit,
440 723 555 750 dicens:
575 731 583 747 ι
605 722 667 749 Htec
681 726 722 748 est
736 722 790 748 vita
813 726 925 752 :eterna,
939 726 968 747 ιιι

186 776 352 805 cognoscant
364 775 389 796 Ie
404 769 490 796 solum
507 776 600 794 verum
613 768 697 794 Deum
709 767 741 794 “.
758 776 767 792 ›
787 766 848 794 Haec
876 770 966 793 autem

187 816 244 850 ipsa
262 815 403 842 notissima
418 819 525 840 suntex
542 813 631 839 Veteri
645 811 831 839 Testamento.
851 812 968 839 Abrahtc

186 861 260 888 enim
289 860 365 887 facta:
379 864 442 886 sunt
471 858 676 893 proniissiones,
694 857 737 885 cui
770 857 841 884 Deus
857 857 967 891 proprie
984 851 1005 880 Β

189 906 316 940 promisit
329 913 390 932 eum
404 905 491 939 ipsum
504 904 569 930 dare
585 904 611 929 in
627 908 698 930 terra
724 902 923 937 promissionis,
941 907 968 929 et

187 951 302 978 seminis
318 949 549 977 benedictionem.
565 949 598 975 Et
623 947 729 982 Moyses
745 953 847 978 autem,
868 947 912 974 cui
930 952 968 974 tot

189 996 329 1023 mirabiles
355 995 456 1030 gratias
480 994 550 1021 Dens
567 994 694 1028 praebuit,
721 994 767 1028 qui
786 997 813 1020 et
835 994 920 1020 Deum
940 993 967 1020 in

189 1041 330 1075 supposito
342 1039 457 1066 aedilicio
472 1038 590 1073 speculis
602 1038 683 1071 digne
698 1038 818 1072 seipsum
844 1037 971 1064 conside-

189 1093 253 1113 rans
267 1093 320 1112 tton
335 1084 389 1111 hoc
403 1084 526 1111 sulIicere
542 1085 581 1115 ei,
603 1087 760 1110 constanter
775 1083 853 1117 petiit
877 1083 969 1110 ridere

189 1132 293 1159 vultum
310 1130 356 1158 Dei
372 1135 400 1157 et
424 1129 537 1165 gloriam
553 1130 623 1164 ejus.
640 1128 810 1155 Mahometus
831 1133 921 1155 autem
936 1128 969 1154 de

189 1176 338 1204 virtutibus
354 1174 432 1210 quasi
462 1175 530 1201 nihil
548 1174 687 1206 tractavit,
712 1173 758 1201 sed
784 1174 819 1201 de
845 1173 924 1200 bellis
942 1178 970 1201 et

190 1223 284 1257 rapina
301 1221 383 1248 latam
407 1220 480 1247 viam
512 1220 564 1247 sibi
583 1219 635 1254 ipsi
658 1220 853 1247 convenienter
878 1220 969 1255 elegit,

189 1273 218 1294 et
250 1267 292 1294 sui
324 1267 409 1300 ipsius
442 1265 615 1300 sequacibus,
647 1264 711 1292 ﬁliis
744 1265 906 1300 perditionis
942 1271 970 1292 et

191 1313 297 1340 mortis.
317 1312 394 1340 Unde
411 1312 477 1338 nihil
497 1311 531 1338 ad
550 1311 668 1338 salutem
679 1311 719 1338 eis
733 1311 845 1344 prodest
856 1310 968 1338 dicere:

191 1356 250 1383 Non
278 1362 319 1383 est
342 1356 415 1383 Deus
431 1359 529 1389 prmter
559 1355 658 1386 Deum,
685 1359 714 1382 et
732 1354 900 1382 Maltometus
929 1359 971 1382 est

191 1401 330 1435 apostolus
352 1401 410 1428 Dei.
434 1401 473 1428 De
487 1401 584 1427 ultimo
610 1405 700 1427 autem
726 1401 781 1427 fine
804 1407 866 1428 cum
894 1401 970 1427 nulo

191 1447 332 1478 convenit,
357 1444 537 1481 praeterquam
564 1453 625 1473 cum
651 1447 772 1481 antiquis
794 1447 969 1481 quibusdam,

192 1492 240 1526 qui
268 1492 350 1518 vitam
390 1491 591 1518 irrationalium
619 1491 723 1523 vixere,
740 1496 768 1518 et
795 1499 850 1518 non
867 1492 964 1519 discre-

194 1537 296 1562 tionem
312 1535 416 1562 faciunt
433 1535 504 1562 inter
525 1535 694 1562 intellectum
712 1540 739 1562 et
756 1543 877 1564 sensum.
894 1537 972 1565 Unde

193 1586 221 1607 et
251 1580 407 1608 felicitatem
434 1580 462 1607 in
490 1580 664 1608 sensualibus
681 1581 845 1615 quibusdatn
872 1589 974 1617 suppo-

193 1632 274 1659 nunt,
293 1629 318 1653 in
333 1626 403 1654 cibis
427 1626 565 1659 videlicet,
579 1630 607 1653 et
621 1627 649 1654 in
667 1626 887 1662 intemperantia,
902 1634 930 1655 et
946 1629 973 1655 in

194 1671 282 1699 hortis
298 1676 326 1699 et
340 1672 462 1700 vestibus
478 1673 656 1707 sumptuosis.
687 1673 723 1700 De
752 1673 853 1707 quibus
872 1679 933 1707 post
948 1673 974 1700 is

194 1722 273 1745 sexto
286 1717 406 1752 capitulo
423 1718 639 1752 speculabimur.
654 1718 687 1745 Et
705 1726 758 1745 non
789 1719 919 1753 possibile
935 1723 976 1746 est

196 1763 254 1790 hinc
269 1763 424 1790 secundum
454 1762 662 1790 similitudinem
693 1763 837 1797 quamdam
856 1763 910 1790 dici
942 1764 976 1791 ab

195 1808 246 1840 eis,
261 1808 332 1835 sicut
345 1812 373 1834 et
388 1808 414 1834 in
431 1807 577 1842 Evangelio
594 1815 695 1834 mensa:
709 1813 737 1834 et
762 1807 816 1835 cibi
829 1812 858 1834 et
882 1807 975 1836 talium

195 1858 238 1881 est
249 1853 350 1881 mentio
365 1853 393 1880 in
405 1854 459 1880 vita
472 1858 585 1880 aeterna.
607 1852 795 1880 Ostettduntur
813 1858 904 1880 autem
920 1854 978 1881 haec

195 1908 227 1926 ex
242 1899 389 1934 Evangelio
413 1898 565 1926 secundum
593 1898 801 1925 similitudinem
828 1898 977 1934 diei,quo.

196 1947 268 1973 niam
295 1946 380 1973 multa
396 1945 587 1979 etiam_aperte
604 1944 662 1972 illic
676 1944 806 1972 dicuntur
819 1944 854 1972 de
875 1950 977 1972 aeterna

196 1991 377 2018 beatitudine.
392 1989 444 2017 Sed
459 1990 486 2017 in
499 1990 637 2017 Alcorano
651 1990 720 2016 nihil
736 1990 849 2017 omnino
863 1991 897 2017 de
913 1998 976 2017 vera

197 2037 367 2064 beatitudine
377 2036 476 2063 dicitur
492 2035 644 2068 manifeste,
662 2036 708 2062 sed
723 2036 795 2063 sicut
811 2036 979 2063 conveniens

196 2086 238 2109 est
258 2082 362 2110 homini
380 2081 427 2116 qui
456 2081 525 2108 nihil
540 2081 574 2108 de
602 2081 654 2108 hac
680 2081 873 2116 deprehendit,
889 2083 977 2110 solum

196 2132 287 2154 autem
304 2127 455 2154 secundutn
472 2126 592 2154 litteram
609 2127 689 2154 talem
702 2128 789 2162 pingit
806 2119 976 2161 felicitatem,

197 2173 304 2206 qualent
318 2172 485 2199 conveniens
500 2175 543 2199 est
560 2171 698 2200 hominem
712 2173 848 2200 carnalem
882 2177 910 2200 et
936 2173 979 2200 itt-

198 2223 392 2252 temperantem
419 2222 560 2252 appetere.
593 2217 647 2245 Sed
664 2218 716 2245 etsi
747 2218 815 2245 nihil
845 2218 879 2245 de
914 2226 978 2246 vera

197 2264 327 2291 felicitate
341 2263 383 2290 vel
399 2263 593 2296 consideravit,
608 2264 649 2290 vel
667 2264 792 2298 promisit
811 2260 978 2296 hominibus,

197 2309 319 2343 qua-dam
327 2313 416 2335 tamen
427 2316 491 2336 vera
501 2314 529 2335 et
542 2308 659 2343 insignia
674 2310 705 2335 ile
719 2309 814 2335 ultimo
829 2310 882 2335 tine
894 2309 976 2336 Sara-

197 2361 326 2380 cenorum
342 2353 549 2386 demonstravit,
566 2354 644 2387 quasi
672 2353 764 2380 divino
782 2353 884 2387 Spiritu
908 2355 981 2380 all].-

199 2405 252 2427 tus.
279 2400 348 2427 Dicit
363 2400 437 2427 enitn
463 2399 605 2427 Saracenis
620 2400 678 2434 ipsc
704 2399 892 2428 Mahometus:
923 2400 977 2428 Vos

198 2449 258 2479 post
277 2452 319 2471 me
335 2444 361 2471 iti
378 2446 548 2478 septuaginta
562 2448 616 2470 tres
625 2447 716 2478 partes
730 2442 901 2474 dividemini,
911 2451 978 2477 qua-

200 2498 259 2517 rum
276 2497 328 2516 una
359 2489 521 2521 salrabitur,
546 2489 650 2523 reliqua
663 2495 728 2516 vero
744 2489 832 2516 omnis
856 2490 917 2523 igne
932 2489 980 2516 de-

199 2537 330 2560 struetur.
365 2532 428 2559 Haec
443 2532 579 2559 sententia
606 2532 647 2558 sic
676 2533 748 2560 valet
780 2533 851 2568 apud
867 2541 924 2566 eos,
948 2537 979 2560 ut

199 2579 289 2605 nullus
306 2585 392 2612 neque
410 2578 532 2612 sapiens.
554 2586 645 2613 neque
662 2578 795 2612 insipiens
816 2579 978 2614 vilipendat.

198 2624 257 2651 Alia
272 2629 361 2651 autem
377 2624 476 2650 similis
492 2623 525 2651 de
540 2631 574 2651 eo
586 2628 629 2651 est
637 2625 772 2652 sententia
788 2625 816 2652 in
832 2625 979 2656 Alcorano,

201 2669 229 2697 in
264 2670 384 2704 capitulo
421 2669 519 2702 Martii,
556 2670 629 2704 quod
651 2669 849 2704 interpretatur
878 2670 979 2704 Maria,

201 2724 261 2751 quae
272 2717 348 2749 dicit,
365 2724 461 2744 omnes
484 2716 511 2743 in
539 2716 677 2744 infernum
704 2716 855 2744 Saracenos
880 2716 978 2743 ituros.

239 2806 262 2825 ⁸⁸
282 2807 376 2836 Matth.
394 2815 441 2842 vtt,
455 2809 499 2836 i5.
538 2809 557 2824 "
569 2807 648 2836 Joan.
666 2817 730 2838 xvtt.
745 2810 771 2837 5.

1010 228 1059 254 καὶ
1074 227 1122 261 τὴν
1141 227 1241 261 ἀρετὴν
1259 227 1305 253 ἐπὶ
1320 227 1355 252 τὰ
1370 227 1475 261 μεγάλα
1491 224 1573 259 εἶναι,
1589 230 1636 255 καὶ
1657 228 1778 265 δυσχερῆ
1790 238 1797 246 ι

1011 274 1059 300 καὶ
1085 273 1153 299 ἄλλα
1194 273 1306 300 τοιαῦτα
1328 293 1335 304 ,
1364 274 1436 300 είκαὶ
1464 275 1501 309 μὴ
1530 275 1643 306 τελείως
1669 278 1739 302 νοεῖν
1765 277 1799 303 τὰ

1011 319 1125 346 ¹τοιαῦτα
1142 319 1283 354 ἠδύναντο.
1303 318 1338 347 '0
1353 319 1381 346 δὲ
1398 319 1514 354 Χριστὸς
1525 321 1597 346 αὐτὰ
1614 321 1699 347 ταῦτα
1717 322 1747 347 ὲν
1761 322 1800 356 τῷ

1013 366 1175 400 Εὐαγγελίῳ
1197 365 1329 396 δείκνυσι,
1358 365 1446 398 λέγων
1462 366 1556 400 στενὴν
1581 365 1717 402 εἶναιτὴν
1739 369 1796 394 ἁπ-

1019 412 1141 445 άγουσαν
1159 412 1251 445 είςτὴν
1270 412 1344 447 ζωὴν
1365 412 1434 444 ὁδὸν,
1454 413 1500 439 καὶ
1512 413 1619 446 ὀλίγους
1642 411 1712 439 εἶναι
1736 415 1800 444 τοὺς

1013 459 1048 486 δι’
1063 459 1146 492 αὐτῆς
1171 458 1346 493 ἐρχομένους’
1374 457 1506 484 πλατεῖαν
1522 458 1550 484 δὲ
1571 456 1640 485 εἶναι
1667 459 1716 492 τὴν
1738 459 1799 485 όδὶν

1015 506 1064 541 τὴν
1079 506 1240 539 ἁπάγουσαν
1255 505 1295 536 εἰς
1306 504 1355 538 τὴν
1371 505 1519 536 ἀπώλειαν.
1535 505 1583 532 καὶ
1596 505 1630 531 τὰ
1641 505 1732 532 λοιπά.
1755 506 1801 531 Ἑν

1015 552 1101 586 τούτῳ
1117 552 1145 578 δὲ
1159 552 1191 586 τῇ
1208 550 1254 577 τοῦ
1270 551 1474 585 Ἀριστοτέλους
1491 551 1628 586 ἀποφάσει
1646 551 1800 585 ωμόαίνει,

1015 598 1045 629 ὅς
1063 606 1128 631 φησι
1148 597 1278 632 δυσχερὲς
1290 595 1358 622 εἶναι
1377 596 1435 622 κατ’
1450 597 1550 631 ἀρετὴν
1561 598 1694 631 ἐνεργεῖν,
1706 596 1802 631 ὥσπερ

1017 645 1046 671 ἐν
1062 643 1154 678 κύκλῳ
1169 643 1217 669 τοῦ
1233 645 1346 677 κέντρου
1360 643 1516 677 τυγχάνειν,
1527 643 1595 677 ὅπερ
1611 643 1695 676 ὀλίγοι
1709 643 1802 668 ποιοῦ-

1018 699 1070 716 σιν.
1090 690 1150 716 Ἔτι
1165 690 1193 716 δὲ
1207 690 1220 715 ὁ
1237 689 1354 724 Χριστὸς
1369 689 1417 714 καὶ
1431 690 1479 721 τὴν
1494 689 1540 715 τοῦ
1551 689 1696 723 ἀνθρώπου
1714 689 1805 714 εὐδαι-

1019 736 1116 770 μονίαν
1142 736 1172 761 ὲν
1198 737 1231 769 τῇ
1257 734 1305 760 τοῦ
1340 734 1408 760 Θεοῦ
1435 734 1538 769 Θεωρία
1553 734 1663 768 τίθησι,
1694 734 1802 766 λέγων,

1022 791 1031 808 α
1048 781 1123 815 Αὕτη
1140 781 1212 807 ἐστὶν
1229 780 1365 815 ήαὶὡνιος
1381 780 1449 814 ζωὴ,
1475 779 1517 805 ἵνα
1534 780 1689 813 γινώσκωσι
1714 788 1744 806 σε
1757 780 1805 806 τὸν

1021 831 1100 864 μόνον
1116 827 1242 862 ἀληθινὸν
1254 827 1331 853 Θεὸν.
1352 836 1361 852 ι
1383 826 1457 852 Αύτὰ
1478 826 1507 853 δὲ
1524 826 1610 853 ταῦτα
1625 827 1808 861 γνωριμώτα-

1021 876 1054 902 τά
1070 875 1123 901 εἱσι
1135 874 1183 900 καὶ
1192 874 1262 908 ὲντῇ
1275 873 1382 908 Παλαιᾷ
1398 872 1531 907 Διαϐήκῃ.
1548 872 1592 906 Τῷ
1606 873 1660 907 γὰρ
1679 873 1807 908 Ἀὃραάμ

1021 920 1154 954 ὲδόοησαν
1183 920 1212 945 al
1240 919 1415 952 ἐπαγγελίαι,
1433 915 1507 951 ᾧτινι
1530 918 1544 943 ὀ
1563 918 1629 949 Θεὸς
1647 917 1719 949 ἰδίως
1735 919 1807 944 61:5-

1022 975 1100 1001 σχετο
1115 966 1211 992 ἑαυτὸν
1225 965 1316 991 δοῦναι
1330 966 1398 1000 πρὸς
1413 967 1445 999 τῇ
1462 965 1496 999 γῇ
1514 965 1563 999 τῆς
1577 964 1744 997 ἐπαγγελίας
1760 966 1809 992 καὶ

1021 1016 1053 1050 τῇ
1063 1013 1110 1040 τοῦ
1121 1013 1276 1048 σπέρματος
1286 1011 1409 1046 εὐλογίᾳ.
1421 1012 1475 1037 Καὶ
1486 1013 1499 1038 ὀ
1511 1011 1615 1046 Μωῡσῆ
1621 1021 1642 1043 ς,
1652 1008 1674 1045 ᾧ
1685 1011 1809 1037 τοσαῦτα

1022 1061 1165 1096 θαυμαστά
1184 1059 1344 1094 χαρίσματα
1358 1059 1526 1094 ἐχορήγησεν
1542 1059 1555 1084 ὀ
1569 1058 1645 1089 Θεὸς,
1670 1059 1684 1083 ό
1697 1057 1747 1084 κιὶ
1760 1058 1810 1084 τὸν

1022 1107 1087 1133 Θιὺν
1103 1108 1131 1133 ιν
1145 1106 1319 1140 ὑποκειμένῳ
1331 1105 1460 1139 κτίσματι
1475 1104 1596 1138 θεωρῶν,
1611 1104 1692 1136 ἀξίως
1707 1103 1808 1129 fata-:05

1023 1153 1171 1185 κατανοῶν,
1189 1153 1226 1187 μὴ
1246 1151 1318 1178 τοῦτ’
1334 1152 1429 1186 ἀρκεῖν
1444 1150 1528 1186 αὐτῷ,
1553 1151 1690 1185 ὲπιμόνως
1704 1150 1810 1185 ᾔτησεν

1025 1200 1087 1227 ἰδεῖν
1110 1200 1140 1226 τὸ
1158 1200 1305 1234 πρόσωπον
1329 1197 1376 1225 τοῦ
1401 1197 1469 1223 Θεοῦ
1486 1197 1534 1223 καὶ
1552 1197 1601 1230 τὴν
1617 1195 1696 1228 δόξαν
1711 1195 1806 1222 αὐτοῦ.

1028 1245 1058 1272 '0
1080 1245 1108 1271 δὲ
1131 1244 1280 1279 Μαχούμετ
1316 1244 1382 1279 περὶ
1407 1243 1458 1278 μὲν
1482 1241 1587 1278 ἀρετῶν
1613 1240 1708 1277 ὥσπερ
1730 1241 1811 1268 οὐδὲν

1023 1291 1283 1327 ἐπραγματεύσατο,
1297 1290 1367 1317 ἀλλὰ
1383 1289 1449 1324 περὶ
1471 1289 1598 1324 πολέμων
1615 1289 1662 1315 καὶ
1677 1289 1809 1322 ἁρπαγῆς

1023 1337 1073 1369 τὴν
1109 1337 1238 1363 πλατεῖαν
1263 1337 1321 1363 ὁδὸν
1342 1336 1432 1371 ἑαυτῷ
1455 1335 1607 1370 συμφώνως
1624 1335 1808 1370 αἱρούμενος,

1025 1383 1141 1415 καὶτοῖς
1167 1381 1261 1408 ἑαυτοῦ
1279 1381 1406 1414 ὀπαδοῖς,
1434 1382 1490 1411 τοῖς
1505 1381 1574 1413 υἱοῖς
1595 1381 1643 1414 τῆς
1669 1380 1810 1412 ἀπωλείας

1024 1429 1136 1456 καὶτοῦ
1165 1429 1291 1455 θανάτου.
1311 1427 1392 1454 Ὀοεν
1415 1428 1491 1454 οὐδὲν
1512 1428 1580 1462 πρὸς
1603 1431 1739 1462 σωτηρίαν
1761 1428 1812 1453 αὺ-

1024 1478 1081 1508 τοῖς
1107 1476 1231 1502 συντελεῖ
1245 1475 1274 1502 τὸ
1300 1475 1400 1508 λέγειν,
1428 1475 1485 1501 οὐκ
1511 1474 1569 1501 ἔστι
1596 1474 1662 1505 Θεὸς
1675 1475 1745 1509 πλὴν
1761 1474 1810 1500 τοῦ

988 1521 1009 1551 C
1026 1524 1105 1554 Θεοῦ,
1124 1523 1171 1550 καὶ
1193 1523 1207 1548 6
1229 1523 1381 1557 Μαχούμετ
1398 1521 1547 1552 ὰπόστολὸς
1570 1521 1630 1548 ἐστι
1656 1522 1705 1547 τοῦ
1728 1521 1810 1547 Θεοῦ.

1026 1569 1095 1604 Περὶ
1110 1569 1138 1595 δὲ
1159 1568 1205 1595 τοῦ
1222 1568 1335 1602 ἐσχάτου
1350 1567 1444 1598 τέλους
1458 1567 1546 1594 οὐδενὶ
1570 1568 1722 1601 συμφωνεῖ,
1739 1567 1812 1601 πλὴν

1025 1615 1150 1651 ἀρχαίοις
1165 1615 1232 1647 τισὶ,
1256 1614 1313 1649 βίον
1337 1613 1442 1647 ἀλόγων
1457 1613 1611 1647 βεϐιωκόσι,
1626 1613 1674 1639 καὶ
1698 1612 1736 1646 μὴ
1752 1612 1812 1638 δια-

1026 1661 1151 1696 κρινοῦσι
1169 1660 1270 1695 μεταξὺ
1289 1660 1334 1686 νοῦ
1351 1661 1397 1686 καὶ
1416 1659 1578 1695 αἰσθήσεως.
1598 1659 1680 1685 Ὅθεν
1700 1659 1749 1685 καὶ
1763 1659 1813 1692 τὴν

1026 1707 1199 1742 εὐδαιμονίαν
1218 1707 1247 1732 ὲν
1260 1705 1400 1740 αἰσθητοῖς
1414 1714 1487 1732 τισιν
1505 1706 1688 1738 ὑποτίθενται,
1703 1707 1733 1732 ὲν
1750 1714 1814 1740 τρο-

1026 1752 1092 1786 φαῖς
1107 1751 1231 1786 δηλονότι
1253 1751 1301 1777 καὶ
1328 1750 1463 1786 ἀκολασίᾳ
1477 1751 1525 1777 καὶ
1550 1750 1738 1785 παραδείσοις,
1765 1753 1815 1779 καὶ

1029 1798 1147 1831 ἱματίοις
1174 1797 1345 1829 πολυτελέσι,
1370 1798 1435 1832 περὶ
1460 1795 1497 1823 ὦν
1525 1797 1595 1832 μετὰ
1620 1797 1705 1824 ταῦτα
1730 1799 1760 1825 ἐν
1774 1799 1814 1833 τῷ

1026 1842 1099 1875 ἕκτῳ
1132 1842 1275 1877 κεφαλαίῳ
1304 1841 1528 1877 θεωρηθήσεται.
1560 1843 1616 1869 Καὶ
1640 1843 1671 1869 οὐ
1698 1843 1815 1869 δυνατὸν

1027 1888 1114 1915 ταῦτα
1139 1888 1202 1914 καθ’
1227 1888 1374 1922 ὁμοίοτητὰ
1394 1896 1454 1914 τινα
1468 1888 1594 1921 λέγεσθαι
1621 1888 1686 1924 παρ’
1708 1889 1813 1919 αὐτῶν,

1027 1934 1065 1965 ὡς
1093 1933 1144 1960 κάν
1162 1934 1202 1969 τῷ
1223 1934 1380 1967 Εὐαγγε).ίῳ
1405 1933 1545 1968 τραπέζης
1571 1934 1619 1960 καὶ
1639 1935 1742 1968 τροφῆς
1765 1935 1814 1960 καὶ

1027 1979 1081 2006 τῶν
1093 1980 1223 2006 τοιούτων
1238 1980 1298 2006 ἐστὶ
1316 1980 1423 2015 μνήμη,
1437 1980 1465 2005 ὲν
1480 1981 1514 2015 τῇ
1534 1980 1636 2014 αίωνίῳ
1661 1979 1730 2015 ζωῇ.
1753 1980 1815 2006 Δεί-

1028 2034 1123 2052 κνυται
1153 2026 1208 2060 γὰρ
1233 2025 1265 2051 ἐκ
1283 2025 1332 2051 τοῦ
1353 2025 1520 2060 Εὑιγγελίου
1536 2026 1623 2052 ταῦτα
1638 2025 1700 2052 καθ’
1719 2027 1814 2060 ὁμοιό·

1027 2071 1098 2106 τητά
1114 2079 1176 2098 τινα
1198 2071 1337 2105 λέγεσθαι·
1361 2071 1424 2098 ἐπεὶ
1447 2071 1531 2098 πολλὰ
1556 2072 1604 2098 καὶ
1618 2073 1814 2108 ἀνακεκαλυμ-

1030 2119 1119 2153 μένως
1135 2118 1192 2144 εκεῖ
1207 2117 1316 2151 λέγεται
1331 2118 1455 2153 περὶτῆς
1471 2118 1581 2144 αίωνιου
1599 2119 1811 2154 μακαριότητος.

1037 2164 1108 2191 Ἀλλ’
1119 2164 1196 2200 ὲντῷ
1224 2164 1382 2199 Ἀλκοράνῳ
1402 2164 1478 2191 οὐδὲν
1501 2165 1660 2191 παντάπασι
1683 2165 1813 2200 περὶτῆς

1030 2210 1148 2244 ἀληθοῦς
1171 2211 1373 2245 μακαριότητος
1395 2211 1504 2244 λέγεται
1527 2211 1663 2246 φανερῶς,
1683 2211 1740 2238 ἀλλ’
1757 2209 1812 2237 οἷον

1029 2256 1103 2287 εἰκὸς
1119 2257 1185 2291 παρ’
1200 2255 1346 2291 ἀνθρώπου
1368 2257 1452 2291 μηδεν
1466 2258 1531 2291 περὶ
1552 2257 1653 2292 ταύτης
1668 2258 1812 2291 καταλαμ-

1028 2303 1165 2335 ϐάνοντος,
1182 2304 1262 2338 μόνον
1278 2303 1306 2329 δὲ
1321 2304 1391 2329 κατᾶ
1417 2304 1447 2329 τὸ
1463 2303 1584 2338 γράμμα.
1605 2304 1734 2338 τοιαύτην
1750 2306 1814 2330 ἁνα-

1030 2348 1239 2383 ζ‹ι›γραφοῦντος
1265 2349 1355 2384 ἐαυτῷ
1377 2348 1427 2384 τὴν
1446 2349 1639 2383 εὐδαιμονίαν,
1662 2350 1722 2376 οἷαν
1742 2349 1814 2377 εἰκὸς

1030 2394 1157 2427 ἐφίεσθαι
1170 2394 1312 2429 ἄνθρωπον
1337 2394 1469 2428 σαρκικὺν
1485 2394 1532 2420 καὶ
1558 2395 1722 2421 ἀκόλαστον.
1743 2395 1816 2420 Ἀλλ’

1031 2439 1107 2465 εἰκαὶ
1123 2439 1209 2474 μηδὲν
1238 2439 1302 2473 περὶ
1317 2439 1367 2473 τῆς
1390 2438 1506 2472 ἀληθοῦς
1520 2438 1694 2472 εὐδαιμονίας
1707 2439 1723 2474 ἢ
1739 2440 1818 2473 ὲνόη-

1034 2493 1089 2517 σεν,
1102 2484 1118 2518 ἢ
1130 2485 1265 2519 ὑπέσχετο
1279 2484 1336 2515 τοῖς
1353 2483 1517 2518 ἀνθρώποις,
1540 2484 1601 2509 τινὰ
1616 2483 1708 2517 μέντοι
1727 2483 1816 2518 ἁληῢή

1030 2531 1077 2556 καὶ
1091 2530 1216 2564 ἐπίσημα
1237 2529 1303 2564 περὶ
1328 2528 1375 2555 τοῦ
1392 2529 1507 2564 ἐσχάτου
1532 2529 1627 2559 τέλους
1641 2528 1695 2554 τῶν
1709 2528 1817 2563 Eappa:-

1030 2575 1120 2610 κηνῶν
1133 2575 1303 2610 ἀπεφήνατο,
1331 2575 1403 2601 ὥσπε
1408 2583 1424 2609 ρ
1437 2575 1484 2601 ὲπὶ
1495 2575 1541 2601 τοῦ
1556 2574 1628 2600 θείου
1641 2575 1818 2608 ἐπειγόμενος

1032 2622 1201 2655 Πνεύματος.
1229 2621 1299 2655 Φησὶ
1318 2620 1373 2655 γὰρ
1397 2621 1454 2651 τοῖς
1479 2621 1669 2656 Σαῤῥακηνοῖς
1697 2620 1778 2650 αὐτὸς
1804 2622 1818 2645 ὀ

1031 2667 1166 2703 Μωάμεθ·
1199 2668 1294 2702 Ὑμεῖς
1320 2667 1378 2703 μετ’
1401 2668 1452 2701 ἐμὲ
1476 2668 1515 2698 είς
1538 2666 1725 2701 ἐϐδομήκοντα
1744 2666 1820 2700 τρεῖς

1031 2714 1239 2750 διαιρεθήσεσθε
1269 2715 1377 2750 μοίρας,
1404 2710 1442 2740 ὧν
1472 2713 1522 2749 μία
1542 2713 1713 2748 σωθήσεται,
1742 2712 1772 2739 τὸ
1790 2711 1819 2737 δὲ
