1942 3090
107 154 172 187 1065

705 151 853 182 CONTRA
874 150 1123 181 ΜΛΗΟΜΕΤΕΜ.

1651 149 1719 182 10εὸ

103 211 244 237 ὑπόλοιπον
261 209 314 235 πᾶν
331 207 594 244 καταλογισὈὴσεται
620 207 657 243 τῷ
678 208 754 242 πυρί.
775 208 849 242 Λῦτη
866 209 883 243 ἡ

938 207 1010 234 Hanc
1026 205 1190 234 sententiam
1208 205 1377 232 verissimam
1403 212 1461 232 esse
1478 203 1571 237 credo,
1586 209 1611 231 et
1643 205 1664 231 si
1683 205 1717 232 ab

101 257 235 290 ἀπόφασις
251 256 324 282 οὕτω
349 256 446 291 κρατεῖ
463 256 528 291 παρ’
549 255 651 288 αὐτοῖς,
677 255 747 282 ὥστε
778 255 880 290 μηδένα

104 304 167 336 μήτε
186 302 265 335 σοφὸν
284 302 352 336 μήτε
368 301 482 336 ἀνόητον
505 303 606 337 ταύτην
623 302 774 335 φαυλίζειν.
797 301 881 335 Ἄλλη

102 348 163 382 περὶ
179 347 226 374 τοῦ
242 348 325 373 αὑτοῦ
344 347 445 382 ὁμοίως
467 347 606 381 ἀπόφασίς
621 348 694 373 ἐστιν
707 348 737 374 ὲν
760 347 799 382 τῷ
819 347 880 373 ’Λλ-

102 393 217 428 κοράνῳ,
229 394 258 420 ἐν
273 393 311 426 τῷ
327 393 468 428 κεφαλαίῳ
483 393 522 428 τῷ
534 393 655 428 Μαριὴλ,
674 393 688 419 ὃ
702 393 881 428 ἑρμηνεύεται

103 439 205 472 Μαρία,
223 439 340 472 λέγουσα
357 439 462 470 πάντας
480 439 520 470 είς
537 439 583 465 τὸν
600 438 666 474 ᾅδην
682 439 881 465 ἀπελεύσεσθαι

102 485 160 516 τοὺς
174 483 376 519 Σαῤῥακηνούς.
392 484 501 519 Ταύτην
518 483 567 519 τὴν
583 484 718 517 ἀπόφασιν
735 483 883 517 ἀληθεστά-

84 550 85 553 η
103 540 149 565 την
159 529 230 557 εἶναι
240 530 369 561 πιστεύω,
383 530 408 556 εξ
424 530 470 556 καὶ
483 530 558 565 παρὰ
574 531 707 565 στόματος
721 529 782 556 καθ’
796 530 882 560 ὑπερ-

104 577 181 612 ϐολήν
208 576 323 611 ψευδοῦς
342 577 551 612 προενήνεκται.
569 577 626 602 Κάν
650 575 736 609 τούτῳ
753 576 766 602 ό
782 575 882 610 ψευδὴς

103 623 243 657 προφήτης
269 623 298 648 ὲν
320 623 353 658 τῇ
372 622 468 658 πρώτῃ
487 622 601 658 ἀληθείᾳ
625 622 743 657 συνᾴδει,
757 621 881 657 εἰπούσῃ,

106 679 114 694 ι
131 669 279 704 Πλατεῖαή
306 669 366 700 ὁδὸς
388 670 405 704 ἡ
431 669 575 702 ἀπάγουσα
602 669 644 700 εἰς
658 668 707 704 τὴν
732 668 882 699 ἀπώλειαν,

104 714 149 740 καὶ
165 714 256 740 πολλοί
275 715 343 740 εἰσιν
361 715 384 740 ol
399 715 585 749 εἰσερχόμενοι
601 714 636 740 δι’
652 714 748 748 αὐτῆς.
768 723 777 739 ›
810 714 884 748 Ἀρι-

103 758 186 792 aqua;
197 758 287 784 τοίνυν
297 759 329 784 εκ
339 759 393 785 τῶν
404 758 611 793 προειρημένων
623 757 764 792 συμὸαίνει
778 757 821 784 τὸν
829 758 883 784 τῶν

104 801 286 836 Σσρῥακηνὼν
306 801 387 836 νόμον
403 799 473 828 εἶναι
488 801 603 834 πλατὺν,
619 801 666 827 καὶ
681 800 796 832 πολλοὺς
813 799 883 827 εἶναι

103 845 155 870 τῶν
170 845 355 880 Σαρρακηνῶν
380 845 442 877 τοὺς
456 844 491 871 δι’
504 844 588 872 αὑτοῦ
610 845 755 878 εἰσιόντας,
779 845 827 872 καὶ
843 845 884 876 εἰς

935 260 984 280 ore
998 251 1148 279 secundant
1172 258 1314 278 excessum
1330 250 1466 278 mendacii
1486 255 1548 277 ante
1568 250 1647 277 allata
1663 253 1716 278 est.

936 299 967 326 Et
982 299 1007 325 in
1029 298 1081 325 hoc
1095 298 1178 324 falsus
1193 297 1326 331 propheta
1339 304 1401 324 cum
1418 297 1504 331 prima
1522 297 1636 324 veritate
1652 305 1718 324 con-

937 350 1019 375 venit,
1032 352 1091 378 qua:
1109 343 1175 369 diclt
1190 351 1196 369 :
1212 351 1220 367 ι
1239 342 1303 368 Lata
1315 346 1357 369 est
1371 343 1412 368 via
1426 350 1486 376 qme
1497 342 1573 369 ducit
1587 332 1613 369 in
1629 343 1722 376 perdi-

936 390 1084 419 tionem,et
1096 388 1172 415 multi
1188 392 1252 415 sunt
1265 387 1309 422 qui
1321 387 1511 422 ingrediuntur
1527 395 1575 421 per
1590 395 1649 414 eam
1661 389 1692 414 ¹².
1708 399 1716 413 ι

938 435 1078 462 Manifeste
1091 434 1172 469 igitur
1185 442 1217 461 ex
1229 433 1364 468 prwdiclis
1372 433 1507 463 convenit.
1520 434 1719 460 Saracenorum

936 480 1020 515 legem
1032 481 1111 507 latam
1121 488 1191 513 esse,
1200 487 1227 506 ct
1235 480 1334 506 mullos
1342 486 1402 505 esse
1411 478 1607 505 Saracenorum
1617 478 1661 512 qui
1672 486 1721 511 per

936 534 995 554 eam
1013 526 1212 561 ingrediuntur,
1226 529 1252 552 et
1267 526 1293 551 in
1306 524 1441 551 infernum
1453 527 1605 550 transeunt.
1620 523 1720 550 Et'hoc

936 579 990 598 non
1005 579 1037 598 cx
1054 579 1100 598 ore
1108 571 1194 598 solutn
1211 570 1333 597 veritatis
1356 568 1542 601 manifestum,
1558 569 1605 596 sed
1625 577 1657 595 ex
1675 577 1722 595 ore

936 617 1127 652 prophctzequi
1136 616 1206 651 apud
1214 616 1390 644 eosesttltem
1408 615 1568 642 Alcoranum
1586 622 1640 641 non
1656 622 1722 642 con-

936 663 1142 697 venitcuntlege
1152 662 1236 696 Moysi
1263 662 1288 688 in
1309 661 1453 693 mandatis,
1463 666 1490 688 et
1508 661 1532 687 in
1556 660 1655 695 quibus
1672 667 1723 688 nos

936 709 1043 736 avertit.
1054 708 1108 735 Lex
1127 708 1200 734 enim
1220 708 1268 735 Dei
1300 707 1428 742 prohibet
1451 707 1550 734 caulem
1565 727 1572 739 ,
1589 707 1721 741 rapinam.

936 755 1184 789 concupiscentiam
1195 762 1303 781 onmem
1312 763 1319 786 ;
1327 753 1489 781 Alcoranum
1501 758 1591 780 autem
1600 752 1724 788 veljubet

937 800 1008 832 ﬁeri,
1018 801 1059 827 vel
1077 800 1220 835 permittit.
1234 799 1300 827 ltem
1315 807 1404 833 neque
1418 799 1445 825 in
1461 798 1571 834 judieiis
1581 798 1722 826 convenit.

937 845 1020 881 Moysi
1036 845 1109 872 enim
1143 845 1184 872 lex
1199 850 1227 872 et
1256 845 1434 879 Evangelium
1453 844 1532 876 dicit,
1553 843 1657 871 nullum
1676 843 1724 871 de-

102 892 145 916 τὸν
157 890 223 925 ᾇδην
239 890 466 925 κατερχομένους.
483 890 539 917 Καὶ
553 890 632 916 τοῦτο
647 890 697 917 οὐκ
716 891 749 917 ἐκ
763 889 811 916 τοῦ
825 890 884 916 στό-

939 892 1005 919 bere
1022 899 1076 919 uno
1103 896 1219 918 testante
1236 891 1431 922 comdemnari,
1447 890 1495 917 sed
1513 889 1539 916 in
1563 898 1611 917 ore
1639 890 1722 917 trium

105 945 187 970 ματος
204 936 285 971 μόνον
301 937 351 970 τῆς
377 936 507 970 ἀληθείας
534 935 624 972 δῆλον,
640 936 709 962 ἀλλά
730 936 777 963 καὶ
793 937 825 962 ἐκ
838 935 884 963 τοῦ

103 982 234 1016 στόματος
248 981 293 1008 τοῦ
312 983 378 1017 παρ’
392 983 484 1013 αὐτοῖς
499 982 651 1017 προφήτου.
668 982 728 1008 Ἔτι
744 981 774 1008 τὸ
790 981 884 1007 Ἀλκο-

104 1028 184 1062 ράνον
200 1027 230 1053 οὑ
245 1028 388 1062 συμφωνεῖ
402 1027 441 1062 τῷ
455 1027 502 1054 τοῦ
516 1027 584 1053 Θεοῦ
598 1027 673 1062 νόμῳ
684 1026 713 1053 ἐν
727 1034 757 1052 τε
771 1027 830 1057 ταῖς
845 1026 888 1052 ὲν-

103 1073 201 1106 τολαῖς,
220 1073 268 1099 καὶ
297 1070 338 1104 οἷς
364 1074 524 1108 ἀποτρέπει.
548 1073 578 1099 ’0
596 1072 646 1108 μὲν
673 1072 727 1108 γὰρ
753 1072 800 1098 τοῦ
817 1071 884 1098 Θεοῦ

103 1121 183 1153 νόμος
197 1119 295 1146 κωλύει
311 1121 401 1154 φόνον,
419 1120 559 1155 ἁρπαγὴν,
579 1119 738 1154 ἐπιθυμίαν,
757 1118 774 1146 ἃ
791 1119 881 1145 πάντα

103 1165 132 1191 τὸ
147 1165 307 1199 Ἀλκοράνον
323 1165 339 1200 ἢ
352 1165 458 1192 κελεύει
468 1165 601 1199 γίνεσθαι,
616 1165 632 1200 ἢ
651 1165 796 1199 συγχωρεῖ.
823 1164 886 1190 Ἔτι

103 1210 162 1236 οὐδὲ
177 1210 207 1236 ὲν
217 1211 278 1242 ταῖς
290 1209 377 1242 δίκαις
389 1211 509 1246 συνᾴδει.
527 1210 556 1237 '0
570 1211 620 1246 μὲν
634 1210 688 1245 γὰρ
704 1209 750 1236 τοῦ
764 1210 885 1241 Μωσέως

104 1256 193 1291 νόμος,
214 1256 304 1282 καὶτὸ
327 1256 491 1290 Εὑαγγέλιόν
517 1265 583 1292 φησι
612 1255 714 1291 μηδένα
739 1255 886 1282 καταδικά-

104 1301 207 1333 ζεσθαι,
231 1302 435 1338 μαρτυροῦντος
455 1302 526 1335 ἑνὸς,
542 1302 601 1330 ἀλλ⁹
617 1303 663 1328 ἐπὶ
687 1301 819 1336 στόματος
841 1300 889 1328 δύο

104 1347 252 1382 μαρτύρων
266 1348 283 1383 ἢ
301 1348 397 1382 τριῶν’
414 1349 448 1374 τὰ
463 1347 485 1374 δ’
501 1348 609 1375 ἐναντία
623 1347 725 1375 τούτων
745 1349 888 1383 εὑρίσκον⁸

100 1401 146 1419 ται
158 1393 187 1419 ὲν
200 1393 239 1428 τῷ
250 1393 391 1429 κεφαλαίῳ
403 1394 441 1428 τῷ
459 1394 581 1429 Ἐλνοὺρ,
594 1394 608 1420 ὃ
623 1394 804 1429 ἑρμηνεύεται
814 1393 886 1429 φῶς,

102 1438 166 1464 ὅπου
179 1439 210 1465 τὸ
223 1439 272 1473 μὲν
286 1439 451 1474 ἀναγκάζειν
463 1440 547 1471 αὑτὰς
558 1440 707 1468 ἀπολλύναι
723 1440 771 1475 τὴν
783 1448 888 1475 σωφρο-

938 939 981 966 vel
996 938 1113 965 duorum
1139 938 1247 964 testium
1264 941 1319 963 stat
1345 943 1424 964 onme
1439 936 1561 963 verbum.
1581 935 1725 963 Contraria

939 989 1030 1012 autem
1043 985 1139 1012 horum
1153 983 1331 1011 inveniuntur
1360 983 1386 1009 in
1405 982 1524 1017 capitulo
1538 981 1634 1014 Elmir,
1650 981 1723 1016 quod

939 1030 1136 1065 interpretatur
1156 1029 1212 1061 lux,
1233 1029 1280 1056 ubi
1307 1028 1468 1063 prohibetur
1498 1036 1532 1055 ne
1559 1027 1724 1062 compellant

939 1084 986 1103 eas
1016 1075 1171 1102 castitatem
1204 1074 1354 1106 dimittere,
1382 1082 1444 1102 cum
1487 1072 1724 1101 consentientibus

941 1126 1032 1148 autem
1061 1128 1157 1148 secure
1186 1120 1313 1148 similiter
1327 1119 1448 1147 dormire
1462 1119 1540 1147 dicit.
1560 1118 1616 1146 [loc
1630 1122 1722 1145 autem

941 1167 1030 1202 ipsum
1046 1166 1220 1193 manifestum
1248 1171 1290 1193 est
1310 1165 1337 1193 in
1367 1166 1488 1200 capitulo
1514 1165 1655 1196 Elminim,
1675 1163 1724 1190 ubi

940 1212 1076 1247 permittit
1089 1219 1152 1239 cum
1168 1212 1288 1246 propriis
1316 1211 1458 1244 uxoribus,
1483 1215 1510 1238 et
1536 1218 1598 1237 cum
1622 1209 1724 1244 quibus

941 1259 1004 1293 quis
1019 1258 1047 1286 in
1073 1257 1146 1285 bello
1170 1265 1268 1292 capere
1284 1261 1377 1292 posset
1405 1256 1527 1284 misceri.
1551 1253 1723 1282 Manifestum

941 1304 1025 1339 igitur
1036 1303 1164 1332 Alcorani
1184 1303 1270 1338 legem
1292 1310 1346 1330 non
1361 1310 1423 1330 esse
1441 1302 1529 1336 legem
1560 1301 1618 1334 Dei,
1633 1307 1725 1335 neque

941 1357 956 1376 a
971 1350 1024 1377 Deo
1031 1357 1103 1381 eSSe,
1114 1350 1168 1377 nisi
1177 1349 1247 1376 forte
1256 1357 1304 1384 per
1315 1348 1534 1384 permissionem,
1545 1347 1616 1374 sicut
1625 1349 1654 1374 et
1661 1345 1723 1372 alia.

940 1393 1038 1421 Ditl‘ert
1050 1393 1123 1421 enim
1139 1393 1172 1420 ab
1188 1393 1234 1420 illa
1248 1400 1277 1421 et
1291 1393 1444 1421 secundum
1469 1392 1650 1420 intentionem
1662 1390 1723 1422 Dei,

941 1440 988 1474 qui
1004 1439 1120 1466 salutem
1135 1439 1278 1467 hotninum
1294 1439 1442 1467 desiderat.

105 1485 188 1520 σύνην
203 1485 348 1519 κωλύεται,
366 1487 577 1522 συμφωνοὺσαις
599 1488 628 1514 δὲ
646 1487 776 1522 ἀσφαλῶς
793 1486 989 1520 συγκαθεύδειν
1003 1486 1084 1521 φησί.
1103 1485 1140 1512 Τὸ
1154 1486 1178 1513 δ’
1193 1485 1258 1512 αὐτὸ
1273 1485 1353 1519 δῆλον
1384 1485 1433 1512 καὶ
1463 1484 1493 1510 ὲν
1524 1484 1565 1518 τῷ
1582 1484 1725 1519 κεφαλαίῳ

102 1532 141 1567 τῷ
163 1532 363 1569 Ἐλμουμηνὶμ,
379 1534 446 1560 ὅπου
462 1534 601 1568 συγχωρεῖ
613 1534 683 1568 μετά
697 1542 728 1559 τε
742 1534 797 1560 τῶν
813 1533 888 1560 ἰδίων
905 1533 1054 1566 γυναικῶν,
1071 1533 1120 1559 καὶ
1129 1529 1166 1559 ὧν
1178 1533 1211 1560 ἀν
1224 1540 1266 1563 τις
1279 1533 1308 1558 ἐν
1323 1531 1434 1566 πολέμῳ
1465 1530 1535 1566 λάϐῃ
1566 1530 1723 1566 μίγνυσθαι.

102 1579 222 1614 Φανερὸν
237 1580 328 1607 τοίνυν
343 1580 388 1607 τὸν
404 1580 452 1607 τοῦ
476 1580 640 1616 ’Δλκοράνου
663 1580 745 1613 νόμον
764 1579 802 1615 μὴ
816 1578 886 1606 εἷναι
905 1579 986 1614 νόμον
1001 1578 1080 1611 Θεοῦ,
1101 1579 1170 1614 μήτε
1185 1578 1260 1613 παρὰ
1273 1577 1340 1604 Θεοῦ
1360 1577 1442 1611 εἶναι,
1474 1578 1500 1604 εἰ
1533 1577 1570 1612 μή
1585 1585 1636 1603 που
1652 1579 1725 1604 κατά

102 1625 288 1661 συγχώρησιν,
311 1626 405 1661 ὥσπερ
420 1626 468 1653 καὶ
492 1615 563 1654 ἄλλα
576 1627 660 1654 κακά..
682 1626 812 1660 Διαφέρει
834 1625 888 1660 γὰρ
908 1625 1012 1652 ἐκείνου
1040 1624 1175 1666 καὶβατά
1189 1623 1234 1651 τὸν
1250 1615 1350 1650 σκοπὸν
1382 1623 1429 1650 τοῦ
1462 1621 1541 1657 Θεοῦ,
1559 1622 1588 1654 ὃς
1604 1619 1654 1658 τήν
1669 1622 1724 1650 τῶν

101 1669 253 1705 ἀνθρώπων
273 1670 398 1705 βούλεται
417 1670 565 1706 σωτηρίαν.

101 1728 148 1760 ς’.
161 1726 287 1764 ὀτι-τὸ.
300 1727 485 1764 ’ᾼλκοράνον
501 1729 566 1764 ,οὐκ
576 1728 656 1764 idem
681 1729 774 1764 νόμος
800 1728 884 1762 Θεοῦ,

939 1728 1000 1761 τι.
1022 1728 1098 1762 Quod
1111 1729 1386 1764 Alcornnumrnonreu
1401 1730 1443 1754 te:
1457 1727 1516 1764 Dei,
1534 1727 1660 1763 quoniam
1675 1729 1704 1756 in

223 1761 290 1789 ἐπεὶ
306 1763 341 1789 ἐν
355 1762 484 1795 πολλοῖς
495 1762 590 1796 ἐαυτῷ
604 1761 764 1798 ἀντιλέῇοει.

136 1816 236 1846 Ἕκτον
253 1819 296 1845 δεῖ
317 1819 441 1854 θεωρεῖν,
460 1819 498 1851 ὠς
519 1820 534 1846 ό
554 1819 601 1846 τοῦ
623 1821 789 1856 Ἀλκοράνου
806 1820 886 1856 νόμος

99 1865 130 1892 οὺ
144 1865 192 1892 τοῦ
205 1865 276 1891 θείου
291 1865 373 1900 νόμου
386 1866 466 1900 μόνον
480 1866 641 1899 ἀποστατεῖ,
653 1866 711 1893 ἀλλ’
722 1867 782 1894 οὐδὲ
797 1866 886 1902 ἐαυτῷ

101 1910 256 1945 συμϐαίνει.
288 1911 343 1937 Καὶ
357 1912 438 1938 τοῦτο
463 1912 504 1938 ὃτι
523 1912 610 1938 κακόν
634 1912 703 1945 ἐστι,
731 1914 779 1940 καὶ
805 1912 886 1944 αὐτὸς

100 1957 282 1991 ἀποφαίνεται
300 1959 314 1983 ό
333 1957 465 1992 Μωὰμεθ.
483 1958 553 1994 Φησὶ
566 1959 628 1993 ζγάρ
641 1958 670 1984 ἐν
687 1958 726 1993 τῷ
747 1958 886 1994 κεφαλαίῳ

100 2002 138 2037 τῷ
153 2003 277 2035 Ἐλνεσᾱ,
293 2003 307 2029 ὃ
325 2004 508 2038 ἑρμηνεύεται
525 2004 664 2039 γυναῖκες
677 2025 684 2037 ,
701 2004 732 2030 Εἰ
753 2005 792 2040 μὴ
812 2006 887 2039 παρὰ

101 2048 170 2075 Θεοῦ
185 2047 219 2084 ἧν
237 2049 316 2076 τοῦτο
334 2050 364 2076 τὸ
384 2050 558 2085 Ἀλκοράνον,
577 2051 671 2077 πολλαὶ
700 2051 886 2085 ἐναντιότητες

102 2095 260 2129 εὑρίσκοντο
277 2096 309 2122 ἂν
326 2097 355 2122 ἐν
374 2096 460 2131 αὐτῷ.
482 2097 565 2124 Ἀλλά
584 2097 638 2132 μὴν
653 2097 748 2124 πολλαὶ
767 2098 796 2124 ἐν
811 2097 886 2132 αὐτῷ

102 2141 289 2176 ἐναντιότητες
308 2144 354 2169 καὶ
368 2143 527 2177 ἀντιφάσεις
547 2143 734 2178 εὑρίσκονται.
757 2144 813 2171 Καὶ
831 2144 885 2180 γὰρ

99 2188 183 2219 αὐτὸς
200 2188 228 2214 ὲν
247 2188 356 2220 πολλοῖς
375 2188 468 2221 τόποις
484 2188 577 2224 φησὶν,
593 2190 633 2215 ὃτι
648 2189 661 2215 ό
677 2189 743 2220 Θεὸς
762 2190 811 2224 οὐχ
821 2189 886 2224 ὁδη-

100 2233 146 2265 γεῖ
157 2232 203 2261 τὸν
215 2232 390 2266 πλανώμενον
400 2241 407 2249 ·
422 2233 470 2259 καὶ
485 2234 560 2269 ὅμως
575 2234 656 2265 αὐτὸς
668 2234 788 2261 διδάσκει
803 2242 886 2269 προσ-

99 2277 240 2312 εύχεσθαι,
257 2277 291 2305 ἶν’
304 2279 442 2313 όδηγοῖντο
463 2279 496 2306 ὲκ
508 2279 554 2306 τοῦ
570 2280 684 2311 σκότους
703 2279 744 2311 είς
765 2281 796 2306 τὸ
815 2280 883 2314 φῶς,

99 2324 148 2350 καὶ
166 2325 198 2350 ὲκ
214 2323 266 2358 τῆς
286 2324 394 2356 ἀνοδίας
414 2326 455 2356 είς
467 2325 516 2360 τὴν
531 2325 678 2360 εὐθύτητα.
695 2327 755 2353 Ἐτι
772 2327 801 2353 τέ
817 2334 884 2362 φησι

101 2369 166 2403 περὶ
178 2370 287 2402 ἑαυτοῦ,
302 2370 340 2403 ὥς
355 2371 460 2405 γένοιτο
475 2371 593 2407 ὀρφανὸς
608 2373 635 2398 ἐν
652 2371 740 2408 πλάνῃ
750 2379 758 2388 '
775 2373 885 2400 είδωλοα

1138 1763 1228 1790 multis
1244 1763 1344 1797 sibiiin
1355 1762 1521 1791 contradicit.

972 1820 1055 1848 Sexto
1076 1823 1186 1854 oportet
1202 1819 1347 1854 speculari,
1361 1819 1434 1854 quod
1453 1811 1581 1847 Διευκριιί
1601 1820 1644 1848 lex
1667 1828 1724 1848 non

936 1866 1026 1893 solum
1040 1873 1054 1892 a
1063 1865 1155 1892 divina
1163 1865 1228 1900 lege
1240 1865 1393 1900 elongatur,
1401 1865 1448 1892 sed
1457 1873 1547 1900 neque
1556 1872 1619 1893 cum
1632 1866 1723 1901 τείρεα

939 1911 1078 1938 convenit.
1097 1911 1131 1938 Et
1145 1911 1206 1943 hoc,
1221 1911 1349 1945 quoniam
1364 1911 1436 1938 mala
1451 1915 1504 1942 est,
1519 1915 1548 1938 et
1562 1911 1620 1946 ipse
1631 1911 1724 1939 Maho—

937 1962 1027 1984 melus
1051 1957 1184 1984 ostendit.
1210 1957 1280 1984 Dicit
1303 1956 1378 1984 enim
1401 1957 1429 1984 in
1458 1957 1578 1992 capitulo
1605 1957 1722 1990 Einesa,

937 2002 1009 2038 quod
1028 2003 1224 2038 interpretatur
1241 2002 1362 2030 mulieres
1374 2010 1383 2028 :
1397 2002 1455 2029 Nisi
1480 2010 1495 2030 a
1510 2002 1567 2030 Deo
1583 2007 1656 2031 esset
1670 2003 1723 2031 hoc

936 2054 1120 2089 Aleoranum,
1132 2055 1226 2082 multa:
1243 2053 1270 2081 in
1291 2061 1324 2081 eo
1340 2054 1550 2082 contrarietatcs
1569 2059 1598 2082 et
1612 2059 1723 2082 contra-

937 2100 1073 2128 dictiones
1090 2099 1292 2127 invenirentur.
1307 2099 1414 2126 Etenim
1427 2099 1485 2134 ipse
1500 2099 1528 2126 in
1544 2099 1638 2128 multis
1653 2101 1722 2129 locis

937 2145 1014 2179 dicit,
1033 2145 1105 2180 quod
1121 2145 1194 2172 Deus
1210 2152 1264 2172 non
1284 2144 1395 2172 deducit
1414 2149 1551 2172 errantem
1565 2153 1572 2173 :
1586 2150 1614 2172 et
1631 2150 1722 2174 tamen

936 2192 996 2227 ipse
1017 2191 1044 2218 in
1060 2191 1153 2218 multis
1171 2191 1240 2218 locis
1255 2190 1336 2218 docet
1350 2197 1446 2223 orare,
1463 2195 1493 2218 ut
1515 2191 1688 2219 deducantur
1705 2199 1721 2219 a

937 2237 1057 2265 tenebris
1072 2237 1100 2264 in
1116 2237 1206 2264 lucem
1237 2241 1265 2264 et
1289 2230 1322 2263 ei
1345 2236 1511 2264 rectitudine
1527 2236 1554 2264 in
1576 2237 1722 2265 rectitudi-

936 2291 1009 2311 nem.
1026 2283 1094 2311 Item
1109 2282 1176 2310 dicit
1200 2283 1233 2310 de
1249 2282 1350 2317 seipso,
1367 2283 1441 2318 quod
1456 2283 1545 2311 factus
1557 2287 1600 2310 est
1622 2283 1720 2318 orpha-

935 2339 988 2358 nus
999 2331 1027 2358 in
1036 2337 1127 2358 errore
1137 2338 1144 2363 ;
1156 2329 1308 2358 idololatria
1323 2329 1396 2356 enim
1409 2333 1477 2356 erat.
1487 2328 1540 2356 Sed
1558 2334 1648 2357 tamen
1662 2329 1722 2365 ipse

936 2377 1016 2410 dicit,
1036 2376 1108 2411 quod
1124 2375 1205 2403 talem
1217 2383 1281 2403 eum
1296 2375 1459 2410 prophetam
1475 2375 1540 2402 fecit
1554 2374 1636 2408 Deus,
1654 2383 1723 2410 quo-

97 2414 202 2450 λάτρης
225 2416 280 2451 γὰρ
295 2413 340 2451 ἦν.
359 2416 429 2443 Ἀλλ’
451 2417 525 2451 ὅμως
539 2416 619 2448 αὑτός
632 2425 724 2452 φησιν,
739 2418 780 2444 ὁτι
798 2417 884 2444 τοιοῦ-

938 2423 1010 2450 niam
1035 2420 1146 2456 quando
1173 2421 1245 2448 Deus
1268 2427 1331 2448 eum
1357 2420 1519 2452 accersivit,
1543 2421 1668 2448 ascendit
1686 2422 1721 2450 ad

96 2469 145 2487 τον
161 2461 241 2488 αὑτὸν
254 2462 398 2497 προψήτην
412 2463 540 2498 ἐποίησεν
555 2464 568 2490 ό
585 2463 661 2495 Θεὸς,
678 2464 717 2489 ὃτι
732 2464 776 2490 ὅτε
795 2464 809 2490 ὁ
820 2463 884 2495 Θεὸς

939 2468 1023 2495 Deum
1050 2474 1135 2502 usque
1159 2466 1193 2494 ad
1216 2466 1363 2502 septimum
1379 2466 1499 2498 emtum,
1522 2470 1550 2493 et
1566 2466 1722 2501 impetravit

97 2507 182 2533 αὑτὸν
203 2508 416 2542 μετεκαλέσατο,
437 2509 553 2544 ἀνῆλθεν
578 2510 618 2540 εἰς
634 2509 679 2536 τὸν
699 2510 764 2536 Θεὸν
789 2511 884 2545 μέχρις

938 2513 1044 2541 veniam
1059 2513 1092 2540 ab
1107 2513 1205 2548 angelo
1217 2513 1348 2547 quodam,
1366 2512 1412 2547 qui
1428 2512 1528 2540 millies
1542 2514 1645 2541 mundo
1663 2521 1721 2541 ma-

97 2552 214 2587 ἑϐδόμου
240 2554 367 2588 οὐρανοῦ.
399 2555 455 2580 Καὶ
481 2554 566 2590 ᾔτησε
593 2554 758 2590 συγγνώμην
777 2556 884 2590 ἀγγέλῳ

938 2561 978 2594 ior
994 2563 1064 2592 erat,
1079 2566 1161 2593 quem
1176 2559 1281 2586 invenit
1295 2558 1338 2585 sui
1351 2558 1438 2592 ipsius
1452 2564 1563 2593 peccata
1576 2559 1721 2594 deploran-

95 2598 164 2631 τινὶ,
182 2599 299 2633 χιλιάκις
320 2599 425 2634 μείζονι
437 2600 493 2626 δντι
509 2600 556 2627 τοῦ
573 2601 685 2635 κόσμου,
699 2601 728 2627 ὃν
742 2597 804 2636 εῦρε
817 2601 884 2637 θρη-

938 2611 1003 2632 tem.
1014 2604 1082 2632 ltem
1098 2605 1248 2636 dicit.cum
1265 2603 1426 2639 prophetam
1441 2612 1500 2632 esse
1516 2604 1696 2632 universalem
1710 2612 1718 2631 :

95 2644 198 2671 νοῦντα
212 2645 246 2671 τὰ
269 2645 367 2672 ἑαυτοῦ
383 2647 580 2681 ἁμαρτήματα.
600 2647 659 2672 Ἔτι
685 2647 768 2680 φησὶν
787 2648 883 2674 ἑαυτὸν

938 2650 984 2676 sed
1001 2654 1089 2676 tamen
1106 2649 1173 2677 dicit
1188 2649 1353 2681 Alcoranum
1371 2649 1498 2676 Arabicis
1518 2649 1616 2677 litteris
1630 2657 1646 2676 a
1663 2649 1720 2677 Deo

95 2690 242 2724 προφήτην
259 2688 328 2717 εἶναι
344 2691 504 2718 καθολικόν⁵
518 2691 575 2718 an‘
594 2692 668 2727 ὅμως
687 2693 753 2727 φησι
769 2693 798 2719 τὸ
820 2693 884 2719 ’Λλη

938 2695 1116 2735 datnm_esse,
1135 2702 1224 2730 neque
1242 2695 1322 2722 ullam
1339 2694 1420 2722 aliam
1436 2694 1555 2730 linguam
1572 2702 1636 2723 eum
1648 2694 1720 2723 scire

95 2735 216 2770 κοράνον
250 2737 404 2772 ’Δρασικοῐς
429 2737 591 2773 γράμμασιν
616 2738 668 2765 ὑπὸ
692 2735 747 2764 τοῦ
759 2738 826 2764 Θεοῦ
842 2739 884 2764 δο-

938 2745 1035 2776 prwter
1050 2740 1204 2769 Arabicalr.

95 2781 181 2814 θῆναι
192 2803 199 2814 ,
229 2782 297 2818 μηδὲ
313 2782 378 2817 μίαν
394 2791 423 2809 τε
447 2784 529 2811 αὐτὸν
543 2783 626 2820 ἀλλην
642 2784 766 2819 γλῶσσαν
789 2784 887 2812 εἰδέναι
907 2787 976 2822 πλὴν
987 2787 1036 2821 τῆς
1058 2787 1215 2822 ’Λραΰικῆς.

136 2842 171 2875 ι’,
179 2841 275 2869 Matth.
292 2848 342 2873 vn,
362 2841 404 2868 l4.

265 2887 402 2917 ΡΑτιιοι..
421 2887 479 2920 Gn.
499 2889 600 2919 CLIV.

1171 2922 1176 2929 ,
1508 2893 1548 2922 3t
