1942 3090
168 129 232 160 1071

780 127 969 157 DEMETRII
992 127 1147 158 CYDfiNII

1711 128 1780 163 1072

165 187 284 215 fecisset,
307 189 334 212 et
361 185 411 211 hoc
438 184 582 212 Ostendere
606 184 710 215 volens,
733 183 838 210 inducit
863 183 946 210 Deum

999 183 1088 209 ἐκεῖνο
1106 183 1184 218 μόνον
1204 182 1266 217 περὶ
1287 183 1352 217 ἐμοῦ
1370 183 1550 214 πιστευέσθω,
1563 184 1576 210 ὃ
1594 184 1732 219 βοηθεῖται
1747 188 1780 221 τῇ

164 233 319 266 inquentem
339 236 366 258 et
392 231 548 258 dicentem:
574 230 644 257 Dixit
668 229 799 256 Dominus
820 229 853 255 ad
877 237 942 256 me:

163 279 276 312 l’mptvr
298 277 348 304 hoc
374 277 503 304 miracula
521 281 546 304 te
572 276 661 303 facere
679 283 732 302 non
756 275 895 309 permitto,
911 281 944 302 ne

163 324 211 350 til.i
227 327 337 357 propter
352 322 482 348 miracula
498 321 606 347 eveniat
620 320 692 355 quod
708 324 736 347 et
749 320 810 348 aliis
827 319 944 354 prophe-

163 370 198 395 tis
215 369 324 395 accidit.
343 368 398 395 Suo
416 368 500 402 ipsius
524 367 606 401 igitur
623 366 780 394 testimonio
805 365 946 393 convinci-

164 421 219 446 tur,
236 415 339 441 nullum
359 414 466 447 signum
484 412 591 440 fecisse.
608 412 667 446 Ipse
682 412 755 438 enim
774 411 945 438 Maltometus

163 461 294 488 continue
313 461 339 486 in
357 460 493 486 Alcorano
511 459 588 491 dicit,
605 458 677 493 quod
693 465 756 484 cum
780 457 905 484 homines
920 456 945 483 ei

162 507 302 534 uicerent:
329 505 448 533 Ostende
475 505 585 539 aliquod
613 504 730 538 signum,
748 503 817 530 sicut
840 502 945 537 Moyses

163 550 239 576 venit
261 557 323 576 cum
341 549 438 584 signis,
462 553 490 576 et
506 549 555 576 alii
574 548 689 580 scilicet,
716 552 744 575 et
764 547 901 578 Christus,
917 551 945 574 et

164 597 208 622 alii
225 596 363 630 prophetat
375 595 516 626 fecerunt;
533 594 685 629 respondit,
706 593 779 628 quod
796 593 900 628 Moyses
918 597 946 620 et

164 643 304 678 propheta:
321 642 396 669 missi
415 648 479 669 sunt
497 650 512 669 a
530 641 584 668 Dee
599 651 606 668 :
622 646 650 669 et
674 641 790 668 maxime
807 640 944 673 Christus,

164 691 209 724 qui
232 690 259 716 in
285 688 411 716 maximis
432 688 565 723 prodigiis
590 688 675 719 venit,
694 693 722 714 et
746 687 864 714 mundus
891 694 944 714 non

163 736 281 763 credidit
298 736 351 766 liis.
367 735 414 762 sed
432 735 502 762 dixit
517 735 567 761 ltos
589 734 724 761 veneficos
746 738 775 760 et
792 735 946 761 incantato-

163 790 208 810 res
221 789 292 809 esse.
316 782 432 816 Propter
449 781 500 808 hoc
517 780 589 807 Dens
609 788 662 807 non
682 780 806 814 permisit
821 779 887 806 milii
907 779 946 806 fa-

164 835 226 855 cere
243 827 384 858 miracula,
402 834 455 853 non
470 826 543 853 enim
560 825 751 852 credidissent.
768 825 820 853 Sed
839 825 900 852 veni
917 825 944 851 in

997 229 1111 263 δυνάμει
1132 229 1186 254 τῶν
1211 228 1298 262 λόγων
1320 229 1365 255 τοῦ
1389 230 1561 263 Ἀλκοράνου.
1583 230 1703 263 Ἐκεῖνος
1724 232 1781 267 γὰρ

997 273 1126 308 θαύματα
1142 274 1179 308 μὴ
1197 274 1321 309 ποιήσας,
1335 275 1382 301 καὶ
1404 275 1483 302 τοῦτο
1505 275 1590 307 δεῖξαι
1605 275 1780 310 βουλόμενος.

996 321 1101 354 εἰσάγει
1113 321 1304 356 διαλεγόμενον
1325 322 1370 347 τὸν
1389 321 1464 353 Θεὸν,
1482 322 1527 348 καὶ
1548 322 1697 356 φάσκοντα,
1712 321 1780 349 Eine

997 366 1098 400 Κύριος
1121 367 1188 400 πρός
1207 375 1252 400 με,
1269 367 1318 392 Διὰ
1338 366 1417 393 τοῦτο
1443 366 1570 400 θαύματα
1588 375 1618 393 σε
1639 369 1728 393 ποιεῖν
1748 368 1781 394 οὐ

996 412 1140 446 συγχιιδρῶ,
1160 412 1202 438 ἵνα
1227 413 1264 447 μὴ
1289 412 1336 439 καὶ
1367 413 1407 438 eo".
1433 413 1478 439 διὰ
1500 413 1535 440 τὰ
1561 413 1686 448 θαύματα
1710 415 1780 450 ὅπερ

995 457 1050 487 τοῖς
1072 456 1162 487 ἄλλοις
1188 456 1343 491 προφήταις
1373 457 1473 492 συμϐῇ.
1495 458 1534 492 Τῇ
1562 458 1659 484 ἑαυτοῦ
1689 459 1781 486 τοίνυν

996 501 1137 537 ἐλέγχεται
1154 502 1293 537 μαρτυρίᾳ
1307 502 1383 529 οὐδὲν
1401 505 1512 538 σημεῖον
1539 504 1707 539 πεποιηκώς.
1724 506 1782 532 Καὶ

996 547 1077 577 αὐτὸς
1092 547 1145 582 γὰρ
1161 549 1176 574 ό
1195 548 1343 582 Μαχούμετ
1367 549 1486 583 συνεχῶς
1512 550 1543 576 ἐν
1563 549 1602 584 τῷ
1624 550 1782 585 1Δλκορᾶ.νῳ

997 591 1088 626 φησὶν,
1110 592 1152 618 ὅτι
1172 592 1225 618 τῶν
1247 592 1400 627 ἀνθρώπων
1425 593 1560 628 λεγόντων
1586 595 1672 630 αὐτῷ,
1688 596 1784 629 Δεῖξον

997 639 1119 671 σημεῖον,
1137 636 1230 672 ὥσπερ
1248 638 1368 672 Μωῦσῆς
1396 640 1444 666 καὶ
1469 640 1585 674 Χριστὸς
1603 641 1649 667 καὶ
1665 642 1690 667 οι
1704 641 1784 668 ἄλλοι

996 682 1133 717 προφῆται
1163 683 1307 718 ἐποίησαν,
1337 685 1520 720 ἁπεκρίνατο,
1545 687 1586 713 ὅτι
1620 688 1634 713 ὸ
1658 688 1784 722 Μωῦσής

995 724 1060 761 ἦλθε
1089 727 1162 761 μετὰ
1191 728 1323 763 σημείων,
1350 730 1397 756 καὶ
1426 731 1450 756 οί
1480 730 1554 758 ἄλλοι
1579 731 1782 766 ἀπεσταλμένοι

996 773 1070 809 παρὰ
1088 773 1167 806 Θεοῦ,
1189 774 1234 802 καὶ
1256 775 1375 810 μάλιστα
1389 777 1402 802 ὁ
1415 777 1543 811 Χριστὸς,
1554 777 1583 808 ὃς
1595 778 1624 804 ἐν
1639 778 1785 812 μεγίστοις

995 819 1107 853 ἐλήλυθε
1130 820 1238 854 τέρασι,
1254 820 1302 846 καὶ
1320 821 1334 847 ὁ
1359 821 1461 856 κόσμος
1482 822 1532 848 οὐκ
1555 822 1699 850 ἐπίστευσε
1719 825 1786 850 τού-

164 874 285 908 potentia
316 880 467 900 armorum.
499 872 554 899 Hoc
589 877 680 898 autem
723 871 945 898 manifestissime

999 872 1053 895 τοις
1067 872 1073 878 ·
1092 863 1148 890 ἀλλ’
1162 864 1238 898 ἔλεγε
1262 867 1426 900 φαρμακοὺς
1446 867 1492 893 καὶ
1507 867 1607 902 γόητας
1629 866 1697 894 εἶναι
1720 870 1786 895 τού-

163 919 316 945 ostenditnr
339 918 410 952 quod
442 918 540 944 falsum
567 917 611 944 sit.
626 917 768 950 Quomodo
791 917 864 944 enim
892 924 945 943 non

164 965 344 991 credidissent
359 964 422 990 huic
438 963 546 990 facienti
563 964 704 994 miracula,
715 963 762 998 qui
776 963 879 997 absque
894 963 945 989 titi-

165 1010 265 1036 raeulis
291 1009 468 1036 crediderunt
484 1009 571 1036 solum
595 1009 733 1036 mandunti
753 1009 907 1036 interimere
921 1013 948 1035 et

167 1064 273 1090 rapere,
289 1061 317 1082 ct
333 1056 463 1090 plurimas
482 1056 608 1082 mulieres
624 1063 812 1089 corrumpere,
836 1061 864 1081 et
879 1054 947 1081 dett-

166 1107 218 1127 tem
236 1110 284 1135 pro
299 1102 390 1132 dente,
403 1106 430 1128 et
446 1102 554 1131 oculqu
570 1109 619 1135 pro
635 1102 714 1127 oculo
728 1100 868 1128 effodere?
883 1100 948 1127 Pro-

165 1146 228 1172 riivi
246 1145 320 1172 enim
336 1150 399 1172 sunt
414 1145 445 1172 ad
463 1146 527 1172 talia
545 1145 590 1179 qui
618 1146 645 1172 in
662 1145 763 1172 mundo
781 1149 946 1177 versantur;

165 1199 250 1225 quare
265 1191 307 1217 vix
327 1199 341 1217 a
357 1191 451 1218 tnultis
463 1191 603 1225 judicibUs
617 1195 644 1217 et
660 1191 812 1218 tortoribus
824 1195 851 1218 et
865 1191 948 1225 puni-

165 1238 288 1264 tionibus
312 1237 432 1264 coerceri
455 1241 579 1271 possunt.
603 1237 630 1263 ln
651 1237 771 1270 potentia
797 1243 888 1264 autem
904 1245 947 1264 ar-

166 1291 285 1315 moruut,
306 1282 378 1316 quod
409 1290 459 1316 pro
480 1282 613 1308 miraculo
637 1281 752 1313 inducit,
771 1282 945 1309 manifestum

165 1333 205 1354 est
220 1328 402 1355 mendacium.
417 1328 477 1355 Non
494 1328 566 1354 cnim
583 1335 691 1362 semper
704 1328 790 1354 victor
803 1328 865 1361 fuit,
878 1329 948 1363 sicut

168 1374 275 1407 Moyses
293 1378 319 1399 et
340 1373 419 1400 Jesus
437 1373 523 1405 Nave,
541 1378 568 1400 et
583 1374 667 1404 Elias,
686 1381 754 1407 quos
771 1374 883 1408 angelus
898 1373 949 1400 Do-

167 1420 233 1446 mini
249 1427 356 1454 scmper
370 1420 499 1453 protexit,
515 1424 540 1445 et
560 1419 701 1446 vincentes
724 1419 799 1448 fecit.
811 1420 948 1448 Mallonia-

168 1473 211 1494 lus
229 1472 318 1493 autem
337 1465 483 1500 aliquando
501 1465 636 1497 vincebat,
651 1465 798 1500 aliquando
818 1467 947 1493 vinceba-

167 1518 222 1544 tur,
242 1513 313 1539 sicut
329 1516 356 1538 et
380 1512 425 1538 alii
455 1513 573 1546 tyranni.
590 1512 690 1539 Dentes
715 1512 787 1539 enim
804 1513 863 1547 ejus
882 1520 948 1539 eon-

168 1558 224 1583 triti
240 1561 303 1584 sunt
317 1557 342 1589 iq
366 1556 448 1587 liello,
465 1561 492 1582 ct
514 1556 596 1583 facies
612 1557 717 1584 collisa.
742 1557 779 1584 Ex
793 1564 847 1591 quo
863 1557 949 1583 mani-

167 1602 265 1628 festum
276 1622 282 1632 ,
298 1601 370 1635 quod
387 1608 439 1627 non
458 1605 499 1627 est
524 1601 685 1627 miraculum
702 1601 775 1635 quod
790 1602 824 1627 ab
845 1601 886 1628 eis
901 1609 950 1635 pro

168 1648 245 1682 slgno
261 1647 401 1677 asscritnr,
423 1654 547 1681 magnam
572 1647 700 1673 videlicet
726 1646 820 1673 mundi
845 1651 949 1681 partem

168 1694 192 1720 ei
210 1699 320 1727 repente
336 1693 493 1720 adhrcsisse.
507 1692 598 1719 Talem
610 1694 682 1720 enim
697 1693 839 1720 constituit
852 1694 949 1728 legem,

168 1745 195 1764 «ιι
213 1739 275 1765 talia
296 1738 371 1764 dedit
394 1737 530 1769 mandata,
546 1737 578 1764 ad
596 1746 656 1772 quze
674 1738 798 1765 homines
812 1738 871 1764 sine
885 1738 951 1772 legi-

170 1786 221 1812 bus
237 1784 351 1819 proclivi
369 1789 451 1811 sunt:
471 1788 502 1810 ut
525 1783 552 1810 in
570 1783 759 1818 superioribus
776 1784 948 1811 manifestum

168 1836 218 1858 est.
249 1830 385 1857 Mandavit
417 1829 490 1855 enim
522 1829 588 1855 mihi
613 1829 756 1861 Dominus,
780 1829 859 1861 dixit,
884 1837 949 1856 euse

169 1881 264 1909 gentes
290 1882 464 1909 expugnare,
489 1881 632 1908 quousque
659 1873 852 1906 confiteantur,
877 1874 948 1909 quod

169 1930 224 1948 non
251 1926 292 1947 est
308 1921 380 1947 Deus
394 1924 492 1953 prreter
506 1918 602 1951 Deum,
617 1922 644 1945 et
660 1918 731 1953 quod
747 1926 796 1953 ego
810 1927 869 1946 sum
885 1927 951 1954 apo-

169 1967 255 1994 stolus
272 1965 327 1992 Dei.
338 1965 414 1997 Quod
428 1964 474 1997 qui
485 1964 601 1991 confessi
615 1967 688 1995 sunt,
700 1972 794 1991 eorum
809 1969 949 1999 argentum

169 2022 201 2039 ιι)
216 2015 457 2042 conservaverunt,
468 2014 496 2036 et
511 2009 679 2043 sanguinem.
694 2009 762 2036 lline
772 2014 798 2036 et
820 2010 949 2038 Saraceni

169 2057 264 2085 salvati
279 2056 416 2083 dicuntur.
430 2055 481 2087 Qui
496 2056 570 2081 enim
589 2054 733 2081 illaltometi
751 2056 875 2082 mandata
889 2063 949 2083 sus-

169 2102 318 2136 t'ipieballl,
333 2101 514 2128 servabantur
527 2103 554 2127 et
583 2100 616 2126 ab
630 2107 673 2132 eo,
687 2105 713 2126 et
728 2100 761 2127 ab
783 2101 824 2127 eis
837 2101 881 2135 qui
898 2101 949 2128 sub

171 2149 216 2174 iilo
239 2151 313 2173 erant
332 2155 339 2178 ς
354 2153 443 2180 neque
459 2144 655 2172 interimebant
673 2153 730 2177 eos,
748 2153 835 2180 neque
851 2146 948 2180 spolia-

997 917 1069 941 τους.
1084 910 1134 937 Διὰ
1150 910 1229 938 τοῦτο
1243 912 1256 937 ὀ
1268 911 1334 943 Θεὸς
1350 913 1379 939 οὐ
1398 913 1570 948 συνεχώρησέ
1588 923 1634 948 μοι
1651 915 1785 950 θαύματά

1000 964 1033 988 με
1062 956 1159 982 ποιεῖν.
1179 956 1216 982 οὺ
1240 957 1294 991 γὰρ
1322 957 1355 983 ἂν
1384 958 1544 984 ἐπίστευον·
1570 959 1626 985 ἀλλ’
1646 956 1730 994 ἦλθον
1755 961 1787 985 ἐν

997 1001 1111 1036 δυνάμει
1137 1002 1237 1029 ὅπλων.
1265 1001 1350 1029 Τοῦτο
1376 1003 1404 1029 δὲ
1429 1003 1571 1038 ἐλέγχεται
1591 1005 1786 1040 φανερώτατον

997 1047 1094 1081 ψεῦδος
1115 1047 1154 1075 ὸν.
1176 1048 1237 1079 Πῶς
1263 1049 1317 1083 γὰρ
1348 1050 1399 1075 οὐκ
1427 1049 1460 1076 av
1490 1050 1655 1078 ἐπίστευσαν
1683 1044 1803 1086 τούτῳ,

999 1094 1141 1126 ποιήσαντι
1163 1094 1305 1128 θαύματα,
1323 1095 1348 1120 οἱ
1368 1095 1564 1127 πιστεύσαντες
1586 1095 1660 1131 αὐτῷ
1677 1096 1786 1131 θαυμά-

998 1147 1052 1165 των
1076 1141 1172 1175 χωρὶς,
1198 1140 1279 1174 μόνον
1307 1140 1489 1176 ἐντειλαμένῳ
1513 1142 1718 1174 ἀποκτιννύναι,
1736 1145 1786 1169 καὶ

999 1184 1145 1218 ἁρπάζειν,
1162 1185 1210 1211 καὶ
1234 1185 1364 1216 πλείστας
1384 1185 1551 1220 διαφθείρειν
1572 1188 1716 1221 γυναῖκας,
1736 1189 1786 1214 καὶ

999 1230 1096 1257 ὀδόντα
1117 1231 1178 1258 ἀντὶ
1194 1231 1310 1264 ὀδόντος,
1329 1232 1377 1258 καὶ
1396 1231 1536 1267 ὀφθαλμὸν
1559 1233 1620 1260 ἀντὶ
1638 1233 1781 1268 ὀφθαλμοῦ

1000 1276 1169 1311 ὲξορύττειν;
1191 1277 1366 1312 Ἐπιρῤεπεϊς
1384 1277 1438 1311 γὰρ
1451 1277 1518 1312 πρὸς
1534 1278 1569 1305 τὰ
1582 1273 1696 1306 τοιαῦτα
1713 1281 1738 1306 οι
1754 1281 1784 1306 ὲν

1000 1323 1094 1356 κόσμῳ
1120 1322 1374 1357 ἀναστρεφόμενοι·
1398 1323 1468 1351 ὥστε
1494 1324 1569 1358 μόλις
1599 1325 1651 1352 ὑπὸ
1675 1326 1783 1353 πολλῶν

999 1367 1134 1394 δικαστῶν
1150 1368 1197 1394 καὶ
1211 1367 1381 1402 βασανιστῶν
1401 1369 1448 1395 καὶ
1470 1369 1608 1401 κολάσεων
1630 1372 1784 1399 κωλύεσθαι

998 1413 1140 1440 δύνασθαι.
1157 1414 1194 1439 Τὸ
1210 1413 1237 1439 δὲ
1266 1414 1294 1439 ὲν
1317 1413 1432 1449 δυνάμει
1457 1415 1546 1442 ὅπλων
1569 1416 1692 1452 ἀφῖχθαι,
1714 1418 1783 1453 ὅπερ

1000 1457 1059 1484 ἀντὶ
1071 1456 1207 1491 θαύματος
1219 1457 1333 1491 εἰσάγει,
1351 1459 1468 1494 φανερόν
1482 1460 1540 1486 ἐστι
1555 1460 1662 1494 ψεῦδος.
1677 1463 1715 1489 Οὐ
1727 1463 1783 1497 γὰρ

1000 1503 1043 1528 ἀεὶ
1063 1503 1174 1538 νικητὴς
1191 1500 1237 1537 ἦν,
1259 1503 1352 1538 ὧσπερ
1369 1505 1383 1530 ὀ
1399 1504 1521 1540 Μωῦσῆς
1545 1507 1592 1533 καὶ
1605 1508 1619 1533 ὀ
1636 1508 1683 1534 τοῦ
1700 1509 1783 1544 Ναυῆ

1006 1547 1120 1582 Ἰησοῦς,
1138 1548 1184 1574 καὶ
1204 1548 1299 1580 Ἠλίας
1310 1557 1318 1564 ·
1335 1546 1373 1576 ὧν
1389 1550 1503 1585 ἄγγελος
1521 1552 1623 1586 Κυρίου
1640 1553 1682 1580 ἀεὶ
1698 1554 1786 1589 ὑπερ-

1001 1594 1108 1627 ήσπιςε,
1126 1595 1171 1620 καὶ
1184 1595 1316 1626 νικῶντας
1332 1596 1431 1623 ἐποίει.
1449 1595 1478 1623 '0
1492 1596 1521 1623 δὲ
1534 1598 1683 1634 Μαχούμετ
1697 1600 1786 1627 ἐνίοτε

1003 1642 1052 1674 μὲν
1068 1641 1154 1673 ἐνίκα,
1171 1642 1257 1668 ἐνίοτε
1284 1642 1313 1669 δὲ
1335 1643 1455 1676 ἐνικᾶτο,
1473 1643 1568 1680 ὥσπερ
1589 1646 1637 1671 καὶ
1661 1645 1686 1671 οἱ
1709 1646 1786 1673 ἄλλοι

1000 1686 1147 1721 τύραννοι·
1171 1688 1195 1713 οἱ
1212 1688 1267 1722 γὰρ
1291 1688 1396 1720 ὀδόντες
1422 1689 1503 1716 αὑτοῦ
1530 1689 1729 1725 συνετρίϐησαν
1755 1693 1788 1718 ὲν

1001 1732 1120 1767 πολέμῳ,
1133 1734 1180 1759 καὶ
1192 1734 1223 1759 τὸ
1240 1734 1395 1766 πρόσωπον.
1418 1735 1462 1768 Ἐξ
1476 1731 1506 1762 οὖ
1518 1735 1608 1770 δῆλον,
1619 1736 1655 1767 ὡς
1665 1736 1716 1763 οὐκ
1726 1737 1787 1764 ἔστι

1001 1778 1093 1813 θαῦμα
1116 1779 1145 1805 τὸ
1166 1779 1232 1814 παρ’
1250 1779 1340 1806 αὐτῶν
1362 1780 1423 1806 ἀντὶ
1448 1781 1562 1816 σημείου
1580 1782 1788 1818 προκομιζόμε-

1000 1833 1054 1855 νον,
1075 1824 1106 1851 τὸ
1134 1825 1205 1859 μέγα
1236 1824 1319 1860 μέρος
1345 1825 1468 1860 δηλονότι
1497 1825 1545 1853 τοῦ
1575 1827 1679 1862 κόσμου
1708 1828 1787 1863 αὐτῷ

1000 1869 1183 1904 προστεθῆναι
1210 1870 1350 1905 ἐξαίφνης.
1381 1870 1508 1898 Τοιοῦτον
1537 1872 1592 1907 γὰρ
1616 1874 1787 1909 ὲνεστήσατο

1000 1916 1091 1949 νόμον,
1111 1915 1157 1941 καὶ
1180 1915 1308 1947 τοιαύτας
1330 1916 1446 1943 δέδωκεν
1471 1917 1592 1951 ἐντολὰς,
1605 1918 1648 1952 ἐφ’
1669 1918 1742 1953 ἄτερ
1757 1921 1785 1946 οἱ

1000 1960 1138 1995 ἄνθρωποι
1158 1963 1205 1987 καὶ
1222 1961 1311 1996 νόμων
1327 1963 1410 1998 χωρὶς
1428 1962 1598 1998 ὑπάρχουσιν
1615 1963 1732 1996 εὖκολοι,
1744 1964 1785 1997 ὡς

999 2005 1078 2040 δῆλον
1101 2005 1130 2032 ἐν
1153 2007 1209 2037 τοῖς
1227 2007 1367 2041 ἀνωτέρω.
1391 2007 1560 2035 Ἐνετείλατο
1584 2009 1638 2044 γάρ
1661 2018 1707 2045 μοι
1727 2011 1786 2037 Κύ-

1001 2058 1068 2084 ριος,
1084 2051 1161 2084 φησὶ,
1175 2045 1246 2084 ξίφει
1270 2051 1496 2086 καταπολεμῆσαι
1523 2053 1558 2080 τὰ
1585 2053 1662 2089 ἔθνη,
1685 2055 1785 2090 μέχρις

1000 2095 1033 2122 ἂν
1050 2095 1263 2130 ὁμολογήσωσιν,
1275 2096 1316 2122 ὅτι
1330 2097 1379 2123 οὑκ
1397 2097 1455 2123 ἔστι
1471 2097 1536 2129 Θεὸς
1551 2098 1621 2134 πλὴν
1637 2099 1684 2125 τοῦ
1697 2100 1780 2131 Θεοῦ,

999 2142 1046 2168 καὶ
1071 2142 1112 2168 ὃτι
1134 2141 1190 2175 ἐγὼ
1216 2141 1366 2174 ἀπόστολός
1388 2143 1446 2177 ειμι
1472 2143 1518 2170 τοῦ
1539 2144 1619 2172 Θεοῦ.
1642 2145 1732 2181 Ὅπερ
1757 2148 1782 2173 οἱ

171 2196 245 2220 ιλςιιιι.
259 2193 335 2220 Unde
349 2197 377 2219 et.
392 2191 519 2218 Saraceni
532 2198 586 2218 non
599 2196 731 2218 vocantur
747 2191 885 2223 Saraceni,
899 2192 946 2218 sed

1000 2187 1216 2221 ὁμολογήσαντες
1234 2187 1368 2222 ἐφύλαξαν
1383 2187 1413 2214 τὸ
1428 2181 1558 2223 ἀργύριον
1577 2190 1667 2216 αὐτῶν
1690 2192 1737 2217 καὶ
1752 2192 1783 2218 τὸ

172 2238 336 2269 Mcsclanrn,
353 2236 424 2271 quod
441 2237 633 2270 interpretatur
645 2236 738 2262 salvali
751 2245 761 2268 ;
774 2242 800 2263 et
825 2237 950 2264 derident

170 2285 351 2315 Christianos,
373 2286 419 2318 qui
440 2283 534 2310 dicunt
568 2283 672 2317 seipsos
698 2283 825 2310 salvatos.
859 2283 950 2310 Multis

171 2336 260 2357 autent
288 2330 369 2357 talem
395 2330 509 2356 salutem
527 2337 541 2356 a
566 2328 719 2355 Maltometo
735 2330 950 2363 suscipientibus

172 2381 282 2409 propter
292 2376 447 2409 przedictam
456 2381 576 2405 causam,
586 2374 666 2408 jussit
675 2379 734 2408 post
744 2375 800 2400 lnee
810 2374 948 2408 prmdtcari

170 2423 242 2455 quod
255 2421 412 2455 quicunque
424 2420 533 2451 dixerit,
545 2418 603 2446 Non
616 2425 655 2446 est
669 2420 737 2446 Deus
747 2425 844 2452 prmter
855 2419 949 2450 Deum,

171 2467 282 2492 intrabit
298 2466 324 2492 in
341 2465 507 2499 paradisum,
534 2465 584 2492 etsi
615 2466 737 2491 mmelius
750 2465 796 2496 sit,
812 2465 853 2491 vel
869 2465 949 2492 latro.

172 2512 250 2539 Venit
263 2518 355 2538 autem
370 2512 402 2538 ad
420 2519 481 2538 eum
497 2512 606 2545 quidam
619 2511 664 2545 qui
681 2511 778 2537 Evordi
796 2511 947 2542 dicebatur,

170 2564 296 2590 quzrrens
319 2556 352 2582 ab
369 2563 414 2588 eo,
430 2557 451 2582 si
470 2556 520 2582 hoc
543 2555 720 2599 est‘verum?
738 2555 887 2589 liespondit
903 2563 951 2581 au-

172 2605 238 2633 tem,
255 2601 354 2628 Etiam.
373 2601 406 2628 Et
424 2600 499 2627 addit
515 2600 547 2627 ad
564 2600 712 2635 praedicta:
729 2600 756 2626 Si
778 2600 853 2626 bibat
868 2600 947 2626 etiam

172 2648 275 2678 vinum,
285 2647 326 2674 vel
342 2652 369 2674 et
384 2646 579 2673 interficiat.Et
592 2646 668 2672 addit
682 2654 688 2672 :
704 2646 789 2672 Etiam
802 2646 824 2673 si
841 2646 950 2673 torserit

170 2691 286 2719 abidode
297 2690 351 2726 [ΑΙ.
365 2689 508 2725 cbidondw]
521 2697 607 2716 nares.
620 2689 658 2715 Ad
676 2689 890 2715 confirmandum
902 2696 950 2714 au-

172 2743 225 2764 tem
250 2737 307 2764 haec
322 2737 425 2768 omnia,
443 2736 546 2763 nullum
562 2735 668 2769 signum
683 2734 812 2766 ostendit,
827 2734 873 2760 sed
899 2742 949 2760 nn-

172 2783 245 2810 davit
265 2790 369 2809 ensem.
392 2782 457 2808 Item
481 2782 584 2808 clarius
599 2780 756 2807 continetur
787 2781 813 2806 in
829 2781 948 2813 capitulo

174 2831 380 2863 prophetarum.
411 2827 523 2862 Legitur
549 2826 622 2854 enim
656 2826 696 2852 sic
725 2825 798 2853 illic:
826 2826 882 2852 Dixi
915 2826 948 2853 de.

1001 2230 1080 2265 αἷμα.
1103 2231 1243 2258 Ἐντεῦθεν
1267 2232 1314 2259 καὶ
1339 2233 1364 2258 οἱ
1391 2233 1562 2268 Σαρῤακηνοὶ
1587 2234 1710 2268 λέγονται
1739 2246 1783 2264 σε-

1002 2278 1144 2311 σωσμένοι.
1172 2278 1204 2303 Ol
1230 2279 1283 2312 γὰρ
1307 2278 1355 2309 τὰς
1385 2278 1431 2305 τοῦ
1458 2279 1609 2315 Μαχούμετ
1639 2278 1781 2316 δεχόμενοι

1000 2324 1109 2355 “tota;
1131 2324 1314 2357 ὲφυλάσσοντο
1340 2325 1388 2350 καὶ
1411 2324 1457 2350 ὑπ’
1482 2325 1575 2359 αὑτοῦ,
1596 2326 1643 2352 καὶ
1658 2327 1710 2353 ὑπὸ
1725 2330 1781 2354 τῶν

1000 2369 1105 2395 ἐκείνου
1118 2377 1126 2385 ·
1143 2370 1189 2396 καὶ
1205 2370 1267 2396 οὔτε
1291 2371 1418 2404 ἐφόνευον
1439 2371 1548 2403 αὐτοὺς,
1565 2371 1626 2398 οὕτε
1647 2373 1784 2401 ὲλωποδύυ

1000 2422 1074 2443 τουν.
1091 2414 1171 2441 Ὅθεν
1195 2415 1242 2440 καὶ
1266 2415 1290 2440 οἱ
1312 2415 1485 2450 Σαρρακηνοὶ
1498 2417 1528 2442 οὐ
1549 2416 1695 2443 καλοῦνται
1712 2419 1782 2453 £2.6-

1002 2460 1125 2494 ρακηνοὶ,
1147 2459 1214 2485 ἀλλὰ
1231 2459 1386 2493 Νεσελαμίν
1398 2468 1405 2476 -
1422 2460 1436 2486 ὃ
1457 2461 1639 2496 ἑρμηνεύεται
1680 2470 1783 2490 σεσω-

1000 2504 1122 2538 σμένοι·
1137 2506 1182 2531 καὶ
1209 2505 1378 2538 καταγελῶσι
1393 2505 1446 2532 τῶν
1460 2506 1783 2542 Χριστιανῶν,).εγόντων

1000 2550 1112 2579 ἑαυτοὺς
1125 2550 1325 2583 σεσωσμένους.
1340 2550 1448 2576 Πολλῶν
1463 2551 1498 2576 se
1522 2551 1570 2586 τὴν
1584 2552 1713 2586 τοιαύτην
1731 2562 1784 2581 σω-

1000 2595 1097 2630 τηρίαν
1129 2596 1203 2630 παρὰ
1232 2595 1279 2621 τοῦ
1307 2596 1457 2631 Μαχούμετ
1488 2597 1625 2624 λαΰόντων
1655 2598 1700 2625 διὰ
1731 2600 1784 2633 τὴν

1000 2642 1203 2676 προειρημένην
1217 2641 1318 2674 αἰτίαν,
1335 2643 1461 2669 ἐκέλευσε
1485 2643 1555 2678 μετὰ
1571 2643 1658 2671 ταῦτα
1675 2645 1783 2680 κηρύτ-

999 2687 1092 2713 τεσΟαι
1107 2689 1193 2714 πάντα
1217 2688 1264 2714 τὸν
1284 2689 1396 2722 λέγοντα
1418 2690 1455 2724 μὴ
1477 2687 1547 2716 εἶναι
1566 2690 1632 2717 Θεὸν
1647 2690 1718 2726 πλὴν
1734 2691 1785 2718 τοῦ

1000 2733 1066 2760 θεοῦ
1080 2734 1282 2761 εῐτελεύπεσθαι
1300 2735 1339 2766 είς
1352 2735 1398 2762 τὸν
1416 2736 1591 2770 παράδεισον,
1607 2738 1632 2763 εἰ
1648 2738 1695 2764 καὶ
1715 2739 1784 2772 πόρ-

1000 2788 1042 2810 νος
1059 2780 1132 2806 ἐστὶν
1143 2780 1159 2815 ἦ
1172 2780 1282 2815 λῃστής.
1297 2778 1382 2807 Ἦλθε
1394 2782 1421 2807 δέ
1433 2790 1474 2812 τις
1483 2782 1551 2816 πρὸς
1560 2783 1640 2809 αὐτὸν
1656 2783 1779 2818 Εὑδορδῆ

1000 2825 1155 2859 λεγόμενος,
1167 2826 1254 2860 ζητῶν
1272 2826 1336 2860 παρ’
1351 2827 1475 2859 dimisi
1489 2827 1559 2854 τοῦτ’
1571 2828 1644 2855 ἐστιν
1659 2829 1778 2862 ὁ.λτ,οές;
