1942 3090
143 151 208 185 1073

732 156 877 185 ριλχτιιλ
899 155 1152 187 ΜΛΠΟΜΕΤΕΜ.

1683 157 1749 191 1074

141 205 330 241 Ἀπεκρίνατο·
350 206 412 234 Ναί.
435 208 490 234 Καὶ
509 209 729 243 προσέθηκεν,’¹11
746 211 793 237 καὶ
807 211 855 245 τὴν
874 210 919 236 τοῦ

973 210 1135 243 Mahometo,
1152 211 1176 238 id
1193 216 1244 243 est,
1261 211 1394 239 insomnia
1415 212 1553 244 audivisti,
1572 212 1755 246 blasphemias

141 252 256 287 Εὕδορδα
267 253 337 288 ῥῖνα.
350 253 420 287 Πρὸς
432 253 460 279 δὲ
474 253 503 279 τὸ
521 254 647 288 βεϐαιοῦν
663 256 749 282 ταῦτα
768 256 921 289 πάντα,οὑ-

141 297 180 324 δὲν
195 296 279 329 ἔδειξε
292 299 406 336 σημεῖρν
419 307 425 314 ·
441 298 498 325 ἀλλ’
510 300 670 334 ἀπεγύμνου
687 302 766 335 μόνον
782 302 812 328 τὸ
833 303 919 337 ξίφος.

143 343 200 369 Ἔτι
215 343 406 380 καθαρώτερον
427 344 585 380 περιέχεται
607 347 636 372 ἐν
651 347 689 382 τῷ
705 348 846 383 κεφαλαίῳ
863 348 918 375 τῶν

141 389 293 424 προφητῶν.
304 390 531 422 Ἀναγινώσκεται
540 391 593 426 γὰρ
603 391 687 424 οὕτως
697 393 754 419 ἐκεῖ
762 401 769 408 “
781 392 862 420 Εἶπον
873 403 920 420 πε-

142 434 166 468 ρὶ
174 433 219 460 τοῦ
230 435 361 469 Μωάμεθ·
371 437 510 463 τουτέστιν
518 437 650 465 ἐνυπνίων
662 440 792 474 ἀκήκοας,
801 441 921 476 βλασφη-

142 479 202 513 μίας
218 480 380 515 συνέθηκας,
398 481 413 516 ἦ
431 482 496 514 ῑσως
510 483 654 518 ῥαψῳδετς.
677 485 752 512 Ἐλοὲ
766 487 832 521 πρὸς
848 487 922 521 ἡμᾶς

139 524 312 562 τόὺλάχιστον
326 529 354 555 ὲν
364 529 403 556 ἐνὶ
416 529 547 564 θαύματι,
565 531 594 558 ὃν
605 532 705 567 τρόπον
720 534 767 560 καὶ
780 535 804 560 οἱ
820 535 919 568 πρότε-

141 581 183 607 ρον
193 573 394 609 ἀπεστάλησαν.
413 576 574 613 Ἀπεκρίθη,
585 579 820 615 Κατεστρέψαμεν
832 578 920 615 (εἶπεν

139 620 151 645 ὁ
174 619 251 656 Θεὸς)
264 621 313 652 τὰς
333 621 424 654 πόλεις
448 622 562 651 ἐνώπιον
582 624 636 651 τῶν
655 619 691 660 μὴ
708 628 920 660 πιστευσάντων,

139 665 182 690 καὶ
196 665 265 699 μετὰ
278 666 364 693 ταῦτα
380 667 406 693 ol
429 667 481 703 πρὸ
501 669 577 704 ὑμῶν
597 671 646 697 οὐκ
663 671 844 699 ἐπίστευσαν·
861 672 919 699 ἀλλ’

138 711 191 737 οὐδ’
202 711 234 738 ἂν
245 711 325 746 ὑμεῖς
337 713 525 745 ἐπιστεύσατε,
539 715 564 747 εί
579 715 615 751 μὴ
631 716 674 744 διὰ
685 717 788 750 ξίφους.
808 719 916 752 Διισχυο

141 757 227 790 ρίζετο
241 758 269 784 δὲ
286 758 371 792 ὅμως,
385 759 422 791 ὡς
442 760 494 786 ὑπο
509 760 555 787 τοῦ
574 761 641 787 Θεοῦ
657 763 723 796 πρὸς
740 763 821 789 αὐτὸν
837 764 850 789 6
865 764 918 790 Γα-

140 802 217 837 ϐριὴλ
234 804 424 838 ἀπεστέλλετο,
448 806 523 840 ἄγων
542 807 609 841 πρὸς
626 807 708 833 αὑτὸν
727 809 771 834 καί
789 817 815 834 τι
838 809 917 841 ζῶον,

139 848 197 874 ὖνου
220 849 268 883 μὲν
286 850 387 883 μεῖζον,
404 851 516 885 ἡμιόνου
536 852 563 878 δὲ
580 852 699 880 ἔλαττον.
718 854 820 888 Ὄνομα
838 855 865 880 δὲ
884 853 919 890 ἦν

139 891 175 926 τῷ
189 891 250 927 ζώῳ
271 893 438 929 Ἐλμπεράκ.
456 895 595 929 Διελέγετο
605 897 632 922 δὲ
645 897 675 923 τὸ
691 896 769 930 ζῶον.
785 899 917 932 περιεπά-

139 945 178 964 τει
196 938 225 964 δὲ
240 939 268 964 ὲν
288 940 337 975 μιᾷ
348 939 407 976 ὥρᾳ
422 941 479 967 ὁδὸν
498 943 665 977 πεντήκοντα
688 944 815 978 χιλιάδων
834 945 916 971 ὲτῶν·

140 985 185 1010 καὶ
200 984 285 1011 ταῦτα
302 986 387 1012 ὲποίει
402 987 430 1013 ἐν
445 987 533 1014 νυκτί.
547 988 601 1014 Καί
614 997 690 1020 τινας
705 990 798 1022 ἄλλους
810 991 918 1026 λήρους,

139 1031 202 1065 περὶ
216 1027 253 1058 ὧν
269 1032 296 1058 ὲν
311 1032 350 1067 τῷ
366 1033 471 1068 δεκάτῳ
485 1034 624 1069 κεφαλαίῳ
636 1036 705 1070 μετὰ
717 1036 802 1064 ταῦτα
815 1038 919 1073 εἰρήσε-

138 1085 191 1104 ται.
213 1076 244 1104 Ἥ
259 1077 286 1104 δὲ
300 1078 479 1115 Χριστιανικὴ
493 1080 594 1112 πίστις,
608 1081 672 1116 περὶ
689 1082 814 1116 μεγάλων
831 1083 919 1109 ἐντελ-

139 1123 247 1158 λομένη,
272 1125 318 1150 ἐπὶ
340 1125 458 1160 θαύμασι
477 1128 603 1162 φανεροῖς
630 1129 678 1154 καὶ
701 1129 844 1164 χρησίμοις
871 1129 918 1164 ὃλη

138 1168 339 1203 τεθεμελίωται,
356 1170 428 1205 ἅπερ
451 1171 482 1197 οὐ
499 1172 580 1206 μόνος
598 1173 748 1208 πεποίηκεν
762 1175 775 1200 ὁ
792 1175 917 1209 Χριστὸς,

138 1213 204 1240 ἀλλὰ
221 1215 268 1242 καὶ
282 1216 305 1242 oi.
320 1215 465 1243 ἀπόστολοι
482 1217 541 1251 μετ’
556 1218 648 1250 αὐτὸν,
666 1219 776 1253 προσέτι
792 1219 820 1246 δὲ
835 1220 881 1246 καὶ
894 1219 919 1246 οι

137 1259 301 1293 διδάσκαλοι,
320 1262 344 1288 οί
359 1261 389 1288 τὸ
413 1262 578 1296 Εὑαγγέλιον
603 1264 651 1290 καὶ
666 1264 715 1295 τὰς
733 1265 842 1299 Γραφὰς
866 1265 919 1291 τῶν

138 1303 293 1332 ἀποστόλων
307 1305 519 1341 ἐξηγησάμενοι.
541 1309 596 1334 Καὶ
611 1308 692 1343 μέχρι
711 1309 764 1335 τῶν
779 1310 920 1344 παρόντων

139 1349 241 1384 καιρῶν
257 1349 449 1385 διαρκοῦσιςτὰ
466 1352 603 1388 θαύματα,
623 1353 757 1388 δαιμόνων
774 1354 920 1389 ἐλαυνομέ-

137 1402 200 1427 νων,
216 1395 336 1424 ἀσθενῶν
350 1398 589 1433 θεραπευομένων,
602 1400 706 1434 νεκρῶν
721 1400 919 1434 ἀνισταμένων.

138 1442 230 1470 Ταῦτα
247 1443 280 1470 τὰ
303 1443 429 1479 θαύματα
453 1447 479 1472 οι
499 1445 657 1479 Χριστιανοὶ
675 1446 720 1472 καὶ
741 1446 917 1480 πεποιήκασι,

137 1490 182 1516 καὶ
195 1489 325 1524 ποιοῦσιν,
341 1491 366 1517 οἱ
381 1491 504 1525 λέγοντες
520 1491 565 1518 τὸν
581 1491 787 1526 ἐσταυρωμένον
804 1492 920 1526 Χριστὸν

972 257 1161 290 composuisti,
1177 257 1218 283 vel
1242 257 1311 284 forte
1330 261 1435 284 cantas.
1455 257 1522 283 Veni
1537 258 1568 284 ad
1588 265 1636 284 nos
1651 258 1682 284 ad
1700 258 1754 284 mi-

971 310 1022 329 nus
1039 303 1065 329 in
1084 310 1138 329 uno
1154 303 1297 335 miraculo,
1314 311 1368 337 quo
1384 303 1464 330 modo
1481 308 1508 330 ct
1525 303 1571 337 qui
1587 303 1663 337 prius
1677 303 1752 330 missi

969 351 1042 374 sunt.
1060 347 1231 382 Respondit:
1249 347 1440 375 Subvertimus
1465 348 1544 382 (dixit
1569 347 1651 383 Deus)
1669 347 1752 374 urbes
1799 343 1809 346 ”

970 401 1061 421 coratn
1077 402 1130 420 non
1147 394 1334 426 credentibus,
1350 400 1377 422 et
1402 400 1462 429 post
1484 395 1541 422 hzec
1566 395 1613 429 qui
1643 395 1753 422 fuerunt

969 445 1031 467 ante
1045 447 1102 472 vos,
1116 447 1170 467 non
1185 440 1373 468 crediderunt.
1387 440 1439 467 Sed
1457 447 1545 475 neque
1563 447 1610 467 vos
1627 440 1750 472 creditis,

969 485 1022 512 nisi
1041 493 1089 520 per
1106 494 1209 513 ensem.
1226 487 1372 514 Asserebat
1389 491 1491 518 tamen,
1507 487 1580 521 quod
1604 495 1620 514 a
1645 486 1700 514 Deo
1715 486 1749 514 ad

968 539 1031 559 eum
1049 532 1148 559 missus
1164 536 1206 560 est
1219 532 1339 566 Gabriel,
1353 532 1457 560 ducens
1472 533 1505 560 ad
1527 541 1590 560 eum
1612 533 1749 568 quoddam

969 577 1081 609 animal,
1099 578 1187 613 majus
1200 578 1310 612 quidem
1326 577 1414 611 asino,
1435 578 1527 606 minus
1546 583 1637 606 autem
1654 579 1748 611 mulo;

969 630 1068 649 nomen
1084 627 1176 650 autem
1191 623 1301 650 animali
1315 628 1374 651 erat
1387 624 1557 658 Elmaparac.
1574 624 1750 659 Loquebatur

967 673 1058 695 autem
1066 669 1178 701 animal,
1191 669 1401 704 ambulabatque
1415 670 1442 696 in
1459 670 1525 697 hora
1542 670 1612 697 viam
1629 670 1751 704 quinque

969 713 1083 740 millium
1094 721 1239 745 annorum,
1249 719 1276 742 et
1289 715 1346 742 hmc
1359 715 1473 742 faciebat
1485 716 1511 742 in
1524 721 1615 743 nocte.
1627 715 1660 742 Et
1671 723 1750 750 quas—

969 759 1030 786 dam
1046 760 1112 787 alias
1128 760 1243 792 fabulas,
1265 761 1299 788 de
1322 761 1423 796 quibus
1448 761 1476 788 iu
1502 761 1608 788 decimo
1630 762 1750 796 capitulo

968 809 1029 838 post
1045 805 1101 833 haec
1114 806 1229 834 dicetur.
1244 807 1398 834 Christiana
1411 806 1501 834 autem
1515 807 1581 835 ﬁdes
1593 815 1653 842 quae
1664 808 1749 835 ardua

969 851 1101 885 praecipit,
1116 852 1144 878 in
1168 852 1309 880 miraculis
1325 853 1478 880 manifestis
1502 858 1530 880 et
1555 853 1668 880 utilibus
1694 858 1750 882 tota

969 896 1080 924 fundata
1102 904 1153 930 est,
1174 906 1234 933 quae
1257 906 1312 925 non
1337 899 1424 926 solum
1449 899 1513 926 fecit
1538 898 1672 931 Christus,
1702 899 1749 926 scd

969 943 1051 970 etiam
1065 944 1181 978 apostoli
1201 949 1262 979 post
1278 951 1352 978 eum,
1370 949 1502 980 praetcrea
1519 949 1544 972 et
1562 945 1685 980 magistri
1703 946 1749 979 qui

969 989 1145 1025 Evangelium
1168 996 1197 1018 et
1223 990 1380 1025 Scripturas
1404 991 1590 1026 apostolorum
1615 998 1750 1025 exposue—

970 1040 1044 1068 runt,
1058 1040 1085 1063 et
1102 1044 1188 1071 usque
1205 1037 1239 1064 ad
1257 1037 1400 1071 praesentia
1417 1041 1540 1071 tempora
1552 1037 1652 1063 durant
1667 1036 1749 1063 mira-

969 1082 1040 1114 cula,
1060 1082 1256 1109 dmmoniorum
1271 1090 1332 1117 qua).
1345 1082 1533 1117 expelluntur,
1556 1082 1687 1108 debilium
1703 1082 1749 1116 qui

969 1130 1111 1159 curantur,
1127 1132 1155 1154 et
1169 1131 1340 1154 mortuorum
1352 1127 1399 1162 qui
1412 1132 1568 1161 resurgunt.
1584 1127 1645 1153 Haec
1658 1130 1751 1153 autem

970 1171 1100 1199 miracula
1116 1172 1267 1200 Christiani
1293 1172 1417 1199 fecerunt
1441 1177 1469 1200 et
1495 1172 1609 1203 iaciunt.
1628 1172 1753 1199 dicentes

970 1219 1109 1245 Christum
1123 1219 1284 1246 crucifixum
1295 1223 1323 1246 et
1335 1226 1428 1246 verum
1441 1222 1469 1246 et
1477 1219 1564 1245 solum
1580 1218 1663 1244 Deum
1677 1224 1750 1244 esse.

970 1263 1034 1296 Qua:
1047 1263 1069 1290 si
1086 1264 1179 1290 dicant
1192 1264 1321 1291 Saraceni
1340 1271 1394 1290 non
1412 1264 1534 1296 credere,
1552 1268 1680 1299 tanquam
1695 1265 1752 1292 htec

970 1317 1023 1336 nou
1048 1310 1120 1337 facta
1145 1309 1210 1341 sint,
1236 1309 1378 1337 ostendam
1405 1310 1445 1337 eis
1464 1310 1553 1345 majus
1578 1310 1750 1338 miraculum.

971 1355 1144 1382 Manifestum
1161 1356 1246 1389 enim,
1261 1356 1334 1391 quod
1350 1361 1413 1383 ante
1434 1356 1574 1383 Christum
1598 1361 1672 1384 totus
1695 1357 1752 1384 fere

971 1401 1089 1427 mundus
1104 1401 1186 1427 idolis
1208 1400 1339 1428 honorem
1360 1400 1508 1433 tribuebat,
1527 1401 1642 1428 maxime
1660 1406 1753 1428 autem

971 1446 1096 1477 Romani,
1113 1445 1158 1480 qui
1175 1445 1268 1473 mundi
1283 1445 1470 1473 monarchiam
1483 1446 1615 1473 tenebant
1629 1455 1637 1479 ;
1655 1446 1702 1474 sed
1723 1446 1751 1474 hi

971 1491 1190 1519 Christianorum
1216 1490 1297 1518 ﬁdem
1321 1496 1508 1526 susceperunt.
1536 1496 1564 1518 ct
1586 1499 1639 1518 non
1663 1493 1752 1519 solum

137 1535 224 1570 άληθῆ
247 1537 295 1563 καὶ
322 1536 401 1572 μόνον
424 1535 495 1565 εἶναι
517 1537 603 1564 Θεόν·
625 1538 697 1572 ἅπερ
720 1539 744 1564 εὶ
768 1537 871 1571 λέγοιεν
894 1538 919 1564 οἱ

971 1536 1149 1564 crediderunt
1160 1544 1254 1563 verum
1263 1537 1348 1564 Deum
1360 1544 1418 1564 esse
1428 1537 1566 1564 Christum
1579 1537 1750 1570 cruciﬁxum,

136 1582 309 1617 Σαρρακηνοὶ
325 1583 362 1618 μὴ
377 1584 528 1617 πιστεύειν,
545 1584 582 1615 ὼς
601 1584 637 1618 μὴ
654 1584 822 1618 γενομένοις,
837 1583 920 1616 δείξο-

137 1637 186 1662 μεν
201 1629 292 1661 αύτοῖς
310 1629 402 1664 μεῖζον
419 1630 522 1665 θαῦμα.
537 1629 656 1664 Φανερὺν
674 1629 728 1664 γὰρ
741 1629 778 1660 ὡς
799 1629 851 1664 πρὸ
871 1629 917 1656 τοῦ

135 1675 254 1710 Χριστοῦ
278 1676 368 1710 σχεδὸν
390 1676 450 1709 ὅλος
467 1678 481 1703 ὁ
506 1677 606 1710 κόσμος
625 1678 681 1708 τοῖς
701 1675 820 1706 εἰδώλοις
836 1675 920 1706 σέϐας

135 1721 272 1756 ἀπένεμον
282 1729 289 1737 ·
307 1722 424 1756 μάλιστα
436 1723 465 1750 δὲ
481 1723 505 1749 οἱ
524 1723 667 1758 Ῥωμαῖοι,
682 1723 705 1748 ol
721 1722 770 1756 τὴν
784 1721 919 1756 κοσμικὴν

135 1765 242 1801 ἔχοντες
263 1768 421 1803 μοναρχίαν.
443 1767 513 1794 Ἀλλ’
530 1764 602 1794 οὗτοι
616 1767 665 1803 τὴν
681 1766 734 1793 τῶν
750 1765 919 1802 Χριστιανῶν

136 1811 261 1844 ἐδέξαντο
275 1813 375 1846 πίστιν,
387 1814 434 1840 καὶ
447 1813 477 1840 οὐ
489 1813 568 1848 μόνον
579 1813 742 1839 ἐπίστευσαν
757 1811 843 1847 ἀληθῆ
855 1811 921 1837 Θεὺν

136 1857 207 1885 εἶναι
220 1859 265 1885 τὸν
278 1859 485 1894 ἐσταυρωμένον
499 1859 628 1893 Χριστὸν,
643 1858 709 1886 ἀλλά
726 1858 773 1884 καὶ
787 1858 931 1885 κατέπτυι

138 1910 187 1929 σαν
200 1903 308 1929 πάντων
319 1903 373 1930 τῶν
386 1903 473 1929 ἄλλων
485 1903 565 1934 θεῶν,
578 1902 656 1937 οἷπερ
667 1902 714 1928 ἐπὶ
723 1901 849 1929 τοσοῦτον
859 1902 921 1936 χρό-

138 1948 181 1974 νον
193 1948 333 1982 χρησμοὺς
347 1948 437 1980 αὐτοῖς
448 1948 493 1974 διὰ
507 1948 560 1974 τῶν
570 1947 685 1974 εἰδώλων
699 1947 829 1974 ἐδίδοσαν.
845 1947 919 1981 Βαρὺ

135 1992 164 2019 δὲ
176 1993 252 2020 οὐδὲν
261 1993 350 2025 αὐτοῖς
362 1993 521 2020 ἐπετίθεσαν
530 1995 579 2028 τῆς
588 1993 781 2028 Χριστιανικῆς
793 1993 919 2024 πίστεως,

135 2039 222 2070 οὕτως
242 2039 333 2074 ἀήθων
351 2040 396 2066 καὶ
415 2040 540 2075 μεγάλων
558 2039 732 2066 ἐπιτιθέντων
749 2039 786 2073 τῷ
809 2039 919 2073 κόσμῳ·

135 2083 193 2111 οἷον
207 2086 387 2119 καταφρονεῖν
401 2087 514 2121 κόσμου,
530 2087 708 2121 καταφρονεῖν
728 2085 834 2118 ἑαυτοῦ,
853 2086 921 2119 ἀγα-

135 2132 191 2167 πᾷν
213 2133 275 2163 τοὺς
296 2132 417 2167 δχθροὺς,
442 2132 658 2168 εῦχεσθαι-ύπὲρ
673 2132 726 2158 τῶν
749 2132 920 2163 διωκόντων,

134 2176 290 2210 εὐεργετεῖν
306 2177 369 2207 τοὺς
388 2177 611 2209 κακοποιοῦντας,
627 2177 661 2203 τᾶι
676 2176 804 2211 ἀλλότρια
820 2176 856 2212 μὴ
869 2176 919 2210 ἅρ-

133 2221 245 2253 πάζειν,
261 2221 295 2248 τά
312 2221 366 2248 [δια
386 2221 556 2257 χαρίζεσθαι.
571 2221 662 2248 Ταῦτα
679 2221 767 2248 πάντα
783 2221 797 2246 ὁ
820 2219 919 2254 κόσμος

134 2267 190 2298 πᾶς
198 2266 387 2301 προσεδέξατο,
400 2267 448 2302 τὴν
457 2267 591 2302 προτέραν
598 2267 673 2299 τάξιν
682 2266 898 2301 ἀποὸαλλόμενος
910 2274 916 2280 ·

134 2312 152 2346 ἢ
167 2311 259 2338 τοίνυν
275 2311 310 2338 δι’
322 2312 421 2338 ίκανῶν
433 2312 580 2346 θαυμάτων
594 2312 723 2343 πεισθεὶς,
739 2312 754 2347 ἦ
771 2311 917 2346 θαυμάτων

134 2356 231 2392 χωρίς.
244 2357 344 2390 Μεῖζον
356 2357 384 2384 δέ
399 2359 457 2384 ἐστι
474 2358 566 2394 θαῦμα
585 2358 626 2385 ὅτι
641 2358 688 2384 καὶ
707 2357 853 2391 θαυμάτων
864 2366 918 2392 χω-

135 2403 180 2438 ρὶς
200 2402 233 2428 δι’
259 2403 408 2438 ἀνθρώπων
435 2404 547 2431 ἰδιωτῶν
564 2404 611 2431 καὶ
634 2403 754 2430 ἀσθενῶν
778 2402 920 2438 δεδύνηται

131 2448 215 2475 τοῦτο
225 2449 361 2483 γενέσθαι.
375 2449 429 2476 Καὶ
443 2450 515 2476 τοῦτ’
528 2450 656 2484 ἐποίησαν
668 2450 692 2475 ol
703 2449 861 2484 Χριστιανοὶ
870 2450 919 2475 οὐκ

133 2494 232 2526 ἄλλους
247 2494 416 2530 φονεύοντες,
428 2495 495 2521 ἀλλὰ
509 2495 555 2521 τὸν
565 2495 629 2531 παρ’
642 2495 728 2522 ἄλλων
744 2496 834 2524 αὐτοῖς
849 2495 917 2520 ἑπα-

970 1581 1017 1608 sed
1032 1585 1060 1608 et
1075 1585 1239 1615 respuerth
1251 1589 1346 1609 omnes
1361 1581 1430 1609 alios
1441 1582 1518 1614 deas,
1531 1583 1575 1617 qui
1592 1587 1667 1610 tanto
1680 1586 1750 1611 tcm-

969 1633 1034 1660 pore
1052 1634 1180 1661 responsa
1193 1627 1234 1654 eis
1246 1634 1295 1661 per
1310 1627 1382 1654 idola
1394 1626 1539 1654 dederunt.
1555 1628 1643 1655 Grave
1658 1634 1750 1655 autem

969 1670 1038 1697 nihil
1059 1670 1260 1705 imposuerunt,
1272 1678 1333 1698 cum
1350 1670 1506 1698 Christiana
1519 1671 1586 1699 ﬁdes
1597 1672 1636 1698 sic
1654 1672 1751 1699 desue-

970 1720 996 1743 ta
1013 1720 1041 1743 et
1057 1716 1141 1743 ardua
1155 1716 1259 1743 mundo
1276 1716 1461 1751 imposuisset,
1477 1717 1549 1745 sicut
1572 1721 1750 1746 contemnere

970 1762 1112 1794 mundum,
1137 1766 1314 1790 contemnere
1338 1762 1469 1797 seipsum,
1496 1770 1588 1790 amare
1615 1763 1750 1796 inimicos,

970 1815 1049 1835 orare
1063 1815 1111 1843 pro
1125 1808 1364 1843 persequentibus,
1380 1808 1541 1836 benefacere
1556 1809 1752 1837 malefacienti-

970 1854 1034 1886 bus.
1049 1854 1136 1881 aliena
1152 1862 1207 1881 non
1229 1862 1337 1889 rapere,
1353 1856 1463 1890 propria
1485 1856 1598 1884 donare.
1616 1856 1678 1884 llaec
1691 1864 1751 1883 om-

971 1900 1015 1926 nia
1040 1899 1159 1926 mundus
1184 1899 1314 1934 suscepit,
1334 1900 1416 1926 ritum
1442 1899 1587 1934 pristinum
1610 1900 1750 1935 abjicicns.

971 1944 1017 1972 Vel
1035 1945 1117 1979 igitur
1141 1944 1340 1973 sufﬁcientibus
1364 1946 1503 1973 miraculis
1529 1953 1676 1981 persuasus
1697 1950 1750 1979 est,

971 1990 1012 2017 vel
1027 1989 1130 2025 absque
1144 1991 1294 2019 miraculis.
1312 1991 1397 2026 Maius
1413 1997 1503 2018 autem
1519 1997 1561 2019 est
1576 1992 1749 2024 miraculum,

971 2040 999 2063 et
1015 2036 1118 2071 absque
1134 2037 1277 2064 miraculis
1293 2045 1341 2072 per
1355 2037 1480 2064 homines
1497 2038 1596 2065 idiotas
1607 2043 1634 2065 et
1649 2038 1753 2073 simpli-

972 2089 1017 2108 ces
1035 2081 1155 2116 potuisse
1172 2082 1224 2109 hoc
1238 2082 1308 2109 ﬁeri.
1326 2083 1359 2109 Et
1374 2082 1572 2110 hoc.fccerunt
1588 2083 1751 2116 Christiani,

972 2134 1027 2153 non
1050 2127 1118 2154 alios
1141 2127 1341 2159 interimentes,
1366 2129 1413 2155 sed
1441 2129 1476 2156 ab
1499 2129 1561 2156 aliis
1584 2130 1624 2157 eis
1651 2129 1752 2156 illatam

972 2177 1086 2199 mortem
1105 2173 1240 2206 patienter
1264 2174 1442 2201 sustinentes.
1468 2174 1643 2202 Manifestum
1668 2175 1752 2209 igitur

972 2216 1101 2243 omnibus
1119 2217 1208 2244 modis
1228 2217 1446 2245 Christianorum
1469 2218 1550 2245 ﬁdem
1568 2218 1595 2245 in
1614 2218 1754 2245 miraculis

972 2261 1115 2295 stupendis
1132 2261 1270 2288 fundatam
1291 2270 1372 2290 esse:
1396 2262 1541 2291 Mahometi
1559 2267 1650 2290 autem
1672 2263 1752 2291 ﬁdem

971 2307 1047 2333 nullo
1061 2307 1204 2334 miraculo.
1222 2308 1296 2335 Talis
1310 2308 1383 2335 enim
1397 2313 1449 2341 est,
1467 2309 1556 2343 qualis
1570 2316 1656 2343 neque
1672 2309 1753 2336 mira-

970 2353 1040 2380 culis
1056 2353 1192 2388 indigeat;
1209 2354 1426 2381 maximeautem
1442 2355 1476 2382 ad
1488 2355 1649 2387 Saracenos,
1663 2355 1753 2382 homi-

969 2399 1143 2425 nescaruales
1151 2403 1178 2426 et
1186 2399 1338 2427 mundanos
1349 2401 1646 2435 :prudentioresautem
1654 2402 1754 2428 horum

973 2450 1001 2472 ct
1015 2446 1169 2472 litterarum
1187 2445 1313 2480 peritiam
1336 2446 1478 2478 habentes,
1503 2451 1530 2473 et
1549 2447 1680 2473 virtutem
1702 2446 1753 2473 viri

972 2491 1022 2518 sibi
1044 2491 1232 2522 vendicantes,
1252 2492 1350 2518 nullam
1369 2492 1433 2519 huic
1447 2492 1526 2520 ﬁdem
1545 2493 1687 2520 adhibent.

133 2540 252 2574 γόμενον
269 2541 381 2568 θάνατον
400 2540 577 2576 ὑπομένοντες
593 2540 787 2576 μακροθύμως.
801 2539 917 2573 Φανερὺν
936 2538 1025 2564 τοίνυν
1041 2538 1125 2563 ἅπασι
1141 2537 1250 2572 τρόποις
1265 2536 1374 2572 τὴντῶν
1405 2539 1574 2573 Χριστιανῶν
1610 2539 1700 2565 πίστιν
1709 2539 1754 2566 ἐπὶ

134 2586 273 2621 θαύμασιν
288 2586 415 2619 ἐξαισίοις
438 2586 561 2622 ίδρύσθαι
573 2594 580 2601 °
597 2587 645 2622 τὴν
661 2587 688 2613 δὲ
708 2586 754 2612 τοῦ
770 2586 919 2620 Μαχούμετ
938 2584 1024 2610 οὐδενὶ
1039 2583 1156 2615 θαύματι
1170 2583 1335 2618 βοηθεῖσθαι.
1361 2584 1478 2619 Τοιαύτη
1511 2585 1565 2620 γὰρ
1576 2583 1620 2620 ἦν,
1633 2585 1676 2611 οἵα
1688 2585 1755 2620 μηδὲ

136 2630 279 2666 θαύματος
295 2632 407 2664 δεῖσθαι,
424 2632 542 2668 μάλιστα
558 2633 604 2658 κα)¹
621 2632 688 2666 πρὸς
712 2631 860 2666 σαρκικοὺς
877 2629 1036 2663 ἀνθρώπους
1058 2629 1106 2655 καὶ
1139 2629 1298 2663 κοσμικούς.
1333 2629 1364 2655 Ui
1384 2630 1411 2655 δὲ
1445 2629 1620 2665 συνετώτεροι
1635 2631 1754 2664 τούτων⁹

136 2678 187 2706 καὶ
197 2679 367 2714 γραμμάτων
374 2677 481 2713 ἔχοντες
489 2679 596 2713 πεῖραν,
607 2678 651 2704 καὶ
661 2677 761 2713 ἀρετῆς
770 2676 985 2711 ἀντιποιούμενοι
1002 2675 1106 2709 ἄνδρες,
1122 2675 1251 2709 οὐδεμίαν
1268 2675 1353 2710 ταύτῃ
1367 2675 1479 2708 νέμουσι
1493 2676 1595 2704 πίστιν.

175 2751 218 2781 η’.
236 2753 300 2780 "Ott
316 2753 332 2780 ό
347 2752 400 2780 τοῦ
414 2752 540 2787 Μωὰμεθ
556 2753 648 2787 νόμος
662 2752 773 2786 ἄλογός
789 2751 883 2778 ἐστιν.

1057 2747 1124 2774 Vill.
1146 2747 1220 2779 Quod
1233 2747 1274 2773 lca;
1288 2747 1427 2774 Mulionieli
1444 2747 1607 2774 irrationalis
1627 2753 1675 2774 est.

1012 2806 1113 2833 Octavo
1128 2804 1356 2832 considerandum
1373 2809 1414 2831 est
1429 2805 1501 2837 quod
1517 2809 1543 2831 et
1561 2805 1664 2840 absque
1681 2805 1756 2833 omni

981 2851 1111 2879 miraculo
1124 2850 1252 2886 possibile
1272 2855 1343 2878 esset
1358 2850 1501 2878 Malmmeti
1516 2851 1601 2885 legem
1624 2860 1638 2878 a
1655 2851 1758 2879 mundo

179 2809 290 2843 Ὄγδοον
307 2809 458 2843 θεωρητέον
477 2809 510 2835 ἂν
527 2809 568 2843 εἴη
579 2828 586 2840 ,
601 2809 641 2835 ὅτι
656 2808 703 2834 καλ.
718 2807 803 2842 χωρὶς
823 2806 924 2837 παντὴς

137 2853 279 2886 θαύματος
298 2853 411 2881 δυνατὸν
435 2854 467 2880 ἂν
486 2851 529 2887 ἦν,
549 2853 593 2881 τὸν
612 2853 658 2880 τοῦ
677 2852 827 2887 Μαχούμετ
844 2852 926 2887 νόμον
