1942 3090
133 133 201 166 1077

729 138 876 168 (ΣΟΝΤΒᾹ
897 139 977 168 MAR
987 140 1152 171 OMETEM.

1682 138 1751 172 1078

130 191 270 224 ἐξέκλιναν
288 191 317 218 al
332 191 440 226 καρδίαι
456 191 542 228 ὑμῶν,
561 193 624 228 περὶ
638 194 685 228 τῆς
697 195 863 230 κατηγορίας
873 195 911 222 λέ-

970 201 1066 224 νστιιηι
1083 197 1165 224 corda
1184 202 1295 230 vestra;
1323 197 1355 224 dc
1381 197 1554 224 accusatione
1573 198 1678 229 dicens.
1698 207 1752 233 qua

129 246 196 272 γων,
216 234 249 272 ἦς
265 237 458 273 κατηγόρησαν
474 238 556 264 αὑτοῦ
575 236 624 265 Ini.
644 239 683 274 τῷ
699 239 810 275 ἁθέσμῳ
827 241 917 276 γάμῳ,

129 283 245 310 Ἐπεταί
264 291 294 309 τε
316 283 415 318 ἐφεξῆς
427 291 434 300 ·
452 285 482 310 El
502 284 574 319 ὑμᾶς
601 285 737 317 ὲκὸάλλει,
754 286 832 314 δώσω
845 287 918 322 αὐτῷ

127 329 187 355 ἀνθ’
198 328 274 363 ὑμῶν
288 328 407 363 βελτίους
420 329 498 364 ὑμῶν
511 330 702 366 Σαρῤακηνὰς,
715 332 826 364 πιστὰς,
837 332 919 359 πλουσ

129 374 200 408 σίας,
217 374 410 410 μετανοούσας.
421 376 636 410 προσκυνούσας,
653 377 793 410 αὶνούσας,
807 379 919 414 εὐκινή-

127 427 199 451 τους,
212 420 260 446 καὶ
273 419 436 454 παρθένους.
450 421 483 447 Ὀ
499 421 649 448 ἀκούσασαι
664 420 751 455 εἷπον,
766 423 919 450 Μετανοοῦ-

127 473 190 500 μεν.
203 465 239 492 Τὸ
254 464 279 492 δ’
290 466 383 500 ὅμοιον
398 466 559 502 πεποίηκεν.
577 468 620 494 ὅτε
637 467 716 494 ἔλαϐε
735 468 786 503 τὴν
800 470 919 502 γυναῖκα

128 510 192 538 Ζεῖθ
214 511 262 537 τοῦ
278 512 402 546 τροφέως
422 512 514 540 αὑτοῦ.
532 511 600 539 Eine
619 513 648 540 δὲ
668 513 716 540 ἐπὶ
734 513 814 541 τοῦτο
828 515 917 549 ψῆφον

127 556 156 582 ὲν
179 555 218 590 τῷ
239 556 380 592 κεφαλαίῳ
398 556 446 584 τοῦ
475 557 597 590 Ἐλαζὲσ,
620 559 662 585 ὃτι
685 559 699 586 6
720 559 786 591 Θεὸς
806 559 918 594 εἴρηκεν

127 602 203 636 αὐτῷ
219 609 226 617 ·
240 602 277 629 Σὺ
295 602 386 638 ζηλοῖς
402 603 431 630 ὲν
447 604 480 638 τῇ
498 603 570 638 ψυχῇ
587 612 646 637 σου,
666 604 706 631 ὃτι
723 606 736 631 6
750 604 815 636 Θεὸς
832 606 917 640 δημο-

128 647 224 678 σιεύει,
246 648 294 674 καὶ
312 648 415 684 δειλιᾷς
439 649 501 680 τοὺς
519 649 691 684 ἀνθρώπους.
711 651 790 677 Ἀλλὰ
813 651 918 678 δίκαιόν

127 693 186 719 ἐστι
202 693 302 727 μᾶλλον
311 693 356 720 τὸν
365 694 431 721 Θεὲν
445 695 603 723 δεδοικέναι.
623 696 687 723 Ὅτε
701 697 756 732 γὰρ
770 696 917 731 ὲφαύλισςν

126 742 140 768 6
150 741 222 774 Ζεῒθ,
241 741 409 776 ὲξεδώκαμέν
426 751 468 768 σοι
480 742 593 779 ταύτην,
609 741 630 770 ὦ
641 744 800 778 Μαχούμετ.
809 742 876 770 Eine
888 744 916 770 δὲ

125 786 200 821 σὺτῷ
214 787 228 813 6
241 786 314 819 Ζεῒθ,
327 788 372 822 Μὴ
381 787 484 822 ταύτην
500 788 616 822 ὴγὰγου,
629 789 761 815 ἀπᾶστολε
770 788 817 814 τοῦ
829 789 895 815 Θεοῦ
906 798 914 822 ;

128 832 184 859 Καὶ
197 832 346 867 ἀπικρίθη,
362 833 431 859 Οὐαί
448 842 499 865 σοι,
511 835 524 859 6
537 834 603 866 Θεός
620 842 664 869 μοι
680 834 783 870 ταύτην
799 835 915 862 ἐκδέδω-

125 886 182 904 κεν.
202 878 285 910 Ἥτις
302 879 371 912 μετὰ
394 878 490 912 ταῦτα,
506 882 569 914 περὶ
589 880 688 915 ἑαυτῆς
704 881 783 907 τοῦτο
803 881 915 908 διετέλει

125 923 290 958 θρυλλοῦσα,
304 924 341 955 ὡς
354 924 368 950 6
385 924 450 955 Θεὸς
462 925 564 960 ταύτην
579 926 616 961 τῷ
627 927 755 963 προφήτῃ
771 927 914 954 ἐξέδωκεν.

131 970 196 997 Ἰδοὺ
208 969 251 996 διὰ
261 970 311 1005 τῆς
324 970 448 1004 μείζονος
457 971 506 1005 τὴν
522 971 624 999 ἐλάττω
638 973 814 999 συνεσκίασεν
825 973 916 1007 ἀμαρ-

124 1015 194 1046 τίαν,
209 1016 264 1042 Καὶ
277 1016 332 1051 γὰρ
346 1016 426 1047 αὐτὸς
441 1017 455 1043 6
470 1017 591 1051 Μωάμεο
606 1018 688 1052 φησίν
702 1026 709 1034 '
725 1018 843 1053 Οὐδεμία
855 1018 916 1052 μεί-

125 1058 180 1090 ζων
203 1060 325 1095 ἁμαρτία
340 1060 426 1093 ἐστὶν,
444 1061 460 1096 ἢ
482 1061 521 1096 τῷ
536 1062 595 1097 Θεῷ
614 1063 712 1097 ψεῦδος
736 1063 914 1099 προσάπτειν.

126 1105 186 1131 Ἔτι
200 1104 275 1132 οὐδέν
289 1106 362 1132 ἐστιν
372 1105 457 1138 οὕτως
471 1107 607 1142 ἀφόρητον
619 1108 647 1134 ὲν
660 1109 813 1143 προφήταις
826 1109 916 1143 ἁμάρ-

123 1158 210 1184 τημα,
220 1150 257 1182 ὡς
267 1150 398 1186 ἀκολασίᾳ
411 1152 458 1177 καὶ
470 1152 624 1189 ἀκαθαρσίᾳ
636 1155 766 1187 συνεῖναι,
781 1154 825 1180 τοῦ
833 1155 914 1186 ἁγίου

125 1197 284 1231 Πνεῦματος
303 1197 340 1233 μὴ
356 1199 511 1234 ἁπτομένου
529 1201 584 1226 τῶν
600 1202 778 1236 προφητικῶν
794 1202 914 1238 καρδιῶν

124 1243 153 1269 ἐν
164 1244 225 1275 ταῖς
238 1243 356 1279 πράξεσι
373 1244 427 1271 τῶν
441 1246 616 1282 ἀφροδισίων,
633 1247 672 1279 ὥς
688 1256 771 1282 φησιν
788 1247 914 1282 Ἱερώνυ-

125 1298 186 1324 μος.
203 1290 259 1317 Καὶ
269 1292 282 1317 6
300 1291 443 1326 φιλόσοφος
458 1292 486 1320 δέ
500 1301 594 1327 φησιν,
606 1293 643 1325 ὡς
658 1295 686 1320 ὲν
699 1295 758 1326 ταῖς
774 1295 914 1325 τοιαύταις

122 1336 275 1371 ινεργιίαις
290 1336 420 1365 ἀδύνατόν
434 1339 508 1365 ἔστιν
518 1339 564 1365 τὸν
579 1339 723 1375 ἄνθρωπον
739 1342 818 1367 νοεῖν.
835 1340 914 1367 Ἐστι

123 1383 213 1410 τοίνυν
223 1383 363 1414 παντελῶς
380 1383 476 1419 ἄλογον
486 1383 558 1412 οὕτω
567 1385 754 1421 σωτηριώδους
771 1387 852 1421 νόμου
866 1386 914 1421 (ὡς

123 1429 200 1456 αὐτοί
209 1429 285 1464 φασι)
297 1429 422 1457 διάκονον
433 1430 480 1457 καὶ
491 1432 634 1467 προφήτην
646 1432 854 1467 σαρκικώτατον
867 1433 914 1459 καὶ

122 1475 277 1511 ἀκάθαρτον
295 1475 439 1511 ἄνθρωπον
453 1474 533 1509 εἶναι,
554 1477 598 1512 ἐφ’
623 1475 645 1512 ᾧ
674 1478 720 1504 καὶ
739 1478 821 1509 αὐτὸς
851 1479 915 1513 περὶ

123 1521 220 1548 ἑαυτοῦ
234 1521 406 1557 σεμνύνεται,
423 1522 557 1557 τοσαύτην
572 1519 642 1549 εἶναι
654 1522 740 1557 λέγων
754 1523 783 1549 ἂν
798 1522 872 1558 αὑτῷ
883 1524 911 1549 ἐν
927 1538 948 1567 c

123 1567 163 1602 τῷ
186 1567 254 1603 όρᾷν
272 1568 360 1604 ἰσχὺν,
375 1569 423 1596 καὶ
442 1568 603 1604 περιουσίαν
624 1568 783 1600 ἀκολασίας.
802 1569 868 1601 ὅσην
881 1569 911 1596 ὲν

125 1614 333 1649 τεσσαράκοντα
356 1614 511 1650 ἀνθρώποις
524 1623 532 1630 ·
549 1616 573 1642 εί
591 1615 638 1642 καὶ
651 1616 665 1642 6
682 1615 747 1646 Θεὸς
763 1615 911 1650 ἑστέρησεν

122 1659 217 1686 τοῦτον
233 1659 335 1687 παίδων
350 1660 448 1696 γονῆς·
461 1661 526 1696 μίαν
542 1661 596 1697 γὰρ
612 1661 698 1696 μόνην
712 1661 857 1696 ἐσχηκέναι
871 1660 915 1687 λέ-

123 1713 200 1739 γεται
214 1705 361 1741 θυγατέρα.
379 1707 492 1740 ’Δλογος
507 1707 562 1742 γὰρ
577 1708 591 1734 6
615 1707 697 1742 νόμος
713 1703 789 1738 οὗτος
802 1706 846 1739 διᾲ
868 1705 913 1733 τὸν

123 1751 281 1786 νομοθέτην,
296 1751 374 1778 τοῦτο
390 1753 439 1787 μὲν
456 1752 494 1785 ὼς
509 1752 617 1779 ἀνόσιον
631 1753 677 1779 καὶ
693 1753 825 1787 σαρκικὸν
841 1759 912 1778 παν-

122 1797 217 1829 τελῶς,
234 1797 313 1825 τοῦτο
328 1798 358 1825 δὲ
381 1798 428 1825 καὶ
440 1798 478 1830 ὡς
500 1797 629 1825 τοσοῦτον
643 1799 722 1825 ἄνουν
739 1806 768 1824 τε
786 1798 834 1825 καὶ
848 1797 913 1825 ἀϐέ-

969 249 1033 268 eum
1046 246 1246 269 accusaverunt
1272 242 1306 269 tle
1332 242 1449 269 incestu.
1472 242 1656 276 Sequiturque
1675 242 1754 269 dein-

970 295 1036 323 ceps
1052 297 1058 315 :
1077 288 1105 315 Si
1123 289 1193 315 forte
1217 288 1289 314 Deus
1314 295 1362 315 vos
1393 288 1587 322 repudiaverit.
1613 288 1683 314 dabo
1706 296 1755 323 pro

969 333 1048 360 vobis
1065 334 1091 362 ei
1105 333 1233 360 meliores
1247 332 1325 360 vobis
1345 331 1504 363 Saracenos,
1523 331 1625 362 ﬁdeles,
1641 331 1754 362 divites,

969 378 1136 413 pmnilentes
1151 383 1179 406 et
1204 383 1325 408 orantes.
1352 378 1446 412 agiles,
1475 382 1502 404 et
1526 377 1656 412 virgines.
1676 377 1754 410 Quod

969 423 1122 456 audientes,
1138 424 1268 451 dixerunt
1285 432 1292 452 :
1308 423 1436 450 Pmnitet.
1455 423 1589 449 Similiter
1607 426 1697 448 autem
1718 422 1756 448 fc-

968 469 1016 502 cit,
1033 470 1144 504 quando
1155 470 1261 504 accepit
1274 477 1386 496 uxorem
1398 469 1475 496 Zeith
1492 468 1594 495 alumni
1611 468 1663 495 sui.
1681 468 1756 495 Dixit

968 519 1059 543 autem
1085 523 1168 550 super
1193 516 1247 542 hoc
1269 515 1433 542 sententiam
1459 515 1485 541 in
1510 514 1629 548 capitulo
1643 514 1756 544 Elazeh.

969 561 1043 596 quod
1056 561 1129 588 Deus
1142 561 1210 588 dixit
1227 570 1233 588 :
1249 561 1290 588 Tu
1303 561 1442 588 acmularis
1454 561 1480 587 in
1499 560 1591 587 animo
1608 565 1664 590 luo,
1681 560 1754 594 quod

969 607 1042 634 Deus
1067 607 1202 641 propalat,
1218 612 1246 634 et
1271 607 1350 633 limes
1375 606 1512 638 homines,
1529 605 1576 633 sed
1591 606 1695 640 justum
1712 610 1756 632 est

968 653 1055 686 magis
1083 653 1179 679 limere
1206 653 1300 680 Deum.
1317 651 1442 686 Tumth
1466 651 1539 678 enim
1564 651 1670 686 respuit
1694 658 1755 678 eam

969 697 1058 728 Zeitlt,
1083 697 1207 731 dixitque
1231 697 1282 723 ei:
1311 696 1350 724 Ne
1378 696 1463 723 ducas
1487 696 1557 723 hanc
1579 696 1606 722 in
1631 703 1754 730 uxorem,

968 742 1094 778 apostole
1113 743 1172 769 Dei.
1202 741 1235 768 Et
1260 741 1401 776 respondit
1426 741 1607 773 lllahometus,
1627 741 1673 768 Va:
1693 741 1755 775 tibi,

969 788 1043 816 Deus
1061 788 1128 815 mihi
1145 788 1216 815 hanc
1230 787 1316 815 dedit.
1330 787 1382 820 Qui
1399 791 1460 822 post
1476 787 1535 815 lizec
1551 787 1585 814 de
1599 787 1691 822 seipse
1703 788 1755 816 hoc

968 834 1119 869 divulgavit
1135 834 1241 866 dicens,
1256 833 1329 868 quod
1346 833 1418 860 Deus
1429 832 1500 860 hanc
1512 832 1653 867 propheta:
1668 833 1755 860 dedit.

966 881 1037 909 Ecce
1054 888 1103 916 per
1122 880 1208 915 majus
1238 871 1329 906 minus
1349 883 1494 913 peccatum
1511 880 1668 906 occultavit.
1688 880 1755 907 Ete-

967 927 1023 954 nim
1039 926 1097 961 ipse
1113 926 1286 953 Mahometus
1302 925 1370 952 dicit
1387 935 1394 952 :
1415 925 1526 952 Nullum
1547 925 1636 961 majus
1655 933 1756 961 pecca-

967 977 1026 1000 tum
1043 976 1096 1004 est,
1115 979 1196 1007 quam
1224 971 1280 998 Deo
1303 970 1476 998 mendacium
1505 971 1660 1006 iniungere.
1686 971 1754 998 ltem

966 1018 1072 1045 nullum
1088 1023 1131 1045 est
1145 1018 1186 1045 sic
1207 1018 1279 1045 inter
1299 1017 1448 1053 prophetas
1462 1023 1603 1051 peccatum
1622 1016 1754 1044 intolera-

967 1065 1032 1097 bile,
1049 1064 1122 1092 sicut
1145 1064 1173 1091 in
1199 1063 1412 1098 intemperantia
1430 1067 1458 1090 et
1475 1063 1650 1090 immunditia
1671 1063 1753 1090 simul

967 1118 1040 1143 esse,
1057 1118 1120 1138 cum
1137 1110 1256 1145 Spiritus
1270 1115 1383 1137 sanctus
1408 1117 1463 1136 non
1486 1113 1578 1144 tangat
1595 1109 1754 1144 prophetica

966 1156 1052 1184 corda
1068 1157 1095 1183 ln
1112 1156 1267 1184 actionibus
1280 1156 1416 1188 venereis,
1434 1161 1463 1182 ut
1475 1155 1541 1183 dicit
1555 1155 1753 1191 Hieronymus:

966 1208 993 1230 et
1014 1202 1198 1237 philosophus
1213 1209 1324 1237 quoque
1344 1201 1422 1234 dicit,
1439 1202 1512 1236 quod
1533 1201 1559 1228 in
1581 1201 1684 1228 talibus
1705 1209 1753 1228 ac-

967 1248 1091 1275 tionibus
1118 1247 1286 1281 impossibile
1312 1251 1354 1274 est
1380 1247 1520 1274 hominem
1538 1247 1687 1282 speculari.
1706 1246 1755 1274 Est

967 1294 1051 1329 igitur
1064 1293 1187 1327 ,omuino
1209 1292 1410 1324 irrationabile,
1428 1292 1467 1319 sic
1483 1293 1611 1320 salutaris
1629 1292 1698 1327 legis
1713 1293 1755 1326 (ιιι

968 1340 1020 1374 ipsi
1044 1339 1150 1374 dicunt)
1180 1339 1336 1366 ministrum
1362 1343 1389 1366 et
1414 1339 1575 1374 prophetam
1596 1338 1754 1365 earnalissi-

967 1392 1042 1412 mum
1055 1389 1083 1412 et
1097 1384 1271 1411 immundum
1288 1384 1428 1412 hominem
1444 1392 1516 1416 esse,
1532 1384 1560 1411 in
1578 1392 1633 1419 quo
1648 1385 1706 1420 ipse
1719 1385 1755 1412 de

966 1431 1058 1466 seipse
1074 1431 1224 1466 gloriatur;
1242 1434 1344 1458 tantam
1365 1431 1463 1458 dicens
1485 1431 1514 1458 in
1532 1431 1639 1466 agendo
1654 1431 1708 1458 vim
1725 1435 1754 1458 et

966 1476 1133 1504 allluentiam
1145 1475 1377 1510 intemperantiae.
1390 1481 1520 1511 quantam
1533 1477 1559 1503 in
1573 1476 1754 1512 quadraginta

966 1522 1135 1554 hominibus,
1153 1522 1204 1549 etsi
1224 1521 1296 1548 Deus
1324 1522 1444 1556 privavit
1465 1522 1539 1548 hunc
1564 1522 1683 1549 ﬁliorum
1709 1529 1754 1548 so-

965 1567 1044 1599 bole;
1062 1575 1142 1594 unam
1155 1567 1228 1594 enim
1241 1567 1324 1594 solam
1338 1567 1466 1594 habuisse
1483 1567 1564 1594 tiliam
1581 1567 1693 1595 dicitur.
1710 1567 1752 1594 lr-

965 1612 1136 1640 rationabilis
1161 1612 1246 1647 igitur
1267 1612 1311 1639 lex
1337 1612 1394 1639 haec
1419 1617 1530 1647 propter
1556 1612 1754 1647 legislatorem,

966 1663 1023 1686 tum
1040 1658 1104 1693 quia
1123 1658 1275 1685 sceleratus
1291 1661 1318 1685 et
1339 1658 1467 1691 carnalis,
1485 1663 1542 1685 tum
1562 1658 1626 1693 quia
1645 1658 1750 1686 inscius

964 1709 991 1732 et
1001 1703 1140 1735 incertus;
1153 1702 1224 1730 sicut
1238 1707 1264 1730 et
1279 1703 1312 1730 de
1321 1703 1412 1738 seipse
1426 1707 1541 1731 testatur
1553 1704 1580 1730 in
1591 1703 1726 1731 Alcorano
1738 1724 1746 1735 .

965 1749 1074 1778 nescire
1097 1756 1127 1776 se
1154 1748 1220 1784 quid
1244 1749 1298 1776 erit
1321 1749 1347 1776 ei
1373 1749 1416 1776 vel
1443 1749 1598 1782 Saracenis,
1625 1750 1752 1784 ignorare

966 1800 1057 1823 utrum
1073 1795 1133 1830 ipse
1148 1795 1190 1821 vel
1204 1795 1254 1830 ipsi
1269 1795 1296 1822 in
1312 1795 1354 1822 via
1373 1795 1470 1823 salutis
1484 1796 1550 1829 sint,
1568 1796 1611 1824 vel
1627 1804 1694 1824 non.

122 1845 211 1880 6atov,
226 1847 264 1878 ῶς
282 1847 329 1873 καὶ
349 1846 413 1882 περὶ
430 1846 511 1874 αὑτοῦ
528 1847 677 1882 μαρτυρεῖν
698 1847 726 1874 ὲν
749 1846 787 1881 τῷ
815 1844 970 1880 Ἀλκοράνῳ
986 1844 1023 1880 μὴ
1034 1843 1132 1870 ειδέναι
1156 1843 1184 1870 τί
1215 1842 1290 1870 ἔσται
1305 1843 1378 1879 αὐτῷ
1389 1863 1396 1877 ,
1413 1844 1429 1880 ἢ
1460 1844 1517 1876 τοῖς
1546 1844 1750 1880 Σαρῤακηνοῖς·

121 1895 169 1922 καὶ
185 1894 291 1927 ἀγνοεῖν
315 1893 428 1928 πότερον
447 1893 539 1927 αὐτὸς,
562 1894 579 1929 ἢ
601 1894 649 1920 καὶ
663 1894 750 1925 αὐτοὶ,
766 1894 794 1919 ἐν
811 1894 844 1928 τῇ
857 1892 908 1927 ὁδῴ
927 1891 976 1927 τῆς
992 1890 1130 1926 σωτηρίας
1144 1890 1224 1922 εἰσιν,
1242 1890 1258 1925 ἢ
1274 1889 1316 1918 οὗ.

163 1940 234 1967 Ἀλλ’
253 1940 314 1966 οὐδὲ
329 1939 364 1966 δι’
380 1940 478 1966 ἑαυτὸν
492 1940 506 1966 6
517 1939 598 1974 νόμος
612 1936 688 1971 οὗτός
707 1941 765 1966 ἐστι
779 1940 849 1967 κατὰ
867 1939 911 1966 λό-

121 1995 179 2020 γον,
203 1986 282 2013 τοῦτο
303 1986 354 2021 μὲν
369 1985 405 2018 ὡς
428 1986 498 2020 ἔχων
511 1986 631 2021 ὀνόματα
649 1987 788 2021 αἴσχιστα,
806 1986 853 2013 καὶ
867 1985 910 2020 ἐφ’

120 2030 162 2063 οἷς
185 2031 403 2066 ἐγκαλύπτεσθαι
421 2032 537 2065 δίκαιον,
560 2032 609 2059 καὶ
625 2032 741 2066 μάλιστα
768 2033 909 2066 σαρκικοῖς

120 2078 294 2113 προσήκοντα
314 2076 448 2104 πάθεσινο
470 2078 499 2104 ιν
518 2077 653 2109 πλείστοις
678 2077 732 2112 γὰρ
755 2077 848 2109 τόποις
868 2076 918 2116 τῷ,

109 2123 255 2158 ἀἰσχίστῳ
276 2122 364 2157 τούτῳ
381 2123 485 2158 ῥήματι
503 2123 580 2158 μόλις
594 2123 671 2150 αὐτοὶ
685 2123 805 2158 χρῶνται
816 2123 840 2149 el
854 2131 907 2149 κω-

120 2169 196 2203 μικοὶ
211 2169 332 2203 ποιηταὶ,
349 2167 389 2200 οἷς
413 2168 464 2203 ὕλη
485 2168 540 2196 τῶν
556 2169 716 2203 ποιημάτων
735 2168 769 2195 τὰ
787 2169 907 2204 σαρκικὰ

117 2215 166 2242 καὶ
179 2214 290 2249 αἰσχρὰ,
307 2215 332 2241 εί
347 2215 395 2241 καὶ
411 2211 484 2242 οὗτοι
504 2215 624 2247 σπανίως
635 2224 642 2232 ·
664 2215 761 2250 ὥσπερ
781 2215 905 2250 Ὁράτιος

117 2260 233 2290 ἀναιδῶς
245 2259 333 2294 ιίπεν,
348 2261 386 2287 Οὐ
397 2261 503 2288 δέδοικα
515 2260 699 2292 συνουσιάζων
711 2270 717 2277 ”
730 2260 809 2288 τοῦτο
822 2261 850 2287 δὲ
863 2262 904 2288 ὄτι

116 2303 209 2336 καθὼς
219 2304 267 2332 καὶ
276 2305 356 2337 αὐτὸς
367 2306 517 2341 διαρρήδην
532 2306 614 2340 φησίν
625 2314 632 2320 ·
647 2307 704 2332 Οὐκ
714 2306 788 2332 ἐστιν
801 2305 906 2340 ἄνθρω-

116 2355 166 2379 πος
182 2347 211 2374 ἒν
226 2347 266 2382 τῷ
274 2348 371 2384 κόσμῳ
385 2349 533 2384 δυνάμενος
541 2350 572 2375 τὸ
585 2349 746 2384 Ἀλκοράνον
757 2350 837 2376 νοεῖν.
850 2348 905 2375 Καὶ

115 2394 176 2425 πῶς
186 2395 374 2429 προσέταξενό
386 2395 452 2427 Θεὸς
466 2395 545 2422 τοῦτο
555 2404 588 2430 τη
594 2395 709 2430 ρεῐσοαιε
719 2396 742 2421 εί
757 2395 794 2430 μὴ
805 2395 903 2421 δέδωκε

117 2440 166 2467 καὶ
180 2440 300 2467 νοεῖσθαι
313 2449 320 2473 ;
335 2442 382 2467 Δεῖ
394 2441 422 2467 δὲ
436 2441 593 2475 γινώσκειν,
606 2441 644 2473 ὡς
657 2442 684 2468 ἐν
697 2440 734 2476 τῷ
747 2440 904 2476 Εὑαγγελίῳ

115 2485 193 2512 οὐδέν
207 2486 294 2518 ἔστιν,
307 2485 375 2520 ὅπερ
391 2487 440 2521 οὐχ
454 2484 504 2513 οἷοί
532 2487 561 2513 τέ
577 2488 668 2521 ἐσμεν
681 2487 727 2513 καὶ
742 2487 849 2521 νοῆσαι,
862 2486 901 2521 τῷ

117 2529 169 2563 τῆς
190 2529 307 2560 πίστεως
329 2529 397 2562 φωτὶ
412 2529 601 2564 βοηθοὺμενοι.
631 2530 700 2556 Ἀλλ’
721 2531 780 2557 οὐδὲ
801 2531 844 2557 διὰ
869 2531 903 2556 τὰ

116 2573 299 2608 περιεχόμενα
323 2574 352 2600 ἐν
369 2573 455 2609 τούτῳ
474 2574 625 2609 διξάγματά
641 2575 700 2601 ἐστι
725 2575 795 2601 κατὰ
813 2575 902 2610 λόγον.

113 2619 184 2654 Φησὶ
199 2619 254 2654 γὰρ
269 2619 298 2646 ἐν
312 2620 420 2651 πολλοῖς
436 2620 528 2652 τόποις
546 2621 592 2647 τὸν
607 2621 673 2647 Θεὸν
688 2623 902 2656 προστεταχέναι

113 2666 169 2696 τοῖς
185 2665 322 2698 ἀγγέλοις,
337 2667 524 2701 προσκυνῆσαι
534 2667 581 2693 τὶν
599 2666 700 2702 Ὰδάμο
713 2666 760 2694 καὶ
773 2667 836 2699 τοὺς
853 2667 902 2702 μὲν

114 2710 154 2745 μὴ
166 2709 332 2746 θελήσαντας
361 2711 488 2745 γενέσθαι
503 2712 642 2746 δαίμονας,
661 2713 724 2744 τοὺς
737 2712 766 2738 δὲ
782 2721 903 2748 προσκυ-

112 2755 247 2790 νήσαντας
259 2755 348 2790 μεῖναι
363 2756 505 2790 ἀγγέλους.
516 2757 570 2783 Καὶ
584 2757 641 2788 πῶς
653 2757 686 2784 ἂν
698 2759 711 2784 6
725 2758 790 2790 Θεὸς
807 2759 902 2786 ἐνετεί-

111 2800 177 2828 λατο
188 2801 419 2837 εἰδωλολατρείαν,
436 2804 483 2830 καὶ
498 2803 554 2836 τοῖς
565 2802 655 2836 ἄλλοις
667 2804 716 2840 τὴν
731 2804 804 2840 αὺτῷ
818 2805 901 2841 μόνην

143 2862 178 2894 (ιι)
193 2862 240 2889 Sic.
256 2863 323 2894 Lege
336 2866 362 2888 ut
378 2865 403 2889 in
421 2865 506 2890 Grenco
519 2865 642 2891 Horatius.
657 2866 737 2898 Ειιιτη

1003 1937 1057 1965 Sed
1072 1945 1161 1972 neque
1180 1944 1229 1972 per
1249 1937 1369 1972 seipsam
1385 1937 1429 1965 lex
1454 1937 1511 1965 btet:
1530 1943 1573 1966 est
1597 1938 1749 1966 secundum

965 1984 1109 2014 rationem.
1128 1989 1259 2019 tanquam
1280 1983 1385 2011 habens
1400 1984 1512 2011 nomina
1531 1985 1700 2019 turpissima.
1721 1991 1751 2013 et

963 2029 991 2057 in
1005 2030 1108 2065 quibus
1125 2029 1210 2056 velari
1229 2030 1335 2065 justum
1349 2033 1401 2062 est,
1417 2033 1446 2056 et
1460 2030 1577 2057 maxime
1592 2031 1749 2058 carnalibus

961 2075 1153 2103 convenientia
1180 2074 1367 2110 passionibus.
1390 2074 1419 2102 In
1437 2071 1562 2108 plurimis
1585 2076 1657 2103 enim
1679 2076 1748 2104 locis

962 2120 1123 2156 turpissimo
1140 2121 1190 2148 hoc
1210 2120 1295 2148 verbo
1312 2120 1410 2153 utitur,
1427 2129 1498 2153 coco,
1514 2122 1586 2156 quod
1602 2122 1676 2148 nulla
1695 2122 1747 2150 alia

960 2167 1003 2194 lex
1019 2167 1084 2194 facit
1097 2175 1103 2194 :
1117 2175 1173 2203 quo
1185 2168 1269 2194 verbo
1281 2167 1325 2193 vix
1340 2172 1426 2202 poeta:
1441 2167 1492 2202 ipsi
1506 2168 1603 2195 comici
1622 2174 1746 2202 utuntur,

960 2213 1061 2248 quibus
1074 2213 1186 2240 materia
1200 2217 1357 2247 poematum
1373 2218 1414 2240 est
1426 2214 1544 2240 carnalis
1557 2219 1584 2241 et
1598 2215 1695 2249 turpis.
1705 2220 1747 2242 et-

960 2258 982 2284 si
998 2258 1024 2285 lii
1041 2265 1120 2290 raro;
1135 2259 1206 2285 sicut
1228 2258 1328 2286 Aratus
1341 2258 1379 2292 (τι)
1397 2258 1570 2293 impudenter
1582 2260 1649 2286 dixit
1665 2269 1672 2286 :
1687 2260 1746 2287 Non

960 2302 1038 2328 timui
1055 2302 1156 2329 eoiens.
1170 2302 1225 2329 lloc
1240 2307 1331 2329 autent
1349 2307 1375 2329 et
1399 2303 1457 2337 ipse
1475 2303 1564 2338 palam
1585 2304 1662 2335 dicit,
1686 2304 1745 2332 Non

959 2353 1001 2375 est
1016 2347 1097 2374 homo
1113 2348 1139 2374 in
1158 2348 1259 2374 mundo
1275 2348 1322 2382 qui
1348 2349 1433 2382 possit
1455 2349 1622 2376 Alcoranum
1642 2350 1745 2377 intelli-

958 2400 1031 2428 gere.
1053 2392 1085 2419 Et
1104 2393 1241 2428 quomodo
1257 2394 1396 2420 ntandavit
1412 2394 1486 2422 Deus
1505 2395 1557 2422 hoc
1582 2397 1697 2430 servari,
1721 2396 1744 2424 si

958 2448 1012 2467 non
1035 2440 1110 2467 dedit
1129 2443 1158 2466 et
1175 2438 1311 2474 intelligi?
1325 2440 1441 2475 Oportet
1459 2447 1550 2468 autem
1569 2443 1650 2472 scire,
1671 2444 1744 2478 quod

958 2487 985 2514 in
1004 2487 1150 2522 Evangelio
1174 2486 1243 2513 nihil
1267 2491 1320 2519 est,
1337 2487 1409 2522 quod
1427 2496 1481 2515 non
1506 2491 1644 2523 possimus
1659 2491 1742 2516 etiam

958 2533 1124 2567 intelligere,
1145 2532 1207 2559 ﬁdei
1225 2532 1330 2559 lumine
1348 2533 1444 2567 adiuti.
1461 2534 1513 2561 Sed
1527 2542 1617 2568 neque
1632 2540 1743 2569 propter

957 2579 1111 2606 doctrinam
1127 2585 1188 2612 qua:
1204 2578 1232 2604 in
1248 2585 1281 2604 eo
1293 2578 1464 2608 continetur.
1478 2584 1520 2606 est
1535 2581 1685 2607 secundum
1702 2588 1743 2607 ra-

958 2624 1071 2651 tionem.
1088 2623 1156 2650 Dicit
1171 2623 1244 2650 enim
1265 2624 1294 2650 in
1317 2625 1409 2651 multis
1425 2624 1460 2652 Ιοι
1471 2625 1504 2656 is.
1528 2625 1611 2652 Deum
1628 2626 1741 2652 matula-

956 2670 1029 2696 visse
1053 2669 1166 2704 angelis,
1195 2669 1310 2697 adorare
1327 2670 1424 2701 Adam.
1449 2676 1477 2698 et
1495 2678 1543 2697 eos
1560 2670 1670 2704 quidem
1694 2671 1740 2704 qui

955 2714 1070 2745 nollent,
1088 2715 1146 2742 ﬁeri
1169 2714 1329 2748 dzumones;
1344 2715 1490 2744 adorantes
1511 2721 1603 2742 autem
1629 2723 1739 2742 manere

955 2760 1077 2796 angelos.
1091 2760 1125 2787 Et
1137 2761 1275 2796 quomodo
1291 2762 1363 2789 Deus
1375 2762 1530 2788 mandasset
1546 2761 1738 2793 idololatriam,

955 2810 982 2833 et
995 2805 1098 2841 angelis
1115 2805 1250 2834 honorem
1269 2806 1419 2839 tribuisset,
1437 2806 1484 2841 qui
1503 2807 1552 2834 soli
1574 2806 1628 2833 Deo
1653 2806 1737 2834 debe-
