1942 3090
229 117 298 150 1079

885 121 1071 152 DEMETRII
1089 119 1242 152 CYDONH

1765 121 1820 154 1080

230 175 332 202 liatur?
348 176 413 203 Item
427 181 454 204 et
471 177 576 204 ratione
603 177 734 205 doctrina:
754 177 949 205 irrationabilis
971 182 1007 205 est

1062 176 1240 213 ὀφειλομένην
1255 178 1337 205 ἔδωκε
1352 177 1445 210 δόξαν;
1465 178 1526 204 Ἔτι
1540 177 1586 204 καὶ
1602 177 1638 212 τῷ
1651 178 1718 213 λόγῳ
1732 179 1776 204 τῶν
1790 181 1820 204 ῆι-

230 229 264 249 ex
279 222 360 250 dictis
373 223 505 258 ipsorum.
522 223 550 250 ln
567 224 611 251 illa
627 224 700 251 enim
713 224 772 259 lege
784 225 900 251 maxime
915 232 1012 252 neces-

229 267 332 295 sarium
346 269 387 301 (ut
400 269 452 303 ipsi
469 269 576 304 dicunt)
591 269 643 296 hoc
659 276 711 301 est,
731 275 761 296 ut
774 270 881 297 dicatur
898 270 1010 305 ubique,

229 314 303 348 quod
329 322 383 341 non
407 319 450 342 est
474 315 546 342 Deus
562 321 661 349 praeter
681 316 778 348 Deum,
797 321 824 344 et
841 316 1012 344 Mahometus

228 366 272 388 est
292 360 431 395 apostolus
457 361 514 389 Dei.
540 361 701 396 Additque:
727 362 760 389 Et
785 363 858 397 quod
885 363 954 390 Deus
970 367 1012 390 est

229 414 356 441 magnus.
368 405 420 433 Sed
433 415 494 441 qua:
507 408 680 434 annuntiatio
695 414 737 435 cst
751 409 821 436 ista?
831 409 926 436 Nullus
938 409 1010 436 enim

228 452 274 486 qui
293 452 399 479 ratione
419 452 519 484 utitur,
536 453 628 480 dicere
650 458 743 491 posset
767 454 850 481 Deum
873 462 933 482 esse
949 463 1011 490 par-

228 505 305 524 vum.
333 497 401 525 ltcm
420 498 574 532 propositio
598 507 658 534 quae
681 499 768 527 dicit:
793 500 850 528 Non
875 506 917 528 est
941 501 1011 528 Deus

228 548 330 578 pra-ter
349 543 444 576 Deum,
462 551 527 571 vera
543 549 584 571 est
607 553 655 579 per
678 545 807 580 seipsam,
824 551 852 573 ct
866 554 880 573 ο
897 547 971 574 nullo
985 547 1010 574 ei

229 588 438 621 contradicitur,
458 588 514 616 sive
532 597 603 616 unus
621 589 656 620 sit
680 590 760 620 Deus.
783 590 839 618 sive
856 591 958 624 plures.
978 591 1012 618 Et

228 634 257 660 in
272 633 401 661 omnibus
414 634 556 661 verissima
574 639 617 662 est
636 634 698 661 talis
713 635 872 669 duplicatio.
889 635 947 662 Non
970 641 1011 663 est

228 680 301 706 enim
318 680 432 715 angelus
446 679 498 707 nisi
516 681 640 715 angelus,
658 685 686 708 et
703 689 757 708 non
783 685 825 708 est
851 682 933 708 homo
959 682 1010 709 nisi

227 726 321 759 homo,
338 731 366 753 et
382 734 436 758 non
451 731 494 754 est
512 728 606 754 asinus
623 727 676 754 nisi
698 727 801 757 asinus.
825 728 876 757 Bos
893 728 965 754 enim
983 733 1011 755 et

228 773 306 801 canis
320 780 374 800 non
392 777 434 801 est
455 773 560 800 asinus.
577 773 642 805 Quae
663 778 753 800 autem
775 773 852 804 dicit.
871 774 1010 802 Mahome-

227 824 273 847 tus
285 823 327 846 est
339 819 482 853 apostolus
498 819 556 851 Dei,
570 819 649 847 valde
663 825 704 847 est
721 820 857 854 ambigua.
876 820 941 853 Quae
961 819 1011 855 igi-

227 869 274 892 tur
291 865 362 892 ratio
385 865 566 893 connexionis
585 865 681 893 harum
703 866 819 893 duarum
842 867 1008 902 propositio-

226 919 305 943 num,
325 911 407 939 unius
424 911 547 946 quidem,
574 919 625 946 per
651 912 768 946 seipsam
790 917 872 944 notae,
896 912 1009 940 alterius

227 961 320 984 autem
338 964 389 992 per
407 957 523 991 seipsam
540 957 659 992 ignotae?
680 957 744 990 Quae
771 958 860 985 virtus
884 957 928 985 vel
950 965 1010 993 quae

227 1003 344 1034 utilitas,
360 1006 390 1029 ut
407 1002 564 1038 quicunque
580 1003 632 1030 hoc
649 1003 823 1035 conﬁteatur,
841 1002 875 1030 de
888 1004 1011 1031 accessi:

226 1052 285 1076 tate
302 1049 444 1076 salvetur?
471 1049 536 1076 Item
553 1048 725 1076 Mahometus
744 1050 771 1076 in
795 1049 924 1084 praedicta
950 1050 1009 1085 lege

226 1093 305 1131 dicit,
322 1095 394 1129 quod
414 1102 509 1122 omnes
526 1095 651 1122 homines
667 1103 751 1122 unum
771 1100 860 1129 erant,
875 1101 903 1124 et
928 1096 1009 1124 unius

225 1146 319 1177 secus,
344 1146 372 1168 et
394 1141 476 1168 unius
491 1141 643 1176 religionis,
670 1141 741 1168 Deus
767 1146 858 1169 autem
886 1142 1008 1170 diversos

226 1194 276 1214 eos
293 1186 366 1221 fecit,
380 1186 427 1221 qui
443 1187 517 1214 misit
531 1187 656 1214 diversos
672 1187 830 1222 prophetas.
847 1187 904 1214 Hoc
918 1192 1007 1215 autem

227 1240 318 1271 neque
329 1240 474 1268 quousque
486 1238 617 1269 appareat
631 1241 726 1260 verum
740 1241 800 1260 esse
810 1238 910 1268 potest.
926 1233 1009 1261 Maxi-

226 1278 360 1313 meenim
376 1286 448 1305 unus
465 1279 547 1310 Deus,
562 1277 609 1312 qui
624 1277 741 1305 maxime
758 1278 891 1306 unitatem
911 1283 939 1306 et
960 1278 1009 1306 ho-

226 1323 332 1359 minum
347 1324 464 1360 salutem
481 1328 563 1351 amat.
589 1323 650 1351 Non
667 1324 740 1351 enim
758 1324 898 1352 divisisset
920 1325 1010 1352 homi-

226 1377 276 1407 nes
299 1370 327 1398 in
350 1370 474 1398 diversas
490 1374 581 1398 sectas
598 1374 627 1397 et
642 1377 752 1398 errores
775 1373 804 1398 et
827 1370 1006 1405 perditiones.

226 1416 279 1443 Sed
297 1416 350 1444 hoc
371 1416 474 1444 invidia
493 1416 625 1444 daemonis
641 1416 743 1444 factum
770 1421 822 1448 est,
841 1421 869 1444 et
885 1417 1021 1452 nequitia.

226 1461 379 1498 hominum,
403 1461 584 1496 permissione
606 1465 697 1488 tamen
722 1460 780 1492 Dei,
804 1461 851 1501 qui
874 1462 1009 1496 permittit

1062 223 1316 258 δογμάτων-ἄλογός
1337 224 1405 251 ἐστι.
1422 223 1458 250 Τὸ
1473 224 1529 257 γὰρ
1551 224 1580 250 ὲν
1597 224 1688 259 ἐκείνῳ
1703 225 1738 259 τῷ
1757 225 1817 260 νόμῳ

1063 268 1180 302 μάλιστα
1196 269 1243 296 καὶ
1260 269 1339 304 μόνον
1357 270 1515 303 ἀναγκαῖον,
1532 269 1569 301 ὡς
1586 270 1662 296 αὐτοί
1676 279 1746 304 φασι,
1761 271 1818 298 τοῦτ’

1061 316 1130 348 ἐστι,
1144 317 1174 343 τὸ
1194 317 1398 351 διαγγέλλεσθαι
1415 317 1565 352 πανταχοῦ,
1588 318 1625 350 ὠς
1641 319 1688 345 οὐκ
1703 319 1755 345 ἔστι
1768 319 1822 351 Θεὸς

1062 362 1132 398 πλὴν
1152 362 1199 389 τοῦ
1216 363 1295 395 Θεοῦ,
1319 363 1365 390 καὶ
1387 364 1400 389 6
1418 363 1568 398 Μαχούμετ
1592 364 1664 390 ἐστὶν
1684 365 1820 396 ἀπόστολος.

1062 408 1240 442 Προστιθέασὶ
1250 416 1279 434 τε
1293 408 1340 435 καὶ
1356 409 1396 435 ὅτι
1412 409 1426 434 6
1436 408 1503 440 Θεὸς
1517 410 1577 435 ἐστι
1595 409 1689 444 μέγας.
1711 410 1782 436 Ἀλλὰ
1790 411 1822 441 τίς

1062 453 1207 487 εὖαγγελία
1218 454 1291 481 ἐστὶν
1302 455 1318 488 ἠ
1329 454 1438 489 τοιαύτη
1448 463 1455 487 ;
1468 455 1563 486 Οὐδεὶς
1569 455 1622 489 γάρ
1634 456 1689 481 ἐστι
1697 455 1760 489 λόγῳ
1767 457 1823 490 χρώ-

1063 507 1153 534 μενος,
1173 499 1202 531 ὃς
1225 499 1257 526 ἂν
1274 499 1344 526 εἴποι
1362 499 1408 526 τὸν
1431 499 1497 526 Θεὸν
1514 497 1583 526 εῖναι
1613 501 1717 535 μικρόν.
1739 501 1790 527 Ἔτι
1808 501 1821 536 ἡ

1061 546 1176 579 λέγουσα
1189 546 1331 580 πρότασις,
1353 546 1409 573 Οὐκ
1429 545 1487 572 ἐστι
1514 545 1580 576 Θεὸς
1602 546 1670 580 πλὴν
1691 546 1733 572 τοῦ
1758 546 1822 578 Θεοῦ,

1061 591 1165 626 ἀληθής
1183 592 1240 617 ἐστι
1256 591 1317 617 καθ’
1334 591 1429 625 αὐτὴν,
1443 591 1490 617 καὶ
1505 591 1571 626 παρ’
1586 591 1689 622 οὐδενὸς
1705 591 1823 624 ἀντιλέγῇ

1060 646 1117 670 ται,
1131 638 1187 664 εἴτε
1200 635 1240 668 εἷς
1255 637 1297 671 εἴη
1309 636 1385 668 Θεὸς,
1399 637 1453 663 εἴτε
1472 636 1590 668 πλείους.
1606 637 1661 663 Καὶ
1677 637 1720 662 ὲπὶ
1734 636 1823 663 πάντων

1061 683 1232 718 ἀληθεστάτη
1259 683 1333 709 ἐστὶν
1359 683 1375 718 ή
1402 683 1515 716 τοιαύτη
1539 682 1766 714 ἐπαναδίπλωσις·
1785 683 1823 709 οὐκ

1060 730 1117 756 ἐστι
1135 729 1189 764 γὰρ
1208 730 1322 764 ἄγγελος
1337 730 1362 756 ει
1386 730 1422 765 μὴ
1436 729 1567 764 ἅγγελος·
1585 731 1629 756 καὶ
1643 729 1690 756 οὒκ
1711 729 1776 755 ἔστιν
1788 729 1824 754 ἄν·

1061 776 1169 810 θρωπος
1186 775 1209 801 ει
1223 774 1260 810 μὴ
1272 775 1430 810 ἄνθρωπος’
1449 776 1496 802 καὶ
1508 775 1558 801 οὐκ
1575 775 1649 801 ἔστιν
1665 775 1678 800 ό
1691 774 1746 805 όνος
1759 774 1780 799 εἱ
1795 773 1824 807 μὴ

1060 820 1129 850 ὄνος.
1153 820 1182 846 '0
1196 821 1250 855 γὰρ
1266 819 1328 854 βοῦς
1345 821 1391 846 καὶ
1407 821 1421 847 ό
1437 820 1509 847 κύων
1525 820 1575 846 οὒκ
1589 820 1663 846 ἔστιν
1679 820 1745 850 Eva;
1762 819 1789 845 Ἡ
1803 818 1824 844 δὲ

1059 865 1186 898 λέγουσα,
1195 865 1223 892 ’0
1236 865 1383 900 Μαχούμετ
1394 866 1467 892 ἐστὶν
1477 866 1624 897 ἀπόστολος
1638 866 1682 892 τοῦ
1694 865 1766 897 Θεοῦ,
1777 866 1825 891 λίαν

1060 911 1133 938 ἐστὶν
1145 911 1306 945 ἀμφίϐολος.
1323 911 1389 937 Ποία
1405 911 1494 937 τοίνυν
1510 911 1586 937 αῐτία
1600 911 1650 944 τῆς
1664 911 1776 945 συναφῆς
1783 910 1825 936 τῶν

1061 957 1108 984 δύο
1123 957 1228 984 τούτων
1242 957 1413 991 προτάσεων,
1434 958 1497 992 μιᾶς
1517 957 1566 991 μὲν
1583 957 1646 983 καθ’
1663 956 1756 991 ἑαυτὴν
1770 964 1826 989 γνω-

1061 1003 1137 1038 στῆς,
1151 1003 1201 1038 τῆς
1214 1003 1242 1029 δὲ
1263 1003 1360 1038 λοιπῆς
1372 1003 1512 1037 ἀγνώστου
1530 1002 1591 1029 καθ’
1604 1003 1703 1037 ἑαυτήν
1715 1011 1722 1035 ;
1735 1001 1765 1029 Ἣ
1775 1002 1825 1027 ποῖα

1059 1051 1143 1086 ἀρετὴ
1161 1052 1177 1086 ἦ
1199 1051 1315 1086 ὠφέλεια
1332 1051 1366 1078 τὰ
1389 1050 1500 1078 τοιαῦτα
1525 1050 1675 1085 ὁμολογεῖν,
1693 1050 1736 1076 καὶ
1754 1048 1824 1078 οὕτως

1060 1096 1129 1124 εἶναι
1157 1098 1317 1132 ἀναγκαῖον,
1335 1097 1404 1126 ὥστε
1423 1097 1574 1131 ἑξανὰγκης
1599 1096 1729 1128 σώζεσθαι
1752 1095 1826 1121 πάντα

1059 1143 1105 1169 τὸν
1132 1142 1218 1174 οὕτως
1238 1143 1436 1177 ὁμολογοῦντα;
1464 1143 1523 1169 Ἔτι
1547 1142 1561 1168 ό
1586 1142 1731 1177 Μαχούμετ
1751 1141 1776 1167 ὲν
1795 1140 1825 1173 τῷ

1060 1188 1252 1223 προειρημένῳ
1265 1189 1340 1222 νόμῳ
1352 1188 1444 1223 φησιν,
1460 1187 1502 1214 ὅτι
1515 1187 1617 1218 πάντες
1631 1188 1655 1213 οι
1669 1184 1826 1222 ἄνθρωποιῢ

1059 1230 1139 1267 ἦσαν,
1157 1233 1205 1259 καὶ
1230 1234 1295 1268 μιᾶς
1312 1233 1455 1267 αἱρέσεως,
1475 1233 1521 1259 καὶ
1539 1234 1606 1268 μιᾶς
1620 1232 1775 1268 θρησκείαςο
1790 1230 1826 1256 τὸν

1059 1278 1087 1304 δὲ
1097 1278 1161 1305 θεὸν
1176 1278 1319 1314 διαφόρους
1333 1279 1431 1309 αὐτοὺς
1447 1279 1569 1313 ποιῆσαι,
1584 1278 1768 1305 ἀποστείλαντα
1781 1276 1826 1302 δια-

1060 1324 1160 1359 φόρους
1178 1325 1329 1359 προφήτας.
1345 1324 1431 1351 Τοῦτο
1444 1324 1472 1350 δὲ
1487 1324 1547 1351 οὐδὲ
1566 1325 1648 1359 μέχρι
1660 1324 1705 1350 τοῦ
1716 1322 1780 1354 δόξαι
1791 1321 1824 1356 ειη

1060 1370 1093 1397 ἂν
1109 1369 1219 1405 ἀληθές.
1242 1370 1271 1396 '0
1288 1369 1342 1404 γὰρ
1365 1370 1482 1405 μάλιστα
1507 1368 1548 1401 εἷς
1564 1370 1643 1402 Θεὸς,
1661 1370 1705 1395 καὶ
1727 1368 1825 1403 μάλιστα

1059 1415 1108 1451 τὴν
1125 1416 1239 1451 ἑνότητα
1256 1416 1302 1443 καὶ
1316 1416 1366 1449 τὴν
1382 1416 1438 1442 τῶν
1456 1415 1612 1450 ἀνθρώπων
1629 1414 1757 1449 σωτηρίαν
1769 1414 1825 1447 ἀγα-

1062 1462 1131 1494 πῶν,
1144 1461 1194 1488 οὐκ
1205 1461 1237 1488 ἂν
1248 1461 1330 1488 διεῖλε
1342 1462 1405 1493 τοὺς
1417 1460 1581 1496 ἀνθρώπους
1596 1461 1637 1492 εἰς
1648 1461 1780 1494 διαφόρως
1792 1458 1825 1484 αι-

225 1514 274 1539 eos
286 1506 333 1542 qui
345 1506 444 1534 nolunt
458 1506 573 1535 credere
587 1506 706 1538 veritati,
719 1506 746 1533 in
760 1506 883 1534 diversos
898 1514 1007 1535 errores

1061 1507 1160 1541 ρέσεις,
1168 1507 1216 1533 καὶ
1225 1507 1338 1538 πλάνας,
1353 1507 1401 1534 καὶ
1411 1507 1558 1538 ἀπωλείας.
1575 1507 1657 1534 Ἀλλὰ
1668 1507 1740 1533 τοῦτο
1751 1505 1824 1540 φθόνῳ

225 1553 360 1588 incidere.
385 1552 451 1579 Item
474 1551 646 1583 Mahometus
670 1551 696 1578 in
712 1551 842 1586 praedicta
858 1552 917 1587 lege
930 1552 1008 1587 jubet

225 1603 354 1634 tanquam
370 1605 402 1625 ex
421 1605 469 1625 ore
481 1597 541 1629 Dei,
557 1597 680 1624 interimi
700 1597 834 1629 inﬁdeles,
851 1597 876 1625 id
897 1601 939 1625 est
960 1605 1008 1625 eos

226 1645 273 1676 qui
285 1653 340 1672 non
353 1649 417 1672 sunt
430 1644 571 1677 Saraceni.
588 1644 654 1671 Item
670 1643 737 1671 dicit
750 1644 784 1670 de
799 1644 850 1676 eis.
863 1644 935 1679 quod
952 1651 1005 1676 non

224 1696 340 1730 possunt
356 1696 429 1718 recta
447 1690 577 1726 cogitare,
600 1698 662 1728 cum
685 1697 699 1718 a
725 1690 780 1718 Deo
797 1697 852 1717 non
866 1689 1008 1718 deducun-

225 1743 288 1771 tur;
306 1738 376 1765 Deus
391 1742 482 1765 autem
504 1745 552 1765 eos
573 1745 627 1764 non
650 1735 773 1764 deducit.
791 1736 844 1763 Sed
870 1736 1007 1764 inconve-

223 1784 305 1812 niens
322 1783 453 1816 interimi,
469 1789 613 1818 propterea
625 1781 698 1817 quod
718 1790 773 1809 non
789 1786 920 1816 possunt;
938 1789 1007 1816 quos

224 1833 316 1858 autem
331 1833 456 1864 possunt,
466 1836 520 1856 non
535 1827 700 1855 conveniens
711 1831 752 1855 est
764 1835 870 1862 cogere,
881 1832 1007 1863 propter-

223 1883 256 1903 ea
271 1875 343 1909 quod
360 1883 414 1902 non
437 1874 526 1909 placet
542 1873 596 1901 Deo
618 1873 736 1900 servitus
754 1877 859 1900 coacta.
885 1873 1006 1901 lnterimi

224 1926 316 1949 autem
335 1921 386 1947 nisi
401 1920 524 1952 credant,
542 1918 585 1946 vel
600 1918 693 1953 aliquo
709 1917 791 1946 modo
806 1919 888 1946 simul
903 1919 1006 1954 impelli

224 1970 258 1995 ad
273 1967 451 1997 credendum.
467 1970 494 1992 et
509 1965 567 2003 ipse
584 1965 630 1999 qui
657 1964 715 1992 hazc
736 1964 846 1992 mandat
869 1963 1010 1992 Mabome-

226 2017 272 2050 tus
308 2011 505 2043 inconveniens
526 2011 631 2046 iudicat
658 2014 686 2037 et
711 2009 908 2038 irrationabile.
935 2009 1007 2037 Dicit

224 2059 298 2086 enim
315 2058 342 2085 in
360 2057 480 2092 capitulo
494 2055 569 2095 Jonaa
586 2065 593 2083 :
615 2056 643 2084 Si
658 2055 791 2083 voluisset
807 2055 888 2088 Deus,
911 2063 1007 2083 omnes

222 2104 278 2139 jam
291 2103 474 2131 credidissent
488 2103 536 2136 qui
551 2105 615 2129 sunt
632 2102 658 2129 in
675 2107 757 2129 terra.
776 2102 809 2129 Et
826 2106 855 2128 tu
869 2101 943 2136 cogis
956 2102 1006 2128 ho-

225 2152 313 2177 mines
337 2154 369 2176 ut
389 2149 518 2176 credant?
541 2147 575 2186 Et
598 2148 690 2175 nullus
714 2152 804 2182 potest
825 2155 884 2174 esse
906 2147 1004 2178 ﬁdelis,

1061 1552 1106 1578 τοῦ
1120 1551 1246 1587 δαίμονος
1263 1553 1368 1586 γέγονε,
1388 1554 1435 1579 καὶ
1450 1553 1566 1588 πονηρίᾳ
1582 1552 1738 1588 ἀνθρώπων,
1753 1557 1825 1585 παρα⁶

1061 1599 1179 1635 χωρήσει
1190 1599 1281 1634 μέντοι
1295 1600 1374 1632 Θεοῦ,
1385 1600 1448 1631 τοὺς
1463 1599 1499 1634 μὴ
1515 1599 1694 1634 βουλομένους
1702 1597 1824 1624 πιστεῦσαι

1060 1646 1094 1680 τῇ
1123 1644 1236 1683 ἀληθείᾳ
1250 1644 1387 1680 διαφόροις
1404 1645 1550 1671 ὑποπεσεῖν
1561 1645 1685 1679 αἱρέσεσι
1702 1641 1825 1678 συγχωρή-

1062 1698 1168 1722 σαντος.
1187 1691 1248 1717 Ἔτι
1271 1691 1284 1717 ό
1300 1690 1421 1726 Μωάμεο
1445 1691 1474 1717 ὲν
1489 1690 1527 1725 τῷ
1554 1690 1745 1726 προειρημένῳ
1764 1689 1825 1722 νόμῳ

1060 1736 1166 1762 κελεύει
1186 1736 1281 1771 ὥσπερ
1304 1736 1336 1762 ὲκ
1356 1735 1492 1771 στόματος
1514 1735 1584 1762 Θεοῦ
1602 1735 1756 1770 φονεύεσθαι
1774 1733 1825 1762 τοῦς

1061 1781 1203 1815 ἀπίστους,
1215 1780 1338 1808 τουτέστι
1352 1781 1415 1813 τοὺς
1425 1781 1461 1816 μὴ
1473 1781 1550 1812 ὄντας
1561 1782 1764 1817 Σαρρακηνούς·
1779 1777 1827 1805 καί·

1062 1836 1102 1854 τοι
1119 1836 1150 1862 γε
1165 1824 1249 1854 εἶπὼν
1269 1828 1332 1862 περὶ
1353 1826 1453 1859 αὐτῶν,
1469 1827 1506 1858 ὡς
1523 1828 1555 1853 οὐ
1577 1827 1701 1853 δύνανται
1719 1825 1750 1852 τὰ
1770 1822 1826 1858 ὀρθὰ

1062 1874 1179 1908 φρονεῖν.
1193 1874 1230 1908 μὴ
1242 1873 1318 1908 παρὰ
1332 1872 1400 1900 Θεοῦ
1413 1873 1591 1908 ὁδηγούμενοι
1602 1881 1608 1888 ·
1621 1873 1665 1899 τὸν
1675 1873 1702 1899 δὲ
1716 1871 1775 1898 Θεὸν
1788 1869 1826 1896 αὕ-

1061 1919 1125 1950 τοὺς
1140 1919 1177 1953 μὴ
1192 1918 1334 1954 ὁδηγῆσαι.
1355 1918 1436 1945 Ἀλλὰ
1450 1918 1551 1945 ἄτοπον
1568 1918 1735 1953 φονεύεσθαι,
1749 1916 1787 1942 διὰ
1802 1914 1826 1940 τὺ

1063 1964 1100 2000 μὴ
1113 1963 1257 1990 δύνασθαι”
1278 1963 1325 1996 οὒς
1341 1964 1389 1991 καὶ
1403 1963 1572 1998 δυναμένους
1594 1963 1624 1989 οὐ
1650 1962 1778 1996 προσῆκον
1799 1956 1826 1993 ἧν

1060 2008 1274 2043 ηναγκάζεσϐαι,
1291 2008 1334 2035 διὰ
1347 2009 1376 2035 τὺ
1393 2009 1430 2043 μὴ
1447 2009 1577 2043 ἀρέσκειν
1591 2008 1630 2043 τῷ
1642 2008 1700 2041 Θεῷ
1713 2007 1759 2041 τὴν
1774 2011 1827 2031 κπ-

1059 2053 1273 2089 ηναγκασμένην
1295 2053 1433 2087 λατρείαν.
1458 2054 1494 2080 T6
1511 2053 1541 2079 δὲ
1566 2052 1733 2088 φονεύεσθαι,
1757 2048 1825 2083 εἰμὴ

1060 2099 1245 2130 πιστεύσαιεν,
1260 2098 1276 2134 ἢ
1289 2098 1382 2132 ἕτερον
1392 2097 1491 2132 τρόπον
1509 2097 1685 2124 συνωοείσθαι
1699 2096 1735 2126 εἰς
1750 2094 1776 2120 τὸ
1789 2101 1826 2118 πι-

1061 2145 1178 2178 στεύειν,
1196 2144 1243 2171 ml.
1266 2144 1346 2175 αὐτὸς
1367 2145 1381 2170 6
1396 2144 1482 2170 ταῦτα
1503 2144 1682 2179 προστάσσων
1695 2138 1824 2175 Μαχούμετ

225 2194 279 2222 nisi
298 2194 351 2221 hoc
367 2194 401 2239 ei/
409 2183 570 2221 concessum
588 2193 650 2220 sita
665 2193 731 2219 Deo.
747 2191 803 2219 Hoc
819 2195 910 2219 autem
924 2191 1007 2218 latius

1060 2191 1158 2217 ἄτοπον
1173 2190 1261 2225 κρίνει
1277 2189 1324 2216 καὶ
1338 2190 1445 2223 ἄλογον.
1463 2189 1531 2224 Φησὶ
1542 2190 1598 2224 γὰρ
1611 2190 1639 2216 ἐν
1653 2188 1690 2223 τῷ
1703 2183 1823 2219 κεφαλαίῳ

223 2237 419 2278 explicabimus
434 2240 461 2266 in
475 2239 665 2274 sequentibus,
686 2239 713 2265 in
734 2245 806 2272 nono
824 2237 954 2272 capitulo.

1058 2235 1106 2263 τοῦ
1127 2236 1218 2262 “Ιωνᾶ’
1238 2235 1267 2261 Εἰ
1284 2235 1379 2269 ἤθελεν
1393 2236 1406 2261 6
1423 2234 1500 2266 Θεὸς,
1518 2235 1619 2266 πάντες
1636 2235 1667 2261 ἂν
1681 2233 1823 2260 ἐπίστευσαν

224 2288 248 2314 οἱ
303 2288 335 2322 τῇ
351 2289 397 2322 γῇ.
407 2287 462 2314 Καὶ
474 2288 505 2314 σὺ
516 2286 681 2319 ἀναγκάζεις
692 2286 753 2317 τοὺς
763 2284 1000 2319 ἀνθρώπουςῶστε
1013 2284 1152 2311 πιστεύειν
1163 2292 1171 2316 ;
1183 2283 1237 2310 Καὶ
1263 2283 1348 2314 οὒδεῖς
1356 2282 1468 2309 δύναται
1480 2280 1549 2308 εἶναι
1568 2281 1703 2313 πιστὸς,ςῐ
1721 2279 1754 2314 μὴ
1763 2275 1824 2303 τοῦτ’

225 2333 300 2369 αὐτῷ
315 2332 454 2367 χαρισθεῑη
473 2332 547 2369 παρὰ
558 2331 645 2365 Θεοῦ;
661 2331 745 2366 Τοῦτο
759 2331 786 2357 δὲ
802 2330 968 2366 πλατῦτερον
981 2330 1215 2364 ὲπεξελευσόμεθα
1224 2331 1252 2356 ὲν
1262 2330 1318 2360 τοῖς
1338 2329 1481 2364 ἑπομένοις
1495 2328 1572 2363 ὲντῷ
1581 2329 1684 2363 δεκάτῳ
1692 2323 1823 2360 κεφαλαίῳ.

258 2374 458 2416 lrrationabilis
472 2385 514 2407 est
533 2385 625 2407 autem
642 2380 685 2407 lex
704 2379 761 2406 hazc
780 2384 807 2406 et
822 2384 933 2416 propter
949 2379 1005 2406 haec

224 2426 258 2454 de
272 2426 373 2461 quibus
391 2430 499 2453 tractat.
517 2425 593 2452 Facit
610 2425 682 2452 enim
698 2425 847 2459 capitulum
862 2418 1004 2459 proprium

222 2472 256 2500 de
270 2472 394 2503 formica,
409 2476 437 2499 et
453 2472 526 2498 aliud
550 2471 583 2498 de
601 2479 711 2503 aranea,
725 2475 752 2497 et
767 2471 839 2498 aliud
856 2471 889 2498 de
909 2470 1003 2502 fumo;

223 2520 304 2555 cujus
316 2525 407 2547 autem
421 2519 506 2554 gratia
522 2519 593 2546 Deus
610 2518 672 2545 talia
685 2518 823 2546 mandavit
842 2519 875 2545 dc
892 2518 1004 2545 fortniea

222 2572 250 2600 et
265 2567 298 2594 de
313 2566 405 2592 fumo?
423 2565 489 2592 Item
511 2565 587 2602 dicit,
608 2563 679 2598 quod
696 2571 835 2598 nunquam
860 2564 929 2591 Deus
945 2572 1006 2598 par-

223 2619 286 2638 cere
300 2615 394 2646 posset
419 2609 575 2636 ostendenti
593 2613 668 2645 terga
685 2608 814 2648 inimicis,
837 2613 864 2636 et
889 2609 1005 2648 reliqua.

223 2657 301 2691 Quod
319 2661 410 2683 autctn
427 2660 582 2690 peccatum,
601 2654 694 2689 fugere
712 2654 848 2681 hominem
872 2655 899 2681 in
923 2655 1005 2686 bello,

223 2703 362 2730 videntem
382 2702 501 2735 scipsum
518 2700 545 2726 in
564 2699 686 2733 periculo
698 2699 709 2725 ?
722 2698 775 2726 Sed
793 2699 878 2726 voluit
894 2700 935 2727 vel
952 2700 1008 2726 bel-

224 2751 325 2777 licosos
350 2749 434 2782 ipsos,
449 2748 490 2774 \‘cl
507 2746 625 2773 audaces
640 2745 809 2772 .llahomctus
825 2745 925 2773 facere.
940 2746 1005 2773 Item

225 2783 265 2823 lex
280 2803 340 2830 qua:
351 2795 428 2829 jubet
443 2794 475 2820 de
493 2793 639 2824 lavationc,
656 2792 851 2819 irrationabilis
863 2798 904 2819 est
918 2793 1006 2820 omni-

222 2850 269 2880 ιλρΑ
283 2840 389 2876 Mandat
409 2841 481 2867 cnim
506 2837 615 2874 quando
630 2845 710 2865 orare
724 2837 819 2874 velint,
837 2838 928 2865 lavare
949 2846 1005 2865 ma-

1095 2378 1209 2412 ’Ἃλογος
1241 2377 1269 2404 δέ
1303 2378 1375 2403 ἐστιν
1406 2373 1483 2408 οὗτος
1507 2378 1521 2402 6
1547 2376 1628 2411 νόμος
1657 2377 1702 2402 καὶ
1732 2374 1771 2401 διὰ
1796 2371 1825 2398 τὰ

1059 2425 1123 2459 περὶ
1150 2421 1188 2450 ὧν
1219 2423 1453 2458 πραγματεύεται.
1472 2422 1587 2457 Ποιῆσαι
1615 2421 1668 2456 γὰρ
1697 2419 1824 2454 κεφάλαιον

1059 2469 1143 2496 ιδικδν
1173 2470 1238 2504 περὶ
1271 2468 1317 2494 τοῦ
1346 2468 1501 2502 μύρμηκος,
1531 2469 1580 2494 καὶ
1608 2468 1671 2494 ἄλλο
1698 2467 1759 2501 περὶ
1786 2462 1824 2490 τοῦ

1058 2516 1188 2551 ἁράχνου,
1210 2516 1256 2541 καὶ
1280 2514 1342 2541 ἄλλο
1363 2516 1427 2549 περὶ
1443 2514 1490 2540 τοῦ
1520 2513 1637 2545 καπνοῦ,
1655 2513 1722 2543 τινος
1738 2512 1763 2538 δὲ
1785 2509 1825 2545 χά-

1060 2571 1102 2596 ριν
1115 2563 1128 2588 6
1143 2561 1208 2593 Θεὸς
1232 2559 1340 2587 τοιαῦτα
1368 2560 1611 2594 ἐνετείλατοιπερὶ
1634 2559 1680 2586 τοῦ
1699 2558 1824 2594 μύρμηκθς

1059 2609 1106 2634 καὶ
1119 2607 1165 2634 τοῦ
1184 2606 1287 2633 καπνοῦ
1300 2615 1308 2637 ς
1324 2607 1385 2633 Ἔτι
1401 2607 1495 2640 φησὶν,
1508 2606 1546 2638 ὡς
1559 2606 1682 2632 οὐδέποτ’
1699 2606 1730 2632 ἂν
1743 2606 1755 2631 ό
1770 2603 1824 2632 Θεὸς

1060 2653 1188 2689 συγγνοίη
1200 2649 1380 2689 Σαρῥακηνῷς
1389 2653 1505 2685 δείξαντι
1515 2652 1589 2678 νῶτα
1599 2653 1654 2692 τοῖς
1665 2651 1772 2687 ἐχθροῖς,
1785 2647 1823 2676 καὶ

1056 2702 1089 2727 τὰ
1103 2700 1192 2727 λοιπά.
1212 2701 1278 2726 Ποία
1293 2700 1320 2727 δὲ
1336 2700 1458 2735 ἁμαρτία
1477 2700 1575 2733 φυγεῖν
1593 2701 1639 2726 τὸν
1656 2699 1788 2734 ἄνθρωπον
1799 2696 1823 2720 ἐν

1057 2747 1175 2782 πολέμῳ,
1189 2747 1294 2781 ὁρῶντα
1307 2746 1401 2773 ἑαυτὸν
1416 2747 1445 2772 ὲν
1463 2746 1580 2781 κινδύνῳ
1593 2755 1599 2778 ;
1620 2745 1689 2773 Ἀλλ’
1702 2740 1822 2780 ὴὸουλήθη

1057 2794 1102 2819 καὶ
1115 2793 1278 2827 πολεμικοὺς
1299 2793 1396 2822 αὐτοὺς
1414 2792 1461 2819 καὶ
1483 2792 1637 2826 τολμηροὺς
1661 2793 1674 2818 ό
1691 2791 1822 2824 Μειχουμετ

1058 2839 1178 2872 ποιῆσαι.
1208 2838 1268 2865 "Et:
1296 2840 1309 2864 6
1335 2838 1413 2873 νόμος
1438 2839 1467 2866 ὃν
1490 2837 1674 2866 διακελεύεται
1702 2837 1759 2871 περῖ
1780 2832 1824 2872 ςῆί
