1942 3090
119 169 185 204 1081

708 166 854 197 CONTRA
876 163 1129 195 MAHOMETEM.

1677 151 1744 184 1082

1288 190 1303 197 ο.

119 228 300 261 ἀπολούσεως,
315 226 411 260 ἄλογός
425 227 482 252 ἐστι
497 225 645 257 παντελῶς.
659 224 825 260 ίῐροστάττει
840 223 904 257 γὰρ,

977 239 1008 258 us
1023 235 1050 257 et
1065 230 1173 256 vultum
1190 232 1216 254 et
1230 227 1354 262 podiccm
1371 229 1399 252 et
1414 223 1582 257 pudibunda.
1597 226 1625 249 et
1640 221 1745 256 palmas

118 277 162 303 ὅτε
179 273 381 310 προσεύξασθαι
393 272 506 303 θέλοιεν,
515 272 618 298 νίπτειν
630 271 678 302 τὰς
690 271 793 305 χεῖρας,
810 270 858 295 καὶ
872 268 902 294 τὸ

119 319 276 355 πρόσωπον,
296 318 344 344 καὶ
355 317 402 343 τὸν
419 316 553 351 πρωκτὸν,
570 316 616 342 καὶ
635 316 669 341 τὰ
689 315 788 344 αἰδοῖα,
806 313 854 340 καὶ
871 313 905 339 τὰ

119 366 256 399 πέλματα,
273 363 320 390 καὶ
334 363 396 394 τοὺς
411 361 555 397 βραχίονας
575 361 653 396 μέχρι
670 360 716 387 τοῦ
735 361 856 395 πήχεως.
875 358 906 386 Εί

119 411 148 438 δὲ
164 410 201 445 μὴ
216 409 321 444 εὕροιεν
340 407 421 441 ὕδωρ,
435 406 584 442 βάπτεσθαι
598 407 647 436 τὰς
662 407 756 440 χεῖρας
769 406 797 431 ἐν
811 405 843 439 τῇ
859 404 907 430 κὸ-

121 456 237 495 νειηκαὶ
256 454 324 489 μετὰ
333 453 420 479 ταῦτα
434 452 572 487 τρίϐοντες
587 451 636 482 τὰς
655 452 749 485 χεῖρας
765 449 908 483 κεκονιμέ-

122 511 168 533 νας
180 501 224 528 διὰ
240 500 287 527 τοῦ
301 500 458 535 προσώπου,
472 497 588 529 κονίζειν
603 497 702 527 ἱκανῶς
717 495 748 521 τὺ
761 495 909 529 πρόςωπον

123 546 238 573 ἑαυτῶν.
261 545 341 572 Ἀλλά
361 545 385 570 εί
405 544 434 570 τὸ
446 542 641 570 ἀπονίπτεσθαι
656 541 777 574 εὕλογον,
791 539 910 573 εὐλογὼ-

122 600 150 618 τε
156 600 200 627 ρον
210 591 243 618 ἂν
256 588 289 625 ἦν
301 590 410 616 πλύνειν
421 590 469 618 τὴν
483 588 597 622 καρδίαν
607 587 676 614 κατὰ
685 587 715 613 τὸ
726 586 853 621 τέταρτον
864 584 910 611 τοῦ

128 637 259 672 Ἰερεμίου
270 638 299 662 ·⁴‹
314 635 416 663 Πλῦνον
429 635 478 669 τὴν
493 634 606 667 καρδίαν
622 640 669 658 σου
681 631 734 658 ἀπὸ
750 631 907 664 πονηρίας.»

124 683 160 709 Τὸ
171 683 198 709 δὲ
213 682 288 708 κόνιν
299 680 453 708 ἐπιτάττειν
469 679 508 712 τῷ
519 678 657 714 προσώπῳ
669 678 743 703 ποῖον
752 676 862 702 δύναται
870 675 913 701 λό-

124 737 171 763 γον
182 728 270 763 ἔχεινς
283 727 391 753 Μᾶλλον
406 726 455 760 μὲν
466 723 512 751 οὖν
524 725 585 751 ὅσον
594 723 624 749 τδ
634 723 740 749 νίπτειν
748 721 914 754 sumemu—

127 774 221 800 σοῦτον
243 773 274 799 τδ
287 771 441 804 κονίζεσθαι
459 770 506 797 καὶ
520 769 551 796 τδ
562 767 655 803 αἶσχος
671 768 771 794 ἀτοπόν
786 767 846 792 ἐστι
866 767 914 792 καὶ

126 820 232 853 ἄλογον.
248 818 371 845 Μάλιστα
386 817 414 842 δὲ
428 816 523 849 ἄλογος
532 816 546 842 ὁ
562 815 644 849 νόμος
654 810 730 844 οὗτος
744 812 842 838 δοκεῖὸ
851 809 915 845 περὶ

126 864 174 891 τοῦ
190 863 366 891 ἀποστασίου.
380 861 498 888 Δύναται
512 862 566 895 γὰρ
585 860 759 895 Σαρῤακηνῖς
774 858 916 885 ἐκϐάλλειν

126 908 176 944 τὴν
189 907 285 935 ἑαυτοῦ
294 908 421 941 γυναῖκα,
431 907 480 933 καὶ
492 906 573 933 πάλιν
584 905 653 940 αὐτῇ
669 903 912 936 καταλλάττεσθαι,

125 955 221 986 ὁσάκις
237 954 270 981 ἂν
279 953 366 988 τούτῳ
379 953 494 988 ἀρέσκῃ,
509 952 526 986 ἦ
538 951 681 986 ἀπαρέσκῃ
695 958 701 965 ·
720 948 791 976 οὕτω
808 949 913 984 μέντοι,

126 1001 168 1027 ὅτι
185 1001 254 1033 μετά
269 999 317 1035 τὴν
332 998 427 1034 τρίτην
437 997 552 1033 ἐκϐολὴν
568 997 605 1032 μὴ
617 996 747 1023 δύνασθαι
761 995 845 1031 αὐτὴν
860 995 914 1022 είς-

125 1045 264 1081 δέχεσοαι,
290 1044 359 1079 πλὴν
381 1044 405 1069 εί
429 1043 465 1078 μή
489 1050 531 1073 τις
551 1041 644 1076 ἕτερος
670 1039 808 1075 σαρκικῶς
831 1038 926 1073 αὐτὴν·

126 1091 216 1125 γνοίη,
232 1090 269 1124 μὴ
281 1089 363 1116 οὖσαν
373 1089 403 1116 ὲν
414 1088 470 1119 τοῖς
484 1087 627 1122 ἐμμήνοις.
640 1086 669 1112 Εἰ
682 1086 709 1112 δὲ
720 1085 822 1118 ταύτην
836 1083 913 1118 γνοίη

127 1136 166 1171 μὴ
187 1135 287 1165 ίκανῶς
309 1132 479 1169 ὲντεταμένῳ
507 1131 609 1166 αἰδοίῳ,
633 1130 738 1165 ἀνάγκη
760 1128 915 1163 περαιτέρω

126 1182 230 1217 γνῶναι
242 1180 354 1215 ταύτην,
372 1179 471 1210 ἱκανῶς
487 1177 658 1212 ὲντεταμὲνῳ
671 1175 710 1210 τῷ
724 1176 813 1210 μέλει.
833 1174 915 1201 Ὅθεν

125 1229 194 1255 ὅταν
207 1227 355 1262 βούλωνται
365 1224 598 1253 καταλλάττεσθαι
610 1223 669 1254 ταῖς
681 1222 786 1248 ἑαυτῶν
797 1221 917 1255 γυναιξὶ,

125 1274 238 1309 τίμημα
255 1272 356 1299 διδόασι
372 1270 466 1306 τυφλῷ
486 1279 550 1303 τινι,
568 1269 584 1304 ἦ
607 1269 692 1303 ἑτέρῳ
709 1268 814 1294 εὖτελεῖ
832 1276 917 1302 προτ-

126 1318 208 1353 ώπῳ,
226 1318 398 1352 συνεσομένῳ
413 1315 526 1351 τοιαύτῃ
541 1315 662 1349 γυναικὶ,
680 1315 727 1341 καὶ
748 1313 816 1349 μετά
830 1313 917 1340 ταῦτα

126 1364 336 1401 μαρτυρήσοντι
349 1361 478 1398 δημοσίᾳ,
490 1362 539 1389 καὶ
546 1361 652 1396 ὲροῦντι
665 1361 806 1395 βούλεσθαι
818 1359 918 1394 ταύτην

124 1411 177 1438 ἐκϐ
183 1410 268 1437 αλείν.
280 1405 319 1436 Οἵ)
330 1408 487 1443 γενομένου,
498 1408 512 1434 ὁ
525 1407 631 1442 πρῶτος
643 1406 754 1433 δύναται
766 1404 919 1432 καταλλάτ-

124 1465 187 1484 τειν
205 1455 289 1490 αὐτὴν
308 1454 407 1490 ἑαυτῷ.
429 1453 532 1481 Ἒνίοτε
554 1452 582 1479 δὲ
603 1451 729 1479 τοσοῦτον
755 1451 920 1485 ἀρέσκουσιν

127 1502 227 1532 αὑταῖς
245 1501 270 1527 οί
285 1500 418 1535 δεύτεροι,
436 1498 506 1526 ὥστε
529 1499 618 1533 λέγειν
638 1497 721 1528 αὐτὰς
739 1497 777 1532 μὴ
791 1496 921 1522 δύνασθαι

127 1548 245 1575 ἐκείνων
257 1546 437 1582 χωρίζεσθαι·
451 1545 499 1573 καὶ
512 1544 573 1572 τότε
586 1545 599 1571 ὁ
614 1544 722 1579 πρῶτος
735 1541 881 1569 ἀποϐαλὼν
891 1541 922 1567 τὸ

127 1595 243 1629 τίμημα
253 1593 301 1620 καὶ
317 1593 369 1628 τὴν
384 1593 514 1627 γυναῖκα,
526 1591 654 1618 ἐκπίπτει
668 1589 719 1624 τῆς
731 1588 829 1616 ἑαυτοῦ
845 1587 921 1614 unl-

128 1641 184 1672 δας.
207 1636 259 1666 ’Ὡν
279 1639 361 1674 νόμος
378 1639 409 1665 οὺ
425 1638 553 1666 τοσοῦτον
568 1636 734 1672 ἀνθρώποις,
754 1635 817 1662 ὅσον
843 1633 922 1667 ζώοις

127 1689 211 1722 λδγου
234 1685 427 1720 ἐστερημένοις
443 1684 601 1720 προσήκων,
618 1682 675 1710 ἀλλ’
692 1683 723 1709 οὐ
739 1682 778 1715 τῷ
797 1683 868 1718 Θεῷ,
883 1682 923 1718 τῷ

127 1734 224 1760 πάντα
241 1733 290 1758 σὺν
301 1731 372 1766 λόγῳ
383 1731 538 1758 διοικοῦντι.
616 1764 623 1767 _

169 1778 302 1807 Μάλιστα
324 1777 353 1804 δὲ
379 1778 477 1811 ἄλογος
493 1774 570 1806 οὗτος
585 1777 599 1803 ὁ
621 1775 701 1811 νόμος
717 1776 775 1803 ἐστὶ
792 1776 862 1802 κατά
884 1775 915 1802 τὸ

126 1825 204 1855 τέλος
232 1824 279 1850 καὶ
294 1824 357 1855 τοὺς
381 1823 494 1858 μισθοὺς
515 1821 564 1853 οὒς
581 1822 768 1857 ὑπισχνεῖται.
788 1823 856 1857 Φησὶ
869 1821 924 1856 γὰρ

126 1872 160 1899 δι’
176 1871 246 1898 ὅλου
272 1869 319 1896 τοῦ
353 1869 538 1904 Ἀλκοράνου,
560 1868 602 1895 ὅτι
629 1868 645 1903 ἠ
673 1867 844 1903 μακαριότης
870 1867 923 1893 τῶν

128 1915 328 1953 Σαῤῥακηνῶν
343 1915 401 1942 ἐστι
425 1915 612 1950 καταρρύτους
629 1912 809 1948 παραδείσους
825 1913 926 1948 κεκτῆ-

129 1965 208 1997 σθαι,
227 1962 359 1997 γυναῖκάς
370 1969 399 1987 τε
411 1961 458 1987 καὶ
470 1959 611 1991 παλλακὰς
622 1959 722 1991 πολλὰς
732 1960 805 1991 νέας,
815 1959 926 1994 αἰσχυν-

130 2010 222 2046 τηλὰς
240 2009 288 2034 καὶ
309 2007 405 2039 καλὰς,
424 2007 575 2041 πορφυροῖς
598 2005 718 2040 ἱματίοις
734 2004 925 2040 ἐνδεδυμένας,

131 2058 261 2090 σκύφους
277 2054 305 2080 δὲ
324 2052 441 2088 χρυσοῦς
465 2053 513 2078 καὶ
535 2050 672 2087 ἀργυροῦς
688 2050 733 2077 διὰ
751 2050 805 2077 τῶν
823 2058 927 2085 τραπε-

132 2102 190 2135 ζῶν
220 2098 425 2134 διατρέχοντας,
448 2098 519 2124 σιτία
546 2098 651 2131 ἥδιστα.
681 2096 775 2123 Ταῦτα
800 2096 920 2130 μάλιστα

132 2147 286 2180 καταλέγει
311 2146 340 2171 ὲν
359 2145 398 2180 τῷ
416 2143 556 2179 κεφαλαίῳ
569 2143 608 2178 τῷ
623 2143 792 2178 Ἐλραγμάν,
808 2141 821 2168 δ
843 2142 928 2176 ἑρμη-

133 2195 250 2221 νεύεται
269 2191 416 2226 ἐλεήμων.
438 2190 483 2216 Ἐν
498 2191 527 2216 δὲ
543 2189 581 2224 τῷ
597 2189 692 2225 βιϐλίῳ
710 2189 758 2223 τῆς
776 2188 925 2215 Διδασκαε

957 276 1045 310 pedis,
1062 281 1088 302 et
1100 274 1213 301 brachia
1230 279 1318 306 usque
1333 271 1366 297 ad
1385 270 1520 297 cubitum.
1539 268 1566 295 Si
1583 270 1674 294 autem
1690 273 1744 292 non

959 322 1101 349 inveniant
1132 326 1241 354 aquam,
1264 317 1362 351 intingi
1387 322 1484 342 manus
1509 314 1536 340 in
1563 312 1677 346 pulvere
1694 319 1701 338 :
1718 315 1746 337 et

959 371 1020 402 post
1037 367 1094 393 hrcc
1107 370 1230 392 terentes
1244 370 1343 390 manus
1356 361 1466 396 pulvere
1483 359 1564 386 illitas
1577 365 1625 392 per
1637 356 1746 386 faciem,

959 413 1072 447 pulvere
1089 411 1190 438 illinire
1201 409 1368 437 sullieienter
1381 413 1475 433 eorum
1492 405 1615 438 ipsorum
1628 402 1745 428 vultum.

960 457 1012 484 Sed
1027 457 1078 484 etsi
1096 456 1186 482 lavare
1217 453 1377 481 rationabile
1399 472 1406 484 ,
1425 449 1617 478 rationabilius
1630 449 1684 482 jam
1704 443 1747 473 es;

961 507 1002 531 set
1028 502 1119 529 lavare
1139 509 1206 532 cor,
1233 499 1385 526 secundum
1413 496 1559 525 Jeremiam
1587 494 1746 521 dicentem:
1775 503 1778 506 ~

964 558 974 574 ι
993 549 1063 575 Lava
1080 555 1128 574 cor
1152 551 1228 573 tuum
1243 553 1258 572 a
1275 543 1399 579 nequitia
1415 544 1448 570 η.
1468 552 1477 567 ι
1493 541 1637 568 Pulverem
1655 543 1746 565 autem

963 600 1101 628 apponere
1123 591 1224 623 vultui,
1242 597 1324 625 quam
1351 593 1441 623 potest
1466 587 1566 613 habere
1595 581 1749 610 rationem?

965 639 1050 673 Magis
1071 637 1182 672 quidem
1208 636 1291 671 igitur
1306 638 1438 669 quantum
1457 633 1549 659 lavare
1572 634 1614 657 est
1632 629 1749 656 rationm

964 685 1029 716 bile.
1049 688 1154 711 tantum
1178 683 1291 718 pulvere
1309 680 1403 707 illiniri
1432 677 1631 705 inconveniens
1655 679 1697 701 est
1723 679 1751 700 et

968 729 1170 758 irrationabile.
1186 727 1302 755 Maxime
1319 731 1409 754 autem
1428 721 1624 752 irrationabilis
1637 721 1694 747 hmc
1709 719 1752 746 lex

968 776 1089 808 videtur,
1110 783 1172 809 qua;
1186 778 1227 801 est
1245 773 1279 801 de
1296 771 1424 807 repudio.
1442 769 1533 797 Potest
1547 768 1621 795 enim
1637 767 1751 793 Sarace-

969 828 1023 848 nus
1040 821 1139 856 ejicere
1154 819 1197 848 sui
1218 819 1306 854 ipsius
1323 824 1445 847 uxorem,
1460 820 1488 842 et
1504 821 1601 841 rursus
1620 813 1645 839 ei
1661 811 1753 839 conci-

971 868 1031 896 liari
1047 868 1127 894 toties
1138 866 1248 901 quoties
1263 864 1327 891 huic
1348 862 1483 897 plaCuerit
1498 861 1542 888 vel
1558 858 1730 894 displicuerit
1744 865 1752 886 ;

968 915 1008 947 sic
1024 919 1118 941 tamen
1135 917 1164 940 ut
1182 916 1243 946 post
1261 909 1370 937 tertiam
1387 906 1607 943 repudiationem
1622 912 1676 931 non
1690 910 1753 937 pos-

972 961 1008 988 sit
1020 967 1080 987 eam
1095 959 1237 993 suscipere
1255 965 1262 983 :
1287 955 1339 983 nisi
1361 954 1423 989 quis
1448 953 1516 980 alter
1531 959 1590 978 eam
1607 950 1754 978 carnaliter

969 1005 1138 1041 cognoverit,
1151 1011 1205 1031 non
1218 1002 1395 1030 exsistenlem
1408 1000 1436 1027 in
1451 998 1611 1026 menstruis.
1623 996 1651 1024 Si
1663 1001 1753 1022 autem

969 1052 1041 1079 hanc
1062 1049 1219 1085 cognoverit
1231 1041 1289 1075 non
1304 1046 1471 1074 suilicienler
1487 1048 1601 1071 extenso
1616 1041 1755 1073 testiculo,

969 1103 1083 1125 necesse
1103 1094 1218 1122 ulterius
1239 1094 1312 1120 hanc
1333 1097 1500 1127 cognoscere
1517 1088 1687 1117 suﬂlcientcr
1711 1094 1757 1113 ex-

971 1147 1049 1170 tenso
1063 1141 1195 1168 membro.
1210 1139 1288 1166 Unde
1300 1138 1410 1173 quando
1423 1137 1520 1164 volunt
1535 1133 1677 1162 conciliari
1693 1140 1756 1159 cum

970 1189 1011 1216 Sui
1027 1189 1147 1223 ipsorum
1161 1185 1302 1217 uxoribus,
1322 1184 1387 1211 dant
1407 1182 1525 1218 pretium
1550 1187 1622 1208 caeco
1637 1178 1758 1210 cuidam,

971 1234 1015 1261 vel
1028 1233 1106 1260 alteri
1123 1231 1169 1258 vili
1186 1237 1320 1266 personae,
1337 1236 1398 1264 quae
1419 1235 1481 1255 cum
1497 1226 1545 1253 tali
1567 1232 1654 1252 uxore
1676 1223 1758 1250 simul

972 1279 1064 1306 futura
1081 1281 1135 1305 est.
1159 1277 1193 1304 Et
1214 1280 1277 1311 post
1296 1275 1355 1302 haec
1372 1273 1519 1301 testabitur
1536 1271 1657 1306 publice,
1674 1273 1701 1296 et
1717 1269 1760 1295 di-

973 1327 1017 1351 cet
1033 1323 1104 1350 velle
1123 1322 1194 1348 hanc
1211 1319 1367 1354 repudiare.
1392 1317 1452 1350 Quo
1477 1317 1560 1348 (acto,
1583 1316 1690 1350 primus
1711 1321 1758 1348 po-

973 1373 1026 1396 test
1039 1375 1099 1396 eam
1116 1367 1168 1394 sibi
1182 1365 1340 1394 conciliare.
1363 1361 1520 1397 Aliquando
1545 1365 1637 1388 autem
1653 1363 1759 1387 tantun

974 1415 1086 1449 placent
1098 1413 1139 1440 eis
1155 1410 1282 1441 secundi.
1300 1414 1330 1436 ut
1345 1409 1437 1435 dicant
1452 1415 1507 1435 non
1522 1414 1602 1444 posse
1617 1413 1664 1433 eas
1679 1404 1713 1432 ab
1730 1404 1763 1431 il-

973 1459 1007 1487 lis
1020 1457 1152 1493 separari.
1169 1457 1203 1483 Et
1219 1460 1285 1483 tunc
1306 1454 1412 1490 primus
1438 1453 1569 1480 amittens
1592 1451 1710 1486 pretium
1734 1454 1763 1475 ιι

975 1510 1098 1535 uxorem,
1115 1501 1217 1528 decidit
1235 1508 1251 1527 α
1267 1499 1309 1527 sui
1325 1499 1411 1534 ipsius
1433 1505 1492 1532 spe.
1509 1497 1632 1529 Quorum
1648 1495 1692 1522 lex
1708 1501 1761 1520 non

976 1554 1082 1577 tantum
1108 1547 1278 1578 hominibus,
1301 1549 1435 1580 quantum
1461 1543 1629 1570 animalibus
1654 1541 1761 1567 ratione

974 1596 1093 1631 privatis
1107 1593 1274 1622 conveniens
1293 1598 1346 1619 est.
1369 1591 1422 1618 Sed
1442 1597 1533 1624 neque
1550 1589 1618 1621 Deo,
1638 1587 1685 1622 qui
1703 1594 1762 1613 om-

973 1642 1018 1669 nia
1033 1641 1159 1669 similiter
1175 1646 1237 1666 emn
1253 1638 1359 1666 ratione
1375 1637 1521 1675 gubernat,
1540 1634 1680 1663 convenit.

970 1772 974 1776 ’
1008 1777 1125 1805 Maxime
1139 1782 1229 1803 autem
1243 1775 1302 1802 haec
1317 1775 1363 1801 lex
1382 1772 1579 1800 irrationabilis
1602 1774 1644 1798 est
1665 1777 1762 1797 secun-

975 1824 1038 1853 dum
1061 1824 1140 1850 linem
1162 1827 1190 1849 ct
1222 1820 1335 1856 praemia
1351 1827 1412 1855 quae
1433 1819 1579 1854 promittit.
1598 1806 1674 1844 bicit
1689 1817 1762 1843 enim

975 1879 1024 1907 per
1052 1874 1139 1898 totum
1171 1869 1359 1896 Aleoranum:
1388 1866 1535 1894 Beatitudo
1563 1865 1763 1892 Saracenorum

976 1922 1030 1950 est,
1047 1916 1167 1951 irriguos
1182 1915 1278 1941 hortos
1298 1913 1449 1948 possidere,
1465 1911 1595 1939 mulieres
1611 1914 1639 1937 et
1654 1909 1766 1944 pellices

975 1965 1102 2001 juvenes,
1119 1961 1292 1990 verecundas
1312 1964 1339 1987 et
1360 1959 1500 1994 pulchras,
1515 1955 1666 1992 purpureis
1682 1954 1766 1982 vesti-

978 2011 1030 2039 bus
1049 2009 1173 2041 indutas,
1187 2007 1305 2042 scyphos
1332 2009 1425 2032 autem
1450 2010 1549 2031 aureos
1564 2005 1592 2030 et
1618 2004 1765 2036 argenteos

977 2064 1027 2092 per
1053 2062 1163 2083 mensas
1189 2053 1388 2083 discurrentes,
1416 2053 1445 2077 et
1472 2048 1575 2077 cibaria
1603 2046 1766 2075 suavissima

977 2102 1089 2128 habere.
1104 2100 1168 2127 llaec
1187 2099 1303 2125 maxime
1332 2099 1464 2124 numerat
1482 2095 1509 2122 in
1530 2093 1650 2128 capitulo
1672 2092 1769 2126 Elrag-

978 2156 1051 2180 man,
1075 2145 1148 2181 quod
1175 2145 1368 2179 interpretatur
1398 2142 1545 2168 miseralor.
1566 2139 1594 2166 In
1622 2139 1692 2165 libro
1721 2144 1770 2163 au-

981 2198 1036 2220 tem
1053 2191 1092 2218 De
1109 2191 1231 2217 doctrina
1251 2188 1403 2220 Mahomeli,
1420 2187 1466 2222 qui
1487 2185 1557 2212 liber
1578 2184 1649 2219 apud
1667 2190 1715 2210 eos
1730 2186 1771 2208 est

134 2243 208 2274 λίιις
223 2238 280 2269 τοῦ
296 2238 468 2272 Μαχούμετ,
484 2233 515 2262 οὗ
539 2237 563 2262 οί
579 2235 653 2269 λόγοι
678 2234 784 2269 μεγάλα
800 2234 917 2260 δύναντα

981 2245 1087 2273 magna:
1105 2235 1290 2264 auctoritatis,
1310 2233 1423 2268 exponit
1448 2231 1575 2259 ordinem
1592 2229 1770 2257 cibariorum.

134 2288 206 2323 παρ’
221 2285 334 2316 αὐτοῖς’,
349 2283 472 2318 ἐκτίθησι
499 2281 549 2316 τὴν
574 2281 650 2313 τάξιν
667 2280 721 2306 τῶν
749 2280 852 2307 σιτίων.
870 2280 927 2306 Καί

136 2342 209 2370 φησι
228 2331 340 2366 πρῶτον
357 2330 406 2364 μὲν
433 2327 503 2354 εἶναι
518 2327 584 2362 ὕψον
609 2327 663 2353 τῶν
684 2325 929 2361 προτεθησομένων

136 2380 198 2407 ἐκεῖ
212 2378 248 2404 τὸ
263 2374 343 2411 ἧπαρ
359 2375 412 2402 τοῦ
424 2373 604 2408 ἀλμπεποὺτ
619 2372 721 2408 ίχούος,
740 2371 826 2398 σιτίον
837 2371 930 2405 ἄκρως

137 2425 188 2461 ἡδύ
202 2433 210 2440 ·
239 2423 288 2449 καὶ
307 2422 376 2457 μετά
391 2420 477 2447 ταῦτα
503 2420 536 2446 ὲκ
549 2419 673 2454 διαδοχῆς
688 2418 804 2453 δένδρων
819 2417 928 2452 καρποί.

137 2472 197 2498 Καὶ
215 2467 401 2503 παρακατιὼν
418 2467 446 2492 ὲν
459 2465 498 2500 τῷ
513 2465 587 2499 αὐτῷ
601 2464 752 2498 κεφαλαίῳ,
769 2463 933 2499 ἐρωτώντων

137 2517 227 2544 αὑτὸν
259 2515 284 2540 εί
306 2515 353 2541 καὶ
381 2511 570 2545 λαγνεύουσιν,
586 2510 764 2543 ἀπεκρίνατο,
780 2509 837 2535 Οὐκ
852 2508 884 2534 ἂν
901 2506 935 2543 ἦν

140 2560 333 2599 μακαριότης,
360 2559 387 2585 ετ
406 2567 447 2589 τις
470 2558 529 2584 ἐκεῖ
555 2558 592 2593 μὴ
613 2557 703 2590 παρῆν
717 2555 809 2590 ἡδονή.
828 2554 936 2581 Μᾶλλον

141 2609 195 2644 μὲν
226 2603 276 2632 οὗν
315 2605 404 2639 μάτην
431 2603 480 2638 μὲν
507 2602 540 2628 ἂν
565 2599 636 2636 ἦσαν
653 2601 751 2632 πάντα,
770 2601 806 2635 μὴ
822 2601 867 2626 καὶ
888 2599 936 2633 τῆς

139 2652 217 2681 κατὰ
238 2650 291 2685 τὴν
315 2650 443 2684 λαγνείαν
468 2648 566 2683 ἡδονῆς
593 2647 738 2682 ἑπομένης.
756 2646 800 2672 Ἐν
816 2645 903 2679 τούτῳ
914 2644 936 2671 δ’

138 2701 218 2727 ἐστιν
237 2698 251 2723 ὁ
282 2697 336 2728 πᾶς
358 2696 405 2722 τοῦ
427 2694 590 2729 Ἀλκοράνου
609 2692 721 2723 σκοπὸς,
735 2692 793 2722 καὶ,
809 2690 872 2724 ὅλης
887 2690 936 2724 τῆς

135 2748 193 2773 τῶν
215 2743 275 2777 Σαῤ
285 2742 411 2778 ῥακηνῶν
442 2742 584 2776 αἱρέσεως,
608 2739 648 2774 τῷ
675 2738 723 2772 τὴν
750 2737 938 2772 μακαριότητα

137 2792 263 2829 μάλιστα
291 2791 319 2816 ὲν
344 2789 459 2824 λαγνείᾳ
485 2788 532 2814 καὶ
560 2786 659 2821 γαστρὶ
683 2784 854 2811 amasti-4:.
885 2783 938 2809 Καὶ

184 2879 209 2897 ³⁸
225 2878 330 2914 lerem.
347 2884 382 2909 iv,
402 2875 443 2904 14.

982 2285 1015 2312 Et
1027 2284 1094 2310 dicit
1111 2282 1230 2317 primum
1251 2279 1361 2314 quidem
1375 2285 1436 2308 esse
1450 2277 1582 2304 ferculum
1600 2282 1698 2302 eorum
1712 2281 1772 2308 quae

983 2330 1038 2358 illic
1061 2333 1124 2356 sunt
1147 2326 1319 2362 apponenda,
1341 2333 1405 2359 epar
1421 2324 1567 2358 alimpeput
1585 2321 1679 2356 piscis,
1699 2320 1772 2347 ciba-

983 2377 1087 2404 riorum
1110 2374 1189 2401 valde
1210 2379 1303 2404 suave,
1329 2375 1356 2398 et
1381 2374 1443 2405 post
1459 2369 1518 2397 hate
1541 2376 1574 2395 ex
1594 2366 1772 2395 successione

986 2423 1114 2450 arborum
1131 2419 1250 2446 fructus.
1263 2418 1297 2444 Et
1315 2416 1488 2444 descendens
1503 2414 1531 2441 in
1547 2413 1644 2441 eodem
1662 2413 1771 2447 capitu-

987 2467 1024 2498 lo,
1050 2463 1285 2498 interrogantibus
1309 2469 1374 2489 cum
1401 2459 1615 2495 quibusdam,si
1642 2463 1670 2486 et
1689 2458 1772 2484 luxu-

988 2513 1105 2539 rientur.
1124 2508 1286 2543 respondit:
1302 2507 1361 2534 Non
1379 2511 1454 2534 esset
1480 2504 1632 2536 beatitudo,
1655 2504 1677 2531 si
1696 2510 1772 2537 quae-

988 2558 1050 2584 dam
1078 2556 1135 2582 iliic
1159 2562 1213 2582 non
1240 2554 1350 2581 adesset
1376 2552 1514 2586 voluptas.
1532 2550 1626 2577 Potius
1661 2548 1772 2583 quidem

991 2602 1074 2636 igitur
1094 2600 1196 2627 frustra
1219 2602 1312 2625 essent
1332 2597 1433 2627 mnnia,
1454 2604 1515 2623 cum
1532 2602 1586 2621 non
1613 2597 1774 2628 sequeretur

986 2647 1111 2680 voluptas
1136 2644 1289 2672 secundmn
1313 2643 1462 2670 luxuriam.
1485 2642 1513 2669 ln
1533 2641 1585 2667 hoc
1617 2643 1708 2665 autem
1732 2641 1774 2664 est

986 2691 1075 2718 omnis
1103 2689 1229 2716 Alcoraui
1258 2688 1371 2715 intentio
1401 2692 1429 2714 et
1460 2686 1544 2713 totius
1571 2684 1771 2711 Saracenorum

987 2741 1077 2769 sectr,
1105 2735 1303 2762 beatitudinem
1321 2733 1436 2759 maxime
1459 2731 1486 2757 in
1505 2728 1610 2757 luxuria
1627 2732 1655 2756 et
1678 2731 1774 2754 ventre

987 2782 1167 2810 constituere.
1189 2779 1222 2806 Et
1244 2779 1300 2807 lure
1315 2786 1368 2805 non
1385 2776 1537 2804 secundum
1562 2773 1774 2803 similitudinem
