1942 3090
192 143 261 176 1083

830 133 1019 165 DEME’f‘RIl
1039 130 1193 162 CYDONII

1743 123 1806 158 1084

190 199 336 234 quamdam
370 197 412 224 vel
436 196 591 231 exemplum
617 195 705 227 dicit,
739 194 811 221 sicut
839 197 867 220 et
896 199 972 220 sacra

1038 189 1113 216 uita.
1135 189 1165 216 οὐ
1194 187 1266 216 κατά
1289 196 1351 215 τινα
1365 187 1513 223 ὁμοιότητα
1537 185 1747 222 ἢπαράδειγμα
1760 186 1808 220 φάρ

192 244 335 277 Scriptura
354 241 479 269 meminit
496 241 664 267 cibariorum
687 244 714 266 ct
731 245 831 266 mensae
851 238 878 264 in
895 238 974 264 beata

192 290 258 318 vita.
276 290 312 316 De
327 295 389 314 vera
406 291 499 313 autem
516 285 698 315 beatitudine,
719 284 789 311 sicut
802 283 835 310 de
847 282 974 317 specula-

193 336 269 362 tione
289 334 346 367 Dei,
369 333 411 360 vel
435 333 468 359 de
486 331 652 366 perfectione
671 329 821 357 secundum
845 327 974 357 animam.

193 381 296 408 nullam
312 380 425 407 omnino
442 378 608 405 mentionem
633 376 696 403 facit
716 375 896 405 Μιιιιοιιιυιιιε,
913 381 977 409 pro-

192 430 287 459 pterea
311 423 385 459 quod
407 430 499 457 neque
521 422 593 448 hanc
613 419 796 455 concupiscit,
812 426 900 453 neque
927 425 977 452 ap-

196 470 352 506 prehendit.
370 469 432 496 Sola
448 469 521 496 enim
541 476 600 502 qua-
617 466 797 500 concupiscit.
813 465 870 491 inec
884 464 939 499 jam
951 468 978 490 ct

196 516 344 552 promittit.
368 515 394 541 In
422 515 476 542 hoc
500 514 575 542 enim
603 517 696 547 aperte
711 511 830 538 ostendit
857 511 977 545 Seipsunt

197 561 366 588 contrarium
383 558 504 590 Christo,
531 564 559 584 et
576 556 705 583 mnnihus
722 555 864 590 prophetis
876 561 902 581 et
919 554 979 588 phi-

198 606 330 640 losophis,
347 609 375 632 et
390 604 520 631 omnibus
532 603 578 638 qui
594 603 699 630 ratione
719 605 843 631 utuntur,
861 599 907 634 qui
923 607 980 626 om-

200 657 248 676 nes
275 648 460 675 communiter
484 647 668 678 conveniunt,
705 645 827 672 ultimam
862 644 981 671 hominis

201 692 397 720 beatitudinem
431 699 491 718 esse
523 692 550 718 in
585 692 632 718 Dei
658 689 823 726 cognitione.
850 688 927 717 Sicut
954 689 980 715 in

201 738 346 772 Evangelia
375 737 524 765 secundum
553 737 734 765 Joanneth
767 736 830 763 llaec
861 740 902 762 est
928 735 980 761 vita

198 786 311 811 aeterna.
326 785 354 807 ut
371 785 535 815 cognoscunt.
553 785 577 806 te
599 780 686 805 solum
707 787 801 805 verum
823 778 906 804 Deum
920 779 952 805 ".
974 787 983 803 ι

199 827 233 855 Et
246 825 410 855 Aristoteles
433 825 508 854 dicit.
534 825 606 858 quod
635 825 687 851 vita
712 824 861 851 secundum
885 823 987 851 intelle-

1026 244 1096 267 σκει,
1119 234 1215 270 ὥσπερ
1244 235 1292 262 καὶ
1322 235 1338 270 ή
1359 235 1419 270 ιερὰ
1435 234 1572 269 μέμνηται
1591 233 1693 268 Γραφὴ
1717 233 1806 260 σιτίων

1026 282 1074 307 καὶ
1089 281 1228 315 τραπέζης
1255 281 1293 306 ἐν’
1307 281 1341 315 τῇ
1368 279 1495 315 μακαρίᾳ
1518 278 1586 314 ζωῇ.
1605 279 1677 314 Περὶ
1690 279 1743 315 γὰρ
1759 281 1806 314 τῆς

1025 324 1134 359 ἀληθῶς
1155 325 1366 360 μακαριότητος,
1392 322 1448 351 οἷον
1473 325 1523 359 τῆς
1535 323 1583 351 τοῦ
1596 324 1669 351 Θεοῦ
1686 324 1808 359 θεωρίας,

1024 372 1042 406 ἢ
1060 371 1110 404 τῆς
1122 371 1193 397 κατὰ
1202 371 1290 406 ψυχὴν
1303 370 1483 406 τελειότητος,
1493 370 1624 404 οὐδεμίαν
1636 371 1815 397 παντάπασιν

1024 419 1146 446 ποιεῖται
1173 418 1283 452 μνήμην
1305 417 1318 442 δ
1340 416 1498 451 Μαχούμετ,
1520 416 1564 443 διὰ
1589 415 1620 442 τὸ
1637 416 1708 451 μήτε
1723 416 1809 442 ἐπιθυ-

1030 465 1117 499 μῆσαι
1137 465 1255 497 ταύτης,
1287 463 1348 498 μήτ’
1376 463 1564 490 ἐπιλαϐέσθαι.
1594 463 1674 490 Μόνα
1700 462 1754 498 γὰρ
1776 459 1809 489 ὧν

1029 510 1175 545 ἐπεθύμει,
1190 510 1278 536 ταῦτα
1302 509 1335 543 δὴ
1360 509 1407 535 καὶ
1428 508 1573 544 ὑπέσχετο.
1594 508 1641 535 Ἐν
1655 508 1745 543 τούτῳ
1760 509 1809 542 γὰρ

1030 556 1300 591 ἀνακεκαλυμμὲνως
1323 554 1459 581 δείκνυσιν
1475 554 1573 581 ἑαυτὸν
1583 554 1709 581 ἐναντίον
1732 554 1769 589 τῷ
1785 562 1810 580 τι

1029 603 1140 637 Χριστῷ
1159 602 1208 627 καὶ
1232 601 1299 627 πᾶσι
1323 601 1478 636 προφήταις
1505 602 1552 627 καὶ
1572 600 1742 634 φιλοσόφοις,
1768 601 1812 626 καὶ

1032 647 1098 672 πᾶσι
1128 647 1184 677 τοῖς
1207 646 1279 681 λόγῳ
1296 646 1463 680 χρωμένοις·
1479 645 1504 672 οἳ
1524 647 1600 680 κοινῇ
1617 646 1722 677 πάντες
1750 653 1812 678 συμ-

1032 692 1151 726 φωνοῦσι
1177 693 1227 727 τὴν
1250 693 1370 728 ἐσχάτην
1399 689 1469 718 εἶναι
1486 692 1533 718 τοῦ
1561 692 1710 726 ἀνθρώπου
1734 691 1812 716 εὐδαι-

1033 738 1128 773 μονῑαν
1155 739 1184 764 ἐν
1215 739 1247 772 τῇ
1271 738 1317 764 τοῦ
1347 737 1414 764 Θεοῦ
1432 737 1549 772 γνώσει·
1576 737 1614 765 ὡς
1639 738 1669 764 ἐν
1688 737 1727 772 τῷ
1748 737 1811 763 κατὰ

1039 785 1176 820 Ἰωάννην
1192 794 1201 810 ι
1223 784 1296 820 Δῦτη
1313 785 1386 811 ἐστὶν
1414 786 1430 820 ή
1452 785 1560 816 αἰώνιος
1578 784 1649 819 ζωή,
1677 785 1721 810 ἴνα
1741 783 1814 817 γινώ-

1035 830 1120 857 σκωσὶ
1142 839 1169 856 σε
1186 830 1230 855 τὸν
1260 830 1338 863 μόνον
1359 829 1484 865 ἀληθινὸν
1499 830 1575 857 Θενιν.
1588 839 1598 856 ι
1618 830 1676 857 Καὶ
1700 829 1814 863 Ἀριστο-

199 880 273 902 etum
288 873 390 908 optima
410 876 461 899 est.
479 872 562 907 Igitur
582 872 653 898 circa
682 875 804 898 ventrem
825 875 851 897 ct
871 877 986 897 venerea

1038 876 1114 909 τέλης
1134 876 1161 902 δέ
1187 885 1269 910 agnam
1295 877 1323 902 ὲν
1341 876 1379 910 τῷ
1405 876 1529 911 τετάρτῳ
1545 876 1600 903 τῶν
1622 875 1754 908 Ἠθικῶν,
1773 875 1814 902 καλ

200 920 318 947 pessima
334 923 391 951 est;
413 917 515 945 etenim
541 917 570 944 fit
587 917 783 952 impedimento
805 916 921 944 bonitati
946 916 989 944 in-

202 962 339 990 tellectus.
362 962 415 990 Sed
430 969 560 997 quoniam
582 962 725 996 Saraceni,
744 970 834 998 neque
851 963 923 990 dicta
943 963 983 989 di-

201 1007 270 1034 vina:
287 1007 438 1042 Scriptum
461 1007 625 1042 suscipiunt,
642 1016 731 1042 neque
746 1008 982 1043 philosophorum,

201 1056 313 1086 propter
332 1053 453 1079 rationes
468 1052 495 1079 in
519 1053 606 1087 primo
627 1052 747 1087 capitulo
769 1052 923 1087 praedictas.
940 1059 984 1079 re-

199 1098 342 1125 deundum
356 1099 413 1133 jam
430 1103 472 1125 est
487 1098 521 1125 ad
535 1098 680 1133 quamdam
699 1099 845 1131 rationem,
861 1106 943 1133 quam
958 1103 985 1125 et

202 1144 253 1178 ipsi
278 1144 449 1172 irrationales
475 1144 641 1172 exsistentes
661 1152 715 1172 non
741 1150 855 1179 possunt
872 1146 985 1173 omnino

201 1197 312 1225 negare.

237 1330 279 1358 Sit
290 1330 374 1366 igitur
386 1332 457 1358 ratio
466 1330 624 1363 auctoritas,
633 1329 693 1358 sine
705 1337 758 1362 qua
770 1330 843 1358 nulla
854 1330 925 1357 valet
938 1338 989 1357 au-

201 1377 326 1409 claritas,
347 1382 374 1404 et
395 1376 605 1410 ostendendum,
623 1376 697 1412 quod
718 1385 806 1412 neque
827 1377 855 1404 in
875 1377 988 1409 ventris,

202 1430 292 1458 neque
313 1423 341 1449 in
359 1422 577 1457 intemperantiae
594 1423 725 1457 operibus
735 1423 852 1451 felicitas
871 1422 990 1450 hominis

201 1474 254 1501 est,
264 1473 292 1496 et
308 1468 381 1504 quod
394 1468 452 1497 haec
463 1476 517 1496 non
528 1474 610 1496 erunt
626 1469 693 1498 illic.
701 1468 815 1497 Constat
829 1470 902 1497 enim
918 1468 991 1504 quod

203 1515 280 1542 cibos
297 1515 331 1542 ad
357 1515 411 1543 hoc
431 1515 575 1549 sumimus,
593 1519 623 1542 ut
642 1517 792 1551 corruptio,
816 1523 876 1549 qua:
900 1520 992 1550 posset

203 1561 327 1588 accidere
337 1568 369 1588 ex
379 1561 588 1597 consumptione
598 1561 729 1589 naturalis
737 1561 853 1594 humidi,
862 1562 989 1594 evitetur,

203 1611 232 1634 et
244 1606 289 1634 fiat
305 1611 490 1642 augmentum.
504 1606 566 1634 lltec
580 1610 672 1634 autem
685 1606 740 1634 duo
756 1615 810 1634 non
820 1611 902 1634 erunt
917 1608 989 1641 illic;

205 1660 301 1680 omnes
311 1653 383 1679 enim
396 1653 422 1680 in
440 1657 660 1681 commensurata
674 1653 825 1688 quantitate
838 1657 989 1688 resurgent,

205 1703 233 1726 et
259 1699 373 1734 posthac
401 1707 456 1726 non
484 1703 613 1733 poterunt
636 1699 715 1733 mori,
731 1700 772 1727 vel
800 1700 851 1727 alio
873 1701 991 1735 quodam

207 1745 290 1772 modo
307 1746 434 1779 deficere,
449 1746 523 1774 sicut
539 1751 567 1773 et
582 1746 640 1780 ipse
655 1746 825 1774 Mabomctus
842 1746 868 1773 in
880 1754 929 1773 sua
944 1746 1002 1773 ilo-

205 1792 293 1819 ctrina
308 1792 375 1819 dicit
395 1801 401 1819 :
422 1792 495 1820 Deus
513 1792 654 1819 interimet
669 1796 795 1824 mortem,
812 1796 841 1819 et
859 1796 919 1827 post
933 1792 991 1819 haec

205 1843 350 1873 resurgent
367 1838 536 1866 immortales
552 1842 580 1865 et
602 1837 710 1873 integri.
725 1838 885 1871 Assumptio
907 1837 991 1871 igitur

206 1883 375 1910 cibariorum
403 1890 577 1918 nequaquam
600 1887 643 1910 est
667 1882 834 1910 necessaria.
858 1882 991 1910 Similiter

206 1934 297 1956 autem
323 1936 412 1963 neque
429 1936 521 1955 rerum
548 1935 727 1955 venerearum
753 1935 831 1959 usus.
858 1928 1008 1965 quoniattn

207 1981 297 2009 neque
311 1981 387 2001 nunc
411 1979 452 2001 est
468 1973 651 2005 necessarius,
673 1972 727 2000 nisi
746 1978 776 2000 ut
801 1978 925 2000 servetur
945 1981 989 2001 se-

207 2019 326 2047 cundum
340 2019 458 2053 speciem
478 2019 552 2054 quod
575 2026 630 2046 non
650 2023 742 2053 potest
755 2019 857 2046 servari
874 2019 901 2046 in
920 2019 991 2046 indi-

207 2066 300 2093 viduo.
317 2065 384 2093 item
399 2065 523 2092 homines
537 2065 584 2101 qui
602 2069 755 2100 resurgent,
770 2065 811 2092 vel
827 2073 934 2100 semper
951 2065 991 2093 vi-

157 2135 160 2139 .
208 2115 282 2145 vent,
298 2117 327 2139 et
342 2119 452 2146 semper
466 2111 634 2138 nutrientur.
657 2110 690 2138 Et
700 2111 723 2139 si
741 2119 850 2146 semper
866 2112 991 2138 nutrien~

208 2162 263 2190 tur,
281 2164 452 2192 consequens
465 2157 518 2189 his,
533 2156 607 2192 quod
624 2157 797 2193 augebunlur
808 2165 933 2192 corpora,
947 2156 990 2184 vel

1032 922 1174 956 δωδεκάτῳ
1192 923 1260 956 μετὰ
1277 923 1310 948 τὰ
1339 922 1452 956 φυσικὰ,
1469 922 1510 949 ὅτι
1536 922 1552 957 ἡ
1590 922 1664 948 κατὰ
1689 922 1749 948 νοῦν
1764 921 1814 955 ζωὴ

1034 968 1133 1003 άρὲστη
1166 969 1249 994 ἐστίν.
1274 967 1305 993 Ἤ
1332 968 1386 1002 ἄρα
1401 967 1466 1003 περὶ
1489 967 1539 1002 τὴν
1564 967 1692 1002 γαστέρα
1717 967 1763 993 καὶ
1785 966 1815 991 τὰ

1034 1014 1180 1047 ἀφροδίσια
1195 1013 1318 1048 χειρίστη
1337 1013 1420 1045 ἐστὶν,
1437 1013 1475 1047 τῷ
1491 1013 1538 1040 τοῦ
1554 1012 1601 1039 νοῦ
1613 1013 1713 1047 ἀγαθῷ
1731 1013 1813 1046 ἐμπο-

1034 1059 1087 1086 δὼν
1112 1060 1252 1095 γινομένη.
1277 1059 1346 1086 Ἀλλ’
1369 1060 1429 1086 ἐπεὶ
1455 1059 1479 1085 oi
1506 1059 1684 1096 Σαῤῥακηνοὶ
1705 1059 1764 1086 οὔτε
1786 1058 1814 1085 τὰ

1037 1107 1106 1141 ῥητά
1120 1107 1166 1140 τῆς
1180 1106 1254 1136 θείας
1270 1105 1381 1140 Γραφῆς
1394 1105 1529 1140 δέχονται,
1543 1105 1604 1132 οὔτε
1622 1105 1658 1132 τὰ
1673 1105 1726 1132 τῶν
1749 1105 1816 1139 φιλο-

1037 1153 1127 1185 σόφων
1145 1151 1190 1177 διὰ
1204 1151 1264 1182 τοὺς
1283 1152 1311 1177 ὲν
1325 1149 1425 1185 πρώτῳ
1447 1150 1587 1185 κεςςαλαίῳ
1603 1150 1814 1185 προειρημένους

1037 1198 1144 1231 λόγους,
1160 1197 1301 1224 ἐπανιτέον
1327 1197 1360 1224 ἂν
1386 1196 1429 1232 εἴη
1461 1197 1579 1223 ὲπίτινα
1604 1194 1700 1230 λόγον,
1724 1196 1752 1222 ὃν
1775 1195 1815 1222 καὶ

1037 1244 1114 1271 αὐτοὶ
1130 1243 1221 1277 ἄλογοι
1240 1243 1413 1270 παντάπασιν
1440 1243 1516 1276 ὀντες
1548 1243 1598 1278 οὐχ
1627 1241 1679 1269 οἷοί
1705 1243 1733 1268 τέ
1752 1242 1814 1268 εἰσιν

1038 1289 1258 1325 ἀπαρνήσασθαι.

1075 1336 1309 1363 Γενέσοω“τοίνυν
1337 1335 1351 1362 6
1378 1334 1458 1370 λόγος
1482 1335 1582 1371 ῥητὸν,
1604 1331 1639 1362 οὗ
1662 1335 1725 1362 ἄνευ
1746 1332 1814 1360 οὐδὲν

1042 1382 1128 1417 ίσχύει
1145 1382 1175 1408 τὺ
1187 1381 1269 1416 ῥητόν
1282 1389 1288 1395 ·
1303 1381 1352 1407 καὶ
1365 1380 1498 1414 δεικτέον,
1520 1381 1562 1408 ὅτι
1572 1380 1639 1407 οὔτε
1654 1381 1683 1407 ὲν
1702 1381 1755 1411 τοῖς
1769 1379 1814 1413 τῆς

1041 1429 1189 1460 ἀκολασίας
1210 1427 1300 1462 ἔργοις
1316 1428 1332 1462 ἡ
1347 1427 1505 1462 εὐδαιμονία
1519 1427 1579 1456 ἔστι.
1599 1427 1652 1454 τοῦ
1669 1426 1813 1462 ἀνθρώπου,

1043 1475 1090 1502 καὶ
1104 1475 1145 1502 ὅτι
1160 1474 1246 1501 ταῦτα
1262 1475 1312 1501 οὐκ
1330 1474 1436 1501 ἔσονται
1453 1474 1521 1500 ἐκεῖ.
1540 1473 1590 1500 Διὰ
1614 1472 1696 1500 τοῦτο
1713 1471 1764 1507 γὰρ
1777 1471 1814 1504 ἐξ-

1043 1521 1166 1555 ἀνάγκης
1180 1521 1215 1546 τὰ
1232 1520 1305 1546 σιτία
1331 1520 1518 1554 λαμϐάνομεν.
1537 1518 1581 1546 ἴνα
1600 1527 1634 1545 τε
1650 1518 1698 1554 τὴν
1711 1517 1815 1552 δυναμέ-

1043 1575 1091 1600 νην
1120 1566 1279 1600 συμϐαίνειν
1304 1565 1408 1601 φῦοράν
1429 1566 1460 1592 ὲκ
1482 1565 1530 1592 τοῦ
1558 1565 1589 1591 τὸ
1611 1564 1728 1600 φυσικὸν
1741 1562 1814 1598 ὕγρδν

1041 1612 1234 1640 ἀναλίσκεσθαι
1253 1612 1433 1646 φυλαξὼμιθα
1445 1611 1572 1647 καὶπρὸς
1588 1610 1714 1646 αὔξησιν,
1731 1608 1814 1636 Ταῦτα

1040 1657 1068 1684 δὲ
1085 1659 1117 1684 τὰ
1134 1657 1181 1684 δύο
1200 1658 1249 1684 οὐκ
1276 1658 1384 1684 ἕξονται
1410 1658 1478 1685 ἐκεῖ.
1515 1657 1621 1689 Πάντες
1651 1658 1703 1692 γὰρ
1719 1655 1746 1683 ἐν
1767 1662 1813 1681 τινι

1042 1704 1193 1738 συμμέτρῳ
1221 1703 1352 1737 ποσότητι
1372 1703 1583 1738 ἀναστήσονται,
1603 1701 1713 1729 καὶτοῦ
1729 1698 1813 1727 λοιποῦ

1040 1749 1071 1775 οὺ
1088 1749 1247 1784 δυνήσονται
1281 1749 1476 1785 ἀποθνήσκειν,
1501 1749 1518 1784 ἦ
1535 1748 1615 1776 ἄλλον
1642 1748 1703 1776 τινὰ
1723 1747 1813 1780 τρόπον

1041 1795 1197 1822 ἐκλείπειν·
1215 1795 1252 1826 ὡς
1275 1796 1321 1822 καὶ
1338 1795 1419 1827 αὐτὸς
1431 1796 1445 1821 ό
1462 1795 1611 1831 May-5px:
1635 1796 1664 1822 ὲν
1679 1796 1710 1830 τῇ
1725 1790 1813 1820 ἑαυτοῦ

1040 1841 1199 1876 διδασκαλίᾳ
1215 1841 1308 1876 φησὶν,
1330 1841 1360 1867 ‘0
1381 1841 1446 1872 Θεὸς
1470 1842 1617 1868 ἀποκτενεῖ
1641 1841 1685 1868 τὸν
1699 1840 1812 1870 θάνατον,

1041 1888 1088 1913 καὶ
1110 1889 1178 1921 μετά
1203 1887 1290 1914 ταῦτα
1317 1887 1514 1922 ἀναστήσονται
1542 1886 1673 1914 ἀθάνατοι
1693 1886 1738 1912 καὶ
1753 1883 1812 1910 ἀκέ-

1043 1940 1124 1967 ραιοι.
1146 1931 1178 1957 Ἦ
1198 1931 1333 1965 ἀνάληψις
1348 1931 1402 1966 ἄρα
1418 1930 1472 1957 τῶν
1493 1930 1586 1957 σιτίων
1603 1930 1729 1965 οὐδαμῶς
1747 1929 1812 1954 ἐστιν

1041 1976 1191 2010 ἀναγκαία.
1215 1976 1331 2010 Ὁμοίως
1354 1976 1382 2002 δὲ
1395 1975 1456 2002 οὐδὲ
1473 1976 1488 2010 ἡ
1503 1975 1558 2002 τῶν
1579 1975 1740 2012 ἀφροδισίων
1751 1973 1812 2008 χρῆ-

1042 2029 1094 2053 σις,
1121 2020 1182 2046 ἐπεὶ
1206 2019 1273 2054 μηδὲ
1291 2019 1338 2046 νῦν
1366 2021 1442 2046 ἐστιν
1464 2019 1615 2054 ἀναγκαία,
1645 2020 1668 2046 εί
1687 2019 1723 2054 μὴ
1748 2017 1810 2043 ὥστε

1041 2066 1225 2101 φυλάττεσθαι
1245 2065 1327 2092 ’κατὰ
1348 2065 1379 2091 τὸ
1398 2063 1467 2097 εἶδος
1483 2065 1513 2091 τὸ
1528 2065 1565 2101 μὴ
1574 2066 1718 2100 δυνάμενον
1735 2065 1761 2089 ὲν
1777 2062 1810 2096 τῷ

1040 2111 1145 2148 ἀτόμῳ.
1164 2112 1224 2138 Ἔτι
1236 2112 1261 2137 οί
1279 2111 1453 2146 ἀνιστάμενοι
1479 2111 1617 2146 ἄνθρωποι
1635 2112 1651 2147 ἢ
1667 2111 1709 2138 ἀεὶ
1723 2109 1809 2144 ζήσαν-

1040 2167 1102 2190 ται,
1119 2158 1136 2192 ἢ
1159 2158 1203 2184 ἀεὶ
1229 2158 1316 2192 τροφῇ
1339 2157 1498 2192 χρήσονται,
1516 2158 1559 2184 ἐπ’
1582 2157 1694 2192 ἄπειρον
1715 2155 1808 2184 τούτοις

206 2208 288 2230 erunt
303 2207 330 2231 et
343 2203 398 2230 illic
411 2203 563 2238 egestiones
583 2207 612 2230 ct
633 2203 693 2230 alia:
717 2203 863 2235 foeditates,
878 2208 908 2230 ut
931 2207 987 2230 tan-

1042 2203 1243 2240 αὑξηθήσονται
1259 2204 1293 2230 τὰ
1307 2202 1459 2237 σώματα,ἢ
1475 2203 1584 2230 ἔσονται
1601 2204 1647 2229 καὶ
1662 2203 1716 2228 ἐκεῖ
1727 2199 1806 2233 ἐκκρίι

209 2256 265 2278 tum
295 2251 450 2278 resolvatur
476 2255 608 2285 quantum
636 2251 808 2278 convertitur
835 2251 861 2278 in
886 2250 990 2284 cibum,

207 2305 323 2332 quorum
337 2302 484 2333 utrumque
499 2301 541 2324 est
556 2297 762 2325 inconveniens.
776 2297 816 2324 Ad
831 2297 884 2324 hoc
899 2301 991 2324 autem

209 2342 356 2377 respondet
373 2342 544 2371 Mahometus
559 2343 586 2370 in
605 2342 678 2370 libro
705 2343 748 2370 sui
770 2343 856 2377 ipsius
888 2342 993 2370 doctri-

208 2396 260 2420 nm.
279 2388 374 2416 dicens
389 2396 396 2415 :
414 2389 486 2424 quod
513 2396 567 2416 non
590 2389 643 2416 erit
660 2388 717 2416 illie
740 2389 843 2424 egestio
857 2388 990 2421 sordium,

207 2432 254 2460 sed
271 2433 398 2468 purgatio
421 2441 470 2468 per
485 2434 627 2462 sudorem.
645 2434 679 2461 Et
706 2434 819 2461 adducit
834 2434 991 2469 exemplum

208 2479 285 2515 pueri
303 2478 330 2505 in
347 2484 426 2507 utero
441 2479 538 2509 matris
561 2480 730 2514 exsistentis,
744 2480 792 2515 qui
805 2480 927 2507 nutritur
949 2479 990 2514 (ut

207 2524 284 2557 dicit)
300 2528 326 2551 et
343 2532 397 2551 non
422 2525 518 2560 egerit.
543 2524 597 2553 Sed
614 2533 703 2560 neque
720 2526 874 2560 exemplum
899 2525 989 2561 hujus,

208 2578 296 2606 neque
317 2571 407 2604 ratio,
431 2571 454 2598 si
477 2571 539 2606 quis
556 2571 702 2605 diligenter
726 2572 854 2606 respiciat
874 2572 991 2599 solutio-

208 2625 281 2649 nem,
298 2621 340 2644 est
360 2616 507 2644 suiliciens.
525 2616 595 2644 Sunt
619 2617 692 2645 enim
707 2617 830 2652 qun‘dam
844 2617 878 2644 de
901 2617 992 2651 perfe—

207 2663 299 2691 ctione
324 2663 490 2698 imperfecti,
508 2672 568 2699 quae
591 2664 617 2691 in
642 2672 671 2692 re
687 2664 808 2699 perfecta
824 2668 916 2691 essent
934 2671 991 2690 ma-

207 2717 267 2744 gna:
281 2709 516 2745 imperfectioncs.
535 2710 601 2737 Item
617 2710 639 2738 si
664 2718 731 2738 usus
751 2718 843 2738 rerum
860 2718 991 2736 verteren-

209 2763 269 2783 rum
293 2761 336 2784 est
360 2756 427 2790 illic,
453 2757 505 2785 nisi
531 2757 632 2786 frustra
662 2764 746 2791 esset,
777 2761 940 2793 sequeretur
963 2761 991 2784 ct

247 2851 267 2867 ¹⁸
281 2851 359 2879 Joan.
376 2859 438 2886 χιιι,
458 2851 484 2878 '5.

1042 2259 1110 2282 σεις,
1127 2249 1175 2277 καὶ
1189 2249 1269 2277 ἄλλαι
1292 2248 1505 2284 αίσχημοσύναι,
1522 2248 1592 2275 ὥστε
1615 2248 1736 2275 τοσοῦτον
1752 2247 1808 2272 ἀνα-

1040 2295 1152 2322 λύεσθαι
1166 2295 1227 2321 ὅσον
1241 2295 1372 2330 τρέπεται
1381 2295 1421 2326 ιίς
1431 2293 1547 2330 τροφήν,
1559 2291 1596 2321 ὧν
1606 2293 1732 2328 ἑκάτερόν
1743 2293 1806 2317 ἐστιν

1040 2341 1151 2368 ἄτοπον.
1169 2341 1241 2374 Πρὸς
1267 2340 1346 2366 τοῦτο
1371 2339 1402 2367 δὲ
1430 2341 1609 2374 ἀποκρίνεται
1635 2342 1648 2366 ὁ
1663 2337 1807 2372 Μαχούμετ.

1041 2389 1070 2414 ὲν
1085 2387 1123 2423 τῷ
1139 2387 1236 2423 βιϐλίῳ
1261 2387 1310 2422 τῆς
1337 2387 1435 2414 ἑαυτοῦ
1460 2387 1635 2418 διδασκαλίας
1662 2386 1752 2419 λέγων,
1776 2382 1808 2413 ὡς

1041 2432 1099 2461 Οὐκ
1119 2433 1196 2460 ἔσται
1210 2434 1268 2459 ἐκεῖ
1286 2433 1409 2467 ἔκκρισις
1436 2428 1578 2468 αίσχρῶν,
1599 2432 1666 2459 ἀλλὰ
1690 2430 1810 2463 κάθαρσιὸ

1043 2479 1076 2506 δι’
1097 2479 1216 2514 ἱδρώτων
1228 2498 1235 2505 .
1263 2478 1319 2505 Καὶ
1339 2479 1460 2513 παράγει
1488 2478 1664 2514 παράδειγμα
1683 2477 1726 2502 τὸν
1739 2476 1765 2500 ὲν
1780 2474 1807 2506 τῇ

1042 2525 1144 2560 γαστρὶ
1174 2526 1223 2560 τῆς
1257 2525 1361 2560 μητρὶς
1400 2525 1484 2551 παῖδα
1517 2524 1546 2556 ὃς
1579 2524 1739 2558 τρεφόμενος
1760 2519 1808 2555 (ὥς

1043 2571 1135 2607 φησιν]
1153 2571 1203 2598 οὐκ
1229 2571 1361 2606 ἐκκρίνει.
1398 2571 1468 2597 Ἀλλ’
1500 2569 1561 2597 οὔτε
1591 2570 1622 2595 τὸ
1648 2567 1807 2602 παράδειγμα

1043 2617 1150 2648 τούτου,
1164 2615 1225 2642 οὔτε
1240 2616 1336 2650 ὁλόγος
1360 2615 1428 2650 πρὸς
1444 2614 1522 2641 λύσιν
1539 2614 1613 2640 ἐστὶν
1629 2613 1724 2644 ἱκανὸς,
1736 2610 1759 2635 εἰ
1772 2615 1807 2638 τις

1043 2664 1196 2691 ἑπιὸλέπει.
1218 2663 1280 2689 Εἰσὶ
1308 2662 1363 2696 γάρ
1388 2669 1450 2688 τινα
1478 2661 1507 2688 ὲν
1524 2661 1579 2692 τοῖς
1604 2659 1716 2690 ἀτελέσι,
1739 2655 1806 2687 λόγον

1043 2710 1140 2744 ἔχοντα
1166 2709 1354 2743 τελειότητος·
1375 2707 1447 2742 άπερ
1474 2708 1502 2733 ἐν
1531 2707 1587 2736 τοῖς
1612 2705 1719 2734 τελείοις
1740 2702 1804 2730 ὂντα.

1044 2757 1111 2792 πρὸς
1130 2755 1239 2786 ἀτελοῦς
1261 2754 1374 2786 ἐκείνοις
1390 2753 1472 2781 ἐστίν.
1488 2753 1547 2779 Ἔτι
1561 2753 1612 2788 cii)
1628 2751 1717 2787 χρῆσις
1730 2749 1804 2781 ἀφρο-
