1942 3090
122 142 192 176 1085

717 143 863 174 CONTRA
884 141 1141 173 MAHOMETEM-

1682 140 1753 172 1085

119 203 211 231 δισίων
230 203 304 230 ἑστιν
324 203 392 235 ἐκεῖ,
415 204 440 229 εἰ
469 202 508 237 μὴ
537 203 626 238 μάτην
652 203 695 237 εἴη
712 222 720 235 ,
739 202 837 229 ἕπεται
857 201 904 228 καὶ

956 202 1161 236 gcnerationcm
1190 202 1248 229 fore
1268 201 1340 228 sicut
1364 201 1446 228 etiam
1464 207 1547 227 nunc.
1564 199 1640 227 Mulli
1665 200 1750 235 igitur

119 249 231 282 γένεσιν
247 247 361 275 ἔσεσθαι
374 247 471 284 ὥσπερ
490 249 538 276 καὶ
556 249 616 275 νῦν.
631 248 728 275 Πολλοὶ
742 249 795 282 ἄρα
812 255 908 282 γεννη-

120 293 251 327 θήσονται
267 292 338 328 μετά
349 293 400 328 τὴν
416 293 580 326 ἀνάστασιν,
596 293 650 329 πρὸ
664 295 714 330 τῆς
730 293 910 323 ἀναστάσεως

122 339 160 374 μὴ
178 339 267 371 huc.
282 339 382 375 Μάτην
397 339 452 374 ἄρα
466 339 593 366 τοσοῦτον
607 340 625 374 ὴ
642 339 696 366 τῶν
717 338 823 373 νεκρῶν
840 337 909 364 ἀνά-

120 392 215 415 στασις
231 384 439 418 παρατείνεται,
455 383 501 411 ἴνα
518 384 620 415 πάντες
636 384 708 419 όμοῦ
721 383 747 410 οί
759 383 809 418 τὴν
823 382 910 418 αὐτὴν

118 430 227 464 ἔχοντες
245 429 327 464 φύσιν
350 429 459 457 λάϐοιεν
484 429 533 464 τὴν
548 429 634 464 ζωήν.
653 430 714 456 Ἔτι
737 430 760 456 εί
778 431 795 464 ἡ
821 438 910 464 μακα-

121 476 214 511 ριότης
236 477 266 503 ἐν
289 477 330 510 τῷ
352 475 496 510 λαγνεύειν
510 475 558 502 καὶ
576 475 677 508 πολλὰς
695 475 767 510 ἔχειν
779 475 912 509 γυναῖκάς

119 522 238 554 ἐστιν,οί
253 522 323 557 μετὰ
336 522 387 557 τὴν
402 522 550 549 ἀνάστασιν
566 522 796 557 τεννηθησόμενοι
818 521 849 548 οὐ
868 521 913 547 δυ-

119 567 246 601 νήσονται
260 566 330 594 εἶναι
345 567 487 602 μακάριοι,
503 568 528 594 εί
546 567 583 602 μὴ
597 568 729 602 γυναῖκας
749 566 849 598 πολλὰς
864 566 913 594 λά-

119 613 204 640 ϐοιεν.
220 613 258 640 Οὐ
285 613 445 648 δυνήσονται
472 612 500 639 δὲ
535 612 627 640 λαϐεῖν
653 611 715 639 οὔτε
739 611 911 648 εὐδαίμονας,

118 658 180 685 οὔτε
195 659 393 693 κακοδαίμονας
403 667 412 676 ·
429 658 575 693 ἀναμένειν
587 658 642 694 ἄρα
655 658 756 693 δεήσει,
768 657 865 693 μέχρις
879 658 912 684 ἂν

119 704 198 732 ἄλλαι
207 705 315 736 πλειους
325 704 487 740 γεννηθῦωι.
497 704 552 731 Καὶ
562 703 633 730 οὕτω
646 704 738 738 δεήσει
748 703 849 735 πολλὰς
862 703 913 738 μὲν

118 750 267 784 γεννᾶσθαι
286 751 430 784 γυναῖκας,
446 750 553 783 ὀλίγους
570 749 599 776 δὲ
614 749 731 785 ἀνδρας⁴
760 749 807 776 καὶ
823 748 909 781 οὕτως

124 798 154 823 ὲν
176 796 273 831 βραχεῖ
293 795 382 831 καιρῷ
397 795 476 822 ἐσται
488 795 505 830 ή
519 795 591 831 ἀρχὴ
606 795 660 821 τῶν
680 795 833 828 γυναικῶν.
850 796 911 822 Ἔτι

125 843 151 868 εί
168 842 240 878 μιτὰ
251 843 301 877 τὴν
321 842 469 870 ἀνάστασιν
486 842 563 868 ἔσται
580 842 733 876 ἀνθρώπων
751 842 871 876 γένεσις,
884 842 910 868 ot

123 888 356 924 γεννηθησόμενοι
378 888 395 922 ἢ
419 887 501 915 πάλιν
525 887 731 923 φθαρήσονται,
760 887 777 923 ἢ
800 880 907 914 ἔσονται

119 934 256 970 ἄφθαρτοι
272 935 320 961 καὶ
342 934 481 962 ἀθάνατοι.
498 934 529 961 Εί
545 933 582 969 μὴ
598 933 806 969 φθαρήσονται,
822 933 908 960 πολλὰ

119 980 213 1015 ἕψεται
242 980 331 1008 ἄτοπα
346 988 354 996 ·
372 980 453 1006 τοῦτο
473 980 523 1015 μὲν
535 1000 543 1013 ,
568 980 610 1007 ὅτι
628 979 706 1006 ἔσται
721 980 736 1006 ὁ
752 979 908 1006 πολλαπλα-

120 1026 235 1061 σιασμὸς
251 1027 295 1053 ἐπ’
311 1027 437 1061 ἄπειρον·
456 1026 536 1054 τοῦτο
555 1026 582 1053 δὲ
596 1045 604 1058 ,
625 1023 662 1053 ὧν
687 1027 763 1053 ἑστιν
787 1026 868 1060 ὁμοία
888 1026 905 1062 ἠ

118 1074 234 1106 γένεσις,
250 1073 302 1100 οὐκ
316 1072 392 1100 ἐστιν
402 1073 495 1107 ὅμοιος
511 1073 559 1099 καὶ
580 1073 595 1099 ὁ
616 1073 665 1106 τῆς
683 1071 817 1107 γενέσεως
832 1072 906 1106 ὄρος.

120 1120 178 1146 Νῦν
190 1119 240 1154 μὲν
263 1119 356 1155 ἔχουσι
369 1118 494 1154 φθαρτὴν
509 1119 594 1154 ζωὴν,
610 1119 672 1145 τότε
696 1118 734 1144 δὲ’
749 1117 904 1152 ἄφθαρτον.

120 1166 176 1193 Καὶ
200 1166 276 1201 παρά
302 1165 401 1199 ταῦτα,
429 1166 488 1193 Πᾶν
503 1166 534 1192 τὸ
555 1166 686 1202 γεννητὸν
714 1166 761 1192 καὶ
786 1164 906 1199 φθαρτὸν

119 1211 321 1247 εἶναιάνάγκη,
347 1212 390 1238 διὰ
405 1214 436 1238 τὸ
459 1212 510 1246 τὴν
533 1211 642 1245 γένεσιν
657 1210 705 1238 καὶ
729 1211 780 1246 τὴν
801 1210 906 1246 φθορὰν

119 1257 229 1285 ἐναντία
240 1255 309 1285 εἶναι
325 1257 374 1285 καὶ
390 1257 454 1292 περὶ
465 1257 496 1284 τὺ
515 1258 591 1285 αὐτό.
607 1259 637 1284 El
649 1257 678 1285 δὲ
693 1258 717 1284 οί
730 1258 791 1285 τότε
808 1265 907 1292 γεννη-

118 1303 266 1339 θησόμενοι
285 1304 425 1339 ἅνθρωποι
446 1303 562 1339 φθαρτοὶ
582 1304 702 1336 ἔσονται,
729 1303 778 1330 καὶ
800 1302 906 1330 ἀποθα-

118 1349 245 1382 νοῦνται,
271 1351 296 1376 ει
313 1350 394 1377 πάλιν
416 1349 467 1376 οὐκ
493 1350 714 1384 ἀναστήσονται,
743 1349 840 1376 ἕπεται
856 1349 905 1380 τὰς

118 1395 231 1423 ἐκείνων
245 1395 336 1430 ψυχὰς
352 1395 396 1422 ἀεὶ
407 1394 500 1429 μένειν
515 1394 570 1421 τῶν
583 1395 717 1429 σωμάτων
733 1394 907 1430 κεχωρισμέ-

117 1450 177 1473 νας·
189 1441 258 1477 ὅπερ
272 1442 348 1468 ἐστὶν
361 1441 473 1473 ἄτοπον,
490 1441 538 1468 τοῦ
553 1441 636 1468 αὐτοῦ
646 1441 734 1474 εἴδους
746 1441 830 1473 οὕσας
845 1442 906 1473 ταῖς

117 1487 173 1514 τῶν
193 1487 368 1515 ἀναστάντων
384 1487 495 1523 ψυχαῖς.
516 1488 548 1515 El.
573 1488 602 1514 δὲ
630 1488 752 1514 κάκεῖνοι
780 1487 903 1522 ἀναστή-

959 253 1108 275 nascentur
1135 252 1195 282 post
1212 247 1454 278 resurrectionem,
1472 247 1520 281 qui
1541 250 1603 274 ante
1628 254 1751 274 resurre-

961 294 1080 322 ctionem
1107 302 1162 322 non
1188 295 1312 322 fuerunt.
1339 293 1451 321 Frustra
1471 293 1555 328 igitur
1584 292 1613 320 in
1639 298 1747 320 tantum

962 344 1134 367 mortuorum
1153 340 1319 368 resurrectio
1336 339 1492 373 clon'gatur,
1509 341 1539 366 ιιι
1556 345 1652 366 omnes
1668 338 1750 365 simul
1801 374 1806 379 ⁸

961 387 1007 421 qui
1022 387 1146 415 eamdem
1159 392 1287 415 naturam
1303 386 1418 420 habent,
1435 387 1521 414 vitam
1537 386 1657 421 capiant.
1682 386 1750 413 Item

962 434 985 461 si
1000 433 1141 461 beatitudo
1158 433 1185 460 in
1198 433 1363 461 luxuriantia
1400 436 1428 460 et
1444 432 1545 460 multas
1560 432 1691 460 mulieres
1699 431 1751 458 ha-

963 478 1052 506 bendo
1070 484 1123 510 est,
1136 479 1183 513 qui
1197 483 1259 514 post
1271 479 1504 507 resurrectionem
1521 482 1680 509 nascentur,
1696 485 1749 504 non

962 529 1096 560 poterunt
1109 532 1170 553 csse
1191 525 1265 553 beati
1278 525 1330 553 nisi
1344 525 1476 552 mulieres
1506 525 1606 552 multas
1627 524 1748 559 capiant.

961 571 1022 599 Non
1045 575 1175 606 poterunt
1192 575 1284 599 autem
1303 579 1400 606 capere
1419 579 1508 605 neque
1525 571 1628 602 felices,
1660 578 1750 605 neque

963 617 1088 644 infelices
1105 625 1113 645 :
1133 617 1217 652 igitur
1240 622 1394 649 remanent,
1416 624 1559 652 quousque
1573 616 1666 651 plures
1690 616 1750 643 alia:

962 666 1121 689 nascantur.
1139 661 1173 689 Et
1203 661 1243 689 sic
1266 661 1407 696 oportebit
1425 661 1519 696 plures
1541 660 1654 696 quidem
1673 659 1751 687 nasci

963 707 1102 740 mulieres,
1117 713 1221 742 paucos
1234 711 1329 734 autem
1345 706 1429 739 viros,
1446 711 1473 734 et
1487 706 1528 734 sic
1543 707 1572 733 in
1589 705 1666 734 brevi
1681 710 1750 733 tem—

962 760 1029 787 pore
1041 753 1095 781 erit
1110 753 1255 788 imperium
1274 752 1433 781 mulierum.
1449 752 1518 780 Item
1538 752 1562 780 si
1582 756 1644 787 post
1657 760 1751 779 resur-

963 799 1112 827 rectionem
1128 799 1183 826 erit
1199 799 1342 826 hominum
1357 798 1507 833 generatio,
1525 798 1572 833 qui
1592 799 1748 834 gignentur,

962 844 1005 872 vel
1022 852 1117 873 rursus
1133 849 1357 880 corrumpeutur,
1373 843 1415 872 vel
1428 848 1510 872 erunt
1524 844 1751 879 incorruptibiles

961 894 990 918 et
1004 890 1183 918 immortales.
1205 889 1263 918 Nisi
1280 894 1503 925 corrumpentur,
1523 890 1609 917 multa
1633 897 1751 924 sequen-

962 941 1009 965 tur
1026 937 1265 971 inconvenientia;
1282 943 1340 964 tum
1358 937 1423 972 quia
1438 936 1492 964 erit
1511 937 1701 972 multiplicatio
1721 936 1749 964 in

959 984 1109 1017 inﬁnitum,
1126 988 1184 1011 tum
1197 983 1260 1018 quia
1277 990 1396 1018 quorum
1412 982 1467 1010 erit
1484 982 1581 1010 similis
1595 983 1748 1018 generatio,

959 1037 1014 1057 non
1033 1029 1086 1057 erit
1113 1029 1211 1057 similis
1234 1028 1421 1065 generationis
1447 1027 1591 1055 terminus.
1614 1028 1747 1056 Homines

958 1075 1032 1102 enim
1049 1082 1098 1109 per
1114 1074 1318 1109 generationem
1331 1081 1392 1108 quas
1406 1077 1493 1102 estex
1506 1076 1656 1107 spermate,
1670 1081 1748 1100 nunc

959 1119 1068 1154 quidem
1091 1119 1299 1154 eorruptibilem
1321 1119 1408 1147 vitam
1433 1118 1549 1151 habent,
1572 1123 1638 1146 tunc
1655 1124 1747 1146 autem

959 1165 1148 1200 incorruptam
1166 1165 1319 1192 habebunt.
1337 1164 1371 1192 Et
1385 1169 1486 1200 preter
1498 1165 1579 1194 hac:
1595 1163 1682 1192 Omne
1701 1172 1750 1200 ge-

958 1211 1046 1238 nitum
1070 1210 1251 1246 eorruptibile
1279 1217 1342 1238 esse
1370 1217 1484 1239 necesse
1512 1215 1574 1240 est.
1603 1215 1748 1245 propterea

961 1257 1037 1292 quod
1056 1257 1199 1292 generatio
1223 1261 1252 1284 et
1276 1256 1418 1292 corruptio
1450 1262 1515 1285 sunt
1544 1256 1693 1289 contraria,
1719 1260 1750 1284 et

957 1302 1032 1330 circa
1049 1302 1134 1330 idem.
1164 1301 1193 1329 Si
1207 1305 1299 1329 autem
1315 1301 1363 1337 qui
1392 1306 1459 1330 tunc
1484 1302 1630 1337 gignentur
1657 1302 1748 1330 homi-

956 1355 1007 1376 nes
1034 1347 1230 1383 corruptibiles
1253 1351 1335 1375 erunt
1357 1352 1386 1376 et
1414 1347 1578 1380 morientur,
1599 1347 1623 1375 si
1652 1354 1748 1374 rursus

957 1400 1013 1420 non
1033 1397 1187 1428 resurgant,
1215 1393 1339 1428 sequitur
1365 1393 1474 1421 illorum
1505 1393 1612 1421 animas
1639 1400 1750 1428 semper

957 1446 1069 1467 manere
1083 1443 1224 1474 separatas
1243 1446 1258 1466 a
1273 1438 1449 1474 corporibus,
1460 1438 1534 1474 quod
1556 1443 1600 1467 est
1614 1438 1748 1466 inconveu

957 1486 1048 1518 niens,
1073 1492 1136 1513 cum
1165 1485 1221 1513 sint
1246 1485 1368 1520 ejusdem
1395 1485 1488 1520 specie
1511 1493 1574 1513 cum
1601 1485 1746 1513 animabus

119 1542 223 1566 σονται,
242 1533 297 1561 ἔδει
311 1534 356 1561 καὶ
376 1534 426 1569 τὴν
439 1534 553 1561 ἐκείνων
568 1534 717 1560 ἀνάστασιν
733 1533 830 1564 ἄλλους
850 1533 904 1560 πά-

956 1536 1053 1557 eorum
1082 1529 1129 1564 qui
1166 1533 1321 1564 resurgant.
1349 1529 1377 1556 Si
1409 1533 1501 1557 autem
1523 1534 1552 1557 et
1579 1529 1619 1557 illi
1653 1537 1747 1557 resur-

117 1582 159 1608 λιν
179 1580 338 1615 ἀναμένειν,
353 1579 419 1606 ὥσθ’
434 1579 493 1616 ἅμα
508 1580 576 1606 πᾶσι
589 1580 647 1611 τοῖς
674 1579 725 1614 τῆς
745 1579 833 1614 αὐτῆς
849 1578 902 1614 φύ-

118 1635 188 1658 σιως
204 1625 373 1661 μετασχοῦσι
395 1626 445 1661 τὴν
464 1625 573 1661 δωρεὰν
589 1625 755 1661 χαρισθῆναι
773 1626 824 1661 τῆς
841 1625 905 1652 ἀνα-

117 1672 250 1703 στάσεως.
273 1672 337 1698 Ἔτι
363 1671 393 1698 δὲ
419 1671 500 1702 αὐτὸς
527 1672 541 1698 ὁ
560 1671 713 1707 Μαχούμετ
738 1672 803 1707 μίαν
818 1671 904 1710 μόνην

117 1717 225 1752 τίθησιν
242 1717 348 1753 ἡμέραν
366 1718 419 1753 τῆς
444 1717 621 1749 ἀναστάσεως
636 1737 644 1751 ,
663 1717 803 1745 τουτέστιν
818 1719 847 1745 ιν
864 1718 904 1753 τῷ

118 1762 190 1788 τέλει
201 1761 248 1788 τοῦ
263 1761 380 1795 κόσμου,
406 1761 436 1788 ιν
457 1762 492 1797 τῇ
506 1761 600 1797 ἡμέρᾳ
616 1761 668 1796 τῆς
691 1761 822 1796 κρίσεως.
834 1762 905 1797 Περὶ

116 1808 145 1835 δι
167 1807 217 1843 τῆς
236 1807 410 1838 ἀναστάσεως
425 1807 549 1840 ἐκείνων,
571 1809 588 1843 ἢ
603 1807 652 1842 τῆς
667 1807 813 1842 γενέσεως,
825 1808 903 1835 οὐδε-

119 1854 184 1890 μίαν
203 1854 379 1880 παντάπασιν
393 1854 506 1890 μνήμην
518 1855 649 1880 ποιεῖται.
669 1854 731 1880 Ἔτι
749 1854 837 1885 οὐδεὶς
860 1854 904 1880 λό-

115 1909 164 1935 γος
180 1897 250 1926 εἶναι
269 1900 354 1932 δοκεῖ,
379 1899 452 1926 διατι
470 1899 513 1926 δεῖ
530 1908 606 1932 τινας
627 1899 773 1935 ἀναμένειν
791 1900 859 1935 πρὸς
872 1900 903 1926 τὸ

116 1945 185 1981 ὁμοῦ
200 1945 360 1980 ἀναστῆναι,
376 1947 400 1972 ει
418 1945 455 1980 μὴ
475 1945 516 1972 δεῖ
532 1946 638 1977 πάντας
658 1946 815 1980 ἀναμένειν.
832 1946 863 1973 Et
874 1946 903 1973 δέ

115 2001 157 2024 τις
172 1992 259 2027 λέγει,
273 1993 314 2018 ὅτι
329 1992 358 2018 ὲν
372 1993 429 2023 τοῖς
439 1992 630 2026 ἀνισταμένοις
644 1991 722 2018 ἔσται
740 1992 790 2027 μὲν
803 1993 903 2028 χρῆσις

115 2038 211 2065 σιτίων
223 2047 253 2065 τι
275 2038 324 2065 καὶ
347 2037 524 2072 ἀφροδισίων,
540 2037 598 2064 ἀλλ’
620 2036 683 2064 οὔτε
699 2037 744 2064 διὰ
763 2038 903 2073 συντήρη-

116 2091 159 2110 σιν
175 2083 190 2118 ῆ
207 2082 324 2117 αῡξησιν
350 2082 399 2108 τοῦ
417 2081 553 2117 σώματος,
571 2080 634 2108 οὔτε
650 2081 694 2108 διὰ
713 2081 765 2117 τὴν
791 2081 837 2107 τοῦ
854 2082 902 2108 ἀν-

116 2125 228 2161 Θρώπου
245 2126 333 2156 εῐὸους
355 2124 471 2160 αὔξησιν
494 2125 511 2159 ἢ
538 2124 688 2160 διαμονὴν,
708 2125 789 2160 μόνον
813 2125 841 2152 δὲ
858 2125 902 2153 διὰ

114 2172 165 2207 τὴν
185 2171 384 2206 παρεπομένην
407 2172 468 2202 ταῖς
485 2171 626 2202 τοιαύταις
645 2171 776 2207 πράξεσιν
792 2172 899 2207 ἡδονὴν,

115 2218 159 2246 ινα
176 2217 297 2252 μηδεμία
310 2218 366 2248 τοῖς
379 2216 534 2251 ἀνθρώποις
551 2217 632 2252 ἡδονὴ
653 2219 710 2252 ἀπῇ
726 2219 756 2243 ὲν
770 2219 803 2253 τῇ
816 2218 898 2253 ἐσχά-

115 2271 149 2298 τῃ
171 2261 382 2297 μισθαποδοσιᾳ,
395 2262 490 2298 ὥσπερ
503 2263 655 2298 διαρρήδην
669 2264 683 2289 ό
706 2264 856 2298 Μιχούμετ
869 2265 899 2291 ἐν

114 2308 146 2341 τῇ
164 2305 262 2332 ἑαυτοῦ
286 2306 447 2342 διδασκαλίᾳ
469 2307 555 2342 φησί·
588 2307 669 2341 δῆλον
693 2308 730 2340 ὡς
758 2308 901 2343 πολλαχῶς

115 2353 225 2382 ἀτόπως
241 2351 351 2385 λέγεται
363 2351 453 2378 τοῦτο·
471 2352 580 2387 πρῶτον
605 2353 664 2388 μὲν.
681 2353 722 2380 ὅτι
740 2354 764 2380 οί
779 2354 832 2380 τῶν
845 2355 903 2381 ἁνι-

116 2399 259 2434 σταμένων
274 2398 330 2433 ζωὴ
345 2400 394 2432 τῆς
409 2399 551 2434 παρούσης
568 2399 752 2435 εὐτακτοτέρα
766 2400 853 2427 ἔσται·
872 2401 902 2427 ἐν

115 2445 203 2482 τᾶύτῃ
218 2445 247 2471 δι
267 2445 300 2480 τῇ
317 2444 373 2480 ζωῇ
390 2446 514 2480 ἐμπαθὲς
528 2445 575 2471 καὶ
593 2445 713 2472 ἄτακτον
731 2444 800 2472 εἶναι
816 2446 901 2480 δοκεῖ,

115 2492 141 2518 εῖ
161 2500 203 2522 τις
217 2491 262 2518 διὰ
279 2492 364 2525 μόνην
384 2491 479 2525 ἡδονὴν
497 2490 585 2526 χρῷτο
601 2492 656 2523 τοῖς
678 2491 773 2523 σιτίοις
803 2500 831 2518 τε
853 2486 900 2519 καῖ

115 2537 298 2572 ἀφροδισίοις,
308 2536 367 2563 ἀλλ’
383 2537 413 2562 οὺ
430 2537 475 2564 διὰ
490 2538 541 2572 τὴν
558 2537 682 2572 ἀνάγκην
706 2538 753 2564 τοῦ
775 2539 899 2573 συνέχειν

113 2582 144 2608 τὸ
160 2581 283 2616 σῶμα,·ἢ
298 2581 346 2608 τοῦ
363 2582 595 2610 παιδοποιεῖσθαι.
611 2583 665 2610 Καὶ
680 2584 754 2610 τοῦτ’
770 2583 900 2618 εύὶὸγωςυ

114 2628 143 2653 αί
164 2627 219 2661 γὰρ
239 2628 268 2653 ὲν
296 2628 358 2658 ταῖς
383 2628 598 2663 προειρημέναις
628 2629 782 2663 ἐνεργείαις
806 2630 900 2664 ἡδοναὶ

115 2672 166 2699 οὐκ
191 2672 273 2699 αὐταί
287 2675 342 2699 εισι
371 2673 426 2699 τῶν
452 2674 598 2709 ὶνεργειῶν
613 2674 687 2709 τέλη,
706 2674 774 2701 ἀλλὰ
791 2675 820 2701 τὸ
836 2676 902 2702 ἀνά-

114 2719 196 2745 παλιν
212 2718 324 2753 μᾶλλον.
340 2718 372 2746 'll
389 2719 442 2754 γὰρ
461 2719 541 2753 φύσις
557 2720 624 2755 πρὸς
639 2720 718 2747 τοῦτο
732 2721 780 2752 τὰς
802 2721 900 2756 ἡδονάς

114 2763 209 2795 ἔταξεν
225 2764 254 2790 ὲν
269 2764 384 2796 ταύταις
409 2765 469 2796 ταῖς
494 2766 657 2801 ινεργείαις,
677 2766 721 2794 ἵνα
741 2767 779 2802 μὴ
795 2767 841 2794 διὰ
854 2768 900 2795 τὸν

114 2809 197 2836 πόνον
216 2809 251 2836 τὰ
267 2809 325 2842 ζῶα
349 2810 404 2837 τῶν
420 2811 577 2846 ἀναγκαίων
595 2811 699 2839 τούτων
719 2815 769 2847 τῆς
791 2813 900 2847 φύσεως

115 2854 204 2888 ἔργων
228 2855 397 2890 ἀφίσταιντο·
415 2856 429 2884 ὅ
445 2857 604 2886 συνέϐαινεν
622 2858 653 2886 ἂν
669 2879 675 2892 ,
691 2859 714 2886 εξ
737 2860 774 2895 μὴ
791 2861 824 2887 τὰ
842 2860 899 2893 ζῶα

956 1579 1034 1611 gent,
1063 1574 1205 1610 oportebit
1229 1579 1257 1603 et
1284 1574 1396 1603 Illorum
1421 1575 1652 1603 resurrectionem
1678 1575 1748 1603 alios

954 1627 1052 1649 rursus
1067 1624 1237 1656 exspectare,
1256 1624 1286 1648 ut
1307 1621 1391 1649 simul
1405 1621 1534 1650 omnibus
1555 1621 1602 1656 qui
1620 1621 1746 1649 eamdem

955 1672 1084 1695 naturam
1102 1666 1282 1702 participant.
1299 1667 1401 1694 donum
1418 1667 1629 1695 resurrectionis
1650 1667 1746 1694 conle-

954 1717 1043 1740 ratur.
1070 1711 1139 1740 Item
1165 1711 1224 1746 ipse
1250 1711 1423 1740 Maltometus
1445 1718 1529 1738 unum
1557 1711 1644 1738 solum
1670 1710 1747 1744 ponit

954 1757 1026 1785 diem
1041 1757 1264 1790 resurrectionis,
1283 1757 1311 1785 id
1330 1761 1373 1785 est
1402 1757 1430 1784 in
1459 1756 1513 1785 ﬁne
1533 1756 1637 1789 mundi,
1656 1757 1684 1784 in
1701 1756 1746 1784 die

952 1805 1067 1842 iudicii;
1091 1806 1126 1833 de
1149 1805 1350 1834 resurrectione
1377 1809 1469 1834 autem
1499 1804 1622 1838 illorum,
1639 1804 1682 1831 vel
1709 1804 1746 1831 de

954 1852 1108 1884 nativitate,
1129 1852 1234 1879 nullam
1255 1851 1368 1879 omnino
1389 1850 1556 1879 mentionem
1583 1849 1659 1877 facit.
1675 1848 1743 1876 ltcm

953 1898 1028 1926 nulla
1048 1898 1117 1925 ratio
1138 1905 1199 1924 esse
1214 1897 1334 1928 videtur,
1347 1903 1433 1931 quare
1459 1900 1585 1931 oporteat
1607 1895 1740 1930 quosdam

953 1947 1115 1978 exspectare
1129 1942 1163 1969 ad
1187 1942 1269 1969 simul
1291 1941 1502 1976 resurgendum,
1519 1940 1542 1968 si
1561 1948 1616 1968 non
1632 1945 1743 1975 oporte-

953 1990 995 2018 bit
1017 1997 1113 2018 omnes
1135 1993 1306 2024 exspectare.
1322 1987 1350 2016 Si
1375 1993 1467 2015 autem
1483 1987 1546 2023 quis
1568 1987 1651 2020 dicat,
1668 1986 1743 2022 quod

953 2036 980 2063 in
997 2035 1039 2062 his
1058 2035 1106 2069 qui
1120 2038 1265 2070 rcsurgent
1285 2033 1341 2062 erit
1358 2033 1470 2069 quidem
1486 2041 1553 2061 usus
1574 2033 1742 2061 cibariorum

953 2088 981 2110 et
1004 2089 1096 2110 rerum
1113 2089 1309 2114 venereamm,
1331 2081 1379 2109 sed
1396 2088 1487 2116 neque
1504 2085 1615 2116 propter
1634 2087 1744 2108 conser-

954 2128 1091 2155 vationem
1107 2127 1151 2155 vel
1166 2131 1345 2162 augmentum
1364 2126 1498 2162 corporis,
1521 2134 1611 2161 neque
1629 2131 1743 2161 propter

953 2173 1080 2201 humana:
1104 2172 1206 2207 speciei
1233 2177 1410 2208 augmentum
1431 2172 1474 2199 vel
1507 2172 1747 2208 parmam-tionem,

952 2219 1040 2246 solum
1072 2222 1163 2245 autem
1196 2221 1308 2252 propter
1338 2217 1524 2252 voluptatem,
1549 2224 1610 2252 quae
1636 2216 1738 2243 talibus

952 2263 1108 2291 actionibus
1137 2263 1249 2295 accidit,
1277 2267 1307 2289 ut
1330 2263 1407 2290 nulla
1434 2262 1560 2297 voluptas
1585 2261 1747 2288 hominibus

951 2310 1024 2338 absit
1044 2309 1082 2336 in'
1097 2313 1221 2337 extrema
1239 2307 1374 2335 mercedis
1393 2307 1588 2339 retributione,
1609 2307 1681 2335 sicut
1695 2315 1742 2341 pa-

951 2355 1004 2383 lam
1031 2355 1202 2382 llaliometus
1223 2354 1250 2382 in
1268 2353 1339 2381 libro
1355 2353 1390 2381 de
1406 2354 1532 2381 doctrina
1561 2360 1611 2380 sua
1637 2352 1706 2379 dicit
1723 2361 1731 2380 :

951 2401 1125 2428 manifestum
1141 2400 1235 2435 igitur,
1248 2399 1322 2434 quod
1336 2399 1388 2427 hoc
1409 2399 1504 2426 multis
1527 2398 1616 2426 modis
1637 2400 1720 2425 incon

951 2447 1098 2475 venienter
1116 2446 1230 2474 dicitur.
1254 2446 1375 2473 Primum
1404 2446 1526 2480 quidem,
1547 2444 1619 2480 quod
1647 2452 1744 2471 rcsur»

951 2492 1072 2528 gentium
1092 2492 1148 2519 vita
1173 2492 1227 2519 erit
1242 2492 1341 2520 melius
1365 2491 1491 2519 ordinata
1509 2499 1590 2526 quam
1608 2490 1666 2518 lucc
1679 2498 1744 2525 quas

951 2545 1072 2573 prasens
1092 2541 1144 2565 cst.
1172 2537 1202 2564 ln
1230 2537 1284 2564 liae
1312 2541 1404 2564 autent
1433 2537 1489 2564 vita
1517 2535 1686 2570 impassibile
1711 2540 1740 2562 et

952 2583 1140 2611 inordinatum
1154 2582 1293 2618 quoddam
1308 2589 1369 2610 esse
1380 2581 1502 2614 videtur,
1517 2581 1539 2609 si
1554 2582 1616 2616 quis
1628 2584 1745 2615 propter

952 2631 1121 2665 voluptatem
1140 2633 1235 2657 utatur
1249 2629 1364 2657 cibariis
1378 2629 1423 2656 vel
1439 2629 1523 2656 rebus
1540 2627 1677 2658 venereis,
1691 2626 1742 2654 sed

953 2684 1007 2703 non
1028 2679 1140 2710 propter
1164 2675 1355 2703 necessitatem
1380 2673 1538 2702 reservandi
1567 2679 1679 2707 corpus,
1695 2671 1738 2698 vel

953 2721 1118 2757 procreandi
1132 2721 1214 2748 ﬁlios.
1232 2720 1266 2748 Et
1281 2720 1334 2748 hoc
1351 2719 1561 2746 rationabiliter.
1578 2718 1741 2752 Voluptates

950 2768 1025 2796 enim
1054 2769 1081 2795 in
1108 2767 1245 2802 praedictis
1268 2765 1425 2795 actionibus
1451 2772 1506 2793 non
1536 2768 1652 2800 possunt
1678 2770 1739 2790 esse

951 2814 1090 2842 actionum
1113 2813 1190 2841 lines.
1205 2812 1258 2841 Sed
1275 2817 1425 2839 econverso
1448 2811 1540 2846 potius
1555 2809 1664 2845 quidem
1688 2816 1736 2835 na-

951 2865 1013 2887 tura
1033 2859 1066 2887 ad
1082 2859 1134 2887 hoc
1152 2858 1306 2894 voluptates
1318 2856 1457 2886 ordinavit
1470 2855 1500 2884 in
1518 2855 1562 2884 bis
1577 2853 1745 2882 actionibus
