1942 3090
205 153 271 185 1087

851 151 1039 181 DEMETRH
1059 151 1211 181 CYDONll

1751 156 1807 189 1088

204 216 236 238 ut
250 218 302 238 non
318 213 428 244 propter
444 208 564 236 laborem
579 207 707 235 animalia
723 207 756 234 ab
771 207 813 235 his
829 207 989 235 necessariis

1050 208 1135 242 ιιδίιναὶ
1162 216 1371 242 προεκαλουντο.
1393 209 1469 236 Ἔστι
1488 209 1576 237 τοίνυν
1601 210 1676 242 τάξις
1699 211 1810 247 ἀπρεπὴς

205 261 310 283 natura:
341 255 473 290 operibus
502 255 696 289 elongarentur
727 263 734 280 ε
762 253 834 287 quod
867 254 990 282 accidere

205 307 308 336 posset,
323 301 375 328 nisi
397 301 524 328 animalia
551 300 705 335 voluptates
723 306 913 334 provocarent.
943 301 992 328 Est

205 348 288 381 igitur
302 346 370 374 ordo
384 345 580 373 inconveniens
596 351 623 372 et
636 350 829 380 praeposterus,
845 346 866 373 si
880 351 992 380 propter

205 393 278 420 solas
293 393 448 426 voluptates
479 391 601 418 actiones
617 391 657 418 hae
679 391 868 426 perficiantur.
885 391 993 426 Nequa-

205 445 286 472 quam
312 437 396 472 igitur
424 437 451 463 in
475 436 518 463 his
536 437 582 471 qui
613 440 767 470 resurgent,
797 443 913 470 quorum
937 436 991 462 vita

205 483 276 510 bene
292 482 495 509 ordinatissima
511 482 685 516 supponitur,
703 482 796 509 talium
815 488 858 510 cst
874 490 950 511 usus.
965 486 993 508 et

207 530 294 556 multo
309 529 401 556 minus
417 529 443 555 in
461 529 562 556 talibus
583 529 673 555 futura
688 529 741 556 crit
764 528 898 556 felicitas:
914 529 994 556 aliter

205 575 277 602 enim
290 575 355 609 quid
371 575 508 609 prohibet,
523 579 550 601 et
567 575 670 608 reliqua
687 574 815 602 animalia
827 575 993 603 irrationalia

206 619 296 646 felicia
311 627 372 646 esse
396 618 423 645 in
438 618 576 653 prtedictis
591 619 756 650 actionibus,
776 627 835 653 quae
851 621 992 647 nobiscum

207 665 428 692 communicant?
452 665 518 691 Item
543 665 565 692 si
595 664 621 691 in
635 665 677 692 his
700 665 854 692 actionibus
871 670 993 694 extrema

207 711 327 738 hominis
338 710 453 738 felicitas
465 716 516 743 est,
527 711 596 738 sicut
616 711 785 739 Mahometus
801 712 887 746 palam
904 712 995 740 dicere

208 756 328 790 videtur,
341 757 421 790 cujus
434 756 520 790 gratia
535 764 609 784 nunc
625 762 732 792 oportet
746 759 780 785 ab
790 758 833 786 bis
847 759 993 790 contineri.

208 806 236 829 et
249 809 303 828 non
323 802 414 836 potius
428 802 473 829 die
493 810 526 830 ac
541 807 621 830 nocte
647 803 791 831 cemedere
809 809 836 831 et
851 804 994 835 luxuriari,

209 851 280 874 utet
303 847 348 874 hic
366 847 460 875 felices
480 855 540 876 esse
563 849 718 883 possimus?
734 849 786 877 Sed
805 852 877 885 apud
901 858 995 878 omnes

209 893 344 927 homines,
372 898 399 921 et
423 894 494 929 apud
527 895 676 923 Saracenos
706 896 779 930 ipsos
808 896 996 924 honorabilius

208 939 339 972 videtur,
369 940 511 968 continere
541 941 576 968 ab
614 941 668 969 his.
705 942 813 970 Habent
843 947 935 970 autem
970 946 997 970 et

209 985 340 1019 quosdam
366 986 438 1013 viros
465 987 647 1020 speculativos
671 992 700 1015 et
732 988 912 1020 continentes,
927 996 996 1023 quos

210 1031 328 1058 maxime
350 1031 471 1059 laudant.
494 1033 547 1060 Sed
573 1034 701 1069 quoniam
719 1034 823 1061 fatuum
839 1039 892 1066 est.
918 1035 996 1063 valde

211 1077 409 1105 rationabiliter
432 1078 505 1113 loqui
527 1086 589 1106 cum
622 1079 733 1107 homine
757 1081 903 1115 prudentia
937 1088 998 1108 om-

211 1122 278 1149 nino
306 1123 422 1157 privato,
446 1124 527 1151 liceat
547 1125 628 1152 simul
655 1126 772 1154 insanire
786 1131 813 1154 et
837 1127 951 1154 dicere:
968 1127 995 1155 Si

211 1168 239 1195 in
255 1169 355 1196 talibus
374 1170 528 1197 actionibus
543 1175 663 1198 extrema
682 1171 801 1199 hominis
819 1172 934 1200 felicitas
943 1178 994 1205 est,

212 1214 277 1248 quid
305 1215 386 1251 faciet
413 1215 496 1250 igitur
519 1216 609 1242 anima
633 1222 754 1250 separata
782 1222 844 1245 ante
874 1226 997 1246 resurre-

211 1260 341 1292 ctionem,
357 1268 418 1293 qua:
444 1269 532 1296 neque
556 1265 716 1295 comedere,
735 1271 826 1298 neque
858 1265 991 1292 luxuriari

211 1306 321 1339 potest?
339 1306 392 1333 Sed
421 1313 511 1340 neque
533 1308 621 1342 angeli
648 1312 777 1342 poterunt
805 1316 864 1336 esse
889 1309 994 1344 felices,

211 1358 273 1378 cum
300 1352 366 1379 tales
394 1352 549 1387 voluptates
562 1360 615 1380 non
633 1359 754 1388 gustent.
770 1355 836 1382 ltetn
856 1355 878 1382 si
895 1356 922 1383 in
945 1356 994 1383 ha-

211 1398 302 1425 bendo
330 1398 441 1432 quidem
475 1399 575 1426 multas
603 1400 753 1434 mulieres,
781 1402 996 1431 innumerabiles

211 1449 303 1471 autem
318 1445 429 1479 pelliees
449 1450 477 1472 et
493 1445 619 1480 juniores
638 1450 759 1474 extrema
777 1447 919 1475 hominum
937 1449 995 1476 feli.

211 1490 280 1517 citas
297 1495 348 1521 est,
362 1491 503 1525 qttomodo
525 1497 638 1526 possent
660 1493 792 1521 mulieres
811 1493 904 1522 felices
923 1502 994 1528 esse,

1043 255 1088 280 καὶ
1106 254 1309 289 πρωούστερος,
1327 255 1350 281 εί
1365 255 1409 282 διὰ
1430 257 1515 290 μόνας
1536 257 1584 288 τὰς
1596 257 1692 292 ἡδονὰς
1707 259 1732 284 αἱ
1744 259 1809 292 ὲνέρ-

1042 308 1114 334 γειαι
1130 297 1213 326 αὗται
1235 300 1366 328 τελοϊντο.
1383 302 1518 336 Οὐδαμῶς
1530 302 1585 336 ἄρα
1603 302 1632 328 ἐν
1645 303 1701 334 τοῖς
1715 302 1810 329 ἀνιστα-

1044 346 1156 381 μένοις,
1180 343 1217 373 ὧν
1246 348 1262 381 ὴ
1290 347 1346 382 ζωὴ
1362 347 1547 383 εὐτακτοτάτη
1576 349 1739 381 ὑπόκειται,
1765 350 1810 376 τῶν

1042 392 1170 419 τοιούτων
1194 393 1270 420 ἔσται
1282 393 1399 429 χρῆσις·
1423 394 1469 421 καὶ
1489 395 1579 430 πολλῷ
1601 395 1711 422 ἔλαττον
1726 397 1753 422 ὲν
1766 397 1812 426 τοῖς

1042 437 1173 468 τοιούτοις
1187 438 1203 473 ἡ
1216 438 1352 472 μέλλουσα
1368 439 1444 465 ἔσται
1461 440 1626 474 εὐδαιμονία.
1642 440 1742 470 Ἀλὶως
1756 440 1811 474 γὰρ,

1043 482 1070 508 τί
1089 482 1193 508 ἐκώλυε
1208 483 1253 509 καὶ
1264 483 1297 510 τὰ
1312 483 1394 510 λοιπὰ
1407 484 1493 518 ἄλογα
1508 484 1566 516 ζ’ὦα
1581 485 1726 519 εὐδαίμονα
1743 483 1810 517 εἶναι,

1044 529 1073 554 ὲν
1084 529 1143 558 ταῖς
1156 528 1370 564 προειρημέναις
1385 529 1535 564 ἐνεργείαις
1546 530 1613 564 ἡμῖν
1625 529 1811 561 κοινωνοῦντα;

1047 574 1107 600 Ἔτι
1127 575 1151 600 εί
1177 576 1205 601 ἐν
1230 575 1343 606 ταύταις
1365 577 1426 608 ταῖς
1447 577 1599 610 ἐνεργείαις
1620 577 1636 611 ή
1663 577 1760 611 ἐσχάτη
1775 576 1812 602 τοῦ

1044 620 1188 655 ἀνθρώπου
1205 621 1364 655 εὐδαιμονία
1391 622 1475 654 ἐστὶν,
1498 621 1535 652 ὡς
1550 622 1564 648 ὁ
1584 622 1734 656 Μαχούμετ
1749 623 1814 656 διαρ-

1047 666 1130 700 ρήδην
1155 666 1230 692 δοκεῖ
1245 666 1347 700 λέγειν,
1379 667 1451 698 τίνος
1478 667 1560 702 χάριν
1581 667 1629 694 νῦν
1655 667 1709 693 ἔδει
1729 668 1815 701 ἐγκρα-

1044 711 1171 737 τεύεσῦαι
1182 711 1296 742 τούτων,
1310 711 1368 738 ἀλλ’
1382 712 1413 738 οὐ
1428 712 1528 746 μᾶλλον
1540 712 1649 747 ἡμέρας
1668 713 1715 738 καὶ
1730 713 1814 742 vox-tit;

1045 757 1147 783 ὲσθῖειν
1166 765 1195 783 τε
1223 758 1269 783 καὶ
1283 757 1501 790 ἀκολασταίνειν,
1520 758 1566 784 ἵνα
1585 757 1707 784 ἐνταῦθα
1728 757 1807 783 εὐδαί-

1047 805 1128 838 μονές
1148 811 1219 835 τινες
1235 800 1332 838 ὧμενς
1353 804 1435 831 Ἀλλὰ
1456 804 1532 838 παρὰ
1561 804 1645 830 πᾶσιν
1663 803 1815 837 ἀνθρώποις,

1048 850 1094 876 καὶ
1108 849 1184 884 παρὰ
1203 851 1258 881 τοῖς
1279 851 1469 885 Σαρῤακηνοῖς
1493 850 1521 876 δὲ
1545 850 1649 882 αὐτοῖς,
1668 855 1816 884 σεμνότερον

1047 897 1120 923 δοκεῖ
1137 897 1354 931 ἐγκρατεὺεσῡαι
1380 898 1494 925 τούτων.
1516 897 1630 931 Ἔχουσι
1648 896 1677 922 δὲ
1695 896 1741 922 καί
1753 904 1817 926 τινας

1047 942 1147 976 ἄνδρας
1164 942 1350 976 θεωρητικοῦς
1379 942 1426 968 καὶ
1453 943 1597 976 ἐγκρατεῖς
1611 961 1620 973 ,
1639 940 1688 972 οὓς
1713 941 1818 976 μάλιστα.

1047 987 1224 1014 ἑπαινοῦσινρ
1245 987 1318 1014 Ἀλλ’
1343 988 1403 1014 ἐπεὶ
1423 987 1535 1022 ἀνόητόν
1550 988 1608 1014 ἔστι
1625 987 1688 1013 λίαν
1713 987 1817 1020 λογικῶς,

1046 1032 1220 1065 διαλέγεσθαι
1232 1031 1368 1067 ἀνθρώπῳ
1384 1033 1543 1067 φρονήσεως
1555 1032 1733 1059 παντάπασιν
1750 1031 1817 1057 ἑστε-

1047 1078 1168 1113 ρημένῳ,
1181 1077 1282 1110 ἐξέστω
1304 1077 1526 1111 συνανοηταίνειν
1547 1077 1651 1109 αὐτοῖς,
1666 1078 1714 1103 καὶ
1728 1076 1818 1109 λέγειν,

1047 1124 1077 1150 Εἰ
1090 1124 1118 1150 ἐν
1133 1123 1245 1155 ταύταις
1268 1124 1328 1154 ταῖς
1344 1123 1520 1158 ἐνεργείαιςή
1542 1123 1642 1158 ὲσχάτη
1659 1122 1706 1148 τοῦ
1726 1122 1819 1156 ἀνθρὼ-

1047 1178 1097 1195 που
1120 1169 1277 1204 εὐδαιμονία
1292 1169 1361 1200 ἐστὶ,
1376 1169 1401 1195 τί
1428 1169 1538 1204 ποιήσει
1551 1169 1606 1203 ἄρα
1627 1169 1644 1203 ἡ
1668 1168 1820 1203 χωρισθεῖσα

1046 1215 1118 1250 ψυχὴ
1146 1215 1199 1250 πρὸ
1226 1215 1275 1250 τῆς
1301 1215 1516 1248 ἁναστάσεως,ἡ
1536 1215 1605 1249 μήτε
1635 1213 1739 1240 ὲσοίειν
1753 1213 1820 1239 δυνα-

1048 1262 1126 1296 μένη,
1145 1261 1213 1296 μήτε
1229 1261 1420 1294 ἀσελγαίνεινς
1449 1260 1518 1286 Ἀλλ’
1532 1260 1586 1287 οὐδ’
1598 1261 1622 1287 οῑ
1647 1259 1756 1294 ἄγγελοί
1779 1268 1819 1284 πο-

1047 1316 1075 1334 τε
1094 1307 1254 1341 δυνήσονται
1279 1305 1348 1333 εἶναι
1363 1306 1532 1341 εὐδαίμονες,
1547 1305 1602 1332 τῶν
1627 1306 1756 1332 τοιούτων
1769 1305 1820 1339 ἡδο-

1047 1352 1099 1378 νῶν
1110 1353 1249 1385 ᾶγευστυι.
1267 1352 1327 1378 Ἔτι
1352 1353 1376 1378 εἰ
1398 1351 1427 1378 ὲν
1450 1351 1490 1386 τῷ
1515 1351 1615 1383 πολλὰς
1633 1352 1684 1386 μὲν
1701 1351 1767 1385 ἔχειν
1780 1359 1820 1383 γυ-

1046 1400 1151 1429 ναῖκας,
1167 1398 1367 1433 ἀναριθμήτους
1389 1398 1418 1424 δὲ
1443 1397 1584 1428 παλλακὰς
1615 1397 1664 1424 καὶ
1680 1396 1812 1431 νεωτέρας.

1046 1445 1063 1481 ὴ
1086 1445 1186 1480 ἐσχάτη
1211 1453 1266 1471 των
1290 1443 1394 1478 ἀνδρῶν
1408 1443 1564 1478 εὐδαιμονία
1580 1443 1650 1475 ἐστὶ,
1666 1442 1722 1473 πῶς
1743 1441 1773 1467 ἂν
1784 1440 1822 1466 δύ-

1048 1499 1142 1518 ναιντο
1157 1491 1186 1518 αι
1203 1491 1331 1524 γυναῖκες
1354 1487 1425 1516 εἶναι
1450 1489 1621 1524 εὐδαίμονες,
1637 1489 1664 1515 εἰ
1689 1488 1725 1522 μὴ
1746 1487 1821 1521 ἔχοιεν

212 1537 263 1564 nisi
280 1537 413 1564 haberent
435 1538 528 1572 plures
548 1538 642 1566 viros?
656 1538 710 1567 Sed
736 1548 843 1573 rursus,
859 1542 996 1576 quomodo

1050 1536 1158 1568 πλείους
1186 1536 1306 1570 ἄνδραςς
1333 1535 1414 1561 Ἀλλὰ
1449 1535 1533 1562 πάλιν
1561 1533 1621 1565 πῶς
1648 1533 1760 1560 δυνατὸν
1782 1531 1821 1556 τὸν

212 1583 342 1618 possibile
355 1588 397 1610 est
414 1584 500 1610 virum
513 1592 574 1612 esse
590 1584 710 1618 beatum,
724 1585 803 1620 cujus
817 1595 886 1614 uxor
899 1588 998 1616 multos

212 1629 280 1655 alios
302 1629 401 1656 habeat
417 1630 509 1657 viros?
533 1630 648 1658 Necesse
670 1631 764 1667 igitur,
783 1632 825 1659 vel
853 1633 997 1661 mulierem

214 1674 319 1701 beatam
334 1682 395 1702 esse
407 1679 436 1702 et
457 1675 546 1702 virum
563 1676 709 1709 infelicem,
723 1677 764 1704 vel
783 1678 870 1704 virum
887 1679 998 1713 quidem

214 1719 330 1750 felicem.
342 1720 470 1748 mulieres
486 1725 576 1748 autem
590 1722 748 1756 etjuniores
756 1730 848 1750 earum
866 1723 996 1751 infelices.

214 1765 357 1798 Quomoth
369 1770 460 1793 autem
472 1766 601 1801 possibile
613 1772 665 1798 est,
677 1775 737 1795 esse
750 1768 859 1795 beatum
869 1769 997 1803 aliquem,

216 1812 294 1844 cnjtis
313 1812 401 1839 omnis
416 1812 514 1840 domtts
529 1821 610 1847 quant
633 1818 708 1840 amat
734 1813 832 1841 misera
856 1819 883 1842 et
907 1815 1000 1843 infelix

215 1857 275 1882 est?
293 1857 494 1884 ltationabilius
508 1857 591 1891 igitur
607 1862 660 1891 est,
682 1862 710 1885 et
730 1858 803 1885 viros
819 1864 847 1886 et
873 1860 1000 1888 mulieres

216 1902 332 1929 miseras
345 1910 405 1929 esse
421 1908 449 1930 ct
462 1902 595 1931 infelices.

254 1990 317 2018 llaec
333 1994 462 2024 tanquam
479 1990 508 2017 in
527 1990 744 2025 transgressione
760 1990 831 2018 dicta
854 1991 998 2026 sufficiant,

218 2036 252 2064 ad
267 2036 508 2064 demonstrandum
526 2036 741 2064 irrationabilem
766 2045 827 2065 esse
848 2038 935 2073 legem
957 2047 1001 2067 se—

219 2083 340 2108 cundum
361 2081 444 2108 finem
469 2086 497 2108 et
513 2081 655 2116 prtemium
669 2082 742 2117 quod
765 2083 908 2117 promittit.
933 2083 1000 2110 lrra-

220 2127 361 2155 tionabilis
381 2132 423 2154 est
437 2131 464 2154 et
478 2127 630 2154 secundum
649 2127 700 2154 alia
723 2128 808 2155 multa
825 2136 886 2163 qua:
906 2129 931 2155 in
950 2129 1001 2156 hoc

165 2184 169 2187 -
219 2173 407 2204 continentur,
427 2172 500 2200 sicut
520 2171 548 2199 id
576 2173 647 2206 quod
675 2172 831 2208 frequenter
849 2173 999 2206 indttcitur,

1049 1582 1133 1617 ἄνδρα
1147 1579 1217 1609 εἶναι
1236 1582 1384 1617 μακάριον,
1399 1577 1505 1613 οὗτινος
1528 1581 1545 1615 ὴ
1564 1580 1632 1614 γυνὴ
1653 1579 1766 1610 πολλοὺς
1781 1578 1822 1605 ἆλ-

1049 1628 1110 1659 ).ους
1129 1628 1228 1662 ἄνδρας
1259 1627 1333 1662 ἔχεις
1358 1627 1478 1661 Ἀνάγκη
1502 1626 1594 1653 τοίνυν
1611 1626 1627 1660 ἢ
1642 1627 1694 1659 τὴν
1717 1626 1822 1659 γυναῖκα

1049 1672 1119 1701 εἶναι
1133 1675 1288 1709 εὐδαίμονα,
1310 1675 1357 1701 καὶ
1371 1674 1415 1701 τὸν
1434 1673 1517 1708 ἄνδρα
1529 1672 1660 1707 δυστυχῆ,
1687 1673 1703 1706 ἢ
1721 1672 1764 1698 τὸν
1780 1670 1822 1704 μὲν

1049 1721 1132 1756 ἄνδρα
1151 1721 1297 1756 μακάριον,
1316 1720 1360 1752 τὰς
1381 1720 1409 1746 δὲ
1421 1720 1553 1754 γυναῖκας
1569 1718 1616 1745 καὶ
1631 1719 1682 1749 τὰς
1698 1717 1823 1751 νεωτέρας

1050 1766 1139 1793 αὐτῶν
1153 1765 1363 1800 κακοδαίμονας.
1380 1765 1441 1796 Πῶς
1457 1764 1486 1791 δὲ
1499 1763 1610 1790 δυνατὸν
1638 1760 1710 1789 εἶναι
1740 1761 1822 1796 μακά-

1051 1819 1118 1846 ριονς
1135 1808 1165 1838 οὗ
1187 1811 1262 1836 πᾶσα
1276 1811 1292 1844 ἡ
1309 1810 1382 1836 οίκία
1400 1810 1432 1844 ἣν
1457 1809 1564 1844 ἀγαπᾷ,
1586 1807 1668 1834 ἀθλία
1684 1807 1731 1834 καὶ
1750 1813 1825 1833 κακο-

1050 1856 1154 1890 δαίμων
1170 1855 1244 1882 ὲστίν
1257 1864 1266 1888 ;
1283 1854 1475 1890 Εὑὶογώτερον
1489 1854 1578 1880 τοίνυν
1590 1854 1682 1887 λέγειν
1697 1853 1742 1879 καὶ
1768 1851 1823 1880 τοὺς

1050 1902 1150 1936 ἄνδρας
1178 1902 1225 1928 καὶ
1248 1902 1298 1933 τὰς
1317 1902 1448 1936 γυναῖκας
1470 1900 1566 1932 ἀθλίας
1585 1898 1656 1926 εἶναι
1682 1899 1728 1926 καὶ
1749 1906 1824 1926 κακο-

1049 1947 1191 1981 δαίμονας.

1092 1991 1186 2019 Ταῦτα
1216 1991 1309 2026 ὥσπερ
1349 1991 1378 2018 δν
1410 1991 1579 2026 παρεχὸάσει
1610 1990 1741 2026 εἰρημένα
1779 1987 1823 2022 ἀρ·

1051 2037 1133 2066 κείτω
1153 2037 1221 2073 πρὸς
1248 2037 1278 2064 τὸ
1292 2037 1375 2070 δεῖξαι
1397 2037 1493 2071 ἄλογον
1513 2035 1584 2064 εἶναι
1602 2037 1646 2063 τὸν
1659 2037 1738 2072 νόμον
1759 2033 1822 2061 κατὰ

1050 2084 1081 2111 τὸ
1098 2083 1174 2115 τέλος
1199 2083 1246 2110 καὶ
1267 2083 1297 2110 τὸ
1317 2081 1396 2110 ἆθλον
1427 2083 1442 2110 ὃ
1469 2084 1649 2117 ὑπισχνεῖται.
1671 2082 1780 2115 Ἀλογον
1798 2079 1823 2105 ὂὶ

1052 2129 1098 2156 καὶ
1126 2128 1186 2155 καθ’
1213 2129 1294 2163 ἕτερα
1321 2129 1405 2154 πολλά
1428 2128 1461 2154 τὰ
1475 2129 1503 2154 ὲν
1518 2128 1611 2162 τούτῳ
1637 2127 1820 2162 περιεχόμενα·

1052 2173 1147 2208 ὥσπερ
1160 2173 1256 2200 αὐτόοι
1270 2172 1389 2207 συνεχῶς
1404 2171 1626 2207 παρεμϐάλλεται
1643 2171 1657 2196 ὁ
1673 2170 1736 2201 Θεὸς
1748 2169 1823 2203 ὀμνὺς

218 2218 290 2252 quod
306 2210 377 2246 Deus
391 2218 466 2253 jurat
478 2225 525 2252 per
539 2218 646 2246 fidelem
662 2218 771 2251 urbem,
785 2224 813 2246 et
831 2227 878 2253 per
891 2219 997 2247 ficetum

1053 2220 1123 2246 κατὰ
1136 2219 1186 2253 τῆς
1204 2218 1322 2249 πίστεως
1345 2217 1459 2250 πόλεως,
1475 2219 1523 2244 καὶ
1546 2218 1615 2244 κατὰ
1631 2216 1678 2243 τοῦ
1701 2214 1824 2243 συκεῶνος

218 2269 244 2291 ct
259 2264 391 2292 olivetum
405 2271 413 2291 :
425 2264 497 2299 quod
508 2264 595 2299 palam
610 2269 722 2299 apparet
737 2264 763 2291 in
777 2265 896 2298 capitulo
910 2265 1001 2296 Eltim,

206 2309 293 2345 _quod
323 2309 522 2344 interpretatur
547 2309 623 2343 ficus.
657 2309 786 2337 Homines
811 2318 860 2344 per
886 2311 1004 2345 majores

219 2362 285 2382 suos
307 2355 413 2389 jurant,
440 2355 512 2382 sicut
542 2362 591 2389 per
618 2355 716 2389 Deum,
737 2355 779 2382 vel
804 2363 854 2390 per
879 2361 1001 2387 sanctos;

219 2401 291 2428 Deus
310 2405 401 2427 autent
429 2408 483 2428 non
509 2400 611 2428 habens
635 2401 765 2436 majorem
789 2409 838 2436 pcr
857 2409 937 2435 quem
957 2401 1004 2436 ju-

221 2454 280 2473 rart:
295 2446 389 2481 possit,
415 2447 557 2474 consuevit
576 2455 624 2481 per
645 2447 765 2481 scipsutn
786 2448 891 2482 jurare,
906 2453 934 2474 ut
947 2448 1004 2481 ipse

221 2493 253 2519 ad
267 2492 401 2519 Abraham
411 2492 522 2528 juravit,
536 2493 606 2520 sicut
620 2493 705 2519 fertur
717 2493 743 2519 in
755 2493 843 2527 primo
854 2492 1002 2521 cheseos.

221 2539 273 2566 l‘er
297 2538 406 2565 ficetum
430 2543 522 2565 autem
552 2539 593 2565 vel
618 2539 748 2565 olivetum
775 2538 878 2572 jurare,
904 2545 1003 2564 vanttm

220 2589 263 2611 est
282 2588 310 2611 et
333 2584 491 2611 irrationale
507 2583 631 2611 omnino.
655 2584 720 2610 ltetn
738 2584 795 2618 ipsc
819 2583 946 2617 prohibet
966 2583 1005 2609 vi-

223 2637 299 2662 ntnn,
317 2633 428 2665 propter
446 2628 587 2656 ebrietatis
613 2629 780 2660 evasionem,
801 2629 872 2655 sicut
892 2629 917 2654 in
947 2628 1005 2663 pitt-

223 2676 300 2703 ribus
319 2676 387 2703 locis
398 2675 474 2702 dicit.
493 2674 545 2702 Sed
559 2681 619 2701 eum
638 2674 730 2701 vinum
744 2681 793 2708 per
807 2675 925 2709 scipsum
950 2682 1006 2701 ma-

223 2723 279 2750 lum
297 2729 350 2749 non
367 2722 413 2753 sit,
437 2721 536 2748 suffit-it
552 2721 636 2748 solam
649 2720 809 2747 ebrietatem
827 2728 933 2748 cavere.
952 2721 1004 2748 Sed

225 2768 331 2795 videtur
343 2775 439 2794 omnes
464 2768 617 2794 Saracenos
638 2770 781 2800 suspectos
806 2765 917 2799 habere,
932 2767 1004 2801 quod

223 2813 316 2840 nullus
335 2820 429 2839 corum
449 2813 533 2846 possit
554 2813 595 2838 vel
612 2811 797 2843 mediocriter,
816 2812 856 2838 vel
882 2819 943 2838 cum
965 2820 1006 2838 so-

222 2859 336 2887 brietate
354 2859 416 2886 vino
442 2859 491 2892 uti,
518 2858 588 2887 unde
609 2859 666 2895 ejus
691 2857 845 2885 dehortatio
859 2865 890 2884 ex
909 2866 1001 2886 ncces-

1053 2265 1100 2291 καὶ
1118 2264 1162 2290 τοῦ
1181 2263 1316 2294 ὲλαιῶνος·
1334 2262 1348 2288 ὃ
1363 2261 1487 2296 φαίνεται
1501 2261 1646 2297 διαρρήδην
1673 2261 1701 2287 ὲν
1728 2258 1764 2293 τῷ
1782 2265 1822 2283 κε-

1054 2309 1161 2344 φαλαίῳ
1187 2309 1225 2343 τῷ
1253 2308 1359 2342 Ἑλτὶμ,
1381 2307 1396 2333 ὃ
1421 2306 1603 2342 ἑρμηνεύεται
1616 2305 1708 2339 συκῆ.
1729 2305 1759 2330 οι
1774 2304 1822 2337 γὰρ

1054 2355 1192 2389 ἄνθρωποι
1208 2355 1279 2380 κατὰ
1304 2353 1350 2378 τοῦ
1377 2352 1498 2388 μείζονος
1520 2352 1676 2387 ὀμνύουσιν,
1692 2347 1745 2377 οἷον
1760 2349 1824 2375 κατᾶ

1054 2394 1100 2427 τόδ
1115 2399 1191 2432 Θεοῦ,
1203 2399 1220 2433 ἦ
1238 2399 1291 2425 τῶν
1310 2398 1405 2430 ἁγίων.
1427 2398 1458 2424 Ὀ
1470 2398 1497 2424 δὲ
1511 2397 1576 2429 Θεὸς
1588 2397 1626 2432 μὴ
1639 2396 1708 2431 ἔχων
1723 2394 1823 2430 μείξυνα

1055 2445 1115 2470 καθ’
1131 2441 1160 2470 αὖ
1182 2443 1214 2469 ἂν
1230 2443 1364 2477 ὁμόσειεν,
1391 2441 1485 2467 εἴωθεν
1509 2441 1625 2475 ὀμνύναι
1647 2440 1708 2467 καθ’
1723 2437 1822 2466 ἑαυτοῦ.

1054 2491 1091 2522 ὡς
1109 2491 1189 2521 αὐτὸς
1207 2490 1258 2524 ἔφη
1272 2489 1310 2524 τῷ
1332 2488 1466 2523 Ἀϐραὰμ,
1483 2488 1519 2519 ὡς
1540 2488 1650 2521 λέγεται
1664 2487 1692 2512 ὲν
1703 2485 1740 2521 τῷ
1758 2484 1826 2518 πρώ-

1057 2545 1096 2572 τῳ
1113 2537 1161 2570 τῆς
1181 2536 1327 2566 Γευέσεως.
1343 2534 1379 2560 Τὸ
1401 2534 1430 2560 δὲ
1455 2535 1526 2560 κατὰ
1540 2533 1588 2560 τοῦ
1606 2533 1735 2562 συκεῶνο;
1754 2531 1769 2565 ἦ
1784 2529 1824 2556 τοῦ

1055 2583 1182 2613 ἐλαιῶνος
1195 2581 1309 2616 ὀμνύναι
1323 2581 1438 2616 μάταιόν
1449 2582 1507 2606 ἐστι
1518 2581 1565 2607 καὶ
1577 2580 1672 2613 ἄλογον
1684 2577 1824 2607 παντελῶς.

1058 2629 1118 2655 Ἔτι
1143 2629 1222 2659 αὐτὸς
1244 2627 1341 2654 κωλύει
1379 2627 1424 2653 τον
1446 2623 1516 2652 οἶνον
1538 2626 1583 2652 διὰ
1604 2626 1654 2661 τὴν
1674 2626 1721 2660 τῆς
1747 2623 1825 2657 μέθης

1056 2675 1209 2709 ἀποφυγὴν,
1234 2674 1271 2705 ὥς
1291 2681 1373 2708 φησιν
1394 2674 1424 2700 ἐν
1439 2671 1545 2698 πλείοσι
1561 2671 1664 2702 τόποις.
1691 2670 1766 2696 Ἀλλὰ
1783 2669 1824 2693 τοῦ

1057 2721 1129 2747 οἴνου
1162 2721 1197 2754 μὴ
1217 2720 1276 2746 καθ’
1303 2719 1400 2745 ἑαυτὸν
1417 2719 1494 2749 δντος
1518 2716 1623 2748 κακοῦ,
1644 2716 1721 2751 ἢρκει
1749 2714 1825 2749 μόνην

1057 2768 1106 2802 τὴν
1129 2766 1214 2801 μέθην
1244 2763 1424 2798 φυλάξασθαι.
1446 2763 1528 2790 Ἀλλὰ
1553 2763 1628 2789 δοκεῖ
1654 2763 1754 2790 πάντας
1768 2759 1824 2788 τοὺς

1057 2811 1253 2847 Σιρῥακηνοὺς
1271 2809 1447 2841 ὑποπτεύειν,
1470 2808 1508 2839 ὼς
1523 2808 1635 2843 μηδενὸς
1655 2806 1742 2834 αὐτῶν
1756 2805 1824 2830 δυνα-

1058 2858 1139 2893 μένου
1157 2858 1172 2892 ἢ
1193 2857 1338 2892 μετρίωςῆ
1357 2856 1426 2892 μετὰ
1446 2855 1551 2890 νήψεως
1566 2854 1682 2888 ννῆαθαι
1696 2853 1734 2889 τῷ
1755 2851 1821 2884 0W-
