1942 3090
103 113 159 146 i089

669 111 814 140 (EUNTlH
835 111 1076 141 MAllUMETEM

1647 110 1713 141 1090

102 168 173 197 Ὀοεν
198 169 326 204 ﬁrmitati
351 170 493 204 ἀππτροπὴ
522 170 550 202 ἐξ
578 169 699 203 ἀνάγκης
730 170 878 203 ἀναγκάζει

941 171 1010 198 ,ilale
1026 170 1097 205 cogit
1112 170 1152 197 vel
1175 170 1276 196 malum
1299 177 1359 196 esse
1372 169 1464 196 vinum
1486 169 1656 203 simpliciter,
1673 170 1715 196 vel

101 217 179 250 λέγειν
196 217 211 251 ἢ
236 216 320 243 κακὸν
335 214 404 242 εἶναι
422 217 464 242 τον
490 213 560 242 οἶνον
579 216 683 247 ἁπλῶς,
700 216 715 250 ἢ
734 216 795 246 τοὺς
813 216 881 251 Σαρ-

106 263 230 297 ρακηνοὺς
255 263 386 296 ἀκρατεῖς
407 262 540 296 ὑπάρχειν
562 261 689 288 καθόλου.

103 319 138 346 Θ¹.
149 319 211 345 Ὅτι
225 320 240 345 ὁ
250 318 308 345 τῶν
319 318 518 352 Σαρῤιιχηνῶγ
530 319 620 351 ’νόμος
635 317 882 353 ὁμολογουμένως

352 353 481 387 περιέχει
501 353 627 388 ψεῦδος.

135 398 260 424 Ἔννιιτον
276 398 316 424 δεῖ
331 397 453 432 Θεωρεῖν,
463 398 503 423 ὅτι
520 399 534 423 ό
549 399 629 431 νόμος
645 394 725 429 οὗτος
739 398 788 424 οὐκ
806 397 879 424 ἐστιν

104 445 178 478 νόμος
194 443 271 476 θεοῦ,
288 444 348 470 ἐπεὶ
371 443 575 478 ὁμολογούμενα
594 444 717 478 περιέχει
733 443 829 478 ψεύδη.
853 443 882 469 '0

104 490 152 523 γὰρ
179 488 243 519 Θεὸς
272 489 367 523 πρώτη
387 489 432 514 καὶ
452 488 525 523 ἄκρα
542 489 615 514 ἐστὶν
630 488 755 522 ἀλήθεια,
772 488 838 523 παρ’
852 484 883 514 οὗ

103 534 224 568 λεχυῆναί
234 543 259 559 τι
271 533 367 567 ψεῦδος
379 533 506 560 ἀδύνατον
527 533 571 559 Ἐν
584 533 622 568 τῷ
645 533 794 568 Ἀλκοράνῳ
813 533 841 559 δὲ
855 533 883 560 ἐν

105 579 138 614 τῷ
153 579 290 613 κεφαλαίῳ
313 578 359 604 τοῦ
379 578 456 604 Ἰωνᾶ
471 587 547 612 φησι.
565 579 612 609 Τίς
631 578 669 609 εἰς
691 578 739 613 τὴν
755 577 884 612 ἀλήθειαν

104 625 176 658 ἄγεις
196 623 253 650 Καὶ
270 623 491 658 ἀποκρινόμενος,
513 621 588 649 εἶπεν
601 643 609 655 ,
625 623 653 649 '0
670 623 734 654 Θεὸς
754 622 884 650 κατευθύ-

103 669 201 702 νειτὴν
215 669 356 703 ἀλήθειαν·
371 669 418 694 καὶ
443 670 457 695 ὁ
483 668 658 695 κατευθύνων
682 669 731 703 τὴν
754 668 883 704 ἁλήῦειὰν

104 717 171 741 ἐστιν
184 714 373 750 ἀλήθεια,ῖκαὶ
389 715 522 750 προσήκει
534 715 627 742 τοῦτον
646 715 802 750 μιμεῖσθαι.
825 715 880 742 Καὶ

107 761 171 795 μετὰ
190 762 278 787 ταῦτα
306 759 415 795 ἀληθῶς
440 761 489 795 οὐχ
518 760 632 795 ἁρμόζει
648 760 712 795 θείῳ
728 760 801 795 νόμῳ
824 760 883 786 τόδε

105 806 227 840 λέγεσθαί
246 815 273 832 τι
291 806 355 833 ἄνευ
385 805 472 832 Θεοῦ·
499 806 566 832 ἀλλὰ
595 806 625 833 τὸ
652 806 750 841 ψεῦδος
779 807 826 832 καὶ
853 806 883 832 τὸ

933 217 1084 243 Saracenos
1102 215 1294 242 universaliler
1318 215 1520 242 incontinentis
1539 222 1609 242 e:se.

966 317 1012 344 1X.
1030 317 1103 350 Quod
1119 317 1160 343 lex
1175 316 1371 377 Sararenocrl‘un't
1392 315 1530 349 manifesta
1551 313 1682 340 contineat

1249 359 1306 377 men
1328 359 1396 377 acta.

1249 359 1396 377 mendacia.

967 399 1044 425 Nono
1058 401 1167 432 oportet
1183 397 1369 428 considerare,
1386 396 1459 430 quod
1478 396 1520 422 lex
1537 395 1593 422 lnee
1608 402 1662 421 non
1676 397 1719 421 est

932 445 974 472 lex
1005 444 1061 475 Dei,
1086 443 1216 478 quoniam
1245 443 1390 470 manifesta
1419 434 1718 469 continetmendacia.

933 489 1005 516 Deus
1021 489 1093 515 enim
1109 495 1215 516 summa
1233 493 1261 514 et
1277 487 1364 522 prima
1381 491 1423 514 est
1439 486 1549 518 veritas,
1565 493 1580 512 a
1596 493 1650 519 quo
1665 484 1719 512 diei

933 535 1042 570 aliquod
1068 534 1240 561 mendacium
1262 538 1304 561 est
1332 532 1511 568 impossibile.
1533 531 1561 558 lu
1575 531 1718 561 Alcorana,

934 581 962 608 in
987 588 1047 615 cap.
1070 580 1156 612 .Ionaz,
1175 579 1242 607 dicit
1260 588 1266 606 :
1291 579 1358 612 Quis
1373 579 1560 606 iirveriiatem
1585 577 1677 604 ducit?
1691 581 1720 603 et

934 627 1105 662 respondens
1124 626 1210 653 dicit:
1226 626 1297 653 Deus
1321 625 1415 659 dirigit
1445 625 1601 655 veritatem,
1625 627 1652 650 et
1672 622 1719 657 qui

934 673 1026 708 dirigit
1040 672 1181 699 veritatem
1202 676 1245 699 est
1260 671 1369 702 veritas,
1387 675 1415 698 et
1428 670 1557 697 convenit
1579 677 1641 696 eum
1659 669 1720 695 imi-

935 719 996 746 tari.
1015 718 1048 745 Et
1063 722 1124 752 post
1151 717 1207 744 hate
1221 725 1284 744 vere
1300 725 1353 744 non
1377 716 1502 750 congruit
1527 715 1626 742 dixiin:
1653 714 1717 748 legi,

934 765 989 792 dici
1014 763 1116 798 aliquid
1135 763 1194 790 sine
1217 763 1284 795 Deo,
1308 761 1354 789 sed
1376 761 1546 788 mendacium
1563 765 1591 787 et
1609 759 1720 794 ﬁgmen—

936 815 991 838 tum
1009 810 1111 844 absque
1130 809 1184 836 Deo
1203 809 1314 835 dicitur.
1339 807 1417 834 Sicut
1431 807 1504 834 enim
1524 806 1611 838 inquit
1628 805 1722 839 Augu-

106 853 213 887 πλάσμα
237 852 301 879 ἄνευ
326 852 393 878 Θεοῦ
407 852 525 886 λέγεται.
546 853 591 883 Ὠς
615 853 668 887 γάρ
681 861 764 886 φησιν
779 853 883 886 Αὐγου-

941 856 1047 884 ιιὶηιιδι
1070 855 1098 882 Si
1116 855 1143 882 in
1167 854 1314 888 Evangelio
1339 860 1424 879 unum
1442 852 1529 879 solum
1549 851 1721 878 mendacium

107 899 203 931 στῖνος,
221 898 250 924 El
265 899 294 924 ὲν
319 897 357 932 τῷ
375 898 534 932 Εὐαγγελίῳ
551 897 580 924 ἓν
598 898 678 933 μόνον
694 898 792 932 ψεῦδος
808 898 883 933 εὑρί-

108 953 195 976 σκετο,
214 944 274 970 ὅλον
290 944 323 971 ἂν
337 944 366 970 τὸ
379 944 544 977 Εὑαγγέλιον
555 944 626 970 κατὰ
642 943 688 970 τὸν
709 944 789 970 αὑτὸν
806 943 885 977 λόγον

106 988 224 1015 ὕποπτον
243 987 277 1023 ἧν
292 990 339 1015 καὶ
361 989 459 1023 ψεῦδος
482 989 773 1023 ἀποδεδοκιμασμένον.
799 989 835 1015 Τὺ
858 989 885 1016 δὲ

112 1035 271 1070 ’Δλκορᾱνον
289 1035 374 1061 πολλὰ
387 1034 436 1070 μὲν
454 1034 543 1069 ἀληθῆ
558 1034 691 1069 περιέχει,
707 1034 735 1061 ἐν
750 1043 779 1061 τε
796 1035 886 1069 Εὐαγ-

106 1080 186 1115 γελίῳ
212 1080 261 1107 καὶ
278 1080 317 1115 τῷ
332 1081 406 1115 νόμῳ
429 1080 552 1112 Μωσέως
579 1081 627 1107 καὶ
653 1081 709 1112 τοῖς
734 1081 886 1116 προφήταις

106 1127 303 1162 περιεχόμενα·
318 1127 374 1153 ἀλλ’
392 1127 472 1159 αὐτὸς
492 1127 506 1153 ὁ
532 1126 684 1162 Μαχούμετ
709 1127 829 1154 τοσαῦτα.
855 1129 887 1154 ὲκ

106 1173 158 1200 τῶν
174 1173 246 1200 ἰδίων
259 1173 406 1207 περιέϐαλε
417 1171 514 1208 ψεύδη,
526 1172 592 1200 ὥσθ’
604 1173 664 1200 ὅλον
695 1173 802 1208 ἀληθῶς
824 1173 889 1200 ὓπο-

112 1228 178 1246 πτον
194 1220 240 1246 καὶ
262 1220 359 1254 ψεῦδος
377 1220 479 1254 ὀφείλει
495 1219 664 1254 νομίζεσθαι,
677 1219 724 1246 καὶ
741 1220 822 1255 ἔργον
842 1219 888 1246 τοῦ

105 1262 220 1300 ψεύστου
241 1266 288 1293 καὶ
301 1265 348 1292 τοῦ
360 1265 462 1300 πατρὸς
476 1265 572 1292 αὑτοῦ.
594 1266 753 1300 ’Ᾱνάγονται
767 1266 795 1292 δὲ
810 1267 844 1292 τὰ
860 1267 889 1292 ὲν

105 1312 199 1346 ἐκείνῳ
223 1311 307 1346 ψεύδη
332 1312 396 1346 περὶ
420 1312 529 1344 ἑαυτοῦ,
546 1312 681 1346 περὶτῶν
705 1311 888 1346 Χριστιανῶν,

105 1358 168 1393 περὶ
193 1358 246 1384 τῶν
267 1358 409 1390 Ἰουδαίων,
427 1358 490 1393 περὶ
505 1358 559 1384 τῶν
575 1358 740 1389 ἀποστόλων,
759 1357 822 1392 περὶ
837 1358 890 1384 τῶν

105 1403 291 1439 πατριαρχῶν,
306 1404 370 1439 περὶ
387 1403 440 1430 τῶν
453 1403 597 1439 δαιμόνων,
610 1405 672 1438 περὶ
687 1403 741 1430 τῶν
753 1404 889 1438 ἀγγέλων,

107 1450 170 1484 περὶ
190 1449 240 1484 τῆς
268 1449 405 1485 Παρθένου
433 1450 564 1485 Μαρίας.
589 1450 652 1485 περὶ
684 1449 731 1476 τοῦ
761 1449 890 1484 Χριστοῦ,

107 1504 139 1521 πε
144 1498 170 1530 ρ).
187 1495 233 1521 τοῦ
248 1495 325 1522 Θεοῦ,

143 1540 198 1567 Καὶ
210 1541 273 1575 περὶ
303 1541 400 1568 ἑαυτοῦ
432 1542 483 1576 μέν
508 1550 601 1577 φησιν,
615 1542 656 1569 ὅτι
671 1541 731 1568 ἐστὶ
744 1542 830 1575 τέλος,
845 1542 892 1569 καὶ

108 1587 236 1621 σφραγὶς,
252 1587 299 1613 καὶ
331 1587 421 1625 σιωπὴ
449 1587 558 1614 πάντων
584 1587 637 1613 τῶν
666 1587 893 1622 προφητῶν.Καὶ

105 1631 464 1666 προστάττειάποκτιννύναι
476 1632 564 1659 πάντα
576 1633 620 1658 τόν
631 1632 689 1667 μετ’
699 1632 780 1660 αὐτὸν
792 1633 893 1668 διισχυ-

108 1676 247 1711 ριζόμενον
263 1676 332 1703 εἶναί
347 1685 408 1703 τινα
425 1678 580 1712 προφήτην.
608 1678 688 1705 Ἀλλὰ
704 1679 741 1713 μὴ
768 1679 894 1705 συνεστά.

105 1723 168 1758 ληή
185 1723 243 1758 χεὶρ
265 1723 379 1758 Κυρίου,
398 1723 467 1750 ὥστε
494 1723 531 1759 μὴ
559 1723 689 1750 δύνασθαι
715 1724 774 1759 μετ’
791 1726 893 1751 ἐκεῖνον

105 1769 197 1795 δοῦναι
214 1768 260 1795 καὶ
276 1768 360 1804 ἑτέρί)
387 1768 495 1804 πνεῦμα
519 1769 698 1803 προφητείας,
718 1769 771 1796 Καὶ
803 1769 844 1796 ὅτι
862 1770 892 1796 οὺ

106 1816 186 1850 μόνον
202 1815 225 1841 οί
241 1815 398 1850 Χριστιανοὶ
418 1816 464 1841 καὶ
490 1815 514 1841 οἱ
547 1815 669 1842 Ἰουδαῖοι
700 1815 808 1849 λέγουσι
829 1823 892 1850 παρ·

105 1861 197 1892 αὐτοῖς
210 1858 278 1887 εἶναι
294 1861 435 1896 προφήτας
451 1861 509 1894 μετ’
521 1861 634 1892 ἐκεῖνον,
652 1861 762 1894 πνεῦμα
788 1869 895 1896 προφη-

104 1907 180 1937 τείας
195 1907 355 1941 ἐσχηκότας,
372 1906 439 1932 ἀλλὰ
454 1907 500 1932 καὶ
516 1906 593 1932 αὐτοὶ¹
608 1906 731 1938 ἐδέξαντο
751 1907 779 1932 ὲν
807 1905 893 1932 Βαϐυ-

105 1952 172 1978 λῶνι
200 1953 342 1987 προφήτην
367 1952 428 1978 τινὰ
456 1952 541 1985 Σόλεμ
558 1952 766 1986 ὀνομαζόμενον,
779 1951 792 1978 ὅ
809 1953 894 1987 ἑρμη-

104 1997 212 2024 νεύεται
241 1997 362 2032 κλίμαξ,
387 1997 416 2023 ὃν
444 1997 468 2023 οί
499 1998 634 2032 Τάρταροι
656 1997 830 2030 ἀπέκτειναν,
848 1998 894 2023 καὶ

107 2042 170 2077 μετ’
186 2043 266 2069 αὑτοῦ
278 2044 326 2069 οὐκ
342 2043 431 2076 ὀλίγον
449 2042 548 2077 πλῆθος
574 2042 768 2078 Σαῤῥαχηνῶν.
792 2043 853 2069 Ἔτι
866 2043 894 2069 δὲ

107 2088 173 2121 περὶ
200 2086 297 2113 ἑαυτοῦ
331 2095 425 2120 φησιν,
455 2087 576 2122 ἐπαίρων
603 2088 707 2120 ἑαυτὸν,
735 2087 828 2122 ὥσπερ
862 2088 893 2114 ὲκ

103 2131 253 2166 προσώπου
266 2132 312 2158 τοῦ
330 2131 409 2163 Θεοῦ,
442 2132 483 2157 ὅτι
508 2132 536 2158 Εἰ
555 2132 653 2163 πάντες
668 2133 806 2167 ἄνθρωποι
830 2141 892 2158 συν-

936 901 1115 933 inveniretur,
1134 904 1222 927 totum
1237 899 1413 933 Evangelium
1429 898 1579 925 secundum
1597 897 1720 924 eamdem

937 937 1069 974 ratidnem
1094 950 1252 980 suspectum
1270 949 1343 972 esset
1369 949 1397 971 et
1422 943 1528 970 falsum.
1559 943 1720 970 Aleoranum

935 998 1026 1020 autem
1056 993 1139 1019 multa
1155 991 1265 1026 quidem
1284 998 1347 1018 vera
1360 989 1491 1021 continet,
1509 996 1570 1023 qua:
1583 988 1610 1014 in
1635 988 1723 1015 EVan-

936 1039 1007 1074 gelio
1021 1043 1049 1065 et
1062 1038 1120 1073 lege
1136 1037 1220 1072 Moysi
1245 1041 1273 1063 et
1293 1035 1436 1070 prophetis
1461 1033 1652 1066 continentur;
1675 1033 1722 1060 sed

938 1086 995 1120 ipse
1010 1084 1180 1111 Mahomctus
1195 1087 1234 1110 tot
1258 1090 1290 1110 ex
1315 1081 1435 1117 propriis
1461 1080 1603 1108 manifesta
1627 1080 1723 1106 inserit

938 1130 1088 1163 mendacia,
1107 1135 1136 1157 ut
1154 1134 1241 1156 totum
1258 1129 1315 1163 fere
1337 1132 1494 1163 suspectum
1520 1131 1547 1154 et
1563 1126 1661 1153 falsum
1678 1125 1725 1152 de-

938 1176 1002 1203 beat
1014 1175 1174 1205 existinmri,
1189 1178 1216 1201 et
1226 1181 1295 1208 opus
1307 1173 1379 1200 illius
1391 1172 1438 1207 qui
1456 1172 1570 1199 mendax
1583 1174 1624 1198 est
1638 1174 1666 1196 et
1679 1176 1727 1204 pa-

939 1228 980 1249 ter
1002 1223 1072 1257 ejus.
1097 1220 1277 1249 Reducuntur
1292 1224 1383 1246 autem
1408 1226 1468 1253 quae
1487 1218 1514 1244 in
1530 1224 1563 1244 eo
1583 1215 1724 1243 mendacia

939 1268 1126 1299 continentur,
1157 1267 1190 1294 ad
1217 1267 1311 1293 decem
1335 1272 1435 1300 genera
1459 1263 1629 1299 principalia.
1656 1262 1726 1288 Dicit

941 1314 1014 1341 enim
1038 1308 1178 1340 mendacia
1205 1312 1239 1339 de
1254 1312 1356 1346 seipse,
1373 1311 1407 1337 de
1421 1309 1595 1340 Christianis,
1619 1308 1652 1334 de
1676 1306 1725 1334 Ju-

940 1359 1015 1391 daeis,
1033 1359 1067 1386 de
1088 1357 1229 1393 apostolis,
1256 1357 1290 1384 de
1304 1355 1478 1391 patriarchis,
1498 1355 1531 1382 de
1545 1353 1725 1386 daemonibus,

941 1405 974 1432 de
990 1404 1103 1439 angelis,
1120 1405 1152 1431 de
1172 1403 1284 1437 Virgine
1300 1401 1393 1435 Maria,
1409 1401 1444 1428 de
1459 1400 1578 1432 Christo,
1594 1399 1628 1427 de
1642 1400 1708 1426 Deo.

950 1572 953 1575 _
979 1543 1012 1570 Et
1026 1542 1060 1570 de
1075 1542 1163 1576 seipso
1179 1540 1291 1575 quidem
1313 1539 1390 1571 dicit,
1414 1538 1487 1573 quod
1504 1542 1546 1565 est
1568 1537 1628 1564 linis
1647 1542 1675 1564 ct
1689 1537 1727 1564 si-

943 1588 1035 1623 gillum
1049 1592 1074 1615 et
1094 1587 1233 1615 silentium
1250 1587 1373 1613 omnium
1393 1584 1600 1619 prophetarum.
1626 1582 1659 1609 Et
1680 1583 1726 1617 ju-

944 1635 989 1662 bet
1003 1634 1133 1666 interimi,
1150 1634 1307 1668 quicunque
1327 1636 1389 1666 post
1415 1638 1478 1657 eum
1505 1637 1534 1656 se
1565 1628 1725 1664 prophetam

942 1689 1004 1709 esse
1021 1680 1180 1708 asseruerit.
1197 1679 1249 1706 Sed
1264 1686 1319 1705 non
1336 1678 1377 1704 sic
1402 1679 1541 1704 (ontracta
1565 1678 1608 1702 est
1630 1680 1727 1700 manus

943 1726 1061 1758 Domini,
1077 1731 1172 1752 utnon
1197 1727 1291 1759 posset
1306 1728 1369 1758 post
1393 1721 1467 1748 illum
1498 1720 1564 1747 dare
1594 1724 1622 1746 et
1647 1717 1726 1745 alteri

943 1772 1068 1807 spiritum
1083 1770 1242 1806 prophetiae.
1257 1769 1290 1796 Et
1306 1768 1380 1803 quod
1405 1775 1459 1794 non
1475 1767 1564 1794 solum
1578 1763 1727 1793 Christiani

942 1823 970 1845 et
986 1816 1072 1845 Judaei
1088 1817 1185 1844 dicunt
1196 1815 1267 1850 apud
1282 1821 1330 1842 eos
1345 1821 1407 1841 esse
1429 1812 1586 1848 prOphetas,
1605 1811 1651 1846 qui
1667 1814 1727 1845 post

943 1865 1019 1892 illum
1035 1863 1161 1898 spiritum
1182 1861 1331 1896 prophetia:
1356 1860 1521 1890 habuerunt,
1547 1857 1595 1885 sed
1619 1861 1648 1884 et
1675 1855 1727 1890 ipsi

943 1913 1122 1946 susceperunt
1135 1908 1208 1943 apud
1223 1907 1359 1942 Babylona
1383 1905 1545 1940 prephctam
1568 1902 1726 1938 quemdam,

943 1955 990 1990 qui
1011 1955 1100 1983 Solem
1126 1953 1324 1989 appellabatur,
1341 1950 1415 1986 quod
1431 1950 1628 1984 interpretatur
1641 1947 1727 1979 scala,

943 2009 1023 2037 quem
1038 1999 1145 2026 Tartari
1161 1999 1372 2029 interemerunt,
1390 1999 1418 2023 ct
1440 2003 1501 2022 eum
1526 2001 1560 2022 eo
1583 2001 1638 2021 non
1660 2000 1729 2028 pau-

943 2054 1002 2074 cam
1016 2045 1220 2073 multitudinem
1246 2043 1458 2070 Saracenorum.
1488 2041 1555 2068 Item
1579 2040 1613 2067 de
1639 2039 1729 2074 seipso

943 2094 1019 2125 dicit,
1039 2093 1158 2127 seipsum
1176 2091 1325 2123 extollens,
1344 2094 1473 2124 tanquam
1489 2095 1521 2114 ex
1532 2094 1647 2122 persona
1670 2085 1728 2118 Dei,

943 2139 1020 2172 Quod
1037 2138 1060 2165 si
1077 2145 1172 2165 omnes
1187 2135 1311 2163 homines
1328 2138 1568 2169 congregarentur,
1590 2136 1618 2159 et
1632 2138 1729 2158 omnes

103 2177 224 2211 αχοεῖεν,
245 2177 292 2203 καὶ
303 2177 390 2204 πάντα
402 2177 435 2203 τὰ
458 2177 599 2212 πνεύματα.
616 2178 632 2212 ἢ
650 2178 771 2212 ἄγγελοι,
786 2178 835 2204 οὐκ
858 2178 889 2204 ἂν

944 2185 1057 2220 spiritus
1073 2184 1114 2211 vel
1132 2183 1232 2218 angeli,
1254 2189 1309 2208 non
1329 2185 1441 2215 possent
1465 2179 1554 2206 facere
1574 2178 1626 2205 tale
1650 2177 1731 2204 Alco-

103 2222 230 2249 δύναιντο
264 2222 376 2256 ποιῆσαι
403 2223 522 2249 τοιοῦτον
538 2222 709 2257 Ἀλκοράνον,
734 2221 789 2250 οἷον
813 2223 891 2250 τοῦτό

103 2269 192 2294 ἐστιν.
208 2267 242 2292 Ἢ
257 2266 345 2293 τοίνυν
361 2266 431 2293 οὕτω
450 2267 528 2294 τοῦτο
543 2266 657 2300 νόει,’ὠς
679 2269 716 2302 μὴ
742 2267 891 2303 δυνησομέ-

105 2322 162 2339 νων
179 2313 289 2339 ἐκείνων
308 2314 418 2347 ποιῆσαι
440 2313 503 2340 ἄνευ
527 2313 576 2348 τῆς
604 2315 650 2339 τοῦ
665 2313 732 2339 Θεοῦ
750 2314 891 2349 βοηθείας⁶

106 2360 153 2384 καὶ
170 2359 194 2384 τί
213 2358 375 2392 θαυμαστὸν.
393 2359 417 2384 εί
432 2358 468 2393 μὴ
479 2358 634 2393 δυνήσονται
649 2359 736 2390 τοῦτο,
755 2359 823 2396 ὅπερ
846 2361 892 2386 καὶ

105 2404 189 2434 αὐτὸς
205 2404 254 2429 οὐκ
267 2404 329 2430 ἄνευ
357 2402 424 2429 Θεοῦ
449 2403 627 2437 πεποιηκέναι
646 2403 745 2438 φηοὶνς
773 2402 789 2438 ἢ
816 2403 894 2430 τοῦτο

105 2449 173 2481 νόει,
194 2449 231 2480 ὡς
259 2449 307 2475 οὐκ
321 2448 354 2474 ἂν
370 2447 537 2483 δυνηθέντων
550 2449 661 2475 ἐκείνων
674 2448 798 2482 ποιῆσαι,
812 2449 835 2473 εί
847 2448 893 2474 καὶ

105 2495 161 2520 ὑπὶ
178 2494 243 2520 Θεοῦ
259 2494 407 2529 βοηίὶοἰνῖο.
436 2494 516 2520 Ἀλλὰ
540 2493 620 2520 τοῦτο
647 2493 752 2528 φανερὰ
773 2494 895 2528 βλασφη-

108 2539 160 2572 μία
176 2540 243 2565 ἐστί.

146 2585 213 2618 Περὶ
231 2585 259 2610 δὲ
275 2584 329 2610 τῶν
342 2583 512 2618 Χριστιανῶν
537 2592 628 2619 φηςιν,
647 2585 682 2615 ὡς
704 2583 827 2610 διδόντων
857 2584 895 2618 τῷ

105 2629 170 2664 Θεῷ
189 2631 326 2656 κοινωνὸν·
345 2629 359 2656 ὃ
370 2630 494 2664 φανερῶς
509 2631 566 2656 ἐστι
581 2629 687 2665 ψεῦδος.
701 2629 768 2655 Φασὶ
792 2629 846 2664 γὰρ
871 2630 895 2655 οἱ

104 2674 269 2708 Χριστιανοὶ
284 2675 345 2700 καθ’
363 2674 425 2701 ὅλου
438 2675 485 2700 τοῦ
501 2675 616 2710 κόσμου.
645 2675 685 2701 ὅτι
717 2675 731 2700 ὁ
742 2674 806 2706 Θεός
837 2676 896 2701 ἐστι

105 2720 229 2754 μάλιστα
243 2717 283 2751 εἷς
300 2720 345 2747 καὶ
365 2721 561 2752 ἁπλούστατος.
582 2720 655 2747 Μετὰ
673 2720 760 2747 ταῦτά
775 2728 858 2754 φησιν
869 2721 897 2746 ὲν

102 2764 147 2798 τῷ
186 2765 325 2800 κεφαλαίῳ
366 2765 404 2802 ’εῷ
441 2766 637 2802 Τελτεούμπε,
669 2766 683 2792 ὃ
716 2765 896 2801 ἑρμηνεύεται

102 2809 261 2843 μετάνοια,
272 2810 313 2838 ὃτι
327 2811 352 2838 οί
367 2811 525 2842 Χριστιανοὶ
537 2810 688 2839 θεοποιοῦσι
700 2812 761 2843 τοὺς
787 2812 898 2838 ἐπισκό-

943 2236 1039 2256 ranuin
1058 2229 1129 2255 sicut
1145 2232 1188 2254 est
1204 2226 1267 2253 hoc.
1286 2225 1335 2252 Vel
1358 2225 1440 2260 igitur
1456 2225 1495 2251 sic
1519 2223 1571 2250 hoc
1596 2222 1729 2256 intelligo,

943 2274 1015 2310 quod
1032 2281 1084 2300 non
1102 2276 1232 2307 poterunt
1246 2271 1284 2298 illi
1303 2271 1392 2297 facere
1409 2271 1513 2304 absque
1536 2268 1638 2295 auxilio
1655 2267 1701 2294 Dei
1720 2274 1728 2293 :

942 2319 1049 2354 etquid
1065 2318 1163 2345 mirum
1181 2317 1203 2344 si
1218 2324 1272 2343 non
1295 2320 1423 2350 poterunt
1441 2315 1502 2346 hoc.
1526 2313 1599 2348 quod
1622 2317 1650 2340 et
1673 2312 1730 2346 ipse

944 2372 998 2391 non
1013 2364 1071 2391 sine
1087 2363 1143 2390 Deo
1165 2371 1194 2390 se
1216 2363 1312 2390 fecisse
1339 2361 1423 2388 dicit?
1451 2361 1492 2387 vel
1517 2360 1569 2386 hoc
1597 2358 1729 2393 intellige.

944 2409 1017 2444 quod
1032 2417 1121 2443 neque
1145 2416 1180 2443 po
1195 2409 1298 2435 uissent
1324 2407 1362 2434 illi
1383 2407 1483 2436 lacere.
1518 2405 1625 2433 etiamsi
1644 2412 1659 2431 a
1675 2404 1730 2431 Deo

944 2455 1030 2490 adjuti
1043 2460 1146 2482 essent.
1168 2453 1220 2481 Sed
1236 2456 1288 2481 hoc
1305 2453 1448 2480 manifesta
1466 2452 1632 2487 blasphemia
1647 2455 1699 2478 est.

983 2587 1018 2613 De
1043 2587 1205 2614 Christianis
1222 2593 1313 2614 autem
1339 2588 1415 2620 dicit,
1437 2588 1508 2622 quod
1526 2587 1591 2615 dant
1619 2587 1671 2614 Deo
1688 2594 1732 2613 so-

947 2632 1018 2659 cium
1039 2633 1134 2666 :quod
1159 2633 1332 2660 manifestum
1359 2638 1401 2661 est
1428 2634 1612 2661 mendacium.
1632 2632 1731 2659 Dicunt

946 2678 1020 2704 enim
1035 2677 1182 2704 Christiani
1207 2678 1289 2705 totius
1315 2678 1421 2710 mundi,
1437 2677 1510 2712 quod
1532 2677 1602 2704 Deus
1616 2680 1658 2704 est
1671 2682 1731 2702 ma-

933 2722 1019 2764 ⁸ιίίιηο
1034 2730 1103 2750 unus
1120 2727 1148 2749 et
1174 2723 1404 2757 simplicissimus.
1433 2723 1498 2750 Post
1528 2723 1585 2750 hate
1613 2722 1680 2748 dicit
1703 2721 1732 2748 in

948 2767 1069 2801 capitulo
1086 2767 1257 2803 'lclteumpe,
1274 2769 1345 2803 quod
1359 2769 1553 2803 interpretatur
1569 2767 1730 2801 paenitentia,

948 2812 1021 2844 quod
1035 2811 1184 2840 Christiani
1200 2814 1327 2841 dcilicant
1344 2814 1487 2843 euiscouos
1503 2820 1579 2840 suos.
1594 2817 1621 2839 et
1641 2810 1731 2847 ponti-
