1942 3090
136 140 201 174 1093

697 140 846 172 CONTRA
871 139 1131 171 MAHOMETEM.

1684 140 1751 171 1094

134 207 173 225 νεν
188 200 202 224 ὸ
216 197 332 233 Χριστὸς
347 197 394 223 καὶ
417 196 441 223 οι
459 195 613 223 ἀπόστολοι.
626 196 681 223 Καὶ
699 196 758 228 πῶς
782 195 912 231 ἠδύναντο

971 196 1103 230 quomodo
1118 195 1232 229 apostoﬁ
1245 199 1394 230 potuerunt
1411 195 1537 223 Saraceni
1554 203 1625 226 esse.
1641 200 1669 222 et
1691 196 1753 221 imi-

134 244 157 270 oi
183 243 327 270 ἀπόστολοι
341 240 427 276 ,εἶναι
443 243 625 278 Σαρρακηνοὶ,
653 243 700 270 καὶ
725 243 841 278 μιμηταὶ
865 242 912 268 τοῦ

134 290 289 325 Μαχούμεη
313 285 336 323 ᾧ
360 292 393 315 ἐκ
419 289 566 323 προσώπου
596 288 643 315 τοῦ
672 288 740 315 Θεοῦ
774 288 914 315 ἐντέταλτο

135 335 187 370 (ὡς
203 334 282 364 αὑτός
295 341 378 368 φησιν
393 334 421 360 ὲν
432 333 470 367 τῷ
489 332 652 368 Ἀλκοράνῳ,
665 333 693 359 ὲν
710 332 749 368 τῷ
776 333 915 368 κεφαλαίῳ

138 381 169 415 τῷ
185 379 373 415 Ἑλκανιμὰρ),
383 377 452 406 εἶναι
470 379 654 415 Σαρῤακηνῷ;
671 379 700 405 ’0
715 379 817 414 πρῶτος
827 378 915 405 τοίνυν

136 426 304 462 Σαρῤακηνὸς
315 426 368 452 ἀπὸ
380 425 428 452 τοῦ
441 425 586 460 Μαχοὺμετ
598 425 710 461 ἤρξατο.
729 425 759 452 Οί
773 424 916 452 ἀπόστολοι

135 470 185 505 ἄρα
199 470 260 496 οὔτε
273 470 444 506 Σαρρακηνοὶ
477 466 547 496 εῖναι
570 470 711 505 ἠδύναντο,
741 469 796 496 οὒτ’
811 470 916 496 ἐκείνου

137 516 260 552 μιμηταὶ,
294 513 324 542 οὗ
352 515 503 548 ἑξακοσίοις
531 516 619 542 ἐτεσιν
650 516 796 550 ἡγήσαντο.
826 515 871 545 Ἦ.
893 516 917 541 εἰ

136 561 303 596 Σαρῤακηνοὶ
316 558 386 596 ἦσαν
400 562 510 594 ἐκεῖνοι,
526 561 607 588 αὕτδν
622 561 753 589 ἀδύνατον
765 559 834 588 εἶναι
845 561 920 596 πρῶ-

135 615 186 634 τον.

168 654 235 689 Περὶ
248 654 276 680 δὲ
290 654 343 680 τῶν
361 653 537 689 πατριαρχῶν
563 653 592 679 τὸ
620 653 686 680 αὐτὶ)
712 653 918 689 διισχυρίζεται.

135 700 201 734 Φησὶ
214 700 269 735 γὰρ
287 701 315 726 ἑν
329 699 432 726 πλείοσι
459 701 551 730 τόποις
575 698 623 726 τοῦ
645 699 819 734 ’Δλκοράνου,
837 700 878 726 δτι
906 700 920 726 ὁ

141 746 275 782 Ἀϐραὰμ,
293 746 340 773 καὶ
362 747 376 773 ὁ
394 746 498 780 Ἰσαὰκ,
512 745 560 773 καὶ
584 747 598 772 ὁ
618 745 726 778 Ἰακὼϐ,
755 747 802 773 καὶ
817 746 841 772 οἱ
869 745 921 772 υἱοὶ

135 793 256 824 ἐκείνων,
270 792 444 827 Σαρῤακηνοὶ
457 790 539 828 ἦσαν.
554 792 590 819 Τὸ
605 791 628 818 δ’
639 791 705 818 αὐτό
716 800 783 827 φησι
796 792 843 818 καὶ
857 793 922 826 περὶ

965 245 1069 268 tutores
1090 241 1247 272 Mahomcti.
1264 241 1309 268 cui
1334 249 1366 268 ex
1391 249 1505 276 persona
1523 242 1568 268 Dei
1593 241 1751 268 mandatum

966 291 1007 313 cst
1025 286 1108 322 (sicut
1122 287 1178 321 ipse
1194 287 1261 315 dicit
1282 287 1310 315 in
1326 288 1471 318 Alcorauo,
1491 289 1517 314 in
1536 288 1655 322 capitulo
1671 288 1751 314 Eleu-

965 333 1065 367 minar)
1084 334 1156 368 quod
1175 333 1210 361 sit
1228 334 1285 368 ipse
1310 334 1415 368 primus
1442 333 1613 361 Saraceuus?
1644 333 1753 360 Primus

967 378 1050 413 igitur
1065 379 1272 407 Saracenismus
1286 388 1300 406 a
1320 380 1472 406 Mahometo
1489 380 1600 414 incepit.
1633 380 1754 414 Apostoli

968 424 1052 459 igitur
1066 432 1155 458 neque
1171 424 1299 452 Saraceni
1320 432 1380 452 esse
1397 428 1556 459 potuerunt,
1578 431 1667 458 neque
1682 424 1754 452 illius

969 470 1122 497 imitatores
1151 478 1232 504 quem
1269 471 1406 497 sexcentis
1437 470 1516 496 anuis
1547 474 1754 504 prmecsscruut.

969 516 1017 543 Vel
1037 516 1060 543 si
1085 515 1211 542 Saraceni
1240 519 1319 542 erant
1347 515 1397 548 illi,
1428 515 1596 550 impossibile
1623 521 1665 543 est
1692 523 1755 542 eum

969 562 1052 590 fuisse
1066 563 1184 597 prituum
1201 562 1377 590 Saracenum.

1008 653 1045 680 De
1066 652 1229 688 patriarchis
1252 652 1323 680 idem
1341 652 1448 680 asserit.
1468 653 1536 681 Dicit
1555 654 1626 681 enim
1643 654 1670 681 in
1694 654 1756 689 plu-

971 699 1049 726 ribus
1062 699 1127 726 locis
1141 699 1279 731 Alcorani,
1300 699 1372 734 quod
1387 699 1523 726 Abraham
1537 704 1565 727 et
1580 700 1655 727 Isaac
1670 704 1698 727 et
1711 699 1758 727 Ju-

971 745 1023 772 cob
1040 748 1068 772 et
1088 743 1136 772 lilii
1166 744 1275 772 illorum
1301 746 1429 772 Saraceni
1453 749 1542 774 erant.
1567 745 1639 773 Idem
1665 751 1757 773 autem

972 790 1038 818 dicit
1060 795 1087 818 et
1110 791 1144 818 de
1166 791 1233 824 Noe,
1261 791 1333 826 quod
1357 791 1408 819 fuit
1429 791 1591 820 Saracenus.
1621 791 1654 819 Et
1681 792 1756 827 quod

135 837 179 864 τοῦ
195 837 267 869 Νῶε,
289 839 331 864 ὅτι
357 836 392 873 ἧν
421 838 607 873 Σαῤῥαχηνὺς,
641 837 688 864 καὶ
707 837 747 863 ὅτι
774 836 819 863 διὰ
843 835 917 863 τοῦτο

974 841 1118 872 propterea
1136 836 1269 863 diluvium
1287 837 1363 864 venit
1387 845 1470 872 super
1492 842 1604 870 terram,
1619 837 1682 872 quia
1699 838 1757 873 ipse

135 883 249 918 ἐπῆλθεν
261 884 275 909 ὀ
290 869 533 918 καταπλυσμος-εξς
544 869 592 909 τὸν
601 869 716 917 πόσμον,
730 881 774 909 διὰ
793 882 823 909 τὸ
849 881 917 909 ὲκεῖη

974 869 1140 916 praedicabat
1163 881 1330 914 hominibus,
1352 869 1430 916 quod
1454 882 1551 910 ﬁerent
1575 869 1717 915 Saraceni,
1729 887 1760 911 et

135 937 176 955 νον
190 929 237 956 καὶ
250 929 394 964 παραινεῖν
408 929 470 960 τοὺς
485 928 645 964 ἀνθρώπους
668 928 793 962 γενέσθαι
811 929 918 965 Σαρῤα-

136 976 244 1008 χηνοὺς,
263 975 360 1006 αὐτοὺς
373 974 401 1001 δὲ
416 974 605 1010 ἀπαρνεῖσθαι.
619 974 704 1001 Τοῦτο
722 973 750 1000 δὲ
779 975 917 1007 παντελῶς

135 1021 190 1047 ἔστι
215 1020 324 1055 ψεῦδος.
348 1020 410 1052 Πῶς
427 1020 481 1054 γὰρ
504 1019 619 1055 ἠδύνατο
637 1018 707 1047 εἶναι
732 1020 917 1057 Σαρρακηνδς,

133 1066 161 1098 ὃς
172 1066 348 1102 προηγήσατο
359 1066 407 1093 τοῦ
419 1065 542 1101 Μωάμεθ
574 1066 713 1101 δισχιλίοις
729 1066 916 1099 πεντακοσίοις

134 1113 239 1146 tractv;
264 1112 349 1139 ἔτιδὲ
368 1112 416 1139 καὶ
444 1112 527 1139 αὑτοῦ
543 1111 591 1139 τοῦ
615 1112 764 1147 Μαχούμετ
792 1112 917 1147 λέγοντος

134 1159 228 1186 ἑαυτὸν
238 1158 363 1193 γενέσθαι
376 1158 483 1194 πρῶτον
497 1158 673 1193 Σαῤῥακηνὸν
687 1159 714 1184 εν
739 1157 780 1193 τῷ
810 1158 916 1193 κόσμῳ.

139 1204 280 1231 Ἀδύνατον
289 1203 317 1230 δὲ
329 1203 418 1237 λέγειν
430 1204 477 1230 τὸν
491 1203 552 1230 Νῶε
565 1204 611 1230 καὶ
625 1203 671 1230 τὸν
691 1203 816 1238 Ἀϐραὰμ.
845 1202 916 1231 εῖναι

134 1250 335 1286 Σαρῤακηνοὺς,
344 1249 381 1280 ὡς
393 1249 482 1276 αὐτῶν
490 1251 552 1281 τοὺς
561 1250 615 1284 Σαρ
619 1250 753 1285 ρακηνοὺς
769 1249 916 1284 γεννησάν-

133 1305 196 1323 των.
212 1295 287 1331 Αὕτη
300 1295 354 1330 γὰρ
367 1296 384 1330 ἡ
399 1295 528 1330 ἐξήγησις
542 1295 649 1322 ἐναντία
662 1296 720 1321 sui
735 1295 773 1330 τῷ
788 1295 917 1330 Ἀλκορά-

133 1349 181 1376 νῳ,
197 1340 264 1366 ὅπου
275 1339 384 1373 λέγεται
399 1339 444 1365 τὸν
457 1338 584 1374 ’Δσραὰμ
594 1338 631 1374 μὴ
647 1338 773 1373 γενέσθαι
787 1339 916 1374 Χριστια-

133 1386 187 1419 νὸν,
223 1384 290 1420 μηδὲ
321 1384 456 1418 Ἰουδαῖον,
485 1384 552 1411 ἀλλὰ
585 1384 761 1420 Σαρρακηνὺν
803 1383 914 1420 ἀκριϐῆ.

139 1431 257 1466 ’Δνάγκη
269 1431 311 1464 δὲ,
324 1430 418 1465 ὥσπερ
446 1432 478 1457 ἐκ
494 1430 541 1457 τοῦ
579 1430 705 1466 Ἀϐραὰμ
732 1430 876 1464 γεγόνασιν
890 1430 915 1456 οἱ

134 1477 316 1513 Σαῤῥακηνοὶ,
329 1475 416 1507 οὕτως
425 1476 454 1509 ἐξ
465 1475 546 1502 αὑτοῦ
562 1476 608 1502 καὶ
621 1475 667 1502 τοῦ
676 1476 739 1502 Νῶε
754 1475 778 1502 οι
793 1475 915 1502 Ἰουδαῖοι

134 1524 181 1550 καὶ
192 1524 216 1550 ot
229 1521 389 1557 Χριστιανοὶ
399 1522 594 1556 ἐγεννήθησαν.
610 1521 665 1548 Καὶ
684 1520 762 1547 τοῦτο
783 1521 812 1547 δέ
835 1528 915 1554 φασιν

134 1569 159 1596 οι
173 1568 356 1605 Σαρρακηνοὶ,
372 1567 409 1599 ὡς
423 1568 438 1594 ὸ
458 1567 525 1599 Θεὸς
537 1567 577 1602 τῷ
602 1566 752 1602 Μαχούμετ
782 1565 917 1600 ὑπέσχετο

136 1614 236 1650 μηδένα
261 1613 391 1640 εἰσελθεῖν
418 1614 459 1644 είς
479 1613 526 1640 τὸν
550 1612 714 1647 παράδεισον
744 1611 797 1646 πρὸ
829 1609 920 1637 αὐτοῦ.

134 1661 188 1687 Καὶ
199 1659 267 1696 μετὰ
277 1659 363 1686 ταῦτα
372 1658 500 1686 ἀνέλαϐεν
508 1658 588 1686 αὑτὸν
601 1659 615 1684 ὸ
623 1658 698 1692 Θεὸς,
712 1658 756 1685 καὶ
770 1657 873 1693 ἤγαγεν
885 1656 925 1688 είς

133 1706 179 1733 τὸν
189 1706 361 1742 παράδεισον,
375 1705 422 1732 καὶ
435 1703 505 1732 εἶδεν
518 1704 610 1731 αὐτόθι
622 1704 721 1740 ἄιδρίς
733 1712 762 1730 τε
776 1705 822 1730 καὶ
832 1704 925 1737 γυναί-

133 1760 184 1784 κας
196 1751 305 1784 πολλὰς,
318 1751 366 1778 καὶ
380 1749 452 1784 εἶπε,
467 1750 499 1777 Τί
512 1751 582 1783 ἐστι,
599 1749 700 1784 Rupta;
722 1749 751 1776 '0
778 1750 805 1777 δὲ
819 1750 920 1786 Κύριος

133 1798 200 1832 πρὸς
217 1797 308 1830 αὐτὸν,
325 1797 371 1831 Μὴ
385 1796 529 1831 θαυμάσῃς
541 1803 548 1810 '
566 1795 614 1822 καὶ
627 1791 701 1822 οὗτοι
723 1796 777 1830 γὰρ
804 1796 922 1831 μιμηταί

134 1843 182 1870 σού
197 1842 425 1870 είσιν.Ἀδύνατον
436 1841 464 1868 δὲ
482 1841 603 1877 μιμητὰς
619 1838 688 1868 εἶναι
699 1842 747 1867 τοῦ
760 1841 920 1877 Μαχοὺμετ,

133 1891 158 1915 ει
175 1889 212 1924 μὴ
222 1889 265 1915 διὰ
278 1888 324 1915 τοῦ
336 1887 514 1922 Ἀλκοράνου.
531 1886 612 1914 Ἀλλὰ
624 1885 703 1913 τοῦτο
718 1888 768 1913 οὐκ
788 1884 823 1922 ἦν
852 1887 921 1913 ἀπο-

133 1934 341 1970 κεκαλυμμένον
369 1935 423 1969 πρδ
457 1933 512 1960 τῶν
544 1933 647 1967 χρόνων
676 1932 723 1958 τοῦ
760 1933 920 1968 Μαχούμετ,

132 1979 227 2014 ὥσπερ
238 1981 267 2006 ὲν
287 1979 391 2005 πλείοσι
406 1978 498 2009 τόπος
511 1977 594 2004 αὐτοῦ
619 1977 787 2012 περιέχεται,
801 1978 848 2005 καὶ
866 1978 920 2013 μάο

132 2024 211 2050 λιστα
221 2024 249 2050 ὲν
261 2023 295 2058 τῇ
306 2023 388 2058 ἀρχῇ.
399 2022 499 2048 Τούτου
513 2021 541 2048 δὲ
555 2021 602 2048 τοῦ
614 2021 771 2056 πλάσματος
781 2021 811 2048 τὸ
822 2022 920 2056 ψεῦδος

133 2070 189 2100 πᾶς
212 2068 274 2095 νοῦν
296 2068 366 2102 ἔχων
392 2067 503 2094 δύναται
535 2066 713 2100 κατανοῆσαι,
725 2067 771 2093 καὶ
785 2066 828 2093 διὰ
841 2066 919 2093 τοῦτο

133 2115 164 2141 ἑν
174 2115 228 2146 τοῖς
246 2113 375 2144 τοιούτοις
389 2112 537 2148 διατριὸειν
553 2112 583 2138 οὐ
601 2112 651 2138 δεῖ.
797 2108 801 2110 ’

170 2160 236 2194 Περὶ
250 2159 279 2186 δὲ
293 2159 347 2186 τῶν
360 2159 492 2194 δαιμόνων
514 2158 597 2184 Ιδικὸν
615 2167 642 2185 τι
663 2158 810 2192 κεφάλαιον
828 2159 857 2185 ὲν
879 2158 918 2194 τῷ

969 926 1024 961 ipsi
1040 931 1202 954 reuuerunt.
1215 927 1272 954 lloc
1286 931 1377 954 autem
1393 927 1506 955 omnino
1519 933 1561 955 est
1572 927 1755 955 mendacium.

970 972 1113 1006 Quomodo
1132 973 1206 1000 enim
1230 973 1321 1008 potuit
1345 973 1403 1001 Noe
1430 979 1491 1001 esse
1520 973 1683 1005 Sarni-enus,
1709 974 1757 1008 qui

970 1019 1112 1054 praecessit
1126 1019 1309 1046 Maltomclum
1326 1019 1434 1047 duobus
1454 1019 1575 1046 millibus
1600 1019 1758 1054 quingentis

969 1065 1049 1092 annis
1066 1065 1159 1092 ?ltem
1185 1070 1213 1093 et
1237 1065 1296 1100 ipse
1328 1064 1497 1092 Mahometus
1524 1063 1604 1096 dicit,
1637 1065 1756 1098 scipsum

971 1110 1056 1138 fuisse
1075 1111 1193 1146 primum
1217 1111 1382 1138 Saracenum
1402 1111 1430 1138 in
1453 1111 1567 1139 mundo.
1588 1110 1757 1145 lmpossibile

968 1161 1060 1185 autem
1075 1162 1128 1190 est,
1145 1157 1247 1190 dicere,
1257 1157 1313 1185 Noe
1328 1161 1355 1184 tt
1369 1156 1506 1184 Abraham
1521 1164 1581 1184 esse
1594 1156 1756 1187 Saracenos.

968 1202 1042 1238 quod
1057 1203 1108 1237 ipsi
1123 1204 1276 1230 Saracenos
1289 1202 1458 1238 genuissent.
1472 1201 1533 1229 [late
1548 1201 1621 1229 enim
1647 1202 1758 1235 exposi-

968 1249 1010 1276 tio
1023 1247 1161 1275 contraria
1179 1251 1221 1274 est
1239 1247 1386 1278 Alcorano,
1408 1247 1455 1273 ubi
1479 1246 1582 1274 dicitur
1598 1255 1605 1272 :
1620 1246 1757 1273 Abtaham

968 1302 1023 1322 non
1036 1294 1119 1321 fuisse
1131 1293 1330 1324 Christianum,
1345 1299 1434 1327 neque
1444 1292 1579 1325 Iud-xum,
1595 1292 1642 1320 sed
1658 1300 1758 1327 purum

967 1340 1144 1368 Saracenum.
1161 1340 1277 1368 Necesse
1293 1339 1386 1375 igitur,
1405 1339 1477 1366 sicut
1492 1347 1525 1366 ex
1540 1338 1676 1366 Abraham
1698 1342 1758 1369 nati

967 1392 1032 1415 sunt
1057 1386 1196 1418 Saraceni.
1220 1387 1260 1414 sic
1276 1394 1308 1413 ex
1327 1394 1359 1414 eo
1385 1391 1413 1412 et
1439 1385 1495 1413 Noe
1518 1384 1605 1413 Judaei
1633 1390 1661 1412 et
1676 1384 1756 1412 Chri-

967 1433 1051 1462 stiani
1075 1433 1130 1459 nati
1153 1436 1226 1459 sunt.
1251 1432 1284 1458 Et
1300 1432 1397 1459 dicunt
1415 1431 1498 1458 etiam
1523 1430 1664 1461 Saraceni,
1681 1430 1755 1465 quod

966 1480 1040 1507 Deus
1054 1478 1181 1514 promisit
1200 1477 1365 1509 llahometo,
1382 1482 1411 1504 ut
1425 1477 1516 1504 nullus
1532 1477 1649 1504 introeat
1665 1477 1692 1504 in
1710 1484 1757 1511 pa-

969 1525 1089 1552 radisum
1107 1529 1171 1551 ante
1194 1530 1270 1550 eum.
1298 1523 1332 1550 Et
1354 1526 1416 1557 post
1440 1522 1498 1549 haec
1526 1521 1675 1556 assumpsit
1695 1529 1758 1548 eum

977 1570 1058 1603 Deus,
1073 1574 1101 1597 et
1125 1569 1202 1597 duxit
1222 1569 1249 1596 in
1262 1569 1428 1604 paradisum.
1446 1567 1479 1595 Et
1491 1567 1559 1595 vidit
1573 1567 1628 1594 illic
1641 1567 1714 1594 \‘iros
1731 1571 1759 1594 et

976 1617 1106 1644 mulieres
1132 1616 1243 1649 multas,
1271 1621 1300 1643 et
1327 1615 1395 1642 dixit
1416 1624 1423 1641 :
1441 1614 1512 1648 Quid
1539 1618 1591 1646 est,
1625 1614 1759 1641 Domine?

977 1663 1106 1691 Dominus
1121 1667 1212 1690 autent
1232 1661 1303 1689 dixit
1319 1661 1351 1688 ad
1368 1668 1431 1689 eum
1456 1670 1463 1688 ι
1481 1661 1521 1688 Ne
1542 1660 1661 1695 mireris,
1684 1665 1712 1687 rt
1729 1660 1757 1686 hi

974 1710 1047 1736 enim
1064 1709 1216 1736 imitatores
1236 1707 1274 1734 tui
1301 1711 1374 1735 sunt.
1399 1706 1555 1734 Imitatores
1578 1713 1668 1734 autem
1696 1713 1757 1732 csse

973 1753 1120 1781 Mahometi
1146 1752 1328 1789 impossibile,
1353 1751 1407 1779 nisi
1428 1759 1477 1787 per
1500 1752 1680 1784 Alcoranum;
1709 1750 1756 1778 sed

973 1799 1026 1826 hoc
1045 1805 1101 1825 non
1127 1797 1178 1825 fuit
1195 1797 1345 1825 revelatum
1369 1801 1432 1824 ante
1450 1800 1571 1830 tempora
1599 1793 1756 1825 llahometi,

972 1843 1044 1871 sicut
1058 1842 1085 1869 in
1102 1841 1227 1877 pluribus
1243 1841 1301 1876 ejus
1317 1841 1385 1868 locis
1399 1840 1566 1873 continetur,
1589 1844 1617 1866 et
1639 1839 1757 1866 maxime

971 1888 1000 1916 in
1023 1887 1170 1923 principio.
1191 1887 1278 1922 Hujus
1305 1891 1397 1914 autent
1429 1886 1550 1921 ﬁgmenti
1582 1885 1756 1913 mendacium

971 1935 1131 1970 quicunque
1156 1933 1325 1962 intellectum
1351 1932 1444 1964 habet,
1463 1937 1553 1966 potest
1571 1931 1640 1959 bene
1665 1930 1757 1958 consi-

971 1980 1079 2014 derare,
1094 1985 1123 2007 et
1138 1984 1250 2015 propter
1262 1978 1314 2006 hoc
1328 1978 1356 2005 in
1371 1977 1471 2006 talibus
1485 1977 1590 2005 versari
1605 1984 1660 2004 non
1675 1985 1757 2012 opor-

970 2030 1020 2054 tet.

1004 2167 1042 2195 De
1058 2166 1228 2194 dmmonmus
1241 2172 1332 2195 autem
1348 2167 1466 2202 speciale
1484 2167 1621 2203 quoddam
1651 2167 1757 2202 capitu-

132 2205 292 2241 Ἀλκοράνῳ
309 2206 394 2237 ἐστὶν,
410 2206 476 2231 ὅπου
489 2204 637 2240 διαρρήδην
665 2204 784 2238 λέγεται,
802 2204 839 2236 ὡς
863 2204 917 2231 δαι-

971 2212 1026 2240 lum
1042 2213 1070 2240 in
1087 2213 1222 2240 Alcorano
1237 2217 1289 2246 est,
1310 2213 1357 2240 ubi
1376 2213 1465 2248 palam
1481 2213 1591 2245 dicitur,
1604 2214 1677 2248 quod
1702 2214 1757 2241 dte-

133 2253 225 2285 μόνων
252 2250 354 2286 πλῆθος
379 2250 458 2283 πολὺ,
489 2250 656 2281 ἀκούσαντες
687 2250 720 2276 τὸ
745 2250 917 2285 ’Λλκοράνον,

132 2298 284 2333 ἐχάρησαν,
297 2297 344 2323 καὶ
358 2296 554 2331 ἐμαρτύρησαν
568 2296 606 2327 ὡς
618 2295 748 2330 ἠδύναντο
762 2295 806 2322 διὰ
823 2294 918 2322 τούτου

134 2343 267 2378 σωθῆναι.
292 2343 417 2370 Ἀνείπον
442 2343 470 2369 δὲ
496 2343 543 2369 καὶ
572 2343 684 2373 ἑαυτοὺς
712 2342 916 2378 Σαρρακηνοὺς,

131 2391 183 2416 καὶ
197 2390 348 2426 ἐσώθησαν.
365 2389 450 2416 Τοῦτο
467 2389 496 2415 δὲ
509 2390 570 2415 ὅσον
585 2388 706 2423 περιέχει
735 2388 844 2423 ψεῦδος,
868 2389 918 2414 οὐκ

130 2438 283 2471 ἀναγκαῖον
298 2436 490 2472 ἐπιχειρήματι
504 2444 556 2463 τινι
580 2435 799 2462 ἀποδείκνυσθαι.

170 2525 239 2560 Περὶ
254 2525 282 2552 δὲ
292 2525 346 2552 τῶν
362 2526 485 2559 ἀγγέλων
498 2525 589 2560 φησὶν,
600 2524 638 2556 ὡς
661 2525 760 2557 πάντες
786 2525 919 2560 προσεκύ-

130 2577 220 2604 νησαν
249 2570 288 2604 τῷ
301 2569 398 2604 Ἀδὰμ,
416 2570 486 2604 πλὴν
516 2569 563 2595 τοῦ
591 2569 725 2596 διαϐόλου.
751 2570 812 2596 Ἔτι
835 2570 917 2604 φησιν

131 2615 277 2647 αὺτδ;,ὼς
300 2615 345 2642 ὅτε
374 2616 442 2651 πρὸς
475 2616 520 2642 τδν
551 2616 616 2642 Θεὸν
642 2616 748 2651 ἀπῆλθε
777 2617 846 2651 μετὰ
869 2616 916 2643 τοῦ

130 2662 266 2698 Γαϐριὴλ,
279 2661 348 2690 εῐδιν
365 2664 394 2689 ὲν
408 2663 447 2697 τῷ
461 2662 568 2698 οὐρανῷ
581 2663 694 2697 ἄγγελον
711 2663 760 2689 ἕνα
788 2663 917 2697 μυριάκις

129 2708 246 2742 μείζονα
259 2709 306 2735 τοῦ
320 2709 423 2743 κόσμου
439 2709 549 2740 παντὸς,
573 2708 722 2743 θρηνοῦντα
747 2709 795 2739 τὰς
819 2707 915 2733 ἑαυτοῦ

127 2755 279 2790 ἁμαρτίας,
292 2753 313 2789 ᾧ
330 2755 496 2790 συγγνώμην
511 2755 564 2788 ίδίᾳ.
578 2754 669 2790 δεήσει
685 2755 765 2786 αὐτὸς
786 2755 918 2791 ἐξῃτήσα-

124 2809 173 2828 το.
191 2801 244 2828 Καὶ
259 2802 344 2829 πολλὰ
358 2802 424 2829 ἄλλα
439 2802 609 2836 ψευδέστατά
622 2810 697 2838 φησι,
717 2803 780 2836 περὶ
792 2800 829 2829 ὦν
846 2803 916 2833 διεξ-

124 2848 292 2883 οδικώτερον
311 2849 545 2884 ὲπεξελευσόμεῠα
557 2849 624 2884 πρὸς
643 2848 680 2884 τῷ
696 2849 765 2876 τέλει
779 2850 827 2885 τῆς
846 2858 916 2884 παρ-

969 2266 1081 2286 tuonum
1098 2259 1246 2286 multitudo
1261 2259 1346 2286 multa
1362 2259 1505 2287 audientes
1521 2260 1698 2291 Alcoranum,
1710 2267 1756 2295 ειη

970 2305 1019 2332 visi
1033 2309 1109 2337 sunt,
1125 2308 1153 2332 et
1167 2304 1258 2332 testati
1274 2309 1348 2337 sunt,
1368 2304 1441 2340 quod
1456 2312 1505 2340 per
1519 2305 1607 2339 ipsunt
1628 2309 1755 2340 poterant

968 2350 1079 2377 salvari.
1097 2350 1231 2377 Dixerunt
1250 2355 1341 2377 autem
1356 2353 1383 2377 et
1405 2349 1513 2384 seipsos
1538 2350 1701 2382 Saracenos.
1726 2355 1755 2378 et

969 2395 1064 2424 salvati
1081 2400 1154 2423 sunt.
1172 2396 1229 2423 Hoc
1241 2399 1331 2423 autem
1347 2400 1478 2430 quantum
1499 2396 1673 2423 mendacium
1688 2404 1754 2424 con~

969 2440 1048 2472 tinet,
1067 2447 1119 2467 non
1145 2443 1188 2468 est
1214 2440 1400 2467 necessarium
1422 2441 1660 2476 argumentatione
1686 2448 1755 2476 qua-

944 2517 947 2519 _
968 2487 1030 2514 dam
1050 2485 1243 2512 demonstrari.

1003 2531 1040 2559 De
1056 2531 1159 2566 angelis
1172 2535 1261 2558 autem
1274 2530 1350 2563 dicit,
1368 2530 1441 2566 quod
1461 2538 1555 2559 omnes
1569 2531 1754 2560 adoraverunt

968 2577 1064 2608 Adam,
1092 2580 1189 2610 printer
1217 2577 1367 2604 diabolum.
1393 2577 1460 2604 item
1484 2577 1550 2604 dicit
1581 2577 1649 2612 ipse,
1677 2577 1751 2612 quod

967 2622 1078 2657 quando
1094 2622 1127 2648 ad
1140 2623 1224 2649 Deum
1240 2623 1315 2649 venit
1330 2630 1392 2649 cum
1404 2622 1541 2653 Gabriele,
1554 2623 1623 2650 vidit
1639 2623 1665 2649 in
1680 2623 1751 2650 caelo

968 2668 1094 2703 angelum
1113 2676 1196 2695 unum
1217 2668 1264 2703 qui
1291 2669 1499 2704 niillies.tuajor
1513 2672 1573 2695 erat
1594 2667 1706 2701 mundo,
1722 2672 1752 2696 et

967 2713 1051 2740 ﬂebat
1070 2714 1110 2740 sui
1132 2714 1216 2748 ipsius
1232 2719 1352 2748 peccata.
1371 2714 1404 2740 Et
1424 2714 1481 2748 ipse
1500 2714 1606 2741 veniant
1619 2713 1675 2740 suis
1685 2721 1749 2748 pre-

967 2758 1043 2785 cibus
1063 2759 1114 2784 sibi
1136 2760 1301 2793 impetravit.
1319 2759 1352 2786 Et
1368 2759 1452 2785 multa
1471 2759 1523 2785 alia
1540 2758 1683 2786 ialsissima
1706 2757 1750 2785 di-

968 2804 1015 2834 ιίι,
1031 2804 1063 2831 de
1081 2805 1180 2839 quibus
1199 2805 1280 2832 latius
1294 2805 1467 2832 narrabimus
1491 2805 1517 2831 in
1540 2804 1593 2831 fine
1608 2803 1751 2839 pmsentis

968 2858 1067 2884 Ullcl‘lS,
1086 2859 1147 2878 cum
1168 2851 1290 2879 dicemus
1311 2850 1443 2878 visionem
1471 2850 1592 2877 maximae
1620 2849 1749 2882 ﬁctiouis,
