1942 3090
203 137 269 170 1t95

834 134 1024 166 DEMETRII
1044 134 1200 167 CYDONII

1757 120 1827 167 1096

200 202 281 229 quam
296 195 416 230 seipsum
435 194 537 222 vidisse
564 194 671 221 asserit.
689 194 756 221 item
780 195 871 229 palam
896 193 988 221 dicere

1042 195 1122 228 οὔσης
1136 191 1341 228 πραγματείας,
1356 192 1420 219 ὅταν
1433 191 1498 228 περὶ
1508 192 1557 226 τῆς
1580 192 1695 226 μάλιστα
1719 195 1827 219 πεπλα-

201 241 307 268 vidctur
322 241 356 267 de
372 241 486 275 angelis,
503 241 575 275 quod
591 245 654 268 sunt
669 240 806 275 corporei.
823 240 895 267 Dicit
913 240 986 267 enim

202 285 227 311 in
243 285 362 319 capitulo
383 285 449 318 Sad,
471 286 497 312 in
522 285 646 319 pluribus
666 286 744 317 locis,
759 285 832 320 quod
851 285 938 320 angeli
953 293 988 312 ex

179 330 187 334 ⁴
203 330 265 364 igne
283 331 368 357 creati
393 335 467 362 sunt,
486 331 611 358 homines
633 335 724 358 autem
756 338 789 357 ex
817 336 898 358 terra.
917 331 989 358 Dicit

202 376 274 401 enim
294 376 319 401 in
344 375 404 402 aliis
424 375 500 407 locis,
515 376 588 410 quod
612 380 675 403 sunt
699 377 788 411 magni
805 375 902 411 spatio,
918 375 988 402 sicut

202 421 227 447 in
244 421 421 455 sequentibus
436 421 554 448 dicetur.

238 555 274 581 De.
292 553 402 588 Virgine
425 558 516 581 autem
536 553 620 581 Maria
639 554 705 581 dicit
725 554 811 588 palam
826 555 853 581 in
869 555 989 590 capitulo

202 600 349 630 Abraham,
364 598 440 633 quod
459 600 518 634 ipsa
543 599 595 626 fuit
614 599 668 626 lilia
684 599 834 632 Abraham,
849 599 988 627 Abraham

205 650 296 673 autem
314 649 390 679 pater
408 645 459 672 fuit
474 644 558 679 Moysi
577 649 603 671 et
626 645 728 672 Aaron.
752 644 782 672 In
807 645 926 679 capitulo
940 653 989 672 au-

202 696 257 718 tem
281 691 406 722 ltlariem,
425 691 498 725 quod
518 690 714 725 interpretatur
732 690 828 722 Maria,
845 691 933 726 palam
949 690 990 718 di—

202 738 283 768 citur,
311 736 383 770 quod
400 736 483 763 Maria
500 740 586 762 mater
599 735 702 763 Christi
719 743 797 763 soror
817 736 868 763 fuit
886 736 988 770 Aaron,

202 788 229 810 et
255 782 327 817 quod
343 783 446 815 Moyses
458 787 485 808 et
504 781 593 808 Aaron
610 781 766 809 habuerunt
779 782 925 817 quamdam
947 791 990 810 so-

203 836 295 854 rorem
319 835 378 862 qua:
404 827 487 854 Maria
513 827 711 861 appellabatur,
739 831 766 854 ct
792 827 864 862 quod
885 827 913 854 hi
933 833 989 856 tres

1040 239 1142 273 σμένης
1154 238 1269 274 θεωρίας
1285 237 1483 273 διαλεγώμεθα,
1493 238 1525 272 ἢν
1541 238 1635 264 ἑαυτὸν
1653 237 1717 264 ίῖεῑν
1725 238 1828 272 διισχυ-

1041 284 1155 318 ρίζεται.
1178 285 1239 311 Ἔτι
1256 282 1404 320 διαρρήδην
1416 285 1504 318 λέγειν
1525 284 1599 310 δοκεῖ
1619 284 1752 319 περὶτῶν
1777 285 1842 321 ἀγγ

1039 330 1135 364 γέλων.
1149 331 1189 357 ὅτι
1204 330 1257 356 είσὶ
1271 331 1431 364 σωματικοί.
1446 330 1514 364 Φησὶ
1528 330 1583 364 γὰρ
1593 329 1669 363 ἐντῷ
1685 329 1826 363 κεφαλαίῳ

1039 375 1077 410 τῷ
1104 375 1158 402 Σάδ
1181 376 1209 402 ὲν
1227 376 1330 401 πλείοσι
1355 375 1459 406 ¹ιότιοις,
1472 375 1511 401 ὅτι
1526 376 1550 400 oi
1563 374 1673 408 ἄγγελοι
1687 375 1718 400 ἐκ
1740 376 1826 408 scopa;

1040 420 1304 455 ἐδημιουργήθησαν,
1316 420 1341 445 οἱ
1355 419 1382 445 δὲ
1397 419 1534 453 ἅνθρωποι
1558 420 1589 445 ὲκ
1603 419 1674 453 χοὸς.
1689 419 1759 452 Φησὶ
1774 419 1827 452 γαρ

1040 467 1068 491 ὲν
1080 465 1183 500 ἑτέροις
1201 465 1303 497 τόποις,
1315 466 1355 491 ὅτι
1371 465 1424 491 εἰσὶ
1435 465 1550 499 μεγάλοι
1571 466 1603 499 τῇ
1626 464 1778 495 διαστάσει,
1791 464 1828 494 ὡς

1039 511 1069 536 ἑν
1081 511 1136 542 τοῖς
1152 511 1294 545 ἑπομένοις
1319 511 1472 545 εἰρήσεται.

1076 557 1143 591 Περὶ
1157 557 1185 583 δὲ
1201 557 1250 591 τῆς
1267 556 1407 592 Παρθένου
1443 556 1554 591 Μαρίας
1584 556 1651 590 φησὶ
1677 557 1828 591 διαρρήδην

1040 603 1069 628 ὲν
1083 602 1121 636 τῷ
1136 602 1275 637 κεφαλαίῳ
1288 602 1325 636 τῷ
1344 602 1470 637 Ἀμρὰμ·
1484 603 1498 628 ὁ
1513 602 1541 628 δὲ
1560 602 1671 638 Ἀμρὰμ
1685 603 1781 638 πατὴρ
1794 601 1828 637 ἦν

1040 647 1086 675 τοῦ
1103 649 1225 679 Μωσέως
1255 649 1301 675 καὶ
1320 649 1437 684 Ἀαρών.
1452 649 1498 675 Ἐν
1524 648 1553 676 δὲ
1566 649 1604 683 τῷ
1619 649 1761 683 κεφαλαίῳ
1790 649 1829 683 τῷ

1041 694 1162 729 Μαριὲμ.
1176 694 1191 720 ὃ
1205 694 1388 729 ἑρμηνεύεται
1405 695 1513 728 Μαρία,
1527 694 1675 730 διαρρήδην
1700 695 1782 729 φησὶ,
1792 695 1830 726 ὡς

1041 740 1057 774 ἡ
1083 738 1130 764 τοῦ
1155 738 1273 773 Χριστοῦ
1301 738 1392 773 μήτηρ
1419 739 1511 773 Μαρία
1526 738 1628 773 ἀδελφὴ
1653 736 1829 773 ἦν’Δαρών·

1041 784 1087 811 καὶ
1099 784 1139 811 ὅτι
1153 784 1202 819 μὲν
1220 784 1340 818 Μωῡσῆς
1355 785 1400 811 καὶ
1414 784 1519 819 Ἀαρὼν
1535 785 1614 819 ἔσχον
1628 786 1689 811 τινὰ
1706 784 1829 818 ἀδελφὴν

1040 830 1189 865 λεγομένην
1200 830 1320 865 Μαρίαν,
1337 830 1383 856 καὶ
1396 831 1436 857 ὅτι
1453 831 1478 857 οἱ
1492 832 1564 863 τρεῖς
1580 827 1653 857 οὗτοι
1681 828 1755 866 ἦσαν
1775 831 1830 856 υἱοὶ

202 878 279 900 erant
295 873 342 899 lilii
366 872 514 904 Abraham,
530 871 602 906 quod
619 872 792 899 manifestum
801 861 852 900 icst
870 872 895 899 in
912 877 989 911 sexto

1042 861 1086 902 τοθ
1105 861 1227 911 ham-adp,
1241 861 1319 910 όῆλον
1333 877 1363 902 ὲν
1377 875 1416 911 τῷ
1425 876 1495 911 ἒκτῳ
1503 861 1560 903 τῶν
1569 861 1830 911 Παραλειείτομένων.

201 918 443 952 Paralipomenon.
462 917 515 945 Sed
532 919 603 944 inter
619 918 690 945 hanc
705 916 815 945 blariam
834 924 862 945 et
881 918 987 945 beatam

202 965 336 998 virginem
358 963 482 996 Mariam,
506 969 619 990 matrem
643 963 706 990 Jesu
724 963 825 991 Christi
847 964 907 991 Filii
930 965 987 996 Dii,

203 1009 279 1036 mille
295 1009 438 1043 quingenti
455 1008 519 1035 anni
547 1008 735 1036 intercessere.
763 1009 796 1036 Et
822 1010 907 1044 prima
929 1009 990 1044 qui-

202 1055 264 1080 dem
282 1053 369 1080 Maria
396 1053 422 1080 in
449 1061 541 1081 eremo
565 1059 671 1081 mortua
690 1060 741 1087 est,
758 1055 867 1089 quando
884 1055 989 1090 Moyses

203 1098 280 1124 duxit
299 1105 347 1130 per
361 1105 486 1125 eremum
515 1097 586 1124 ﬁlios
606 1098 685 1125 lsrael
706 1099 739 1126 ad
755 1104 855 1126 terram
872 1100 990 1134 promis-

203 1143 297 1170 siunis.
321 1143 401 1170 Tunc
423 1149 514 1171 autem
541 1151 629 1178 neque
654 1145 740 1172 Roma
764 1145 895 1173 ardiﬁcata
918 1151 989 1179 erat,

203 1188 250 1214 sed
267 1193 326 1222 post
352 1188 410 1215 haec
426 1189 538 1216 fundata
559 1189 651 1217 fuitin
670 1190 841 1225 temporibus
865 1191 989 1219 Ezechia:

204 1233 275 1268 regis
302 1233 390 1266 ludat,
417 1234 464 1268 qui
489 1235 540 1262 fuit
566 1239 628 1269 post
651 1236 838 1271 septingentos
854 1242 882 1264 et
898 1238 990 1272 plures

204 1286 302 1305 annos.
318 1279 397 1306 Jesus
413 1284 505 1307 autent
523 1280 648 1308 Christus
660 1286 722 1316 post
735 1282 879 1310 Ezechiam
898 1291 989 1319 regem

204 1328 283 1348 natus
299 1328 342 1349 est
359 1331 392 1349 ex
408 1324 518 1358 Virgine
534 1325 628 1357 Maria,
648 1327 756 1360 genitus
777 1327 804 1354 in
821 1329 990 1363 temporibus

204 1366 347 1394 Oclariani
370 1367 554 1403 imperatoris,
576 1375 638 1404 post
651 1372 838 1407 septingentos
857 1378 883 1401 et
898 1374 989 1408 plures

204 1420 292 1438 annos
320 1413 354 1439 ab
396 1414 523 1447 Ezechia,
555 1423 610 1448 quo
637 1421 759 1451 tempore
786 1418 842 1452 jam
873 1419 989 1447 Romani

205 1457 300 1483 mundi
319 1459 505 1485 monarchiam
521 1461 660 1493 tenebant,
676 1467 703 1489 et
717 1463 854 1491 miserunt
869 1473 946 1500 reges
962 1467 988 1493 in

1039 920 1121 948 Ἀλλὰ
1137 922 1246 955 μεταζὺι
1262 921 1364 956 ταύτης
1376 930 1405 948 τε
1425 921 1474 956 τῆς
1487 922 1596 956 Μαρίας
1607 923 1654 948 καὶ
1671 922 1721 956 τῆς
1739 931 1831 956 μακα-

1040 968 1100 1002 ρίας
1131 968 1269 1002 Παρθένου
1302 970 1351 1003 τῆς
1381 967 1500 1002 Μαρίας,
1523 968 1573 1002 τῆς
1605 968 1708 1003 μητρὸς
1737 968 1831 1004 Ἰησοῦ

1040 1011 1157 1046 Χριστοῦ
1175 1012 1240 1038 Υἱοῦ
1257 1012 1303 1038 τοῦ
1315 1012 1394 1044 Θεοῦ,
1409 1013 1480 1047 χίλια
1507 1013 1674 1039 πεντακόσια
1705 1012 1754 1048 ἔτη
1785 1014 1832 1048 ὲρ-

1041 1057 1154 1092 ρύησαν.
1183 1058 1238 1085 Καὶ
1263 1058 1346 1092 ἠμὲν
1377 1058 1472 1092 πρώτη
1497 1058 1591 1093 Μαρία
1620 1059 1695 1092 ὲντῇ
1730 1059 1832 1094 ἐρήμῳ

1039 1104 1240 1136 ἁπέθανεν,ὃτε
1257 1105 1270 1130 ὁ
1291 1102 1470 1140 Μωῦσῆςῆγε
1497 1104 1541 1131 διὰ
1568 1104 1619 1138 τῆς
1651 1105 1758 1140 ἐρήμου
1785 1106 1832 1132 ἐπὶ

1039 1150 1088 1185 τὴν
1101 1151 1153 1185 γῆν
1169 1149 1219 1184 τῆς
1236 1149 1401 1183 ἐπαγγελίας
1418 1151 1481 1181 τοὺς
1506 1150 1581 1181 υἱοὺς
1607 1150 1730 1185 Ἰσραήλ.
1762 1150 1831 1177 Τότε

1039 1195 1067 1221 δὲ
1085 1195 1139 1222 οὐδ’
1155 1196 1172 1230 ὴ
1191 1195 1286 1230 Ῥώμη
1311 1193 1345 1230 ἦν
1374 1195 1582 1230 ᾠκοδομημένη,
1602 1195 1619 1230 ἣ
1648 1195 1717 1230 μετὰ
1742 1195 1831 1222 ταῦτα

1039 1242 1220 1276 τεθεμελίωτο
1243 1243 1289 1268 ἐπὶ
1319 1241 1372 1268 τῶν
1401 1242 1503 1276 χρόνων
1533 1242 1654 1268 Ἐζεκίου
1696 1242 1830 1283 βασιλέως

1040 1285 1136 1318 Ἰούδα,
1152 1286 1181 1318 ὅς
1197 1287 1294 1320 γέγονε
1319 1287 1389 1321 μετὰ
1421 1288 1570 1315 ἑπτακόσια
1593 1289 1641 1324 ἔτη
1659 1290 1707 1317 καὶ
1729 1290 1832 1328 πλείω..

1046 1331 1076 1358 '0
1089 1332 1117 1358 δὲ
1137 1332 1254 1367 Χριστὸς
1281 1332 1385 1367 Ἰησοῦς
1413 1333 1482 1368 μετὰ
1507 1334 1631 1366 Ἐζεκίαν
1659 1335 1755 1369 γέγονε
1782 1335 1829 1362 τὸν

1041 1377 1163 1413 βασιλέα,
1192 1379 1332 1413 γεννηθεὶς
1346 1380 1378 1405 ὲκ
1406 1380 1455 1414 τῆς
1483 1380 1621 1416 Παρθένου
1644 1382 1757 1417 Magia;
1783 1383 1830 1409 ἐπὶ

1039 1424 1094 1451 τῶν
1108 1425 1211 1460 χρόνων
1235 1424 1365 1460 βασιλέως
1380 1424 1568 1458 Ὀκταειανοῦ,
1584 1427 1653 1461 μετὰ
1675 1428 1830 1455 ἑπτακόσια

1041 1470 1087 1504 ἔτη
1100 1471 1146 1496 καὶ
1173 1470 1258 1496 πλείω
1285 1471 1338 1497 ἀπὸ
1373 1471 1507 1504 Ἐζεκίου,
1532 1472 1576 1506 ἐφ’
1592 1469 1623 1499 οὗ
1650 1473 1746 1508 χρόνου
1778 1475 1829 1510 ἤδη

204 1501 335 1529 Ιιιάωειῐη.
350 1501 428 1531 Unde
443 1507 470 1531 et
487 1504 572 1532 Judaei
595 1507 685 1533 testati
711 1513 784 1539 sunt.
805 1517 833 1536 se
861 1517 914 1536 non
942 1511 990 1538 ha-

1042 1501 1113 1550 εἷχον
1126 1515 1173 1551 τὴν
1185 1515 1231 1542 τοῦ
1255 1516 1358 1549 κόσμου
1388 1501 1538 1552 μοναρχίαν
1552 1501 1576 1544 ἐι
1610 1501 1754 1552 Ῥωμαῖοι,
1781 1501 1831 1547 καί

205 1547 271 1574 bere
302 1556 405 1583 regem.
432 1550 483 1576 nisi
503 1550 648 1579 Cwsarem.
678 1552 709 1579 Et
730 1558 792 1580 nota
821 1555 904 1588 quod,
921 1555 991 1582 sicut

205 1594 271 1620 dicit
288 1594 455 1629 Augustinus
475 1595 524 1631 (l),
539 1597 623 1624 ltoma
636 1597 746 1625 fundata
764 1603 805 1627 est
822 1600 848 1627 in
863 1602 993 1636 tempori-

207 1638 259 1666 bus
272 1639 373 1672 Achaz,
390 1641 432 1667 vel
445 1642 594 1669 secundum
613 1645 745 1677 quosdam
764 1645 843 1678 alios,
858 1647 991 1675 Ezechiae.

208 1685 243 1711 Et
261 1689 326 1712 tunc
343 1685 485 1714 habitabat
501 1688 619 1722 populus
640 1689 724 1717 Israel
745 1689 772 1717 in
788 1694 861 1719 terra
876 1692 992 1727 promis-

205 1731 302 1761 sionis,
318 1731 389 1764 quod
409 1731 461 1759 fuit
479 1734 650 1769 septuaginta
667 1735 788 1770 quinque
804 1737 882 1764 anuis
896 1746 903 1764 :
925 1745 993 1772 quo-

207 1783 266 1802 rum
289 1777 384 1810 viginti
401 1781 505 1812 septem
521 1786 705 1813 pervenerunt
723 1782 833 1816 (quidem
851 1783 883 1810 ad
898 1783 991 1812 Jesutn

178 1839 181 1841 μ
207 1820 293 1848 Nare.
309 1821 444 1856 Tempore
458 1825 547 1850 autem
569 1824 708 1857 Judicum,
725 1827 788 1853 anni
815 1830 928 1856 tnecenti
952 1831 992 1857 vi-

208 1866 275 1900 ginti
291 1874 401 1899 norem,
422 1875 454 1894 ex
477 1875 531 1902 quo
558 1870 718 1904 inceperunt
742 1879 802 1899 esse
838 1881 916 1909 reges
938 1876 992 1903 illic

211 1912 344 1939 trecentis
360 1913 498 1947 sexaginta
518 1913 626 1942 duobus
650 1917 738 1944 annis.
769 1918 791 1945 A
818 1927 872 1954 quo
901 1926 992 1949 autem

207 1957 284 1984 urbis
299 1958 474 1985 fundamenta
489 1959 559 1993 jacta
581 1963 644 1987 sunt
660 1969 744 1996 usque
761 1963 794 1990 ad
820 1966 990 1994 nativitatem

207 1999 322 2029 Christi.
341 2001 506 2035 septingenti
527 2003 724 2040 quinquaginta
741 2007 795 2034 duo
818 2010 880 2036 armi
904 2008 991 2038 inter-

207 2045 294 2076 fuere,
310 2046 381 2072 sicut
396 2046 462 2073 dicit
482 2047 613 2076 diaconus
638 2050 737 2079 Paulus
762 2054 787 2079 in
805 2054 934 2083 Romanis
947 2057 990 2084 hi-

207 2091 313 2118 storiis.
334 2091 462 2119 Permisit
483 2093 567 2128 igitur
578 2094 695 2129 Spiritus
711 2104 831 2132 sanctus,
852 2101 991 2130 Mabome-

207 2140 264 2162 tum
278 2137 318 2164 sic
328 2137 501 2165 manifestum
524 2142 696 2169 mendacium
710 2151 818 2178 capere,
835 2152 863 2174 ut
877 2149 992 2182 quilibet

207 2182 290 2209 homo
302 2183 382 2210 laciie
396 2183 586 2219 deceptionem
606 2189 848 2219 animadverteret.

206 2229 284 2264 ἆγιον
310 2230 382 2258 οὕτω
408 2233 575 2268 περιφανοῦς

207 2279 344 2313 φωρᾶσαι.

241 2323 279 2351 De
293 2323 401 2370 Christo
416 2325 482 2353 dicit
498 2326 580 2360 idem,
600 2330 672 2363 quod
691 2330 736 2358 ille
748 2339 836 2367 neque
853 2339 895 2361 est
909 2335 991 2370 Deus,

206 2376 295 2415 neque
312 2369 397 2397 Filius
412 2371 476 2404 Dei;
499 2378 527 2400 et
545 2375 616 2408 quod
633 2375 690 2410 ipse
709 2377 834 2406 Christus
855 2379 888 2406 de
903 2384 992 2415 seipso

208 2414 260 2440 hoc
284 2422 337 2441 non
354 2415 433 2447 dixit,
455 2417 501 2443 sed
517 2419 590 2452 quod
606 2421 676 2455 apud
697 2422 779 2449 Deum
807 2432 835 2451 se
852 2414 992 2453 humiliter

206 2460 359 2492 excusavit,
377 2469 516 2496 nunquam
543 2466 645 2492 mundo
661 2467 712 2494 hoc
733 2468 810 2495 dixit.
831 2470 887 2497 Hoc
901 2477 991 2498 autem

209 2506 352 2533 manifeste
373 2511 415 2534 cst
441 2508 623 2537 mendacium.
646 2511 782 2546 Scriptum
808 2516 879 2542 enim
897 2522 938 2544 est
963 2508 1002 2544 in.

209 2551 354 2586 Evangelio
368 2549 494 2584 Joannis,
511 2554 583 2587 quod
601 2554 658 2588 ipse
673 2557 742 2584 dixit
758 2559 875 2593 scipsum
894 2561 991 2589 Filium

207 2603 266 2624 esse
295 2597 359 2625 Dei:
387 2603 415 2625 et
446 2603 509 2626 tunc
521 2599 605 2626 Jttdzci
627 2602 769 2631 \olucrunt
793 2613 855 2633 eum
873 2608 992 2642 lapidare

208 2643 285 2676 quasi
318 2649 429 2678 propter
458 2644 652 2680 blasphemiam
675 2649 705 2677 ".
736 2651 807 2678 Dixit
841 2659 930 2680 autem
965 2658 992 2682 et

209 2691 329 2723 seipsum
356 2691 487 2724 aequalem
511 2699 571 2720 esse
590 2693 655 2727 Deo,
676 2699 703 2722 et
720 2697 896 2734 principium,
919 2703 990 2735 quod

246 2756 268 2772 ⁸⁸
281 2755 360 2783 Joan.
378 2758 496 2789 "11,958.

245 2810 284 2846 (1)
302 2810 363 2839 Lib.
380 2819 458 2846 xvnr,
474 2813 510 2840 De
524 2813 579 2841 Civ.
595 2813 653 2842 Dei.

1040 1561 1205 1588 ἀπέστειλαν
1238 1560 1359 1596 βασιλεῖς
1377 1563 1416 1593 εἰς
1443 1562 1492 1597 τὴν
1508 1563 1653 1591 Ἰουδαίαν,
1681 1564 1763 1592 Ὅθεν
1782 1566 1832 1592 καὶ

1041 1606 1236 1642 ἐμαρτύρησαν
1258 1608 1282 1633 οἰ
1300 1607 1419 1635 Ἰουδαῖοι
1438 1608 1475 1644 μὴ
1505 1608 1576 1644 ἔχειν
1609 1610 1722 1645 βασιλέα
1747 1612 1774 1638 εἰ
1792 1612 1831 1647 μὴ

1042 1653 1184 1687 Καίσαρα.
1201 1653 1256 1679 Καὶ
1273 1653 1426 1688 σημείωσαι
1441 1656 1494 1688 ὅτι,
1509 1655 1600 1687 καθώς
1614 1665 1696 1691 φησιν
1719 1657 1828 1691 Αὐγου-

1041 1698 1129 1729 στϊνος
1142 1699 1171 1725 ἐν
1182 1698 1222 1734 τῷ
1233 1702 1267 1734 ιη’
1281 1699 1376 1735 βιϐλίῳ
1390 1702 1453 1734 περὶ
1477 1700 1528 1735 τῆς
1554 1701 1659 1733 πόλεως
1687 1702 1734 1729 τοῦ
1749 1703 1830 1736 Θεοῦ,

1041 1745 1058 1779 ὴ
1076 1745 1124 1780 μὲν
1141 1745 1236 1781 ’ξὼμη
1250 1745 1406 1781 ᾠκοδόμητο
1420 1746 1468 1772 ἐπὶ
1494 1747 1548 1774 τῶν
1572 1747 1678 1783 χρόνων
1697 1748 1800 1784 Ἀχαζ,
1815 1749 1832 1784 ἦ

1042 1791 1114 1817 κατὰ
1126 1799 1202 1822 τινας
1216 1791 1325 1825 ἄλλους,
1345 1792 1392 1818 τοῦ
1412 1792 1544 1823 Ἐζεκίου.
1559 1793 1625 1819 Τότε
1647 1793 1675 1820 δὲ
1686 1791 1721 1828 ἦν
1736 1795 1833 1829 χρόνος

1040 1835 1080 1871 τῷ
1097 1836 1205 1871 Ἰσραὴλ
1220 1838 1249 1863 ὲν
1259 1838 1292 1872 τῇ
1317 1839 1352 1872 γῇ
1369 1838 1417 1872 τῆς
1430 1839 1596 1873 ἐπαγγελίας
1606 1841 1620 1866 ό
1634 1840 1690 1866 τῶν
1706 1840 1834 1871 ζέπτακο-

1043 1882 1107 1909 σίων
1118 1883 1256 1909 δεκαοκτὼ
1267 1891 1275 1899 ·
1292 1883 1321 1916 ἑξ
1330 1881 1368 1910 ὧν
1384 1885 1469 1911 εἴκοσι
1482 1885 1551 1911 ἑπτὰ
1565 1886 1614 1920 μὲν
1633 1886 1769 1920 ἀνήκουσι
1794 1888 1834 1921 τῷ

1042 1926 1130 1960 Ἰησοῦ
1159 1927 1207 1953 τοῦ
1233 1927 1331 1963 Ναυῆ⁸
1354 1929 1393 1963 τῷ
1410 1928 1437 1955 δὲ
1462 1929 1550 1964 χρόνῳ
1573 1929 1626 1955 τῶν
1656 1930 1767 1964 Κριτῶν
1792 1931 1834 1958 ἔτι

1042 1972 1185 2006 τριακόσια
1200 1973 1287 1999 εἰκοσι
1305 1974 1400 2000 ἐννέα·
1417 1973 1447 2006 ἐξ
1473 1971 1502 2001 οὗ
1523 1974 1550 2000 δὲ
1572 1975 1690 2009 ἤρξαντο
1711 1975 1834 2010 βασιλεῖς

1042 2015 1111 2043 εἶναι
1123 2017 1368 2051 αὐτόθιτριακόσια
1382 2018 1513 2052 ἑξήκοντα
1530 2019 1576 2045 δύο
1597 2020 1656 2055 ἐτη.
1672 2021 1734 2055 Ἀφ’
1756 2019 1787 2048 οὗ
1804 2022 1834 2049 ει

1041 2062 1066 2088 οἱ
1078 2062 1127 2095 τῆς
1155 2062 1258 2093 πόλεως
1289 2062 1408 2098 θεμέλιοι
1438 2064 1644 2099 κατεϐλήθησαν
1671 2066 1752 2101 μέχρι
1780 2067 1834 2100 τῆς

1042 2108 1193 2142 γεννήσεως
1216 2108 1262 2134 τοῦ
1279 2109 1396 2143 Χριστοῦ
1419 2109 1569 2136 ἑπτακόσια.
1589 2111 1758 2145 πεντήκοντα
1784 2112 1832 2137 δύο

1043 2152 1205 2188 ἑτη,’ὦσπερ
1220 2155 1301 2188 φησὶν
1314 2157 1328 2180 ό
1337 2154 1457 2185 διάκονος
1475 2155 1578 2186 Παῦλος
1592 2157 1621 2181 ὲν
1632 2157 1692 2186 ταῖς
1710 2155 1833 2190 Ῥωμαῖ-

967 2219 970 2221 .
1007 2195 1028 2222 D
1045 2200 1106 2229 καίς
1135 2198 1276 2233 ἱστορίαις.
1304 2199 1483 2235 Συνεχὼρησε
1503 2201 1591 2227 τοίνυν
1612 2201 1642 2227 τὸ
1663 2201 1774 2235 Πνεῦμα
1799 2203 1831 2228 τὸ

602 2235 716 2270 ψεύδους
740 2238 840 2267 ἁλῶναι
873 2241 919 2270 τὸν
947 2244 1108 2281 Μαχούμετ,
1139 2247 1210 2273 ὥστε
1238 2247 1328 2274 πάντα
1356 2247 1499 2282 ἇνθρωπον
1527 2249 1625 2284 ῥᾳδίως
1653 2249 1703 2283 τὴν
1719 2249 1830 2285 ἀπάτην

1077 2336 1146 2371 Περὶ
1161 2336 1190 2362 δὲ
1203 2335 1249 2362 τοῦ
1266 2334 1384 2372 Χριστοῦ
1401 2345 1486 2372 φησιν
1508 2339 1523 2364 ὁ
1553 2339 1643 2371 αὐτὸς,
1658 2339 1695 2370 ὡς
1727 2341 1832 2368 ἐκεῖνος

1041 2382 1102 2408 οὔτε
1117 2383 1182 2414 Θεός
1199 2384 1284 2415 ἐστιν,
1312 2383 1375 2409 οὔτε
1402 2383 1470 2409 Θεεῦ
1499 2384 1578 2416 ΥΞὸς-
1592 2385 1640 2411 καὶ
1668 2385 1706 2416 ὡς
1724 2387 1806 2417 αὐτὸς
1819 2387 1833 2412 ὁ

1042 2428 1157 2461 Χριστὸς
1169 2428 1233 2462 περὶ
1247 2428 1343 2454 ἑαυτοῦ
1358 2428 1438 2454 τοῦτο
1465 2429 1513 2455 οὐκ
1535 2429 1647 2463 ἔφησεν,
1672 2431 1742 2457 ἀλλὰ
1771 2432 1833 2466 μεθ’

1042 2473 1193 2507 ὑποστολῆς
1212 2473 1276 2508 περὶ
1290 2472 1383 2499 τούτου
1404 2474 1498 2500 ἑαυτὸν
1522 2475 1567 2500 ἐπὶ
1592 2474 1638 2500 τοῦ
1661 2472 1729 2501 Θεοῦ
1760 2485 1834 2511 παρ-

1040 2521 1142 2554 ῃτεῖτο,
1169 2519 1206 2550 ὡς
1239 2519 1371 2554 μηδέποτε
1401 2520 1441 2554 τῷ
1472 2521 1567 2555 κόσμῳ
1593 2521 1666 2547 τοῐτ¹
1697 2522 1832 2556 εἰρηκώς.

1041 2564 1126 2590 Τοῦτο
1141 2564 1168 2590 δὲ
1183 2564 1307 2599 φανερῶς
1323 2566 1494 2600 saetosam.
1506 2567 1663 2601 Γέγραπται
1677 2569 1732 2602 γὰρ
1753 2568 1832 2602 διαρ-

1041 2609 1124 2642 ρἠην
1142 2610 1171 2636 ἐν
1197 2610 1235 2643 τῷ
1263 2610 1310 2636 τοῦ
1327 2611 1450 2637 Ἰωάννου
1482 2611 1651 2647 Εὑαγγελίῳ,
1677 2613 1719 2639 ὅτι
1749 2614 1833 2644 αὐτὸς

1040 2653 1117 2680 εῐπεν
1130 2655 1306 2683 ἐαυτὸψΥίὸν
1322 2655 1391 2683 εἷναι
1404 2657 1486 2684 Θεοῦ·
1505 2659 1551 2685 καὶ
1574 2659 1636 2684 τότε
1663 2659 1688 2685 οἱ
1705 2659 1832 2685 Ἰουδαῖοι

1041 2702 1265 2738 ἐθέ).ησαναὺτὸν
1287 2704 1459 2739 λιθοϐολῆσαι
1485 2706 1523 2737 ὡς
1549 2707 1611 2741 περὶ
1640 2706 1833 2741 βλασφημίας.
