1942 3090
138 176 205 208 1091

739 173 886 202 CONTRA
909 173 934 202 Μ
941 173 1043 202 ΔΗοΜ
1051 173 1148 202 ΕΤΕΜ
1156 197 1163 203 .

1684 173 1751 204 1098

139 231 243 266 Ἔφησε
256 230 284 256 δὲ
299 231 395 257 ἑαυτὸν
410 230 457 257 καὶ
479 230 534 257 ἴσον
551 227 620 257 εἶναι
636 229 705 264 Θεῷ,
723 231 769 256 καὶ
795 229 892 263 ἀρχὴν,
906 229 915 254 ε

972 229 1022 256 soli
1038 229 1093 255 Deo
1107 230 1222 255 maxime
1237 233 1279 255 cst
1294 229 1433 263 proprium
1449 239 1455 261 ;
1474 230 1595 264 dixitque
1609 238 1616 256 :
1636 229 1665 256 Si
1692 237 1752 255 ver-

139 275 254 310 μάλιπτα
270 275 328 310 Θεῷ
342 275 415 310 μόνῳ
427 274 500 301 ἐστὶν
516 275 630 300 οἰκεῖον·
648 276 694 300 καὶ
719 271 804 304 εἶπεν,
820 273 850 298 Et
864 274 918 303 τοῖς

136 321 293 355 λόγοιςκμου
315 320 351 355 μὴ
368 319 458 346 θέλετε
474 319 621 350 πιστεύειν,
640 320 696 349 τοῖς
709 318 798 352 ἔργοις
810 317 919 344 πιστεύ-

137 376 210 394 σατε.
230 367 477 402 Προαποδέδεικται
494 366 522 392 δὲ
552 367 581 392 ἐν
612 367 651 400 τῷ
668 365 752 399 τρίτῳ
777 365 918 398 κεφαλαίῳ

136 413 173 443 ὡς
185 413 316 438 ἀδύνατον
335 412 425 445 λέγειν
441 412 505 441 τοὺς
531 411 723 446 Σαρῤακηνοὺς
748 410 917 444 ὲξροαρμένον

135 456 205 484 εἶναι
219 458 250 483 τὸ
261 457 425 491 Εὑαγγέλιον
439 465 445 473 '
465 457 512 483 καὶ
526 457 566 482 ὅτι
583 456 612 482 τὸ
628 455 694 489 παρ’
705 455 771 489 ἡμῖν
798 455 918 488 Εὐαγγέ›

135 503 191 529 λιον
205 504 251 529 καὶ
263 504 311 537 τὴν
326 502 443 529 παλαιὰν
471 502 607 536 Διαθήκην
621 499 759 535 ὀφείλουσι
784 500 916 534 δέχεσθαι.

142 548 222 574 Ἀλλὰ
239 548 285 574 καὶ
299 547 378 578 αὐτὸς
402 548 416 574 ὁ
445 547 593 581 Μαχούμετ
612 547 640 572 ἐν
659 545 697 580 τῷ
724 544 864 579 κεφαλαίῳ
879 543 919 578 τῷ

141 592 262 626 Ἐλακὰφ
278 592 354 628 ζητεῖ
369 592 506 627 δειχθῆναι
521 591 595 625 αὺτῷ
606 591 636 617 τὸ
651 591 731 626 ῥητὸν
744 591 790 617 τοῦ
817 590 916 625 βιϐλίου

135 638 149 664 ὸ
163 639 317 673 γέγραπται
333 638 386 672 πρὸ
401 637 448 664 τοῦ
464 636 639 672 ’Δλκοράνου.
653 635 729 662 Μετὰ
745 635 832 662 ταῦτά
851 643 917 669 φησι

106 713 108 715 _
136 683 259 717 περὶτοῦ
273 683 403 718 Χριστοῦ,
416 682 452 713 ὡς
470 682 550 714 αὐτὸς
576 681 638 708 οὒτε
654 681 834 716 ἐσταύρωται,
855 679 917 706 οὗτε

134 727 280 759 ἀπέθανεν,
301 727 357 753 ἀλλ’
372 728 386 753 ὁ
399 727 464 757 Θεὸς
493 727 562 761 πρὸς
588 727 626 762 τῷ
640 727 712 754 τέλει
742 725 791 752 τοῦ
814 726 916 760 κόσμου

135 774 242 807 ποιήσει
256 771 349 798 τοῦτον
364 772 510 798 ἀποθανεῖν
520 780 526 787 ·
548 773 594 798 καὶ
621 772 687 799 ἄλλα
702 772 802 806 ἄπειρα
821 771 915 806 ψεύδη,

134 815 172 843 ὧν
199 816 329 843 τάναντία
347 817 376 842 ὲν
393 817 448 847 τοῖς
463 816 648 850 Εὐαγγελίοις,
667 817 715 843 καὶ
742 817 802 847 ταῖς
824 816 917 847 ἄλλαις

135 863 257 897 Γραφαίς
273 863 443 897 περιέχονται
456 870 464 880 “
483 861 500 888 ἃ
517 861 620 896 μακρὸν
637 862 669 888 ἂν
683 863 724 897 ειη
740 863 915 894 καταλέγειν.

972 273 1015 301 bis
1029 275 1096 301 meis
1111 282 1164 300 non
1184 274 1268 300 vultis
1288 274 1410 306 credere,
1436 275 1554 301 credatis
1576 274 1705 308 operibus
1718 274 1751 302 ".

970 320 1041 347 Ante
1058 326 1148 347 autent
1169 320 1384 346 demonstratum
1408 325 1447 347 est
1475 320 1503 346 in
1525 320 1605 347 tertio
1622 320 1750 354 capitulo,

971 365 1043 399 quod
1068 365 1235 399 impossibile
1255 370 1296 392 est
1318 366 1390 399 quod
1414 366 1542 392 Saraceni
1565 365 1670 396 dicunt,
1688 373 1751 392 cor-

972 416 1081 444 ruptum
1109 418 1170 437 esse
1201 410 1389 445 Evangelium,
1417 416 1445 437 et
1473 410 1545 444 quod
1575 410 1751 444 Evangelium

971 456 1043 488 quod
1059 461 1101 483 est
1114 456 1185 490 apud
1203 464 1261 488 nos,
1281 461 1310 483 et
1324 457 1408 484 Vetus
1421 457 1636 487 Testamentum,
1652 456 1753 483 debent

970 501 1120 536 suscipere.
1143 501 1194 528 Sed
1216 506 1242 528 ct
1257 502 1314 536 ipse
1331 502 1498 528 Mahometus
1518 503 1542 528 in
1560 502 1678 536 capitulo
1692 501 1753 528 Ela—

970 545 1038 579 caph
1063 546 1159 579 quzerit
1185 546 1366 573 demonstrari
1403 547 1427 573 ei
1456 547 1644 574 auctoritatem
1686 546 1750 572 libri

970 590 1016 623 qui
1035 591 1152 625 scriptus
1166 596 1207 617 est
1225 597 1289 619 ante
1311 592 1484 618 Alcoranum.
1501 591 1623 618 Postltme
1636 591 1703 618 dicit
1717 591 1750 617 de

969 635 1087 668 Christo,
1119 637 1192 671 quod
1218 637 1276 671 ipse
1298 645 1387 671 neque
1409 637 1556 664 crucilixus
1581 630 1633 670 est,
1662 644 1752 670 neque

970 687 1103 714 mortuus,
1124 683 1171 709 sed
1184 683 1256 710 Deus
1267 683 1292 708 in
1308 683 1360 709 [ine
1374 682 1470 710 mundi
1484 683 1564 710 faciet
1588 682 1661 709 hunc
1671 682 1750 711 mori.

969 731 998 754 et
1017 728 1069 754 alia
1099 727 1205 755 inﬁnita
1238 728 1389 759 mendacia,
1414 736 1530 762 quorum
1559 728 1698 755 contraria
1723 728 1751 754 in

970 772 1124 808 Evangeliis
1154 779 1182 800 et
1205 774 1267 801 aliis
1299 774 1449 809 Scripturis
1475 775 1663 808 continentur,
1692 782 1752 809 qua:

969 818 1080 853 longum
1097 823 1170 846 esset
1186 827 1327 847 enarrare.

171 909 238 942 Περὶ
251 907 279 934 δὲ
294 909 342 934 τοῦ
360 908 426 934 Θεοῦ
438 908 532 939 ἁπλῶς
548 907 753 942 διισχυρίζεται,
772 909 810 940 ὼς
825 909 915 935 οὐδένα

1007 904 1045 931 De
1067 905 1123 932 Deo
1145 910 1234 932 auten]
1267 906 1429 940 simpliciter
1453 909 1560 940 asserit,
1583 911 1654 944 quod
1676 910 1752 936 nullo

134 954 233 988 τρόπον
246 954 359 980 δυνατὸν
373 954 452 981 αὐτὸν
468 953 540 988 ἔχειν
554 954 623 986 υἱὸν,
649 954 691 980 ὅτι
706 954 772 989 μηδὲ
803 956 918 988 γυναῖκα

135 999 202 1033 ἔχει·
219 999 267 1026 καὶ
290 998 370 1025 τοῦτο
396 999 515 1033 συνεχῶς
547 999 730 1025 ἐπανακυκλοί
754 1000 813 1025 αντὶ
839 999 918 1026 ἄλλου

134 1045 204 1076 τινὸς
225 1045 438 1079 ἐπιχειρήματος
452 1043 575 1080 ίσχυροῦ.
590 1044 674 1071 Τοῦτο
686 1043 715 1070 δὲ
726 1044 756 1070 τὸ
777 1045 919 1080 ἐπιχείρη-

135 1098 173 1123 μα
183 1090 274 1124 ὅμοιον
294 1089 389 1124 ὥσπερ
410 1090 482 1116 εἴποι
495 1090 540 1116 τὸν
565 1090 632 1116 Θεὸν
658 1090 696 1125 μὴ
719 1088 787 1116 εῐναι
813 1091 918 1120 οὐσίαν,

133 1135 174 1170 ὅτι
187 1134 224 1169 μὴ
237 1134 294 1169 ἔχει
307 1134 489 1170 συμϐεϐηκὸς,
511 1134 528 1168 ἢ
544 1135 580 1170 μὴ
610 1134 669 1170 ζῇν,
686 1136 726 1162 ὃτι
743 1135 782 1170 μὴ
796 1135 877 1162 ἐσθίει
901 1135 918 1170 ἢ

134 1181 392 1216 ἁναπνεί.’Δνόητο;
407 1183 423 1217 ὴ
435 1182 546 1216 τοιαύτη
559 1183 703 1217 φαντασία,
714 1183 762 1210 καὶ
775 1183 918 1218 ἀνθρώπου

134 1226 315 1262 ἐστερημένου
343 1226 475 1261 λογισμοῦ
491 1228 538 1254 καὶ
562 1227 619 1254 νοῦ.
632 1229 663 1254 OE
690 1228 744 1262 γὰρ
761 1228 920 1263 Χριστιανοὶ

133 1272 182 1305 οὔχ
195 1271 232 1302 ὡς
247 1272 279 1298 ἐκ
294 1272 423 1305 γυναικὸς
449 1272 568 1298 διδόασιν
598 1272 661 1299 Υίὸν
693 1273 732 1308 τῷ
766 1273 835 1308 Θεῷ,
862 1273 920 1299 ἀλλ’

134 1316 227 1351 ὥσπερ
243 1317 274 1343 ἐκ
289 1316 340 1351 μὲν
353 1317 399 1342 τοῦ
427 1317 512 1353 πυρὸς
529 1317 578 1352 τὴν
612 1318 728 1353 θέρμην,
745 1318 775 1350 ἐξ
800 1317 876 1353 ὴλίου
891 1318 919 1345 δὲ

133 1362 164 1388 τὸ
180 1362 360 1397 ἀπαύγασμα,
379 1363 426 1389 καὶ
441 1364 487 1389 τὸν
511 1363 588 1397 λόγον
603 1364 656 1390 ἀπὸ
670 1364 718 1391 τοῦ
744 1365 867 1398 λέγοντος
877 1372 884 1379 ·
900 1363 919 1391 ἃ.

134 1409 229 1434 πάντα·
249 1408 356 1442 ἀληθῶς
375 1408 498 1442 λέγονται
525 1410 679 1443 γεννᾶσθαι,
697 1411 722 1436 εί
753 1410 799 1438 καὶ
818 1411 855 1445 μὴ
885 1411 917 1436 ἐκ

134 1454 272 1486 γυναικός.
290 1454 320 1480 '0
333 1454 386 1488 γὰρ
400 1454 464 1486 Υίὸς
491 1455 539 1481 τοῦ
556 1455 625 1481 Θεοῦ
660 1455 831 1489 ἀπαύγασμά
857 1456 916 1481 ἐστι

134 1499 181 1524 καὶ
196 1499 280 1532 Λόγος
299 1499 344 1525 τοῦ
361 1499 447 1526 ἀϊδίου
463 1500 579 1534 Πατρὸς,
595 1500 728 1531 συναῖδιος
745 1500 791 1526 καὶ
818 1499 917 1534 ὀμοοὺ-

135 1553 201 1575 σιος,
219 1545 265 1570 καὶ
279 1545 307 1570 ὲν
323 1545 356 1579 τῇ
380 1546 448 1580 αὐτῇ
476 1545 588 1580 ἰσότητι.
605 1545 710 1580 Ὥσπερ
740 1545 768 1571 δὲ
787 1546 803 1580 ἡ
827 1545 897 1581 θέρμ

135 1588 180 1614 καὶ
193 1588 223 1613 τὸ
234 1581 404 1623 ἀπαύγασμα
417 1589 446 1614 οὺ
467 1588 628 1624 χωρίζονται
640 1588 687 1614 τοῦ
701 1587 796 1623 πυρὸς,
807 1588 837 1614 τὸ
858 1588 916 1623 πῦρ

136 1631 227 1665 μέντοι
258 1632 344 1658 ἐνίοτε
375 1632 422 1658 τοῦ
443 1632 661 1666 ἁπανγάσματος
686 1633 752 1667 ἡμῖν
781 1633 844 1659 ἄνευ
866 1633 916 1667 τῆς

134 1676 237 1710 (θέρμης
252 1677 384 1708 κοινωνεῖ,
395 1676 488 1711 ὥσπερ
501 1677 547 1702 ἐπὶ
559 1675 606 1702 τοῦ
620 1676 670 1711 τῆς
694 1675 833 1710 λαμπάδος
861 1685 917 1710 φω-

132 1722 187 1752 τό,·
204 1721 288 1747 ἐνίοτε
305 1721 333 1748 δὲ
342 1722 390 1756 τῆς
402 1721 506 1756 θέρμης
534 1721 598 1748 ἄνευ
611 1721 657 1748 τοῦ
686 1721 914 1756 ἀπαυγὰσματοῖ,

133 1767 227 1800 ὥσπερ
241 1769 269 1793 ὲν
277 1767 316 1802 τῷ
328 1767 520 1802 πεπυρωμὲνῳ
543 1767 657 1802 σιδήρῳ·
667 1767 738 1793 οὕτω
754 1768 801 1793 καὶ
823 1767 837 1792 ὁ
853 1767 916 1797 Υἱὸς

133 1813 180 1840 τοῦ
196 1813 262 1840 Θεοῦ
271 1814 386 1848 ἠδύνατο
395 1814 569 1850 σαρκωθῆναι
581 1815 627 1841 καὶ
648 1814 712 1841 ἄνευ
728 1814 776 1840 τοῦ
792 1814 838 1841 τὸν
863 1814 918 1840 Πα-

132 1862 199 1894 τέρα
229 1860 245 1893 ἢ
269 1860 300 1886 τὸ
325 1860 436 1895 Πνεῦμα
465 1861 495 1887 τὸ
517 1860 595 1894 ἆγιον
618 1860 804 1894 σαρχωθῆναι,
820 1861 846 1886 εἰ
870 1860 916 1886 καὶ

133 1906 274 1941 ἀδιαίρετα
285 1906 337 1932 εἰσι
352 1905 386 1932 τὰ
410 1907 479 1941 ἔργα
494 1906 543 1940 τῆς
569 1905 694 1940 Τριάδος.
710 1906 789 1933 Οὕτω
804 1906 884 1933 πάλιν
901 1907 916 1933 ὸ

133 1952 196 1983 Υιὸς
215 1952 261 1979 τοῦ
290 1951 444 1979 Θεοῦὸτοῦ
471 1951 537 1978 Θεοῦ
565 1952 661 1986 Λόγος,
686 1952 716 1978 τὸ
734 1951 782 1978 τοῦ
810 1952 916 1986 Πατρὸς

133 1997 318 2032 ἀπαύγασμα,
336 1997 455 2032 ἠδύνατο
469 1997 498 2024 ὲν
517 1997 638 2032 αἰσθητῷ
653 1996 746 2032 βιϐλίῳ
767 1998 915 2032 γραφῆναι,

132 2040 201 2068 ὥστε
218 2041 265 2067 ὑπ’
277 2040 428 2075 ἀνθρώπων
452 2041 702 2074 ἀναγινώσκεσθαι,
721 2041 767 2067 καὶ
780 2041 916 2074 αἰσθητῶς

131 2087 165 2112 τὰ
189 2086 257 2120 ἔργα
274 2084 356 2111 αὐτοῦ
373 2085 500 2119 ὁρᾶσθαι,
514 2086 560 2111 καὶ
580 2083 650 2111 εἶναι
668 2085 750 2120 σαρκὶ
765 2085 914 2120 ἡνωμένον.

131 2132 186 2158 Καὶ
200 2131 230 2157 τὸ
246 2131 296 2165 μὲν
314 2130 415 2165 βιϐλίον
444 2131 474 2157 τὸ
499 2132 708 2165 γεγραμμένον,
736 2131 874 2159 τουτέστιν
898 2131 915 2166 ὴ

132 2178 210 2212 σὰρξ,
223 2177 338 2211 ἠδύνατο
351 2176 573 2212 διαρρήσεσυαι,‹
590 2177 604 2202 ὁ
615 2176 644 2202 δὲ
658 2176 704 2202 τοῦ
717 2176 819 2211 Κυρίου
830 2177 916 2210 Λόγος

133 2224 208 2257 μένει
224 2223 263 2253 είς
286 2222 332 2249 τὸν
361 2222 457 2249 αίῶνα·
479 2230 490 2246 ι
502 2220 597 2256 ὥσπερ
612 2222 659 2248 καὶ
673 2221 702 2247 τὸ
723 2221 916 2256 τοῦεβασιλέως

132 2268 306 2303 πρόσταγμα,
334 2266 438 2301 τοῦητὸν
456 2267 535 2300 λόγον
549 2266 631 2294 αὐτοῦ
644 2267 684 2298 είς
710 2267 760 2297 τὴν
780 2266 913 2293 ὐπάὑτὸν

131 2311 182 2344 γῆν
198 2311 226 2336 ὲν
238 2311 332 2345 βιϐλίῳ
347 2311 513 2344 πέμποντος,
530 2309 609 2339 αὐτὸς
623 2309 672 2343 μὲν
683 2309 732 2336 οὐκ
745 2310 777 2336 ἂν
788 2310 912 2344 καυθείη,

129 2356 160 2382 τὸ
171 2356 199 2383 δὲ
216 2355 317 2389 βιϐλίον
334 2353 446 2381 δύναται
465 2352 603 2380 καίεσθαι.
618 2354 687 2380 Φασὶ
702 2355 792 2381 τοίνυν
809 2355 833 2380 ol
847 2355 914 2388 Χρι-

131 2401 235 2428 στιανοὶ
260 2400 305 2426 τὸν
323 2400 441 2435 Χριστὸν
468 2400 555 2432 Λόγον
582 2389 646 2425 ὂντα
669 2398 737 2424 Θεοῦ
764 2399 827 2425 Υἱὸν
843 2396 911 2425 εῐναι

130 2447 209 2474 Θεοῦ.
226 2446 306 2473 Τοῦτ’
323 2446 388 2473 αὐτὸ
407 2446 435 2472 δὲ
459 2447 507 2472 καὶ
530 2446 544 2471 ὁ
569 2444 718 2480 Μαχούμετ
744 2445 808 2479 περὶ
826 2443 910 2472 αὑτοῦ

129 2494 241 2528 ἔφησεν,
257 2493 281 2518 εί
293 2492 340 2518 καὶ
360 2492 429 2526 μήτε
443 2491 636 2526 ἐπιστάμενος,
655 2490 729 2525 μήτε
749 2490 825 2516 νοῶν.
843 2491 912 2524 Φησὶ

130 2541 184 2574 γὰρ
205 2540 234 2565 ἐν
255 2538 294 2572 τῷ
315 2538 469 2572 Ἀλκορὰνῳ
488 2538 516 2563 ὲν
533 2536 570 2572 τῷ
585 2537 722 2571 κεφαλαίῳ
732 2535 771 2570 τῷ
789 2535 910 2567 Ὲλνεσᾶ,

129 2584 144 2610 ὃ
169 2583 351 2618 ἑρμηνεύεται
376 2581 530 2616 γυναῖκες,
555 2581 596 2606 ὅτι
625 2581 639 2605 ὁ
661 2580 779 2614 Χριστὸς
809 2577 910 2613 Ἰησοῦς

131 2627 188 2659 υἱὸς
203 2627 253 2660 τῆς
277 2626 385 2660 Μαρίας
404 2624 484 2658 λόγος
499 2624 557 2649 ἐστὶ
576 2623 623 2649 τοῦ
639 2622 718 2655 Θεοῦ,
734 2622 782 2648 καὶ
803 2621 913 2653 πνεῦμά

129 2674 188 2699 ἐστι
203 2671 281 2699 Θεοῦ.
296 2671 371 2697 Διατί
385 2670 475 2697 τοίνυν
491 2669 541 2696 οὐχ
558 2668 651 2703 ἔλεγεν
666 2669 680 2694 ὸ
696 2667 858 2702 Ινίαχοὺμετ,
873 2667 913 2693 ὅτι

130 2717 260 2745 ἀδύνατον
275 2717 322 2742 τὸν
336 2715 402 2742 Θεὸν
416 2716 489 2750 ἔχειν
505 2714 583 2748 λόγον
601 2714 617 2750 ἦ
632 2713 750 2748 πνεῦμα,
769 2712 830 2739 ἐπεὶ
846 2712 913 2747 μηδὲ

129 2763 248 2797 γυναῖκα
263 2761 338 2796 ἔχει,
355 2761 492 2797 Ζητητέον
507 2761 598 2788 τοίνυν
620 2761 684 2795 περὶ
697 2759 752 2786 τῶν
769 2758 914 2794 Σαρρακη-

167 2839 188 2855 ¹⁹
206 2839 287 2867 Joan.
302 2847 332 2871 χ,
347 2838 393 2865 58.
432 2839 454 2854 ⁸ο
467 2838 551 2865 Hebr.
566 2847 584 2871 I,
599 2839 629 2867 5.

267 2890 401 2918 Ριτιιοι..
423 2890 480 2917 Gn.
501 2885 600 2917 CLIV.

666 2839 686 2855 “
705 2839 776 2867 I’sal.
796 2840 907 2874 cxvtﬂ.

899 1554 951 1598 ',‘c

972 949 1052 976 modo
1069 949 1198 982 possibile
1223 953 1264 976 est
1279 958 1342 977 eum
1370 950 1471 978 habere
1489 952 1598 985 Filium,
1622 955 1751 988 quoniatn

971 1001 1084 1020 uxorem
1101 1002 1154 1020 non
1170 993 1264 1021 habet.
1277 995 1308 1021 Et
1322 995 1374 1023 hoc
1389 996 1519 1025 continue
1536 1000 1645 1033 repetit,
1657 1000 1752 1027 dicens

970 1046 1020 1073 pro
1032 1038 1083 1065 alia
1099 1039 1216 1073 quadam
1231 1040 1295 1067 forti
1318 1043 1563 1076 argumentatione.
1585 1044 1647 1071 llaec
1661 1050 1751 1072 autent

969 1087 1171 1119 argumentatio
1185 1085 1283 1113 similis
1299 1091 1350 1119 est,
1366 1088 1437 1114 sicut
1451 1087 1474 1116 si
1490 1089 1551 1123 quis
1562 1089 1645 1121 dicat,
1667 1091 1751 1119 Deum

969 1137 1024 1156 non
1046 1137 1106 1157 esse
1130 1130 1322 1165 substantiam,
1348 1133 1476 1166 quoniam
1501 1141 1555 1160 non
1577 1135 1659 1162 habet
1681 1138 1753 1164 acci-

969 1175 1046 1207 dens,
1070 1175 1112 1203 vel
1132 1183 1186 1202 non
1205 1176 1308 1209 vivere,
1334 1178 1463 1211 quoniam
1488 1187 1542 1206 non
1572 1181 1690 1208 comedit
1710 1184 1750 1209 vel

969 1215 1096 1255 respirat.
1119 1221 1203 1248 Fatua
1215 1226 1257 1249 est
1272 1222 1334 1249 talis
1356 1223 1510 1257 phantasia,
1526 1229 1554 1252 et
1575 1226 1694 1254 hominis
1706 1235 1753 1254 ca—

969 1266 1057 1293 rentis
1079 1267 1219 1294 intellectu
1241 1272 1269 1295 et
1294 1269 1412 1297 ratione.
1435 1270 1584 1299 Christiani
1600 1274 1674 1300 enim
1698 1282 1750 1301 non

970 1314 1098 1345 tanquam
1112 1319 1144 1338 ex
1163 1312 1277 1340 muliere
1288 1313 1354 1340 dant
1371 1313 1470 1342 Filium
1492 1316 1558 1348 Deo,
1577 1317 1624 1344 sed
1636 1318 1706 1346 sicut
1719 1327 1751 1346 ex

969 1354 1031 1389 igne
1056 1357 1235 1395 caliditatem,
1262 1366 1295 1385 ex
1320 1359 1377 1386 sole
1404 1365 1494 1388 autent
1518 1362 1703 1396 splendorem,
1725 1369 1753 1391 et

968 1401 1083 1428 verbum
1099 1402 1134 1429 ab
1149 1410 1182 1429 eo
1197 1403 1243 1438 qui
1262 1405 1403 1439 loquitur;
1431 1413 1491 1440 qua:
1510 1408 1602 1434 omnia
1626 1415 1689 1436 vere
1711 1409 1753 1436 di-

968 1452 1069 1474 cuntur
1083 1448 1168 1482 gigni,
1191 1450 1243 1476 etsi
1276 1458 1330 1476 non
1355 1458 1389 1478 ex
1415 1451 1540 1486 muliere.
1567 1453 1652 1481 Filius
1678 1455 1751 1482 enim

967 1492 1016 1520 Dei
1039 1494 1168 1528 splendor
1195 1500 1246 1526 est,
1272 1501 1300 1522 et
1328 1496 1446 1523 Verbum
1468 1499 1628 1532 sempiterni
1651 1500 1751 1533 Patris,

968 1542 1133 1565 coaaternum
1155 1544 1183 1566 et
1202 1541 1449 1572 consubstantiale,
1471 1546 1498 1569 et
1513 1542 1539 1569 in
1554 1544 1647 1570 cadem
1662 1553 1752 1579 aequa-

966 1584 1042 1611 litate
1053 1585 1089 1611 ".
1103 1585 1178 1612 Sicut
1191 1591 1283 1614 autem
1295 1587 1418 1614 caliditas
1432 1593 1459 1615 et
1480 1589 1608 1623 splendor
1628 1598 1681 1617 non
1705 1599 1750 1618 se-

965 1635 1097 1664 parantur
1121 1630 1156 1657 ab
1172 1630 1243 1665 igne,
1263 1631 1332 1666 ignis
1357 1637 1446 1660 tamen
1461 1634 1609 1668 aliquando
1630 1644 1645 1663 a
1659 1637 1750 1670 splen-

965 1675 1030 1702 dore
1047 1675 1189 1703 nobiSCum
1202 1677 1263 1704 sine
1275 1678 1414 1705 caliditate
1429 1681 1659 1715 communicatur,
1679 1683 1750 1710 sicut

966 1720 993 1747 in
1008 1721 1068 1748 luce
1081 1721 1223 1755 lampadis,
1257 1722 1404 1756 aliquando
1415 1731 1505 1751 autent
1515 1726 1639 1753 caliditas
1647 1728 1750 1762 absque

965 1765 1110 1799 splendore
1126 1771 1178 1798 est,
1194 1767 1266 1794 sicut
1286 1767 1313 1794 in
1335 1775 1450 1796 accenso
1466 1770 1557 1796 ferro:
1573 1771 1614 1798 sic
1628 1777 1655 1798 et
1667 1772 1750 1800 Filius

966 1810 1013 1838 Dei
1027 1811 1114 1844 potuit
1133 1811 1280 1845 incarnari,
1305 1818 1334 1840 et
1347 1814 1450 1848 absque
1469 1823 1524 1849 quo
1538 1816 1697 1844 incarnatus
1709 1825 1752 1844 es-

967 1860 1008 1883 set
1025 1856 1105 1884 Pater
1135 1857 1179 1884 vel
1201 1857 1320 1893 Spiritus
1348 1865 1469 1892 sanctus,
1495 1861 1547 1888 etsi
1574 1861 1750 1889 indivisibilia

966 1905 1030 1929 sunt
1045 1909 1127 1936 cpcra
1145 1902 1287 1931 Trinitatis
1302 1904 1360 1931 :sic
1376 1912 1470 1933 rursus
1483 1906 1568 1934 Filius
1580 1907 1627 1934 Dei
1641 1913 1669 1935 et
1684 1909 1751 1936 Ver-

966 1946 1030 1973 bum
1048 1946 1095 1974 Dei
1117 1947 1205 1975 Patris
1230 1949 1318 1983 potuit
1338 1949 1365 1976 in
1385 1951 1508 1978 sensibili
1523 1951 1593 1979 libro
1609 1954 1703 1986 scribi,
1721 1959 1751 1982 ut

966 1991 1001 2018 ab
1018 1991 1175 2020 hominibus
1198 1993 1345 2028 legeretur,
1364 2000 1393 2022 et
1409 1995 1578 2024 sensibiliter
1593 2005 1675 2032 opera
1691 2000 1750 2034 ejus

966 2037 1134 2070 viderentur,
1150 2042 1178 2065 et
1200 2046 1260 2066 esse
1275 2040 1350 2066 carni
1377 2040 1480 2068 unitus.
1497 2041 1530 2068 Et
1545 2042 1615 2070 liber
1637 2045 1749 2078 quidem

965 2082 1085 2116 scriptus
1111 2082 1200 2116 potuit
1216 2082 1378 2118 interrumpi
1398 2093 1404 2111 :
1426 2094 1435 2110 ι
1457 2083 1576 2113 Verbum
1592 2093 1682 2115 autem
1699 2089 1751 2115 Do-

967 2127 1033 2154 mini
1051 2133 1142 2155 manet
1159 2129 1185 2155 in
1199 2133 1330 2156 :etemum
1345 2129 1378 2155 ¹¹.
1399 2139 1409 2155 ›
1427 2130 1503 2158 Sicut
1517 2137 1543 2158 et
1557 2133 1626 2166 regis
1640 2133 1750 2160 manda-

967 2177 1035 2204 tum,
1053 2174 1101 2208 qui
1125 2174 1209 2201 mittit
1226 2174 1340 2202 verbum
1358 2183 1438 2202 suum
1453 2175 1479 2203 in
1498 2177 1567 2204 libro
1591 2178 1623 2204 ad
1648 2183 1749 2206 terram

967 2226 1027 2253 qua:
1045 2219 1096 2246 sub
1113 2227 1145 2246 eo
1171 2224 1223 2252 est,
1249 2220 1336 2254 ipsum
1362 2225 1454 2248 autem
1479 2223 1592 2249 verbum
1610 2231 1750 2258 nunquam

965 2264 1088 2290 comburi
1104 2268 1202 2298 potest.
1226 2265 1295 2292 liber
1308 2270 1400 2292 autem
1426 2265 1551 2293 comburi
1579 2273 1677 2301 potest.
1707 2269 1751 2296 Di-

965 2313 1030 2334 cunt
1053 2309 1135 2342 igitur
1158 2308 1317 2342 Christiani,
1331 2310 1480 2342 Christum,
1499 2319 1562 2338 cum
1579 2313 1613 2339 sit
1630 2313 1750 2341 Verbum

965 2351 1023 2383 Dei,
1040 2352 1137 2379 Filiutn
1153 2360 1213 2380 esse
1229 2353 1285 2380 Dei.
1300 2353 1357 2381 Hoc
1371 2354 1443 2382 idem
1466 2360 1495 2382 ct
1519 2356 1690 2385 Mahometus
1715 2359 1751 2387 de

963 2404 996 2423 eo
1014 2397 1091 2428 dixit,
1127 2398 1179 2424 etsi
1206 2405 1294 2432 neque
1320 2399 1432 2431 sciebat,
1457 2408 1546 2435 neque
1570 2402 1749 2438 intelligebat.

962 2442 1032 2470 Dicit
1058 2443 1130 2469 enim
1147 2443 1174 2470 in
1191 2444 1324 2472 Alcorano
1347 2444 1372 2471 in
1397 2446 1517 2480 capitulo
1540 2447 1650 2482 Elnesa,
1676 2450 1751 2483 quod

965 2487 1161 2521 interpretatur
1180 2489 1310 2521 mulieres,
1324 2491 1404 2524 ‘quod
1429 2491 1554 2520 Christus
1575 2493 1655 2521 Jesus
1675 2495 1748 2522 lilius

965 2531 1067 2565 Mariae,
1088 2532 1202 2560 verbum
1217 2539 1257 2560 est
1277 2534 1335 2566 Dei,
1351 2541 1379 2562 et
1401 2536 1514 2570 spiritus
1528 2543 1570 2564 est
1584 2538 1644 2565 Dei.
1658 2539 1750 2572 Quare

965 2576 1049 2611 igitur
1060 2585 1113 2604 non
1129 2577 1198 2605 dixit
1212 2578 1393 2611 Mahometus,
1415 2581 1487 2615 quod
1515 2582 1683 2617 impossibile
1707 2591 1749 2612 est

966 2622 1051 2649 Deum
1070 2623 1171 2651 habere
1187 2624 1301 2651 verbum
1321 2625 1363 2651 vel
1377 2626 1513 2660 spiritum,
1529 2628 1658 2662 quoniam
1678 2637 1748 2656 uxo-

967 2676 1023 2695 retu
1040 2675 1094 2695 non
1112 2668 1215 2697 habet?
1228 2670 1409 2702 Quatrcndum
1426 2671 1509 2706 igitur
1523 2680 1538 2699 a
1553 2673 1704 2707 Saracenis,
1720 2681 1749 2703 ut

966 2719 1089 2749 quaerant
1108 2715 1159 2750 ipsi
1179 2723 1193 2742 a
1221 2716 1384 2749 Malmmeto,
1400 2718 1509 2751 quando
1526 2718 1593 2746 dicit
1609 2719 1747 2752 Christum

967 2759 1080 2788 verbum
1096 2768 1156 2788 esse
1170 2760 1229 2794 Dei,
1249 2766 1276 2790 et
1292 2761 1419 2796 spiritum
1443 2770 1475 2790 cx
1503 2763 1568 2797 Deo,
1596 2769 1686 2792 utrum
1713 2767 1747 2797 de

1517 2878 1555 2914 35
