1942 3090
184 162 253 195 1099
806 164 997 196 DEMETRII

180 220 279 253 spiritu
300 219 342 247 vel
362 220 447 248 verbo
469 220 546 253 dicit.
562 221 595 248 de
617 221 777 248 occidentali
803 221 875 255 quod
899 228 961 255 pros

179 264 278 296 fertur,
301 265 343 292 vel
366 265 399 292 de
423 266 574 297 essentiali,
597 266 624 293 id
642 271 684 293 est
707 271 810 293 creato.
836 265 880 293 Sic
907 273 960 292 non

181 310 269 337 solum
284 311 397 337 verbum
410 314 438 337 et
459 311 571 345 spiritus
597 311 642 338 Dei
666 316 708 338 est
727 318 742 337 a
770 311 836 343 Deo,
863 310 912 337 sed
934 314 962 336 et

181 356 263 383 verba
277 361 306 384 et
319 356 431 390 spiritus
451 357 568 383 aliorum
584 357 788 391 prophetarum,
806 361 833 383 et
847 356 962 383 aliorum

183 400 325 427 hominum
340 400 496 430 beatorum.
512 401 544 427 Et
563 401 711 428 secundum
729 401 781 428 hoe
797 409 852 428 non
867 407 963 435 magna

181 447 304 481 quaedam
325 447 385 474 laus
409 451 452 474 est
475 446 530 474 haec
545 447 578 473 de
592 446 712 479 Christo,
728 453 809 481 quem
827 444 964 473 Muhome-

182 497 227 520 tus
241 493 350 527 proprie
363 497 391 520 et
410 500 492 527 supra
515 500 610 520 omnes
631 492 757 520 homines
780 493 838 519 vult
859 492 964 520 consti-

183 537 272 565 tuere.
287 537 340 565 Sed
361 545 449 571 neque
468 543 579 572 propter
597 537 676 564 talem
688 537 827 576 rationem
841 541 869 564 et
884 537 963 564 talem

182 583 308 617 spiritum
327 583 468 617 pluraliter
490 583 563 610 Deus
582 583 616 609 de
630 583 720 617 seipso
739 582 871 616 loquitur,
893 583 965 610 sicut

184 628 352 655 inducuntur
368 628 394 655 in
411 634 468 655 toto
490 628 635 655 Alcorano.
666 628 694 655 Si
725 633 817 655 autem
843 627 910 654 dicit
931 627 965 654 de

185 674 306 700 increato
328 677 356 700 et
377 673 515 701 essentiali
539 673 624 700 verbo
649 673 697 700 Dei
725 678 752 700 et
783 673 892 708 spiritu,
926 673 966 700 sic

185 718 280 752 utique
305 718 448 745 nobiseum
476 718 598 744 sentiunt
628 724 680 744 tam
710 718 743 744 de
766 711 964 750 incarnatione,

186 771 265 798 quam
284 764 318 791 de
332 764 460 799 mysterio
477 764 627 790 Trinitatis.
642 764 708 790 ltem
720 763 785 791 dicit
799 763 967 791 Mahometus

185 811 219 835 de
238 809 293 836 Deo
311 809 336 835 in
356 809 474 843 capitulo
488 809 636 836 Elmiuim:
653 809 729 842 Quod
753 809 775 835 si
791 809 861 836 Deus
885 808 968 836 habe-

185 858 229 881 ret
251 854 348 886 lllimn,
367 855 393 880 in
421 854 544 888 periculo
566 855 627 888 jam
648 858 720 881 lotus
742 853 861 880 mundus
881 858 964 882 esset.

185 899 264 926 Esset
286 899 358 926 enim
376 899 493 926 schisma
511 899 582 926 inter
596 907 654 927 eos.
672 900 733 927 lla'c
757 904 848 926 autem
865 907 964 934 suppo-
982 889 1002 916 Β

186 945 250 972 sitio
265 945 343 972 valde
359 945 424 972 falsa
443 950 494 972 est.
513 946 648 980 Suppouit
666 946 750 978 enim,
770 954 821 973 non
838 945 964 980 possibile

187 997 246 1017 esse
264 990 348 1017 Deum
365 990 466 1017 habere
493 990 588 1023 tilium,
606 991 657 1018 nisi
682 991 806 1026 iniquum
831 995 857 1017 et
882 991 966 1017 auda-

186 1042 245 1062 cem
262 1040 290 1062 et
310 1035 522 1062 iuobedicntcm.
545 1036 600 1063 Nos
625 1041 715 1063 autem
735 1037 862 1068 dicimus.
892 1035 964 1071 quod

187 1080 273 1108 Filius
288 1080 332 1107 Dei
348 1086 391 1108 est
402 1081 521 1108 Verbum
538 1081 597 1114 Dei,
612 1086 640 1108 et
663 1082 776 1108 scientia
803 1081 899 1114 Patris,
918 1089 966 1116 per

187 1134 268 1159 quam
282 1128 373 1154 omnia
388 1131 525 1161 operatur.
547 1126 664 1154 Verbum
680 1132 770 1154 autem
787 1128 967 1162 comprehen—

187 1179 247 1199 sum
265 1173 291 1198 in
308 1177 409 1204 mente,
439 1177 467 1199 et
492 1172 605 1198 artiﬁcis
629 1173 752 1204 scientia,
778 1180 915 1207 nunquam
938 1173 964 1199 in

188 1218 299 1246 homine
318 1222 460 1252 separatur
484 1225 499 1244 a
532 1218 702 1252 concipiente
730 1218 879 1245 intellectu.
908 1218 965 1245 Nisi

187 1263 288 1290 alicubi
315 1263 506 1298 blasphemans
533 1262 702 1290 Mahometus
721 1264 801 1296 dicat,
819 1264 965 1291 dissentire

187 1307 222 1334 ad
240 1307 359 1341 seipsum
375 1307 472 1338 Deum,
493 1310 521 1333 et
547 1308 683 1334 contraria
706 1307 796 1334 dicere
817 1309 858 1334 sui
881 1308 966 1342 ipsius

188 1352 340 1380 intellecwi
365 1356 393 1379 et
418 1351 587 1387 cogitationi.
606 1352 677 1379 Idem
706 1353 876 1380 Mahometus
900 1354 966 1381 dicit

189 1398 217 1425 in
233 1398 351 1432 capitulo
371 1397 474 1430 Elezat,
496 1397 569 1432 quod
586 1397 658 1424 Deus
672 1402 700 1425 et
714 1398 800 1433 angeli
813 1399 874 1433 ejus
888 1404 966 1426 orant

189 1451 239 1478 pro
254 1443 406 1471 Mahometo
421 1448 448 1471 ct
465 1444 617 1471 Saracenis.
636 1444 714 1477 Quod
732 1445 842 1479 quidem
859 1449 899 1472 est
915 1453 966 1472 an-

189 1488 323 1522 gelorum,
339 1491 381 1515 est
394 1488 584 1515 omittendum.
599 1488 671 1515 Deus
686 1493 776 1515 autem
794 1489 902 1523 quando
918 1497 967 1524 pro

189 1534 230 1560 eis
255 1534 332 1560 orat?
349 1534 435 1566 Quem
452 1533 530 1561 orat?
556 1533 682 1568 Angelos,
700 1534 742 1561 vel
767 1533 900 1566 homines,
925 1533 966 1561 vel

190 1580 330 1614 seipsunt?
346 1578 399 1606 Sed
414 1579 467 1606 hoc
482 1584 524 1607 est
547 1579 728 1613 mendacium,
748 1585 807 1606 orat
822 1580 941 1614 seipsqu
959 1588 967 1607 :

190 1630 218 1653 et
237 1626 353 1653 maxime
377 1625 527 1653 secundum
550 1625 744 1657 Mahometum,
770 1626 816 1660 qui
833 1624 913 1653 Verbi
929 1626 970 1652 in-

190 1671 375 1698 carnationem
401 1675 490 1706 negat,
515 1677 542 1698 et
564 1679 653 1706 neque
671 1665 847 1705 personarum
865 1671 967 1698 discre-

191 1717 294 1744 tionem
310 1717 386 1751 ponit
400 1717 428 1744 in
444 1717 556 1744 divinis.
573 1717 652 1744 Ponit
677 1722 767 1744 autem
784 1723 811 1745 et
829 1718 881 1745 alia
896 1726 971 1745 nien-

191 1764 267 1791 daeia
283 1764 416 1799 quaedam,
436 1768 464 1791 et
487 1763 675 1798 impossibilia,
702 1764 772 1790 sicut
799 1763 825 1790 in
851 1764 969 1798 capitulo

190 1809 296 1837 Elasiar
319 1809 420 1837 dicitur
434 1809 512 1844 quasi
529 1817 561 1836 ex
576 1816 690 1844 persona
708 1808 754 1836 Dei
770 1817 777 1836 :
798 1809 825 1835 Si
843 1809 894 1836 hoc
917 1809 969 1835 mi-

191 1855 309 1881 serimus
333 1855 496 1881 Alcoranum
513 1861 595 1888 super
612 1861 694 1880 unum
714 1858 845 1886 montem,
862 1854 970 1881 videres

189 1901 245 1934 jam
260 1907 321 1926 eum
339 1901 434 1934 utique
457 1899 573 1926 scissum
599 1907 613 1925 a
642 1899 794 1926 reverentia
820 1903 847 1926 et
873 1900 970 1926 timore

193 1945 250 1972 Dei.
268 1945 303 1972 Et
316 1945 387 1972 sicut
411 1945 438 1971 in
463 1945 582 1979 capitulo
604 1944 768 1976 Elcauiinar,
787 1945 860 1978 quod
885 1945 971 1972 inter-

191 1994 315 2025 pretatur
331 1989 406 2022 luna,
424 1989 500 2021 dicit,
523 1989 595 2023 quod
626 1989 689 2015 luna
716 1990 832 2016 contrita
861 1994 913 2022 est,
942 1995 970 2017 et

192 2037 276 2062 multa
290 2035 354 2067 alia,
369 2042 429 2069 quae
448 2034 555 2069 longum
570 2041 642 2061 esset
654 2042 792 2063 enarrare.

1018 164 1060 193 (ΣΥ
1066 163 1174 194 DONII
1719 158 1791 192 1100

1011 219 1074 251 νῶν,
1089 219 1159 245 ὥστε
1181 216 1295 252 ζητῆσαι
1310 216 1407 248 αὐτοὺς
1421 215 1498 251 παρὰ
1512 215 1559 243 τοῦ
1576 215 1709 250 Μωάμεθ,
1726 216 1791 243 ὃταν

1012 264 1078 298 λέγῃ
1100 264 1146 289 τὸν
1162 262 1279 297 Χριστὸν
1292 261 1370 296 λόγον
1385 259 1455 288 εῖναι
1467 260 1514 287 τοῦ
1525 261 1603 293 Θεοῦ,
1620 261 1668 288 καὶ
1680 260 1790 294 πνεῦμα

1012 309 1045 335 lx
1060 306 1139 338 Θεοῦ,
1152 307 1265 341 πότερον
1277 305 1342 340 περὶ
1356 305 1402 332 τοῦ
1416 305 1571 340 πνεύματος
1587 305 1634 332 καὶ
1649 305 1695 332 τοῦ
1710 305 1790 339 λόγου

1013 354 1081 388 φησὶ
1093 353 1140 379 τοῦ
1155 352 1335 389 προφορικοῦ,
1357 351 1373 386 ἢ
1389 352 1454 386 περὶ
1477 351 1524 378 τοῦ
1540 350 1697 382 οὐσιώδους,
1712 358 1792 376 τουτ-

1014 400 1071 426 έστι
1085 399 1148 433 περὶ
1163 398 1210 425 τοῦ
1226 398 1346 430 κτιστοῦ,
1361 397 1378 433 ἢ
1397 397 1444 424 τοῦ
1459 397 1599 425 ἀκτίστου.
1615 397 1646 423 Et
1662 396 1712 430 μὲν
1727 397 1792 431 περὶ

1013 446 1060 472 τοῦ
1078 444 1252 479 ἑξωτερικοῦ,
1271 445 1330 479 ἢτοι
1348 443 1394 470 τοῦ
1408 443 1527 475 κτιστοῠ,
1549 442 1634 473 οὕτως
1656 443 1686 467 οὐ
1713 441 1790 475 μόνον

1014 493 1028 518 ὁ
1058 492 1134 524 λόγος
1161 491 1209 517 καὶ
1232 489 1263 516 τδ
1290 488 1400 522 πνεῦμα
1423 488 1470 514 τοῦ
1488 487 1556 514 Θεοῦ
1587 488 1660 513 ἐστιν
1687 487 1719 513 ἐκ
1743 485 1791 512 τοῦ

1014 536 1102 568 Θεοῦ,
1122 535 1190 562 ἀλλά
1219 535 1267 562 καὶ
1287 536 1310 561 οί
1337 534 1411 567 λόγοι
1437 533 1482 560 καὶ
1506 532 1542 559 τὰ
1572 531 1715 566 πνεύματα
1738 531 1793 557 τῶν

1015 582 1102 609 ἄλλων
1115 580 1270 616 προφητῶν,
1291 581 1338 606 καὶ
1351 582 1405 607 τῶν
1425 579 1512 606 ἄλλων
1534 577 1676 612 μακαρίων
1691 576 1793 610 ἀνθρώ-

1016 636 1083 654 πων.
1110 627 1164 654 Καὶ
1187 627 1257 653 κατὰ
1276 626 1355 653 τοῦτο
1378 626 1408 651 οὺ
1426 625 1511 659 μέγας
1528 624 1569 655 τίς
1585 624 1659 649 ἐστιν
1683 622 1795 654 ἔπαινος

1016 673 1094 700 τοῦτο
1117 673 1182 707 περὶ
1197 672 1244 698 τοῦ
1265 671 1396 706 Χριστοῦ,
1416 671 1445 696 δν
1463 672 1477 697 ὁ
1492 669 1642 704 Μαχούμετ
1659 668 1730 698 ἰδίως
1747 667 1796 693 καὶ

1017 719 1085 753 ὑπὲρ
1103 718 1205 749 πάντας
1221 717 1380 751 ἀνθρώπους
1396 715 1518 750 βούλεται
1535 713 1703 741 συνιστάναι.
1726 712 1797 739 Ἀλλ’

1017 761 1076 788 οὐδὲ
1092 761 1135 787 διὰ
1153 761 1198 787 τὸν
1222 760 1343 787 τοιοῦτον
1359 759 1438 794 λόγον
1452 760 1498 786 καὶ
1517 759 1548 785 τὸ
1568 759 1690 785 τοιοῦτον
1716 757 1800 784 πνεῦ-

1019 817 1056 842 μα
1085 806 1273 841 πληθυντικῶς
1302 807 1316 832 ὁ
1340 806 1405 836 Θεὸς
1430 805 1494 839 περὶ
1524 804 1623 832 ἑαυτοῦ
1648 803 1799 837 διελέγετο,

1018 852 1111 887 ὥσπερ
1127 852 1266 885 εἰσάγεται
1281 851 1309 877 ἐν
1323 850 1375 885 ὅλῳ
1391 850 1429 884 τῷ
1449 849 1615 884 Ἀλκοράνῳ.
1628 848 1659 875 El
1674 849 1703 875 δὲ
1724 848 1801 882 λέγει

1017 897 1145 933 περὶτοῦ
1160 897 1290 924 ἀκτίστου
1313 897 1360 923 καὶ
1384 894 1529 926 οὐσιώδους
1544 895 1633 928 Λόγου
1655 894 1702 920 τοῦ
1728 894 1802 920 Θεοῦ

1018 945 1065 971 καὶ
1084 944 1253 978 Πνεὺματος,
1280 942 1350 969 οὕτω
1380 941 1575 976 συμϐαίνουσιν
1601 942 1666 976 ἡμῖν
1694 941 1741 967 ἐπί
1772 949 1804 967 τε

1017 990 1067 1024 ’τῆς
1085 989 1248 1024 σαρκώσεως
1274 988 1321 1014 καὶ
1349 987 1395 1013 τοῦ
1420 987 1469 1022 τῆς
1494 987 1608 1022 Τριάδος
1634 986 1804 1021 μυστηρίου.

1022 1037 1083 1062 Ἐτι
1099 1036 1181 1070 φησὶν
1196 1036 1210 1061 ὁ
1227 1034 1373 1069 Μαχούμετ
1388 1033 1451 1068 περὶ
1467 1033 1513 1059 τοῦ
1530 1032 1597 1059 Θεοῦ
1611 1034 1639 1059 ὲν
1655 1033 1693 1066 τῷ
1711 1042 1804 1067 κεφα-

1019 1081 1087 1115 λαίῳ
1101 1081 1140 1115 τῷ
1162 1080 1362 1114 Ἐλμουμηνὶμ,
1380 1080 1422 1105 ὅτι
1443 1080 1468 1106 εί
1485 1081 1498 1105 ὸ
1518 1078 1584 1110 Θεὸς
1598 1076 1670 1113 εἶχεν
1687 1079 1757 1110 υίὸν,
1771 1079 1802 1104 ἐν

1019 1127 1134 1162 κινδύνῳ
1149 1127 1182 1153 ἂν
1196 1125 1229 1161 ἦν
1244 1127 1302 1157 δλος
1316 1128 1330 1152 ὁ
1355 1126 1468 1160 κόσμος.
1483 1122 1538 1151 Ἦν
1550 1125 1602 1159 γὰρ
1616 1124 1648 1151 ἂν
1661 1125 1690 1150 ὲν
1707 1125 1803 1154 αὐτοῖς

1021 1177 1135 1210 σχίσμα.
1160 1172 1234 1208 Αὕτη
1258 1172 1286 1198 δι
1316 1172 1332 1206 ἠ
1358 1171 1486 1202 ὑπόθεσις
1515 1170 1576 1196 λίαν
1605 1170 1663 1196 ἐστὶ
1686 1169 1804 1204 ψευδής.

1025 1220 1189 1254 Ὺποτίθησι
1205 1219 1259 1253 γὰρ
1279 1218 1317 1252 μὴ
1341 1214 1395 1244 οἶόν
1420 1225 1450 1243 τε
1481 1214 1550 1243 εἶναι
1579 1216 1623 1241 τδν
1643 1216 1710 1241 Θεὸν
1727 1215 1803 1250 ἔχειν

1021 1265 1089 1297 υἱὸν,
1110 1266 1134 1291 εί.
1162 1265 1199 1299 μὴ
1218 1263 1336 1297 πονηρὸν
1354 1262 1401 1288 καὶ
1420 1261 1520 1296 αὐθάδη
1541 1261 1587 1287 καὶ
1602 1261 1803 1287 ἀνυπότακτον.

1027 1309 1120 1345 Ἡμεῖς
1145 1310 1173 1336 δέ
1198 1317 1298 1344 φαμεν,
1326 1309 1368 1334 ὅτι
1384 1307 1398 1333 ὀ
1414 1307 1478 1336 Υἱὸς
1496 1306 1542 1332 τοῦ
1560 1306 1626 1332 Θεοῦ
1639 1306 1726 1339 Λόγος
1742 1307 1804 1332 ἐστὶ

1020 1356 1067 1383 τοῦ
1083 1355 1162 1388 Θεοῦ,
1184 1355 1231 1381 καὶ
1254 1355 1394 1389 ἐπιστήμη
1417 1353 1463 1380 τοῦ
1489 1351 1649 1388 Πατρὸς,δι¹
1663 1350 1698 1387 ἦς
1713 1352 1804 1378 πάντα

1022 1402 1178 1436 ἐργάζεται.
1199 1401 1228 1426 'O
1237 1400 1266 1427 δὲ
1291 1400 1369 1434 λόγος
1390 1400 1404 1426 ὁ
1416 1397 1577 1434 συλληφθεὶς
1592 1399 1620 1424 ἐν
1636 1399 1668 1432 τῇ
1685 1397 1801 1432 διανοίᾳ,

1021 1447 1069 1473 καὶ
1089 1448 1105 1481 ἡ
1133 1446 1179 1473 τοῦ
1201 1446 1322 1480 τεχνίτου
1337 1445 1486 1479 ἐπιστήμη,
1502 1444 1630 1470 οὐδέποτε
1648 1443 1702 1470 οὐδ’
1719 1444 1749 1470 ὲν
1760 1444 1800 1478 τῷ

1022 1493 1156 1527 ἀνθρώπῳ
1184 1491 1335 1518 διίστανται
1366 1490 1414 1517 τοῦ
1450 1489 1685 1525 συήαμὸἀνοντος
1723 1489 1771 1516 νοῦ
1790 1497 1798 1504 ·

1020 1540 1044 1565 εί
1071 1539 1107 1574 μή
1135 1546 1187 1564 που
1205 1537 1372 1573 βλασφημῶν
1399 1537 1414 1563 δ
1429 1536 1580 1572 Μαχούμετ
1603 1538 1660 1571 ἐρεῖ
1671 1536 1805 1571 διχονοεῖν

1021 1584 1088 1618 πρὸς
1103 1585 1199 1610 ἑαυτὸν
1217 1584 1263 1610 τὸν
1277 1583 1354 1616 Θεὸν,
1369 1584 1416 1610 καὶ
1431 1578 1581 1616 ἀντιλέγειν
1594 1583 1632 1617 τῷ
1651 1581 1749 1609 ἑαυτοῦ
1766 1582 1806 1616 νῷ

1021 1630 1069 1657 καὶ
1097 1631 1224 1665 νοήματι.
1246 1630 1307 1656 Ἔτι
1324 1630 1338 1655 ὁ
1355 1629 1505 1665 Μαχούμετ
1523 1629 1606 1664 φησὶν
1619 1630 1648 1655 ὲν
1666 1629 1704 1663 τῷ
1720 1636 1807 1661 κεφα-

1021 1675 1089 1710 λαίῳ
1103 1675 1142 1710 τῷ
1158 1674 1286 1708 Ἑλεζὰπ,
1305 1675 1345 1701 ὅτι
1368 1675 1382 1701 ὸ
1402 1675 1468 1706 Θεὸς
1487 1675 1534 1701 καὶ
1549 1675 1573 1701 oi
1587 1674 1700 1708 ἄγγελοι
1718 1674 1806 1700 αὑτοῦ

1021 1720 1144 1755 εὔχονται
1162 1720 1232 1755 ὑπὲρ
1247 1720 1293 1746 τοῦ
1313 1719 1436 1755 Μωάμεθ
1452 1720 1499 1747 καὶ
1517 1720 1571 1746 τῶν
1589 1720 1677 1746 ἀλλων
1697 1720 1807 1755 Σαρῤα-

1022 1767 1123 1800 κηνῶν.
1143 1766 1178 1793 Τὸ
1197 1768 1246 1801 μὲν
1268 1766 1315 1793 οὖν
1341 1767 1394 1792 τῶν
1409 1766 1532 1800 ἀγγέλων
1546 1766 1709 1801 παρεατέον.
1732 1767 1762 1792 Ὀ
1777 1766 1807 1792 δὲ

1022 1812 1089 1843 Θεὸς
1110 1812 1155 1847 ὅτε
1178 1812 1248 1846 ὑπὲρ
1265 1812 1355 1838 αὐτῶν
1370 1812 1479 1847 εῡχεται
1492 1832 1499 1844 ,
1522 1812 1575 1838 τίνι
1602 1811 1728 1845 εῠχεται;
1743 1812 1808 1842 Τοῖς

1023 1856 1160 1890 ἀγγέλοις,
1181 1856 1198 1891 ἢ
1214 1858 1269 1888 τοῖς
1285 1856 1449 1891 ἀνθρώποις,
1472 1857 1488 1891 ἦ
1506 1857 1614 1891 ἑαυτῷ;
1635 1856 1714 1882 Ἀλλὰ
1731 1856 1807 1882 τοῦτ’

1023 1902 1202 1936 ἐστὶψεῦδος,
1219 1903 1250 1929 τὸ
1268 1903 1396 1938 εὔχεσθαι
1413 1903 1512 1938 ἐαυτῷ·
1532 1904 1578 1929 καὶ
1599 1903 1717 1937 μάλιστα
1732 1904 1807 1929 κατὰ

1022 1947 1067 1974 τὴν
1081 1947 1239 1982 Μαχούμετ,
1255 1948 1284 1979 ὃς
1299 1949 1346 1974 καὶ
1364 1948 1412 1984 τὴν
1437 1948 1483 1974 τοῦ
1504 1948 1590 1982 Λόγου
1605 1947 1744 1982 σάρκωσιν
1758 1948 1809 1980 ἀρ-

1022 1994 1124 2024 νεῖται,
1150 1994 1198 2020 καὶ
1225 1993 1287 2020 οὐδὲ
1310 1994 1448 2030 διάκρισιν
1473 1994 1628 2029 προσώπων
1649 1993 1758 2028 τίῢησιν
1776 1994 1807 2019 ἐν

1021 2040 1077 2070 τοῖς
1091 2038 1184 2071 Θείοις.
1204 2040 1301 2074 Τίθησι
1323 2039 1351 2066 δὲ
1381 2040 1427 2066 καὶ
1449 2040 1515 2066 ἄλλα
1540 2040 1608 2067 ἄττα
1637 2039 1722 2074 ψεύδη
1758 2040 1807 2066 καὶ

192 2081 321 2113 ἀδύνατα,
340 2080 434 2115 ὥσπερ
459 2082 488 2106 ὲν
505 2080 544 2115 τῷ
565 2081 705 2116 κεφαλαίῳ
724 2081 762 2116 τῷ
788 2081 922 2116 Ἐλαστάρ
938 2081 1046 2116 λέγεται
1059 2084 1153 2119 ὥσπερ
1173 2086 1205 2111 ὲκ
1238 2087 1385 2119 προσώπου
1407 2085 1452 2112 τοῦ
1473 2086 1554 2118 Θεοῦ,
1583 2088 1614 2113 Εί
1639 2087 1807 2121 ἐπέμψαμεν

192 2126 270 2153 τοῦτο
285 2126 314 2152 τὸ
335 2126 494 2161 ’Λλκοράνον
504 2129 544 2158 είς
555 2128 583 2154 ἓν
601 2127 655 2154 τῶν
669 2127 751 2162 ὀρῶν,
767 2126 837 2160 εἶδες
854 2128 886 2155 ἂν
902 2129 977 2164 αὐτῷ
995 2130 1104 2165 σλισθὲν
1118 2131 1171 2157 ἀπὸ
1194 2132 1243 2166 τῆς
1265 2132 1406 2164 εὐλαϐείας
1439 2133 1544 2160 καὶτοῦ
1559 2134 1640 2168 φόὸου
1662 2133 1708 2160 τοῦ
1723 2134 1805 2160 Θεοῦ”

192 2175 239 2200 καὶ
259 2173 354 2208 ὥσπερ
369 2174 398 2199 ἐν
419 2173 458 2208 τῷ
478 2173 616 2208 κεφαλαίῳ
648 2174 685 2208 τῷ
711 2174 862 2209 Ἐλκαμάρ,
894 2174 910 2201 ὃ
944 2175 1127 2210 ἑρμηνεύεται
1152 2176 1281 2210 σελήνη,
1308 2178 1401 2212 φησὶν,
1418 2179 1459 2204 ὅτι
1487 2179 1504 2214 η
1524 2180 1621 2214 σελήνη
1644 2181 1806 2216 πνετρὶὃη.

192 2219 247 2245 Καὶ
263 2219 348 2245 πολλά
364 2218 442 2250 ἄλλα,
458 2218 475 2245 ἀ
495 2219 598 2254 μακρὸν
615 2219 648 2245 ἂν
662 2219 704 2253 εῐη
721 2219 896 2254 ἀπαριθμεῖν.

231 2264 309 2291 Unde
328 2267 417 2298 potest
445 2263 573 2290 omnibus
597 2263 766 2298 sapientibus
796 2263 971 2291 manifestum
986 2264 1011 2294 D

193 2318 264 2342 esse,
283 2310 367 2343 legem
379 2309 451 2335 illam
472 2316 527 2335 non
541 2316 602 2335 esse
617 2317 631 2335 a
656 2309 721 2340 Deo.
750 2317 810 2343 qua:
827 2313 867 2336 tot
892 2313 920 2336 et
931 2309 971 2337 sic

192 2355 336 2383 manifesta
352 2354 476 2381 continet
493 2354 643 2381 mendacia.
669 2354 849 2382 Inveniuntur
879 2359 970 2381 autem

193 2404 254 2436 post
271 2400 329 2427 baac
344 2404 373 2427 et
384 2400 438 2427 alia
452 2399 575 2434 quaedam
602 2400 703 2426 absona
717 2419 724 2432 ,
754 2407 814 2434 quze
842 2403 970 2434 tanquam

193 2446 270 2473 ﬁrma
286 2445 416 2473 Saraceni
433 2444 577 2477 allirmant,
596 2445 724 2472 translata
740 2452 773 2472 ex
794 2445 928 2472 Alcorano
943 2446 971 2471 in

192 2491 303 2519 modum
317 2491 506 2526 expositionis,
524 2491 699 2518 continentur
721 2496 811 2518 autem
830 2491 917 2525 palam
944 2489 972 2517 in

192 2537 263 2563 libro
271 2537 414 2564 Mahometi
423 2536 457 2563 de
469 2535 686 2570 expositionibus
695 2536 743 2571 (I):
753 2544 783 2563 ex
799 2536 898 2570 quibus
910 2543 972 2562 cum

194 2582 278 2609 multa
293 2582 357 2614 sint,
374 2588 460 2621 pauca
483 2581 528 2607 hic
546 2581 776 2608 commemorabo.
811 2581 901 2608 Unum
929 2585 972 2608 est

193 2627 266 2663 quod
292 2627 369 2658 dicit,
385 2626 458 2661 quod
486 2631 608 2653 creatum
637 2626 688 2653 i'uit
713 2626 812 2653 cmlum
833 2633 865 2652 ex
885 2627 972 2658 fumo,

194 2673 285 2701 fuluius
300 2678 391 2700 autem
406 2680 438 2699 ex
455 2671 628 2699 exhalatione
648 2672 745 2702 maris,
779 2679 854 2699 mare
880 2676 971 2698 autem

193 2727 227 2746 ex
245 2720 363 2754 quodam
380 2722 472 2745 monte
486 2718 532 2752 qui
549 2717 624 2751 Caph
639 2717 801 2751 appellatur.
824 2721 851 2744 et
872 2717 895 2743 is
920 2718 975 2744 cin-

195 2765 282 2792 eumit
299 2769 385 2792 totum
403 2766 498 2791 orbem
512 2768 657 2796 terrarum,
681 2767 707 2789 et
729 2763 847 2790 sustinet
861 2763 971 2790 coelum.

232 2844 270 2879 (l)
291 2843 315 2870 Is
330 2848 371 2870 est
386 2843 431 2877 qui
446 2842 615 2874 inscribitur,
640 2841 676 2869 De
693 2839 816 2867 doctrina
835 2840 996 2868 Machumet.

1061 2264 1143 2292 Ὅθεν
1164 2264 1274 2291 δύναται
1299 2266 1365 2291 πᾶσι
1389 2268 1480 2300 σοφοῖς
1503 2267 1627 2300 γενέσθαι
1649 2272 1809 2304 καταφανὲς

1025 2309 1070 2336 τὸν
1085 2310 1167 2344 νόμον
1183 2311 1284 2336 ἐκεῖνον
1300 2311 1337 2346 μὴ
1354 2309 1421 2337 εἶναι
1437 2313 1512 2346 παρά
1527 2312 1594 2338 Θεοῦ
1604 2333 1611 2344 ,
1626 2315 1744 2341 τοσαῦτα
1759 2317 1808 2342 καὶ

1024 2354 1097 2381 οὕτω
1116 2355 1182 2390 δῆλα
1204 2356 1363 2390 περιέχοντα
1382 2355 1477 2390 ψεύδη.
1497 2358 1674 2392 Εὑρίσκονται
1691 2360 1719 2386 δὲ
1738 2362 1809 2395 μετὰ

1024 2401 1108 2427 ταῦτα
1124 2401 1170 2426 καί
1182 2409 1240 2427 τινα
1256 2401 1323 2427 ἄλλα
1338 2402 1474 2438 ἀπᾴδοντα
1484 2424 1491 2436 ,
1506 2403 1577 2439 ἅπερ
1592 2405 1628 2436 ὡς
1644 2405 1744 2439 βέὃαια
1768 2407 1810 2433 δι-

1026 2446 1244 2480 ισχυρίζονταιοί
1267 2447 1452 2483 Μρῤακηνοὶ,
1475 2451 1683 2485 μεταφερόμενα
1707 2453 1740 2479 ἐκ
1761 2454 1809 2480 τοῦ

1032 2492 1193 2527 Ἀλκοράνου
1209 2492 1363 2527 ἐξηγήσεως
1377 2495 1488 2529 τρόπῳ·
1506 2497 1675 2531 περιέχονται
1691 2498 1718 2524 δὲ
1734 2498 1812 2534 511(3-

1027 2537 1110 2572 ρήδην
1131 2539 1160 2563 ἑν
1178 2538 1216 2572 τῷ
1237 2539 1300 2573 περὶ
1320 2538 1471 2573 διηγήσεων
1490 2540 1537 2566 τοῦ
1556 2542 1678 2576 Μωᾶμεϐ
1702 2539 1811 2578 βιϐλίῳ.

1027 2582 1072 2614 Ἐξ
1086 2579 1124 2608 ὧν
1138 2581 1244 2608 πολλῶν
1257 2581 1350 2614 ὄντων,
1367 2583 1466 2615 ὀλίγων
1483 2584 1598 2611 ἐνταῦθα
1615 2588 1810 2620 μνημονεύσω.

1023 2627 1071 2652 Ἔν
1087 2628 1159 2653 ἐστιν
1176 2628 1190 2653 ὃ
1205 2636 1296 2661 φησιν.
1313 2628 1354 2654 ὅτι
1370 2629 1383 2654 ό
1399 2629 1507 2662 κτιστὸς
1521 2630 1634 2665 οὐρανὸς
1650 2633 1764 2666 γέγονεν
1779 2635 1812 2660 ἐκ

1022 2670 1126 2697 καπνοῦ
1139 2679 1146 2686 ·
1162 2672 1176 2697 ὀ
1191 2670 1218 2696 δὲ
1236 2671 1338 2702 καπνὸς
1355 2674 1387 2698 ὲκ
1403 2673 1452 2707 τῆς
1469 2674 1678 2708 ἀναθυμιάσεως
1695 2676 1746 2710 τῆς
1764 2677 1811 2703 θα-

1022 2717 1123 2751 λάσσης
1136 2724 1143 2731 ·
1160 2717 1176 2750 ὴ
1192 2716 1218 2742 δὲ
1235 2717 1355 2744 θάλασσα
1368 2718 1400 2744 ἐκ
1413 2727 1485 2750 τινος
1500 2719 1580 2754 ὅρους
1596 2721 1659 2754 Kqu
1674 2722 1811 2756 καλουμέ-

1023 2771 1079 2794 νου,
1095 2763 1108 2788 ὃ
1123 2762 1316 2798 περιζώννυσιν
1330 2764 1394 2799 ὃλην
1407 2764 1455 2799 τὴν
1469 2765 1640 2801 οίκουμένην,
1656 2768 1711 2793 καὶ
1719 2768 1810 2802 ἀνέχει
