1942 3090
161 172 227 205 llﬁt

763 169 911 200 CONTRA
933 167 1184 198 MAHOMETEM.

1703 161 1771 195 1102

159 235 206 260 ἰδν
221 230 344 266 οὐρανόν.
360 228 430 264 Φησὶ
446 228 474 256 δὲ
492 228 538 254 καὶ
552 227 597 254 16v
612 227 686 261 ἥλιον
701 226 748 253 καὶ
763 227 813 258 τὴν
828 225 942 259 σελήνην

1000 223 1119 258 Dicitque
1136 223 1220 250 solem
1237 226 1263 249 et
1281 222 1372 249 lunam
1399 220 1510 255 atqualis
1527 219 1596 248 lucis
1622 224 1649 247 et
1663 220 1773 248 virtutis

163 281 223 306 ἴσου
240 277 329 312 φωτὸς
346 277 393 303 καὶ
409 274 550 309 δυνάμεως
567 272 712 306 γενέσθαι,
727 271 774 297 καὶ
808 270 941 306 μηδεμίαν

160 325 296 359 διάκρισιν
312 321 382 349 εἶναι
401 320 502 356 μεταξὺ
519 319 616 349 νυκτὸς
632 318 679 345 καὶ
694 316 812 353 ἡμέρας.
830 316 897 342 Ποτὲ
913 316 942 342 δὲ

162 369 313 403 πετομένου
336 366 382 393 τοῦ
408 364 539 400 Γαϐριὴλ,
564 363 664 396 συνέϐη
685 363 715 389 16
740 362 838 396 πτερὸν
859 360 942 387 αὐτοῦ

162 413 283 449 ἅψασθαι
304 412 353 446 τῆς
379 411 505 452 σελήνης,
528 409 545 444 ἢ
568 409 614 435 καὶ
638 407 732 441 ὥσπερ
755 407 862 442 ορῶμεν
883 406 942 437 νῦν,

161 458 317 492 ἐσκοτίσθη.
332 457 392 483 Ἔτι
410 456 478 490 φησὶ
491 455 537 481 τὸν
554 454 603 489 μὲν
619 453 667 480 σῦν
681 452 726 480 τὸν
741 452 835 487 ἄγριον
849 453 880 478 ἐκ
895 452 943 484 τῆς

162 505 264 539 κόπρου
277 503 324 529 τοῦ
338 502 481 536 ἐλέφαντος
494 500 667 535 γεννηθῆναι,
682 498 727 525 τὸν
739 498 767 524 δὲ
782 496 834 533 μῦν
848 498 880 523 ἐκ
893 496 943 530 τῆς

162 551 266 583 κόπρου
279 548 325 575 τοῦ
339 548 440 584 χοίρου,
452 547 501 581 τὴν
513 547 540 572 δὲ
553 545 639 579 γαλῆν
653 545 684 571 ὲκ
695 543 742 570 τοῦ
758 542 883 578 μετώπου
896 540 943 567 τοῦ

161 595 275 625 λέοντος.
292 593 392 620 Τοῦτον
408 593 435 619 δὲ
450 593 494 618 τὸν
509 592 611 626 τρόπον,
622 589 766 624 ἐξηγεῖται.
782 588 875 618 Ὀντος
890 587 944 621 γὰρ

161 640 207 667 τοῦ
223 640 282 666 Νῶε
298 641 325 665 ὲν
338 640 370 672 τῇ
384 637 492 672 κιϐωτῷ
506 637 574 671 μετὰ
586 636 639 662 τῶν
651 635 716 662 υἱῶν
727 635 772 660 καὶ
783 633 837 660 τῶν
849 632 925 664 ζώων
936 652 943 664 ,

162 685 207 710 ὅτε
229 683 296 717 πρὸς
318 682 456 708 ἀπόπατον
480 681 611 715 ἐχώρουν,
636 678 757 704 ἐκλίνετο
779 678 795 711 ἡ
818 676 943 708 κιϐωτὸς,

164 731 211 756 ttat
227 729 341 764 μάλιστα
356 728 398 754 ὅτε
413 728 427 752 6
440 726 538 759 ἐλέφας
554 724 643 760 ἐπῄει.
658 725 712 751 Καὶ
723 723 767 749 διὰ.
781 723 811 749 16
825 722 885 749 λίαν
900 730 946 755 φο-

164 773 277 803 ϐεῖσθαι.
289 771 430 806 ἠρώτησεν
442 771 455 796 6
466 769 526 796 Νῶε
537 769 581 795 τὸν
593 768 669 795 Θεοί.
682 769 728 798 '0;
740 767 802 802 ἔφη,
815 765 944 796 Ἀπελθε,

164 819 212 845 καὶ
228 818 417 852 προσκύνησον
433 815 478 842 τὸν
496 814 620 849 πρωκτὸν
637 813 718 840 αὐτοῦ
739 812 805 847 πρὸς
822 812 856 846 τῇ
873 811 926 845 ὁπῇ
937 831 944 843 ,

165 864 194 896 ἐξ
217 861 251 899 ἧς
275 863 397 898 πρόεισιν
419 862 435 895 ἡ
461 860 573 895 κόπρος.
596 856 634 886 Οἵ)
658 858 814 892 γενομένου,
837 856 895 891 ἅμα
914 864 944 881 τε

285 891 400 943 κόπρος,
415 891 463 933 καὶ
476 891 524 932 σὺν
538 906 606 940 αὐτῇ
621 891 712 940 χοῖρος
725 891 855 938 μέγιστος
871 901 945 934 λίαν,
960 891 983 920 Β

162 952 193 981 οὗ
208 954 246 988 τῷ
264 953 358 988 ῥύγχει
372 953 420 983 τὰς
433 952 552 986 κόπρους
570 950 624 986 (ὡς
638 948 751 983 εἴωθεν)
767 947 928 983 ὁρύσσοντος
938 967 946 979 ,

163 1002 178 1027 6
194 1000 245 1034 μῦς
262 998 393 1032 ἐγεννήθη
404 1017 412 1029 .
428 997 474 1023 καὶ
490 996 591 1031 ἤρξατο
606 994 760 1022 κατεσθίειν
775 993 823 1024 τὰς
840 992 947 1022 σανίδας

165 1046 216 1081 τῆς
241 1044 370 1072 κιϐωτοῦ.
394 1043 449 1070 Καὶ
469 1043 530 1068 τότε
554 1041 670 1076 μάλιστα
692 1039 875 1074 ἐφοϐήθησαν.
896 1037 948 1064 Καὶ

165 1091 342 1126 ἐπερωτήσας
359 1091 372 1116 6
388 1088 449 1115 Νῶε
466 1089 512 1114 τὸν
529 1086 642 1122 Κύριον,
658 1085 776 1117 ἐπάταξε
793 1086 838 1110 τὸν
853 1083 947 1110 λέοντα

164 1139 194 1164 ὲν
207 1137 246 1172 τῷ
263 1136 390 1171 μετώπῳ.
406 1135 460 1161 Καὶ
476 1133 572 1168 ἐξῆλθε
588 1132 657 1166 γαλῆ
674 1131 716 1157 διὰ
731 1131 784 1157 τῶν
801 1131 948 1165 μυκτήρων

165 1183 258 1210 αὐτοῦ.
277 1182 331 1208 Καὶ
347 1180 449 1214 ταύτην
465 1178 534 1206 εἷναί
553 1187 619 1213 φησι
637 1178 686 1212 τὴν
704 1177 803 1206 αίτεαν,
819 1175 853 1202 δι’
865 1176 898 1210 ἣν
914 1175 948 1201 τὰ

165 1227 212 1254 τοῦ
227 1227 318 1262 χοίρου
332 1227 400 1261 κρέα
413 1225 555 1259 ἀκάθαρτα
569 1222 639 1250 εἶναι
653 1222 728 1257 φασί,
743 1222 811 1256 Φησὶ
825 1222 852 1248 δὲ
867 1221 948 1248 πάλιν

165 1274 195 1299 ὲν
211 1273 250 1308 τῷ
270 1271 419 1307 αὐτῷ,.ὅτι
437 1272 451 1297 6
467 1270 534 1301 Θεὸς
551 1269 618 1304 πρὸς
636 1269 674 1303 τῷ
692 1268 763 1295 τέλει
779 1268 826 1294 τοῦ
844 1267 948 1302 κόσμου

166 1317 310 1344 ἀποκτενεῖ
324 1316 415 1342 πᾶσαν
431 1314 518 1340 κτίσιν
529 1334 536 1346 ,
552 1314 599 1340 καὶ
612 1313 675 1343 τοὺς
688 1312 820 1346 ἀγγέλους
836 1312 883 1338 καὶ
898 1313 948 1346 ἁρ-

166 1362 315 1397 χαγγέλους
326 1379 336 1395 ,
349 1360 398 1387 καὶ
412 1359 488 1386 οὐδὲν
504 1358 734 1393 ὑπολειφθήσεται
750 1357 804 1389 ζῶν
819 1357 887 1393 πλὴν
900 1356 949 1383 τοῦ

166 1408 234 1435 Θεοῦ
251 1407 298 1434 καὶ
312 1406 358 1433 τοῦ
374 1406 500 1433 θανάτου·
516 1405 546 1436 ὃς
559 1405 633 1431 ἐστιν
648 1403 763 1438 ἄγγελός
776 1411 818 1434 τις
834 1402 949 1437 λεγόμε-

153 1461 210 1485 "vo;
228 1452 346 1488 ’Δδριήλ.
360 1451 414 1478 Καὶ
429 1451 489 1478 τότε
506 1450 653 1477 ἐντελεῖται
671 1449 771 1483 Κύριος
786 1449 824 1484 τῷ
841 1448 950 1484 ’Δδριὴλ

168 1501 328 1527 ἀποκτεῖναι
345 1497 451 1525 ἑαυτόν.
469 1493 506 1524 Οὔ
525 1497 673 1530 γενομένου
684 1515 692 1529 ,
710 1495 831 1530 φωνήσει
849 1494 951 1529 Κύριος

169 1547 243 1581 φωνῇ
261 1545 366 1581 μεγάλῃ
377 1564 385 1577 ,
401 1543 449 1570 καὶ
464 1544 521 1579 ἐρεῖ
533 1551 540 1558 ·
558 1541 612 1569 Ποῦ
629 1543 697 1568 εἰσιν
712 1542 736 1567 ei
752 1540 888 1576 σατράπαι
903 1539 949 1566 τοῦ

170 1592 272 1627 κόσμου
285 1591 331 1618 καὶ
345 1591 369 1616 oi
386 1590 532 1625 ᾶρχοντες;
548 1588 604 1615 Καὶ
620 1587 688 1622 μετὰ
703 1586 789 1613 ταῦτα
804 1586 950 1621 ἀναστήσει

170 1637 267 1663 πάντα.
282 1635 367 1666 Αὐτός
381 1643 411 1661 τε
425 1633 505 1660 πάλιν
518 1635 532 1660 6
545 1631 694 1668 Μαχούμετ
710 1632 820 1666 ἐποίησε
837 1631 949 1666 βιϐλίον,

169 1682 236 1708 ὅπου
262 1680 364 1715 ἔγραψε
388 1677 637 1715 δὼδεκαηχιλιάδας
661 1677 749 1711 λόγων
774 1676 949 1712 θαυμαστῶν.

169 1725 367 1761 Θαυμαζὸντων
389 1724 418 1751 δὲ
438 1724 486 1751 καὶ
508 1722 676 1758 ζητούντων,
700 1723 724 1748 εί
749 1722 837 1748 πάντα
860 1722 951 1748 ἐκεῖνα

170 1773 256 1807 ἀληθῆ
272 1771 342 1804 εῐεν1
358 1770 526 1805 ἀπεκρίνατο
541 1769 608 1804 μόνα
622 1769 655 1795 τὰ
670 1767 806 1803 τρισχίλια
822 1767 951 1801 ἀλήθειαν

170 1821 252 1855 ἔχειν,
275 1819 309 1845 τὰ
329 1817 351 1844 δ’
365 1817 431 1844 ἄλλα
450 1816 537 1851 ψευδῆ
558 1813 638 1843 εἶναι.
653 1815 737 1841 Ὀταν
757 1814 846 1840 τοίνυν
865 1815 895 1840 ἐν
913 1813 952 1849 τῷ

171 1865 361 1900 προειρημένῳ
378 1862 470 1897 βιϐλίῳ
485 1861 580 1895 ψευδές
592 1869 620 1887 τι
634 1859 886 1894 καταλαμϐάνηται,
901 1867 952 1893 φα-

173 1911 214 1937 σὶν
230 1909 255 1934 οἱ
272 1906 443 1944 Σαρῤακηνοὶ
461 1906 509 1932 καὶ
524 1905 603 1942 τοῦτο
622 1905 667 1931 16v
683 1903 831 1939 Μαχούμετ
847 1904 950 1936 εἰπεῖν,

172 1956 210 1991 μὴ
231 1955 318 1982 πάντα
338 1953 408 1980 εἶναι
427 1951 526 1986 ἀληθῆ,
541 1948 610 1977 εἶναι
629 1951 658 1977 δὲ
678 1950 724 1976 καὶ
741 1949 819 1977 τοῦτο
839 1949 867 1982 ἐξ
886 1948 953 1975 ὲκεί-

172 2011 225 2028 νων
238 2009 246 2017 ·
267 2001 296 2027 16
316 1999 338 2026 δ’
354 1998 500 2026 ὑπόλοιπον
520 1997 580 2023 ὅλον
600 1997 629 2022 ὲν
647 1997 680 2031 τῇ
700 1995 796 2022 ἑαυτοῦ
817 1994 890 2030 ἰσχύϊ
909 1994 952 2021 ἀεὶ

172 2047 321 2081 διαμένειν.
338 2044 424 2071 Τοῦτο
440 2042 560 2070 πιστεύω
577 2041 640 2073 τοὺς
656 2041 849 2076 Σαρῤακηνοὺς
866 2040 953 2066 ποιεῖν

172 2095 221 2120 καὶ
243 2095 288 2120 ὲπ¹ι
309 2091 355 2119 τοῦ
375 2089 545 2123 Ἀλκοράνου.
567 2089 598 2115 El
621 2088 675 2122 γὰρ
697 2088 742 2113 καὶ
764 2086 848 2113 πολλὰ
868 2085 952 2121 ψευδῆ

173 2138 428 2174 καταλαμϐάνονται
444 2137 472 2163 ὲν
489 2134 563 2170 αὐτῷ
576 2154 583 2166 ,
601 2134 675 2168 ὅμως
691 2133 735 2160 διά
750 2141 809 2159 τινα
826 2131 954 2167 περιεχόι

176 2194 243 2221 μενα
255 2186 283 2211 ὲν
294 2183 368 2217 αὑτῷ
381 2182 478 2218 ἀληθῆ,
491 2176 586 2215 ὥσπερ
596 2180 664 2207 Θεοῦ
677 2181 753 2214 λόγος
765 2179 876 2212 τιμᾶται
889 2176 953 2213 παρ’

993 270 1088 303 fuisse,
1106 274 1133 296 ct
1144 269 1244 296 nullam
1260 268 1451 295 discretionem
1466 275 1526 295 esse
1539 268 1609 294 inter
1625 271 1732 294 noctem
1746 273 1771 295 et

994 316 1078 343 diem.
1097 315 1251 350 Aliquando
1266 320 1357 342 autent
1375 314 1484 346 accidit,
1503 313 1574 347 quod
1590 313 1654 340 dum
1669 313 1775 340 volaret

993 359 1113 391 Gabriel,
1127 359 1169 386 ala
1183 359 1242 394 ejus
1260 359 1352 385 lunam
1366 358 1494 393 tetigerit,
1510 365 1570 392 qua:
1582 357 1691 385 etsicut
1702 364 1775 384 nunc

995 404 1129 436 videmus,
1155 405 1301 432 obscurata
1315 408 1367 432 est.
1381 404 1447 430 Item
1464 404 1543 433 dicit,
1557 407 1586 430 et
1599 410 1676 430 suem
1695 410 1775 437 agre-

994 455 1062 477 stem
1081 458 1113 477 ex
1138 455 1259 477 stercore
1285 449 1438 484 elephantis
1452 454 1546 476 natum
1562 456 1623 476 esse
1635 468 1642 480 ,
1668 455 1774 475 murem

972 492 980 497 ”
995 501 1085 524 autem
1100 504 1131 523 ex
1154 501 1274 523 stercore
1289 496 1376 530 porci,
1404 500 1506 522 cattum
1514 499 1612 535 autem
1637 501 1671 521 ex
1686 494 1774 521 fronte

995 543 1093 570 leonis.
1111 541 1168 569 lloc
1181 549 1271 569 autem
1290 543 1342 569 isto
1352 542 1434 569 modo
1446 542 1603 576 exponitur.
1617 540 1684 568 Cum
1702 541 1774 568 enim

995 587 1051 614 Noe
1066 592 1138 614 esset
1151 588 1177 614 in
1191 595 1254 614 arca
1270 594 1332 614 cum
1349 587 1412 614 ﬁliis
1428 591 1455 613 et
1471 586 1648 617 animalibus,
1664 586 1776 620 quando

995 633 1029 660 ad
1042 633 1169 660 latrinam
1185 637 1370 665 secesserunt,
1389 632 1520 659 inclinata
1537 635 1579 658 est
1592 639 1664 662 arca,
1677 636 1705 658 et
1718 639 1779 658 ma-

997 678 1069 705 xime
1092 678 1203 712 quando
1216 678 1328 712 elephas
1341 677 1447 705 aderat.
1477 677 1509 704 Et
1536 682 1679 711 propterea
1704 676 1778 711 quod

995 722 1073 749 valde
1087 722 1188 755 timuit,
1205 722 1344 749 consuluit
1359 721 1416 749 Noe
1434 722 1528 748 Deum.
1552 721 1603 754 Qui
1619 721 1687 748 dixit
1702 730 1708 748 :
1727 721 1780 748 Be-

996 769 1073 799 ccde,
1096 772 1124 795 et
1143 768 1225 795 adora
1244 768 1367 801 podicem
1384 768 1444 802 ejus
1458 767 1489 794 ad
1504 767 1636 799 foramen,
1664 775 1697 794 ex
1721 774 1777 801 quo

997 813 1122 848 provenit
1142 819 1257 840 stercus.
1275 813 1335 846 Quo
1351 813 1421 840 facto
1450 813 1530 840 simul
1547 812 1630 839 exivit
1658 817 1776 845 stercus,

996 863 1024 886 et
1040 866 1101 886 cum
1111 867 1144 886 co
1159 867 1258 894 porcus
1273 859 1351 886 valde
1365 865 1488 893 magnus,
1505 859 1583 893 cujus
1600 862 1689 884 rostro
1708 862 1778 885 ster-

999 911 1062 932 cora
1077 905 1158 939 (sicut
1173 905 1326 939 consuevit)
1338 905 1495 936 cll‘odicntc,
1510 912 1570 931 mus
1586 909 1667 930 natus
1683 908 1736 936 est,
1751 909 1779 930 et

997 949 1207 984 incepitroderc
1218 950 1325 977 tabulas
1339 958 1416 978 arcae.
1430 951 1463 977 Et
1475 955 1539 977 tunc
1552 950 1669 977 maxime
1681 950 1779 977 timue-

998 1001 1072 1023 runt.
1090 997 1303 1031 Et'intcrrogans
1318 996 1375 1023 Noe
1394 996 1552 1028 Dominum,
1573 997 1707 1031 percussit
1721 996 1778 1023 leo-

998 1049 1059 1068 nem
1082 1042 1108 1068 in
1124 1042 1223 1069 fronte.
1236 1041 1269 1068 Et
1282 1042 1365 1069 exivit
1380 1041 1542 1076 mustelam
1554 1049 1602 1076 per
1615 1049 1695 1069 nares
1706 1043 1778 1078 ejus.

999 1088 1031 1114 Et
1049 1088 1120 1114 hanc
1137 1087 1232 1114 dicunt
1247 1095 1308 1114 esse
1324 1095 1446 1118 causam,
1462 1092 1574 1122 propter
1588 1094 1668 1122 quam
1684 1094 1781 1114 carnes

999 1133 1075 1167 porci
1094 1141 1148 1159 non
1166 1133 1255 1160 licitas
1270 1140 1332 1174 esse
1349 1132 1454 1159 dicunt.
1491 1132 1562 1159 Dicit
1579 1137 1669 1159 autem
1685 1140 1782 1159 rursus

999 1179 1025 1204 in
1042 1178 1137 1205 eodem
1155 1179 1285 1212 capitulo,
1299 1179 1371 1213 quod
1388 1178 1459 1206 Deus
1471 1179 1498 1206 in
1514 1179 1566 1205 ﬁne
1580 1177 1672 1205 mundi
1685 1177 1783 1205 interi-

998 1230 1054 1252 met
1067 1233 1175 1252 omnem
1190 1229 1356 1258 creaturam,
1373 1230 1401 1252 et
1412 1226 1532 1260 angelos,
1554 1230 1582 1252 et
1593 1224 1781 1258 archangelos.

998 1276 1026 1298 ot
1041 1271 1110 1298 nihil
1125 1271 1263 1305 relinquet
1276 1271 1371 1298 vivens
1386 1276 1484 1305 przcter
1503 1271 1588 1298 Deum
1612 1275 1640 1297 et
1655 1275 1782 1302 mortem,

999 1325 1061 1352 qua:
1073 1323 1116 1345 est
1128 1317 1241 1353 angelus
1255 1317 1378 1352 quidam,
1392 1317 1438 1352 qui
1450 1316 1551 1344 dicitur
1565 1316 1669 1344 Adriel.
1704 1315 1784 1343 Tunc

1000 1363 1143 1391 mandablt
1160 1364 1289 1391 dominus
1301 1363 1417 1395 Adrieli,
1451 1368 1481 1390 ut
1495 1363 1635 1389 interimat
1651 1362 1784 1396 seipsum.

1001 1409 1061 1443 Quo
1070 1409 1150 1442 facto,
1162 1409 1290 1437 clamabit
1300 1409 1431 1436 Dominus
1448 1416 1513 1436 voce
1525 1416 1632 1443 magna,
1647 1413 1675 1435 et
1689 1407 1761 1435 dicet
1775 1428 1782 1436 .

1000 1455 1052 1483 Ubi
1066 1459 1130 1482 sunt
1145 1460 1262 1490 satrapae
1278 1455 1373 1482 mundi
1385 1459 1413 1481 et
1428 1453 1585 1489 principes?
1600 1453 1633 1481 Et
1649 1457 1711 1488 post
1727 1453 1785 1480 [ιπο

1001 1505 1144 1535 resurgth
1161 1500 1265 1527 omnia.
1297 1499 1411 1534 Ipseque
1427 1506 1523 1526 rursus
1538 1498 1706 1525 Mahomctus
1720 1499 1785 1526 fecit

1002 1545 1113 1578 librum,
1131 1546 1158 1572 in
1173 1554 1228 1581 quo
1241 1545 1353 1580 scripsit
1368 1545 1515 1572 duodeclm
1533 1545 1618 1572 millia
1633 1545 1781 1571 verborum

1003 1591 1178 1619 mirabilium.
1195 1591 1358 1618 Mirantibus
1375 1595 1466 1617 autem
1480 1595 1508 1617 et
1521 1590 1708 1625 quatrcntibus
1722 1589 1787 1624 qui-'

1002 1637 1130 1667 busdam,
1152 1638 1175 1664 sl
1192 1636 1283 1663 omnia
1308 1635 1354 1663 illa
1375 1643 1439 1663 vera
1465 1636 1547 1662 sunt?
1565 1635 1706 1670 respondit
1725 1635 1784 1662 sola

1002 1683 1057 1711 tria
1070 1682 1156 1709 millia
1169 1683 1311 1709 veritatem
1325 1681 1435 1713 habere,
1451 1673 1509 1708 alia
1520 1687 1612 1708 autem
1627 1680 1692 1708 falsa
1712 1688 1783 1708 esse.

1002 1729 1116 1762 Quando
1132 1728 1215 1763 igitur
1230 1729 1257 1754 in
1278 1727 1409 1762 praedicto
1435 1727 1505 1754 libro
1529 1727 1627 1754 falsum
1647 1727 1784 1761 quoddam

1002 1773 1228 1810 deprehenditur,
1253 1773 1348 1801 dicunt
1363 1773 1503 1803 Saraceni,
1528 1778 1556 1799 et
1578 1773 1630 1799 hoc
1645 1773 1785 1799 Mahome-

1005 1824 1063 1847 tum
1084 1819 1194 1850 dixisse,
1207 1826 1261 1845 non
1280 1823 1370 1845 tamen
1385 1819 1476 1845 omnia
1500 1825 1561 1845 esse
1578 1825 1654 1851 vera,
1684 1823 1710 1845 et
1732 1817 1785 1845 hoc

1002 1873 1036 1893 cx
1056 1866 1109 1893 illis
1123 1873 1202 1898 esse;
1220 1865 1356 1900 reliquum
1375 1869 1465 1892 autent
1481 1869 1567 1891 totum
1584 1864 1611 1891 in
1622 1872 1672 1891 suo
1687 1865 1786 1891 rob0re

1003 1919 1176 1947 permanere.
1191 1910 1281 1938 Credo
1292 1910 1374 1938 etiam
1391 1910 1463 1938 idem
1486 1910 1577 1938 facere
1594 1911 1742 1938 Saracenos
1757 1910 1786 1938 in

1003 1956 1148 1983 Alcorano.
1161 1955 1219 1983 Etsi
1230 1956 1302 1983 enim
1318 1955 1402 1982 multa
1421 1954 1561 1983 mendacia
1575 1954 1785 1990 deprehendun-

1004 2005 1048 2029 tur
1056 2002 1083 2029 in
1093 2009 1138 2035 eo,
1148 2006 1237 2029 tamen
1250 2005 1362 2036 propter
1372 2001 1507 2036 quaedam,
1523 2009 1584 2037 quae
1593 2002 1619 2028 in
1632 2002 1689 2036 ipso
1698 1992 1786 2029 conti-

1005 2052 1118 2081 nentur,
1130 2055 1205 2080 vera,
1219 2048 1291 2075 sicut
1315 2048 1362 2075 Dei
1376 2048 1501 2079 verbum,
1522 2049 1548 2075 in
1562 2048 1651 2083 pretio
1664 2041 1785 2075 habetur

1007 2094 1078 2129 apud
1091 2102 1149 2122 eos.
1171 2094 1278 2121 Dictum
1293 2098 1435 2121 cstautem
1456 2094 1536 2121 nobis
1559 2094 1696 2129 superius,
1712 2094 1785 2129 quod

1006 2140 1078 2167 sicut
1109 2139 1174 2167 dicit
1188 2139 1370 2174 Augustinus:
1401 2139 1429 2166 Si
1457 2147 1541 2166 unum
1558 2140 1646 2167 solum
1673 2139 1785 2167 verbum

1006 2183 1104 2211 falsum
1129 2183 1157 2210 in
1184 2183 1331 2218 Evangelio
1361 2184 1543 2217 inveniretur,
1568 2185 1673 2220 justum
1703 2190 1785 2219 esset,

175 2231 276 2262 αὐτοῖς.
294 2230 406 2264 Εἴρηται
423 2228 452 2255 δὲ
469 2229 535 2262 ἡμῖν
551 2227 694 2262 ἀνωτέρω,
710 2226 750 2252 ὅτι
766 2224 854 2255 καθώς
873 2231 949 2258 φησιν

1007 2230 1080 2265 quod
1094 2234 1180 2257 totum
1209 2229 1384 2265 Evangelium
1412 2230 1539 2258 frivolum
1558 2235 1586 2258 et
1601 2238 1702 2258 vanum
1730 2231 1788 2259 exi-

175 2276 365 2311 Λὺγουστῖνος,
380 2274 411 2301 El
427 2274 506 2308 μόνον
518 2270 557 2304 εἷς
570 2272 647 2306 λόγος
661 2271 762 2307 ψευδὴς
775 2271 803 2297 ὲν
817 2270 856 2305 τῷ
869 2271 955 2304 Εὐαγ-

175 2323 258 2358 γελίῳ
271 2322 424 2358 εὑρίσκετο,
440 2318 474 2356 ἦν
490 2320 521 2346 ἂν
537 2318 629 2345 δικαία
644 2318 718 2345 αίτία
732 2317 778 2344 τοῦ
793 2318 823 2344 16
838 2316 957 2351 Εὐαγγέ-

173 2370 231 2396 λιον
246 2370 306 2396 ὅλον
324 2368 436 2404 μάταιον
451 2365 609 2400 λογίζεσθαι
625 2366 671 2391 καὶ
689 2364 820 2399 μυθῶδες.
840 2363 911 2397 Ἐγὼ
927 2362 956 2389 δὲ

174 2416 290 2452 βεϐαίως
306 2413 430 2450 ᾐσθόμην
441 2432 449 2445 ,
467 2413 507 2440 ὅτι
523 2411 578 2438 τῶν
594 2411 778 2446 Σαρῤακηνῶν
794 2410 818 2436 οἱ
838 2409 955 2444 μάλιστα

175 2461 252 2496 σοφοὶ
267 2460 314 2487 καὶ
328 2459 499 2495 γραμμάτων
514 2457 622 2493 ἔχοντες
637 2457 735 2491 πεῖραν
749 2456 779 2482 οὐ
796 2455 953 2482 πιστεύουσι

173 2509 229 2539 τοῖς
242 2506 290 2534 τοῦ
307 2505 470 2540 Ἀλκοράνου
484 2503 585 2538 λόγοις,
599 2503 666 2529 ἀλλὰ
680 2503 710 2528 16
724 2501 836 2537 πλάσμα
851 2501 900 2536 τῆς
915 2501 954 2528 δι-

176 2552 323 2583 δασκαλίας
339 2551 430 2581 αὐτοῖς
444 2549 704 2583 ἁποκεκαλυμμένον
717 2547 785 2575 ἐστί.
800 2548 916 2582 Σημεῖον
928 2547 955 2573 δὲ

176 2601 207 2628 τδ
225 2601 281 2631 τοῖς
302 2598 393 2629 ἄλλοις
415 2597 506 2631 σοφοῖς
529 2595 626 2626 αὐτοὺς
648 2594 765 2630 δημοσίᾳ
784 2593 957 2628 διαλέγεσθαι

177 2644 382 2681 παραιτεῖσθαι,
409 2642 503 2677 ὥσπερ
530 2641 585 2675 ὲγὼ
609 2640 652 2667 διὰ
676 2641 724 2675 τῆς
749 2641 847 2675 πείρας
873 2639 958 2674 ἔγνων

178 2690 273 2724 αὐτῆς.
290 2690 345 2717 Καὶ
361 2689 427 2716 αὐτὸ
443 2687 471 2715 δὲ
486 2688 517 2714 16
532 2686 694 2721 ’Δλκοράνον
709 2687 738 2712 οὺ
757 2684 896 2719 βούλονται
914 2684 959 2718 δη-

177 2735 368 2772 μοσιεύεσθαν
391 2734 560 2769 σφοδρότατα
582 2733 637 2768 γὰρ
661 2731 790 2767 ἄχθονται
812 2729 858 2756 ὑπ’
872 2730 959 2757 ἄλλων

176 2781 432 2817 ἁναγινωσκομένου
443 2801 451 2815 ,
468 2781 516 2808 καὶ
531 2779 658 2815 οὐδαμῶς
677 2778 816 2804 ἐθέλουσιν
833 2777 873 2808 είς
890 2776 959 2804 ἄλλα

1005 2275 1166 2303 stimaretur
1179 2280 1206 2303 et
1219 2275 1386 2302 fabulosum.
1400 2276 1457 2311 Ego
1470 2281 1561 2304 autem
1575 2277 1689 2306 ﬁrmiter
1702 2278 1787 2310 sensi,

1005 2321 1078 2357 quod
1095 2321 1296 2349 Saracenorum
1313 2318 1429 2350 maxime
1442 2324 1593 2357 sapientes,
1611 2329 1637 2351 et
1654 2324 1701 2359 qui
1715 2325 1788 2353 litte-

1005 2375 1097 2395 rarum
1115 2368 1242 2402 peritiam
1263 2367 1380 2399 habent,
1406 2369 1498 2397 verbis
1528 2370 1655 2398 Alcorani
1685 2371 1789 2399 nullam

1005 2413 1137 2441 adhibent
1149 2413 1241 2446 ﬁdem,
1263 2415 1310 2442 sed
1338 2414 1476 2443 ﬁctionem
1491 2416 1624 2444 doctrinae
1637 2417 1696 2453 ejus
1710 2425 1790 2445 aver-

1008 2463 1079 2487 tunt.
1092 2459 1206 2495 Signum
1221 2465 1312 2487 autem
1329 2460 1421 2496 hujus,
1438 2462 1509 2496 quod
1527 2469 1589 2489 cum
1606 2463 1666 2490 aliis
1683 2463 1790 2498 sapien-

1009 2504 1084 2531 tibus
1098 2504 1125 2531 hi
1144 2503 1251 2538 publice
1267 2504 1408 2540 disputare
1421 2511 1558 2538 recusant,
1584 2507 1657 2534 sicut
1676 2514 1727 2542 ego
1741 2514 1790 2542 per

1010 2549 1209 2583 experientiam
1236 2549 1321 2585 ipsam
1343 2551 1469 2586 cognovi.
1498 2552 1533 2579 Et
1561 2552 1650 2586 ipsum
1679 2552 1790 2580 Alcora-

1011 2603 1076 2622 num
1092 2595 1119 2622 in
1148 2596 1267 2623 medium
1294 2596 1386 2624 aﬂerri
1413 2597 1527 2631 nolunt;
1551 2598 1790 2626 vehementissime

1007 2642 1080 2669 enim
1113 2642 1268 2675 tristantur,
1295 2650 1357 2669 cum
1385 2643 1421 2671 ab
1449 2644 1511 2671 aliis
1542 2643 1654 2679 legitur,
1686 2650 1712 2671 et
1738 2651 1789 2671 ne-

1008 2692 1143 2720 quaquam
1171 2686 1266 2713 volunt
1295 2686 1322 2713 in
1349 2686 1418 2713 alias
1450 2687 1557 2721 linguas
1585 2687 1674 2721 ipsum
1702 2693 1790 2714 trans-

1008 2732 1087 2760 ferri.
1114 2731 1222 2760 Scimus
1248 2737 1351 2766 autem,
1377 2733 1449 2767 quod
1462 2741 1561 2768 purum
1589 2740 1686 2760 aurum
1699 2741 1789 2768 neque

1010 2785 1108 2814 aquam
1124 2779 1220 2813 itimet,
1235 2785 1325 2814 neque
1339 2778 1439 2814 ignem.
1454 2778 1488 2805 Et
1509 2782 1621 2814 propter
1644 2779 1696 2805 hoc
1709 2777 1789 2806 Chri-

212 2876 252 2911 (l)
267 2875 373 2904 Cattus.
389 2874 429 2902 Ita
440 2871 514 2901 enim
529 2871 611 2899 habet
624 2871 699 2899 liber
714 2871 752 2899 De
763 2871 837 2898 dort.
854 2870 1018 2898 Machumet.
