1942 3090
161 126 214 158 1105

741 127 891 158 CONTRA
912 128 1164 159 ΜΑΗΟΜΕΤΕΜ.

1675 124 1770 169 nos

159 182 242 212 ὁθεῖος
258 181 339 208 αὑτοῦ
355 182 527 216 Σαῤῥακηνδς
543 182 681 217 ἐσόμενος,
697 183 743 209 καὶ
759 181 818 209 εἷπε
829 191 836 198 ·
852 183 884 209 Τί
900 183 925 209 δὲ

979 183 1058 211 sibilo
1086 188 1137 210 est'
1152 189 1211 209 esse
1228 182 1363 216 quoddam
1380 180 1476 208 aliud?
1501 179 1572 208 Nihil
1586 179 1658 206 aliud
1681 178 1760 207 dixit.

159 227 219 253 ἔσται
236 227 298 261 ἐμοὶ
315 227 351 262 μὴ
367 228 444 254 τοῦτο
461 229 627 264 ποιήσαντι,
645 229 685 255 υἷὲ
701 229 748 255 τοῦ
766 228 833 263 ἐμοῦ
849 229 926 255 ἀδελ-

158 268 254 306 φοῦςᾭ
264 272 295 307 δὴ
311 274 324 298 ὁ
339 273 462 308 Μωάμεθ
475 274 639 309 ἀπεκρίνατο
654 282 661 289 ·
679 274 834 300 Ἀποκτενῶ
849 283 888 307 σε,
904 271 926 300 ὦ

157 317 208 344 θεῖε.
227 317 256 344 ’0
277 318 305 344 δὲ
328 316 415 351 εἶπεν,
434 319 577 346 ’Λδύνατον
599 318 670 346 εἷναί
692 329 718 346 τι
740 321 821 354 duo;
845 321 928 348 Οὐδὲν

156 363 233 398 ἕτερον
249 364 311 399 ἔφη.
327 365 383 392 Καὶ
398 364 475 392 εἶπεν
489 368 502 393 ὁ
519 367 589 398 θεῖος
600 387 607 398 ,
627 367 816 402 Ἀκολουθήσω
832 376 871 394 σοι
888 369 928 400 είς

156 409 210 444 ὅπερ
225 410 258 437 ἂν
275 411 356 446 θέλῃς
367 431 374 444 ,
392 412 502 448 γλώσσῃ
522 413 617 447 μόνον,
636 413 694 439 ἀλλ’
706 414 735 439 ού
754 413 869 449 καρδίᾳ,
888 414 926 448 τῷ

155 455 197 481 δέει
209 455 252 482 τοῦ
269 455 373 490 ξίφους.
390 456 419 483 '0
433 457 460 483 δὲ
478 458 564 493 Ὸμὰρ
578 458 592 484 ὁ
606 458 663 489 υἱὸς
675 458 721 485 τοῦ
739 459 925 494 Κατεμπααδῆ

134 495 139 499 ’
156 500 363 535 ἀναγκαζόμενος
379 499 439 529 εἷπε
451 523 457 534 ,
477 503 562 538 Κύριε
573 525 580 536 ,
598 504 630 529 σὺ
647 501 722 535 οἶδας
738 505 778 531 ὅτι
798 505 871 539 μόνῳ
887 505 926 540 τῷ

155 545 194 571 τοῦ
209 546 322 573 θανάτου
340 547 415 582 φόϐῳ
433 548 545 583 γίνομαι
562 549 748 584 Σαρῥακηνός.
766 551 821 577 Καὶ
837 551 851 577 ὁ
868 550 925 582 υίὸς

155 591 177 617 δὲ
189 591 229 617 τοῦ
244 592 418 627 Ἑμπιασταᾶ
431 595 469 629 τῷ
484 595 558 630 φόϐῳ
573 595 621 621 τοῦ
636 595 728 630 ξίφους
743 596 839 630 γέγονε
855 597 926 631 Σαρ-

979 229 1013 256 Ει
1026 229 1092 256 dixil
1107 229 1259 255 avunculus
1280 236 1286 254 :
1300 228 1405 261 Sequar
1421 231 1446 254 te
1460 226 1493 254 ad
1509 225 1694 261 quodcunque
1711 233 1759 252 vo-

979 274 1075 306 lueris,
1092 275 1184 309 lingua
1198 278 1313 305 tantum,
1332 274 1378 301 sed
1390 281 1445 300 non
1460 272 1553 304 corde,
1570 273 1667 300 timore
1675 271 1760 299 ensis.

979 321 1160 349 Omarautem
1191 320 1262 347 filius
1277 319 1435 354 Catempadi
1464 323 1576 346 coactus
1605 318 1762 345 dixitzno-

980 368 1064 398 mine,
1078 371 1106 393 tu
1123 367 1177 398 scis
1193 366 1267 401 quod
1284 367 1343 393 solo
1357 366 1455 392 timore
1482 366 1580 392 mortis
1599 364 1634 391 [lo
1650 363 1762 390 Sarace-

980 422 1042 441 nus.
1058 414 1091 440 Et
1107 413 1178 440 [ilius
1192 417 1282 439 autem
1298 412 1457 446 Empiaseaa
1469 411 1566 438 timore
1585 410 1658 438 ensis
1675 409 1763 436 factus

978 463 1020 487 est
1037 459 1201 486 Saracenus.
1229 457 1309 485 Unde
1329 457 1402 484 misit
1427 462 1455 484 et
1482 456 1588 483 litteras
1612 455 1644 482 ad
1661 455 1761 484 Mesre.

978 513 1046 540 quas
1057 504 1285 538 mulierquaedam
1298 502 1445 531 occultavit
1453 502 1504 529 sub
1518 501 1641 529 crinibus
1652 500 1760 535 capitis,

977 551 1108 578 nuntians
1123 550 1168 577 his
1183 550 1228 584 qui
1242 555 1307 577 sunt
1323 550 1349 576 in
1361 549 1429 576 urbe
1442 549 1588 575 adventum
1603 547 1761 578 Mahoutcti,

978 601 1006 623 ut
1020 598 1149 622 caverent
1169 594 1219 628 ipsi
1236 595 1290 620 vim
1304 593 1434 621 doctrina:
1451 593 1534 620 illius.

154 638 359 672 ῥακηνό;,”Οθεν
371 639 476 675 ἔπεμψε
489 641 537 667 καὶ
549 641 698 676 γράμματα
713 641 752 674 sl;
779 641 828 677 τὴν
857 642 960 674 Μεσκὲ,
976 641 994 669 ἃ
1016 642 1084 676 γυνή
1105 649 1146 672 τις
1167 640 1284 675 ἔκρυψεν
1305 640 1356 666 ὑπὸ
1374 644 1424 671 τὰς
1443 640 1538 675 τρίχας
1556 639 1606 674 τῆς
1627 638 1761 672 κεφαλῆς,

155 683 251 717 μηνύων
267 685 322 716 τοῖς
343 686 372 711 ὲν
388 687 421 721 τῇ
441 686 516 713 πόλει
533 688 583 722 τὴν
600 688 752 722 παρουσίαν
769 689 817 714 τοῦ
838 688 961 723 Μωάμεθ
972 708 980 720 ,
1012 687 1083 714 ὥστε
1118 685 1287 721 φυλάξασθαι
1320 686 1418 717 αὐτοὺς
1434 685 1483 720 τὴν
1516 685 1576 720 βίαν
1592 685 1641 720 τῆς
1657 684 1760 711 ἐκείνου

152 728 325 762 διδασκαλίας.

188 775 281 802 Ὶστὲον
295 776 323 803 δὲ
337 776 468 812 τέτταρας
485 775 557 805 εἶναι
572 779 671 814 μοίρας
687 779 740 806 τῶν
753 779 924 815 κατεχόντων

1011 777 1169 806 Notandum
1188 781 1289 808 autem,
1319 781 1437 812 quatuor
1461 783 1521 804 esse
1549 781 1640 811 partes
1665 784 1759 804 eorum

150 821 193 855 τὴν
221 822 323 857 πλάνην
344 823 390 850 τοῦ
414 825 535 860 Μωάμεθ
549 833 556 840 ·
575 825 670 861 πρώτη
697 826 779 861 μοῖρα.
801 826 856 852 τῶν
879 825 925 852 τὸν

151 866 168 891 Σ
186 867 367 903 ῤῥακηνισμὸν
395 870 565 897 ὑπελθόντων
593 871 638 898 διὰ
662 871 710 898 τοῦ
745 871 856 906 ξίφους,
887 871 925 903 ὡς

151 912 265 947 εἴρηται·
287 913 311 939 οἳ
329 915 376 940 καὶ
391 914 439 940 νῦν
464 915 512 951 τὴν
532 915 637 943 ἑαυτῶν
653 916 835 950 γινώσκοντες
856 915 927 942 πλά-

149 966 201 991 νην,
214 959 385 994 ἐξωμόσαντο
402 961 435 987 ἂν
453 962 544 995 αὑτὸν,
561 963 584 989 εἰ
598 963 634 997 μὴ
649 962 678 989 τὸ
695 961 772 996 ξίφος
793 961 924 989 ὲδειλίων.

151 1002 228 1038 ’Ἄλλη
246 1004 329 1039 μοῖρά
351 1005 411 1032 ἐστι
435 1005 489 1032 τῶν
518 1006 570 1033 ὑπὸ
593 1006 641 1032 τοῦ
666 1006 792 1033 διαϐόλου
816 1007 925 1042 ἡπατη·

151 1047 242 1081 μένων,
255 1051 439 1076 πιστευόντων
464 1050 552 1086 ἀληθῆ
577 1050 646 1078 εἶναι
668 1051 703 1078 τὰ
726 1051 822 1086 ψευδῆ.
839 1053 924 1087 Τρίτη

151 1095 225 1129 μοῖρα
248 1094 302 1121 τῶν
325 1095 362 1131 μὴ
387 1096 557 1132 βουλομένων
580 1097 732 1132 ἀποστῆναι
755 1098 805 1133 τῆς
821 1097 925 1133 πλάνης

148 1139 197 1164 τῶν
219 1140 358 1175 προγόνων
384 1141 487 1173 αὐτῶν,
517 1142 584 1170 ἀλλὰ
611 1143 744 1178 λεγόντων
770 1145 880 1179 κρατεῖν
907 1144 925 1171 ἃ

148 1184 267 1218 κατεῖχον
289 1185 336 1211 καὶ
360 1185 385 1211 ot
412 1186 529 1221 πατέρες
555 1186 667 1213 αὐτῶν⁸
697 1184 734 1214 ὧν
762 1187 925 1222 ἀφίστανται

149 1229 254 1263 μᾶλλον,
271 1230 296 1256 οἳ
319 1231 381 1258 ἀντὶ
407 1231 457 1266 τῆς
486 1231 720 1268 εἰδωλολατρείας,
791 1234 924 1269 πρότερον

147 1275 375 1317 κατείχοντοητὴν
391 1277 439 1304 τοῦ
462 1278 585 1313 Μωάμεθ
603 1279 722 1314 αἵρεσιν,
736 1279 774 1312 ὡς
796 1279 828 1306 ἂν
844 1277 925 1316 ἧττον

147 1322 272 1357 πονηρὰν,
287 1323 482 1358 ἀναμφιϐόλως
503 1325 669 1360 προείλοντο.
685 1325 822 1360 Τέταρτον
843 1326 925 1361 μέρος

145 1368 201 1393 ἐστὶ
214 1369 267 1395 τῶν
282 1369 325 1396 διὰ
342 1371 371 1397 τὸ
387 1371 480 1398 ἄνετον
493 1372 542 1406 τῆς
558 1371 628 1403 ὀδοῦ,
647 1372 692 1398 καὶ
709 1371 739 1398 τὺ
755 1372 809 1398 τῶν
828 1380 925 1407 γυναι-

146 1413 198 1440 κῶν
213 1415 324 1450 πλῆθος,
343 1417 391 1442 καὶ
416 1417 450 1444 τὰ
474 1417 540 1444 ἄλλα
563 1418 701 1454 ἐνδόσιμα,
718 1418 818 1453 μᾶλλον
835 1418 883 1453 τὴν
897 1420 926 1445 ἐν

979 824 1026 859 qui
1046 824 1164 851 retinent
1190 830 1313 849 errorem
1342 821 1500 849 Mahomcti.
1532 822 1633 854 Prima,
1664 829 1759 849 eorum

979 869 1023 904 qui
1039 868 1153 903 ingressi
1174 872 1238 896 sunt
1255 867 1472 896 Saracenismum
1489 876 1537 903 per
1548 876 1653 901 ensem,
1668 873 1697 896 ut
1718 869 1764 896 di-

979 919 1053 943 ctum
1065 919 1125 948 est;
1139 915 1185 950 qui
1196 915 1277 942 etiam
1294 923 1368 941 nunc
1381 922 1477 942 eorum
1494 915 1615 949 ipsorum
1638 923 1760 942 errorem

979 965 1187 995 cognoscentes,
1201 960 1396 995 resipiscerent
1408 961 1514 995 utique,
1534 960 1586 987 nisi
1603 968 1666 988 eum
1680 969 1762 995 prop-

978 1010 1021 1033 ter
1038 1013 1132 1033 ensem
1150 1006 1289 1033 timerent.
1307 1006 1368 1033 Alia
1388 1006 1522 1040 particula
1542 1013 1638 1033 eorum
1649 1011 1702 1038 cst,
1715 1007 1761 1041 qui

979 1049 1085 1084 decepti
1100 1054 1163 1077 sunt
1175 1057 1190 1077 a
1207 1050 1328 1082 diabolo,
1347 1051 1491 1078 credentes
1515 1059 1578 1078 vera
1610 1059 1670 1078 esse
1686 1060 1763 1079 nien-

979 1095 1066 1124 dacia.
1085 1096 1177 1124 Tertia
1190 1096 1324 1132 particula
1336 1100 1378 1123 est
1393 1104 1488 1123 corum
1501 1097 1548 1131 qui
1562 1097 1659 1124 nolunt
1673 1097 1764 1125 disce-

979 1141 1043 1168 dere
1055 1141 1088 1168 ab
1102 1149 1197 1169 errore
1214 1142 1349 1177 majorum
1363 1150 1488 1175 suorum,
1507 1143 1554 1170 sed
1568 1142 1676 1174 dicunt.
1691 1143 1762 1171 dcti-

979 1195 1045 1215 nere
1062 1195 1090 1214 se
1109 1195 1139 1215 ea
1157 1195 1216 1222 quae
1230 1195 1325 1214 corum
1342 1192 1431 1221 patres
1453 1188 1621 1219 detinebant,
1633 1189 1763 1223 aquibus

979 1233 1097 1260 maxime
1109 1233 1273 1261 discedunt:
1291 1233 1337 1267 qui
1353 1241 1402 1268 pro
1415 1233 1577 1266 idololatria,
1592 1241 1672 1268 quam
1687 1234 1763 1269 prius

979 1279 1149 1310 detinebant,
1166 1279 1316 1306 Mahometi
1333 1283 1435 1306 sectam
1452 1283 1580 1314 tanquam
1597 1280 1689 1307 minus
1705 1288 1762 1307 rna-

980 1326 1033 1352 lam
1047 1325 1105 1352 sine
1130 1325 1215 1352 dubio
1233 1325 1384 1360 elegerunt.
1414 1325 1515 1358 Quarta
1528 1333 1591 1360 pars
1606 1333 1701 1353 eorum
1716 1326 1762 1360 qui

979 1375 1090 1406 propter
1105 1371 1297 1398 remissionem
1316 1371 1388 1403 vitre,
1408 1375 1436 1398 et
1452 1371 1595 1398 mulierum
1610 1371 1762 1398 multitudi-

980 1424 1054 1447 nem,
1063 1421 1090 1444 et
1102 1416 1153 1444 alia
1166 1417 1353 1447 remissibilia.
1368 1417 1458 1451 potin»
1470 1416 1497 1443 in
1509 1417 1552 1444 his
1561 1416 1760 1444 immunditiam

144 1460 247 1492 τούτοις
268 1462 438 1498 ἀκαθαρσίαν
462 1464 512 1499 τῆς
537 1465 691 1500 ἀῖδιὸτητος
710 1464 757 1491 τοῦ
783 1463 924 1498 μέλλοντος

977 1470 1058 1496 quam
1069 1462 1247 1489 mternitatem
1263 1461 1346 1489 futuri
1360 1459 1451 1489 seculi
1472 1467 1643 1492 amaverunt,
1659 1468 1687 1490 et
1698 1471 1760 1490 cum

144 1506 239 1538 αἰῶνος
259 1508 417 1544 ἠγάπησαν.
440 1510 494 1536 Καὶ
521 1510 626 1542 τούτοις
649 1510 703 1536 εἰσὶ
730 1510 886 1544 σύμφρονες
902 1511 926 1536 οἱ

143 1553 218 1589 παρὰ
238 1555 295 1586 τοῖς
319 1555 506 1590 Σαρῤακηνοῖς
520 1556 681 1591 ,σοφώτεροι
703 1555 856 1590 λεγόμενοι,
881 1556 927 1583 καὶ

143 1600 314 1635 γραμμάτων
336 1601 518 1636 ἐπιστήμονες
535 1601 621 1633 ὅντες.
640 1601 678 1629 Οὐ
696 1601 750 1636 γὰρ
767 1602 926 1628 πιστεύουσι

140 1644 186 1670 τὸν
201 1645 282 1679 νόμον
298 1645 410 1672 ἐκείνων
429 1644 518 1679 ἀληθῆ
535 1642 614 1676 εῖναι,
639 1644 655 1680 ἢ
680 1645 784 1678 ἀγαθὸν
810 1645 923 1676 ἅπλῶς·

139 1689 198 1715 ἀλλ’
213 1690 229 1725 ἡ
247 1690 392 1727 σφοδρότης
407 1690 460 1718 τῶν
472 1691 574 1726 ἡδονῶν
591 1691 747 1717 καταπαύει
763 1690 812 1726 τὴν
833 1691 926 1726 κρὶσιν

139 1736 186 1762 τοῦ
202 1736 346 1770 λόγου,ὦς
368 1745 451 1772 φησιν
476 1738 490 1763 ὁ
518 1737 616 1770 σοφός’
641 1736 736 1771 ὥσπερ
763 1737 809 1763 καὶ
833 1736 927 1764 πολλοὶ

139 1782 312 1817 γραμμάτων
338 1782 465 1818 ιἔμπειροι
495 1783 571 1818 παρὰ
601 1783 658 1814 τοῖς
690 1783 865 1818 Χριστιανοῖς
894 1783 925 1809 οὐ

140 1829 308 1863 φυλάττουσι
332 1829 378 1856 τὸν
389 1829 436 1856 τοῦ
463 1828 632 1863 Εὐαγγελίου
659 1828 751 1863 νόμον,
766 1829 855 1855 καίτοι
878 1837 926 1856 πι-

137 1875 283 1906 στεύοντες
306 1874 393 1910 ἀληθῆ
415 1871 486 1901 εἶναι
509 1875 557 1902 γαὶ
578 1873 680 1908 ἀγαθόν
692 1881 699 1890 ⁶
716 1873 817 1909 μᾶλλον
831 1874 859 1900 δὲ
875 1875 926 1911 τὴν

135 1918 197 1945 ὀδὺν
215 1918 364 1954 μιμοῦνται
381 1918 428 1945 τοῦ
450 1918 623 1952 ’Δλκοράνου,
639 1918 730 1945 καίτοι
749 1920 924 1951 πιστεύοντες

133 1965 181 1992 ἐπ’
205 1965 336 2000 ἀληθείας
362 1966 466 1992 ἐκεῖνον
495 1964 663 1992 πεπλάσθαι.
685 1965 740 1991 Καὶ
764 1964 861 1991 τούτου
878 1974 926 2000 ση-

134 2012 217 2047 μεῖον
246 2013 275 2039 ἐν
304 2012 490 2048 ἀμφοτέροις·
518 2011 740 2047 μετατιθεμένων
763 2011 818 2046 γάρ
843 2019 924 2037 τινων

132 2059 325 2095 Σαῤῥακηνῶν
349 2060 389 2090 είς
415 2059 608 2094 Χριστιανοὺς.
625 2059 672 2084 καὶ
692 2056 864 2092 Χριστιανῶν
881 2065 925 2083 τι-

131 2115 190 2133 νων
217 2106 368 2142 γινομένων
396 2104 601 2141 Σαρρακηνῶν,
637 2103 733 2142 όλμὲν
760 2102 924 2138 Χριστιανὸς

979 1507 1023 1535 his
1039 1508 1191 1534 concordes
1207 1512 1281 1538 sunt,
1295 1508 1341 1542 qui
1356 1507 1429 1542 apud
1455 1515 1502 1535 eos
1515 1509 1697 1543 sapientiores
1709 1518 1759 1545 ap-

978 1553 1123 1588 pellantur.
1138 1552 1171 1579 Et
1187 1552 1232 1586 qui
1248 1553 1405 1579 litterarum
1426 1553 1551 1587 peritiam
1564 1554 1678 1587 habent,
1704 1563 1759 1582 non

978 1598 1093 1626 credunt
1108 1598 1194 1632 legem
1208 1598 1314 1624 illorum
1329 1606 1389 1625 esse
1404 1606 1507 1630 veram,
1523 1600 1566 1626 vel
1583 1600 1681 1627 bonam
1695 1601 1760 1628 sim-

978 1645 1084 1680 pliciter
1100 1653 1108 1671 :
1124 1644 1172 1671 sed
1188 1644 1361 1671 vehementia
1382 1644 1552 1679 voluptatum
1578 1645 1658 1673 sedat
1685 1647 1760 1681 judi-

977 1691 1050 1718 cium
1062 1690 1186 1723 rationis,
1204 1694 1286 1725 prout
1300 1689 1367 1717 dicit
1387 1690 1507 1725 sapiens.
1538 1690 1616 1725 Sicut
1628 1696 1657 1719 et
1679 1692 1757 1719 multi

976 1735 1129 1764 litterarum
1152 1736 1257 1771 experti
1283 1735 1353 1770 apud
1370 1735 1541 1764 Christianos
1571 1744 1624 1764 non
1647 1743 1758 1766 servant

976 1781 1117 1816 Evangelii
1125 1781 1223 1816 legem,
1243 1781 1295 1808 etsi
1307 1781 1419 1809 credant
1430 1789 1521 1809 veram
1532 1790 1593 1810 esse
1604 1787 1632 1810 et
1647 1784 1757 1816 bonatn,

977 1828 1068 1863 potius
1085 1828 1228 1855 imitantur
1239 1827 1312 1854 viam
1327 1827 1454 1855 Alcorani
1467 1847 1475 1860 ,
1505 1829 1630 1863 quamvis
1646 1831 1759 1858 credant

977 1871 1005 1898 in
1022 1871 1137 1898 veritate
1152 1871 1229 1898 illum
1243 1878 1361 1898 errasse.
1392 1871 1425 1898 Et
1437 1872 1520 1908 hujus
1550 1873 1589 1901 rei
1605 1874 1712 1909 signum
1729 1876 1757 1902 in

976 1917 1100 1952 utrisque
1113 1921 1164 1944 est.
1179 1917 1409 1945 Transmutantur
1423 1918 1494 1945 enim
1506 1918 1615 1953 quidam
1628 1919 1758 1948 Saraceni

977 1962 1005 1988 in
1013 1961 1194 1994 Christianos,
1205 1966 1234 1990 et
1243 1962 1392 1990 Christiani
1408 1963 1518 1997 quidam
1536 1964 1604 1991 tiunt
1615 1965 1756 1993 Saraceni.

976 2007 1150 2035 Christianus
1176 2007 1287 2042 quidem
1303 2016 1445 2043 nunquam
1464 2009 1492 2036 in
1510 2014 1598 2038 morte
1615 2010 1692 2038 ﬁeret
1707 2011 1756 2040 Sa-

963 2060 1103 2084 .racenus,
1120 2052 1167 2080 sed
1185 2053 1212 2079 in
1242 2053 1313 2085 vita;
1339 2053 1493 2081 Saracenus
1517 2060 1608 2082 autem
1625 2055 1651 2082 in
1671 2060 1758 2084 morte

976 2098 1067 2132 potius
1098 2097 1128 2126 lit
1152 2098 1337 2131 Christianus,
1370 2107 1451 2133 quam
1477 2100 1505 2127 in
1532 2100 1597 2128 vita.
1637 2101 1756 2137 Uterque

128 2137 260 2178 οὐδέποτ’
280 2137 322 2177 ’ἃν
344 2150 373 2176 ἐν
400 2137 442 2184 τῷ,
456 2137 574 2184 ’θανάτῳ
603 2137 708 2182 γένοιτο
734 2137 920 2182 Σαρρακηνδς,

977 2144 1060 2179 igitur
1084 2144 1182 2171 borum
1207 2145 1297 2179 potius
1312 2145 1388 2180 eligit
1403 2145 1575 2174 Christianus
1589 2149 1658 2175 mori
1677 2156 1758 2183 quam

128 2196 194 2223 ἀλλ’
214 2197 244 2223 ἐν
259 2197 292 2230 τῇ
315 2195 388 2230 ζωῇ·
404 2196 418 2221 ὁ
438 2195 465 2222 δὲ
489 2193 668 2230 Σαρῤακηνὺς
695 2193 723 2219 ὲν
749 2193 788 2228 τῷ
815 2192 922 2226 θανάτῳ

128 2242 242 2278 μᾶλλον
256 2242 361 2276 γίνεται
378 2241 540 2277 Χριστιανὸς
556 2240 572 2275 ἢ
588 2240 618 2266 ὲν
638 2241 671 2274 τῇ
689 2238 755 2274 ζωῇ.
775 2237 921 2272 Ἐκάτερος

123 2290 186 2324 ἄρα
224 2289 386 2323 Χριστιανὸς
423 2288 540 2323 αἱρεῖται
580 2286 680 2321 μᾶλλον
710 2285 857 2312 ἀποθανεῖν
899 2283 1131 2319 ἣΣαρῥακηνόςν

123 2343 220 2362 κοιτο.

163 2382 241 2416 Τρία
265 2381 293 2407 δέ
309 2381 362 2407 εἰσι
389 2379 568 2414 φανερώτατα
586 2379 636 2414 τῆς
651 2378 712 2414 βίας
726 2377 774 2404 τοῦ
790 2386 922 2413 προειρη-

120 2429 217 2464 μένου
246 2428 328 2462 νὸμου
341 2426 405 2453 ἄνευ
425 2426 471 2452 τοῦ
498 2425 711 2460 προρῥηθέντος,
734 2424 802 2459 ὅπερ
826 2422 861 2459 ἦν
879 2432 923 2450 το-

119 2473 270 2504 σαυτάκις
296 2473 392 2506 ,λέγειν
421 2471 469 2498 καὶ
497 2471 681 2504 προστάσσειν
713 2469 921 2496 ἀποκτιννύναι.

114 2519 247 2554 Πρῶτόν
264 2519 324 2545 ἐστι
340 2518 371 2544 τὸ
397 2517 444 2543 τὸν
460 2516 608 2551 Μαχούμετ
628 2516 746 2546 ὲκιίνοις
770 2516 861 2542 εἰπεῖν
874 2515 921 2541 ἐπὶ

114 2565 263 2592 τοσοῦτον
294 2564 432 2598 διαμενεῖν
460 2563 505 2589 τὸν
530 2562 613 2596 νόμον
637 2562 730 2594 αὐτοῦ,
746 2561 790 2594 ἐφ’
813 2560 922 2587 ὃσονᾶν

114 2612 227 2643 αὐτοῖς
245 2611 371 2646 διαμείνῃ
397 2610 443 2635 καὶ
463 2610 477 2644 ἡ
496 2609 525 2634 ἐν
540 2609 597 2639 τοῖς
617 2607 710 2638 ὅπλοις
738 2607 824 2641 ἰσχὺς,
844 2607 920 2641 καὶὴ

112 2658 303 2692 πρόσκαιρος
322 2655 478 2683 δυναστεία.
510 2653 580 2680 Ἀλλ’
603 2654 840 2687 ὁμολογουμένως,
869 2661 920 2678 κα-

110 2703 181 2735 θώς
199 2711 286 2737 φησιν
311 2703 325 2728 δ
349 2703 552 2737 Χρυσὸστομος,
570 2699 681 2734 τοιαύτη
694 2699 735 2729 τίς
750 2699 823 2724 ἐστιν
841 2698 857 2733 ἡ
872 2697 920 2730 τῆς

108 2748 264 2784 ἀληθείας
290 2747 381 2781 φύσις,
406 2746 475 2772 ὥστε
497 2745 543 2772 καὶ
567 2744 641 2779 παρὰ
659 2743 766 2770 πολλῶν
785 2743 919 2778 πολεμου-

109 2794 200 2829 μένη
228 2793 330 2829 μᾶλλον
358 2792 478 2826 ἰσχύειν·
508 2791 602 2824 ὥσπερ
629 2789 677 2815 καὶ
705 2788 862 2815 τούναντίον
890 2788 920 2815 τὸ

106 2839 231 2874 ψεῦδος
260 2839 313 2866 ὑπὸ
337 2838 443 2864 πολλῶν
470 2836 663 2875 βοηθούμενον,
680 2835 707 2861 ἒν
734 2833 822 2867 ἑαυτῷ
839 2834 918 2861 ἀσθε-

977 2189 1139 2222 Saraccnus,
1165 2189 1217 2217 nisi
1244 2190 1336 2225 aliquo
1353 2191 1434 2219 modo
1454 2193 1581 2226 prmdicta
1604 2193 1630 2220 vi
1653 2194 1761 2223 abstra-

975 2236 1067 2264 hatur.
1631 2254 1633 2256 -

1159 2283 1183 2310 εἰ
1208 2283 1245 2318 μή
1269 2291 1321 2310 που
1341 2285 1373 2319 τῇ
1395 2285 1580 2321 προειρημένῃ
1605 2286 1651 2322 βίᾳ
1679 2287 1761 2321 ἀφέλη-

1007 2376 1071 2404 Tria
1087 2382 1151 2404 sunt
1173 2377 1396 2406 manifestissima
1413 2378 1490 2413 signa
1507 2378 1647 2416 violentias
1662 2382 1760 2416 ιιι-τοδὶ-

970 2427 1021 2450 ctae
1042 2423 1121 2458 legis,
1138 2423 1240 2458 absque
1255 2423 1298 2451 his
1318 2432 1378 2458 quae
1399 2425 1480 2452 toties
1495 2430 1559 2453 ante
1581 2426 1654 2454 dicta
1674 2432 1758 2455 sunt:

971 2468 1043 2503 quod
1057 2469 1168 2503 quidem
1184 2469 1245 2502 fuit,
1259 2469 1331 2504 quod
1347 2470 1428 2498 toties
1442 2471 1509 2499 dicit
1522 2477 1549 2499 et
1564 2473 1675 2501 mandat
1692 2475 1760 2502 inte-

970 2514 1082 2542 ritnere.
1098 2515 1221 2542 Primum
1240 2516 1348 2550 signum
1364 2521 1417 2549 est,
1431 2518 1503 2551 quod
1521 2517 1693 2546 Mahometus
1707 2520 1760 2547 illis

976 2561 1054 2593 dixit,
1066 2561 1093 2587 in
1110 2565 1214 2587 tantum
1228 2568 1389 2596 permanere
1402 2562 1488 2597 legem
1504 2563 1572 2598 ejus,
1587 2564 1614 2591 in
1627 2570 1758 2598 quantum

975 2608 1015 2635 eis
1026 2611 1185 2642 permaneat
1198 2612 1225 2634 et
1240 2608 1267 2635 in
1286 2609 1370 2635 armis
1383 2609 1433 2638 vis.
1450 2613 1478 2636 et
1492 2610 1648 2643 temporalis
1665 2616 1760 2644 poten-

972 2653 1020 2679 tia.
1034 2653 1086 2681 Sed
1102 2654 1173 2681 sicut
1187 2654 1255 2681 dicit
1270 2654 1489 2690 Chrysostomus.
1503 2655 1564 2682 talis
1576 2660 1618 2682 est
1635 2656 1758 2683 veritatis

972 2705 1080 2732 natura,
1101 2703 1131 2726 ut
1156 2705 1262 2727 etcum
1287 2708 1301 2727 ιι
1325 2701 1420 2727 multis
1446 2706 1629 2735 oppugnatur,
1660 2702 1758 2729 fortius

972 2745 1135 2777 invalescat;
1154 2751 1181 2773 et
1192 2753 1208 2773 e
1219 2753 1352 2774 converso
1364 2747 1546 2778 mendacium,
1560 2754 1622 2774 cum
1637 2755 1651 2773 a
1667 2747 1758 2774 multis

971 2791 1126 2825 adjuvalur,
1144 2791 1170 2818 in
1189 2792 1279 2826 seipso
1295 2791 1464 2819 debilitatur.
1481 2791 1587 2819 Veritas
1604 2792 1687 2827 igitur
1703 2800 1757 2818 non

971 2836 1075 2872 indiget
1097 2837 1199 2865 auxilio
1223 2846 1254 2865 ex
1275 2837 1416 2872 temporali
1443 2842 1575 2871 potentia,
1600 2842 1626 2864 ct
1643 2838 1760 2867 maxime
