1942 3090
186 123 255 156 1107

808 129 994 159 DEMETRII
1017 129 1169 159 CYDUNII

1737 124 1803 157 1108

184 181 290 209 Domin.
315 182 428 214 veritas,
454 190 515 218 qua
539 189 631 211 manet
647 185 674 212 in
695 187 870 213 aeternum".
887 186 968 214 Chri-

1025 188 1085 214 νεῖν.
1107 188 1139 213 'll
1155 186 1268 220 ἀλήθεια
1287 187 1376 212 τοίνυν
1390 185 1420 211 οὐ
1435 186 1521 212 δεῖται
1538 184 1587 219 τῆς
1602 185 1634 210 ὲκ
1653 184 1703 218 τῆς
1717 192 1803 218 προτ-

181 227 334 261 stianorum
349 229 421 255 enim
434 228 489 261 lex,
506 230 706 263 persecutionis
723 236 845 266 tempore
862 237 964 259 trecen-

182 272 218 300 tis
248 273 327 300 annis
354 274 484 302 continue
510 275 640 307 durante,
667 277 783 304 maxime
809 277 914 309 crevit,
939 283 966 305 et

181 325 296 344 numero
308 317 439 350 fidelium,
449 323 475 346 et
485 319 631 354 splendore
641 320 844 348 miraculorum.
854 321 966 359 Signum

181 367 272 390 autem
295 368 322 390 et
345 363 395 390 hoc
417 363 554 392 violentia
580 365 647 400 legis
670 367 741 401 apud
760 367 831 394 illos.
852 367 967 400 Quando

181 410 255 436 enim
268 410 301 437 ad
321 410 472 438 doctrinam
487 412 664 443 conveniunt,
679 417 708 440 ut
722 413 809 447 legem
823 421 871 440 eos
885 413 967 441 Sara-

183 464 315 484 cenorum
335 458 466 493 magister
485 458 592 489 doceat.
609 465 636 486 et
650 460 695 493 qui
713 459 794 487 debet
814 467 968 495 proponere

183 504 313 534 verbum,
339 504 459 538 primum
483 504 592 532 nudans
617 513 729 537 ensem,
756 507 859 533 nudum
887 515 967 534 manu

182 549 296 579 detinet.
310 544 341 576 in
364 547 498 584 quantum
521 550 612 580 docet.
635 551 676 578 vel
693 552 771 585 ponit
787 552 819 579 ad
836 557 968 580 terrorem

183 594 210 621 in
223 595 342 630 quodam
357 595 490 623 eminenti
506 596 576 623 loco.
591 595 739 624 Christiani
759 602 850 625 autem
867 598 970 625 docen-

183 643 235 669 tes.
252 648 305 667 non
320 648 425 674 ensem,
438 641 485 669 sed
500 649 609 669 crucem
627 642 735 677 tollunt,
753 650 807 670 non
823 644 968 676 violentia,

183 685 232 713 sed
249 686 468 714 mansuetudinis
484 687 560 722 signa
577 687 763 720 ostendentes,
779 693 906 724 tanquam
923 689 972 717 ho-

184 731 272 759 mines
286 732 333 766 qui
349 732 495 759 mittuntur
506 740 520 759 a
534 733 644 760 Christo
659 734 730 761 sicut
743 742 808 762 oves
830 735 856 761 in
880 735 971 763 medio

183 777 323 811 luporum.
340 777 464 805 Tertium
483 783 574 805 autem
594 779 701 814 signum
717 780 800 807 cadis
821 785 848 808 et
869 781 973 808 violen-

186 823 230 851 tia
255 828 307 856 est,
330 823 403 858 quod
436 824 565 852 assessini
590 833 605 852 a
630 825 774 853 Saracenis
799 826 968 857 nutriuntur.

185 868 330 897 homicida
348 869 489 896 hominum
508 869 603 901 futuri,
623 871 725 905 quibus
739 879 773 898 ex
791 871 848 906 ipsa
864 872 971 899 actione
988 865 1008 892 Β

184 915 272 941 activa
286 919 312 941 et
326 914 433 949 passiva
444 915 527 942 vitam
540 920 669 943 aternam
684 917 857 952 promittunt,
869 922 897 945 et
908 917 973 945 mit-

185 964 247 987 tunt
260 968 308 987 eos
323 968 370 994 per
393 961 487 988 orbem
511 965 658 996 terrarum,
675 967 706 990 ut
719 963 860 998 principes
876 963 971 991 mundi

184 1005 280 1033 dolose
305 1007 475 1035 interimant.
502 1008 534 1035 lli
552 1012 643 1035 autem
662 1007 791 1036 assessini
818 1013 907 1036 castra
924 1009 974 1036 ha-

145 1087 147 1089 _
184 1050 252 1078 bent
266 1056 294 1078 et
314 1059 392 1079 arces
413 1052 487 1079 circa
509 1052 609 1080 Liltum
632 1057 764 1087 montem,
787 1053 974 1089 obediuntque

140 1130 143 1134 ι
184 1097 295 1125 sultano
324 1098 480 1134 Babylonis,
506 1099 554 1134 qui
583 1104 626 1127 est
652 1104 735 1134 caput
762 1099 973 1128 Saracenorum.

184 1141 273 1178 Hique
294 1143 399 1178 legibus
419 1148 446 1171 et
466 1139 563 1171 ordine
585 1143 715 1172 Saraceni
731 1149 805 1178 sunt,
818 1150 846 1172 et
858 1153 914 1172 non
926 1153 975 1173 vo.

185 1193 282 1215 cantur
302 1189 433 1217 assessini
450 1197 465 1216 ο
487 1189 642 1223 Saracenis,
663 1190 711 1218 sed
726 1190 881 1223 lsmaelita,
895 1190 973 1225 quasi

185 1234 263 1261 radix
285 1239 313 1262 et
331 1235 419 1263 tribus
442 1235 653 1269 Saracenomm,
665 1240 693 1263 et
714 1237 797 1271 primi
814 1231 973 1264 defensores

185 1283 214 1307 et
227 1285 438 1308 conservatores
450 1281 519 1314 legis
533 1281 691 1309 Mahometi.
704 1282 746 1310 Ad
757 1282 808 1309 hoe
819 1282 892 1310 enim
905 1290 975 1317 pra-

185 1326 267 1361 cipue
283 1327 458 1354 instruuntur
469 1331 498 1354 et
513 1328 686 1362 nutriuntur,
700 1332 730 1356 ut
744 1328 844 1356 eadem
860 1328 973 1356 faciant.

185 1370 242 1398 Hoc
257 1371 346 1399 scelus
361 1379 416 1399 non
430 1371 580 1400 Christiani
597 1373 696 1407 solum,
712 1374 758 1408 qui
773 1374 973 1402 sanctissimam

184 1416 272 1451 legem
296 1417 409 1449 habent,
436 1418 642 1451 abominantur,
666 1419 713 1447 sed
734 1424 762 1447 et
785 1419 902 1453 Tartari,
927 1420 974 1455 qui

184 1459 287 1487 nullam
311 1461 396 1496 legem
413 1462 518 1497 seipsos
541 1463 643 1491 habere
660 1464 768 1496 dicunt,
784 1469 880 1500 prater
895 1471 974 1493 natm

1023 233 1118 267 καίρου
1145 231 1286 265 δυνάμεως
1313 231 1456 266 βοηθείας,
1483 231 1531 258 καὶ
1564 231 1681 265 μάλιστα
1712 230 1729 264 ἡ
1756 229 1802 256 τοῦ

1022 280 1126 314 Κυρίου
1146 279 1338 314 ἁλήθεια,ἧτις
1363 278 1437 313 μένει
1459 279 1499 309 είς
1514 277 1565 304 ,τὸν
1590 277 1687 304 citima.
1706 277 1737 302 '0
1753 277 1805 310 γὰρ

1021 325 1076 351 τῶν
1085 324 1105 351 Χ
1112 325 1256 359 ριστιανῶν
1263 324 1357 357 νόμος,
1374 323 1421 350 τοῦ
1430 323 1479 350 τοῦ
1494 323 1616 356 διωγμοῦ
1626 322 1722 355 καιροῦ
1733 330 1806 355 τρια-

1022 369 1125 400 κοσίοις
1140 369 1208 395 δέκα
1225 369 1297 394 ἔτεσι
1317 365 1437 402 συνεχῶς
1454 366 1661 401 διαρκέσαντος,
1687 364 1805 395 μάλιστα.

1022 416 1142 443 ἐπέδωκε
1158 415 1205 442 καὶ
1219 415 1257 449 τῷ
1277 413 1387 448 ἀριθμῷ
1402 413 1455 439 τῶν
1472 412 1587 443 πιστῶν,
1605 411 1653 438 καὶ
1678 412 1711 444 τῇ
1736 410 1807 444 λαμ.-

1022 462 1137 497 πρότητι
1160 462 1215 488 τῶν
1234 460 1391 494 θαυμάτων.
1407 459 1524 494 Σημεῖον
1546 457 1574 484 δὲ
1598 457 1646 484 καὶ
1662 456 1740 482 τοῦτο
1759 456 1807 489 τῆς

1024 509 1084 544 βίας
1099 507 1145 535 τοῦ
1165 508 1230 542 παρ’
1254 507 1368 536 ἐκείνοις
1396 505 1491 539 νόμου.
1507 504 1593 530 ὀταν
1615 502 1743 537 γὰρ-ἐπὶ
1760 501 1809 534 τὴν

1022 554 1195 581 διδασκαλίαν
1221 553 1415 588 συνέρχωνται,
1438 550 1508 577 ὥστε
1536 550 1583 576 τὸν
1607 549 1690 582 νόμον
1718 547 1810 577 αὐτοῖς

1022 599 1193 634 διδαχθῆναι,
1214 600 1228 625 ό
1249 598 1304 625 τῶν
1327 596 1514 633 Σαῤῥακηνῶν
1538 595 1710 625 διδάσκαλος.
1726 594 1740 620 ὁ
1764 593 1809 619 τοῦ

1023 643 1102 677 λόγου
1128 642 1306 677 καθηγεμὼν,
1324 642 1433 676 πρῶτον
1456 639 1659 674 ἀπογυμνώσας
1675 639 1705 664 τδ
1721 637 1809 670 ξίφος,

1023 689 1125 724 γυμνὸν
1141 689 1250 723 κατέχει
1266 689 1297 723 τῇ
1311 688 1382 722 χειρὶ
1407 687 1504 721 ἐφόσον
1524 686 1654 715 διδάσκει,
1671 683 1688 719 ἦ
1714 682 1808 717 τίθησι

1025 736 1092 770 πρὸς
1112 735 1280 769 κατάπληξιν
1303 735 1331 760 ὲν
1356 732 1591 768 ὑπερανεστηκότι
1603 731 1679 765 τόπῳ
1696 729 1762 756 τινί.
1779 729 1811 755 Ol

1024 784 1182 818 Χριστιανοὶ
1206 783 1232 809 δὲ
1249 782 1423 812 διδάσκοντες
1447 781 1477 807 οὐ
1504 780 1590 814 ξίφος,
1608 778 1675 805 ἀλλὰ
1694 777 1811 812 σταυρὶν

1025 829 1157 862 αίρουσιν,
1173 827 1203 854 οὒ
1229 826 1288 861 βίας
1313 826 1414 861 σημεῖα
1437 823 1603 855 δεικνύντες,
1619 822 1677 849 ἀλλ’
1706 823 1811 856 ἡμερῦ-

1022 882 1120 910 τητος,
1147 873 1185 904 ὡς
1215 872 1248 899 ἂν
1280 871 1419 906 ἅνθρωποι
1450 869 1625 907 πεμπόμενοι
1655 867 1732 902 παρὰ
1761 867 1810 894 τοῦ

1023 917 1141 954 Χριστοῦ
1170 917 1206 949 ὡς
1232 916 1358 952 πρόϐατα
1386 916 1415 942 ιν
1443 915 1518 950 μέσῳ
1540 914 1641 954 λύκων.
1664 913 1765 948 Τρίτον
1783 912 1812 938 δὲ

1024 965 1137 1001 σημεῖον
1163 963 1218 990 τῶν
1247 962 1335 997 φόνων
1363 961 1412 988 καὶ
1439 962 1489 996 τῆς
1517 960 1580 995 βίας
1608 959 1667 986 ἐστὶ
1692 959 1723 986 τδ
1748 959 1812 989 τοὺς

1028 1009 1189 1045 ’Δσσυρίους
1216 1008 1268 1035 ὑπὸ
1295 1006 1350 1034 τῶν
1378 1006 1566 1042 Σαρῤακηνῶν
1596 1003 1812 1039 διατρέφεσθαι,

1024 1057 1113 1091 φονεῖς
1133 1055 1280 1090 ἐσομένους
1297 1052 1462 1088 ἀνθρώπων.
1480 1049 1528 1084 Οἷς
1551 1051 1584 1078 δι’
1605 1051 1652 1083 οὓς
1668 1050 1812 1085 ἐνεργοῦσι

1024 1103 1071 1129 καὶ
1087 1102 1222 1136 πάσχουσι
1238 1101 1346 1135 φόνους,
1365 1098 1415 1133 τὴν
1429 1098 1537 1125 αἰώνιον
1551 1097 1624 1132 ζωὴ-ι
1646 1096 1812 1131 ὑπισχνοῦν-

1023 1156 1068 1175 ται
1081 1156 1089 1164 '
1109 1147 1155 1179 οὓς
1171 1147 1218 1174 καὶ
1233 1147 1430 1174 ἀποστέλλουσι
1443 1144 1581 1179 παμταχοῦ
1597 1143 1660 1174 τοὺς
1676 1143 1812 1177 ἄρχοντας

1023 1192 1071 1220 τοῦ
1100 1193 1203 1226 κόσμου
1231 1192 1325 1223 δολίως
1349 1192 1580 1222 ἀποκτενοῦντας.
1613 1185 1694 1216 Οὗτοι
1727 1188 1756 1214 δὲ
1788 1187 1813 1213 οι

1023 1236 1152 1272 ἀσεσηνοὶ
1180 1236 1285 1270 κάστρα
1313 1245 1341 1262 τε
1374 1236 1466 1270 ἔχουσι
1498 1236 1544 1261 καὶ
1574 1234 1661 1269 ἄκρας
1690 1233 1755 1267 περὶ
1781 1231 1813 1258 τὸ

1023 1281 1118 1308 Λίλτον
1134 1280 1206 1316 ὅρος,
1219 1280 1387 1307 ὑπακούουσι
1399 1289 1427 1306 τε
1442 1279 1481 1315 τῷ
1504 1279 1641 1312 σουλτὰνῳ
1655 1278 1704 1312 τῆς
1725 1276 1814 1304 Βαϐυ-

1023 1326 1119 1358 λῶνος,
1136 1326 1241 1361 κεφαλῇ
1261 1325 1317 1352 δντι
1335 1325 1390 1352 τῶν
1407 1324 1604 1360 Σαρῤακηνῶν.
1620 1323 1675 1350 Καὶ
1690 1322 1769 1349 αὐτοὶ
1785 1321 1814 1347 δὲ

1023 1372 1079 1402 τοῖς
1089 1372 1182 1404 νόμοις
1205 1371 1252 1398 καὶ
1270 1371 1304 1405 τῇ
1325 1370 1402 1403 τάξει
1427 1368 1601 1405 Σαρρακηνοί
1626 1369 1691 1397 εἰσι.
1714 1367 1764 1393 καὶ
1780 1365 1811 1392 οὗ

1024 1416 1170 1443 καλοῦνται
1198 1416 1327 1450 ἀσεσηνοὶ
1351 1416 1426 1450 παρὰ
1448 1415 1505 1441 τῶν
1530 1413 1729 1449 Σαρῥακηνῶν,
1744 1412 1815 1439 ἀλλὰ

1030 1462 1213 1497 Ἰσμαηλῖται,
1228 1458 1285 1488 οἷον
1300 1460 1364 1496 ῥίζα
1381 1461 1428 1487 καὶ
1447 1461 1518 1496 φυλὴ
1531 1461 1585 1487 τῶν
1611 1459 1814 1496 Σαῤῥακηνῶν,

183 1505 281 1534 ralem.
297 1506 337 1534 Ex
351 1507 393 1535 bis
408 1508 493 1542 igitur
505 1515 621 1544 apparet
634 1510 788 1544 manifeste,
803 1511 876 1546 quod
895 1510 971 1539 Sara-

1026 1509 1073 1535 xa).
1100 1508 1203 1543 πρῶτοι
1228 1507 1372 1542 ὲκδικηταὶ
1395 1507 1442 1534 καὶ
1467 1507 1635 1542 συντηρηταὶ
1656 1506 1703 1533 τοῦ
1731 1507 1817 1538 νόμου

185 1558 316 1579 cenorum
332 1552 376 1580 lex
394 1553 436 1581 lex
457 1558 499 1582 est
516 1554 598 1583 cadis
613 1560 641 1582 et
655 1555 800 1583 violentia.
816 1555 864 1584 Est
881 1561 971 1583 autem

1025 1554 1071 1582 τοῦ
1087 1554 1218 1589 Μωάμεθ.
1240 1555 1311 1589 Πρὸς
1333 1554 1414 1581 τοῦτο
1439 1554 1493 1588 γὰρ
1510 1554 1581 1585 ἰδίως
1603 1553 1703 1585 αὐτοὺς
1725 1551 1820 1578 νουθε-

184 1597 350 1630 violentum,
368 1599 447 1634 cujus
470 1604 562 1627 motus
578 1605 620 1628 est
636 1600 671 1628 ab
684 1606 773 1634 extra.
794 1602 841 1636 qui
867 1602 971 1629 nullum

1026 1601 1102 1628 τοῦσι
1134 1601 1180 1628 καὶ
1214 1601 1379 1636 τρέφουσιν,
1405 1601 1477 1628 ὥστε
1507 1600 1604 1635 φόνους
1637 1598 1818 1634 ἐργάξεσθαι.

184 1648 356 1671 momentum
378 1645 460 1680 hujus
481 1646 554 1680 quod
577 1651 703 1674 movetur
720 1647 846 1680 remittit,
863 1651 893 1674 ut
907 1647 971 1676 dicit

1027 1647 1112 1674 Τοῦτο
1139 1648 1206 1682 ἄγος
1235 1649 1284 1682 οὐχ
1309 1649 1335 1674 οἱ
1355 1648 1523 1682 Χριστιανοὶ
1551 1647 1643 1682 μόνον,
1661 1646 1820 1679 ἁγιώτατον

184 1687 359 1717 Aristoteles.
376 1691 408 1717 Et
431 1698 464 1718 ex
484 1691 536 1719 hoc
558 1691 743 1724 manifestum,
766 1692 839 1727 quod
856 1700 911 1720 non
933 1697 971 1720 est

1026 1692 1133 1726 ἔχοντες
1146 1693 1238 1727 νόμον,
1252 1692 1456 1727 βδελύσσονται,
1474 1692 1542 1719 ἀλλὰ
1557 1692 1604 1718 καὶ
1620 1691 1645 1717 οί
1662 1691 1818 1725 Τάρταροι,

184 1741 229 1769 lex
245 1734 303 1762 Dei.
1031 1738 1056 1764 οἳ
1079 1737 1174 1764 οὐδένα
1199 1738 1281 1773 νόμον
1297 1737 1410 1769 ἑαυτούς
1430 1746 1512 1772 φασιν
1526 1737 1597 1772 ἔχειν
1620 1736 1690 1770 πλὴν
1704 1735 1752 1761 τοῦ
1769 1743 1821 1768 φυ-

186 1780 275 1807 σικοῦ.
292 1781 340 1808 Ἐκ
363 1781 467 1808 τούτων
488 1782 578 1809 τοίνυν
604 1782 729 1817 φαίνεται
745 1781 881 1817 φανερῶς,
897 1782 935 1813 ὡς
953 1783 967 1808 ό
986 1782 1040 1808 τῶν
1054 1782 1241 1818 Σαρρακηνῶν
1255 1781 1338 1817 νόμος
1353 1783 1434 1817 νόμος
1466 1782 1526 1807 ἐστὶ
1556 1780 1664 1816 σφαγῆς
1681 1781 1730 1807 καὶ
1745 1780 1822 1815 βίας.

188 1829 266 1857 Ἐστι
300 1830 329 1857 δὲ
349 1830 446 1865 βίαιον,
468 1827 498 1857 οῦ
525 1831 542 1865 ἡ
572 1830 678 1865 κίνησίς
704 1831 777 1857 ἐστιν
802 1830 912 1864 ἔξωθεν,
945 1830 1005 1857 οὐδὲ
1028 1830 1093 1866 μίαν
1110 1830 1158 1857 τοῦ
1183 1830 1345 1865 κινουμένου
1374 1829 1522 1862 ἐνδιδόντος
1551 1829 1649 1864 ῥοπὴν,
1671 1829 1708 1860 ὡς
1734 1827 1822 1863 φησὶν

191 1877 392 1913 Ἀριστοτέλης.
411 1877 473 1904 Κὰκ
487 1876 583 1903 τούτου
598 1876 690 1912 δῆλον,
703 1876 740 1908 ὡς
757 1877 806 1904 οὐκ
821 1877 879 1903 ἐστι
892 1876 972 1912 νόμος
989 1876 1068 1905 Θεοῦ.

185 1935 234 1964 XI.
255 1934 328 1969 Quod
345 1934 506 1962 Alcaranum
529 1942 581 1961 non
602 1939 640 1961 est
660 1934 702 1962 (ea;
717 1935 784 1968 Dei;
799 1934 971 1962 inordinatum

1030 1935 1082 1963 lA'.
1100 1935 1164 1962 ’Ὅτι
1182 1935 1215 1962 τὸ
1240 1934 1425 1968 Ἀλκοράνον
1443 1934 1589 1962 οὐκέστι
1614 1934 1707 1969 νόμος
1724 1935 1820 1963 Θεοῦσ

514 1978 583 1996 enim
597 1976 645 1997 εει.

222 2018 374 2047 Undecimo
389 2016 632 2048 considerandum,
649 2016 722 2051 quod
739 2017 903 2044 Aleoranum
919 2023 973 2043 non

185 2069 230 2093 est
251 2065 294 2092 lex
315 2063 374 2096 Dei,
396 2062 582 2090 inordinatum
608 2062 681 2089 enim
707 2067 759 2090 est.
778 2062 844 2096 Qua
863 2063 937 2090 enim
959 2069 974 2088 a

186 2110 242 2138 Deo
257 2113 332 2140 sunt,
349 2109 473 2136 ordinata
487 2113 563 2139 sunt,
577 2112 606 2135 ut
617 2107 683 2135 dicit
693 2108 837 2142 Apostolus
847 2108 880 2134 “.
895 2107 976 2134 Vide-

186 2163 249 2184 mus
267 2160 359 2184 autem
376 2155 428 2182 hoc
449 2155 476 2181 in
496 2153 627 2189 operibus
652 2159 767 2187 natura,
785 2158 813 2181 et
835 2156 862 2181 in
886 2154 973 2182 sacris

187 2202 347 2238 Scriptnris.
373 2201 573 2230 Firmissimum
604 2200 678 2228 enim
699 2208 753 2227 non
781 2201 868 2228 solum
895 2201 975 2228 Chri-

186 2249 294 2283 stianis,
320 2248 366 2276 sed
381 2248 463 2275 etiam
485 2247 551 2282 ipsis
563 2246 717 2278 Saracenis,
741 2246 824 2282 Moysi
845 2247 932 2282 legem
948 2251 976 2274 et

186 2295 336 2331 prophetas
356 2298 385 2322 et
405 2293 581 2329 Evangelium
596 2300 611 2320 a
634 2293 692 2320 Deo
712 2299 783 2320 esse.
804 2292 866 2320 Hac
883 2296 974 2320 autem

187 2341 280 2368 omnia
297 2340 423 2368 ordinata
448 2343 522 2367 sunt.
543 2339 648 2375 Moyses
665 2339 740 2366 enim
753 2338 833 2366 valde
849 2338 975 2366 ordinate

186 2385 285 2421 incipit
300 2395 315 2413 ιι
329 2386 424 2413 mundi
443 2385 592 2418 creatione,
609 2389 636 2413 et
653 2384 784 2419 deinceps
801 2388 886 2412 totum
901 2383 974 2412 Pen-

186 2432 345 2459 tateuchum
363 2432 499 2466 percurrit
525 2431 677 2459 secundum
696 2431 821 2459 ordinem
843 2431 974 2466 temporis

185 2482 215 2506 et
229 2477 353 2505 historia
366 2482 420 2516 ;_et
433 2477 479 2504 alii
503 2481 593 2504 autem
610 2477 749 2512 propheta
764 2477 834 2504 bene
849 2477 973 2505 ordinate

187 2528 384 2559 processerunt
395 2523 547 2551 secundum
561 2523 687 2550 ordinem
703 2522 844 2558 temporis,
859 2522 974 2550 demon-

187 2575 304 2599 strantes
324 2570 436 2605 quando
453 2574 481 2597 et
501 2569 600 2604 quibus
622 2569 744 2604 regibus,
760 2568 805 2598 vel
821 2568 972 2596 secundum

187 2617 312 2644 ordinem
328 2615 458 2648 historia,
472 2615 514 2642 vel
527 2615 560 2642 ad
577 2614 668 2641 minus
680 2613 830 2641 secundum
846 2613 972 2641 ordinent

187 2662 320 2690 materia.
342 2662 377 2690 Et
405 2661 581 2695 Evangelium
612 2660 683 2687 bene
710 2666 742 2686 ac
769 2659 973 2688 ordinatissime

187 2708 322 2743 procedit,
337 2711 366 2734 et
383 2704 513 2741 teinporis
530 2704 637 2736 ordine,
653 2708 681 2731 et
700 2703 831 2737 historia,
848 2708 877 2732 et
889 2708 974 2732 mate-

187 2754 246 2780 ria.
264 2752 362 2788 Incipit
386 2752 497 2787 quidem
520 2750 555 2778 ab
576 2749 764 2777 incarnatione
780 2754 808 2776 et
832 2749 974 2777 nativitale

222 2823 245 2839 ⁸³
259 2821 330 2850 Psal.
343 2829 415 2855 cxw,
429 2821 457 2847 Ξ.
494 2819 516 2836 ³⁸
530 2819 611 2846 Rom.
627 2826 685 2852 xm,
701 2818 726 2844 ί.

1317 1969 1447 1996 ἄτακτον
1459 1969 1525 2004 γάρ.

1068 2016 1228 2043 Ἐνδέκατον
1256 2015 1426 2051 θεωρητέον,
1451 2017 1492 2042 ὅτι
1522 2016 1553 2042 τὸ
1579 2015 1743 2049 Ἀλκοράνον
1766 2017 1821 2043 οὐκ

1027 2061 1086 2088 ἔστι
1108 2061 1188 2096 νόμος
1211 2061 1297 2088 Θεοῦ¹
1315 2062 1435 2089 ἄτακτον
1459 2061 1513 2095 γάρ
1540 2062 1610 2089 ἐστι.
1625 2062 1665 2088 Τὰ
1693 2062 1722 2088 δὲ
1740 2063 1820 2096 παρὰ

1026 2108 1072 2134 τοῦ
1087 2107 1155 2134 Θεοῦ
1170 2107 1325 2142 τεταγμένα
1341 2108 1422 2139 είσῖν,
1442 2106 1480 2138 ῶς
1503 2116 1587 2142 φησιν
1602 2108 1615 2134 δ
1639 2107 1820 2139 ’Δπόστολος.

1031 2154 1155 2189 Ὀρῶμεν
1169 2154 1197 2180 δὲ
1213 2153 1292 2180 τοῦτο
1308 2153 1336 2180 ἐν
1352 2161 1381 2179 τε
1403 2154 1453 2187 τῆς
1470 2155 1580 2187 φύσεως
1597 2154 1689 2189 ἔργοις
1713 2155 1763 2181 καὶ
1788 2156 1820 2181 ὲν

1026 2201 1086 2230 ταῖς
1116 2200 1202 2234 ἱεραῖς
1228 2199 1361 2234 Γραφαῖς.
1387 2199 1569 2227 Βεόαιότατον
1597 2200 1651 2235 γάρ
1682 2200 1759 2226 ἔστιν
1786 2200 1818 2226 οὐ

1026 2246 1106 2280 μόνον
1122 2246 1306 2280 Χριστιανοῖς,
1321 2245 1390 2272 ἀλλὰ
1406 2247 1454 2273 καὶ
1468 2247 1562 2278 αὐτοῖς
1587 2247 1644 2278 τοῖς
1665 2247 1819 2282 Σαρῥακη-

1023 2292 1090 2324 νοῖς,
1106 2291 1151 2318 τὸν
1175 2291 1221 2318 τοῦ
1236 2292 1377 2324 Μωῠσέως
1402 2293 1485 2327 νόμον
1507 2293 1556 2319 καὶ
1581 2292 1646 2323 τοὺς
1672 2293 1821 2327 προφήτας

1024 2336 1071 2362 καὶ
1101 2335 1132 2362 τὺ
1158 2335 1327 2370 Εὐαγγέλιον
1357 2337 1433 2372 παρὰ
1459 2335 1528 2363 Θεοῦ
1558 2335 1639 2364 εἶναι.
1666 2336 1762 2363 Ταῦτα
1791 2336 1830 2369 δὲ,

1026 2381 1115 2408 πάντα
1138 2382 1292 2416 τεταγμένα
1319 2383 1399 2410 εἰσίν.
1419 2382 1448 2410 '0
1468 2383 1518 2418 μὲν
1542 2383 1595 2417 γὰρ
1619 2382 1743 2417 Μωῡσῆς
1756 2383 1822 2410 λίαν

1025 2428 1163 2460 εὐτάκτως
1183 2428 1285 2464 ἤρξατο
1302 2429 1333 2455 ὲκ
1352 2429 1404 2464 τῆς
1427 2429 1474 2455 τοῦ
1497 2430 1602 2463 κόσμου
1617 2429 1820 2464 δημιουργίας,

1025 2473 1070 2500 καὶ
1081 2473 1181 2508 ἑφεξῆς
1197 2474 1261 2509 ὅλην
1271 2474 1321 2509 τὴν
1337 2474 1526 2509 Πεντάτευχον
1542 2474 1666 2509 διεξῆλθε
1682 2475 1753 2502 κατὰ
1770 2475 1822 2510 τὴν

1024 2519 1102 2551 τάξιν
1116 2519 1163 2546 τοῦ
1179 2527 1209 2546 τε
1227 2518 1324 2554 χρόνου
1341 2521 1388 2547 καὶ
1408 2520 1457 2555 τῆς
1478 2520 1599 2555 ἱστορίας
1613 2529 1620 2535 ·
1637 2520 1686 2547 καὶ
1700 2521 1725 2547 οἱ
1742 2521 1823 2548 ἄλλοι

1025 2564 1053 2591 δὲ
1069 2564 1209 2600 προφῆται
1233 2564 1374 2596 εὐτάκτως
1397 2564 1546 2599 προῆλθον,
1566 2563 1725 2596 δεικνύντες
1746 2566 1823 2591 κατὰ

1025 2610 1075 2646 τὴν
1091 2610 1137 2636 τοῦ
1151 2609 1248 2645 χρόνου
1264 2609 1433 2643 τάξιν,‹πότε
1443 2610 1490 2636 καὶ
1506 2609 1552 2636 ἐπὶ
1566 2610 1652 2636 ποίων
1669 2609 1821 2644 βασιλέων,

1026 2656 1042 2692 ἢ
1059 2656 1128 2682 κατὰ
1143 2656 1192 2690 τὴν
1206 2655 1283 2688 τάξιν
1302 2655 1351 2690 τῆς
1369 2655 1502 2692 ἱστορίας,
1517 2655 1534 2690 ἢ
1549 2655 1731 2690 τούλάχιστον
1747 2657 1824 2683 κατὰ

1024 2703 1075 2739 τὴν
1092 2702 1169 2735 τάξιν
1183 2703 1232 2737 τῆς
1249 2703 1328 2738 ὕλης.
1346 2703 1513 2738 Ἀρχόμενον
1530 2703 1580 2737 μὲν
1602 2703 1656 2729 ἀπὸ
1678 2704 1729 2737 τῆς
1754 2712 1824 2737 σαρ-

1027 2748 1139 2780 κώσεως
1157 2749 1205 2775 καὶ
1219 2749 1269 2784 τῆς
1284 2749 1439 2780 νεννήσεως
1452 2748 1500 2776 τοῦ
1520 2748 1654 2784 Χριστοῦ,
1671 2750 1776 2784 ἑφεξῆς
1794 2749 1824 2776 δὲ
