1942 3090
152 115 220 150 1109

749 123 870 155 CONTR
877 126 896 154 Α
918 123 1173 155 MAHOMETEM.

1688 128 1756 160 illi)

147 178 210 211 περὶ
224 175 271 203 τοῦ
289 176 346 212 βίου
362 179 409 204 καὶ
423 179 472 213 τῆς
488 179 663 211 διδασκαλίας
682 182 730 208 καὶ
746 182 799 207 τῶν
813 181 906 212 θαυμᾰ

972 179 1084 212 Christi,
1100 181 1230 215 deinceps
1249 186 1340 208 autem
1357 181 1391 209 de
1406 182 1462 209 vita
1480 185 1507 209 et
1523 182 1647 210 doctrina
1662 189 1689 211 et
1705 186 1755 211 mi-

145 231 199 250 των
214 223 295 250 αὐτοῦ
309 230 316 238 ·
333 224 380 249 καὶ
395 225 464 258 μετὰ
478 224 563 250 ταῦτα
581 226 644 259 περὶ
664 226 710 252 τοῦ
733 226 860 258 θανάτου,
875 227 922 253 καὶ

145 268 193 303 τῆς
215 268 400 300 ἀναστάσεως,
430 270 476 295 καὶ
499 269 550 303 τῆς
572 270 741 305 ἀναλήψεως.
762 271 805 297 Ἐν
831 271 859 297 δὲ
883 271 920 304 τῷ

149 313 301 348 ’Δλκοράνῳ
315 314 454 345 παντελῶς
479 316 591 350 οὐδεμία
606 317 663 342 ἐστὶ
679 316 765 349 τάξις,
777 317 838 344 οὔτε
859 318 922 352 χρόι

143 367 198 390 νου,
217 359 277 386 οὐδὲ
305 359 359 394 γὰρ
384 360 458 394 λέγει
481 361 527 387 ἐπὶ
551 362 632 388 τίνων
655 363 826 398 βασιλέων,ἦ
849 363 919 390 κατὰ

143 404 201 431 τινα
214 405 318 439 καιρὸν,
338 404 400 431 οὔτε
417 406 538 440 ἱστορίας
553 407 639 440 τάξις.
658 408 694 434 Τὸ
708 408 757 441 μὲν
774 409 829 443 γὰρ
843 409 920 443 πρῶ-

141 457 197 481 τον,
220 449 281 475 ὅθεν
308 450 421 485 ἤρξατο,
446 451 556 484 λέγεται
578 452 761 488 ὲπιγραφὴ,ἢ
790 453 921 487 διάνοιξις

142 493 186 519 τοῦ
202 493 316 527 βιὸλίου,
335 495 364 520 ἑν
384 490 406 528 ᾧ
429 494 624 530 ἀναμφιϐόλως
643 498 752 527 οίκείως
770 498 871 532 ἤρξατο
888 499 920 525 ὲκ

143 538 297 572 προσευχῆς
325 539 372 565 καὶ
401 536 485 573 ὕμνου
513 541 601 567 Θεοῦθ
629 541 729 576 ἑφεξῆς
753 542 780 569 δὲ
810 543 920 577 ἀμέσως

144 583 210 615 μετὰ
227 583 356 618 βραχεῖαν
370 584 452 619 εὐχὴν
464 585 565 620 ἧρξατο
577 586 626 621 τῆς
647 587 850 622 πραγματείας.
866 588 919 615 Καὶ

142 629 197 654 ἐστι
214 629 360 663 κεφάλαιον
374 630 501 665 δεύτερον
521 632 584 666 περὶ
612 634 662 667 τῆς
676 634 783 668 πυρρᾶς
798 634 869 668 βοὸς,
886 635 919 669 ἢν

141 673 218 700 ἔθυσε
244 673 418 711 Μωΰσῆς,ἧς
444 677 548 711 ἱστορία
570 678 643 704 ἐστὶν
660 679 688 704 ὲν
715 678 755 713 τῷ
771 679 917 714 Δευῖτικῷ.

141 717 237 753 Τρίτον
251 719 279 745 δὲ
303 721 449 754 κεφάλαιον
462 723 526 757 περὶ
543 723 589 750 τοῦ
610 723 684 750 οίκου
708 724 754 751 τοῦ
779 725 917 761 Ἀϐραὰμ,

140 761 168 794 ὗς
181 764 278 797 γέγονε
302 766 393 800 πατὴρ
413 767 569 799 Μωῦσέωςι
590 769 619 795 εν
642 766 663 802 ᾦ
677 769 763 796 πολλὰ
785 771 848 804 περὶ
871 770 917 797 τοῦ

139 807 256 843 Χριστοῦ
268 811 448 845 παρενέὸαλε,
462 814 508 839 καί
518 822 585 849 φησι
595 815 644 849 τὴν
658 815 795 850 Παρθένον
807 809 918 851 Μαρίαν

140 855 254 890 ἀδελφὴν
267 856 393 890 γενέσθαι
405 858 544 891 Μωῦσέως
558 862 605 887 καὶ
621 861 736 897 Ἀαρών.
754 862 807 889 Καὶ
819 863 917 897 ἑφεξῆς

140 897 235 926 ἕπεται
251 901 281 927 τὸ
296 901 425 937 τέταρτον
443 904 590 938 κεφάλαιον
614 907 679 942 περὶ
694 908 748 935 τῶν
766 909 914 942 γυναικῶν.

146 944 261 980 ὀμοίως
277 947 305 973 δὲ
329 947 375 974 καί
400 950 463 984 περὶ
490 950 544 976 τῶν
571 951 660 978 ἄλλων
677 953 762 985 οὕτως
780 954 916 986 ἀτάκτως,

137 989 206 1017 ὥστε
230 992 331 1026 μηδένα
347 991 417 1020 εῐναι
441 995 584 1030 ἄνθρωπον
610 997 639 1029 ὃς
657 998 691 1024 ἂν
707 999 814 1026 δύναιτο
839 1001 918 1034 λόγον

137 1036 281 1065 ἀποδοῦναι
293 1038 343 1074 τῆς
364 1040 467 1073 τάξεως
481 1041 531 1076 τῆς
553 1043 672 1078 ἱστορίας
697 1045 744 1071 καὶ
767 1046 821 1072 τῶν
834 1054 917 1080 κεφα-

137 1082 230 1112 λαίων.
241 1084 321 1111 ,Ἀλλ’
336 1086 395 1112 οὐδὲ
411 1087 427 1121 ἡ
443 1086 494 1120 τῆς
507 1086 574 1122 ὕλης
588 1088 663 1120 τάξις
679 1090 762 1116 ἐστιν.
778 1091 915 1118 Οὐδέποτε

138 1128 190 1163 γὰρ
206 1128 271 1163 μίαν
297 1130 474 1165 ἐπεξέρχεται
488 1131 554 1166 ὕλην
573 1133 720 1164 εὐτάκτως,
741 1135 798 1161 ἀλλ’
818 1136 917 1171 ἑφεξῆς

137 1173 190 1199 ἀπὸ
202 1175 267 1207 μιᾶς
282 1174 403 1211 ὕληςέφ¹
418 1177 515 1212 ἑτέραν
533 1179 660 1205 ὑπόθεσιν
675 1181 813 1212 παντελῶς
827 1182 916 1217 ἀσύμ-

138 1217 219 1243 6ατον
251 1221 443 1254 μεταφέρεται,
465 1222 594 1257 ἄντικρυς
623 1222 717 1254 ὥσπερ
752 1226 915 1261 ἐξεστηκὼς.

143 1262 214 1289 Ἀλλ’
228 1263 288 1290 οὐδὲ
302 1264 378 1297 τάξιν
391 1265 448 1300 ἔχει
462 1267 694 1302 ἐπιχειρημάτων,
715 1269 732 1304 ἦ
753 1277 826 1301 τινος
849 1271 916 1296 ἁπο-

136 1307 254 1342 δείξεως.
283 1309 354 1336 Ἀλλ’
380 1311 396 1345 ὴ
423 1311 583 1340 διδασκαλία
605 1314 680 1340 πᾶσα
708 1314 737 1347 te
761 1315 916 1348 ὑποθέσεως

137 1354 256 1389 πρόεισι,
270 1356 318 1382 καὶ
333 1355 497 1392 ὑποθέμενος
511 1359 572 1385 τινὰ
591 1359 721 1395 πρότασιν
735 1360 798 1386 καθ’
816 1361 916 1396 ἑαυτὴν

137 1400 236 1434 ἀληθῆ,
251 1400 280 1433 ἐξ
298 1402 405 1437 ἐκείνης
429 1403 513 1439 ἄλλην
538 1405 598 1432 τινὰ
623 1407 813 1441 συμπεραίνει,
832 1407 916 1442 μηδὲν

137 1445 250 1480 ἔλουσαν
275 1448 362 1474 κοινὸν
393 1449 460 1483 πρὸς
489 1450 538 1485 τὴν
561 1451 683 1486 πρώτην.
712 1449 774 1478 Οἵόν
801 1454 859 1479 ἐστι
886 1452 917 1479 τὸ

115 1498 121 1505 ¹
138 1491 258 1527 συνεχῶς
279 1492 345 1528 παρ’
366 1494 449 1521 αὐτοῦ
468 1495 623 1531 λεγόμενον,
641 1498 711 1523 ὅτιό
732 1497 797 1529 Θεὸς
816 1497 916 1533 ὑψηλός
931 1506 953 1535 c

135 1538 194 1564 ἐστι
217 1538 266 1564 καὶ
287 1539 400 1572 ἀγαθὸς,
428 1541 475 1567 καὶ
501 1542 530 1567 τὸ
561 1542 722 1578 Ἀλκοράνον
745 1548 827 1580 νόμος
858 1548 918 1574 ἐστὶ

136 1584 284 1618 σωτηρίας,
297 1585 343 1611 καὶ
355 1586 368 1611 6
382 1585 448 1617 826;
460 1587 516 1612 ἐστι
530 1587 606 1619 Θεὸς,
617 1589 665 1614 καὶ
685 1589 724 1616 ὅτι
740 1591 828 1623 οὐδείς
842 1592 917 1618 ἐστιν

135 1628 212 1659 ἄλλος
225 1629 291 1660 Θεὸς
308 1630 378 1664 πλὴν
391 1630 438 1657 τοῦ
449 1631 527 1663 Θεοῦ,
543 1633 589 1658 καὶ
604 1635 618 1659 ὀ
635 1634 756 1668 Μωάμεθ
773 1637 832 1662 ἐστὶ
851 1645 919 1671 προ-

134 1674 222 1708 φήτης
244 1673 359 1708 ἀληθής.
388 1674 495 1700 Ὀποῖον
517 1674 544 1702 δέ
566 1676 624 1706 ἐστι
647 1677 726 1704 τοῦτο
756 1679 785 1705 τὸ
813 1681 918 1714 συμπέ-

135 1726 239 1752 ρασμα,
252 1718 282 1745 τὸ
298 1719 344 1746 τὸν
355 1720 477 1754 Μωάμεθ
491 1717 559 1747 εἶναι
573 1722 661 1756 ἀληθῆ
677 1723 724 1749 τοῦ
736 1723 802 1750 Θεοῦ
814 1724 917 1758 δοῦλον,

133 1763 176 1789 ὃτι
191 1762 205 1788 6
222 1763 287 1794 Θεός
303 1764 362 1790 ἐστι
384 1764 467 1797 Θεόςς
487 1766 542 1791 Καὶ
568 1765 662 1801 ὥσπερ
677 1767 707 1792 ὲν
726 1767 764 1802 τῷ
779 1769 918 1804 κεφαλαίῳ

134 1809 172 1843 τῷ
192 1809 334 1843 Ἐλμαῖδᾶ,
359 1809 373 1836 6
393 1810 575 1844 ἑρμηνεύεται
603 1811 739 1846 τράπεζα,
761 1815 837 1847 φησὶ,
862 1815 918 1841 Κα-

133 1852 265 1887 τέστησεν
280 1854 346 1888 ήμῐν
361 1854 375 1879 6
389 1854 552 1883 Θεὸςοίκίαν
569 1855 700 1890 Ἐλαρὰμ,
709 1857 846 1883 τουτέστιν

133 1897 204 1931 αὕτη
230 1897 305 1924 ἐστὶν
330 1896 403 1930 οἶκος
424 1899 535 1925 Μεσχέ¹
557 1901 611 1934 μήν
635 1902 692 1927 ἐστι
717 1902 767 1936 τῆς
788 1903 916 1936 νηστείας

132 1943 181 1970 τοῦ
213 1944 453 1980 Σαρῤακηνισμοῦ.
479 1946 533 1972 Καὶ
559 1946 719 1979 γινώσκετε,
748 1948 790 1974 ὅτι
816 1949 830 1974 6
851 1948 917 1977 Θεὸς

133 1991 223 2017 πάντα
242 1989 308 2021 οἶδε,
325 1990 361 2017 τὰ
375 1991 403 2017 ἐν
427 1991 534 2027 οὐρανῷ
558 1992 606 2018 καὶ
629 1993 663 2017 τὰ
688 1992 734 2019 ἐπὶ
759 1993 819 2027 γῆς,
835 1993 881 2020 καὶ
903 1995 917 2020 6

131 2036 199 2067 Θεὸς
228 2033 282 2062 οἶδε
312 2037 366 2062 πᾶν
394 2036 462 2070 ὅπερ
492 2036 576 2063 ἐστίν.
608 2037 688 2063 nam
715 2037 758 2068 τίς
787 2038 916 2066 τοσοῦτον

131 2081 257 2115 ἀνόητος,
274 2081 339 2108 ὥστ’
357 2081 549 2116 ἀμφιϐάλλειν,
569 2083 592 2108 εί
605 2083 618 2108 6
637 2083 702 2114 Θεὸς
720 2083 808 2109 πάντα
826 2082 915 2115 οἷδεν;

132 2126 223 2152 Ἔστω
238 2126 266 2152 δὲ
294 2126 342 2152 καὶ
359 2126 421 2152 τινὰ
442 2127 634 2160 ἁμφιόάίιλειν,
650 2127 732 2154 ποίαν
754 2127 916 2154 ἀκολουθίαν

973 226 1073 254 raculis
1086 227 1153 261 ejus,
1171 231 1198 253 et
1211 230 1271 260 post
1286 227 1343 254 haec
1359 227 1392 254 de
1406 231 1492 254 morte
1507 232 1534 255 et
1551 229 1753 256 resurrectione

972 275 999 297 et
1031 271 1217 305 assumptione
1244 271 1319 298 dicit.
1345 272 1480 299 Alcorano
1511 278 1603 300 autem
1641 274 1753 301 omnino

971 316 1063 344 nnllus
1077 321 1118 343 est
1133 317 1200 343 ordo
1216 317 1356 351 temporis.
1377 325 1463 352 neque
1483 318 1555 344 enim
1573 318 1638 345 dicit
1654 320 1754 352 quibus

972 362 1092 396 regibus.
1108 361 1150 388 vel
1169 362 1318 389 secundum
1333 363 1405 397 quod
1422 368 1538 398 tempus,
1555 371 1645 398 ncqne
1662 364 1754 392 histo-

972 407 1018 434 riae
1028 407 1095 434 ordo
1107 411 1157 434 est.
1169 407 1288 434 Primum
1306 408 1378 435 enim
1390 409 1540 443 capitulum
1553 409 1625 436 unde
1639 409 1751 444 incepit,

971 452 1071 480 dicitur
1089 453 1232 487 inscriptio
1254 454 1295 480 vel
1316 454 1431 488 aperitio
1454 454 1528 486 libri,
1547 455 1574 481 in
1599 462 1653 489 quo
1674 455 1754 482 indu-

971 498 1056 525 bitato
1073 498 1182 533 proprie
1199 499 1301 532 incepit
1315 499 1348 525 ab
1365 499 1490 526 oratione
1509 505 1536 527 et
1552 500 1633 527 laude
1649 501 1707 528 Dei.
1722 501 1753 527 lit

970 542 1072 577 absque
1100 543 1190 570 medio
1215 547 1276 578 post
1298 543 1409 571 brevem
1435 544 1585 572 orationem
1608 549 1751 572 tractatum

970 588 1082 622 incepit.
1102 588 1135 615 Et
1151 593 1192 615 est
1208 589 1357 622 capitulum
1377 589 1527 616 secundum
1541 589 1574 616 de
1589 589 1659 615 fulva
1673 589 1751 620 bove,

969 642 1050 668 quam
1064 634 1162 661 obtulit
1177 633 1293 669 Moyses,
1303 635 1382 669 cujus
1396 635 1507 662 historia
1521 639 1563 662 est
1580 636 1605 662 in
1617 635 1750 662 Levitico.

969 679 1090 707 Tertium
1109 684 1200 707 autem
1217 680 1366 714 capitulum
1384 686 1426 708 est
1444 681 1477 708 de
1500 681 1582 708 domo
1604 681 1751 711 Abraham.

969 725 1015 759 qui
1032 725 1082 751 l'uit
1095 728 1170 758 pater
1183 724 1275 760 Moysi,
1293 726 1320 752 in
1334 733 1387 760 quo
1400 726 1484 753 multa
1501 726 1534 752 de
1548 726 1657 753 Christo
1669 727 1751 752 inter-

969 770 1043 802 serit,
1068 775 1096 797 et
1123 770 1190 797 dicit
1219 771 1349 804 virginem
1380 771 1489 797 Mariam
1518 779 1640 798 sororem
1668 771 1750 798 fuisse

969 814 1052 849 Moysi
1076 819 1104 842 et
1130 816 1233 842 Aaron.
1259 816 1292 842 Et
1317 816 1447 850 deinceps
1473 816 1598 849 sequitur
1622 822 1749 849 quartum

971 860 1130 894 capitulum,
1153 860 1186 887 de
1212 860 1380 888 mulieribus.
1403 860 1533 888 Similiter
1557 866 1646 888 autem
1669 866 1696 889 ct
1717 862 1750 889 de

970 904 1030 931 aliis
1051 904 1090 930 sic
1112 903 1266 931 inordinate
1282 904 1415 938 procedit.
1433 905 1501 931 adeo
1518 905 1590 939 quod
1616 911 1695 932 nemo
1710 907 1752 930 est

969 949 1015 984 qui
1042 949 1126 983 possit
1149 949 1261 977 reddere
1286 950 1418 977 rationem
1444 951 1549 978 ordinis
1572 951 1694 978 historiae
1726 954 1752 976 ct

969 993 1161 1028 capitulorum.
1177 995 1208 1021 Et
1224 1002 1312 1029 neque
1327 996 1448 1022 materiae
1463 996 1530 1023 ordo
1545 996 1750 1030 est.Nunquam

969 1040 1041 1067 enim
1056 1047 1135 1066 unam
1152 1040 1293 1067 materiam
1308 1040 1376 1068 bene
1393 1041 1574 1076 ordinateque
1590 1042 1749 1076 pertransit,

969 1085 1017 1112 sed
1032 1085 1160 1120 deinceps
1176 1085 1210 1112 ab
1224 1094 1276 1112 una
1299 1087 1411 1114 materia
1427 1087 1459 1113 ad
1482 1087 1595 1114 alteram
1618 1095 1666 1121 per
1687 1095 1751 1120 snp-

970 1131 1131 1165 positionem
1145 1131 1256 1158 omnino
1270 1132 1489 1166 impertinentem
1504 1133 1676 1163 transfertur,
1692 1137 1749 1159 tan-

968 1183 1050 1210 quam
1080 1176 1243 1203 abstractus.
1269 1176 1321 1203 Sed
1345 1181 1372 1204 et
1396 1185 1485 1212 neque
1513 1178 1638 1204 ordinem
1667 1177 1748 1204 habet

969 1221 1244 1254 argumentationum.
1255 1222 1295 1248 vel
1307 1222 1421 1257 alicujus
1432 1223 1682 1251 demonstrationis.
1695 1223 1747 1250 Sed

969 1264 1058 1292 omnis
1074 1264 1197 1292 doctrina
1219 1273 1252 1292 ex
1275 1266 1463 1300 suppositione
1484 1266 1620 1300 procedit,
1643 1271 1671 1293 et
1685 1274 1750 1300 sup-

969 1311 1118 1345 positiones
1141 1311 1286 1345 quamdam
1312 1312 1527 1346 propositionem
1552 1319 1604 1346 per
1633 1312 1749 1345 scipsaui

969 1364 1114 1389 veram,ex
1129 1357 1174 1384 illa
1188 1357 1267 1384 aliam
1281 1357 1426 1393 quamdam
1442 1357 1589 1388 concludit,
1606 1365 1665 1392 qua).
1681 1357 1750 1384 nihil

970 1408 1113 1429 commune
1143 1403 1225 1430 habet
1241 1405 1274 1430 ad
1301 1403 1428 1437 primam.
1453 1402 1531 1430 Sicut
1553 1407 1595 1430 est
1621 1403 1750 1430 continue

969 1447 1042 1481 quod
1059 1447 1094 1474 ab
1106 1455 1138 1474 eo
1154 1448 1266 1479 dicitur,
1284 1449 1356 1482 quod
1371 1449 1444 1475 Dens
1459 1453 1502 1475 est
1520 1448 1644 1476 excelsus
1660 1452 1688 1474 et
1701 1447 1751 1474 bo-

971 1499 1033 1524 nus,
1045 1497 1071 1519 et
1083 1493 1154 1526 quod
1172 1493 1333 1520 Alcorannm
1349 1493 1392 1520 lex
1407 1497 1450 1520 est
1464 1493 1569 1525 salutis,
1584 1496 1611 1519 et
1626 1492 1698 1519 Deus
1709 1496 1752 1519 est

970 1537 1051 1570 Deus,
1064 1542 1091 1564 et
1110 1538 1181 1572 quod
1198 1538 1289 1564 nullus
1305 1542 1346 1564 est
1361 1537 1430 1564 alius
1447 1536 1518 1564 Deus
1535 1541 1635 1571 praeter
1654 1536 1748 1567 Deum.

968 1588 995 1609 et
1007 1582 1174 1609 Mahomelns
1189 1588 1231 1609 est
1247 1583 1377 1617 propheta
1394 1589 1483 1609 verus.
1504 1582 1569 1614 Qum
1585 1585 1676 1607 autem
1692 1581 1751 1608 haec

968 1627 1120 1659 conclusio,
1141 1628 1322 1654 Mahomctum
1340 1635 1399 1654 esse
1412 1634 1508 1654 verum
1523 1626 1570 1654 Dei
1585 1634 1706 1658 servum,
1723 1630 1751 1652 et

968 1673 1040 1708 quod
1054 1673 1126 1700 Deus
1138 1677 1180 1700 est
1194 1672 1282 1699 Deus?
1293 1672 1326 1699 Et
1339 1672 1366 1699 in
1382 1673 1502 1706 capitulo
1512 1671 1662 1704 Elmaiada,
1677 1671 1750 1706 quod

968 1718 1164 1752 interpretatur
1185 1726 1285 1751 mensa,
1305 1718 1373 1745 dicit
1390 1727 1396 1744 ι
1414 1717 1564 1745 Constituit
1584 1717 1663 1744 nobis
1679 1717 1752 1744 Deus
1769 1720 1773 1723 ‘

967 1762 1078 1790 domum
1095 1763 1211 1793 Elaram.
1232 1763 1258 1790 id
1276 1767 1319 1790 est
1342 1763 1501 1790 vocationis.
1519 1762 1581 1789 Hazc
1595 1767 1636 1790 est
1652 1763 1751 1789 domus

967 1815 1075 1835 mensae.
1092 1808 1191 1835 Mensis
1205 1813 1247 1834 est
1263 1808 1358 1842 jcjunii
1375 1807 1566 1835 Saracenismi.
1582 1807 1615 1834 Et
1628 1807 1680 1834 hoc
1695 1811 1748 1838 est,

967 1859 997 1881 ut
1009 1854 1112 1885 sciatis,
1129 1853 1201 1887 quod
1217 1854 1288 1880 Deus
1302 1855 1393 1880 omnia
1413 1853 1488 1880 novit
1502 1861 1562 1888 qua:
1575 1853 1678 1881 suntin
1694 1859 1751 1880 cce-

967 1900 994 1927 lo
1009 1904 1036 1927 et
1050 1903 1110 1934 qua:
1125 1904 1187 1926 sunt
1205 1900 1229 1926 in
1247 1904 1328 1931 terra,
1344 1904 1372 1926 et
1390 1899 1460 1926 Deus
1477 1899 1528 1926 scit
1546 1898 1677 1933 quidquid
1696 1903 1748 1924 est.

947 1944 1020 1972 ~Sed
1045 1944 1107 1978 quis
1131 1949 1174 1971 est
1199 1948 1252 1970 tam
1270 1944 1392 1975 demens,
1416 1949 1446 1970 ut
1468 1942 1576 1970 dubitet
1592 1943 1659 1977 quin
1678 1942 1748 1968 Deus

967 1990 1036 2017 sciat
1051 1989 1161 2016 omnia?
1175 1988 1229 2016 Sed
1245 1989 1334 2024 posito
1350 1983 1580 2023 quod'dubitetur
1594 1988 1629 2014 ab
1646 1988 1747 2021 aliquo,

967 2043 1027 2070 qua
1039 2039 1080 2062 est
1095 2036 1151 2062 haec
1163 2035 1368 2068 consequentia.
1381 2034 1454 2068 quod
1470 2041 1562 2060 mensa
1578 2038 1606 2060 et
1615 2033 1748 2068 jejunium

968 2081 1070 2108 mensis
1094 2080 1274 2108 Saracenismi
1300 2080 1380 2108 faciat
1403 2080 1486 2113 scire,
1505 2079 1577 2114 quod
1600 2079 1672 2106 Deus
1697 2079 1748 2105 scit

966 2126 1076 2154 omnia?
1095 2125 1128 2153 Et
1141 2126 1270 2153 continue
1287 2130 1377 2153 autem
1399 2125 1509 2152 videtur
1522 2124 1596 2159 loqui
1619 2122 1747 2158 tanqtiam

130 2170 188 2205 ἔχει
204 2171 234 2198 τὸ
247 2171 293 2198 τὸν
311 2169 384 2198 οἷκον
398 2172 491 2198 Μεσκὲ
508 2173 554 2198 καὶ
567 2173 617 2207 τὴν
632 2171 757 2207 νηστείαν
772 2172 819 2198 τοῦ
843 2174 913 2209 Σαῤ-

968 2172 1125 2204 somniator,
1139 2177 1168 2197 et
1183 2171 1300 2197 maxime
1315 2171 1388 2197 circa
1405 2170 1484 2197 tinem
1498 2170 1572 2201 libri,
1590 2170 1635 2196 ubi
1653 2170 1749 2196 viden-

131 2214 301 2250 ρικηνισμοῦ
318 2215 401 2250 μηνὸς
421 2216 507 2241 ποιεῖν
521 2215 666 2249 γινώσκειν
683 2217 770 2242 αῐτιον
785 2216 912 2249 γενέσθαι

129 2259 179 2286 τοῦ
195 2260 293 2287 ειδέναι
310 2259 356 2286 τὸν
376 2259 443 2286 Θεὸν
458 2261 546 2286 πάντα
561 2260 707 2294 γινώσκειν
720 2269 728 2294 ;
743 2261 867 2295 Συνεχῶς
884 2261 912 2287 δὲ

128 2305 204 2332 δοκεῖ
217 2305 388 2338 διαλέγεσθαι
403 2305 496 2340 ὥσπερ
511 2306 712 2338 ὲνυπνιασθεὶς,
732 2306 778 2332 καὶ
792 2307 911 2340 μάλιστα

130 2351 196 2384 περὶ
213 2351 244 2376 τὸ
260 2350 335 2382 τέλος
357 2350 406 2376 τοῦ
421 2350 535 2384 βιϐλίου,
551 2351 618 2377 ὅπου
637 2351 713 2377 δοκεῖ
733 2352 798 2383 τοὺς
817 2352 913 2386 λόγους

129 2396 283 2423 ἐπιλείπειν
297 2395 392 2430 αὐτῷ’
408 2395 502 2430 ὥσπερ
525 2397 555 2423 ὲν
577 2397 616 2432 τῷ
638 2397 780 2432 κεφαλαίῳ
797 2397 837 2431 τῷ
855 2397 914 2424 Ἐλ-

128 2441 263 2476 καφιρὶμ,
277 2441 292 2468 δ
304 2442 482 2477 ἑρμηνεύεται
496 2442 647 2475 αιρετικοί,
658 2444 725 2477 φησὶ
739 2442 809 2469 κατὰ
821 2443 894 2476 λέξιν
904 2451 912 2458 ·

127 2485 165 2514 Ὠ
182 2488 349 2522 βλάσφημοι,
371 2487 401 2513 οὺ
423 2487 581 2522 προσκυνῶ,
600 2487 614 2513 6
643 2490 833 2522 προσκυνεῖτε,
854 2488 912 2515 οὗθ’

103 2560 106 2561 ,
127 2534 210 2568 ὑμεῖς
238 2532 453 2565 προσκυνεῖτε,ὃ
470 2533 628 2567 προσκυνῶ.
650 2533 729 2567 Ὑμῖν
747 2534 761 2559 6
781 2534 913 2568 ὑμέτερος

126 2580 222 2614 νόμος,
239 2579 285 2606 καὶ
302 2579 365 2613 ἐμοὶ
379 2578 393 2604 6
407 2578 488 2612 νᾶμος
507 2578 521 2604 6
535 2578 612 2612 ἐμός.
628 2577 710 2604 Ἀλλὰ
730 2579 784 2610 πᾶς
807 2579 912 2614 αἱρετι-

125 2624 177 2655 κὺς
205 2623 283 2651 τοῦτο
306 2624 417 2650 δύναται
438 2623 538 2656 λέγειν,
556 2622 600 2649 ίνα
628 2622 761 2658 διακόπτῃ
779 2623 829 2657 τὴν
845 2623 913 2658 ὕλην

124 2669 179 2704 τὴν
197 2669 261 2704 περὶ
283 2669 334 2704 τῆς
355 2667 496 2703 ζητήσεως
519 2666 568 2702 τῆς
594 2667 732 2702 ἀληθείας.
765 2667 835 2694 Ἀλλ’
853 2668 913 2694 οὐδὲ

128 2714 274 2750 μέμνημαι
291 2722 357 2741 ποτε
384 2714 428 2740 διὰ
457 2713 558 2743 παντὸς
581 2713 628 2739 τοῦ
646 2713 748 2747 βιϐλίου
776 2713 806 2739 ἓν
834 2715 914 2748 μόνον

127 2761 300 2797 ἐπιχείρημα
324 2760 411 2796 εὑρὼν
428 2760 490 2787 κατ’
503 2759 612 2786 εὐθεῖαν
634 2759 763 2786 ὑπόθεσιν
780 2759 827 2786 καὶ
848 2759 915 2794 πρέ-

128 2815 237 2835 πουσαν
265 2806 352 2839 τάξιν.
385 2806 418 2834 'H
439 2805 468 2833 δὲ
497 2805 552 2842 τῷν
580 2805 720 2842 ὀνομάτων
748 2806 825 2838 τάξις
856 2807 915 2834 ἐκεῖ

969 2222 1013 2243 tur
1035 2216 1061 2243 ei
1084 2215 1167 2243 verba
1182 2215 1308 2241 deiicere.
1328 2213 1404 2241 Sicut
1421 2214 1448 2240 in
1473 2213 1590 2247 capitulo
1614 2213 1748 2246 Elcaphe-

968 2270 1027 2289 rum
1054 2261 1126 2296 quod
1147 2261 1342 2297 interpretatur
1367 2259 1492 2291 ha'retici,
1516 2259 1583 2286 dicit
1606 2259 1639 2285 de
1664 2258 1747 2285 verbo

967 2308 1000 2335 ad
1025 2307 1138 2334 verbum
1153 2314 1160 2333 :
1177 2306 1199 2333 0
1217 2305 1408 2336 exsecrabilcs,
1433 2312 1488 2331 non
1506 2303 1591 2331 adoro
1607 2303 1679 2338 quod
1700 2311 1749 2329 vos

968 2352 1097 2386 adoratis,
1109 2359 1197 2387 neque
1209 2359 1256 2378 vos
1269 2350 1388 2378 adoratis
1403 2350 1475 2384 quod
1489 2358 1540 2384 ego
1553 2349 1653 2382 adoro;
1671 2349 1748 2376 vobis

966 2403 1059 2426 vestra
1076 2399 1132 2430 lex,
1150 2401 1178 2424 et
1191 2397 1258 2424 mihi
1274 2404 1331 2424 mea
1345 2397 1399 2424 lex.
1412 2395 1463 2423 Sed
1477 2396 1592 2430 quilibet
1605 2395 1748 2423 haereticus

967 2448 1057 2479 potest
1077 2443 1128 2470 hoc
1142 2443 1244 2475 dicere,
1261 2446 1290 2469 ut
1304 2441 1450 2469 intercidat
1470 2441 1612 2468 materiam
1633 2449 1693 2476 qua:
1707 2446 1748 2468 est

967 2490 1001 2517 de
1022 2488 1200 2523 inquisitione
1215 2487 1349 2515 veritatis.
1367 2487 1399 2513 Et
1420 2494 1510 2521 neque
1528 2487 1689 2513 reminiscor
1703 2493 1748 2512 me

968 2535 1104 2563 invenisse
1124 2534 1151 2561 in
1168 2538 1224 2561 toto
1239 2533 1311 2560 libro
1326 2540 1407 2560 unam
1429 2533 1514 2560 solam
1535 2531 1747 2567 argumentatio-

967 2589 1029 2609 nem
1057 2588 1119 2615 qua:
1132 2579 1283 2607 secundum
1296 2583 1398 2606 rectam
1413 2578 1628 2613 suppositionem
1642 2582 1669 2604 et
1682 2584 1749 2604 con-

967 2626 1121 2654 venientem
1134 2624 1258 2652 ordinem
1273 2623 1410 2658 procedat.
1422 2623 1569 2651 Nominum
1580 2626 1670 2648 autem
1681 2621 1749 2648 ordo

967 2673 1022 2700 illic
1040 2671 1216 2706 grammatice
1236 2675 1263 2697 et
1290 2670 1442 2705 rhythmice
1464 2669 1584 2703 optimus
1604 2671 1655 2695 est.
1680 2667 1747 2694 Fere

966 2717 1039 2745 enim
1055 2720 1127 2744 totus
1145 2717 1215 2744 liber
1229 2716 1358 2743 metricus
1374 2720 1402 2742 et
1416 2715 1586 2750 rhythmicus
1602 2719 1653 2741 est.
1671 2713 1748 2741 Unde

967 2765 994 2788 et
1009 2761 1085 2788 valde
1099 2759 1249 2795 gloriantur
1271 2759 1397 2787 Saraceni
1427 2761 1453 2786 in
1469 2759 1508 2786 sic
1526 2758 1641 2793 pulchro
1657 2762 1685 2785 ct
1701 2766 1748 2785 or-

967 2812 1031 2836 nato
1046 2806 1167 2834 Arabicae
1180 2806 1326 2834 locutionis
1339 2805 1435 2839 modo;
1452 2809 1478 2833 et
1495 2812 1529 2832 ex
1545 2806 1588 2834 his
1603 2812 1753 2840 argumen-
