1942 3090
178 114 245 150 illi

794 114 872 143 DEM
878 113 984 143 ETRll
1005 110 1161 146 CYDONII

1727 109 1801 142 “12

173 177 279 204 tantur,
296 178 391 198 verum
409 170 570 206 prophetam
587 171 670 198 fuisse
686 170 881 197 Mahometum.
898 169 956 196 Non

1017 168 1212 204 ξραμματικῶς
1220 168 1267 195 καὶ
1275 168 1465 206 ἀριθμητικῶς
1474 166 1604 201 καλλίστη
1615 166 1685 193 ἐστί.
1696 166 1802 202 Σχεδὸν

173 218 247 244 enim
261 217 300 244 sic
312 222 406 244 ornate
417 217 542 244 scivisset
555 217 630 252 loqui
643 217 724 244 homo
735 215 848 243 omnino
862 216 955 242 idiota.

174 262 227 289 Sed
243 261 315 288 sicut
331 262 460 296 superius
479 262 567 289 visum
589 267 631 289 est
655 263 681 289 in
705 265 804 296 quarto
826 261 957 295 capitulo,

174 314 228 333 non
245 306 389 333 consuevit
403 306 476 333 Deus
492 307 566 341 loqui
583 307 611 333 in
626 307 739 338 mundo,
754 307 795 333 vel
816 313 877 333 cum
895 313 960 339 pro-

176 351 276 385 phetis,
294 359 342 386 per
356 359 453 379 versus
472 353 515 379 vel
533 352 686 387 rhythmos.
704 352 748 379 Sic
772 352 854 386 igitur
877 351 962 378 mani-

175 397 285 428 festum,
302 397 374 432 quod
397 398 440 424 lex
455 398 514 424 litec
536 405 589 424 non
610 403 652 425 est
664 406 678 425 a
696 398 762 429 Deo,
778 405 840 432 quae
856 397 960 424 nullum

177 442 261 469 habet
277 443 400 469 ordinem
427 442 480 470 nisi
507 443 594 470 solum
617 443 800 477 rhythmicum
820 449 849 470 et
870 449 962 477 gram-

178 487 318 518 maticum,
332 488 378 522 qui
396 488 452 515 Deo
471 495 527 514 non
541 488 680 523 congruit.

1012 200 1112 249 «'{E‘zp'ét
1124 214 1226 249 βιὸλίον
1238 200 1309 245 ὅλον,
1324 200 1519 248 καὶ-ῥυἏμικόν
1534 200 1620 240 ἐστιν.
1637 200 1801 239 Ὀθενγλῐαν

1013 259 1170 293 καυχῶνται
1194 260 1219 285 οἱ
1241 260 1414 294 Σαῤῥακηνοὶ
1435 259 1477 292 ἐφ’
1497 258 1568 285 οὕτω
1592 259 1669 293 καλῷ
1686 260 1735 286 καὶ
1750 268 1802 285 xa-

1015 304 1182 339 κοσμημένῳ
1204 304 1353 339 ’Λραῦικῆς
1368 304 1514 336 διαλέξεως
1530 305 1623 338 τρόπῳ
1635 312 1642 319 ·
1659 304 1713 329 κάκ
1736 304 1804 329 τού-

1015 358 1069 376 των
1084 349 1268 383 ἐπιχειροῦσιν
1282 349 1367 383 ἅληθῆ
1382 349 1527 383 προφήτην
1543 347 1614 375 εἶναι
1629 349 1674 374 τὸν
1688 347 1801 382 Μαχού-

1017 404 1078 430 μετ.
1096 396 1153 422 Οὐκ
1179 395 1210 422 ἂν
1237 396 1292 430 γὰρ
1314 394 1385 421 οὕτω
1414 395 1534 428 κοσμίως
1560 394 1695 428 ἠπίστατο
1712 394 1804 420 διαλέ-

1016 442 1113 476 γεσθαι
1145 441 1288 476 ἄνθρωπος
1328 440 1468 471 παντελῶς
1505 439 1624 473 ίδιώτης.
1655 439 1727 466 ’Δλλ“
1762 438 1804 469 ὡς

1015 487 1144 521 ἀνωτέρω
1156 486 1324 522 τεθεώρηται
1344 486 1373 512 ἐν
1393 486 1433 520 τῷ
1448 485 1570 520 τετάρτῳ
1582 485 1736 518 κεφαλαίῳ,
1750 485 1804 511 οὐκ

177 533 273 560 εἴωθεν
292 534 306 559 ὁ
328 534 394 565 Θεὸς
415 535 589 568 διαλέγεσθαι
613 536 652 569 τῷ
667 536 771 570 κόσμῳ,
788 536 804 571 ἢ
820 536 877 567 τοῖς
892 535 1059 570 προφήταις,
1088 534 1122 561 δι’
1146 535 1221 561 ἐπῶν
1255 534 1272 568 ἦ
1307 533 1428 569 ῥυθμῶν.
1462 532 1541 559 Οὕτω
1561 533 1650 559 τοίνυν
1671 533 1805 566 φανερὸν,

177 580 219 605 ὅτι
233 580 247 605 ὸ
265 580 347 614 νόμος
371 577 449 612 οὗτος
471 581 522 607 οὐκ
547 581 605 608 εστι
627 582 702 617 παρὰ
718 581 796 615 Θεοῦ,
822 581 960 617 μηδεμίαν
979 582 1048 616 ἔχων
1061 580 1148 613 τάξιν,
1160 581 1184 607 εί
1197 580 1234 615 μὴ
1265 580 1345 614 μόνον
1374 579 1511 614 ῥυθμικὴν
1527 579 1573 605 καὶ
1588 578 1804 613 γραμματικὴν,

179 626 195 658 ἣ
211 625 251 660 τῷ
263 626 323 660 Θεῷ
339 626 387 661 οὐχ
401 627 528 662 ἁρμόζει.

179 670 237 697 Xll.
255 670 331 703 Quod
344 671 385 698 lea:
397 671 590 700 Saracenorum
601 681 651 700 non
664 677 702 701 est
714 673 779 706 Dei;
791 674 881 709 iniqua
895 673 964 700 enim

548 712 595 734 εει.

215 749 384 777 Duodecimo
400 755 507 785 oportet
529 752 715 784 considerare,
742 753 816 787 quod
837 753 879 780 lex
907 752 964 779 haec

179 801 234 820 non
250 798 291 821 est
302 802 317 821 a
333 795 399 823 Deo.
416 796 488 823 Deus
505 796 578 823 enim
593 801 634 824 est
651 805 756 825 summe
771 798 879 826 bonus:
893 798 965 833 opti-

1053 671 1102 698 IB’.
1119 671 1184 696 "On
1194 671 1211 696 ὁ
1226 670 1318 704 νόμος
1330 666 1418 702 οὗτος
1433 669 1489 696 οὐκ
1504 667 1570 695 ἐστι
1584 668 1664 703 παρὰ
1678 669 1766 695 Θεοῦ.

1053 747 1209 774 Δωδέκατον
1220 746 1259 772 δεῖ
1271 745 1394 780 Θεωρεϊν,
1407 745 1448 772 ὅτι
1465 746 1479 771 6
1496 745 1578 780 νόμος
1589 742 1667 777 οὗτος
1682 746 1733 772 οὐκ
1743 746 1805 772 ἔστι

1018 792 1093 827 παρὰ
1109 790 1188 817 Θεοῦ.
1209 790 1238 816 '0
1253 790 1307 824 γὰρ
1320 789 1386 821 Θεὸς
1409 789 1502 825 ἄκρως
1527 790 1601 816 ἐστὶν
1621 790 1741 824 ἀγαθός·
1753 791 1804 817 τοῦ

180 839 216 866 ιιιὶ
232 843 322 866 autem
336 846 378 868 est
400 841 501 876 optima
516 841 616 873 facere.
630 843 779 870 secundum
794 843 962 879 Dionysium.

1017 838 1042 864 δὲ
1054 838 1164 872 ἀρίστου
1181 837 1255 862 ἐστὶν
1271 835 1370 870 ἄριστα
1386 838 1483 867 ποιεῖν,
1498 836 1569 862 κατὰ
1587 836 1633 862 τδν
1651 836 1805 863 Διονύσιον.

180 884 258 917 Quod
274 889 363 912 autem
378 885 421 913 lex
439 886 567 914 Alcorani
584 887 676 922 iniqua
691 892 743 916 est.
759 896 792 915 ex
808 889 867 923 ipso
881 889 963 916 Alco-

184 937 250 956 tano
272 929 447 958 manifestum
463 936 513 959 est.
531 932 635 960 Dicitur
647 933 719 960 enim
743 933 769 960 in
786 934 904 968 capitulo
918 935 964 961 El-

182 975 267 1009 t-aph,
289 980 317 1002 et
340 976 367 1003 in
390 977 509 1011 capitulo
538 977 649 1012 Elgem,
672 978 744 1013 quod
768 979 966 1014 interpretatur

181 1021 321 1051 dwmones.
342 1022 415 1056 quod
438 1024 527 1057 ipsum
549 1024 712 1051 Alcoranum
730 1024 819 1059 placet
834 1026 966 1052 daemoni-

181 1065 243 1097 hus,
259 1070 287 1092 et
301 1066 327 1093 in
341 1067 436 1094 eodem
453 1067 639 1101 delectantur;
656 1069 793 1096 daemones
808 1074 896 1097 autem
915 1071 966 1097 ini-

181 1111 228 1145 qui
244 1117 309 1139 sunt
322 1116 350 1139 et
364 1114 484 1147 perversi
503 1113 653 1141 secundum
669 1115 848 1146 voluntatem,
865 1116 966 1150 quibus

181 1161 279 1190 praeter
295 1157 417 1192 iniquum
435 1159 508 1186 aliud
528 1159 615 1193 placet
631 1160 715 1193 nihil;
731 1161 898 1188 Alcoranum
915 1161 965 1196 igi-

181 1207 227 1228 tur
241 1202 342 1229 malum
362 1208 414 1230 est.
428 1203 494 1231 Item
514 1204 678 1231 Alcoranum
692 1212 774 1232 causa
790 1210 832 1233 est
845 1206 966 1233 omnium

182 1248 328 1280 malorum,
345 1249 417 1276 sicut
434 1249 527 1281 caedis,
546 1250 658 1284 rapina),
679 1251 802 1285 perjurii,
817 1255 844 1278 et
869 1252 966 1286 hujus-

182 1293 265 1324 ntodi,
287 1301 347 1328 qua:
370 1301 424 1320 non
445 1295 532 1321 solum
563 1295 695 1329 permittit
716 1295 893 1327 Aleoranum,
917 1296 965 1323 sed

181 1337 263 1364 etiam
285 1338 395 1365 mandat
417 1339 500 1374 (sicut
519 1340 645 1374 superius
656 1340 829 1367 manifestum
848 1340 920 1375 fuit),
938 1345 967 1368 et

182 1382 300 1410 maxime
314 1385 413 1411 caedes.
429 1384 487 1412 Non
502 1385 639 1412 sullicicns
653 1390 744 1412 autem
759 1386 900 1413 excusatio
912 1390 964 1419 est,

182 1428 311 1456 mandare
345 1429 468 1457 inﬁdeles
502 1431 634 1463 interimi,
665 1431 712 1458 sed
737 1439 827 1466 neque
859 1431 964 1460 ﬁdeles.

182 1474 254 1502 Dicit
267 1475 340 1502 enim
357 1476 521 1509 indubitate,
534 1477 606 1512 quod
623 1477 709 1505 ﬁdelis
727 1486 780 1506 non
799 1478 882 1506 debet
897 1479 966 1507 inte-

184 1523 285 1550 rimere
306 1523 433 1551 ﬁdelem:
451 1524 524 1558 ipsos
539 1530 630 1552 autem
649 1525 772 1553 inﬁdeles
792 1526 902 1554 mandat
926 1527 967 1553 in-

184 1567 325 1601 terimere,
351 1569 402 1596 nisi
435 1570 539 1597 tributa
569 1571 687 1598 solvant.
712 1571 856 1598 Tributum
885 1571 967 1607 igitur

181 1613 287 1640 solvere
311 1614 449 1642 suﬂiciens
470 1623 551 1642 causa
567 1621 608 1643 est
624 1616 810 1648 interimendi,
834 1617 877 1644 vel
899 1624 966 1644 non.

182 1658 274 1690 Quare
299 1666 365 1692 non,
382 1660 408 1687 in
421 1665 554 1694 quantum
582 1662 706 1690 inﬁdeles
733 1667 806 1694 sunt,
830 1667 874 1690 est
895 1662 969 1690 tale?

183 1695 260 1736 item,
276 1704 347 1732 sicut
361 1705 387 1732 in
402 1706 528 1740 pluribus
548 1707 615 1734 locis
632 1708 756 1734 Alcorani
769 1707 885 1735 dicitur:
900 1707 966 1735 Nul-

183 1749 239 1776 lum
261 1755 302 1777 est
317 1751 405 1786 majus
429 1753 540 1784 malum.
561 1761 642 1787 quam
658 1754 714 1781 Deo
736 1754 908 1782 mendacium
923 1755 967 1782 in-

179 1794 303 1830 jungerc.
321 1797 485 1825 Alcoranum
499 1803 591 1826 autem
609 1800 692 1826 multa
710 1804 738 1827 et
757 1800 810 1827 alia
825 1801 966 1828 mendacia

183 1838 312 1874 izxjnngit,
331 1847 514 1877 pra-terquam
538 1851 597 1878 qute
620 1844 692 1871 dicta
707 1850 771 1871 sunt
788 1845 916 1879 superius
939 1846 966 1873 in

183 1891 256 1911 nono
273 1887 402 1920 capitulo,
420 1888 453 1914 de
471 1888 620 1915 mendaciis
636 1897 696 1923 quae
715 1889 742 1916 in
761 1890 812 1917 hoc
826 1891 969 1918 continen-

184 1933 239 1962 tur,
255 1938 315 1965 qua:
328 1932 419 1959 omnia
433 1932 458 1959 in
477 1933 562 1959 Deum
576 1932 700 1960 reﬂectit.
712 1933 860 1961 Possumus
877 1939 967 1962 autem

183 1981 211 2002 et
227 1975 278 2002 alia
293 1977 370 2010 plura
385 1978 540 2004 ostendere.
556 1977 584 2003 ln
600 1979 719 2012 capitulo
732 1979 805 2006 enim
822 1980 968 2015 Elempha-

184 2021 221 2051 al,
234 2022 305 2055 quod
320 2022 516 2057 interpretatur
532 2023 616 2055 lucra.
633 2024 710 2057 dicit,
725 2025 797 2060 quod
814 2031 878 2054 sunt
897 2034 970 2061 qua:-

183 2067 245 2092 dam
263 2067 310 2093 Dei
339 2072 367 2094 et
391 2069 506 2102 apostoli
529 2069 616 2102 lucra,
638 2074 666 2097 et
684 2070 750 2098 dent
766 2071 822 2098 Deo
844 2073 967 2106 quintam

185 2115 289 2145 partem
302 2119 334 2138 ex
352 2112 453 2146 quibus
466 2113 619 2141 lucrantur.
634 2114 685 2141 Sed
697 2115 828 2150 numquid
842 2115 914 2144 Deus
927 2121 969 2144 est

1016 883 1077 909 Ὅτι
1090 882 1118 909 δὲ
1134 884 1148 909 ὸ
1162 882 1243 916 νόμος
1259 880 1306 907 τοῦ
1330 881 1493 916 Ἀλκοράνου
1520 882 1641 917 πονηρός
1667 883 1753 912 ἐστιν,
1773 881 1805 913 ἐξ

1015 928 1097 955 αὐτοῦ
1111 928 1160 954 τοῦ
1182 928 1346 962 ’Δλκοράνου
1369 928 1497 962 φανερόν.
1513 927 1630 961 Λέγεται
1645 927 1700 962 γὰρ
1717 928 1747 953 ὲν
1763 927 1804 963 τῷ

1015 974 1156 1010 κεφαλαίῳ
1169 973 1207 1008 τῷ
1230 974 1343 1008 Ἐλκάφ,
1360 974 1408 999 καὶ
1422 974 1451 999 ἐν
1468 973 1506 1008 τῷ
1520 973 1662 1008 κεφαλαίῳ
1686 974 1803 1008 Ἐλγέμ,

1014 1021 1029 1047 δ
1048 1020 1232 1056 ἑρμηνεύεται
1259 1020 1410 1054 δαίμονες,
1436 1020 1477 1046 ὅτι
1499 1019 1565 1046 αὐτὸ
1578 1019 1608 1046 τδ
1637 1019 1804 1055 Ἀλκοράνον

1016 1067 1130 1101 ἀρέσκει
1149 1067 1205 1097 τοῖς
1231 1065 1353 1099 δαίμοσι,
1367 1065 1414 1092 καὶ
1437 1066 1578 1100 χαίρουσιν
1598 1065 1684 1100 αὐτῷ.
1699 1065 1730 1091 Οἱ
1745 1065 1805 1092 δαί-

1017 1119 1098 1146 μονες
1123 1111 1236 1146 πονηροί
1264 1111 1317 1137 εἰσι
1343 1111 1389 1136 καὶ
1414 1110 1629 1145 διεστραμμένοι
1653 1111 1726 1138 κατὰ
1751 1111 1804 1145 τὴν

1016 1156 1136 1191 Θέλησιν,
1153 1153 1198 1187 οἷς
1207 1156 1276 1190 πλὴν
1293 1155 1340 1181 τοῦ
1360 1156 1479 1190 πονηροῦ
1508 1156 1585 1182 οὐδὲν
1611 1155 1705 1191 ἕτερον
1737 1157 1803 1190 ἀρέ-

1017 1210 1099 1229 σκει·
1131 1201 1161 1227 τὸ
1193 1201 1356 1236 Ἀλκοράνον
1383 1202 1437 1236 ἄρα
1465 1201 1551 1227 κακόν
1574 1202 1661 1228 ἐστιν.
1685 1200 1746 1228 Ἔτι
1772 1202 1804 1228 τὸ

1021 1248 1185 1284 Ἀλκοράνον
1209 1247 1295 1274 αἴτιόν
1318 1248 1377 1274 ἐστι
1402 1247 1511 1273 πάντων
1538 1247 1592 1273 τῶν
1612 1247 1705 1274 κακῶν
1719 1255 1726 1263 ’
1744 1245 1802 1274 οἷον

1016 1296 1114 1330 φόνων,
1135 1294 1274 1329 ἁρπαγῆς,
1293 1293 1447 1328 ἐπιορκίας,
1470 1293 1519 1320 καὶ
1541 1293 1596 1319 τῶν
1618 1292 1767 1320 τοιούτων·
1784 1292 1803 1320 ἃ

1015 1342 1049 1376 δὴ
1073 1341 1104 1367 οὗ
1131 1341 1210 1375 μόνον
1238 1340 1376 1374 συγχωρεῖ
1402 1339 1433 1365 τὸ
1464 1339 1638 1373 Ἀλκοράνον,
1658 1339 1727 1366 ἀλλὰ
1753 1339 1804 1365 καὶ

1016 1386 1244 1424 προστάσσειιὼς
1260 1386 1389 1419 ἀνωτέρω
1405 1385 1501 1419 γέγονε
1515 1384 1606 1420 δῆλον,
1618 1385 1668 1412 καὶ
1683 1385 1803 1420 μάλιστα

1016 1433 1123 1467 φόνους.
1143 1431 1199 1466 Οὐχ
1230 1431 1310 1466 ἱκανὴ
1337 1431 1366 1457 δὲ
1383 1430 1549 1465 παραίτησις
1568 1431 1599 1456 τὺ
1614 1430 1800 1464 προστάσσειν

1015 1479 1078 1510 τοὺς
1091 1477 1222 1508 ἀπίστους
1236 1476 1444 1508 ἀποκτιννύναι,
1457 1476 1527 1502 ἀλλά
1542 1476 1579 1512 μὴ
1595 1476 1659 1508 τοὺς
1674 1476 1803 1508 πιστούς.

1016 1525 1083 1560 Φησὶ
1103 1525 1157 1558 γὰρ
1174 1522 1377 1557 ἀναμφιϐόλως,
1402 1523 1442 1548 ὅτι
1465 1523 1479 1548 ὁ
1506 1523 1602 1554 πιστὸς
1624 1523 1673 1549 οὐκ
1692 1523 1805 1556 ὀφείλει

1016 1569 1210 1596 ἀποκτιννύναι
1241 1569 1355 1601 πιστὸν,
1384 1568 1482 1599 αὑτνὺς
1512 1568 1541 1594 δὲ
1574 1568 1637 1599 τοὺς
1668 1568 1806 1600 ἀπίστους

1017 1615 1188 1642 ἀποκτείνειν
1213 1614 1377 1644 ἐντέλλεται.
1399 1614 1424 1639 εί
1452 1613 1490 1648 μὴ
1511 1613 1611 1648 φόρους
1636 1613 1750 1641 τελοῖεν.
1768 1613 1806 1640 Τὸ

1016 1660 1072 1696 ἄρα
1096 1660 1195 1696 φόρους
1218 1659 1305 1686 τελεῖν
1335 1658 1415 1694 ῑκανή
1441 1659 1516 1685 ἐστιν
1544 1659 1618 1685 αἰτία
1642 1659 1690 1685 τοῦ
1714 1660 1730 1694 ἢ
1755 1668 1807 1694 φο-

1017 1706 1152 1737 νεύεσθαι,
1169 1704 1185 1741 ἢ
1210 1705 1259 1740 μή.
1272 1705 1353 1731 ’Ὥστε
1374 1704 1404 1730 οὐ
1422 1704 1490 1731 καθὸ
1511 1705 1640 1736 ἀπίστους
1663 1705 1693 1731 τὸ
1713 1705 1807 1732 τοιοῦ-

1016 1759 1080 1785 τον;
1102 1752 1162 1778 Ἔτι
1177 1750 1269 1783 καθὼς
1285 1751 1312 1776 ὲν
1328 1750 1433 1776 πλείοσι
1451 1750 1543 1782 τόποις
1565 1750 1612 1776 τοῦ
1638 1750 1807 1786 ’Λλκοράνου

1017 1799 1136 1833 λέγεται,
1149 1798 1232 1825 Οὐδέν
1247 1797 1306 1823 ἐστι
1326 1796 1417 1831 μεῖζον
1430 1797 1526 1829 κακδν,
1540 1795 1555 1831 ἥ
1571 1796 1609 1831 τῷ
1625 1796 1685 1831 Θεῷ
1705 1796 1806 1831 ψεῦδος

1017 1844 1177 1871 ἐπιτιθέναι.
1191 1843 1227 1869 Τὸ
1242 1843 1268 1870 δὲ
1288 1842 1449 1876 ’Δλκοράνον
1469 1841 1553 1868 πολλά
1571 1842 1618 1868 καὶ
1630 1841 1699 1868 ἄλλα
1715 1842 1805 1878 ψεύδη

1018 1890 1154 1925 ἐπιτίθησι
1179 1889 1218 1925 τῷ
1234 1888 1294 1923 Θεῷ
1319 1888 1396 1923 παρά
1415 1887 1450 1914 τὰ
1464 1887 1601 1921 ἀνώτερον
1625 1888 1762 1922 εἰρημένα
1777 1890 1807 1915 ἐν

1018 1937 1057 1972 τῷ
1076 1936 1178 1971 ὲννάτῳ
1193 1934 1332 1969 κεφαλαίῳ
1356 1934 1420 1970 περὶ
1443 1934 1497 1960 τῶν
1513 1934 1543 1960 ἐν
1563 1934 1652 1968 τούτῳ
1676 1944 1808 1970 περιεχο-

1021 1983 1109 2017 μένων
1123 1981 1239 2016 ψευδῶν,
1251 1980 1269 2007 ἀ
1282 1979 1374 2009 πάντα
1387 1980 1426 2010 εἰς
1441 1979 1487 2005 τὸν
1497 1979 1564 2005 Θεὸν
1575 1979 1806 2013 ὲπανακάμπτει,

1019 2028 1044 2054 εί
1066 2028 1097 2054 τὸ
1116 2027 1278 2062 ’Δλκοράνον
1299 2025 1346 2060 (ὥς
1371 2023 1448 2059 φασι)
1473 2024 1554 2058 νόμος
1580 2025 1640 2051 ἐστὶ
1660 2024 1740 2051 Θεοῦ.
1756 2026 1808 2051 Δυ-

1020 2073 1125 2109 νάμεθα
1152 2073 1180 2099 δὲ
1202 2073 1249 2099 καὶ
1268 2072 1335 2098 ἄλλα
1363 2071 1448 2097 πλείω
1465 2070 1611 2097 δεικνύναι.
1635 2071 1680 2097 Ἐν
1695 2070 1751 2105 γὰρ
1766 2071 1806 2105 τῷ

1021 2119 1160 2154 κεφαλαίῳ
1184 2118 1222 2153 τῷ
1255 2117 1424 2153 Ἐλεμφαάλ,
1449 2117 1463 2142 ὃ
1490 2117 1672 2151 ἑρμηνεύεται
1699 2117 1803 2150 κέρδη,

186 2158 226 2183 sic
240 2157 351 2192 iniquus
367 2163 396 2185 ut
408 2159 549 2193 permittat
563 2161 697 2195 rapinam,
710 2165 739 2188 ut
754 2161 831 2189 illinc
844 2162 966 2197 quintam

1021 2165 1167 2199 φησὶν,ὂτι
1192 2164 1245 2190 είσί
1266 2172 1328 2190 τινα
1351 2162 1398 2189 τοῦ
1420 2161 1488 2188 Θεοῦ
1512 2163 1560 2188 καὶ
1581 2162 1628 2188 τοῦ
1651 2163 1804 2189 ἀποστόλου

185 2203 275 2236 capiat
288 2204 415 2236 partem?
428 2204 469 2231 vel
485 2205 525 2232 sic
541 2213 644 2240 pauper
659 2207 742 2239 Deus,
757 2212 787 2234 ut
801 2215 856 2234 non
871 2208 971 2236 habeat

185 2248 257 2275 unde
274 2248 377 2275 nutriat
392 2256 526 2284 pauperes
547 2250 607 2285 ejus
623 2254 649 2277 et
663 2251 760 2279 viduas
783 2256 811 2279 et
831 2253 969 2287 orphanos

183 2299 211 2321 ct
231 2295 401 2329 peregrinos,
416 2295 450 2322 de
463 2296 565 2330 quibus
578 2295 634 2324 illic
647 2297 780 2331 loquitur,
796 2298 848 2325 nisi
862 2299 972 2333 permit-

184 2345 223 2368 tat
245 2342 388 2376 rapinam?
404 2342 494 2376 Quare
518 2348 548 2370 ut
571 2344 647 2371 illinc
669 2345 803 2376 lucretur,
823 2350 897 2372 certe
912 2346 968 2380 jam

183 2388 248 2415 facit
259 2388 428 2416 Mahometus
444 2389 529 2416 Deum
542 2394 696 2418 consortem
712 2390 764 2418 sibi
781 2391 807 2418 in
824 2392 906 2423 malo,
923 2392 968 2426 qui

184 2441 238 2460 non
255 2438 346 2468 potest
366 2434 467 2461 habere
485 2440 640 2462 consortem
660 2436 687 2462 in
708 2435 790 2463 bono.
810 2437 888 2469 Item,
917 2437 969 2464 etsi

185 2480 334 2514 aliquando
350 2480 515 2507 Alcoranutn
533 2481 677 2515 prohibeat
695 2482 818 2517 rapinam
835 2488 862 2511 et
878 2483 970 2519 perju-

184 2525 255 2552 rium
270 2530 298 2552 et
314 2524 367 2551 alia
395 2526 518 2559 quaedam
535 2526 616 2558 mala,
633 2530 723 2553 tamen
739 2527 796 2554 haec
820 2528 969 2562 prohibitio

183 2571 327 2606 permissio
345 2571 468 2606 quaedam
491 2571 583 2605 potius
605 2577 657 2598 est.
671 2572 742 2599 Dicit
763 2572 837 2599 enim
851 2582 857 2600 :
871 2573 911 2600 Ne
930 2574 970 2600 fa-

183 2618 261 2644 ciatis
285 2617 366 2649 mala,
389 2624 443 2644 non
468 2617 541 2643 enim
563 2617 670 2651 placent
700 2617 765 2644 Deo.
794 2618 843 2645 Sin
875 2624 967 2646 autem

183 2663 294 2694 feceris,
309 2663 368 2697 ipse
384 2666 425 2689 est
447 2661 603 2688 misericors
627 2665 655 2688 et
676 2661 830 2694 miserator,
845 2667 872 2689 et
889 2663 967 2691 facile

183 2707 261 2734 vobis
277 2711 379 2741 parcet.
396 2707 433 2734 De
450 2706 543 2741 rapina
560 2710 652 2733 autem
667 2706 736 2732 nihil
754 2713 874 2740 unquam
891 2714 968 2734 man-

183 2753 255 2780 davit
271 2758 300 2779 ut
323 2754 494 2784 restituatur,
510 2744 693 2786 nequeﬁtalem
716 2751 766 2786 ipsi
791 2752 968 2779 consuetudi-

184 2807 245 2827 ttent
257 2800 368 2832 habent,
382 2799 429 2826 sed
446 2798 544 2826 sulIicit
561 2798 588 2824 in
602 2797 655 2825 ﬁne
673 2797 838 2824 Saracenum
853 2797 943 2824 dicere
957 2806 964 2825 :

1019 2209 1113 2243 κέρδη,
1125 2207 1173 2235 καὶ
1188 2208 1309 2234 δότωσαν
1332 2206 1371 2242 τῷ
1390 2207 1450 2241 Θεῷ
1463 2207 1494 2232 τὺ
1516 2207 1642 2242 πέμπτον
1665 2208 1748 2242 μέρος
1774 2207 1804 2240 ἐξ

1018 2250 1054 2279 ὧν
1079 2252 1276 2289 κερδαίνουσιν.
1297 2252 1375 2279 Ἀλλά
1398 2253 1504 2288 μήποτε
1528 2254 1541 2279 ὁ
1561 2253 1627 2283 Θεὸς
1641 2252 1728 2284 οὕτως
1743 2254 1804 2280 ἐστὶ

1018 2298 1148 2332 πονηρὸς,
1163 2298 1235 2324 ὥστε
1259 2299 1411 2333 συγχωρεῖν
1432 2297 1570 2332 ἁρπαγὴν,
1590 2298 1622 2323 ἵν’
1644 2298 1752 2324 ἐκεῖθεν
1773 2299 1805 2324 τὸ

1019 2344 1144 2377 πέμπτον
1160 2343 1236 2370 λάϐοι
1255 2343 1355 2378 μέρος;
1375 2342 1391 2377 ἢ
1411 2342 1482 2369 οὕτω
1504 2343 1588 2377 πένης
1604 2343 1618 2368 ὸ
1634 2343 1713 2374 Θεὸς,
1731 2343 1805 2370 ὥστε

1020 2389 1058 2424 μὴ
1073 2389 1143 2423 ἔχειν
1158 2389 1219 2416 ὅθεν
1243 2389 1276 2416 ἂν
1298 2389 1386 2424 Θρέψῃ
1403 2388 1467 2420 τοὺς
1489 2390 1614 2423 πτωχοὺς
1628 2388 1721 2421 αὑτοῦ,
1740 2398 1804 2415 του.

1018 2436 1092 2461 τέστι
1104 2435 1154 2467 τὰς
1167 2435 1254 2470 χήρας
1270 2436 1316 2462 καὶ¹
1333 2436 1396 2466 τοὺς
1411 2435 1548 2469 ὀρφανοὺς
1564 2435 1610 2460 καὶ
1627 2435 1689 2465 τοὺς
1703 2434 1805 2469 παροί-

1018 2488 1094 2511 κους.
1109 2481 1174 2515 περὶ
1186 2477 1223 2506 ὧν
1240 2481 1299 2506 ἐκεῖ
1319 2479 1484 2513 διαλέγεται,
1499 2479 1525 2505 εί
1552 2478 1590 2513 μὴ
1613 2480 1805 2514 συγχωρήσειε

1017 2526 1067 2561 τὴν
1088 2527 1215 2561 ἁρπαγήν
1228 2535 1234 2558 ;
1249 2525 1327 2552 ”Ωστ’
1354 2526 1460 2551 ἐκεῖθεν
1474 2524 1638 2559 κερδαίνειν,
1656 2524 1768 2558 ἀληθῶς
1792 2526 1806 2551 ὁ

1017 2571 1139 2607 Μωάμεθ
1165 2571 1292 2597 κοινωνὸν
1321 2569 1411 2604 ἑαυτῷ
1439 2570 1513 2595 ποιεῖ
1542 2569 1587 2595 τὸν
1615 2567 1740 2595 Θεδν”ὲν
1766 2570 1805 2605 τῷ

1018 2616 1139 2652 πονηρῷ,
1157 2617 1186 2642 ὂν
1203 2624 1268 2650 φησι
1285 2615 1323 2650 μὴ
1336 2614 1467 2641 δύνασθαι
1486 2614 1559 2649 ἔχειν
1578 2615 1706 2640 κοινωνὸν
1722 2615 1752 2640 ἐν
1766 2614 1805 2649 τῷ

1017 2662 1120 2696 ἀγαθῷ.
1133 2662 1194 2688 Ἔτι
1206 2662 1287 2688 siml.
1302 2660 1386 2687 ὲνιοτε
1403 2659 1433 2686 τδ
1454 2659 1616 2694 Ἀλκοράνον
1638 2659 1739 2686 κωλύει
1755 2662 1804 2696 τὴν

1018 2707 1146 2742 ἁρπαγὴν
1173 2707 1222 2734 καὶ
1243 2706 1292 2740 τὴν
1309 2705 1452 2739 ἐπιορκίαν
1485 2705 1532 2730 καὶ
1559 2704 1628 2731 ἄλλα
1655 2704 1726 2731 τιν-’Υ
1748 2706 1804 2732 τῶν

1017 2751 1118 2785 κακῶν,
1132 2753 1207 2786 ὅμως
1220 2751 1288 2786 αὐτὴ
1309 2751 1325 2785 η
1347 2750 1464 2781 κώλυσις
1481 2749 1654 2784 συγχώρησις
1675 2758 1718 2780 τις
1733 2751 1802 2783 μᾶλ-

1018 2798 1063 2825 >.όν
1075 2799 1143 2824 ἐστι.
1156 2797 1224 2831 Φησὶ
1239 2797 1304 2831 γὰρ,
1319 2795 1364 2830 Μὴ
1383 2795 1516 2830 ποιήσητε
1531 2794 1565 2820 τὰ
1584 2795 1630 2820 καὶ
1652 2794 1686 2820 τὰ
1708 2794 1799 2822 κακά·
