1942 3090
163 96 232 128 1115

785 99 971 129 DEMETRII
992 100 1144 130 CYDONII

1714 99 1786 132 1116

159 150 292 184 peierare,
310 155 336 177 et
363 158 417 178 non
442 159 552 180 servare
579 152 657 180 ﬁdem
676 153 702 180 in
727 154 877 188 promissis.
894 154 947 180 lni-

1000 154 1106 188 Μαρίας
1122 154 1170 188 τῆς
1185 154 1393 189 Ίακωϐιτίσσης
1406 155 1552 189 ἐπιορκεῖν,
1567 156 1614 182 καὶ
1630 154 1667 188 μὴ
1681 155 1789 188 φυλάτ-

161 203 215 227 qua
239 195 322 230 igitur
340 195 381 223 lex
408 196 475 229 ha-c,
498 205 558 232 qua:
581 198 670 232 placct
689 199 799 232 quidem
824 200 943 230 diabolo,

159 244 187 266 ct
206 248 266 273 qua:
291 241 324 268 ad
344 242 429 269 multa
453 243 521 270 mala
540 251 590 270 nos
612 243 726 271 inducit.
750 245 808 272 Non
833 246 915 279 igitur
929 253 943 272 a

159 285 215 311 Deo
229 291 280 318 est,
299 287 344 321 qui
365 295 471 315 summe
484 288 582 322 bonus,
598 294 626 316 ct
640 297 655 317 a
671 298 725 324 quo
740 290 840 318 bonum
856 291 943 318 solum

159 331 291 363 procedit.
314 331 414 359 malum
429 337 520 360 autem
538 334 617 362 nihil.

163 451 234 478 Xlll.
261 451 297 477 {Ic
316 451 443 491 Alrorqni
456 453 629 491 institutione,
657 458 680 480 et
702 455 759 489 quis
777 454 857 489 fuerit
880 455 944 491 legis

369 488 448 521 hujus
463 489 549 523 opifex
565 493 587 515 et
604 489 731 516 inventor.

194 565 327 598 Quoiiiam
356 565 437 599 igitur
460 565 677 593 demonstratum
703 571 755 596 est.
771 567 844 601 quod
862 567 943 595 Alco-

160 619 270 644 ranum,
287 611 486 638 Saracenorum
506 611 633 638 videlicet
651 613 705 644 lex,
722 621 774 639 non
791 619 833 640 est
847 622 861 641 a
877 614 942 646 Deo,

162 658 297 692 sequitur,
323 665 447 691 qua-rere
472 657 506 684 de
531 657 673 692 discipulis
690 659 847 691 Mahomcti,
863 665 891 686 et
910 660 944 687 de

158 703 356 730 constitutione
368 702 487 735 praedicti
499 703 634 730 Alcorani.
645 703 759 738 Oportet
769 705 853 739 igitur
861 705 942 737 scire,

159 749 231 784 quod
249 749 404 776 ﬁrmissime
424 750 545 777 creditur
560 758 574 778 a
591 751 761 784 sapientibus
780 752 899 783 illorum,
916 756 943 779 ei.

159 794 316 822 efﬁcacibus
338 795 490 822 rationibus
505 795 669 826 ostenditur.
685 796 803 830 primum
815 797 942 824 Alcorani

159 845 299 868 auctorem
317 849 371 868 non
386 841 527 868 hominem
545 841 638 872 fuisse.
657 842 704 869 sed
718 842 873 870 diabolum:
897 844 942 878 qui

160 887 269 922 propria
283 888 385 915 invidia
398 893 426 915 et
441 888 532 915 divina
547 889 738 923 permissione,
751 895 862 924 propter
878 897 943 924 pec-

159 938 219 960 cata
238 934 342 968 populi,
359 935 502 969 prmvaluit
520 935 649 962 inchoare
671 935 831 963 sulemniter
846 940 873 963 et
887 935 944 963 effl-

161 979 264 1006 caciter
280 980 421 1014 perﬁdiam
437 981 610 1008 Antichristi.
628 981 729 1008 Videns
755 981 837 1016 igitur
850 981 946 1009 diabo-

161 1024 204 1051 lus
218 1024 298 1052 ﬁdem
319 1025 421 1053 Christi
437 1025 464 1053 in
481 1026 670 1054 Orientalibus
684 1026 809 1060 partibus
828 1027 944 1054 maxime

162 1077 297 1101 crescere,
325 1075 353 1097 et
369 1070 550 1098 idololatriam
579 1071 710 1103 deﬁcere,
737 1076 866 1106 superato
890 1079 945 1106 1am

161 1115 283 1143 Chosroe
303 1116 446 1143 Persarum
460 1125 522 1152 rege
531 1122 559 1144 et
573 1117 714 1144 Medorum
731 1117 886 1148 idololatra,
898 1125 946 1151 per

160 1162 428 1191 Christianissimum
448 1163 603 1193 Heracliuln
620 1165 822 1199 imperatorem,
841 1165 888 1198 qui
900 1172 947 1191 ex-

161 1209 263 1236 celsam
279 1209 376 1236 turrim
392 1209 488 1243 diruit,
511 1218 592 1245 quam
606 1211 664 1246 ipse
680 1211 815 1238 Chosroes
828 1211 946 1238 {adiﬁca-

160 1258 238 1281 verat
252 1261 285 1281 ex
302 1261 370 1281 auro
403 1259 431 1281 et
461 1259 574 1289 argento
592 1259 619 1282 et
645 1255 782 1290 lapidibus
807 1256 945 1290 pretiosis,

162 1305 274 1332 propter
289 1298 470 1326 idololatriam
481 1308 488 1331 ;
499 1304 527 1326 et
539 1299 611 1333 quod
626 1308 691 1327 crux
704 1300 805 1328 Christi
818 1300 873 1334 jam
888 1305 945 1327 tum

161 1347 221 1370 crat
236 1351 285 1378 per
300 1343 454 1370 lleraclium
472 1345 600 1377 exaltata,
616 1349 645 1372 et
656 1346 773 1380 amplius
784 1346 944 1379 exaltanda;

161 1393 189 1415 et
203 1396 265 1416 cum
284 1396 337 1416 non
354 1394 446 1423 posset
463 1389 590 1418 diabolus
607 1391 725 1426 amplius
742 1392 944 1420 multitudinem

162 1435 276 1462 deorum
297 1434 455 1467 defendere.
481 1443 532 1463 nec
558 1437 670 1469 omnino
693 1437 776 1473 Moysi
802 1438 889 1473 legem
918 1442 947 1466 et

995 208 1050 226 τειν
1068 201 1159 226 πίστιν
1175 201 1204 226 ἐν
1219 201 1274 232 τοῖς
1286 200 1498 235 ὕπεσχημένοις.
1513 201 1631 235 Πονηρὸς
1642 201 1695 234 ἄρα
1707 200 1786 226 ἐστὶν

994 242 1070 277 οὗτος
1085 247 1098 272 ὀ
1109 246 1201 280 νόμος,
1219 246 1345 281 ἀρέσκων
1361 246 1410 280 μὲν
1424 246 1462 281 τῷ
1474 246 1601 280 διαϐόλῳ,
1618 247 1786 281 προτρέπων

993 292 1021 318 δὲ
1037 292 1077 322 εἰς
1102 292 1136 318 τὰ
1152 292 1267 327 πονηρά.
1283 293 1340 319 Οὐκ
1366 293 1419 327 ἄρα
1445 293 1521 324 παρὰ
1547 292 1614 319 Θεοῦ
1640 294 1726 323 ἐστιν,
1753 291 1785 322 ὃς

994 338 1087 371 ἄκρως
1102 338 1175 363 ἐστὶν
1189 338 1299 370 ἀγαθὸς,
1315 338 1360 363 καὶ
1370 338 1433 372 παρ’
1446 334 1475 364 οὗ
1484 338 1588 371 ἀγαθὸν
1599 338 1679 372 μόνον
1689 338 1786 372 πρόει-

996 391 1032 415 σι,
1045 383 1129 409 κακὸν
1143 383 1171 409 δὲ
1187 379 1274 410 οίῖδέν.

994 449 1044 476 ll".
1064 450 1134 482 Περὶ
1155 448 1210 482 τῆς
1238 450 1291 477 τοῦ
1313 451 1496 484 Ἀλκοράνου
1517 449 1704 484 συηεριλρῆς.
1731 450 1783 476 καὶ

1028 485 1074 516 τίς
1083 486 1152 552 ἔστι
1164 485 1217 512 τοῦ
1237 486 1330 520 νόμου
1346 487 1453 512 τούτου
1472 485 1653 520 δημιουργὸς
1668 485 1718 512 καὶ
1732 486 1785 512 εύ-

1028 528 1078 552 ρετ
1101 530 1128 552 ς.
1289 532 1293 535 ·

1025 528 1128 553 ρετης-
1289 532 1293 535 ·

1034 576 1110 602 Ἐπεὶ
1136 577 1224 603 τοίνυν
1239 576 1383 608 δέδεικται,
1402 578 1443 604 ὅτι
1458 578 1488 603 τὸ
1502 577 1675 611 ’Λλκοράνον,
1691 577 1705 603 ὁ
1725 577 1784 603 τῶν

994 622 1176 657 Σορρακηνῶν
1203 622 1324 658 δηλονότι
1353 624 1447 657 νόμος,
1460 623 1510 649 οὐκ
1526 623 1583 649 ἔστι
1605 623 1680 657 παρὰ
1699 622 1782 655 Θεοῦ,

994 666 1089 693 ἕπεται
1111 667 1226 701 ζητῆσαι
1246 668 1311 702 περὶ
1330 668 1383 694 τῶν
1409 668 1453 694 τοῦ
1480 667 1606 701 Μωάμεο
1636 667 1781 702 μαθητῶν,

994 713 1041 738 καὶ
1067 713 1115 746 τῆς
1134 712 1290 744 συστάσεως
1311 712 1358 739 τοῦ
1377 714 1576 747 προειρημένου
1599 713 1780 746 Ἀλκοράνου.

993 759 1039 784 Δεῖ
1059 758 1147 784 τοίνυν
1173 757 1330 792 γινώσκειν,
1361 759 1403 786 ὅτι
1434 759 1595 793 βεϐαιότατα
1620 760 1783 786 πιστεύεται

962 821 983 851 Β
998 802 1050 831 ὗπδ
1065 806 1119 831 τῶν
1134 804 1200 839 παρ’
1211 805 1326 836 ἐκείνοις
1342 805 1443 839 σοφῶν.
1466 806 1513 831 καὶ
1533 806 1652 840 ἰσχυροῖς
1667 805 1783 831 ἀποδεί-

997 859 1091 877 κνυται
1119 850 1208 884 λόγοις
1233 849 1279 876 τὸν
1292 850 1401 884 πρῶτον
1421 850 1468 876 τοῦ
1483 850 1647 886 Ἀλκοράνου
1664 850 1785 885 ποιητὴν
1832 854 1834 856 ’

995 895 1044 922 οὐκ
1055 895 1197 930 ἄνθρωπον
1212 895 1349 929 γενέσθαι,
1365 895 1432 921 ἀλλὰ
1442 895 1574 926 διάϐολον,
1584 894 1614 926 ὃς
1624 895 1681 930 ίδίῳ
1691 894 1784 929 φθόνῳ

996 941 1043 967 καὶ
1063 941 1259 976 παραχωρήσει
1276 941 1337 976 θείᾳ
1359 941 1404 967 διὰ
1425 941 1473 972 τὰς
1489 941 1537 967 τοῦ
1558 941 1624 968 λαοῦ
1640 941 1783 975 ἁμαρτίας

995 986 1152 1021 κατίσχυσε,
1170 986 1217 1012 καὶ
1231 985 1333 1020 ἤρξατο
1348 986 1583 1020 ἀναπεπταμένους
1598 987 1644 1013 καὶ
1661 986 1784 1021 ἰσχυρῶς

995 1031 1045 1065 τῆς
1063 1031 1192 1062 ἀπιστίας
1206 1030 1253 1056 τοῦ
1264 1030 1462 1065 Ἀντιχρίστου.
1484 1031 1571 1065 Ὁρῶν
1586 1030 1677 1057 τοίνυν
1691 1031 1706 1056 ὁ
1721 1030 1782 1057 διά-

996 1077 1074 1108 ϐολος
1097 1077 1147 1112 τὴν
1168 1077 1215 1104 τοῦ
1232 1076 1350 1111 Χριστοῦ
1367 1076 1458 1102 πίστιν
1481 1076 1510 1103 ὲν
1534 1077 1588 1107 τοῖς
1609 1075 1782 1107 ἀνατολικοῖς

995 1123 1163 1156 αὐξάνουσαν
1180 1124 1287 1158 μέρεσι,
1306 1123 1353 1149 καὶ.
1376 1122 1425 1155 τὴν
1441 1122 1666 1156 είδωλολατρείαν
1691 1121 1781 1147 ἐκλεί-

997 1178 1110 1202 πουσαν,
1123 1170 1281 1205 ἡττηθέντος
1291 1169 1341 1204 ἤδη
1353 1169 1399 1194 τοῦ
1412 1168 1531 1203 Χοσρόου
1546 1167 1592 1194 τοῦ
1603 1168 1657 1194 τῶν
1668 1167 1781 1202 Περσῶν

997 1214 1128 1249 βασιλέως
1141 1215 1189 1240 καὶ
1200 1214 1299 1248 Μήδων
1320 1213 1366 1253 ⁴τοῦ
1382 1212 1576 1247 είδωλολάτρου
1592 1211 1636 1239 διὰ
1650 1213 1697 1238 τοῦ
1713 1211 1781 1246 Χρι-

996 1260 1207 1287 στιανικωτάτου
1223 1259 1353 1295 βασιλέως
1371 1259 1544 1294 Ἡρακλείου,
1557 1258 1586 1289 ὃς
1598 1257 1629 1293 δὴ
1645 1257 1780 1284 κατέϐαλε

995 1306 1040 1333 τὸν
1055 1305 1155 1340 ὑψηλὸν
1171 1305 1275 1340 πύργον
1294 1304 1324 1331 ὃν
1343 1304 1423 1336 αὐτὸς
1447 1302 1620 1338 ᾠκοδόμησεν
1631 1303 1645 1328 ὁ
1657 1303 1780 1337 Χοσρὲης

996 1351 1028 1376 ἐκ
1043 1350 1144 1385 χρυσοῦ
1164 1350 1211 1376 καὶ
1225 1349 1346 1385 ἀργύρου
1362 1350 1408 1376 καὶ
1434 1349 1516 1375 λίθων
1531 1349 1641 1383 τιμίων,
1663 1348 1706 1374 διὰ
1732 1348 1781 1382 τὴν

996 1396 1219 1430 εῑδωλολατρείαν
1236 1395 1340 1422 καὶτὸν
1357 1394 1473 1430 σταυρὸν
1485 1393 1532 1420 τοῦ
1557 1393 1675 1428 Χριστοῦ
1692 1393 1781 1424 οὕτως

996 1441 1137 1476 ὑψωθὲντα
1158 1441 1201 1467 διὰ
1223 1440 1269 1466 τοῦ
1285 1439 1457 1474 Ἡρακλείου,
1477 1439 1525 1465 καὶ
1538 1438 1578 1465 ἔτι
1598 1438 1780 1473 ὑψωθησόμε-

161 1479 263 1507 Christi
291 1479 466 1515 Evangelium
489 1488 598 1515 negare.
625 1482 688 1516 quia
711 1483 766 1517 jam
793 1490 842 1517 per
860 1487 945 1510 totum

1000 1495 1053 1519 vov,
1071 1487 1169 1521 μηκέτι
1181 1487 1331 1521 δυνάμενος
1347 1485 1466 1511 ἐκτελεῖν
1484 1485 1533 1519 τὴν
1543 1483 1697 1512 πολυθεῗαν,
1710 1484 1781 1517 μήτε

164 1525 296 1553 mundum
313 1526 479 1561 divulgatum
496 1531 567 1560 erat,
583 1528 747 1563 excogitavit
765 1528 894 1564 ﬁgmento
906 1529 945 1556 le-

163 1571 205 1605 gis
218 1570 373 1606 cujusdam,
391 1573 466 1606 quasi
485 1573 581 1600 medim
599 1573 670 1600 inter
689 1573 791 1601 Novum
813 1579 841 1601 et
863 1573 947 1602 Vetus

121 1635 125 1639 ι
163 1615 382 1649 Testamentum,
411 1619 542 1645 mundum
565 1618 703 1654 decipere.
726 1619 759 1646 Et
789 1624 818 1646 ut
844 1619 895 1646 hoc
913 1620 946 1647 ad

163 1662 292 1690 effectum
307 1663 466 1696 deduceret,
484 1666 633 1700 assumpsit
647 1663 785 1697 hominem
802 1667 947 1702 quemdam

164 1709 343 1742 diabolicum,
372 1711 482 1737 nomine
498 1711 693 1744 Mahometum,
712 1712 844 1747 religione
862 1713 949 1740 idolo-

164 1755 273 1787 latram,
287 1755 395 1783 fortuna
408 1764 566 1791 pauperem,
583 1762 674 1785 mente
689 1759 850 1793 superbum,
865 1760 950 1786 male—

165 1799 236 1828 ﬁciis
259 1801 408 1828 celebrem.
429 1801 462 1829 Et
479 1803 588 1837 quidem
606 1803 737 1831 libentius
757 1805 949 1839 assumpsisset

164 1846 292 1874 diabolus
307 1847 446 1874 hominem
469 1847 548 1875 bona:
564 1848 652 1880 famae,
671 1849 694 1876 si
718 1849 772 1877 hoc
785 1849 810 1876 ei
831 1850 949 1884 permis-

165 1899 226 1918 su'n
245 1897 334 1920 esset:
359 1893 440 1920 sicuti
457 1897 484 1920 et
502 1893 634 1921 libentius
658 1898 788 1921 tentasset
809 1895 948 1923 hominem

166 1945 215 1972 per
228 1936 300 1964 aliud
315 1938 427 1971 animal,
451 1939 477 1965 in
496 1946 550 1972 quo
565 1938 683 1973 amplius
709 1939 796 1973 ipsius
815 1940 949 1968 maleﬁcia

166 1983 333 2015 celarentur,
350 1991 432 2018 quam
447 1991 495 2018 per
507 1988 674 2018 serpentem.
687 1984 741 2012 Sed
756 1992 810 2012 non
825 1985 950 2019 permisit

166 2028 259 2055 divina
281 2028 426 2062 sapientia,
443 2028 494 2055 nisi
509 2032 537 2055 ut
553 2029 605 2056 tale
627 2029 728 2056 animal
743 2035 906 2062 assumeret,
921 2034 950 2057 et

166 2081 216 2107 per
245 2072 324 2100 talem
348 2073 487 2101 hominem
507 2073 641 2100 mundum
668 2074 823 2108 invaderet,
843 2079 873 2102 ut
887 2075 947 2110 ipse

167 2118 286 2145 mundus
301 2118 379 2145 facile
388 2123 480 2153 posset
491 2118 676 2149 considerare.
685 2119 774 2154 qualis
784 2120 827 2147 lex
844 2119 889 2147 illa
901 2127 945 2147 es-

167 2169 219 2196 set.
233 2173 293 2198 quae
307 2174 355 2201 per
370 2166 450 2193 talem
463 2166 645 2201 legislatorem
662 2167 723 2194 data
736 2173 789 2195 est.

996 1532 1136 1564 παντελῶς
1149 1532 1194 1559 τὸν
1207 1532 1253 1558 τοῦ
1266 1531 1387 1560 Μωσέως
1398 1530 1480 1566 νόμον
1496 1530 1583 1557 καὶτὸ
1602 1529 1647 1556 τοῦ
1661 1529 1781 1563 Χριστοῦ

996 1578 1159 1612 Εὑαγγέλιον
1175 1577 1357 1611 ἔξαρνεῐσθαι,
1372 1576 1421 1611 ἤδη
1435 1576 1504 1603 κατὰ
1514 1576 1604 1601 πάντα
1617 1575 1662 1602 τὸν
1677 1575 1782 1608 κόσμον

995 1623 1259 1658 διαπεφημισμένον,
1274 1623 1345 1656 ἔγνω
1363 1623 1500 1656 πλάσματι
1517 1621 1602 1655 νᾶμου
1625 1621 1709 1651 τινος,
1724 1619 1782 1646 ὦσ-

997 1677 1049 1703 περ
1065 1668 1093 1694 ὲν
1110 1668 1185 1703 μέσῳ
1211 1668 1260 1702 τῆς
1286 1667 1408 1698 Παλαιᾶς
1424 1667 1472 1692 καὶ
1497 1665 1613 1700 Καινῆς,
1640 1665 1801 1698 ἀπατῆσαι’

999 1714 1045 1741 τὸν
1061 1715 1173 1749 κόσμον.
1195 1714 1248 1740 Καὶ
1274 1713 1317 1739 ἶνα
1328 1713 1407 1739 τοῦτο
1426 1713 1466 1743 είς
1483 1711 1561 1745 ἔργον
1577 1711 1785 1751 ἀγάγῃκπροσ-

1000 1760 1110 1787 ελάϐετό
1133 1768 1194 1786 τινα
1220 1758 1364 1793 ἄνθρωπον
1385 1757 1549 1788 διαϐολικδν,
1568 1756 1679 1791 ὀνόματι
1698 1755 1788 1782 Muni-

1001 1805 1063 1840 μεθ,
1075 1806 1107 1840 τῇ
1120 1804 1252 1840 θρησκείᾳ
1264 1803 1472 1837 είδωλολάτρην,
1486 1803 1518 1837 τῇ
1535 1801 1604 1836 τύχῃ
1615 1801 1732 1834 πένητα,
1745 1800 1787 1835 τῷ

1000 1851 1154 1885 φρονήματι
1177 1849 1364 1883 ὑπερήφανον.
1391 1848 1570 1881 κακουργίαις
1596 1846 1786 1879 ὑπερήφανον.

1001 1897 1054 1922 Καὶ
1068 1895 1142 1930 ⁴ἥδιον
1155 1894 1187 1922 ἂν
1202 1893 1385 1928 προσελάϐετο
1399 1893 1542 1928 ἄνθρωπον
1556 1892 1660 1926 ἀγαθῆς
1678 1891 1786 1925 φήμης,

1001 1941 1026 1968 εί
1038 1940 1116 1968 τοῦτο
1140 1940 1324 1975 παρεχωρεῖτο
1334 1947 1340 1955 ⁸
1357 1938 1437 1973 εἴπερ
1451 1939 1497 1964 καὶ
1514 1938 1589 1972 ἣδιον
1604 1938 1636 1963 ἂν
1650 1937 1696 1963 τὸν
1709 1937 1788 1971 πρῶ-

1000 1995 1045 2013 τον
1058 1986 1200 2021 ἄνθρωπον
1212 1986 1339 2019 ἐπείρασε
1351 1984 1384 2011 δι’
1397 1984 1490 2018 ἐτέρου
1506 1984 1521 2015 ζ
1531 1983 1575 2009 bon
1594 1983 1610 2017 ἢ
1635 1983 1668 2008 δι’
1681 1982 1785 2015 ὄφεως,

1001 2031 1029 2057 ὲν
1041 2027 1063 2064 ᾧ
1080 2031 1096 2064 ὴ
1118 2029 1222 2056 ἐκείνου
1242 2029 1359 2064 πονηρία
1377 2029 1476 2063 μᾶλλον
1492 2027 1525 2055 ἂν
1536 2027 1690 2062 ἀπεκρύϐη.
1711 2027 1786 2054 Ἀλλ’

999 2077 1030 2103 οὐ
1049 2075 1236 2112 συνεχώρησεν
1263 2076 1280 2110 ἡ
1296 2075 1354 2101 θεία
1369 2075 1460 2109 σοφία,
1482 2074 1528 2101 καὶ
1545 2074 1589 2100 διὰ
1605 2074 1685 2100 τοῦτο
1697 2074 1786 2100 τοιοῦ-

999 2129 1045 2147 τον
1059 2120 1173 2146 ἀνέλαϐε
1200 2119 1280 2152 ζῶον,
1308 2119 1354 2146 καὶ
1383 2119 1427 2145 διὰ
1443 2119 1563 2146 τοιούτου
1579 2118 1723 2154 ἀνθρώπου
1746 2119 1787 2153 τῷ

997 2168 1092 2203 κόσμῳ
1107 2167 1230 2199 ἐπέθετο,
1248 2167 1313 2195 ὥστ’
1328 2167 1407 2194 αὐτὸν
1421 2167 1466 2194 τὸν
1477 2167 1580 2202 κόσμον
1594 2167 1692 2201 ῥᾳδίως
1707 2167 1788 2200 δυνη-

167 2213 246 2249 θῆναι
274 2214 453 2248 κατανοῆσαι,
480 2214 599 2245 ποταπὸς
616 2213 649 2240 ἃν
676 2215 718 2249 εἴη
732 2216 746 2241 ό
761 2215 841 2249 νόμος
859 2215 974 2247 ἐκεῖνος,
987 2215 1001 2242 ὁ
1016 2215 1059 2242 διὰ
1074 2214 1194 2241 τοιούτου
1209 2213 1295 2245 δοθεὶς
1315 2213 1472 2249 νομοθέτου.

203 2259 338 2294 Superato
357 2260 441 2295 igitur
453 2260 576 2288 Chosroe
593 2269 608 2287 a
623 2261 754 2296 praedicto
769 2261 904 2294 Heraclio.
922 2266 949 2289 et
967 2263 986 2290 D

168 2306 299 2335 translata
317 2310 409 2333 sancta
423 2313 505 2333 cruce
522 2306 548 2333 in
560 2305 709 2334 Jerusalem
724 2315 785 2334 cum
799 2307 947 2342 triumpho,

167 2352 368 2381 sexcentesimo
391 2352 521 2379 vicesimo
536 2360 608 2379 anno
633 2352 667 2380 ab
694 2352 882 2380 incarnatione
897 2353 950 2380 Do-

169 2398 248 2429 mini,
266 2397 374 2424 decimo
390 2397 488 2432 quinto
505 2402 595 2425 autem
622 2397 730 2432 imperii
746 2397 875 2430 lleraclii,
901 2405 951 2434 apo

170 2442 262 2480 paruit
279 2443 392 2478 quidam
415 2443 587 2471 Maliometus
600 2443 698 2475 Arabs,
714 2444 761 2478 qui
775 2443 894 2478 primum
907 2443 950 2470 di-

168 2498 218 2518 ves
231 2490 321 2518 factus
337 2498 386 2526 per
403 2490 549 2525 quamdam
562 2490 684 2523 viduam,
698 2497 778 2525 quam
792 2491 820 2517 in
839 2497 950 2517 uxorem

168 2536 258 2570 duxit,
281 2541 308 2564 et
327 2540 389 2572 post
416 2536 474 2563 haec
498 2537 625 2571 princeps
648 2537 784 2563 latronum
808 2536 906 2569 factus,
923 2536 952 2563 in

170 2587 275 2610 tantam
288 2582 415 2618 prorupit
428 2582 597 2617 superbiam,
614 2585 645 2609 ut
654 2585 682 2609 et
697 2589 745 2609 rex
760 2581 880 2608 Arabum
892 2581 951 2608 fieri

168 2631 298 2658 voluerit.
317 2629 370 2657 Sed
385 2630 448 2664 quia
465 2628 516 2663 ipsi
533 2636 587 2655 non
602 2632 782 2663 suscoperunt
795 2636 870 2659 eum,
887 2627 951 2662 quia

169 2675 204 2703 de
219 2682 320 2709 genere
334 2679 362 2702 et
377 2674 508 2709 opinione
522 2673 587 2700 vilis
599 2677 669 2704 erat,
684 2671 761 2699 finxit
777 2679 806 2699 se
819 2679 879 2699 esse
892 2680 955 2706 pro—

170 2721 293 2756 phetam.
312 2721 420 2748 Etcum
437 2719 568 2748 comitiali
582 2718 677 2745 morbo
696 2717 844 2750 laboraret,
860 2726 894 2744 ne
911 2718 955 2744 fir-

171 2768 254 2794 miter
267 2768 329 2802 quis
341 2774 374 2795 eo
389 2767 532 2794 detentum
545 2772 604 2792 esse
617 2764 754 2796 crederet,
768 2763 896 2791 continue
912 2771 957 2791 ca-

170 2813 251 2848 dens,
271 2813 382 2843 (licebat
397 2812 521 2849 angelum
538 2819 599 2840 cum
614 2818 648 2839 eo
660 2810 788 2844 colloqui.
807 2809 892 2837 Dabat
906 2817 955 2836 au-

1037 2261 1089 2287 Τοῦ
1105 2261 1227 2295 Χοσρόου
1242 2261 1331 2287 τοίνυν
1344 2260 1508 2295 ἡττηθέντος
1525 2261 1599 2295 παρὰ
1615 2259 1663 2286 τοῦ
1679 2261 1790 2295 εἰρημέ-

1002 2314 1049 2333 νου
1064 2306 1238 2340 Ἦρακλείου,
1257 2305 1304 2332 καὶ
1325 2306 1533 2340 μετενεχθέντος
1546 2306 1592 2332 τοῦ
1612 2306 1690 2340 ἁγίου
1708 2314 1790 2331 σταυ-

1004 2351 1050 2386 ροῦ
1077 2352 1117 2383 εἰς
1144 2351 1193 2386 τὴν
1212 2351 1390 2386 Ἰερουσαλὴμ
1418 2351 1486 2386 μετὰ
1502 2351 1636 2386 θριάμϐου
1663 2352 1734 2378 κατὰ
1759 2352 1784 2376 τ)

1003 2397 1191 2430 ἐξακοσιοστὺν
1207 2397 1329 2424 εἰκοστὸν
1346 2397 1425 2423 ἕκτον
1437 2396 1494 2427 ἔτος
1506 2396 1558 2422 ἀπὸ
1570 2397 1619 2431 τῆς
1629 2396 1676 2422 τοῦ
1686 2396 1788 2430 Κυρίου

1005 2443 1178 2478 σαρκώσεως,
1195 2443 1429 2478 πεντεκαιδεκάτῳ
1443 2442 1471 2469 δὲ
1485 2442 1530 2468 τοῦ
1552 2441 1683 2476 βασιλέως
1704 2442 1790 2477 Ἦρα-

1006 2488 1108 2520 κλείου,
1126 2489 1246 2523 ἀνεφάνη
1257 2497 1298 2519 τις
1309 2487 1469 2522 Μαχούμετ,
1481 2488 1513 2513 Ἀ
1519 2487 1584 2522 ραψ,
1595 2487 1624 2518 ὃς
1635 2487 1664 2513 τὸ
1682 2487 1792 2522 πρῶτον

1004 2535 1132 2567 πλούσιος
1156 2534 1278 2569 γεγονὼς
1301 2534 1344 2562 διά
1365 2543 1438 2566 τινος
1461 2534 1559 2569 χήρας,
1575 2533 1607 2568 ἢν
1619 2534 1659 2564 είς
1671 2535 1792 2566 γυναῖκα

1005 2581 1134 2615 ἠγάγετο,
1152 2581 1200 2607 καὶ
1228 2580 1297 2615 μετὰ
1320 2579 1405 2607 ταῦτα
1420 2579 1511 2614 ἄρχων
1525 2579 1631 2614 λῃστῶν
1658 2579 1792 2612 γεγονὼς,

1003 2627 1043 2658 εἰς
1066 2627 1192 2661 τοιαύτην
1209 2626 1360 2654 κατέπεσεν
1376 2625 1574 2661 ὑπερηφανίαν,
1595 2624 1664 2650 ὥστε
1678 2625 1724 2651 καὶ
1741 2625 1791 2659 βα-

1005 2671 1228 2706 σιλεὺςἏράϐων
1253 2671 1379 2705 γενέσθαι
1403 2670 1525 2705 θελῆσαι.
1547 2669 1745 2704 Ἐπιληπτικὸς
1764 2671 1794 2697 δὲ

1006 2718 1055 2750 ὣν,
1071 2718 1114 2744 ἴνα
1133 2717 1249 2751 βεϐαίως
1265 2718 1378 2752 κάτοχος
1390 2725 1432 2747 τις
1447 2715 1518 2742 εἶναι
1541 2716 1714 2750 πιστεύηται,
1730 2724 1794 2742 συν-

1007 2763 1078 2798 εχῶς
1094 2762 1214 2795 πίπτων,
1224 2762 1316 2796 ἔλεγεν
1332 2762 1447 2795 ἄγγελον
1464 2761 1538 2796 αὐτῷ
1550 2761 1699 2788 συλλαλεϊν.
1722 2761 1794 2787 Ἐδί-

1007 2809 1052 2835 δου
1068 2808 1095 2836 δὲ
1113 2808 1181 2844 μετὰ
1193 2807 1280 2836 ταῦτα
1300 2808 1460 2842 ἀποκρίσεις
1471 2808 1558 2841 τινὰς,
1570 2807 1603 2838 ἃς
1618 2806 1666 2842 (ὡς
1686 2806 1793 2842 ἔλεγεν)
