1942 3090
141 131 208 163 1117

736 126 884 157 CONTRA
904 125 1158 156 ΜᾸΙΙΟΜΕΤΕΜ.

1691 113 1757 145 ill‘t

137 188 220 222 ἤκουε
236 185 313 220 δίκην
330 185 452 216 κώδωνος
479 183 665 219 περιηχούσης
679 181 760 210 αὑτοῦ
782 183 838 212 τοῖς
860 181 922 206 ὠσί.
937 196 944 209 Α

996 188 1029 206 rm
1043 187 1105 215 post
1118 181 1174 207 luce
1186 177 1381 213 responsiones
1392 173 1533 209 quasdam.
1546 178 1614 206 quas
1626 169 1666 206 (ut
1676 170 1756 197 dixit)

139 232 194 258 Kal.
205 232 266 257 ἐπεὶ
288 230 396 265 ἰδιώτης
409 228 454 264 ἦν,
471 229 518 256 καὶ
534 229 726 264 ἀγράμματος,
746 227 862 254 δέδωκεν
874 225 924 251 αὺ-

139 277 179 313 τῷ
207 278 221 304 6
247 276 368 308 διάῦολος
398 276 508 310 ἐτέρους
530 274 647 305 οἰκείους
671 273 748 308 αὑτῷ
771 270 925 308 αἰρετικούς

139 332 217 355 τινας
231 324 278 350 καὶ
289 322 446 354 Ἰουδαίους,
461 322 508 348 καὶ
518 320 700 356 Χριστιανοὺς
714 319 813 355 ὁμοίως
826 319 926 353 αἱρετι-

141 361 222 399 κοὺςί
233 367 441 402 Προσεκολλήθη
463 366 518 401 γὰρ
529 365 602 401 αὐτῷ
621 374 663 396 τις
684 364 853 398 ’1ακω6ίτης,
867 361 927 388 ὀνό-

145 422 209 448 ματι
221 413 342 448 Βαειρά.“
358 415 405 439 καὶ
418 412 543 447 διήρκεσε
564 411 634 446 μετὰ
653 410 698 437 τοῦ
721 408 841 443 Μωάμεθ
869 415 930 441 σχε-

144 460 188 486 δὸν
203 460 284 494 μέχρι
295 459 422 485 θανάτου.
441 457 565 484 Φαίνεται
581 457 608 483 δὲ
625 456 663 486 ὡς
687 456 755 491 μετὰ
768 453 854 480 ταῦτα
880 453 929 479 αὺ-

145 505 192 532 τδν
212 506 225 531 6
245 503 395 538 Μαχούμετ
420 504 588 530 ἀπέκτεινεν.
616 501 697 528 Ἀλλὰ
721 500 768 526 καὶ
807 497 927 525 Ἰουδαῖοί

145 558 229 581 τιντς,
245 549 339 580 Φινεὲς
366 549 488 584 δηλονότι
514 548 562 574 καὶ
576 547 670 579 Αὒδιὰ,
695 546 807 580 ὀνόματι
824 543 927 574 Σαλὼν,

147 597 216 632 μετά
241 596 329 622 ταῦτα
344 595 372 621 δὲ
387 594 512 621 Δὺδαλλᾶ
527 592 681 628 εἰρημένος,
710 591 756 618 καὶ
776 590 874 622 Σελὲμ,
903 588 927 614 οἳ

148 643 195 670 καὶ
211 642 338 676 γεγόνασι
367 639 553 676 Σαῤῥακηνοί·
579 638 625 665 καί
652 646 725 668 τινες
741 634 928 669 Νεστοριανοί,

148 688 172 715 οἳ
187 687 302 723 μάλιστα
313 685 469 712 κοινωνοῦσι
485 682 670 719 Σαρῤακηνοῖς
681 681 804 714 λέγοντες
820 678 858 712 μὴ
865 677 931 704 Θεὸν

149 731 329 767 γεγεννῆσθαι
348 731 380 756 ὲκ
403 730 449 764 τῆς
461 728 569 763 Μαρίας
587 727 736 762 Παρθένου,
752 725 809 751 ἀλλ’
824 724 933 759 ἄνθρω-

151 787 200 805 πον
218 775 322 812 Ἰησοῦν
335 775 462 810 Χριστόν.
479 775 534 800 Καὶ
542 773 602 800 τότε
617 771 766 806 συνέθηκεν
784 771 798 797 6
811 769 933 803 Μωάμεθ

151 823 210 849 τινὰ
225 822 307 857 νόμου
324 821 416 856 τρόπῳ
433 820 476 846 διὰ
489 819 542 845 τῶν
557 818 668 853 ἑτέρων,
694 815 843 851 λαμϐάνων
867 814 929 841 τινὰ

101 879 109 884 ·
154 870 203 904 μὲν
219 869 251 895 ὲκ
267 868 316 902 τῆς
332 866 463 897 Παλαιᾶς,
489 864 550 891 τινὰ
559 864 586 890 δὲ
599 863 632 889 ὲκ
656 863 704 897 τῆς
719 861 825 895 Καινῆς
839 859 936 894 Auﬁﬁ-

153 903 214 948 κης.
234 913 272 939 Οὐ
294 912 347 947 μὴν
361 911 421 937 τότε
436 911 449 937 ὁ
466 909 529 940 λαὺς
544 906 599 943 εἶχε
612 907 643 947 rb
662 905 835 939 ’Λλκοράνον.
848 903 934 936 Λέγε-

153 968 198 986 ται
215 959 307 994 μέντοι
332 958 361 984 ὲν
388 958 449 987 ταῖς
465 954 553 982 αὐτῶν
571 943 702 988 ἱστορίαις
718 952 805 977 εἰπεῖν
819 950 864 976 τὸν
877 949 938 976 Μα-

154 1005 255 1041 χούμετ
266 1011 273 1019 ·
292 1002 433 1038 Κατῆλθεν
460 1001 503 1027 ἐπ’
520 1000 569 1035 ἐμὲ
589 999 620 1026 τὺ
646 997 810 1032 Ἄλκοράνον
825 996 854 1022 ὲν
867 994 938 1021 ἐπτά

155 1039 285 1086 ἀνδράσι·
312 1048 361 1076 καὶ
384 1048 452 1083 ὅπερ
480 1046 513 1073 ἂν
540 1045 607 1072 πολὺ
625 1041 653 1081 ᾖ,
671 1043 759 1078 ἀρκεῖ.
778 1041 895 1075 Λέγουσι
909 1039 939 1066 δὲ

156 1096 266 1126 τούτους
276 1094 402 1131 γενέσθαι
413 1093 458 1120 τδν
466 1093 555 1127 Ναφὲ,
567 1092 613 1119 καὶ
627 1092 697 1124 Ἐδν,
706 1090 806 1125 Ὀμᾶιρ.
821 1087 939 1123 ὀμῦρὰ,

162 1141 307 1176 Ἑλρεσὲιρ,
316 1138 399 1174 ’Δσὴρ
410 1138 454 1165 τὸν
467 1138 523 1164 υῑὺν
534 1137 580 1164 τοῦ
589 1136 692 1172 Κετὴρ,
707 1136 754 1162 καὶ
766 1135 811 1161 τὸν
825 1133 883 1160 υἱὸν
892 1133 940 1159 τοῦ

159 1188 260 1222 Ἀμερ.
281 1185 413 1222 Ἐροῦμεν
427 1184 520 1210 τοίνυν
545 1183 648 1215 αὐτοῖς,
680 1180 851 1216 Ἀνέγνωσάν
876 1187 941 1205 ποτε

155 1233 235 1260 τοῦτο
243 1231 359 1259 ἐνώπιον
371 1230 418 1257 τοῦ
431 1228 553 1264 Μωάμεθ
563 1236 571 1262 ;
583 1229 630 1255 καὶ
638 1228 738 1259 πάντες
750 1226 853 1262 ἐροῦσι,
864 1225 941 1259 Οὐχὶ,

157 1278 215 1306 ἀλλ’
229 1277 344 1304 ἐνώπιον
352 1277 405 1303 τῶν
420 1275 624 1311 πρεσὸυτέρων,
638 1273 686 1300 καὶ
695 1273 782 1303 οῦτως
797 1271 878 1306 μέχρι
897 1271 942 1297 τοῦ

158 1323 290 1359 Μωάμεθ.
307 1323 419 1350 Βέὸαιον
439 1323 468 1350 δέ
484 1323 568 1353 ἔστιν,
583 1322 625 1348 ὅτι
643 1317 718 1348 οῦτοι
737 1319 769 1345 οὑ
787 1317 945 1352 συνεφώνη-

159 1379 210 1397 σαν
223 1370 278 1402 τοῖς
294 1369 414 1405 πρώτοις
429 1367 624 1403 πρεσϐυτέροις
649 1367 678 1392 ὲν
699 1366 732 1400 τῇ
745 1363 900 1398 ἀναγνώσει
912 1363 945 1398 ἢν

159 1415 208 1443 νῦν
222 1415 396 1450 κατέχουσιν.
415 1414 447 1441 Ὀ
464 1413 601 1440 δείκνυται
624 1413 656 1438 ὲκ
672 1411 717 1438 τοῦ
730 1410 759 1437 τὸ
774 1410 820 1436 τοῦ
837 1408 946 1444 πρώτου

163 1463 263 1497 μέρους
276 1461 443 1495 ἀνάγνωσμα
452 1459 572 1486 ἐναντίον
582 1455 651 1484 εἶναι
666 1456 705 1492 τῷ
721 1456 840 1491 δευτέρῳ
855 1455 946 1490 μέρει.

976 227 1106 254 audiebat
1119 224 1197 260 quasi
1213 231 1263 258 per
1277 221 1387 248 modutu
1404 226 1541 252 campana:
1554 217 1757 244 circumsonan-

977 273 1011 301 tis
1028 272 1140 299 auribus
1157 270 1226 305 ejus.
1242 268 1275 295 Et
1291 267 1353 302 quia
1370 266 1454 293 idiota
1467 268 1538 294 erat,
1551 267 1578 289 et
1591 262 1759 290 illitteratus,
1815 286 1820 291 _

981 319 1059 347 dedit
1073 318 1098 346 ei
1115 316 1242 344 diabolus
1258 314 1349 342 socios
1365 311 1501 346 proprios.
1522 313 1549 335 et
1565 307 1695 342 quosdam
1710 305 1764 331 lue-

979 366 1080 392 retieos
1101 367 1129 390 et
1144 362 1262 392 Iudaeos,
1288 363 1316 386 et
1335 356 1506 385 Christianos
1531 353 1658 380 similiter
1678 351 1763 377 lucre—

980 412 1059 438 tieos.
1087 408 1209 436 Adhaesit
1226 406 1299 433 enim
1325 405 1348 431 ei
1371 403 1480 437 quidam
1497 398 1632 429 Jacobita.
1654 396 1764 423 nomine

980 456 1069 485 Baira.
1083 459 1111 480 et
1126 452 1234 479 duravit
1246 457 1308 476 cum
1325 448 1479 475 lllabometo
1493 450 1579 478 usque
1591 442 1624 469 ad
1636 446 1764 468 mortem.

980 504 1144 536 Ferturque,
1165 499 1237 534 quod
1255 497 1424 524 Mahometus
1439 498 1531 529 postea
1549 489 1697 518 interiecit.
1712 487 1765 514 Sed

981 554 1007 576 et
1022 534 1109 576 Judaei
1127 545 1250 581 quidam.
1275 542 1394 570 Pbinees
1411 538 1547 568 videlicet,
1560 540 1587 562 et
1604 534 1700 565 Audio,
1717 540 1768 559 no-

983 593 1055 620 mine
1080 580 1175 622 Salon,
1201 594 1263 624 post
1288 589 1346 615 haec
1371 590 1462 613 autem
1481 582 1583 609 Audala
1612 580 1713 608 dictus,
1739 582 1768 604 et

984 639 1093 667 Selem;
1109 637 1155 672 qui
1170 637 1252 663 etiam
1277 634 1341 661 facti
1359 636 1424 659 sunt
1441 628 1584 657 Saraceni.
1607 627 1641 654 Et
1657 624 1768 660 quidam

984 684 1151 714 Nestor-iani,
1169 682 1214 717 qui
1235 680 1352 707 maxime
1369 686 1431 705 eum
1446 674 1591 703 Saracenis
1604 672 1771 700 conveniunt

985 731 1118 761 dicentes,
1145 729 1216 764 quod
1232 729 1305 755 Deus
1329 734 1382 753 non
1399 729 1440 752 est
1458 727 1539 750 natus
1558 721 1592 748 de
1609 720 1688 746 beata
1706 717 1769 743 Vir-

987 777 1059 812 gine.
1077 776 1124 804 sed
1146 776 1227 802 homo
1243 774 1323 802 Jesus
1333 772 1471 800 Christus.
1490 770 1523 796 Et
1537 773 1601 794 tunc
1616 763 1771 797 composuit

988 823 1155 850 Maltometus
1172 820 1294 854 quautam
1313 819 1340 845 in
1358 817 1467 844 modum
1503 814 1572 848 legis
1597 820 1647 846 per
1669 810 1770 840 socios,

986 875 1128 896 assumens
1141 865 1263 901 quasdam
1272 864 1381 899 quidem
1393 870 1408 889 a
1417 860 1522 892 Veteri,
1538 858 1662 894 qtuedam
1680 861 1772 882 autem

988 923 1002 942 τι
1026 915 1101 942 Νονο
1117 913 1305 940 Testamento.
1321 909 1380 936 Non
1400 913 1490 934 tamen
1510 910 1575 932 tunc
1590 903 1708 939 populus
1723 902 1774 928 ba-

989 961 1072 988 bebat
1080 958 1256 987 Alt-eranum.
1274 955 1377 982 Dicitur
1391 959 1480 981 tamen
1495 953 1522 978 iu
1533 958 1627 978 eorum
1642 948 1774 977 historiis,

989 1006 1061 1041 quod
1080 1004 1249 1032 Mahometus
1274 1001 1357 1028 dicit:
1374 997 1519 1027 Descendit
1544 996 1577 1023 ad
1605 1002 1648 1022 me
1665 994 1775 1021 Alcora-

990 1039 1055 1079 num
1073 1051 1099 1078 in
1116 1054 1219 1084 septem
1235 1048 1313 1080 viris,
1326 1051 1354 1074 et
1368 1043 1501 1080 quidquid
1517 1046 1559 1069 est
1575 1040 1643 1068 satis
1665 1039 1775 1066 suilli-it.

991 1098 1089 1125 Dicunt
1115 1082 1204 1122 autem
1229 1093 1279 1120 bos
1297 1091 1392 1122 fuisse,
1416 1088 1522 1128 Naphe,
1545 1091 1573 1113 et
1598 1084 1665 1114 Eon,
1683 1082 1777 1113 Oumr,

993 1144 1086 1174 Omra.
1100 1142 1223 1172 Eleesar,
1242 1138 1304 1166 Asir
1320 1137 1404 1164 lilium
1417 1134 1523 1164 Cetbir,
1538 1136 1566 1159 et
1581 1131 1666 1158 lilium
1682 1130 1776 1155 Amer.

993 1189 1115 1216 Diximus
1139 1186 1222 1219 igitur
1240 1184 1292 1214 eis,
1317 1181 1426 1217 quando
1453 1180 1580 1214 legerunt
1607 1177 1660 1202 hoc
1686 1181 1778 1201 coram

994 1232 1170 1261 Mahometo?
1185 1231 1218 1258 Et
1236 1236 1333 1257 omnes
1346 1227 1486 1257 dixerunt,
1500 1225 1572 1260 quod
1589 1230 1656 1254 non,
1670 1221 1717 1248 sed
1734 1227 1781 1246 co-

995 1286 1053 1306 ram
1069 1277 1235 1307 senioribus.
1253 1279 1280 1302 el
1302 1274 1342 1301 sic
1356 1280 1444 1307 usque
1460 1271 1492 1298 ad
1510 1270 1706 1297 Maliometum.
1720 1266 1780 1293 Fir-

999 1331 1073 1351 mum
1101 1326 1192 1349 autem
1219 1326 1273 1351 est,
1291 1318 1364 1354 quod
1391 1317 1418 1344 bi
1438 1323 1490 1343 non
1505 1315 1694 1342 convenerunt
1718 1318 1780 1338 cum

997 1368 1154 1397 senioribus
1170 1365 1309 1401 prioribus
1327 1364 1355 1390 in
1379 1363 1470 1390 littera
1491 1367 1572 1396 quam
1588 1365 1663 1386 nunc
1676 1360 1781 1384 tenent.

997 1414 1074 1448 Quod
1098 1400 1230 1448 probatur
1250 1418 1283 1437 ex
1308 1417 1352 1440 eo,
1371 1407 1443 1443 qttod
1469 1406 1561 1434 littera
1587 1403 1682 1439 primu-
1696 1400 1783 1436 partis

999 1460 1138 1490 contraria
1163 1462 1205 1485 est
1223 1457 1293 1492 parti
1309 1454 1447 1483 secundae.
1463 1453 1484 1480 A
1499 1457 1622 1485 tempore
1640 1449 1711 1476 enim
1729 1447 1784 1474 Ma-

166 1494 233 1535 λΔίτδ
246 1506 300 1542 γὰρ
318 1494 366 1532 τοῦ
382 1494 477 1540 καιροῦ
487 1505 534 1531 τοῦ
550 1502 672 1538 Μωάμεθ
684 1501 771 1533 οὐδεὶς
785 1500 944 1535 ἐπιστήμων

998 1507 1099 1535 bometi
1124 1505 1215 1532 nullus
1239 1504 1343 1538 peritus
1370 1497 1571 1528 fuitAlcorani,
1596 1496 1649 1523 nisi
1676 1494 1781 1522 Attdala

160 1555 255 1590 γέγονε
270 1552 317 1579 τοῦ
335 1551 508 1587 Ἀλκοράνου.
523 1551 548 1577 εἰ
569 1550 606 1584 μὴ
621 1551 635 1575 6
652 1548 775 1576 Δὺδαλλᾶ
793 1549 807 1574 6
826 1546 882 1577 υίὸς
894 1545 941 1573 τοῦ

161 1600 318 1631 Μεσετοὺδ,
343 1598 391 1625 καὶ
406 1601 420 1625 ὁ
447 1597 509 1625 Ζεῒθ
537 1598 551 1623 6
574 1596 630 1627 uti);
645 1594 693 1622 τοῦ
709 1593 836 1629 Ταμπὲθ,
864 1593 911 1619 καὶ
931 1593 945 1618 6

164 1646 255 1675 Κανὰν
268 1646 324 1677 υίὸς
344 1645 438 1679 Ὀφὴν,
466 1644 512 1670 καὶ
525 1643 538 1669 6
559 1642 650 1677 Ἐμπῆ
663 1640 720 1673 υἰδς
737 1639 809 1667 Τάττ.
826 1639 894 1674 Περί
916 1638 944 1664 δὲ

163 1692 210 1720 τοῦ
221 1692 287 1726 Ἀλῆ
298 1690 345 1718 τοῦ
363 1689 421 1717 υἱοῦ
436 1689 482 1716 τοῦ
497 1688 640 1722 ’Δϐιτελὲμ
655 1687 727 1718 τινὲς
748 1686 873 1719 λέγουσιν
889 1683 948 1710 ἐπί-

165 1737 279 1766 στασθαι
289 1737 382 1771 μέρος,
398 1735 469 1766 τινὲς
483 1734 511 1761 δὲ
525 1733 566 1761 οὗ.
581 1734 716 1763 Ἕκαστος
729 1732 758 1758 δὲ
770 1730 871 1758 τούτων
885 1737 948 1756 συν-

167 1784 265 1818 έθηκεν
277 1781 450 1815 Ἀλκοράνον,
475 1779 514 1814 τῷ
538 1779 591 1805 τῶν
616 1777 702 1805 ἄλλων
720 1775 877 1810 Ἀλκοράνῳ
890 1775 947 1801 ἀνο-

169 1827 318 1864 μοιότατον.
334 1825 525 1859 Ἐπολέμησαν
535 1823 563 1850 δὲ
578 1823 626 1850 καὶ
641 1821 709 1856 πρὸς
725 1821 856 1862 ἀλλήλους
869 1819 949 1854 μέχρι

169 1860 296 1906 ίὶανάτου,
321 1871 358 1907 μὴ
371 1871 510 1906 δεχόμενοι
531 1869 566 1897 τὰ
581 1869 635 1895 τῶν
651 1860 751 1894 ἅλλωνέ
770 1866 848 1894 Μετὰ
862 1865 890 1892 δὲ
905 1865 951 1891 τὸν

168 1919 280 1946 ἐκείνων
295 1917 408 1945 θάνατον
432 1915 603 1950 ὲδιχονὸησεν
619 1914 633 1939 6
645 1912 709 1944 λαὸς
726 1913 754 1939 ὲν
770 1911 809 1946 τῷ
821 1909 951 1942 ’Δλκορά-

169 1974 208 2000 νῳ
232 1965 312 1999 μέχρι
325 1963 372 1990 τοῦ
387 1961 484 1997 καιροῦ
495 1960 542 1987 τοῦ
555 1959 679 1995 Περπᾶν,
694 1958 741 1985 τοῦ
756 1955 952 1990 υἰοῦἙλεκδμ,

169 2011 198 2042 ὃς
211 2010 358 2044 συνέοηκεν
373 2008 464 2039 αὐτοῖς
475 2005 553 2033 τοῦτο
567 2005 598 2032 τὸ
612 2004 774 2039 Ἀλκοράνον
790 2003 804 2030 ὃ
818 2003 865 2030 νῦν
878 2002 954 2037 ἐχου-

171 2065 224 2083 σιν.
237 2055 388 2089 Ἐνέττρησε
413 2053 441 2080 δὲ
460 2052 552 2080 καὶτὰ
564 2050 804 2085 ἀλλαἋλκοράνα.
819 2050 874 2076 Καὶ
893 2048 954 2074 τότε

170 2104 194 2130 οἰ
218 2101 359 2138 εἰρημένοι
385 2099 455 2127 ἑπτὰ
478 2099 532 2126 τῶν
553 2098 656 2124 πόλεων
677 2097 806 2132 αρχοντες
826 2095 954 2122 ἀντεῖπον

171 2147 296 2183 ἀλλήλοις
309 2147 339 2173 ἓν
362 2154 391 2173 τε
406 2147 439 2181 τῇ
456 2145 637 2179 γραμματικῇ
659 2143 705 2169 καὶ
719 2143 777 2174 τοῖς
795 2140 869 2171 ἰδίοις
882 2139 955 2166 ἰδιώ-

996 1552 1069 1580 ﬁlius
1082 1549 1214 1578 Mesetud.
1235 1553 1262 1575 et
1287 1546 1363 1574 Zeith
1381 1545 1452 1572 (ilius
1468 1542 1612 1576 Tampetb,
1639 1545 1666 1567 et
1690 1539 1783 1566 Cana:

997 1598 1070 1624 illius
1095 1596 1203 1630 Opbyn,
1234 1598 1261 1621 et
1284 1592 1359 1626 Enpe
1376 1591 1447 1618 ﬁlius
1473 1589 1540 1623 'l‘ap.
1569 1587 1605 1613 De
1621 1586 1663 1613 Ali
1691 1589 1781 1611 autem

999 1642 1053 1669 [illo
1085 1639 1239 1670 Abitulem,
1275 1636 1386 1671 quidam
1417 1634 1512 1661 dicunt
1545 1631 1616 1659 scire
1652 1635 1780 1664 partem,

998 1687 1108 1722 qttidam
1133 1689 1224 1712 autem
1251 1690 1315 1710 nott.
1338 1680 1459 1714 Quilibet
1480 1683 1571 1705 autetu
1596 1677 1693 1703 borum
1708 1681 1785 1701 com-

1000 1732 1090 1767 posuit
1099 1731 1273 1759 Alcorauum.
1285 1727 1401 1755 aliorum
1413 1726 1547 1752 Aleorano
1558 1721 1783 1749 dissimillimum.

1000 1779 1193 1812 Pugnaverth
1214 1779 1304 1802 autetn
1322 1776 1350 1800 et
1373 1772 1445 1798 inter
1460 1778 1488 1797 se
1504 1777 1591 1804 usque
1607 1768 1639 1794 ad
1656 1771 1784 1795 mortem.

1001 1831 1055 1851 nou
1072 1820 1256 1855 suScipientes
1276 1825 1337 1853 quae
1351 1821 1430 1844 erant
1445 1816 1571 1843 aliorum.
1589 1814 1653 1841 Post
1669 1816 1784 1839 mortem

1002 1868 1132 1896 dissensit
1155 1866 1274 1902 populus
1302 1865 1329 1891 iu
1354 1863 1498 1894 Aleorano,
1515 1868 1601 1895 usque
1627 1859 1661 1886 ad
1676 1862 1785 1891 temer

1002 1915 1141 1950 hlermpau
1156 1913 1203 1941 ﬁlii
1215 1912 1326 1943 Elezen,
1337 1910 1383 1946 qui
1392 1907 1545 1943 composuit
1554 1906 1595 1934 eis
1608 1905 1660 1932 hoc
1675 1904 1788 1931 Alcora-

1003 1968 1068 1987 num
1090 1948 1172 1994 -quod
1189 1965 1262 1985 nunc
1276 1956 1387 1983 habent.
1400 1952 1559 1981 Combussit
1580 1954 1671 1978 autem
1689 1954 1716 1976 et
1731 1948 1785 1975 alia

1004 2007 1148 2033 Alcorana.
1163 2004 1197 2031 Et
1213 2009 1279 2030 tune
1296 2002 1377 2029 etiam
1394 2000 1534 2027 civitatqu
1551 1995 1670 2032 pmiceti
1684 1999 1788 2028 septem

1004 2050 1233 2078 contradicebant
1246 2048 1297 2075 sibi
1311 2048 1336 2074 in
1348 2045 1527 2081 grammatica
1539 2048 1565 2070 et
1578 2040 1696 2076 propriis
1722 2039 1791 2066 idio-

1006 2097 1137 2124 matibus.
1167 2085 1341 2122 luvenitnus‘
1358 2096 1450 2118 autem
1478 2090 1505 2116 in
1531 2094 1627 2114 eorum
1656 2085 1789 2116 historiis,

1007 2143 1079 2178 quod
1092 2141 1198 2177 repudii
1210 2139 1360 2174 capltulum
1372 2135 1523 2164 excedebat
1537 2133 1686 2168 capitulum
1702 2131 1790 2162 bovis,

174 2176 265 2228 μασίν,
280 2176 405 2226 έῦρομεν
463 2176 497 2215 ἐν
512 2176 571 2219 ταῖς
592 2176 724 2221 ιστορίαις
740 2185 840 2216 αὐτῶν,
856 2184 897 2211 ὅτι
924 2183 944 2209 τί

1007 2176 1078 2224 quod
1097 2176 1215 2223 primum
1232 2186 1259 2212 in
1281 2184 1408 2211 ducentis
1437 2181 1545 2216 triginta
1567 2177 1711 2206 sententiis
1729 2176 1790 2208 fuit,

171 2238 219 2266 τοῦ
231 2236 397 2265 ἀποστασίου
417 2234 564 2269 κεφάλαιον
587 2231 750 2267 ὑπερέϐαινε
760 2239 768 2246 ·
781 2229 811 2257 τὸ
825 2230 853 2256 δὲ
869 2229 956 2264 κεφάο

172 2282 248 2309 λαιον
262 2282 312 2317 τῆς
331 2280 391 2315 βοὸς
405 2279 436 2306 τὸ
457 2278 565 2314 πρῶτον
587 2278 617 2304 ὲν
641 2276 793 2307 διακοσίαις
804 2274 954 2309 τριάκοντα

174 2326 344 2360 ἀποφάσεσιν
362 2321 406 2360 ἦν,
422 2323 469 2350 νῦν
477 2322 505 2350 δὲ
520 2321 670 2357 συνέστηκε
682 2320 712 2347 τὺ
724 2320 784 2346 ὅλον
797 2320 829 2346 ὲκ
843 2319 955 2346 δώδεκα.

174 2372 243 2399 Φασὶ
253 2372 281 2399 δὲ
292 2371 367 2398 ἄλλοι
379 2370 423 2396 καὶ
434 2369 464 2396 τδ
476 2368 622 2403 κεφάλαιον
641 2367 690 2401 τῆς
706 2366 767 2401 βοδς
786 2365 875 2401 χιλίας
887 2366 957 2391 ἀπο-

174 2418 270 2452 φάσεις
285 2416 421 2451 περιέχειν
436 2415 511 2446 ποτε,
529 2415 647 2449 σήμερον
660 2413 689 2440 δὲ
708 2411 836 2439 τοσοῦτον
850 2410 898 2438 καὶ
916 2410 957 2437 ἔτι

174 2462 298 2490 διακόσια
317 2460 480 2495 ὀγδοήκοντα
496 2457 575 2485 ἑπτά.
597 2457 763 2493 Ἐμφέρεται
778 2455 806 2482 δὲ
831 2457 878 2481 καὶ
894 2455 959 2489 περί

175 2517 248 2541 τινος
267 2506 380 2534 δυνατοῦ
400 2506 512 2541 ὀνόματι
535 2503 644 2539 Ἐλγὰν,
668 2504 710 2530 ὅτι
729 2502 838 2536 ἀφεῖλεν
862 2503 894 2527 ἐκ
911 2500 957 2527 τοῦ

182 2554 344 2590 ’Δλκοράνου
355 2553 517 2588 ὀγδοήκοντα
532 2552 612 2578 πέντε
627 2549 789 2585 ἀποφάσεις,
803 2549 850 2576 καὶ
862 2547 961 2583 προσέ-

176 2602 261 2637 θηκεν
277 2601 359 2632 ἄλλας
377 2599 510 2630 τοσαύτας
526 2599 564 2630 εἰς
583 2598 663 2625 ἀλλον
682 2597 783 2624 σκοπδν
801 2595 960 2630 ἀφυρώσας.

178 2648 239 2680 Πῶς
250 2647 340 2675 τοίνυν
354 2647 427 2673 ἐστὶν
440 2644 551 2680 ἀληθὶς,
565 2644 632 2677 ὅπερ
645 2643 713 2676 φασὶ
725 2640 851 2676 περὶτοῦ
869 2641 963 2667 ’Δλκοο

179 2694 260 2729 ρὰνου
277 2693 364 2720 εἰπεῖν
378 2691 426 2718 τὸν
450 2691 526 2722 Θεὸν,
554 2690 595 2716 ὅτι
617 2687 714 2723 Ἡμεῖς
740 2687 894 2722 καταϐῆναι
916 2695 964 2712 πε-

178 2738 333 2773 ποιήκαμω
344 2736 392 2771 τὴν
408 2735 570 2770 ἀνάμνησιν,
584 2734 632 2761 καὶ
649 2733 730 2769 ἡμεῖς
743 2733 829 2767 αὐτὴν
847 2731 963 2766 φυλάξο-

179 2792 246 2817 μεν;
265 2781 426 2817 Διηγοῦνται
450 2781 479 2808 δι
498 2788 568 2811 τινες
594 2778 686 2806 αὐτῶν
705 2779 837 2814 ἱστορίαν,
859 2778 896 2809 ὡς
915 2777 963 2803 τοῦ

179 2828 329 2864 Ἀιαχοὺμετ
342 2828 479 2864 φαρμάκῳ
493 2825 675 2858 ἀποθανόντος
686 2846 694 2860 ,
714 2824 764 2852 οὐκ
780 2822 852 2860 εἶχεν
871 2824 885 2850 6
899 2823 963 2855 λαδς

1007 2241 1081 2262 nunc
1094 2237 1185 2259 autem
1210 2235 1297 2258 totttm
1321 2228 1502 2256 constitutum
1523 2229 1564 2252 est
1589 2225 1616 2251 in
1635 2222 1790 2250 duodecim.

1007 2280 1107 2307 Dicunt
1131 2280 1224 2303 autem
1247 2274 1303 2306 alii,
1321 2272 1394 2308 quod
1419 2277 1448 2299 et
1463 2270 1613 2305 capitulum
1644 2267 1721 2295 bovis
1742 2267 1792 2294 ali-

1007 2323 1116 2360 quando
1139 2321 1213 2349 mille
1231 2319 1382 2348 sententias
1405 2317 1576 2347 continebat,
1603 2315 1685 2342 bodie
1703 2318 1792 2341 tamen

1008 2359 1146 2404 octoginta
1170 2370 1287 2401 septem.
1307 2364 1440 2392 Referunt
1472 2363 1555 2390 etiam
1572 2366 1600 2388 et
1623 2361 1657 2387 de
1673 2359 1792 2394 quodam

1008 2414 1123 2450 potenti,
1136 2413 1247 2440 nomine
1260 2410 1351 2445 Elgas,
1366 2408 1438 2443 quod
1451 2407 1598 2435 abstulerit
1609 2406 1643 2432 ab
1657 2405 1794 2432 Aleorano

1009 2449 1147 2494 octoginta
1165 2458 1288 2492 quinque
1305 2454 1467 2485 sententias,
1486 2456 1514 2480 et
1528 2451 1634 2479 addidit
1650 2450 1718 2477 alias
1733 2449 1796 2476 toti-
1824 2452 1825 2455 ‘

1010 2505 1071 2533 dem
1095 2503 1209 2530 alterius
1224 2508 1332 2528 sensus.
1353 2498 1496 2532 Quomodo
1518 2497 1602 2533 igitur
1632 2500 1674 2523 est
1698 2501 1794 2521 verum

1011 2549 1083 2586 quod
1094 2549 1190 2576 dicunt
1205 2547 1240 2574 de
1250 2547 1394 2577 Alcorano,
1408 2543 1481 2579 quod
1496 2544 1568 2571 Deus
1583 2542 1665 2569 dicit:
1679 2542 1735 2568 Nos
1750 2540 1798 2567 de-

1012 2595 1144 2624 scendere
1167 2593 1281 2621 fecimus
1300 2591 1491 2623 monitiouem,
1507 2594 1536 2617 et
1558 2596 1609 2615 nos
1623 2595 1683 2614 eam
1700 2595 1795 2614 εει-νου

1012 2640 1123 2668 bimus?
1139 2638 1257 2666 Narrant
1270 2638 1354 2665 etiam
1369 2636 1492 2671 quaedam
1507 2633 1640 2665 historim,
1655 2632 1726 2667 quod
1745 2631 1796 2658 Ma-
1846 2666 1854 2670 _

1013 2686 1140 2713 hometus
1163 2691 1269 2711 veneno
1286 2687 1412 2710 mortuus
1433 2686 1485 2711 est.
1502 2687 1553 2707 nec
1571 2678 1666 2706 imbuit
1679 2677 1797 2712 populus

1013 2732 1190 2759 Alcoranutn.
1214 2729 1281 2756 Cum
1301 2732 1392 2755 autem
1414 2727 1630 2761 Empeumpeeer
1643 2723 1801 2758 susciperet

1015 2776 1210 2812 principatum.
1234 2773 1365 2809 prox-epit
1387 2777 1418 2799 ut
1435 2771 1550 2807 quilibet
1572 2770 1712 2805 colligeret
1736 2776 1799 2802 qua:

1016 2827 1123 2859 posset:
1137 2827 1163 2849 et
1182 2821 1234 2848 hoc
1247 2819 1318 2855 quod
1339 2823 1380 2846 est
1405 2826 1460 2854 ιιι-ιο
1477 2826 1519 2845 ma
1542 2817 1614 2850 ibus,
1631 2817 1797 2844 Alcorauum
