1942 3090
131 185 190 217 1121

697 212 701 216 .
722 191 873 222 CONTRA
894 192 1031 224 MAI-{OM
1038 194 1146 225 ETEM.

1676 205 1744 232 1122

128 242 174 268 ποῦ
189 241 273 268 αὐτὸν
289 241 490 277 ἐπισκεψομαι;
516 243 570 269 Kal
593 243 668 270 εἶπεν
690 245 704 270 ὁ
719 245 849 281 Γαϐριὴλ,
864 247 905 273 ‘Et

962 250 1022 276 loco
1038 250 1084 276 ubi
1099 255 1151 277 est.
1164 251 1197 278 Et
1210 251 1324 278 adduxit
1339 252 1406 279 mihi
1417 254 1569 288 jumentqu
1585 255 1671 290 majus
1686 257 1748 290 qui-

127 287 160 322 τῴ
176 287 252 321 τόπῳ
267 287 335 313 ὃπου
352 288 420 315 ἐστι.
436 289 490 316 Kal
508 290 598 324 ῆγαγέ
624 299 670 324 μοι
691 291 798 325 κτῆνος,
817 292 909 326 μεῖζον

129 334 173 367 μὲν
188 333 260 365 ὄνου,
278 333 389 360 ἔλαττον
411 334 441 360 δὲ
459 335 582 369 ἡμιόνου,
608 337 656 361 καὶ
671 336 701 362 τὸ
720 336 807 371 ὄνομα
829 337 910 372 Ἐλμ-

129 379 224 413 περάκ’
246 380 293 406 καὶ
308 378 369 406 εἶπέ
383 388 439 413 μοι,
469 379 610 407 Ἀνάῦαινε
639 381 726 414 τοῦτο,
754 383 799 409 καὶ
814 383 908 410 ἔλαυνε

128 425 204 460 μέχρι
221 425 268 452 τοῦ
285 427 359 452 οἴκου
373 427 421 452 τοῦ
438 426 526 459 ἁγίου.
550 427 604 454 Kal
618 427 656 459 ὡς
671 428 830 463 ἐφρόντιζον
846 431 910 456 ἀνα-

126 470 232 504 ϐαίνειν,
253 471 336 506 ἔφυγε
349 472 380 497 τὸ
399 471 506 506 κτῆνος.
521 473 575 498 Καὶ
589 471 664 499 εἶπεν
690 474 774 508 αὐτῷ,
799 475 909 503 Ἴστασο

126 517 259 551 ἀσφαλῶς·
286 519 300 544 ὁ
321 517 473 553 Μαχούμετ
503 519 558 554 γάρ
579 519 677 546 ἐστινὸ
693 522 722 547 σὲ
747 520 908 556 βουλόμενος

125 563 266 596 ἀναϐῆναι.
298 564 353 589 Καὶ
363 564 499 598 ἀπεκρίθη
513 565 661 599 τὺκτῆνος.
677 557 806 602 atati—cap
824 569 907 595 αὑτοῦ

125 609 276 643 ἀπεστάλην
290 618 297 641 ',
321 609 471 644 Ἀπεκρίθη
483 610 495 635 ό
508 610 637 645 Γαϐριὴλ,
653 611 716 639 Ναί.
736 613 790 639 Kal
805 613 864 640 εἷπε
878 615 908 641 τὸ

125 653 227 688 κτῆνος,
261 654 298 680 οὺ
329 655 500 689 συγχωρήσω
527 656 609 682 αὑτὸν
636 657 780 692 ἀναϐῆναι,
812 660 835 685 εί
870 660 907 695 μὴ

127 699 252 734 πρῦτερον
266 700 338 734 ὑπὲρ
352 699 420 734 ἐμοῦ
434 701 480 727 τοῦ
495 700 562 727 Θεοῦ
579 702 698 739 δεηθείη.
712 704 783 737 Ἐγὼ
796 705 824 732 δὲ
834 705 909 741 ἐδεή-

123 744 169 778 θην
184 744 230 770 τοῦ
247 744 314 770 Θεοῦ
336 753 387 780 μου
399 745 471 779 ὑπὲρ
484 746 531 772 τοῦ
545 748 670 782 κτήνους,
685 749 788 785 ἐπέϐην
813 759 841 777 τε
857 751 907 777 αὺ-

122 790 173 818 τοῦ,
187 790 233 816 καὶ
245 791 410 830 περιεπάτει.
419 791 621 827 ἐπικαθημένου
638 802 688 828 μου
703 796 800 831 πορείᾳ
810 796 905 831 λεπτῇ·

122 834 246 869 ἐστήριξε
262 843 292 861 τε
309 835 357 870 τὴν
373 836 458 871 χηλὴν
474 836 521 863 τοῦ
537 837 617 869 ποδὺς
632 840 661 864 ἐν
674 839 712 874 τῷ
725 841 841 873 ὁρίζοντι
859 844 908 878 τῆς

121 881 204 914 ﬁeri);
220 881 312 907 αὑτοῦ.
331 882 383 908 Καὶ
409 882 495 913 οὕτως
520 881 602 918 ἦλοον
627 886 666 915 εἰς
687 886 734 912 τὸν
765 884 838 914 οἷκον
861 889 907 916 τὸν

123 926 195 960 ἅγιον
210 929 238 954 ὲν
252 928 373 954 ἐλάττονι
404 929 581 973 διαστήμίιτι,
600 930 616 966 ἣ
637 932 698 958 ὅσον
728 933 761 960 ἂν
790 934 806 968 ἠ
841 933 906 970 βολὴ

122 973 259 1008 ὀφθαλμοῦ
277 974 428 1010 τελεεοείη.
455 974 510 1002 Ἦν
533 976 560 1002 δὲ
587 977 635 1004 καὶ
663 979 677 1005 ὁ
702 979 822 1015 Γαϐριὴλ
849 980 907 1015 μετ’

122 1020 196 1053 ἐμοῦ,
215 1021 259 1046 καὶ
274 1021 360 1056 ἤγαγέ
375 1030 408 1056 με
429 1023 469 1053 είς
484 1023 636 1058 ἀπορῤὦγα
666 1024 694 1050 ὲν
712 1025 750 1059 τῷ
777 1025 843 1060 οἴκῳ
868 1026 908 1062 τῷ

121 1066 188 1101 ἁγίῳ
204 1068 232 1092 ὲν
255 1069 287 1101 τῇ
313 1068 502 1103 Ἰερουσαλὴμ,
527 1069 573 1094 καὶ
596 1068 657 1096 εἱπέ
675 1079 719 1104 μοι
738 1072 751 1097 ὁ
771 1072 902 1107 Γαδριήλ⁶

122 1113 271 1148 Κατὰσηυι,
291 1114 330 1140 ὅτι
365 1114 419 1140 ἀπὸ
439 1115 486 1149 τῆς
515 1115 617 1150 πέτρας
642 1116 743 1151 ταύτης
776 1118 907 1153 ἀναῦήσει

121 1158 158 1188 είς
175 1157 219 1184 τὸν
242 1158 365 1193 οὐρλνόν.
383 1159 437 1185 Kal
457 1160 584 1195 κατέϐην.
608 1161 663 1187 Kal
688 1163 702 1188 ὁ
718 1162 837 1197 Γαῦρῖήλ
856 1164 906 1198 ήσ-

121 1201 250 1234 φαλίσατο
268 1203 335 1236 μετὰ
355 1203 456 1229 κύκλου
473 1203 540 1238 πρὸς
559 1204 608 1239 τὴν
634 1206 785 1241 ἀπορρῶγα
799 1207 828 1233 τὸ
840 1208 907 1241 κτῆ-

120 1255 161 1276 νος
176 1247 206 1273 τὸ
221 1247 392 1282 Ἐλμπαρὰκ,
415 1248 461 1275 καὶ
488 1249 621 1276 ἐϐάστασέ
649 1259 682 1285 με
711 1251 740 1277 ἐν
753 1253 808 1282 τοῖς
821 1251 908 1286 ὤμοις

121 1293 202 1318 αὑτοῦ
219 1293 300 1328 μέχρι
314 1294 360 1320 τοῦ
375 1295 503 1329 οὐρανοῦ.
520 1296 575 1322 Kal
591 1295 634 1322 ὅτε
650 1296 769 1331 ’ήλοομεν
785 1297 851 1332 πρὸς
862 1297 907 1324 τὸν

120 1338 242 1372 οᾷραυὶν,
261 1338 342 1373 ἔκοψε
366 1340 417 1374 τὴν
437 1339 523 1374 θύραν
551 1341 565 1367 ὁ
585 1341 718 1376 Γαὸριήλ·
743 1343 849 1378 ἐρρήθη
877 1351 907 1369 τε

119 1385 186 1417 πρδς
199 1384 289 1416 αὐτὸν,
305 1385 352 1416 ἰ’ίς
365 1383 409 1418 ei;
427 1385 589 1421 Ἀπεκρίθη,
606 1386 678 1421 Ἐγώ
703 1387 761 1422 εἰμι
773 1388 906 1423 Γαϐριήλ.

126 1427 243 1463 Ἐρρήοη
257 1437 285 1454 τε
303 1429 383 1456 πάλιν
396 1430 482 1464 αὐτῷ·
508 1431 561 1457 Καὶ
585 1432 626 1462 τίς
651 1432 708 1458 ἐστι
741 1434 810 1467 μετὰ
836 1433 906 1466 σοῦς

126 1474 286 1509 Ἀπεκρίθη,
305 1475 333 1502 ὐ
349 1475 509 1510 Μαχούμετ.
536 1474 605 1503 Line
619 1477 646 1503 δὲ
672 1479 686 1504 ὀ
712 1477 843 1513 θυρωρὸς,
859 1479 906 1515 Μὴ

119 1519 187 1554 ὑπὲρ
198 1519 290 1547 τοῦτον
307 1518 341 1556 ἦν
355 1522 370 1556 ή
391 1522 527 1557 ἁποστολή
540 1530 547 1554 ;
570 1522 634 1550 Ναί.
655 1523 709 1550 Kal
720 1524 826 1559 ἤνοιξεν
838 1525 904 1559 ἡμῖν

962 293 1023 321 dem
1037 295 1125 326 asino,
1140 297 1230 322 ntinus
1244 301 1334 323 autem
1352 298 1437 328 mulo.
1453 303 1479 325 et
1491 307 1590 327 nomen
1603 302 1662 334 ejus
1675 301 1747 328 Elm-

960 346 1052 373 parac.
1073 340 1104 366 Et
1120 340 1188 367 dixit
1212 342 1298 368 mihi:
1321 342 1446 370 Aseendc
1465 344 1528 377 hoc,
1553 349 1581 372 et
1594 347 1682 380 equits
1699 355 1746 374 ns-

959 392 1013 418 que
1036 385 1070 411 ad
1086 385 1197 412 domum
1212 393 1345 414 sanctam.
1364 388 1488 423 Cumque
1508 397 1632 417 curarem
1649 399 1740 418 ascen-

960 431 1036 462 dere,
1056 431 1161 466 aufugit
1173 433 1336 466 iumentum.
1354 434 1478 469 Dixitque
1490 434 1530 462 ei:
1547 435 1594 462 Sta
1612 436 1743 469 firmiter;

961 476 1130 504 Mabometus
1145 479 1218 504 enim
1232 483 1284 509 est,
1301 480 1345 513 qui
1359 481 1417 506 vult
1435 485 1460 507 te
1476 481 1637 508 ascendere.
1654 483 1686 508 Et
1701 491 1744 509 re-

963 523 1073 556 spondit
1083 524 1258 558 jumetttunt:
1275 525 1412 559 Numquid
1428 534 1477 560 pro
1491 534 1523 553 eo
1537 528 1648 554 tnissutn
1663 529 1745 555 sum?

961 568 1111 602 Respondit
1135 568 1265 596 Gabriel:
1293 570 1402 604 Utique.
1431 572 1463 598 Et
1479 571 1547 598 dixit
1568 573 1741 608 jnmentutu:

958 613 1015 639 Non
1028 614 1186 648 pertuitlam
1199 622 1259 641 eum
1272 617 1432 648 ascendere,
1449 618 1500 644 nisi
1516 619 1591 652 prius
1606 622 1742 653 rogaverit

960 655 1042 683 Deum
1058 664 1108 690 pro
1123 665 1176 684 me.
1205 658 1260 692 ligo
1276 664 1366 685 autem
1383 660 1526 687 intercessi
1552 669 1601 695 pro
1616 663 1742 697 jutnento

959 702 1032 736 apud
1043 702 1129 729 Deum
1142 711 1243 736 meum,
1258 705 1424 740 ascendique
1435 705 1534 740 ipsum,
1546 712 1573 734 et
1584 707 1743 734 ambulabat

958 755 1001 775 me
1018 749 1157 776 insidente
1177 751 1251 776 tenui
1267 758 1372 785 gressu,
1386 752 1592 787 collocabatque
1609 754 1741 789 ungulam

958 793 1037 827 pedis
1053 795 1081 821 in
1097 795 1238 822 borizonte
1254 796 1328 823 visus
1343 797 1395 823 sui.
1411 797 1445 823 Et
1458 797 1497 824 sic
1511 798 1573 824 veni
1587 799 1614 825 in
1630 799 1741 825 domum

958 844 1079 866 sanetam
1105 840 1132 867 in
1159 840 1259 868 minori
1287 842 1385 875 spatio,
1412 851 1492 876 quant
1518 848 1651 877 quantum
1669 845 1742 872 oeuli

959 884 1030 912 ictus
1047 885 1140 920 perﬁci
1155 892 1256 920 posset.
1275 886 1337 913 Erat
1352 892 1442 914 autem
1463 887 1571 915 Gabriel
1589 897 1695 916 mecum
1712 896 1741 917 et

924 917 943 944 Β
958 929 1038 956 duxit
1054 938 1096 957 me
1114 930 1146 957 ad
1173 939 1270 965 rupem
1286 932 1312 958 in
1332 931 1413 959 domo
1427 937 1521 960 sancta
1537 934 1698 966 Jerusalem,
1715 939 1743 961 ct

958 974 1027 1002 dixit
1040 974 1107 1001 mihi
1117 974 1237 1003 Gabriel:
1249 975 1400 1009 Descende,
1412 978 1541 1012 quoniam
1556 979 1590 1006 ab
1604 980 1654 1007 huc
1663 985 1741 1014 petra

958 1021 1089 1048 ascemles
1106 1021 1132 1047 in
1149 1021 1261 1048 cadum.
1277 1022 1308 1049 Et
1321 1021 1461 1051 descendi.
1480 1024 1512 1050 Et
1523 1024 1630 1052 Gabriel
1644 1026 1676 1052 ad
1695 1034 1742 1052 rn-

958 1073 1019 1101 pem
1042 1066 1197 1100 jumentum
1219 1067 1360 1102 Elmparac
1389 1076 1450 1096 eum
1466 1070 1572 1105 cingulo
1595 1071 1697 1105 ligavit,
1715 1077 1742 1098 et

958 1112 1076 1146 portavit
1089 1119 1131 1139 me
1146 1112 1172 1139 in
1189 1113 1312 1140 humeris
1325 1114 1382 1141 suis
1393 1122 1480 1149 usque
1491 1116 1523 1142 ad
1536 1117 1647 1144 coelum.
1659 1117 1743 1143 Cum-

957 1165 1011 1192 que
1036 1158 1207 1186 venissemus
1234 1159 1267 1186 ad
1286 1160 1397 1193 cwlum,
1424 1161 1541 1195 pulsavit
1554 1162 1664 1197 januam
1690 1163 1743 1190 Ga-

957 1202 1037 1230 briel.
1063 1202 1226 1238 Dictumque
1239 1203 1290 1230 fuit
1303 1204 1346 1231 ei:
1361 1204 1428 1237 Quis
1442 1205 1491 1232 es?
1507 1205 1669 1240 Respondit,
1684 1207 1741 1240 Ego

957 1257 1017 1277 sum
1031 1249 1151 1276 Gabriel.
1167 1249 1331 1284 Dictumque
1347 1249 1399 1277 fuit
1412 1258 1510 1277 rursus
1524 1251 1566 1278 ei:
1581 1251 1614 1278 Et
1630 1252 1690 1286 quis
1701 1257 1743 1279 est

959 1294 1065 1321 tecum?
1076 1294 1235 1328 Respondit,
1249 1293 1428 1322 Mahometus.
1442 1295 1514 1322 Dixit
1524 1300 1613 1322 autent
1625 1296 1741 1329 janitor:

955 1339 1096 1373 Numquid
1121 1346 1171 1374 pro
1192 1347 1225 1366 eo
1242 1339 1340 1366 missus
1357 1340 1452 1367 fuisti?
1474 1340 1507 1367 Et
1531 1340 1601 1367 dixit
1620 1341 1739 1372 Gabriel.

958 1384 1055 1412 Etiam.
1073 1384 1107 1411 Et
1121 1385 1228 1418 aperuit
1244 1384 1324 1412 nobis
1335 1385 1458 1420 jattuam.
1474 1385 1508 1412 Et
1520 1386 1573 1413 vidi
1587 1391 1681 1419 gentes
1696 1395 1743 1413 au-

959 1430 1093 1464 gelorum,
1113 1433 1142 1456 et
1156 1430 1199 1457 bis
1214 1429 1326 1457 ﬂectens
1343 1438 1392 1465 pro
1407 1431 1446 1457 eis
1461 1439 1559 1465 genua,
1579 1432 1663 1458 effudi
1681 1440 1743 1458 ora-

957 1475 1070 1502 tionem.
1086 1475 1118 1501 Et
1133 1479 1194 1509 post
1213 1475 1271 1502 lta’c
1283 1476 1356 1510 cepit
1372 1483 1415 1503 tne
1428 1475 1547 1507 Gabriel,
1562 1481 1590 1503 et
1604 1476 1682 1503 duxit
1698 1484 1741 1503 me

959 1519 992 1546 ad
1019 1519 1169 1546 secundum
1186 1519 1296 1547 corium.
1319 1520 1386 1546 Erat
1401 1525 1492 1546 autent
1510 1519 1628 1554 spatium
1644 1521 1741 1547 horum

119 1566 167 1599 τὴν
180 1566 277 1601 πύλην.
300 1568 352 1593 Kal
367 1565 436 1594 εἶδον
448 1568 512 1603 ἔθνη
529 1568 662 1602 ἀγγέλωνσ
681 1570 728 1595 καὶ
739 1570 779 1601 δὶς
796 1570 905 1606 κάμψας

960 1565 1075 1592 duorum
1091 1565 1223 1591 cmlorum
1242 1564 1294 1592 iter
1309 1565 1520 1600 quingentorum
1537 1574 1684 1593 annorum.
1707 1566 1741 1593 Et

119 1611 188 1646 ὑπὲρ
214 1612 303 1639 αὐτῶν
326 1615 361 1640 τὰ
389 1614 502 1647 γόνατα,
526 1614 634 1649 ἐξέχεαν
656 1617 824 1651 προσευχήν.
852 1618 907 1644 Καὶ

120 1658 188 1690 μετὰ
203 1659 291 1686 ταῦτα
310 1660 390 1687 ἕλαὸἐ
404 1669 438 1693 με
449 1661 462 1687 ὁ
477 1661 608 1696 Γαϐριὴλ,
625 1664 672 1689 καὶ
685 1663 772 1698 ἤγαγέ
785 1672 819 1698 με
839 1665 907 1699 πρὸς

117 1705 162 1730 τὶν
182 1705 307 1738 δεύτερον
318 1707 446 1741 οὐρανόν.
461 1705 516 1734 Ἦν
538 1708 566 1733 δὲ
592 1709 622 1734 τὸ
636 1708 772 1743 διάστημα
785 1710 838 1735 τῶν
861 1710 907 1736 δύο

116 1747 220 1775 τούτων
239 1749 362 1784 οὐρανῶν
376 1751 435 1782 ὁδὸς
450 1752 635 1778 πεντακοσίων
647 1753 725 1780 ὲτῶν.
742 1754 796 1779 Kal
812 1753 905 1789 ὥσπερ

118 1795 227 1828 πρῶτον
242 1795 325 1830 ἔκοψε
351 1797 401 1830 τὴν
419 1797 515 1832 θύραν,
543 1799 590 1825 καὶ
621 1799 768 1833 ἀπόκρισις
796 1798 906 1833 γέγονεν

117 1841 192 1875 αὐτῷ
216 1841 286 1868 κατὰ
311 1842 400 1869 πάντα
433 1843 513 1877 ὁμοία
543 1844 623 1879 μέχρι
648 1845 694 1870 καὶ
716 1845 762 1870 τοῦ
791 1844 906 1879 ἑὸδόμου

115 1884 243 1919 οὒρανοῦ,
275 1885 319 1911 Ἐν
347 1882 370 1919 ᾧ
394 1886 500 1921 ἑϐδόμῳ
535 1887 642 1922 οὐρανῷ
670 1887 816 1922 διαγράφει
844 1889 906 1915 ἰδεῖν

115 1928 179 1955 λαὸν
193 1929 328 1962 ἀγγέλων.
346 1930 382 1957 Τὸ
394 1931 481 1965 μῆκος
498 1931 557 1961 ἑνὸς
584 1932 698 1959 ἑκάστου
726 1933 843 1967 ἀγγέλου
872 1931 907 1969 ἦν

115 1974 163 2000 τοῦ
179 1975 281 2010 κόσμου
293 1976 423 2007 πολλάκις
438 1976 632 2011 χιλιοπλάσιον,
653 1975 691 2005 ὧν
704 1976 761 2014 εἷχέ
771 1988 813 2010 τις
825 1980 906 2006 ἑπτα-

116 2019 212 2051 κοσίας
234 2020 356 2055 χιλιάδας
384 2022 515 2055 κεφαλὰς,
546 2023 593 2049 καὶ
617 2023 647 2049 ὲν
676 2024 780 2060 ἑκάστῃ
801 2024 905 2060 κεφαλῇ

116 2067 285 2098 ἑπτακοσίας
303 2067 439 2103 μυριάδας
455 2068 588 2102 στόματα,
605 2070 651 2096 καὶ
676 2071 705 2096 ὲν
718 2070 824 2104 ἑκάστῳ
847 2071 907 2096 στό-

119 2121 187 2146 ματι
200 2112 287 2147 χιλίας
304 2114 470 2145 ἑπτακοσίας
486 2114 622 2148 γλώσσας,
639 2115 765 2147 αἰνούσας
782 2116 828 2143 τὸν
840 2116 906 2143 Θεὸν

115 2159 293 2190 ἑπτακοσίοις
322 2159 462 2194 μυριάδων
476 2160 614 2195 ίδιώμισι.
645 2161 696 2188 Kal
724 2161 907 2197 προσέὸλεψεν

117 2205 167 2230 ἕνα
179 2204 234 2230 τῶν
245 2204 368 2238 ἀγγέλων
395 2204 556 2241 θρηνοῦντα.
576 2207 631 2233 Kal
647 2207 763 2242 ἐζήτησε
785 2208 835 2242 τὴν
863 2209 905 2234 al-

958 1618 1040 1645 quam
1059 1610 1175 1644 prituunt
1192 1610 1310 1644 pulsavit
1324 1611 1444 1645 januatn,
1461 1611 1603 1646 responsio
1616 1611 1686 1638 facta
1699 1618 1742 1639 est

957 1655 982 1682 ei
996 1655 1145 1682 secundum
1161 1654 1255 1681 omnia
1271 1655 1368 1682 similis
1382 1662 1467 1689 usque
1480 1655 1514 1682 ad
1527 1656 1672 1691 septimum
1684 1664 1741 1684 me

957 1699 1025 1727 lum.
1042 1700 1069 1726 In
1083 1706 1138 1734 quo
1156 1699 1272 1733 septimo
1295 1699 1364 1727 ccelo
1379 1699 1511 1728 describit
1526 1708 1554 1728 se
1568 1700 1668 1728 vidisse
1691 1709 1741 1736 po~

955 1743 1052 1775 pulum
1076 1743 1245 1778 angelorum.
1260 1743 1404 1772 Prolixitas
1421 1745 1636 1781 uniuscujusque
1652 1754 1712 1781 augt
1723 1747 1740 1773 li

958 1790 1044 1818 multo
1063 1790 1164 1818 millies
1180 1791 1282 1818 mundo
1297 1791 1385 1826 major
1402 1796 1471 1824 erat,
1490 1799 1607 1825 quorum
1625 1791 1741 1826 quisque

958 1839 1073 1866 habebat
1087 1839 1257 1874 septuaginta
1273 1839 1358 1866 millia
1382 1840 1513 1874 capitum,
1529 1845 1557 1867 et
1573 1841 1599 1866 in
1618 1840 1741 1874 quolibet

957 1884 1047 1918 capite
1071 1884 1243 1919 septingenta
1268 1883 1353 1911 millia
1377 1891 1436 1917 ora,
1460 1890 1487 1911 et
1510 1885 1536 1911 in
1553 1885 1676 1919 quolibet
1692 1893 1741 1912 ore

957 1929 1030 1956 mille
1045 1929 1232 1964 septingeutas
1249 1929 1366 1964 linguas,
1382 1930 1524 1957 laudantes
1537 1930 1622 1957 Deum
1637 1930 1741 1965 septin-

956 1974 1045 2009 gentis
1061 1974 1184 2002 millibus
1199 1973 1385 2001 idiomatibus.
1405 1974 1441 2003 Et
1459 1975 1565 2010 aspexit
1590 1982 1673 2001 unutn
1689 1983 1739 2008 an:

957 2019 1078 2053 gelorum
1104 2019 1224 2044 lleutetn.
1252 2018 1282 2046 Et
1299 2019 1425 2053 quaesivit
1450 2026 1559 2046 causam
1576 2018 1656 2046 ﬂetus
1668 2019 1738 2054 ejus.

958 2064 992 2090 Et
1011 2063 1161 2098 respondit,
1179 2071 1208 2091 se
1222 2069 1364 2098 peceatum
1378 2071 1448 2091 esse.
1465 2064 1524 2099 ipse
1543 2070 1633 2092 autem
1654 2065 1741 2091 oravit

957 2116 1007 2143 pro
1023 2116 1066 2136 eo.
1095 2109 1205 2143 Sicque,
1231 2108 1331 2142 inquit,
1355 2108 1464 2136 Gabriel
1479 2110 1680 2137 commendavit
1695 2117 1739 2137 me

957 2154 1036 2181 alteri
1048 2154 1155 2188 angelo,
1172 2158 1199 2180 et
1212 2154 1256 2180 ille
1269 2154 1315 2181 alii
1329 2174 1335 2186 ,
1348 2160 1376 2181 et
1391 2155 1430 2182 sic
1443 2154 1583 2189 deinceps,
1597 2162 1739 2190 quousque

957 2200 1021 2227 steti
1046 2207 1138 2227 coram
1156 2200 1212 2227 Deo
1242 2205 1270 2227 et
1294 2200 1422 2227 tribunali
1447 2201 1515 2235 ejus.
1541 2201 1576 2228 Et
1594 2201 1682 2235 tetigit
1698 2208 1742 2228 me

115 2242 236 2281 τίανίτυῢ
252 2250 349 2286 θρήνου
366 2251 458 2277 αὑτοῦ,
468 2251 522 2278 Kal
531 2251 664 2286 ἀπεκρίθη
676 2252 811 2287 ἁμαρτίαν
826 2250 904 2281 εἶναι.

959 2246 1031 2272 Deus
1045 2253 1125 2271 manu
1156 2252 1204 2272 sua
1231 2244 1300 2272 inter
1318 2245 1457 2278 humeros,
1475 2253 1560 2280 usque
1576 2246 1645 2272 adeo
1664 2250 1693 2272 ut
1705 2245 1739 2272 ad

115 2297 204 2326 Αὐτὸς
234 2295 262 2322 δὲ
292 2296 388 2331 ἐδεήθη
418 2297 489 2332 ὑπὲρ
513 2297 605 2324 αὑτοῦ.
627 2297 706 2324 Οὕτω
732 2306 762 2324 τι
777 2318 785 2331 ,
810 2298 904 2333 φησιν,

115 2341 130 2365 ὀ
149 2339 269 2374 Γαϐριὴλ
296 2340 431 2375 παρέθετό
461 2349 495 2375 με
527 2341 635 2376 ἀγγέλῳ
659 2341 756 2376 ἑτέρῳ,
781 2343 906 2373 κάκεῖνος

115 2385 270 2420 ἄλλῳμκαὶ
283 2385 369 2417 οὕτως
390 2386 499 2422 ἑφεξῆς,
518 2386 613 2421 μέχρις
629 2386 709 2421 ἔστην
729 2387 844 2424 ἐνώπιον
857 2387 904 2413 τοῦ

114 2431 186 2457 Θεοῦ
201 2431 307 2458 καὶτοῦ
323 2431 445 2467 βήματος
462 2432 556 2460 αὑτοῦ.
575 2432 629 2458 Kal
641 2433 729 2468 ἣψατό
746 2441 796 2466 μου
808 2435 821 2459 ὁ
840 2434 904 2464 θεὸς

113 2478 151 2511 τῇ
166 2477 235 2511 χειρὶ
251 2478 332 2504 αὐτοῦ
347 2479 376 2504 ἐν
389 2479 465 2512 μέσῳ
478 2478 532 2504 τῶν
545 2477 639 2512 ὤμων,
657 2478 708 2509 ἓως
731 2476 761 2505 οὗ
774 2479 789 2512 ή
805 2478 905 2513 ψυχρό-

114 2529 165 2554 της
178 2516 226 2555 τῆς
243 2520 334 2556 χειρὸς
350 2521 433 2548 αὑτοῦ
450 2521 540 2557 διῆλθε
556 2521 639 2557 μέχρι
654 2521 701 2548 τοῦ
729 2522 828 2557 μυελοῦ
855 2522 903 2556 τῆς

111 2566 220 2600 ῥάχεως
239 2565 286 2592 τοῦ
302 2566 399 2593 νώτου.
421 2567 476 2593 Kal
492 2565 553 2593 εῐπέ
574 2575 618 2601 μοι
638 2568 651 2593 ὁ
667 2567 742 2599 Θεὸς,
767 2566 904 2602 Ἐπέϐηκα

107 2611 156 2636 σοὶ
168 2611 215 2638 καὶ
224 2611 263 2645 τῷ
286 2611 342 2645 λαῷ
362 2620 409 2638 σου
421 2611 513 2646 εὐχάς.
530 2612 688 2638 Καταὸάντι
715 2612 743 2638 δέ
761 2621 807 2647 μοι
834 2614 903 2647 πρὸς

108 2655 160 2681 τὸν
176 2656 306 2690 τέταρτον
328 2657 442 2691 οὐρανὲν
454 2657 663 2683 συνεὸούλευσεν
675 2659 688 2683 ὁ
707 2660 719 2683 .\
734 2658 824 2692 ωὓσῆς
837 2659 903 2684 ἑπα-

108 2702 219 2728 νελϋεῖν
234 2702 301 2737 πρὸς
316 2703 348 2729 τὸ
370 2703 499 2737 κουφίσαι
514 2704 558 2729 τὴν
571 2703 644 2736 λαὸν,
664 2704 700 2738 μὴ
717 2703 782 2730 ὄντα
791 2704 903 2731 δυνατὸν

107 2748 240 2782 ἐξαρκεῖν
255 2748 401 2781 τοσαύταις
418 2749 520 2784 εὐχαῖς.
548 2748 600 2775 Καὶ
612 2750 645 2784 τῇ
666 2750 761 2785 πρώτῃ
775 2749 900 2785 ὲπανόδῳ

107 2793 212 2820 ἔλαϐον
223 2794 315 2821 ἄνεσιν
333 2795 388 2821 ἀπὸ
415 2795 482 2821 δέκα
509 2796 589 2830 μέχρι
617 2796 664 2822 καὶ
696 2796 745 2830 τῆς
768 2796 901 2830 τετάρτης

107 2839 260 2865 ἐτανόδου·
273 2839 318 2865 καὶ
329 2840 362 2873 τῇ
377 2839 489 2876 πέμπτῃ
505 2839 626 2874 ἐπανόδῳ
651 2839 777 2866 τοσοῦτον
799 2840 838 2870 είς
871 2840 902 2866 τὺ

108 2885 228 2911 ἔλαττον
240 2881 321 2919 ἦλθεν
333 2884 346 2910 ὁ
357 2885 530 2920 ἀριομδςτῶν
543 2885 686 2920 εὐχῶν,ὡς
696 2885 788 2921 ὀλίγας
803 2886 900 2912 ἐναπο-

956 2291 1103 2318 medullam
1129 2290 1213 2325 spina:
1239 2290 1313 2317 dersi
1338 2291 1391 2317 mei
1408 2291 1545 2325 frigiditas
1567 2299 1665 2318 manus
1680 2291 1740 2326 ejus

955 2337 1144 2372 pertransiret.
1171 2336 1204 2363 Et
1229 2336 1298 2363 dixit
1321 2336 1388 2363 mihi
1407 2336 1496 2363 Deus:
1514 2336 1633 2372 ltnposui
1649 2337 1696 2364 tibi
1711 2341 1740 2364 et

957 2383 1029 2418 plebi
1042 2387 1094 2409 tua:
1103 2382 1252 2409 orationes.
1264 2383 1387 2416 Cumque
1398 2381 1601 2409 descendissem
1613 2382 1646 2409 ad
1658 2390 1740 2417 quar-

957 2432 1014 2454 tunt
1033 2429 1144 2459 caelum,
1164 2427 1304 2455 consuluit
1321 2427 1386 2454 inihi
1402 2427 1518 2462 Moyses,
1542 2434 1573 2455 ut
1587 2435 1740 2457 reverterer

956 2475 989 2501 ad
1004 2473 1149 2502 levandum
1165 2473 1305 2508 populum,
1321 2473 1369 2507 qui
1385 2477 1424 2500 tot
1438 2473 1579 2501 orationes
1593 2474 1665 2501 ferre
1683 2483 1737 2501 non

955 2524 1073 2556 poterat.
1093 2519 1127 2546 Et
1149 2519 1237 2554 primo
1264 2519 1355 2546 reditu
1379 2518 1487 2546 obtinui
1512 2520 1701 2546 remissionem
1723 2528 1739 2546 a

954 2567 1048 2594 decem
1066 2572 1152 2600 usque
1164 2565 1197 2592 ad
1213 2569 1349 2600 quartam,
1363 2569 1392 2592 et
1405 2573 1421 2592 a
1435 2571 1532 2600 quarto
1549 2565 1637 2592 reditu
1651 2573 1737 2599 usque

955 2612 988 2639 ad
1013 2612 1170 2645 septimum.
1188 2611 1223 2637 Et
1249 2610 1277 2637 in
1302 2610 1356 2637 line
1375 2615 1479 2638 tantum
1504 2611 1531 2637 in
1548 2611 1637 2638 minus
1662 2611 1737 2637 venit

954 2665 1087 2684 numerus
1102 2657 1270 2688 orationum,
1295 2661 1325 2683 ut
1340 2664 1433 2691 paucae
1452 2661 1636 2683 remanerent.
1651 2655 1735 2682 Cum-

954 2710 1007 2738 que
1031 2703 1135 2730 diceret
1154 2702 1276 2737 Moyses:
1302 2702 1357 2730 Nec
1381 2703 1433 2729 hoc
1448 2704 1579 2737 poterunt
1595 2701 1666 2728 ferre
1684 2701 1736 2727 lio-

954 2749 1053 2781 mines,
1071 2755 1121 2784 ego
1133 2756 1189 2783 pra:
1200 2748 1360 2777 confusione
1376 2747 1587 2780 verecundatus,
1605 2746 1677 2781 quod
1694 2752 1736 2773 to-

954 2795 1007 2821 ties
1020 2794 1203 2826 ascenderim,
1219 2794 1294 2821 nolui
1311 2795 1371 2829 plus
1385 2794 1545 2824 aseendere,
1562 2793 1608 2820 sed
1624 2793 1735 2820 rediens

953 2839 986 2867 ad
1001 2839 1157 2876 Elmparac,
1175 2839 1297 2874 equitavi
1312 2839 1481 2866 descendens
1498 2839 1525 2866 in
1546 2838 1657 2865 domum
1679 2837 1735 2864 Me.

953 2885 1021 2914 clm.
1043 2885 1145 2913 llorum
1171 2890 1263 2912 autem
1290 2885 1411 2913 omnium
1439 2889 1546 2919 tempus
1570 2883 1661 2910 minus
1683 2881 1732 2910 fuit
