1942 3090
186 178 254 212 1123
804 175 994 213 DEMETRII

1015 175 1169 205 CYDONll
1738 174 1806 207 ιιει

181 245 262 274 quam
275 236 379 264 decima
391 242 455 271 pars
471 235 569 262 noctis.
583 233 702 262 Visiouis
716 236 806 259 autem
816 231 899 266 hujus
906 231 967 265 plus

1021 231 1120 265 μεῖναι.
1135 229 1265 262 Εἰπόντος
1278 229 1307 256 δὲ
1323 229 1370 256 τοῦ
1385 229 1506 261 Μωσέως
1523 229 1590 264 μηδὲ
1615 229 1741 257 τοσοῦτον
1757 230 1805 258 δυ-

180 289 224 313 est
235 284 307 319 quod
324 283 490 315 dimisimus,
505 289 586 317 quant
602 280 674 315 quod
687 279 868 306 narravimus.
880 277 962 305 Cum-

181 339 235 366 que
253 333 392 357 narrasset
403 328 574 355 Mahometus
588 326 725 353 universis
739 324 876 360 gentibus,
890 323 964 350 mille

181 376 305 404 homines
320 382 336 402 a
352 375 412 409 lege
428 377 611 401 recesserunt.
629 371 789 398 Dicentibus
804 375 894 396 autent
910 369 965 396 illis

183 423 226 450 ei:
240 420 364 448 Ascende
378 420 411 447 de
428 419 472 446 die
494 419 522 445 in
537 418 648 449 malum,
669 421 698 443 ut
715 423 766 443 nos
785 415 964 450 aspiciamus,

182 472 211 495 et
235 466 376 494 vidi-amns
406 465 551 492 obviantes
577 463 625 490 tibi
658 462 780 497 angelos,
807 468 862 487 non
888 467 966 486 reco-

188 513 283 547 gnovit
306 510 437 546 suiipsius
452 509 635 541 mendacium,
651 507 698 535 sed
722 507 787 534 dixit
800 515 806 533 ι
819 506 892 532 Laus
908 504 963 532 Deo

184 565 254 584 meo.
270 556 409 591 Numquid
419 555 492 582 aliud
508 554 644 588 quoddam
661 561 720 580 sum
737 559 787 586 ego
801 558 881 585 quam
895 556 967 576 unus

184 603 337 633 hominum,
362 606 389 629 et
406 600 567 635 apostolus?
590 600 635 626 Sic
659 599 685 624 in
703 596 823 632 capitulo
848 594 966 630 prophe-

183 654 271 675 tarum
298 652 391 674 narrat
416 647 449 674 de
485 647 527 673 his
554 645 600 679 qui
618 644 775 679 quaerebant
794 642 827 669 ab
853 649 886 669 eo
907 641 965 668 fieri

184 691 329 722 miracula.
355 690 449 724 sicque
475 689 604 716 dixerunt
629 688 800 715 Mahometo:
830 685 966 714 Audivisti

182 736 330 769 insomnia,
356 735 540 770 blaspltemias
555 733 738 768 congregasti,
752 732 794 759 vel
812 731 884 758 forte
900 738 967 763 poe-

184 783 237 809 tice
254 782 385 817 loqueris.
411 780 478 809 Veni
492 781 526 807 ad
543 787 592 807 nos
608 779 641 806 ad
659 779 749 805 minus
772 777 798 804 in
815 783 870 804 uno
885 775 967 803 mira-

184 828 257 857 culo.
276 835 331 862 quo
349 826 429 853 modo
446 825 521 853 missi
538 829 602 852 sunt
616 828 643 851 et
662 824 777 858 priores.
794 821 965 856 Respondit:

184 871 377 899 Subvertimus
389 871 470 906 (dixit.
482 869 565 903 Deus)
583 868 665 894 urbes
680 874 772 894 coram
787 874 839 893 non
851 866 967 893 creden-

1016 275 1147 311 νήσεσθαι
1161 275 1207 302 τὸν
1220 275 1294 307 λαὸν,
1322 275 1375 309 ἐγὼ
1394 274 1549 310 αἰσχυνθεὶς
1580 274 1617 306 ὡς
1638 275 1804 306 τοσαυτάκις

1015 322 1128 354 ἀναόἁς,
1144 323 1195 348 οὐκ
1207 322 1307 356 ἀνέδην
1332 321 1425 348 πλέον·
1441 321 1498 347 ἀλλ’
1514 320 1601 346 ἐλθὼν
1615 322 1655 352 εἰς
1666 320 1697 347 τὺ
1722 320 1804 355 Ἐλμ-

1015 367 1120 402 παρὰκ,
1134 368 1248 402 ἧλαυνον
1274 365 1394 394 ἐπανιὼν
1418 366 1458 397 είς
1480 366 1525 392 τὸν
1539 363 1614 393 οἶκον
1644 366 1690 393 toﬁ
1715 366 1802 394 Μεκέ.

1015 413 1124 440 Τούτων
1140 413 1169 440 δὲ
1181 413 1292 440 πάντων
1305 413 1400 448 χρόνος
1414 412 1533 439 ἐλάττων
1545 412 1562 446 ἢ
1576 412 1608 438 τδ
1620 412 1732 438 δέκατον
1753 413 1805 448 μὲ-

1017 467 1063 494 ρος
1077 458 1126 493 τῆς
1140 458 1248 490 νυκτός.
1261 458 1317 493 Τῆς
1331 458 1359 484 δὲ
1375 457 1489 492 Θεωρίας
1501 457 1603 491 ταύτης
1618 458 1699 484 πλέον
1722 458 1737 484 ὃ
1753 467 1806 484 πα-

1018 505 1177 539 ρελίπομεν,
1191 504 1207 539 ἢ
1220 504 1234 531 δ
1256 503 1457 539 διηγησάμεθα,
1485 503 1568 538 φησιν
1584 504 1598 529 ό
1617 503 1805 537 συγγραφεύς.

1017 549 1126 585 Ταύτην
1140 549 1169 575 δὲ
1184 551 1232 584 τὴν
1242 549 1359 583 θεωρίαν
1371 549 1574 584 διηγησαμένου
1605 547 1653 575 τοῦ
1682 548 1806 583 Μωάμεί)

1017 596 1099 622 παντὶ
1116 595 1155 629 τῷ
1164 595 1230 630 λαῷ,
1246 594 1405 630 ἀπέστησαν
1428 594 1475 620 τοῦ
1489 596 1572 629 νόμου
1590 594 1671 621 αὑτοῦ
1682 594 1802 629 χιλιάδες

1017 639 1180 675 ἀνθρώπων.
1223 640 1361 666 Είπῧντων
1388 639 1411 666 δ’
1427 639 1539 666 ἐκείνων
1569 639 1655 674 αὐτῷ,
1675 640 1807 674 Ἀνάὸηθι

1017 685 1125 719 ἡμέρας
1141 684 1180 715 είς
1203 684 1249 710 τὸν
1263 683 1390 717 οὐρανὸν,
1413 683 1540 718 ὁρώντων
1554 684 1644 718 ἡμῶν,
1661 684 1709 710 καὶ
1741 684 1806 710 tam.

1019 738 1068 765 μεν
1085 730 1148 759 τοὺς
1164 729 1352 760 συναντῶντάς
1374 737 1414 755 σοι
1425 729 1566 763 ἀγγέλους·
1582 729 1632 755 οὐκ
1648 730 1756 764 ἐπέγνω
1778 731 1809 756 τδ

1018 774 1114 801 ἑαυτοῦ
1128 773 1237 809 ψεῦδος,
1250 774 1307 800 ἀλλ’
1322 772 1409 800 εἶπεν·
1427 774 1535 805 Αἴνεσις
1551 774 1590 809 τῷ
1607 774 1666 809 8εῴ
1682 783 1746 809 μου.
1761 776 1808 810 Μὴ

1018 819 1082 846 ἄλλο
1104 828 1132 846 τι
1147 820 1204 854 εἰμὶ
1229 819 1284 852 ὲγὼ
1300 820 1316 854 ἢ
1335 818 1375 850 εἷς
1387 819 1441 846 τῶν
1458 819 1608 855 ἀνθρώπων
1629 821 1676 846 καὶ
1691 820 1811 846 ἀπόστι-

1018 865 1078 899 λος;
1094 865 1187 896 Οὕτως
1206 865 1234 891 ἐν
1247 864 1287 900 τῷ
1300 865 1438 899 κεφαλαίῳ
1450 864 1504 891 τῶν
1517 865 1663 901 προφητῶν
1674 865 1812 901 διηγεῖται

184 917 267 950 tibus,
284 916 418 952 numquid
430 916 457 943 hi
475 915 604 942 credent?
623 919 652 941 et
663 912 799 948 quomodo
810 914 967 946 exspectant

1023 911 1149 946 περὶτῶν
1166 911 1320 946 ζητούντων
1352 911 1479 944 γενέσθαι
1507 913 1573 948 παρ’
1587 911 1670 938 αὑτοῦ
1688 913 1806 946 σημεῖα.

183 963 219 990 ab
243 970 276 990 eo
297 962 450 989 miracula?
464 961 498 988 Et
515 960 656 995 respondit
676 959 733 986 eis:
758 957 893 991 Quoniam
916 957 964 991 qui

1021 953 1100 981 Εἶπον
1117 954 1184 989 πρὸς
1201 956 1246 981 τὸν
1258 953 1392 988 Μωάμεϐ·
1420 955 1557 987 Ἤκουσας
1575 955 1697 988 ἐνύπνια,
1725 955 1812 990 βλασ-

183 1012 380 1043 pmcesserunt
407 1015 466 1039 vos,
492 1014 546 1033 non
572 1004 748 1033 crediderunt
771 1003 919 1034 miraculis,
937 1006 966 1029 et

1021 1001 1123 1035 φημίας
1139 1001 1301 1035 συνήγαγες,
1317 1001 1334 1036 ἦ
1351 1000 1415 1032 ἴσως
1429 1001 1576 1036 ποιητικῶς
1593 1001 1711 1036 φθέγγῃ.
1731 1001 1812 1027 Ἐλοὲ

182 1061 272 1088 neque
282 1061 329 1080 vos
337 1053 419 1081 etiam
428 1051 567 1079 miraculis
575 1050 736 1081 crederetis,
744 1048 795 1075 nisi
803 1055 851 1082 per
859 1054 964 1074 ensem.

1021 1047 1086 1080 πρὸς
1102 1045 1180 1080 ἡμῶν
1200 1045 1376 1080 τούλάχιστον
1402 1046 1432 1072 ιν
1446 1047 1486 1073 ἐνὶ
1502 1046 1632 1082 θαύματι,
1664 1048 1694 1073 ὃν
1707 1048 1811 1082 τρόπον

182 1099 373 1133 ἀπεστάλησαν
384 1098 431 1125 καὶ
446 1098 470 1124 οἱ
503 1097 644 1132 πρότερον.
670 1093 871 1129 ’Δποκρίνεται-
895 1091 1096 1127 Ἀνετρέψαμεν
1123 1091 1234 1126 (ἔφησεν
1249 1093 1263 1118 ὸ
1290 1092 1366 1126 Θεὸς)
1383 1093 1431 1123 τὰς
1456 1093 1547 1125 πόλεις
1573 1094 1727 1128 ἔμπροσθεν
1756 1095 1812 1121 τῶν

184 1146 221 1180 μὴ
237 1145 431 1171 πιστευόντων*
462 1143 500 1179 μὴ
531 1140 603 1170 οὗτοι
629 1142 821 1172 πιστεύσουσι,
853 1139 908 1166 Καὶ
927 1137 984 1169 πῶς
1003 1137 1168 1173 ἀναμενοῦσι
1202 1137 1267 1173 παρ’
1280 1138 1362 1165 αὐτοῦ
1374 1139 1408 1165 τά
1425 1139 1568 1174 Θαύματα;
1607 1141 1812 1176 Ἀπιικρινείται

182 1191 285 1223 αὐτοῖς,
296 1191 336 1217 ὅτι
349 1191 380 1217 Ol
405 1190 457 1225 πρὸ
472 1189 550 1224 ἡμῶν
566 1190 616 1230 οὐκ
639 1188 803 1214 ἐπίστευσαν
821 1185 968 1220 θαύμασιν,
986 1184 1048 1211 οὔτε
1067 1185 1219 1218 πιστεύετε,
1231 1186 1254 1212 εί
1279 1186 1317 1220 μὴ
1333 1186 1377 1212 διὰ
1394 1186 1497 1220 ξίφους.

496 1249 649 1285 Responsio.

218 1308 318 1336 Audite
337 1308 432 1343 igitur,
446 1306 639 1338 Maltometani,
658 1305 681 1332 si
696 1305 858 1332 Alcoranum
872 1310 966 1331 verum

183 1353 360 1382 elistimatis.
374 1353 434 1388 lpse
451 1353 524 1380 enim
540 1351 711 1378 Mahometus
723 1355 776 1384 est,
791 1350 836 1385 qui
852 1349 969 1377 allirmat

185 1397 292 1423 nullum
310 1395 471 1422 miraculum
488 1402 517 1422 se
534 1394 643 1422 fecisse.
658 1394 749 1429 Longe
764 1399 855 1421 autem
877 1394 968 1428 plures

184 1441 297 1468 fuerunt
320 1447 389 1475 quos
408 1439 481 1467 ensis
500 1440 681 1473 consumpsit,
704 1446 785 1473 quam
813 1438 860 1473 qui
882 1438 965 1473 gratis

185 1494 247 1514 eum
262 1487 350 1513 secuti
363 1489 439 1518 sunt,
457 1485 526 1512 sicut
541 1485 669 1520 superius
683 1485 899 1512 demonstratum
912 1488 965 1511 est.

187 1531 249 1559 llaec
265 1531 324 1558 sola
350 1531 423 1558 llctio
445 1531 560 1558 visionis
574 1530 711 1565 praedicta:
737 1530 819 1557 debet
843 1530 966 1557 sullicere
981 1548 1002 1576 ε

187 1577 220 1603 ad
244 1576 440 1604 confutandam
456 1576 588 1611 quidquid
605 1575 673 1602 dixit
697 1580 725 1602 et
749 1576 814 1603 fecit
834 1575 968 1603 Mahome—

187 1626 242 1648 tus.
259 1620 336 1649 Sicut
359 1621 432 1648 enim
448 1628 635 1655 saepenumero
650 1625 713 1647 ante
736 1620 839 1647 dictum
858 1625 910 1651 est.
928 1620 969 1647 sic

186 1666 312 1701 permisit
325 1674 388 1693 eum
409 1666 528 1700 Spiritus
545 1672 656 1693 sanctus
672 1666 792 1698 mentiri,
810 1671 839 1692 ut
854 1666 969 1700 quilibet

187 1713 270 1739 homo
288 1711 368 1739 facile
389 1711 545 1747 figmentum
561 1717 748 1747 cognosceret.
763 1712 842 1739 Nunc
858 1712 967 1747 quidem

189 1757 257 1784 dicit
269 1757 302 1784 de
320 1757 410 1791 seipso
425 1757 547 1783 inaudita
563 1757 704 1789 miracula,
719 1756 865 1791 aliquando
877 1761 967 1783 autem

190 1802 257 1829 dicit
274 1809 303 1829 se
321 1803 426 1829 nullum
448 1802 608 1829 miraculum
634 1802 742 1829 fecisse.
770 1801 802 1829 Et
822 1801 968 1836 aliquando

190 1848 268 1880 dicit,
283 1848 355 1882 quod
370 1852 413 1875 est
428 1848 515 1874 solum
529 1848 641 1874 nuntius
655 1853 682 1874 et
703 1847 785 1874 homo
799 1856 807 1880 ;
823 1847 968 1881 aliquando

191 1899 266 1924 vero,
283 1893 355 1926 quod
368 1896 396 1919 et
409 1892 469 1926 plus
481 1896 523 1919 est
541 1900 622 1926 quam
639 1893 760 1926 angelus,
781 1898 809 1919 et
825 1901 906 1927 supra
921 1901 969 1920 an-

191 1938 277 1971 gelos.
293 1937 322 1963 El
336 1945 421 1971 quare
439 1937 556 1972 iudiguit
569 1937 645 1964 asino
659 1938 699 1964 vel
713 1938 838 1972 jumeuto
851 1946 865 1964 a
878 1939 968 1967 Mecca

191 1988 278 2016 usque
298 1981 332 2007 ad
346 1981 508 2012 Jerusalem,
525 1982 570 2016 qtti
596 1989 629 2009 ex
644 1981 792 2009 Jerusalem
820 1990 906 2017 usque
934 1985 967 2011 ad

191 2027 317 2054 ultimutn
338 2027 436 2054 ccelum
460 2027 586 2054 ascendit
604 2027 706 2062 absque
722 2027 815 2054 asino?
826 2028 968 2060 Quomodo

191 2072 278 2106 potuit
292 2075 330 2098 tot
344 2071 504 2107 splettdores
518 2072 675 2107 angelorum
690 2072 718 2099 in
733 2073 803 2100 00:10
820 2073 968 2108 sustinere,

192 2117 238 2152 qui
251 2117 368 2149 dicebat,
386 2119 459 2152 quod
473 2116 582 2151 quando
603 2117 749 2152 apparebat
768 2118 820 2145 sibi
838 2126 909 2146 unus
921 2127 969 2146 an-

191 2162 279 2196 gelus.
296 2169 403 2197 semper
425 2161 452 2188 in
478 2166 575 2189 terrain
599 2162 770 2194 concidebat,
788 2167 815 2189 et
838 2170 968 2198 spumans

1308 1247 1336 1274 Ἀ
1343 1249 1509 1282 γτίῤῥησις.

1070 1303 1221 1330 Ἀκούσατε
1235 1303 1326 1331 τοίνυν
1340 1304 1365 1330 οἱ
1379 1303 1413 1330 τὰ
1425 1303 1574 1340 λῖαχούμετ
1586 1305 1760 1340 φρονοῦντες,
1788 1306 1813 1332 εί

1021 1348 1118 1383 ἀληθὲς
1135 1349 1164 1376 τδ
1193 1349 1353 1384 Ἀλκοράνον
1368 1349 1507 1385 νομίζετε.
1518 1350 1605 1382 Δὺτδς
1621 1352 1635 1377 ὁ
1661 1350 1813 1386 Μαχούμετ

1021 1394 1224 1422 διαεεὸαιοῦται
1251 1395 1336 1431 μηδὲν
1366 1395 1544 1430 πεποιηκέναι
1577 1395 1682 1431 θαῦμα.
1717 1397 1815 1432 Πολλῷ

1004 1440 1133 1472 λπλείους
1146 1441 1280 1474 ἐγένοντο,
1294 1440 1340 1472 οὓς
1354 1441 1385 1467 τὺ
1396 1441 1471 1475 ξίφος
1487 1441 1610 1476 ἀνήλωσε
1627 1443 1680 1468 τῶν
1692 1442 1814 1469 ἑκόντων

1019 1486 1260 1521 ἀκολουθησάντων
1273 1486 1357 1521 αὐτῷ,
1375 1486 1470 1521 ὥσπερ
1500 1487 1629 1521 ἀνωτέρω
1649 1487 1813 1522 δεδήλωται.

1020 1531 1105 1558 Τοῦτο
1123 1532 1202 1567 μόνον
1215 1532 1264 1566 τῆς
1281 1532 1484 1567 προειρημένης
1513 1531 1631 1568 Θεωρίας
1646 1533 1676 1559 τὺ
1691 1533 1811 1568 πλάσμα

1019 1577 1103 1613 ἐχρῆν
1118 1577 1235 1612 ἀρκέσαι
1252 1578 1320 1612 119b,-
1336 1578 1466 1613 αίσχύνην
1488 1579 1600 1612 παντὸς,
1627 1579 1641 1605 ὃ
1665 1579 1815 1614 πεποίηκε,

1020 1623 1067 1648 καὶ
1080 1622 1159 1648 εἶπεν
1175 1623 1189 1649 ὁ
1206 1622 1340 1657 Μωάμιθ.
1363 1623 1407 1654 Ὠς
1422 1624 1475 1658 γὰρ
1489 1623 1621 1655 πολλάκις
1635 1625 1815 1660 προείρηται,

1017 1667 1088 1694 οὕτω
1103 1668 1294 1703 συνεχώρησεν
1311 1669 1391 1695 αὐτὸν
1412 1670 1442 1696 τὸ
1460 1669 1574 1704 Πνεῦμα
1597 1670 1627 1696 τὸ
1640 1671 1719 1704 ἅγιον
1747 1671 1817 1706 ψεύ-

1019 1712 1128 1743 σασθαι,
1146 1713 1216 1739 ὥστε
1244 1713 1332 1740 πάντα
1353 1714 1498 1748 ἄνθρωπον
1527 1715 1625 1750 ῥᾳδίως
1656 1716 1814 1750 έπιγνῶνῖι

1017 1755 1048 1781 τὸ
1065 1756 1187 1790 πλάσμα.
1202 1755 1258 1782 Νῦν
1277 1756 1327 1790 μὲν
1357 1757 1411 1792 γάρ
1439 1766 1506 1792 φησι
1538 1759 1601 1793 περὶ
1627 1759 1724 1786 ἑαυτοῦ
1747 1761 1817 1795 ἀνή-

1019 1809 1119 1826 κουστα
1134 1800 1269 1835 θαύματα,
1281 1802 1375 1828 ἄλλοτε
1394 1803 1423 1828 δέ
1441 1811 1534 1837 φησιν,
1551 1804 1592 1830 ὅτι
1603 1804 1817 1841 ἀπεσταλμένος

1018 1845 1165 1880 ὲστὶλμύνον
1177 1846 1224 1872 καὶ
1232 1847 1384 1882 ἄνθρωπος·
1394 1849 1477 1875 ἐνίοτε
1486 1849 1524 1879 δὲ,
1535 1850 1575 1876 ὅτι
1585 1850 1633 1876 καὶ
1646 1851 1729 1877 πλέον
1738 1851 1816 1878 ἐστὶν

1018 1892 1151 1926 ἀγγέλων⁹
1167 1894 1215 1920 καὶ
1228 1893 1298 1929 ὑπὲρ
1315 1894 1440 1928 ἀγγέλων
1455 1896 1551 1925 δεῖται.
1583 1897 1616 1924 Τί
1627 1898 1654 1924 δὲ
1669 1899 1718 1924 καὶ
1728 1899 1816 1926 ἐδεῖτο

1019 1938 1105 1974 δνουῆ
1117 1939 1231 1974 κτήνους
1241 1939 1295 1965 ἀπὸ
1307 1940 1355 1974 τῆς
1365 1940 1441 1967 Μεκὲ
1455 1942 1537 1977 μέχρι
1550 1944 1600 1977 τῆς
1617 1942 1814 1980 Ἱερουσαλήμ;

1021 1984 1072 2015 Ὃς
1092 1984 1125 2010 ἐκ
1149 1984 1197 2019 τῆς
1217 1984 1396 2021 Ἰερουσαλὴμ
1410 1987 1490 2022 μέχρι
1503 1987 1549 2014 τοῦ
1564 1989 1678 2023 ἐσχάτου
1692 1990 1813 2026 οὐρανοῦ

1023 2029 1124 2065 ἀνῆλθε
1139 2032 1224 2066 χωρὶς
1235 2031 1296 2058 ὄνου
1305 2040 1316 2065 ;
1334 2033 1389 2059 Καὶ
1405 2033 1464 2065 πῶς
1476 2034 1597 2070 ἠδυνήθη
1613 2035 1748 2067 τοσαύτας
1763 2037 1814 2063 αὖ·

1018 2075 1069 2108 γὰς
1085 2076 1211 2110 ἀγγέλων
1224 2078 1253 2103 ὲν
1275 2077 1314 2112 τῷ
1328 2078 1434 2113 οὐρανῷ
1447 2079 1603 2114 ὑπομεῖναι,
1628 2081 1642 2107 6
1655 2082 1753 2115 λέγων,
1773 2083 1812 2114 ὡς

1018 2122 1062 2147 ὅτε
1077 2122 1150 2157 αὺτῷ
1173 2121 1212 2154 εἷς
1224 2124 1339 2157 ἄγγελος
1358 2126 1532 2160 ἐπεφαίνετο,
1554 2128 1739 2154 καταπίπτειν
1766 2137 1812 2154 συ-

1019 2167 1104 2202 νεχῶς
1119 2168 1166 2194 ἐπὶ
1182 2168 1232 2204 τὴν
1245 2169 1309 2205 γῆν,
1325 2172 1373 2197 καὶ
1388 2172 1473 2206 ἀφρὸν
1493 2173 1645 2200 ἀποπτύειν
1659 2174 1706 2200 καὶ
1719 2174 1812 2201 συνέλ-

190 2207 354 2240 agitabatur,
383 2211 411 2234 et
441 2206 652 2234 incurvabantur
680 2211 708 2234 et
737 2208 967 2236 contrahebantur

1023 2213 1119 2239 κεπθαι
1138 2214 1187 2245 τὰς
1209 2216 1303 2250 χεῖρας
1330 2216 1456 2248 καὶτοὺς
1482 2217 1565 2249 πόδας
1592 2219 1694 2251 αὐτοῦς
1739 2219 1811 2245 Ἀλλ’

190 2259 286 2278 manus
299 2257 327 2279 et
341 2253 423 2286 pedes
438 2252 517 2287 ejus?
531 2248 564 2278 Et
576 2260 664 2287 neque
680 2253 706 2279 in
722 2254 850 2287 praedicta
866 2254 970 2281 \"isione

191 2298 269 2331 ponit
289 2305 318 2324 se
343 2303 462 2332 raptum,
487 2297 533 2325 sed
558 2297 633 2330 dicit,
660 2299 732 2333 quod
761 2300 884 2327 ascendit
907 2309 969 2328 eum

191 2350 305 2376 corpore
322 2343 402 2370 simul
428 2350 456 2370 et
477 2343 578 2376 anima.
603 2345 681 2380 cujus
702 2345 809 2380 signum
838 2351 890 2379 est,
906 2347 970 2381 quia

190 2387 256 2414 dicit
270 2389 341 2422 quod
356 2388 429 2415 Deus
448 2396 529 2416 manu
551 2397 598 2416 sua
613 2391 703 2424 tetigit
715 2398 776 2416 eum
794 2390 864 2418 inter
877 2392 972 2419 liumeo

192 2439 248 2465 ros,
260 2437 287 2459 et
297 2433 383 2459 sensit
396 2433 571 2468 frigiditatem
584 2442 670 2468 usque
682 2434 714 2461 ad
727 2435 873 2462 medullam
886 2436 971 2470 spinae

192 2477 277 2505 dorsi.
290 2477 367 2505 Unde
381 2479 465 2505 Deum
481 2484 509 2506 et
525 2480 636 2514 angelos
650 2480 780 2515 supponit
806 2482 969 2515 positionem

191 2522 292 2550 habere
311 2524 398 2557 spatio
415 2524 560 2558 corporali.

191 2592 247 2620 XV.
284 2591 322 2618 De
356 2591 538 2627 quisbusdam?
561 2600 607 2619 sea:
639 2594 753 2627 quwsttia
781 2595 807 2620 in
840 2594 971 2621 Alcorauo

226 2629 416 2660 communibus,
432 2632 456 2653 et
472 2627 503 2653 de
521 2626 619 2654 Christi
639 2626 672 2654 ιιιί
687 2628 863 2655 Maltometum
882 2629 968 2656 excel-

226 2661 319 2689 lentia.

225 2718 429 2755 consequenter
448 2718 588 2746 movendae
605 2723 670 2746 sunt
690 2719 876 2748 dubitationes
896 2728 970 2756 qua»-

191 2763 253 2790 dam
280 2768 308 2791 et
322 2765 487 2799 quaestiones
507 2765 534 2791 in
555 2765 699 2798 Alcorano,
724 2765 758 2792 de
782 2766 882 2800 quibus
907 2774 969 2794 cum

192 2817 245 2835 non
264 2809 369 2843 possint
382 2810 516 2837 rationem
531 2810 646 2838 reddere
660 2811 798 2843 Saraceni,
813 2819 867 2839 non
883 2813 970 2840 solum

192 2855 362 2882 vocabuntur
385 2855 556 2890 simpliciter,
584 2856 631 2883 sed
657 2857 738 2884 etiam
759 2864 892 2893 cogentur
919 2859 970 2887 de-

1021 2258 1080 2284 οὐδὲ
1096 2260 1124 2285 ὲν
1140 2260 1173 2294 τῇ
1188 2261 1375 2297 προειρημένῃ
1390 2261 1491 2297 θεωρίᾳ
1500 2263 1595 2290 ἑαυτὸν
1606 2264 1745 2298 ἡρπάσθαι
1758 2273 1814 2298 φη-

1022 2305 1074 2336 etv,
1087 2304 1153 2330 ἀλλὰ
1169 2305 1239 2339 μετὰ
1261 2305 1385 2341 σώματος
1413 2303 1460 2333 καὶ
1482 2308 1570 2343 ψυχῆς
1599 2309 1730 2338 ἀνελθεῖν.
1758 2310 1810 2343 Ση-

1023 2349 1097 2382 μεῖον
1116 2348 1155 2380 δὲ,
1175 2349 1296 2383 ἀψασθαι
1314 2351 1360 2376 τὺν
1377 2351 1443 2377 Θεὸν
1458 2351 1539 2378 αὐτὸν
1563 2354 1595 2387 τῇ
1615 2353 1687 2387 χειρὶ
1710 2354 1739 2379 ὲν
1753 2355 1810 2384 τοῖς

1021 2392 1118 2427 ὤμοις,
1132 2397 1178 2420 καὶ
1192 2395 1334 2422 αἰσθέσθαι
1349 2396 1456 2432 ψύξεως
1477 2398 1556 2433 μέχρι
1573 2400 1619 2425 καὶ
1633 2399 1680 2425 τοῦ
1708 2400 1810 2434 μυελοῦ

1020 2438 1069 2472 τῆς
1090 2439 1193 2473 ῥάχεως
1212 2440 1257 2467 τοῦ
1272 2441 1367 2469 νώτου.
1398 2443 1452 2469 Καὶ
1475 2445 1537 2475 τοὺς
1560 2444 1695 2478 ἀγγέλους
1716 2445 1810 2471 τοίνυν

1021 2486 1068 2512 καὶ
1084 2486 1129 2512 τὸν
1141 2487 1208 2513 Θεὸν
1221 2487 1365 2523 ὑποτίθησι
1393 2489 1467 2516 θέσιν
1491 2490 1563 2525 ἔχειν
1588 2492 1732 2527 σωματικῇ
1752 2492 1813 2518 δια-

1022 2530 1126 2558 στάσει.

1022 2599 1074 2626 1Ε’.
1091 2600 1161 2638 Περί
1175 2608 1264 2638 τινων
1273 2601 1306 2632 ἓξ
1317 2601 1488 2635 ζητημάτων
1498 2603 1547 2629 ἐπὶ
1559 2604 1811 2638 τοῦἊλιίοράνοιι

1057 2635 1177 2673 κρινῶν,
1194 2635 1242 2673 καὶ
1259 2637 1324 2669 περὶ
1343 2638 1406 2673 τῆς
1427 2638 1480 2664 τοῦ
1504 2639 1633 2672 Χριστοῦ
1650 2635 1726 2673 πρὸξ·
1758 2643 1813 2667 τὸν

1055 2670 1214 2703 Μαχούμετ
1224 2671 1384 2705 ὑπεροχῆς.

1062 2725 1218 2760 Ἐπομένως
1234 2727 1357 2761 κινητέον
1378 2728 1411 2754 ἂν
1440 2729 1482 2764 εἴη
1511 2730 1628 2764 ἀπορίας
1657 2732 1735 2762 τινὰς
1762 2733 1811 2758 καὶ

1021 2770 1147 2806 ζητήσεις
1157 2772 1186 2798 ὲν
1201 2773 1238 2806 τῷ
1256 2773 1421 2809 ’Λλκοράνῳ,
1443 2776 1507 2810 περὶ
1534 2773 1570 2802 ὧν
1594 2776 1632 2811 μὴ
1662 2777 1812 2812 δυνάμιιοι

1022 2816 1101 2851 λόγον
1118 2817 1142 2843 οἱ
1158 2818 1330 2854 Σαρρακηνοὶ
1344 2820 1500 2854 ἀποδοῦναι,
1517 2821 1546 2847 οὐ
1564 2821 1643 2856 μόνον
1658 2823 1812 2857 κληθιλσον-

1021 2870 1065 2889 ται
1082 2863 1183 2896 ἁπλῶς,
1198 2864 1265 2891 ἀλλὰ
1282 2865 1326 2891 καὶ
1344 2866 1596 2902 ἀναγκασθήσονται
1620 2869 1679 2900 ταῖς
1701 2869 1812 2896 ἀποδεί-
