1942 3090
146 151 198 185 11³25

706 145 857 175 CONTRA
881 144 1132 177 MAHOMETEM.

1667 144 1736 178 1126

142 210 195 244 ξεσι,
206 205 371 243 βιαζόμενοι,
388 204 520 232 εἰσελθεῖν
535 203 575 235 εἰς
590 203 634 229 τὶν
649 203 754 229 δεῖπνον
767 201 817 235 τῆς
832 201 900 236 ἁλη-
914 226 916 230 Α

968 204 1207 236 aonstrationibus,
1223 203 1311 231 coacti
1336 203 1366 230 in
1382 203 1539 231 convivium
1555 203 1678 231 veritatis
1695 204 1739 231 in~

140 254 206 284 Θείας.

166 297 265 334 Πρῶτον
284 295 394 330 ζήτημὰ
405 295 473 327 ἐστι,
497 294 523 320 τί
539 293 663 328 βούλεται
686 293 715 323 τὸ
743 292 904 327 Ἀλκοράνον

139 343 219 377 λέγειν,
235 342 299 368 ὅταν
309 341 473 370 τοσαυτάκις
498 339 596 374 εἰσάγῃ
616 339 662 364 τὸν
683 338 749 364 Θεὸν
761 337 907 373 πληθυντι-

139 389 182 419 κῶς
195 387 253 422 περὶ
268 385 365 413 ἑαυτοῦ
378 385 564 418 διαλεγόμενον
577 392 584 415 ;
605 384 673 418 Φησὶ
684 383 739 418 γὰρ
752 384 780 410 ἐν
805 383 844 417 τῷ
860 391 906 409 κε-

139 432 226 467 φαλαίῳ
239 432 277 465 τῷ
294 430 509 464 Ἦλιμπακερὰμ
534 430 566 455 ὲκ
593 428 738 464 προσώπου
763 428 810 454 τοῦ
825 427 905 459 Θεοῦ,

140 479 242 509 Εῑπομεν
274 478 332 508 τοῖς
356 475 492 510 ἀγγέλοις,
514 474 722 507 Προσκυνήσατε
743 473 782 508 τῷ
811 473 906 507 Ἀδὰμ,

140 525 178 550 καὶ
192 523 221 549 τὰ
239 522 330 549 λοιπά.
347 522 403 548 Καὶ
428 521 506 547 τοῦτο
523 520 591 554 μετὰ
623 519 707 546 ταῦτα
724 519 811 546 διόλου
834 519 908 552 λέγει

141 569 206 603 μέχρι
220 567 266 593 τοῦ
284 567 376 598 τέλους
397 565 444 592 τοῦ
471 565 587 600 βιῦλίου,
616 564 681 591 ποτὲ
700 564 748 599 μὲν
763 564 909 598 πληθυντι⁴

140 614 184 643 κῶς
195 612 255 646 περὶ
278 611 345 638 Θεοῦ
368 611 573 644 διαλεγόμενος,
591 609 656 635 ποτὲ
677 609 704 635 δὲ
725 609 830 639 ἑνικῶς.
862 609 911 635 Βε-

140 657 264 683 ﬂat/natm
276 657 305 682 δέ
321 657 378 682 ἐστι
394 657 462 682 πᾶσι
490 656 662 689 Χριστιανοίς
689 655 737 681 καὶ
769 653 910 685 Ἰουδαίοις

140 703 180 729 καὶ
206 702 258 727 τῶν
285 701 471 737 Σαρρακηνῶν
497 702 554 732 τοῖς
582 701 653 735 λόγῳ
683 699 835 734 χρωμένοις
863 700 910 726 ἕνα

140 746 198 774 εἶναι
211 748 254 773 τὸν
267 746 345 779 Θεὸν,
359 747 406 773 καὶ
426 746 506 781 μόνον
523 747 568 772 καὶ
594 745 707 776 ἁπλοῦν,
735 746 782 771 καὶ
801 745 838 779 μὴ
864 744 911 770 δύ-

139 793 224 821 νασθαι
241 784 314 828 ἔχειν
325 793 384 820 τινὰ
397 793 535 819 κοινωνόν.
558 793 633 818 Διατί
649 791 738 818 τοίνυν
769 791 913 825 πληθυντι-

139 839 186 870 κῶς
198 838 343 872 φθέγγεται
360 838 424 872 περὶ
447 837 545 864 ἑαυτοῦ
559 846 566 870 ς
590 837 660 864 Ἀλλ’
672 837 702 864 οὐ
728 837 854 863 δύνανται
867 836 912 862 λέ-

139 892 189 918 γειν
203 883 264 917 περὶ
280 882 376 909 ἑαυτοῦ
390 885 438 909 καὶ
453 883 509 918 τῶν,
521 882 644 917 ἀγγέλων
659 882 706 908 τὸν
722 882 788 907 Θεὸν
808 881 911 914 λέγειν.

140 917 246 964 Λέγεται
269 930 324 963 γὰρ
342 930 409 960 ἐκεῖ,
441 917 561 962 Εἴπομεν
585 929 640 959 τοῖς
668 927 805 961 ἀγγέλοις.
834 926 912 953 Ἐστι

138 974 332 1008 τοίνυνόλόγος
356 974 404 1000 τοῦ
426 973 493 999 Θεοῦ
524 969 610 1006 οὗτος,
637 973 668 999 οὑ
695 973 750 999 τῶν
778 972 912 1006 ἀγγέλων,

138 1021 198 1047 ἀλλὰ
212 1021 280 1056 πρὸς
293 1021 356 1051 τοὺς
367 1020 510 1054 ἀγγέλους.
525 1019 586 1046 Ἔτι
601 1021 630 1046 ἐν
652 1019 690 1054 τῷ
707 1019 847 1054 κεφαλαίῳ
873 1018 912 1053 τῷ

139 1066 186 1092 Σὰδ
195 1066 300 1099 λέγεται
314 1066 354 1092 ὃτι
374 1067 474 1096 πάντες
487 1065 512 1090 oi.
523 1064 632 1098 ἄγγελοι
650 1064 858 1100 προσεκύνησαν
875 1063 914 1098 τῷ

145 1102 222 1145 Ἀδὰμ
234 1110 304 1145 πλὴν
318 1110 364 1136 τοῦ
377 1109 512 1136 διαϐόλου.
527 1109 612 1135 Πᾶσιν
627 1109 681 1144 ἄρα
708 1111 764 1140 τοῖς
790 1109 915 1144 ἀγγέλοις

139 1151 323 1185 εἷπενὸΘεὺς,
355 1153 566 1188 Προσκυνήσατε
591 1152 630 1187 τῷ
653 1153 750 1187 Ἀδάμ.
787 1153 849 1179 Ἔτι
886 1153 915 1178 ἐν

139 1196 238 1227 πολλοῖς
259 1196 351 1227 τόποις
370 1196 417 1222 τοῦ
442 1196 604 1231 Ἀλκοράνου
624 1196 778 1230 εἰσάγονται
793 1195 915 1222 τοιαῦταί

138 1249 204 1272 τινες
240 1240 373 1273 διαλέξεις
401 1240 594 1274 πληθυντικῶς
630 1242 695 1274 περὶ
721 1241 769 1268 τοῦ
796 1241 863 1267 Θεοῦ
887 1241 916 1265 ὲν

138 1287 271 1318 τοιαύταις
295 1286 458 1322 ἐνεργείαις,
480 1287 510 1313 ἐν
531 1284 576 1318 αἷς
598 1287 623 1312 oi
656 1287 766 1320 ἄγγελοι
792 1285 917 1320 οὐδαμῶς

138 1332 175 1367 τῷ
189 1331 246 1366 Θεῷ
260 1331 442 1364 κοινωνοῦσιν,
468 1332 562 1368 ὥσπερ
594 1333 623 1359 ὲν
637 1333 670 1367 τῇ
686 1332 733 1359 τοῦ
753 1332 855 1366 κόσμου
869 1331 918 1367 δη-

140 1375 335 1410 μιουργίᾳ,καὶ
349 1377 382 1410 τῇ
404 1376 545 1402 δικαιώσει
575 1375 622 1402 τοῦ
644 1376 770 1407 ἀσεϐοῦς.
802 1375 918 1409 Λέγεται

139 1421 190 1455 γὰρ
203 1422 232 1447 ἐν
245 1421 382 1453 πλείστοις
407 1421 501 1452 τόποις
529 1421 577 1448 τοῦ
607 1421 785 1456 Ἀλκοράνου,
822 1421 917 1455 Ἡμεῖς

139 1466 242 1502 (φησιν)
256 1467 512 1502 ὲδημιουργήσαμεν
524 1467 569 1494 τὸν
589 1467 713 1503 οὐρανὸν,
730 1466 778 1494 καὶ
791 1466 840 1500 τὴν
854 1466 918 1500 γῆν,

957 249 1052 276 troire.

993 294 1084 322 Prima
1101 296 1215 329 quzestio
1229 301 1281 329 est,
1295 296 1364 329 Quid
1381 296 1440 323 vult
1453 295 1617 322 Alcoranum
1635 294 1738 326 dicere,

957 340 1069 374 quando
1085 341 1166 367 toties
1184 341 1290 368 inducit
1311 342 1396 368 Deum
1424 341 1566 375 pluraliter
1593 340 1627 367 de
1649 341 1740 374 seipso

957 385 1137 420 loquentem?
1152 386 1223 412 Dicit
1237 394 1260 413 e-
1274 386 1308 413 im
1330 386 1356 413 in
1370 386 1565 420 Elimpaceram
1579 392 1612 412 ex
1624 382 1739 419 persona

958 431 1006 457 Dei
1019 441 1025 457 :
1042 430 1165 459 Diximus
1179 432 1283 466 angelis
1294 431 1410 458 adorare
1423 430 1519 461 Adam.
1536 434 1564 457 et
1579 430 1693 464 reliqua.
1707 429 1740 455 Et

958 480 1020 510 post
1036 476 1092 503 haec
1108 484 1156 510 per
1171 481 1258 503 tottlm
1276 475 1344 503 dicit
1356 483 1441 510 usque
1459 475 1492 502 ad
1508 474 1588 502 linem
1604 474 1677 507 libri,
1690 473 1741 500 ali-

959 522 1068 556 quando
1096 522 1239 556 pluraliter
1260 521 1293 548 de
1311 521 1366 548 Deo
1386 521 1512 555 loquens.
1530 520 1676 554 aliquando
1693 527 1741 545 au-

961 573 1013 594 tem
1039 568 1225 602 singulariter.
1242 567 1441 594 Firmissimum
1462 567 1534 593 enim
1550 571 1592 592 est
1615 565 1743 592 omnibus

960 613 1124 641 Christianis
1146 618 1172 640 et
1196 613 1296 640 Judazis
1326 617 1354 640 et
1379 612 1534 643 Saracenis,
1563 611 1609 645 qui
1636 611 1742 637 ratione

961 661 1088 691 utuntur,
1103 665 1188 684 unum
1202 665 1262 685 esse
1277 658 1374 690 Deum,
1392 662 1420 684 et
1435 657 1524 684 solum
1538 660 1564 683 et
1579 655 1743 689 simplicem,

960 708 988 731 et
1003 710 1057 730 non
1083 710 1163 737 posse
1185 703 1286 730 habere
1307 708 1463 730 consortem
1481 701 1639 736 quemdam.
1654 700 1744 732 Quare

961 749 1046 783 igitur
1058 749 1198 783 pluraliter
1210 749 1330 783 loquitur
1342 749 1375 776 de
1387 756 1419 775 eo
1433 747 1507 783 ipso?
1517 747 1551 774 Et
1564 755 1617 774 non
1629 750 1746 780 possunt

962 795 1066 826 dicere,
1081 795 1154 829 quod
1169 794 1371 829 Deusloqnitur
1386 794 1420 821 de
1434 794 1525 828 scipso
1541 797 1568 820 et
1583 793 1616 819 de
1627 792 1742 826 angelis.

963 840 1069 868 Dicitur
1083 841 1156 867 enim
1170 841 1207 868 ibi
1221 850 1228 868 :
1243 841 1367 867 Diximus
1378 840 1492 874 angelis.
1509 839 1557 866 Est
1571 839 1652 873 igitur
1668 839 1745 865 locu-

965 885 1002 912 tio
1016 885 1074 912 lucc
1090 885 1149 917 Dei,
1162 893 1216 912 non
1232 885 1403 920 angelorum,
1421 884 1468 911 sed
1492 884 1525 912 ad
1544 884 1664 918 angelos.
1679 883 1744 910 ltem

965 929 991 956 in
1017 930 1107 964 capite
1129 930 1182 957 Sad
1214 930 1325 961 dicitur,
1350 930 1423 964 quod
1446 936 1541 955 omnes
1564 928 1747 954 adoraverunt

963 975 1061 1007 Adam,
1080 980 1180 1009 praeter
1204 975 1353 1002 diabolum.
1375 974 1510 1001 Omnibus
1535 973 1619 1008 igitur
1642 972 1747 1007 angelis

964 1020 1033 1047 dixit
1058 1021 1149 1047 Deus:
1165 1020 1283 1047 Adorate
1296 1020 1393 1047 Adam.
1419 1019 1484 1046 ltem
1511 1018 1538 1045 in
1557 1018 1650 1045 multis
1666 1017 1748 1044 Alc.»-

965 1065 1024 1092 rani
1038 1065 1106 1092 locis
1119 1065 1285 1092 inducuntur
1301 1065 1368 1092 tales
1381 1065 1506 1099 quantam
1523 1063 1676 1090 locutiones
1689 1062 1749 1096 plu-

965 1111 1059 1145 raliter
1077 1111 1111 1138 de
1130 1112 1195 1143 Deo,
1211 1111 1238 1137 in
1254 1111 1353 1138 talibus
1370 1110 1527 1137 actionibus
1541 1109 1567 1135 in
1582 1108 1682 1143 quibus
1696 1115 1747 1134 an-

965 1156 1016 1192 geli
1032 1164 1203 1191 nequaquam
1228 1163 1290 1182 cum
1319 1155 1375 1183 Deo
1402 1155 1618 1187 communicant,
1631 1153 1703 1180 sicut
1719 1153 1747 1180 in

966 1202 1105 1229 creatione
1130 1200 1226 1227 mundi
1251 1205 1280 1227 et
1301 1199 1497 1235 justiﬁeatione
1521 1199 1611 1233 impii.
1645 1198 1750 1224 Dicitur

969 1247 1043 1274 enim
1061 1246 1088 1273 in
1108 1246 1233 1280 pluribus
1248 1245 1314 1272 locis
1328 1245 1456 1272 Alcorani
1470 1253 1476 1270 :
1493 1244 1560 1275 Nos.
1578 1243 1655 1274 dicit.
1672 1250 1751 1270 crea-

967 1292 1057 1319 vimus
1085 1291 1182 1320 caelum
1205 1295 1232 1318 et
1249 1295 1358 1323 terram,
1373 1295 1401 1317 et
1417 1297 1477 1325 qua;
1497 1293 1560 1317 sunt
1587 1288 1615 1316 in
1649 1288 1751 1317 medio.

967 1342 995 1366 et
1015 1345 1069 1364 non
1101 1337 1236 1364 incassum
1265 1335 1448 1370 judicavimus
1471 1334 1622 1366 hominem,
1649 1337 1676 1360 et
1701 1336 1753 1359 ms

960 1383 1092 1417 misimus
1120 1383 1206 1409 [ilium
1235 1382 1336 1413 Maria,
1363 1387 1392 1408 et
1410 1380 1537 1408 dedimus
1568 1379 1593 1407 ei
1619 1378 1752 1413 Spiritum

969 1434 1094 1458 sanctum
1109 1433 1137 1456 et
1153 1427 1343 1462 Evangelium,
1356 1430 1384 1454 et
1403 1425 1546 1457 miracula,
1560 1429 1589 1452 et
1602 1424 1663 1451 talia
1678 1431 1754 1458 qua:-

970 1475 1032 1503 dam
1049 1475 1075 1502 in
1089 1474 1189 1509 quibus
1209 1473 1298 1508 angeli
1315 1479 1487 1507 nequaquam
1502 1474 1618 1505 possunt
1631 1478 1755 1496 contum-

140 1510 233 1536 καὶτὰ
255 1510 355 1544 μεταξὺ
367 1511 397 1537 οὺ
413 1511 568 1546 παρέργω;’
588 1510 636 1537 καὶ
655 1511 735 1545 ἡμεῖς
758 1509 916 1536 ὲδικαιώσα-

972 1520 1063 1546 nicare
1083 1526 1145 1546 cum
1169 1517 1233 1544 Deo.
1250 1516 1346 1551 Angcli
1373 1515 1447 1543 enim
1467 1514 1553 1542 creati
1576 1519 1641 1541 sunt
1655 1521 1669 1540 a
1687 1512 1753 1544 Deo.

142 1563 191 1589 μεν
205 1556 250 1581 τὸν
277 1555 429 1589 ἄνθρωπον,
459 1555 506 1581 καὶ
524 1556 605 1590 ἡμεῖς
633 1554 845 1592 ἀπεστᾴλκαμεν
873 1552 919 1579 τὸν

140 1601 196 1626 υἱὸν
221 1600 271 1635 τῆς
293 1601 413 1636 Μαρίας,
441 1601 489 1627 καὶ
520 1599 675 1635 δεδώκαμεν
705 1600 778 1634 αὐτῷ
808 1598 920 1634 Πνεῦμα

139 1644 226 1678 ἅγιον,
238 1644 285 1670 καὶ
303 1646 334 1671 τὸ
360 1644 536 1678 Εὑαγγέλιον,
548 1645 596 1670 καὶ
614 1644 752 1679 θαύματα,
769 1644 817 1671 καὶ
830 1643 921 1669 τοιαῦ-

140 1691 175 1717 τά
192 1698 254 1716 τινα
271 1691 299 1716 ὲν
314 1687 353 1720 οἷς
363 1690 387 1716 οι
400 1690 513 1724 ἄγγελοι
528 1689 654 1724 οὐδαμῶς
679 1689 806 1715 δύνανται
826 1696 921 1715 κοινω-

973 1564 1020 1593 sed
1041 1572 1094 1591 non
1112 1563 1193 1590 simul
1214 1566 1308 1589 creant
1331 1568 1392 1588 cum
1411 1560 1466 1587 Deo
1484 1560 1583 1588 ccelum
1599 1563 1627 1586 et
1643 1563 1755 1591 terram,

972 1614 1000 1637 et
1014 1617 1074 1644 quae
1092 1613 1157 1636 sunt
1177 1607 1204 1634 in
1222 1607 1323 1634 medio.
1340 1606 1374 1633 Et
1388 1613 1443 1633 non
1460 1608 1573 1640 possunt
1593 1604 1684 1631 dicere
1706 1603 1756 1630 Sa-

975 1654 1077 1686 raceni,
1093 1653 1165 1688 quod
1181 1652 1295 1688 pluralis
1310 1651 1354 1678 illa
1370 1659 1422 1678 vox
1437 1655 1480 1678 est
1496 1650 1555 1682 Dei,
1570 1654 1598 1677 et
1611 1649 1754 1684 cujusdam

973 1699 1087 1727 alterius
1107 1699 1262 1725 intellectus
1273 1697 1320 1732 qui
1336 1697 1445 1724 excedit
1459 1700 1593 1727 creatum,
1609 1703 1657 1730 per
1673 1702 1768 1729 quem.

140 1736 199 1762 νεῖν
216 1736 254 1771 τῷ
269 1736 339 1770 Θεῷ.
356 1736 388 1762 Oi
400 1736 454 1770 γὰρ
467 1736 576 1770 ἄγγελοι
590 1735 846 1770 ὲδημιουργήθησαν
869 1735 916 1761 ora

975 1745 1040 1773 fecit
1051 1744 1142 1771 omnia
1156 1743 1237 1771 Deus.
1254 1743 1369 1770 Constat
1379 1742 1465 1774 enim,
1479 1740 1551 1776 quod
1567 1739 1700 1775 quidquid
1715 1743 1756 1766 est

138 1782 188 1809 τοῦ
202 1782 281 1814 Θεοῦ,
311 1782 413 1808 ἀλλὀὐ
445 1782 693 1817 συνδημιουργοῦσι
725 1782 764 1816 τῷ
793 1781 852 1816 Θεῷ
876 1781 916 1808 τοι

976 1795 1075 1827 praeter
1090 1789 1187 1825 Deum,
1208 1792 1334 1815 creatura
1357 1792 1410 1819 est.
1426 1791 1455 1814 et
1478 1794 1494 1812 a
1514 1786 1568 1813 Deo
1580 1790 1716 1817 creatura,
1730 1789 1757 1811 et

138 1829 256 1863 οὐρανὸν
267 1831 314 1854 καὶ
326 1827 375 1863 τὴν
387 1828 447 1862 γῆν,
464 1827 511 1854 καὶ
525 1828 559 1854 τὰ
582 1826 695 1862 μεταξύ.
721 1828 774 1854 Καὶ
789 1827 820 1854 οὐ
829 1827 916 1853 δύνανι

976 1835 1050 1863 nulla
1065 1839 1189 1861 creatura
1204 1836 1291 1866 potest
1307 1839 1367 1859 esse
1383 1830 1463 1858 simul
1477 1829 1594 1857 creatrix
1610 1837 1672 1856 cum
1690 1827 1757 1855 Deo.

138 1883 186 1901 ται
200 1874 289 1908 λέγνιν
301 1875 326 1900 οἱ
340 1873 522 1908 Σαρῤακηνοὶ,
540 1873 578 1905 ὡς
593 1874 609 1908 ἡ
635 1873 804 1908 πληθυντικὴ
833 1873 916 1899 ὲκείντ

976 1880 1043 1908 Item
1059 1887 1113 1906 non
1125 1879 1253 1914 possibile
1272 1877 1430 1915 estdicere,
1446 1877 1517 1911 quod
1531 1876 1602 1903 Deus
1619 1875 1760 1909 pluraliter

140 1921 221 1956 φωνὴ
231 1922 304 1956 φωνή
317 1923 374 1946 ἐστι
385 1919 432 1946 τοῦ
450 1919 528 1950 Θεοῦ.
537 1920 554 1955 ἢ
567 1919 642 1954 φωνὴ
650 1919 717 1946 Θεοῦ
728 1919 773 1946 καί
785 1927 856 1950 τινος
870 1918 916 1945 ἑτέ-

977 1924 1101 1959 loquitur
1113 1927 1224 1958 propter
1237 1922 1360 1950 diversas
1369 1929 1430 1956 qua:
1442 1921 1470 1948 in
1482 1929 1516 1948 eo
1526 1924 1590 1947 sunt
1602 1919 1758 1954 qualitates,

141 1973 194 2000 ρου
205 1965 251 1992 νοῦ
259 1964 477 1999 ὑπερϐεϐηκότος
492 1964 612 1996 κτιστοῦ,
628 1964 661 1991 δι’
676 1960 707 1991 οὗ
716 1965 802 1991 πάντα
815 1964 916 1998 πεποίηη

979 1969 1050 1997 sicut
1075 1973 1117 1995 est
1139 1959 1271 2002 polentia.
1289 1965 1553 2001 sapientia,justitia
1568 1969 1596 1992 et
1621 1964 1683 1991 talia
1698 1971 1759 1999 qua:

142 2019 192 2036 κεν
208 2011 221 2037 ὁ
241 2010 318 2043 Θεὸς,
332 2009 370 2041 ὦς
384 2018 460 2043 φασι.
480 2010 563 2044 Δῆλον
575 2010 639 2044 γὰρ,
655 2010 695 2035 ὅτι
715 2010 769 2036 πᾶν
785 2009 851 2043 ὅπερ
863 2009 895 2036 ἂν

979 2015 1081 2042 Arabes
1095 2018 1194 2040 vocant
1219 2007 1332 2048 Saphat.
1350 2013 1410 2039 llaec
1431 2014 1504 2039 enim
1529 2019 1582 2038 non
1607 2010 1760 2038 accidentia

139 2060 223 2092 παρὰ.
236 2058 280 2083 τὴν
297 2057 362 2082 Θεὸν
379 2057 482 2090 κτίσμα
501 2056 570 2088 ἐστὶ,
595 2056 644 2082 καὶ
663 2055 738 2082 οὐδὲν
770 2057 871 2090 κτίσμα
882 2055 916 2081 δύ-

980 2065 1045 2088 sunt
1072 2060 1100 2086 in
1118 2059 1182 2091 Deo,
1200 2066 1289 2093 neque
1310 2057 1479 2088 differentia,
1498 2056 1545 2084 sed
1563 2062 1628 2084 sunt
1651 2056 1678 2082 in
1701 2055 1760 2090 ipsa

140 2111 227 2129 νειται
243 2102 468 2136 συνδῃμιουργεῖν
479 2101 517 2136 τῷ
542 2100 612 2134 Θεῷ.
625 2101 686 2127 Ἔτι
698 2101 730 2127 οὐ
745 2101 857 2128 δυνατὸν
884 2100 914 2126 λέ

981 2105 1072 2134 divina
1087 2105 1217 2132 essentia.
1234 2104 1310 2132 Unde
1327 2104 1355 2131 in
1379 2103 1434 2131 Deo
1458 2104 1560 2131 nullam
1582 2102 1760 2137 compositio-

140 2157 208 2183 γειν
221 2147 412 2183 πληθυντικῶς
426 2148 470 2173 τὸν
483 2147 549 2173 Θεὸν
569 2146 740 2180 διαλέγεσθαι
760 2146 804 2173 διὰ
825 2147 874 2177 τὰς
900 2146 916 2171 ὲκ

982 2158 1044 2177 nem
1065 2157 1115 2176 nec
1133 2149 1316 2183 pluralitatem
1332 2148 1444 2180 faciunt,
1460 2153 1490 2175 ut
1503 2156 1552 2183 per
1575 2148 1620 2175 illa
1641 2147 1713 2175 Deus
1727 2146 1763 2174 de

139 2195 223 2229 αὐτῷ
237 2194 382 2228 διαφόρους
404 2194 558 2228 ποιότητας,
584 2190 639 2219 οἷον
669 2192 793 2227 δύναμιν,
824 2192 916 2225 σοφίαν

981 2196 1072 2230 seipse
1095 2195 1238 2229 pluraliter
1262 2195 1401 2230 loquatur.
1427 2195 1499 2228 Quin
1524 2196 1579 2222 imo
1599 2202 1649 2222 nec
1669 2195 1761 2227 homo,

139 2241 333 2272 δικαιοσύνην,
345 2239 392 2266 καὶ
416 2239 450 2265 τὰ
465 2239 583 2271 τοιαῦτα,
601 2238 618 2264 ἃ.
641 2239 665 2264 οἱ
684 2238 801 2273 ’Δραὸες
822 2237 916 2265 καλοῦο

982 2249 1032 2269 nec
1045 2241 1158 2275 angelus
1173 2244 1284 2275 propter
1298 2247 1394 2267 eorum
1425 2239 1608 2267 dill‘erentiam
1625 2244 1713 2274 potest
1728 2240 1764 2268 de

141 2287 236 2321 σαφά.
253 2286 344 2313 Ταῦτα
358 2285 412 2320 γὰρ
428 2285 457 2311 οὐ
476 2285 667 2320 συμῦεὸηκότα
683 2285 751 2310 εἰσὶν
764 2285 792 2310 ὲν
806 2284 844 2318 τῷ
863 2283 916 2319 Θεᾷ

983 2287 1074 2322 seipso
1097 2286 1240 2321 pluraliter
1263 2285 1349 2320 loqui,
1378 2286 1429 2313 etsi
1458 2285 1516 2312 hate
1538 2286 1564 2312 in
1597 2285 1706 2312 homine
1735 2291 1765 2313 et

133 2333 212 2361 Αοΰτε
227 2333 351 2367 διάφορα,
367 2331 424 2358 ἀλλ’
439 2333 508 2359 είσὶν
519 2332 588 2367 αὑτὴ
608 2332 624 2367 ἡ
637 2331 695 2358 θεία
713 2332 801 2358 οὐσία.
815 2331 916 2358 Ὄθενὲ

985 2331 1080 2367 angelo
1095 2331 1247 2358 accidentia
1259 2336 1334 2363 sunt,
1348 2336 1376 2358 et
1392 2330 1538 2365 quamdam
1553 2330 1580 2357 in
1595 2330 1638 2358 his
1653 2337 1766 2365 compo-

139 2380 185 2415 τῷ
208 2379 267 2413 Θεῷ
281 2379 340 2405 οὐδὲ
354 2379 420 2413 μίαν
434 2378 556 2405 σύνθεσιν
571 2377 587 2413 ῆ
600 2377 700 2412 πλῆθος
720 2376 916 2409 ποιοῦσιν,.ὥσ-ι

988 2378 1114 2407 sitionem
1138 2377 1252 2404 faciunt.
1276 2376 1311 2402 Et
1325 2383 1390 2402 vere
1408 2375 1469 2402 talis
1492 2375 1640 2402 locutionis
1657 2376 1764 2407 modus,

139 2426 194 2452 διὰ
210 2425 295 2452 ταῦτα
312 2423 357 2450 τὸν
376 2422 443 2449 Θεὸν
462 2423 646 2458 πληθυντικῶς
660 2422 839 2456 διαλέγεσθαι.
855 2422 934 2450 Μᾶλ-

139 2472 194 2497 λον
225 2469 274 2505 μὲν
292 2469 338 2495 οὖν
371 2467 581 2504 οὔτ’ᾶνθρωπος
607 2468 788 2502 οὖτ”ἇγγελος
817 2468 860 2494 διὰ
885 2467 933 2502 τὴν

139 2516 253 2543 τούτων
265 2515 397 2550 διαφορὰν
408 2514 518 2541 δύναται
540 2516 605 2548 περὶ
629 2514 725 2541 ἑαυτοῦ
747 2514 934 2550 πληθυντικῶς

986 2425 1071 2453 Deum
1098 2423 1223 2451 videlicet
1247 2431 1331 2450 unum
1357 2422 1533 2450 exsistentem
1558 2422 1700 2456 pluraliter
1731 2423 1767 2449 de

986 2471 1076 2505 scipso
1100 2469 1185 2504 loqui.
1200 2468 1285 2496 semel
1308 2476 1324 2495 a
1349 2467 1440 2504 Moyse
1466 2468 1605 2495 invenitur
1624 2469 1650 2495 in
1666 2467 1766 2495 Genesi

987 2516 1088 2543 illatus.
1106 2515 1136 2542 ln
1154 2514 1318 2542 formatione
1345 2515 1419 2541 enim
1445 2514 1565 2542 hominis
1594 2514 1702 2541 locutus
1725 2517 1768 2540 est

139 2562 252 2596 λέγειν·
270 2561 356 2588 καίτοι
370 2559 457 2587 ταῦτα
467 2561 496 2587 ὲν
512 2561 550 2595 τῷ
567 2561 676 2595 ἀγγέλῳ
686 2560 733 2586 καὶ
752 2560 790 2594 τῷ
805 2560 916 2594 ἀνθρώπ

990 2560 1073 2592 Deus.
1090 2560 1183 2587 dicens
1197 2567 1204 2586 :
1223 2569 1232 2585 ι
1249 2560 1390 2587 Faciamus
1406 2560 1543 2587 hominem
1571 2559 1604 2586 ad
1621 2559 1766 2593 imaginem
1782 2572 1785 2573 ν

141 2606 347 2642 συμῦεὒηκότα
380 2605 444 2639 εἰσὶ,
471 2606 516 2632 καί
539 2613 601 2632 τινα
627 2605 749 2631 σύνθεσιν
783 2605 811 2630 ὲν
836 2604 913 2630 τούτο

989 2606 1149 2632 nostram".
1163 2615 1172 2631 ι
1183 2605 1260 2638 Quod
1274 2606 1369 2633 dicunt
1383 2605 1480 2639 Judaei,
1494 2612 1587 2632 vocem
1599 2611 1660 2632 esse
1671 2603 1718 2630 Dei
1732 2603 1767 2630 ad

140 2652 272 2679 ποιοῦσι.
290 2653 343 2679 Καὶ
359 2653 454 2684 ὅντως,
474 2653 514 2679 ὃτι
536 2649 612 2683 οὗτος
637 2651 685 2687 τῆς
714 2651 857 2685 διαλέξεως
879 2650 941 2686 τρό-

988 2649 1109 2685 angelos.
1117 2649 1196 2682 Quod
1213 2650 1321 2685 quidem
1335 2655 1375 2677 est
1392 2649 1559 2676 contrarium
1576 2647 1677 2675 divinat
1692 2647 1768 2674 Scri-

139 2707 216 2731 πος,
240 2699 269 2724 τὸ
290 2699 336 2725 τὸν
354 2699 421 2725 Θεὸν
446 2698 564 2734 δηλονότι
595 2698 642 2724 ἕνα
671 2698 734 2724 ὄντα
756 2697 916 2731 πληθυντικιῖ

990 2701 1151 2731 plurumum
1162 2703 1301 2730 nunquam
1317 2695 1384 2722 dicit
1396 2694 1522 2729 angelum
1534 2691 1686 2720 secundum
1702 2691 1770 2719 ima-

140 2745 224 2779 περὶ
245 2743 341 2770 ἑαυτοῦ
365 2743 547 2777 διαλέγεσθαι,
571 2742 645 2775 ἆππξ
671 2743 721 2769 ὑπὸ
749 2742 795 2768 τοῦ
821 2742 941 2773 Μωσέως

174 2832 219 2848 »⁸⁵
236 2832 304 2861 Gen.
318 2838 339 2866 I,
353 2831 399 2859 ‘26.

990 2743 1079 2778 ginem
1093 2742 1210 2770 hominis
1222 2741 1366 2770 formatum
1386 2747 1458 2772 esse,
1471 2739 1519 2768 sed
1534 2738 1687 2767 secundum
1703 2738 1771 2765 ima-
