1942 3090
195 172 263 206 1127

829 174 1016 204 DEMETRU
1040 174 1196 204 CYDONlI

1744 172 1806 203 11ἳό

194 230 284 264 ginem
301 229 358 256 Dei.
374 229 408 257 Et
431 229 482 257 hoc
503 235 545 257 cst
567 229 638 263 quod
662 231 745 258 etiam
769 230 845 257 addit
870 230 975 264 Moyses

1042 229 1141 264 ῦρηται
1164 232 1193 257 ὲν
1209 233 1239 265 τῇ
1261 231 1368 257 Γενέσει
1394 231 1625 264 εἰσενηνεγμένος.
1654 229 1696 254 Ἐν
1711 229 1763 262 γὰρ
1778 230 1807 262 ’ιῇ

193 275 335 309 deinceps,
352 279 413 309 post
435 275 498 302 illos
523 283 663 303 sermones
691 276 808 303 dicens:
827 285 836 301 ι
859 276 892 302 Ει
913 276 977 302 fecit

195 320 266 346 Deus
282 321 420 348 hominem
444 321 594 348 secundum
614 322 758 356 imaginem
776 326 803 348 et
821 321 985 348 similitudim

194 373 257 392 ncm
285 366 326 392 sui
351 366 450 400 ipsius,
484 366 635 393 secundum
667 367 811 401 imaginem
839 366 885 392 Dei
915 365 979 392 fecit

195 419 258 438 cum
274 412 307 438 “.
328 422 337 437 ι
354 412 401 438 Est
419 412 501 446 igitur
517 420 567 438 vox
585 412 628 438 illa
644 412 733 438 Patris
757 412 789 438 ad
806 412 915 443 Filium,
937 412 979 438 vel

197 457 281 484 totius
293 457 436 484 Trinitatis
448 459 480 484 ad
500 458 627 492 scipsam.
643 458 719 485 Unus
735 459 808 484 enirn
823 462 851 484 ct
865 457 980 491 simplex

197 502 268 529 Deus
280 504 410 535 essentia,
425 503 514 530 tritius
529 509 571 531 est
586 503 612 530 in
627 503 762 536 personis.
777 503 809 530 Et
822 503 873 530 hoc
888 503 980 530 dicere

197 551 333 583 potuisset
362 549 528 576 Alcoranum
563 549 740 586 simpliciter,
765 549 817 576 nisi
843 549 981 575 timuisset

197 602 276 628 posse
300 602 362 621 esse
385 602 565 629 personarum
593 595 799 626 discretionem,
815 586 980 621 discretione

141 670 145 674 I
197 640 347 666 secundum
359 641 518 667 essentiam.
537 640 655 674 Propter
671 641 722 668 hoc
737 640 805 667 dicit
822 640 849 667 in
863 639 981 674 capitulo

197 683 314 711 Elnesan
330 693 337 711 :
363 685 385 712 0
405 685 524 712 societas
538 685 613 717 libri,
630 693 664 712 ne
681 686 782 712 vacetis
809 685 836 712 in
859 685 919 720 lege
933 693 980 712 ve-

198 734 263 761 stra,
286 735 313 756 ct
328 738 362 757 ne
375 730 473 757 dicatis
487 730 521 757 de
537 730 591 757 Deo
611 735 709 764 praeter
722 731 876 762 veritatem,
903 730 977 764 quod

198 775 324 802 (Zhristus
334 775 414 802 Jcsus
427 775 498 802 lilius
508 780 551 803 est
566 775 666 807 Mariae,
683 780 710 802 et
726 775 868 810 apostolus
879 775 939 807 Dei,
952 780 981 802 et

198 822 318 849 Verbum
338 820 396 853 Dei,
415 822 488 856 quod
505 821 532 848 in
548 829 580 849 ea
599 821 689 855 posuit
708 829 757 856 per
768 821 900 855 Spiritum
915 827 979 848 san-

197 871 283 893 ctum.
299 866 368 894 Ecce
383 867 428 894 hic
450 867 573 894 nominat
592 867 687 898 Deum,
705 873 732 894 et
745 867 863 894 Verbum
880 866 938 897 Dei.
952 871 980 893 et

199 912 331 946 Spiritum
359 906 484 939 sanctum
499 921 508 946 ;
525 912 573 940 sed
602 913 712 945 timens,
729 920 762 939 ne
793 917 904 946 propter
922 913 978 940 haec
996 902 1016 930 Β

198 957 290 984 divina
317 959 440 985 essentia
463 959 611 989 dividatur.
636 959 678 985 vel
707 958 916 993 multiplicetur,
940 958 982 985 vel

200 1003 376 1035 terminetur,
397 1004 538 1039 subjungit
564 1005 656 1031 statim
673 1012 680 1030 :
696 1004 728 1031 Et
749 1011 783 1031 ne
809 1004 906 1031 dicatis
928 1008 984 1032 tres

198 1048 275 1080 deos,
288 1051 416 1083 quoniam
434 1049 504 1077 Deus
520 1050 590 1077 Deus
606 1058 675 1077 unus
688 1054 740 1077 est.
765 1051 835 1078 Ecce
848 1055 981 1084 quantum

199 1097 433 1131 appropinquavit
449 1096 482 1123 ad
496 1097 563 1123 illud
582 1097 654 1131 quod
671 1100 713 1124 est
735 1096 851 1124 maxime
867 1097 983 1123 arduum

200 1143 227 1169 in
245 1143 307 1171 fide.
325 1141 406 1168 modo
421 1142 538 1176 quodam
553 1142 605 1169 hoc
619 1142 712 1169 dicens
727 1141 860 1169 Joannis:
875 1150 886 1167 ι
904 1142 984 1169 Pater

200 1191 229 1213 ct
250 1187 369 1214 Verbum
387 1190 415 1213 et
430 1186 559 1220 Spiritus,
574 1191 602 1213 et.
624 1186 652 1212 hi
667 1191 724 1213 tres
740 1194 824 1212 unum
841 1191 904 1213 sunt
917 1186 949 1212 ".
972 1195 982 1212 ι

201 1230 308 1256 Ιιιιίυι·ἱι
320 1230 402 1264 igitur
416 1230 443 1256 in
459 1230 594 1256 Alcorano
606 1229 776 1256 Mahomctus
793 1230 877 1256 Deum
891 1229 984 1264 plura-

200 1276 265 1303 liter
282 1277 453 1310 luquentem,
467 1275 595 1310 ignorans
609 1282 729 1302 causam.
744 1274 888 1301 Manifesta
903 1274 986 1309 igitur

202 1323 266 1348 hinc
284 1322 371 1356 prima
388 1321 517 1355 quaestio,
544 1320 617 1355 quod
643 1320 826 1348 communiter
847 1319 985 1348 credimus

200 1375 262 1394 cuin
281 1367 324 1394 his
351 1366 435 1394 Deutn
452 1374 512 1394 esse
528 1374 614 1393 unum
629 1372 657 1394 et
670 1367 758 1394 solum
774 1372 802 1394 et
818 1367 983 1401 simplicem.

201 1413 254 1447 ipsi
269 1419 360 1440 autem
377 1413 479 1439 habent
494 1413 522 1439 in
536 1412 681 1445 Alcorano,
695 1413 765 1440 Deus
780 1413 860 1440 habet
874 1417 902 1439 et
917 1412 986 1440 Ver-

207 1459 272 1485 bum
288 1463 313 1485 et
331 1458 464 1492 Spiritum
480 1466 488 1485 :
502 1463 529 1486 et
543 1458 583 1485 sie
596 1457 733 1485 credimus
749 1466 845 1485 verum
858 1463 886 1485 et
899 1466 984 1485 unum

204 1508 232 1530 ct
243 1503 395 1538 simplicem
413 1503 510 1530 Deum.
526 1503 560 1530 Et
572 1503 681 1538 proprie
700 1503 734 1530 de
747 1511 776 1530 se
791 1503 914 1538 loquitur
929 1503 986 1530 sitt-

1030 276 1127 303 πλάσει
1138 277 1184 303 τοῦ
1199 277 1344 312 ἀνθρώπου
1360 276 1490 310 ἐλάλησεν
1502 277 1516 302 ὁ
1531 276 1596 306 Θεὸς
1611 275 1708 308 λέγων,
1731 275 1807 307 Ποιή-

1031 330 1122 354 σωμεν
1139 322 1281 356 ἄνθρωπον
1297 322 1358 349 κατ’
1370 322 1463 349 εἰκόνα
1477 322 1626 356 ἡμετέραν.
1648 321 1681 346 ’0
1694 328 1775 352 φασιν
1787 319 1809 345 ul

1035 368 1155 394 Ἰουδαῖοι
1170 368 1261 403 φωνὴν
1273 367 1343 394 εἶναι
1356 367 1402 394 τοῦ
1418 367 1485 393 Θεοῦ
1503 367 1571 401 πρὸς
1586 366 1648 397 τοὺς
1658 366 1786 399 ἀγγέλους
1800 372 1806 378 ·

1029 412 1098 446 ὅπερ
1111 412 1184 438 ἐστὶν
1205 413 1325 439 ἐναντίον
1335 414 1368 448 τῇ
1384 412 1445 447 θεία
1469 413 1574 447 Γραφῇ,
1598 412 1659 446 ἥτις
1686 411 1809 437 οὐδέποτε

1011 479 1015 482 ν
1030 459 1096 492 φησὶ
1110 458 1155 485 τὸν
1173 459 1287 492 ἄγγελον
1303 459 1465 485 κατέίκόνα
1480 457 1624 493 ἀνθρώπου
1647 456 1809 488 πεπλάσθαι,

1029 504 1097 531 ἀλλὰ
1115 504 1175 530 κατ’
1188 505 1279 531 εἰκόνα
1291 505 1370 533 Θεοῦ.
1390 505 1422 530 '0
1439 504 1486 530 καὶ
1505 503 1684 538 προστίθησιν
1706 503 1720 528 ὁ
1734 502 1812 528 Μωῦ-

1030 551 1089 584 σῆς,
1102 550 1202 584 ἐφεξῆς
1216 551 1274 584 μετ’
1290 550 1414 581 ἐκείνους
1424 550 1486 581 τοὺς
1500 549 1594 583 λόγους
1611 548 1709 582 λέγων,
1729 557 1738 573 ι
1759 548 1812 573 Καὶ

1029 597 1156 632 ἐποίησεν
1184 599 1198 624 ό
1227 597 1292 629 Θεὸς
1322 597 1369 624 τὸν
1393 597 1536 633 ἄνθρωπον
1571 598 1630 623 κατ’
1651 596 1743 622 είκόνα
1769 596 1813 622 καὶ

1029 643 1158 676 ὁμοίωσιν
1170 642 1263 676 αὑτοῦ,
1289 643 1349 669 κατ’
1363 643 1455 670 εἰκόνα
1469 642 1536 669 Θεοῦ
1551 643 1680 677 ἐποίησεν
1695 642 1784 670 αὐτόν,
1801 650 1809 666 ι

1032 688 1109 714 Ἐστι
1129 689 1218 715 τοίνυν
1234 689 1251 723 ἡ
1267 688 1343 722 φωνὴ
1355 689 1448 723 ἐκείνη
1466 689 1513 715 τοῦ
1539 689 1644 722 Πατρὸς
1673 688 1743 724 πρὸς
1771 688 1812 714 τὴν

1030 733 1134 769 Υίδν,ἢ
1153 734 1216 769 ὅλης
1227 734 1276 769 τῆς
1294 733 1408 769 Τριάδος
1436 735 1506 769 πρὸς
1530 735 1647 769 ἑαυτήν·
1661 735 1675 760 ό
1692 734 1748 768 γὰρ
1777 730 1812 764 εἷς

1031 780 1078 805 καὶ
1094 779 1194 810 ἁπλοῦς
1208 779 1274 810 Θεδς
1284 780 1317 814 τῇ
1329 779 1410 814 οὐσία
1423 779 1560 813 τριαδικός
1575 780 1633 806 ἐστι
1659 780 1718 810 τοῖς
1735 787 1813 813 προσ-

1033 825 1129 856 ώποις.
1147 825 1202 851 Kal.
1215 825 1288 851 τοῦτ’
1303 825 1336 852 ἂν
1351 823 1411 851 εἶπε
1427 825 1472 852 καὶ
1491 825 1521 851 τὸ
1537 825 1700 859 ’Δλκοράνον
1711 825 1812 856 ἁπλῶς,

1031 872 1055 898 εί
1070 873 1108 907 μὴ
1127 872 1255 898 ἐδεδοίκει
1267 871 1296 898 τὸ
1306 865 1344 906 μη
1357 872 1487 899 δύνασθαι
1504 869 1574 898 εῖναι
1586 871 1744 906 προσώπων
1762 871 1811 896 €ti~

1032 924 1123 950 κρισιν
1134 916 1197 942 ἀνευ
1210 917 1258 951 τῆς
1287 915 1348 941 κατ’
1358 916 1451 942 οὐσίαν
1465 915 1641 949 διακρίσεως.
1667 914 1721 941 Διὰ
1741 913 1815 940 τοῦτό

1033 970 1116 996 φησιν
1125 964 1153 988 ἐν
1165 962 1203 997 τῷ
1217 962 1356 996 κεφαλαίῳ
1366 962 1405 997 τῷ
1424 961 1561 993 Ἑλνεσὰν,
1577 958 1611 986 Ὦ
1628 960 1740 995 ἐτερεία
1768 960 1813 994 τῆς

1034 1005 1137 1040 βίὸλου,
1168 1007 1205 1040 μὴ
1223 1006 1367 1040 σχολάζετε
1384 1007 1414 1032 ὲν
1433 1006 1473 1040 τῷ
1489 1005 1565 1040 νόμῳ
1584 1004 1673 1040 ἡμῶν,
1705 1004 1753 1032 καὶ
1782 1004 1815 1037 μὴ

1033 1050 1127 1084 λέγετε
1142 1052 1205 1084 περὶ
1216 1051 1283 1077 Θεοῦ
1301 1051 1370 1085 πλὴν
1385 1050 1434 1085 τῆς
1447 1050 1587 1085 ἀληθείας,
1604 1050 1645 1076 ὅτι
1670 1050 1686 1076 ό
1703 1049 1815 1084 Χριττὺς

1040 1095 1144 1130 Ἰησοῦς
1161 1096 1217 1126 υἱός
1235 1097 1292 1122 ἐστι
1306 1096 1354 1130 τῆς
1369 1096 1489 1131 Μαρίας,
1519 1097 1567 1122 καὶ
1596 1095 1749 1126 ἀπόστολος
1773 1094 1814 1120 τοῦ

1034 1140 1112 1173 Θεοῦ,
1130 1141 1178 1166 καὶ
1193 1141 1278 1174 Λόγος
1288 1140 1367 1171 Θεοῦ,
1392 1140 1406 1166 ὃ
1434 1141 1464 1166 ἐν
1479 1140 1547 1175 αἰτῇ
1565 1139 1646 1174 ἔθηκε
1665 1139 1713 1166 διὰ
1739 1139 1816 1167 [huic

1036 1194 1132 1220 ματος.
1144 1186 1209 1212 Ἰδοὺ
1225 1185 1342 1212 ἐνταῦθα
1353 1185 1479 1220 ὀνομάζει
1491 1185 1566 1218 Θεὸν,
1584 1186 1631 1212 καὶ
1654 1186 1744 1220 Λόγον
1755 1185 1815 1211 Θεοῦ

1035 1231 1082 1257 καὶ
1102 1231 1213 1265 Πνεῦμα
1239 1232 1326 1265 ἅγιον.
1358 1230 1437 1258 Ἀλλὰ
1453 1231 1625 1266 Ῑφοσούμενος
1646 1228 1752 1266 ῐνα’μὴ
1777 1231 1815 1257 διὰ

1035 1276 1149 1311 ταῦταή
1165 1275 1226 1303 θεία
1241 1276 1320 1302 οὐσία
1338 1276 1465 1311 μερισθῇ,
1479 1276 1495 1311 ἢ
1511 1275 1661 1310 πληθυνθῇ,
1679 1276 1697 1311 ἦ
1713 1275 1812 1310 ὁρισθῇ,

1035 1321 1198 1356 προστίθησι
1210 1321 1349 1356 παρευθύς
1360 1330 1368 1339 ·
1397 1321 1453 1348 Καὶ
1467 1322 1504 1357 μὴ
1520 1322 1622 1348 εἴποιτε
1640 1323 1730 1356 τρεῖς,
1747 1323 1784 1348 ὅτι
1803 1323 1815 1347 ὸ

1035 1367 1100 1399 Θεος
1114 1367 1180 1399 Θεός
1203 1368 1277 1394 ἐστιν
1305 1365 1356 1400 εἷς.
1381 1368 1448 1395 Ἰδοὺ
1471 1368 1554 1394 πόσον
1582 1368 1781 1403 πεπλησίακεν,
1803 1368 1816 1394 ὃ

1037 1413 1154 1448 μάλιστα
1181 1413 1308 1448 μέγιστόν
1321 1413 1394 1440 ἐστιν
1406 1414 1436 1440 ἐν
1448 1415 1481 1448 τῇ
1509 1413 1613 1447 πίστει,
1639 1414 1743 1448 τρόπον
1763 1413 1816 1439 τινὰ

1035 1459 1122 1486 ταυτὰ
1136 1459 1223 1492 λέγων
1237 1458 1275 1492 τῷ
1292 1459 1414 1494 Ἰωάννῃ’
1449 1467 1458 1484 ι
1474 1459 1488 1485 ό
1500 1458 1604 1494 Πατὴρ,
1636 1459 1650 1484 ό
1663 1459 1750 1492 Λόγος
1775 1458 1816 1484 καὶ

1036 1503 1067 1530 τδ
1082 1502 1203 1537 Πνεῦμα,
1223 1503 1270 1529 καὶ
1281 1500 1353 1528 οὗτοι
1364 1503 1389 1528 οί
1405 1503 1479 1537 τρεῖς
1491 1503 1521 1529 τὸ
1535 1503 1564 1529 ἓν
1578 1503 1657 1529 εἰσιν.
1679 1512 1690 1529 ι
1714 1503 1816 1535 Είοάγοι

203 1549 338 1584 gulariter
351 1558 358 1582 ;
371 1554 515 1583 propterea
528 1553 619 1575 autem
631 1549 703 1584 quod
720 1549 808 1577 trinus
824 1553 868 1576 est
883 1549 911 1576 in
925 1557 985 1585 per-

1037 1549 1127 1576 τοίνυν
1143 1549 1171 1575 ὲν
1184 1548 1223 1583 τῷ
1245 1548 1403 1583 Ἀλκοράνῳ
1419 1549 1432 1574 ὸ
1446 1548 1568 1583 Μωάμεθ
1595 1549 1641 1576 τὸν
1661 1548 1730 1575 Θεδν
1755 1548 1817 1582 πλη-

203 1595 290 1630 sortis,
309 1595 458 1631 aliquando
475 1595 510 1623 de
525 1603 554 1622 se
573 1595 716 1629 pluraliter
732 1594 868 1629 loquitur.

1040 1595 1174 1626 θυντικῶς
1190 1593 1393 1629 διαλεγόμενον,
1420 1594 1526 1627 ἀγνοῶν
1552 1593 1601 1629 τὴν
1613 1594 1716 1621 αἰτίαν.
1739 1594 1816 1628 Δῆλον

201 1644 290 1669 τοίνυν
317 1643 441 1669 ἐντεῦθεν
457 1643 486 1669 τὸ
503 1643 611 1676 πρῶτδν
625 1642 744 1677 ζήτημα,
757 1643 798 1669 ὅτι
813 1643 910 1675 κοινῶς
934 1645 1096 1678 πιστεύομεν
1122 1642 1181 1676 μετ’
1206 1641 1296 1669 αὐτῶν
1329 1641 1374 1668 τὸν
1407 1640 1473 1667 Θεὸν
1499 1640 1548 1667 ἕνα
1581 1640 1629 1667 καὶ
1653 1640 1735 1675 μόνον
1756 1638 1818 1666 εἶναι

202 1688 249 1713 καὶ
261 1687 374 1714 ἁπλοῦν.
390 1687 472 1714 Λὺτοὶ
485 1687 513 1714 δὲ
523 1687 631 1723 ἔχουσιν
657 1688 687 1714 ἐν
703 1687 741 1722 τῷ
769 1686 927 1723 ’Λλκοράνῳ
941 1695 948 1703 ·
971 1687 1002 1715 '0
1037 1688 1104 1719 Θεὺς
1123 1687 1240 1723 ἔχεικαὶ
1269 1687 1355 1721 Λόγον
1372 1687 1419 1714 καὶ
1447 1686 1571 1720 Πνεῦμα.
1597 1687 1653 1714 Καὶ
1677 1687 1749 1713 οὕτω
1778 1693 1817 1711 πι-

203 1733 332 1768 στεύομεν
345 1735 389 1760 τὸν
402 1734 490 1769 ἀληθῆ
504 1736 551 1760 καὶ
567 1734 615 1760 ἕνα
628 1734 676 1761 καὶ
687 1733 789 1760 ἁπλοῦν
818 1733 897 1766 Θεὸν,
918 1734 956 1766 ὡς
988 1734 1037 1770 μὲν
1056 1735 1103 1762 ἕνα
1118 1733 1216 1766 ἑνικῶς
1232 1733 1412 1767 διαλέγεσθαι·
1424 1732 1476 1768 ,διὰ
1493 1733 1523 1759 δὲ
1532 1733 1564 1759 τὸ
1593 1733 1733 1767 τριαδικὸν
1753 1730 1817 1760 εἶναι

203 1782 259 1811 τοῖς
273 1781 440 1815 προσώποις,
461 1781 547 1807 ἐνίοτε
564 1781 611 1807 καὶ
623 1780 821 1814 πληθυντικῶς.

238 1827 364 1854 Secunda
377 1827 492 1861 qumstio
512 1830 565 1858 cst,
580 1825 654 1861 quod
670 1826 836 1854 Alcoranum
859 1824 989 1854 continue

203 1871 330 1898 meminit
344 1871 465 1905 Spiritus
481 1870 580 1902 sancti,
593 1875 621 1897 et
636 1870 718 1897 \‘erbi
734 1870 792 1898 Dei.
809 1871 876 1903 Quis
889 1877 930 1898 est
944 1871 990 1898 ille

203 1918 323 1952 Spiritus
339 1921 464 1948 sanctus,
484 1921 513 1944 et
528 1916 602 1950 quod
627 1921 668 1943 est
695 1916 760 1943 illud
779 1916 898 1944 Verbum
924 1916 991 1944 Dei?

205 1964 241 1990 De
254 1963 358 1998 Spiritu
376 1967 470 1990 sancto
494 1962 604 1996 quidem
622 1962 689 1989 dicit
704 1963 731 1989 in
748 1963 866 1997 capitulo
879 1963 992 1997 Elpace-

204 2017 262 2037 ram
288 2017 320 2036 ex
347 2016 462 2043 persona
486 2009 532 2035 Dei
557 2016 565 2034 ι
588 2007 717 2036 Dedimus
743 2008 808 2036 Jesu
829 2008 885 2036 lilio
899 2008 990 2036 Maria:

205 2061 234 2083 ut
251 2056 353 2084 faceret
366 2056 488 2090 prodigia
504 2061 531 2083 et
541 2055 673 2083 miracula
687 2055 841 2086 manifesta,
855 2059 882 2082 et
895 2055 988 2090 perfe-

204 2102 294 2128 cimus
314 2108 377 2128 cum
400 2109 449 2136 per
474 2101 608 2136 Spiritum
634 2105 777 2134 sanctum;
795 2100 890 2128 ethoc
915 2100 988 2128 idem

205 2147 304 2182 repetit
319 2156 367 2182 per
380 2151 466 2174 totum
484 2148 644 2182 capitulum.
659 2148 725 2174 Item
741 2147 809 2175 dicit
823 2147 851 2174 in
867 2146 989 2181 capitulo

206 2193 326 2227 Elempai
343 2192 476 2220 de'Maria
489 2200 497 2218 ι
512 2193 709 2227 lnspiravimus
722 2192 749 2219 in
764 2199 823 2218 eam
835 2199 868 2219 ex
884 2191 989 2226 Spiritu

1072 1825 1204 1861 Δεύτερον
1222 1826 1334 1861 ζήτημά
1348 1826 1432 1858 ἐστιν,
1449 1826 1489 1854 ὅτι
1511 1826 1542 1853 τδ
1560 1826 1725 1861 Ἀλκοράνον
1746 1834 1817 1852 συνε-

1038 1870 1158 1906 χέστατα
1182 1872 1321 1906 μέμνηται
1345 1871 1393 1899 τοῦ
1409 1872 1487 1905 ἁγίου
1512 1871 1682 1906 Πνεύματος,
1707 1873 1753 1898 καὶ
1774 1871 1816 1897 τοῦ

1038 1917 1127 1951 Λόγου
1141 1918 1189 1944 τοῦ
1201 1917 1281 1944 Θεοῦ.
1297 1917 1329 1943 Τί
1341 1917 1429 1944 τοίνυν
1443 1917 1501 1944 ἐστὶ
1517 1917 1597 1944 τοῦτο
1618 1917 1648 1943 τὸ
1664 1917 1776 1952 Πνεῦμα
1791 1916 1817 1943 τὸ

1039 1962 1134 1997 ἆγιον,
1152 1963 1199 1989 καὶ
1214 1963 1257 1995 τίς
1273 1963 1287 1988 ὸ
1302 1963 1348 1988 τοῦ
1365 1962 1432 1989 Θεοῦ
1449 1962 1555 1996 Λόγος;
1571 1962 1638 1997 Περὶ
1653 1963 1703 1998 μὲν
1719 1961 1764 1990 οὖν
1775 1961 1816 1988 τοῦ

1041 2010 1119 2043 ἁγίου
1131 2009 1289 2043 Πνεύματός
1310 2015 1393 2043 φησιν
1410 2008 1438 2034 ὲν
1454 2007 1655 2042 τῷ,κεῳαλαίῳ
1669 2008 1708 2043 τῷ
1728 2007 1817 2034 Ἐλπι-

1042 2053 1134 2089 κερὰμ
1147 2055 1178 2080 εκ
1192 2053 1338 2088 προσώπου
1352 2052 1398 2079 τοῦ
1411 2053 1479 2079 Θεοῦ
1492 2061 1499 2068 ο
1520 2053 1677 2087 Ἐδώκαμεν
1690 2053 1729 2089 τῷ
1737 2052 1815 2088 Ἰησοῦ

1040 2098 1080 2133 τῷ
1097 2097 1148 2133 υίῷ
1160 2099 1210 2133 τῆς
1224 2097 1335 2132 Μαρίας
1353 2097 1440 2123 ποιεῖν
1455 2096 1554 2130 τέρατα
1567 2097 1614 2122 καὶ
1627 2097 1752 2132 θαύματα
1768 2105 1814 2131 φα-

1041 2141 1118 2176 νερὰ,
1131 2142 1179 2168 καὶ
1195 2141 1392 2176 ἰτελειώσαμεν
1405 2141 1485 2167 αὑτὸν
1498 2140 1542 2168 διὰ
1556 2141 1714 2176 Πνεύματις
1725 2142 1798 2175 ἁγίου
1808 2147 1814 2155 ⁸

1042 2190 1090 2216 καὶ
1101 2187 1173 2215 ιιοῦις*
1188 2188 1257 2214 αὐτὰ
1268 2187 1494 2222 ὲπαναλαμὸάνει
1506 2187 1550 2214 διὰ
1565 2188 1666 2219 παντὸς
1681 2187 1728 2215 τοῦ
1739 2195 1816 2221 κεφα-

205 2242 309 2265 sancto.
331 2237 363 2264 Et
383 2238 411 2264 in
428 2238 554 2271 pluribus
581 2238 644 2264 aliis
666 2237 735 2264 locis
752 2237 852 2264 sitnilia
868 2237 935 2264 dicit
957 2237 985 2264 de

1044 2234 1133 2262 λαίου.
1149 2234 1209 2260 Ἔτι
1218 2233 1301 2268 φησιν
1309 2233 1337 2259 ἐν
1346 2233 1385 2268 τῷ
1397 2232 1536 2267 κεφαλαίῳ
1549 2232 1588 2267 τῷ
1596 2233 1692 2262 Ἐλπιᾶ
1704 2232 1816 2268 περὶτῆς

206 2285 309 2318 Spiritu
330 2288 435 2311 sancto.
463 2283 496 2310 Et
519 2291 572 2310 non
591 2287 707 2318 possunt
729 2282 822 2309 dicere
845 2282 987 2314 Saraceni,

205 2335 362 2356 creaturam
381 2329 526 2363 quamdam
547 2336 618 2360 esse,
633 2329 704 2354 sicut
727 2327 841 2362 angelus
864 2326 988 2360 quidam,

205 2374 311 2401 scilicet
326 2374 424 2405 bonus,
433 2373 562 2408 quoniam
575 2372 749 2407 singulariter
762 2372 796 2399 de
811 2379 845 2399 eo
857 2371 987 2406 loquitur,

208 2425 335 2454 tanquam
346 2420 380 2446 de
394 2427 448 2446 uno
460 2423 566 2446 sancto.
578 2419 671 2445 Sancti
684 2423 775 2445 autem
790 2417 879 2452 angeli
895 2418 988 2452 plures

207 2470 282 2497 sunt,
298 2468 326 2492 et
345 2471 443 2490 omnes
459 2468 523 2491 sunt
537 2463 595 2490 Dei.
615 2463 681 2495 Quae
702 2462 786 2496 igitur
801 2469 895 2493 causa,
912 2466 942 2488 ut
957 2461 991 2489 de

206 2510 255 2537 illo
277 2509 452 2544 singulariter
467 2509 585 2541 diceret,
609 2513 704 2535 nostro
728 2512 755 2535 et
781 2507 900 2534 sancto?
923 2507 991 2534 item

206 2563 261 2582 non
277 2559 350 2582 esset
364 2561 460 2588 magna
475 2554 536 2581 laus
549 2553 583 2580 de
595 2553 718 2584 Christo,
735 2553 990 2587 quemAlcoranum

207 2600 325 2626 intendit
341 2598 516 2632 singulariter
537 2597 742 2629 commendare,
764 2598 836 2632 quod
856 2597 928 2624 Deus
944 2596 991 2624 de-

207 2645 294 2672 disset
310 2645 334 2671 ei
349 2645 473 2679 angelum
490 2645 642 2670 custodem.
658 2643 779 2677 Quisque
809 2643 883 2670 enim
898 2642 991 2669 homi-

208 2698 273 2716 num
298 2689 381 2716 habet
400 2689 526 2724 angelum
549 2689 703 2715 eustodem.
723 2688 828 2715 Etenim
842 2687 914 2714 Deus
927 2687 992 2715 facit.

209 2735 320 2770 angelos
342 2735 468 2770 spiritus,
486 2739 514 2762 et
540 2739 650 2762 nostros
667 2734 817 2768 apostolos,
831 2734 902 2760 sicut
925 2733 992 2760 dicit

207 2780 373 2807 Alcoranum
396 2780 424 2806 in
447 2779 566 2814 capitulo
591 2778 721 2806 Elmaice.
740 2778 808 2805 Item
829 2777 919 2813 angeli
935 2785 990 2804 non

244 2859 268 2877 ¹⁶
280 2858 350 2886 Gen.
369 2866 388 2892 ι,
405 2859 450 2886 27.
489 2859 511 2874 ’⁷
527 2858 606 2886 Joan.
620 2866 646 2892 ν,
663 2858 689 2886 7.

1041 2277 1162 2312 Μαρίας,
1172 2277 1394 2312 Ἑνεφυσήσαμεν
1409 2277 1448 2308 εἰς
1464 2276 1548 2312 αὐτὴν
1564 2277 1596 2303 ἐκ
1607 2276 1654 2303 τοῦ
1667 2276 1816 2311 Πνεῦματος

1042 2323 1088 2349 τοῦ
1100 2323 1188 2356 ἁγίου·
1201 2323 1285 2358 καὶλέν
1294 2323 1413 2350 πλείοσιν
1428 2321 1517 2353 ἄλλοις
1528 2322 1620 2353 τόποις
1631 2322 1665 2349 τὰ
1678 2323 1755 2357 ὃμοια
1767 2321 1816 2347 δια-

1042 2368 1152 2402 λέγεται
1160 2367 1278 2401 περὶτοῦ
1285 2367 1363 2402 ἁγίου
1373 2364 1600 2401 Πνεῦμιιίιτοςᾶςαλ⁵
1608 2369 1639 2394 οὐ
1648 2369 1770 2395 δύνανται
1777 2367 1816 2392 λί-

1042 2421 1102 2447 γειν
1116 2413 1141 2439 οί
1151 2413 1322 2449 Σαρῤακηνοὶ
1332 2413 1433 2447 κτίσμα
1448 2421 1475 2439 τι
1486 2411 1567 2446 εἶναι,
1585 2409 1640 2439 οἷον
1656 2413 1768 2447 ἄγγελός
1782 2419 1817 2442 τις

1043 2458 1154 2492 ἁγαθός·
1169 2458 1231 2484 ἐπεὶ
1245 2457 1342 2489 ἑνικῶς
1357 2458 1420 2492 περὶ
1434 2458 1516 2484 αὑτοῦ
1528 2459 1694 2492 διαλέγεται,
1705 2458 1741 2488 ὡς
1760 2458 1818 2491 περὶ

1043 2504 1101 2535 ἐνὸς
1112 2504 1199 2538 ἁγίου.
1209 2504 1241 2530 Ol.
1252 2503 1280 2529 δὲ
1291 2503 1363 2536 ἅγιοι
1375 2503 1485 2537 ἄγγελοι
1497 2504 1589 2530 πολλοί
1600 2504 1664 2536 εισι,
1674 2504 1721 2530 καὶ
1729 2503 1818 2532 πάντες

1044 2548 1097 2574 εἰσὶ
1114 2547 1160 2574 τοῦ
1179 2547 1257 2574 Θεοῦ.
1274 2548 1323 2579 Τίς
1332 2548 1449 2583 τοίνυνή
1465 2549 1537 2575 αἰτία
1554 2549 1651 2580 ἑνικῶς
1666 2549 1731 2583 περὶ
1743 2546 1817 2574 αὑτοῦ

1043 2594 1230 2627 διαλέγεσθαι,
1246 2594 1292 2620 καὶ
1302 2594 1392 2626 λέγειν
1405 2595 1540 2629 ἡμετέρου
1551 2595 1598 2621 καὶ
1608 2595 1687 2628 ἁγίου
1699 2603 1707 2627 ;
1724 2594 1775 2620 Καὶ
1785 2593 1819 2617 ἔτι

1044 2639 1092 2666 οὐκ
1102 2639 1134 2665 ἂν
1144 2637 1177 2673 ἦν
1189 2639 1260 2673 μέγα
1269 2639 1405 2673 ἐγκώμιον
1419 2639 1483 2673 περὶ
1497 2639 1544 2666 τοῦ
1552 2638 1682 2674 Χριστοῦ,
1694 2639 1724 2665 ὃν
1733 2637 1818 2664 τὸᾺλ-

1045 2685 1160 2719 κοράνον
1175 2685 1246 2716 ἰδίως
1263 2686 1360 2711 σκοπεῖ
1381 2686 1519 2721 συνιστᾷν,
1544 2685 1575 2712 τὸ
1594 2685 1686 2712 δοῦναι
1703 2685 1747 2711 τὸν
1760 2682 1818 2709 θεὸν

1045 2731 1120 2766 αὐτῷ
1135 2731 1249 2764 ἄγγελον
1265 2730 1524 2764 φύλακα.”Εκαστο;
1539 2731 1594 2766 γὰρ
1610 2730 1664 2758 τῶν
1676 2729 1819 2765 ἀνθρώπων

1043 2777 1100 2812 ἔχει
1115 2777 1231 2812 ἄγγελον
1248 2776 1367 2812 φύλακα.
1382 2777 1436 2804 Καὶ
1449 2777 1503 2812 γὰρ
1517 2778 1531 2805 ὁ
1547 2777 1612 2809 Θεὸς
1624 2778 1698 2804 ποιεῖ
1709 2777 1768 2806 τοὺς
1778 2774 1820 2807 ἀγ-
