1942 3090
202 131 267 164 1131

820 129 1006 160 DEMETRI]
1031 130 1188 161 CYDONH

1732 131 1811 164 .1112

200 186 282 213 nibus
297 185 492 220 distinguatur,
509 185 579 213 sicut
599 188 627 212 et
642 185 675 211 de
695 184 798 219 Spiritu
813 183 917 211 dictum
931 189 982 211 est.

1039 185 1124 212 litt-:16
1141 186 1220 220 λόγος
1237 185 1283 212 τοῦ
1300 185 1423 219 λέγοντος
1444 187 1491 212 ’καὶ
1506 185 1552 212 τοῦ
1572 186 1695 219 νοοῦντος
1711 187 1754 214 τὸν
1771 188 1811 214 λό-

199 232 234 259 Ει
245 233 296 259 hoe
306 237 348 271 est
357 231 485 264 Verbum,
495 239 550 265 qtto
562 231 634 259 Deus
645 231 735 259 omnia
749 238 809 266 quae
825 236 888 258 sunt
902 231 982 262 dixit,

202 287 212 303 ι
225 277 305 305 Fiant
317 277 424 305 etfacta
434 281 511 304 sunt:
524 287 531 302 ι
542 277 612 304 sicut
621 281 646 304 et
656 277 682 303 in
692 276 934 304 Alcoranodicitur
951 277 983 304 Et

203 325 356 352 secundum
372 325 424 352 hoc
441 324 570 352 convenit
586 323 750 352 Alcoranum
763 331 824 350 cum
836 323 983 358 Eraugvlio

200 370 376 405 Joannis,qui
392 371 474 398 dicit:
489 379 498 396 ι
511 370 602 398 Omnia
617 378 665 405 per
676 370 762 405 ipsum
774 372 844 396 facta
858 369 980 397 suut“.r

200 416 336 450 Quoniam
357 416 440 451 igitur
453 416 486 443 ab
503 423 537 443 eo
561 417 607 450 qui
627 416 758 450 loquitur,
773 415 893 442 Verbum
911 422 984 442 eom-

192 461 392 496 ~preheuditur,
415 465 442 488 et
459 461 679 488 intellectualiter
699 460 821 496 gignitur
836 467 843 486 :
859 464 887 487 el
910 459 983 494 quod

201 509 236 536 ab
249 509 336 536 altero
348 513 495 544 generatur
503 509 653 535 secundum
663 506 870 534 similitudinem
882 504 983 540 speciei

201 559 229 581 et.
243 559 359 584 natum,
373 553 476 580 dicitur
491 553 564 580 ﬁlius
579 561 586 584 ;
601 556 712 586 propter
728 551 788 583 hoc,
803 550 922 577 Verbum
937 549 983 576 Del

201 599 318 627 dicimus
334 599 431 626 Filium
452 598 512 629 Dei,
526 599 595 625 sicut
611 597 651 624 sol
668 597 688 623 si
703 601 846 631 generaret
859 603 892 623 ex
903 603 932 623 se
946 600 987 622 ta-

201 647 253 674 lent
272 646 445 681 splendorem
460 645 505 679 qui
518 648 590 671 esset
605 643 655 675 sol,
665 643 741 670 illttm
757 642 840 669 solent
853 647 880 668 et
895 642 985 677 splen-

199 691 295 718 dorem
321 692 475 717 dieerettnts
499 689 583 715 lilium
609 688 684 715 solis.
704 687 734 714 ln
753 687 804 714 ltoc
829 691 917 714 tamen
941 689 986 713 est

200 736 370 768 dilfereutia,
395 735 467 770 quod
494 735 520 761 in
545 734 689 764 creaturis,
711 734 737 759 in
763 733 863 766 quibus
883 739 942 760 esse
957 735 986 760 et

200 781 319 809 essentia
343 779 484 813 diﬂ‘ertmt,
498 787 550 806 tton
568 783 681 812 possunt
701 777 878 811 multiplicari
894 776 985 812 subje-

202 833 257 859 cta,
271 835 333 854 eum
357 830 411 854 n'on
426 825 623 860 multiplicatur
643 829 751 851 natura.
768 823 845 852 Unde
859 827 887 850 et
903 823 985 850 homo

201 874 285 900 alium
303 871 562 906 hominem-gignit:
578 870 649 897 Deus
667 874 769 902 autem,
792 870 817 895 itt
837 877 892 904 quo
912 868 984 896 idetn

201 922 244 945 est
256 925 316 944 esse
329 921 356 944 et
369 916 499 948 essentia,
512 923 545 942 ex
559 915 649 949 seipso
662 914 774 941 verbum
791 914 914 949 gignens,
929 921 984 940 non

201 964 286 990 alitttn
307 964 391 990 Deum
409 966 532 998 generat.
550 961 645 988 Divina
661 961 735 988 enim
753 961 870 987 essentia
897 967 986 994 neque

202 1009 343 1035 dissimilis
356 1012 408 1039 est,
423 1014 514 1041 neque
528 1006 619 1039 iunala
633 1010 676 1033 est
695 1004 870 1039 multiplicari
885 1012 986 1032 secun-

201 1054 266 1080 dum
276 1053 393 1087 aliquem
403 1052 524 1084 modum,
533 1056 644 1087 propter
650 1059 782 1078 summam
793 1049 986 1085 perfectionem

202 1104 230 1126 et
251 1099 464 1134 simplicitatem.
483 1097 656 1125 Mabometus
672 1097 754 1132 igitur
776 1096 891 1124 audiens
910 1095 989 1124 Chri-

203 1145 292 1171 tiatms
310 1145 433 1171 dicentes
446 1144 531 1171 Deum
556 1143 658 1170 habere
676 1142 772 1174 ﬁlium,
791 1142 908 1170 nescivit
919 1149 988 1169 eon-

203 1189 335 1220 sitiet-are,
349 1188 422 1222 quod
439 1187 569 1222 possibile
584 1191 699 1214 estesse
716 1186 799 1213 lilium
813 1186 917 1220 absque
932 1193 988 1212 tnu-

204 1235 280 1261 liere.
296 1234 330 1260 Et
352 1238 461 1268 propter
478 1233 531 1260 hoc
552 1233 656 1259 trullam
679 1232 760 1259 aliam
777 1231 890 1258 adduxit
905 1239 988 1266 argu-

204 1279 401 1306 mentationem
429 1279 481 1305 nisi
505 1277 577 1312 quod
603 1277 672 1304 Deus
695 1284 749 1303 non
771 1280 859 1310 potest
886 1275 988 1302 habere

205 1324 316 1356 Filium,
332 1324 395 1358 quia
409 1331 521 1350 uxorem
536 1331 588 1349 non
604 1323 695 1349 habet.
708 1322 741 1348 Et
755 1329 808 1348 non
823 1321 988 1355 excogitavit
1007 1330 1011 1332 ·

202 1371 275 1406 quod
293 1370 362 1397 dixit
384 1369 480 1401 David,
497 1376 578 1403 quem
595 1372 699 1394 tantttut
716 1366 918 1394 commendavit
933 1365 989 1392 Ma-

205 1416 342 1446 ltomctus,
360 1413 407 1449 qui
422 1417 522 1448 pneter
539 1412 622 1439 ﬁlium
646 1411 801 1438 naturalem
818 1411 887 1437 dixit
901 1409 988 1436 Deum

205 1460 307 1488 multos
318 1459 421 1487 habere
436 1459 506 1486 ﬁlios
518 1457 672 1492 adoptivos.
687 1457 781 1484 dicens
795 1465 802 1483 :
821 1465 830 1482 ι
850 1456 906 1491 Ego
919 1455 987 1487 dixi,

203 1507 241 1534 dii
260 1507 338 1538 estis,
355 1511 384 1534 et
401 1505 448 1532 ﬁlii
465 1505 570 1532 Excelsi
586 1512 681 1530 omnes
695 1503 729 1533 ιν,
746 1512 754 1528 ι
772 1508 798 1530 et
812 1510 867 1529 non
880 1509 913 1529 ex
928 1509 988 1528 mu-

203 1555 281 1581 liere.
300 1553 374 1580 Alias
395 1551 567 1579 tatnett'lieet
583 1550 765 1576 Malmntetum
783 1548 864 1576 simul
879 1555 942 1575 cum
955 1554 988 1575 eo

204 1599 367 1633 intelligere,
394 1598 440 1632 qui
461 1597 527 1624 dicit
542 1597 654 1623 Mariam
669 1603 750 1631 posse
775 1595 876 1622 habere
902 1594 988 1621 lilium

204 1646 309 1679 absque
322 1645 383 1671 viro
396 1653 403 1671 :
419 1643 465 1670 sed
481 1642 629 1678 quomodo,
644 1650 697 1669 non
714 1642 910 1668 convenienter
923 1648 988 1667 eon-

204 1691 347 1722 sidcravit.
369 1689 442 1725 quod
460 1690 530 1716 licus
554 1693 582 1715 et
597 1690 699 1722 absque
716 1686 830 1714 muliere
855 1685 990 1720 potuisset

205 1738 305 1765 habere
336 1736 433 1763 ﬁlium.
465 1735 563 1762 Verum
594 1734 676 1768 igitur
704 1733 774 1759 dixit
801 1732 989 1762 Mahotnetus,

203 1783 315 1818 quando
331 1782 398 1809 dixit
411 1781 549 1809 Christum
560 1780 652 1807 Jesuttt
671 1779 756 1805 lilium
771 1779 870 1810 Mariae,
881 1783 908 1805 et
923 1777 990 1805 Ver-

205 1829 270 1856 bum
292 1828 339 1855 Dei
361 1834 421 1855 esse
436 1835 443 1854 :
458 1825 505 1854 sed
532 1833 585 1852 non
610 1825 754 1852 intellexit.
772 1825 800 1852 Si
816 1824 890 1851 eniut
911 1824 990 1852 intel-

204 1873 329 1902 lexisset.
353 1872 488 1899 dixisset:
514 1871 553 1897 Ex
572 1877 626 1904 quo
654 1874 692 1896 est
721 1870 791 1897 [ilius
818 1870 924 1902 Mariae,
948 1875 991 1897 est

204 1926 287 1946 verus
312 1918 414 1950 homo;
436 1925 470 1944 cx
495 1923 549 1950 quo
575 1920 618 1942 est
635 1915 752 1942 Verbum
777 1915 837 1947 Dei,
853 1919 894 1942 est
909 1923 990 1943 verus

206 1965 289 1992 Deus.
304 1963 363 1991 Non
379 1963 454 1990 enim
475 1967 516 1990 cst
532 1962 604 1990 Deus
621 1961 790 1996 compositus
804 1965 832 1988 et
849 1960 992 1995 imperfec-

207 2016 261 2042 tus,
277 2010 349 2036 sit-ut
370 2009 463 2039 homo,
487 2008 567 2043 cujus
597 2007 709 2034 verbum
735 2011 763 2033 et
783 2006 991 2040 comprehensio

207 2056 319 2087 utentis,
333 2061 361 2082 et
384 2062 428 2082 ars
453 2059 481 2081 et
505 2053 588 2085 actio,
611 2061 665 2080 tton
686 2057 729 2080 est
743 2052 836 2079 homo.
852 2052 991 2086 Quidquid

206 2107 298 2129 autem
322 2105 364 2128 est
399 2100 462 2131 Dei,
480 2105 523 2127 est
545 2099 626 2126 Deus.
651 2098 728 2127 Unde
754 2103 782 2126 et
799 2098 918 2126 Verbum
944 2098 991 2126 Dei

210 2149 239 2174 l)t
249 2155 280 2173 us
292 2151 344 2178 est,
362 2150 390 2173 et
407 2146 561 2173 intellectus
587 2144 634 2171 Dei
652 2145 723 2171 Deus
737 2149 781 2171 est
802 2148 829 2171 et
850 2145 921 2170 actio
942 2143 991 2171 Dei

1036 240 1083 265 γον
1103 231 1229 267 διαφέρει
1246 232 1346 266 τρόπον
1368 231 1439 261 τινὰ.
1465 232 1493 258 ἐν
1510 232 1538 258 δὲ
1563 233 1595 267 τῇ
1612 232 1671 266 θείᾳ
1694 233 1773 268 οὐσίᾳ
1784 234 1811 259 οὐ

1035 277 1146 303 δύναται
1166 275 1236 303 εἶναι
1267 277 1397 312 διαίρεσις
1427 277 1443 312 ἢ
1468 277 1620 312 διάκρισίς⁸
1642 279 1747 313 ἀνάγκη
1761 279 1813 305 ἐκεῖ

1036 324 1105 350 εἶναι
1123 323 1302 359 προσωπικὴν
1325 322 1409 358 μόνην
1431 323 1578 359 διάκρισιν,
1597 323 1667 350 ὥστε
1682 324 1727 350 τὸν
1740 324 1814 357 λόγον

1035 369 1083 396 τοῦ
1099 369 1223 402 λέγοντος
1242 369 1391 404 ἀναφοραῖς
1403 367 1589 403 διακρίνεσθαι
1604 368 1709 402 μόναις,
1724 369 1814 404 ὥσπερ

1036 413 1162 448 καὶπερὶ
1178 414 1225 440 τοῦ
1243 414 1322 447 ἁγίου
1347 414 1504 449 Πνεύματος
1524 415 1642 450 εἴρηται.
1669 416 1724 441 Καὶ
1743 412 1815 446 οὗτός

1036 461 1110 487 ἐστιν
1125 460 1139 486 ὁ
1154 459 1242 493 λόγος,
1263 456 1285 493 ᾧ
1305 460 1319 486 ὁ
1344 459 1421 492 Θεὸς,
1440 460 1531 486 Πάντα
1543 461 1578 486 τὰ
1603 460 1734 496 γινόμεεα
1748 461 1814 492 εἷπε.

1038 514 1049 532 ι
1067 505 1198 535 Γενέσθω,
1215 505 1262 532 καὶ
1275 505 1403 539 γέγονεν·
1423 514 1432 531 ι
1449 505 1544 540 ὥσπερ
1566 506 1613 532 καὶ
1627 506 1706 540 ἐντῷ
1727 507 1816 533 Ἀλκο-

1036 550 1112 584 ράνῳ
1125 549 1245 581 λέγεται.
1262 549 1317 575 Καὶ
1339 548 1411 574 κατὰ
1424 548 1503 574 τοῦτο
1526 550 1667 584 συμφωνεῖ
1678 550 1708 576 τὸ
1725 549 1816 576 ’Λλκο-

1038 595 1118 630 ράνον
1133 595 1171 629 τῷ
1185 594 1342 630 Εὑαγγελίῳ
1357 594 1404 623 τοῦ
1429 594 1563 628 Ἰωάννου,
1576 595 1606 627 ὃς
1616 604 1693 630 φησι,
1704 605 1714 622 ς
1727 596 1815 622 Πάντα

1035 640 1069 667 δι’
1084 640 1167 667 αὑτοῦ
1181 641 1299 674 ἐγένετο.
1317 649 1326 665 ι
1351 640 1427 666 Ἐπεὶ
1446 641 1536 667 τοίνυν
1555 641 1609 668 ὑπὸ
1625 641 1672 668 τοῦ
1694 641 1816 675 λέγοντες

1035 687 1140 721 ὁλόγος
1161 686 1391 721 συλλαμόάνεται,
1413 686 1461 712 καὶ
1481 687 1583 720 νοερῶς
1606 688 1757 720 γεννᾶται·
1773 687 1817 713 καὶ

1036 733 1066 760 τὸ
1082 733 1128 767 ἀφ’
1145 734 1238 767 ἑτέρου
1251 732 1421 767 γεννώμενον
1433 731 1495 759 καθ’
1508 732 1655 768 ὁμοιότητα
1670 733 1719 760 τοῦ
1735 733 1817 764 εἴδους

1036 779 1083 805 καὶ
1094 779 1144 812 τῆς
1161 778 1267 812 φύσεως
1284 778 1394 812 λέγεται
1408 778 1477 812 υίὸς,
1496 778 1541 805 διὰ
1563 779 1644 805 τοῦτο
1665 779 1711 806 τὸν
1737 780 1817 814 Λόγον

1036 824 1083 850 τοῦ
1100 823 1168 850 Θεοῦ
1188 824 1302 858 λέγομεν
1315 824 1379 851 Υίὸν
1390 824 1436 851 τοῦ
1454 824 1522 851 Θεοῦ
1533 831 1543 841 ”
1559 824 1654 859 ὥσπερ
1676 825 1692 852 ὁ
1709 825 1783 860 ἥλιος
1797 826 1818 850 εί

1036 870 1155 896 τοιοῦτον
1185 871 1356 904 ἀπαύγασμα
1371 870 1468 904 ἐγέννα
1482 871 1511 903 ἐξ
1528 870 1635 902 ἑαυτοῦ,
1651 870 1725 897 ὥστε
1752 869 1818 898 εἶναι

1036 915 1123 951 ἣλιον.
1140 917 1247 948 πάντως
1261 917 1366 942 ἐκεῖνον
1384 916 1429 942 τὸν
1446 917 1523 951 ἥλιον
1535 917 1583 943 καὶ
1600 917 1630 943 τὸ
1647 916 1818 951 ἀπαύγασμα

1036 961 1085 987 καὶ
1099 961 1156 987 υἱὸν
1177 961 1210 987 ἂν
1231 961 1362 995 ἐλέγομεν
1387 962 1435 987 τοῦ
1453 961 1541 996 ἡλίου.
1558 962 1601 988 Ἐν
1626 961 1716 996 τούτῳ
1734 962 1819 996 μέντοι

1036 1007 1113 1034 ἐστὶν
1129 1008 1145 1041 ἡ
1167 1007 1295 1041 διαφορὰ,
1321 1006 1363 1033 ὅτι
1376 1007 1405 1033 ὲν
1421 1007 1472 1040 μὲν
1499 1008 1555 1038 τοῖς
1575 1007 1726 1042 κτίσμασι-ι
1743 1009 1771 1033 ἐν
1784 1005 1820 1038 οἷς

1036 1053 1161 1091 διαφέρει
1181 1052 1212 1078 τὸ
1232 1049 1304 1079 εἶναι
1322 1051 1371 1078 καὶ
1387 1051 1404 1086 ἡ
1418 1051 1508 1084 οὐσία,
1527 1053 1558 1079 οὺ
1572 1052 1702 1079 δύνανται
1723 1053 1820 1078 πολλα-

1037 1096 1234 1129 πλασιάζεσθαι
1245 1097 1279 1124 τὰ
1288 1098 1465 1133 ὑποκείμενα,
1477 1098 1515 1133 μὴ
1527 1098 1573 1124 καὶ
1585 1098 1632 1133 τῆς
1643 1098 1753 1133 φύσεως
1760 1099 1820 1124 πολι

1037 1143 1304 1180 λαπλασιαζομένης.
1315 1144 1398 1171 Ὅθεν
1413 1146 1426 1171 ὁ
1436 1145 1579 1180 ἄνθρωπος
1587 1145 1666 1172 ἄλλον
1681 1145 1821 1179 ἄνθρωπον

1037 1190 1121 1223 γεννᾶ
1130 1196 1136 1204 '
1150 1190 1164 1216 ὁ
1176 1190 1203 1215 δὲ
1217 1190 1293 1222 Θεὸς,
1303 1189 1334 1216 ἐν
1344 1186 1472 1224 ᾦταυτόν
1487 1191 1544 1216 ἔστι
1556 1190 1587 1217 τὸ
1598 1188 1667 1217 εἶναι
1683 1191 1735 1218 καὶ
1747 1192 1762 1225 ἡ
1778 1191 1820 1217 οὗ-

1038 1236 1094 1266 σία,
1105 1235 1134 1267 ἐξ
1153 1235 1249 1262 ἑαυτοῦ
1265 1235 1366 1270 γεννῶν
1384 1235 1540 1269 Λόγον,οὐκ
1554 1235 1640 1267 ἄλλως
1656 1236 1725 1263 Θεὸν
1734 1238 1819 1270 γεννΞ.

1044 1282 1076 1308 Ἡ
1089 1281 1143 1315 γὰρ
1160 1281 1219 1307 Ιὶείσ.
1228 1281 1318 1313 οὐσία,
1330 1281 1384 1307 οὒτ’
1397 1281 1522 1316 ἀνόμοιός
1538 1282 1621 1312 ἐστιν,
1638 1281 1703 1308 οὕτε
1719 1283 1819 1317 πέφυκε

1039 1327 1322 1358 πολλαπλασιάζεσοαι
1335 1327 1407 1354 κατά
1423 1336 1484 1353 τινα
1496 1328 1595 1360 τρόπον
1610 1328 1654 1354 διὶ
1669 1331 1722 1363 τὴν
1740 1329 1820 1361 ἄκραν

1038 1373 1195 1408 τελειότητα
1207 1373 1253 1399 καὶ
1271 1373 1421 1408 ἁπλότητα.
1442 1373 1472 1399 '0
1486 1373 1608 1408 Μωάμεο
1633 1374 1725 1400 τοίνυν
1745 1373 1820 1401 ἀκού-

1039 1428 1090 1451 σας
1107 1420 1169 1450 τοὺς
1182 1419 1364 1454 Χριστιανοὺς
1379 1420 1507 1453 λέγοντας
1523 1421 1568 1446 τὸν
1587 1420 1653 1446 Θεὸν
1665 1419 1740 1455 ἔχειν
1752 1420 1819 1451 Υῐὸν,

1038 1466 1089 1491 οὐκ
1101 1465 1220 1500 ἠδυνήθη
1239 1465 1412 1498 λογίσασθαι,
1432 1466 1468 1495 ὠς
1480 1465 1593 1492 δυνατὸν
1609 1464 1681 1492 εἶναι
1704 1467 1761 1492 υἱὸν
1773 1475 1821 1500 χωσ

1041 1511 1084 1546 ρὶς
1096 1510 1234 1544 γυναικός.
1256 1510 1311 1536 Καὶ
1325 1510 1370 1536 διὰ
1390 1509 1470 1536 τοῦτο
1486 1510 1562 1536 οὐδὲν
1578 1511 1641 1537 ἄλλο
1663 1512 1821 1546 παρήγαγεν

1039 1556 1208 1591 ἐπιχείρημα
1221 1555 1347 1591 περὶτοῦ
1370 1556 1406 1592 μὴ
1426 1557 1498 1591 ἔχειν
1519 1558 1576 1582 υἱὸν
1591 1556 1637 1582 τὸν
1656 1557 1734 1589 θεὸν,
1750 1557 1766 1592 ἦ
1784 1557 1822 1583 ὅτι

1039 1603 1088 1629 οὐκ
1102 1602 1158 1637 ἔχει
1170 1604 1298 1637 γυναῖκα.
1313 1603 1370 1629 Καὶ
1383 1604 1433 1629 οὐκ
1446 1603 1588 1637 ἐνενόησεν
1601 1604 1642 1629 ὅτι
1658 1603 1672 1629 ό
1693 1604 1785 1634 Δαϐὶδ,
1796 1603 1822 1629 ὃν

1039 1647 1165 1674 τοσοῦτον
1181 1647 1363 1682 ἐγκωμιάζει.
1394 1648 1469 1683 παρὰ
1497 1649 1542 1674 τὸν
1569 1648 1650 1681 φύσει
1682 1649 1740 1675 υἱον
1767 1646 1822 1674 εἷπε

1040 1694 1087 1720 καὶ
1107 1694 1203 1725 ἄλλους
1218 1694 1290 1724 υἱοὺς
1309 1694 1481 1728 εἰσποιητοὺς
1499 1693 1581 1727 ἔχειν,
1597 1693 1701 1727 λέγων·
1725 1703 1734 1716 ι
1758 1693 1823 1727 Ἐγὼ

1040 1735 1116 1769 εἶπα,
1134 1738 1196 1763 Θεοί
1218 1738 1290 1769 ἐστε,
1311 1737 1358 1763 καὶ
1377 1737 1430 1763 υἱοὶ
1443 1736 1578 1771 Ὑψίστου
1603 1738 1725 1769 πάντες·
1752 1748 1760 1763 ν
1781 1738 1822 1764 καὶ

1039 1781 1089 1807 οὐκ
1104 1782 1136 1806 ὲκ
1149 1781 1390 1815 γυναικός.“’ομως
1402 1780 1491 1813 ἔξεστι
1506 1781 1727 1814 συνανοηταὶνειν
1742 1781 1821 1816 αὐτῷ.

1045 1825 1076 1852 '0
1088 1826 1239 1861 Μαχούμετ
1253 1825 1338 1852 εἰπὼν
1354 1826 1403 1860 τὴν
1415 1826 1526 1860 Μαρίαν
1536 1826 1667 1853 δύνασθαι
1683 1827 1758 1861 ἔχειν
1771 1827 1823 1853 υἱὸν

1032 1871 1105 1902 ,ἄνευ
1134 1872 1241 1907 ἀνδρὸς,
1257 1873 1316 1904 πῶς
1333 1873 1382 1899 οὐκ
1398 1872 1430 1898 iv
1452 1873 1566 1904 εἰκότως
1585 1873 1740 1906 ἐλογίσατο,
1759 1873 1823 1899 ὄτιό

1041 1918 1106 1949 Θεὸς
1115 1919 1162 1946 καὶ
1175 1919 1240 1945 ἄνευ
1257 1918 1386 1953 γυναικὸς
1399 1918 1511 1945 ἐδύνατο
1526 1919 1559 1945 ἂν
1573 1918 1645 1953 ἔχειν
1658 1920 1718 1945 υἱόν
1729 1928 1737 1951 ;
1750 1920 1823 1953 Ἀλη-

1041 1965 1086 1996 θὲς
1100 1965 1188 1991 τοίνυν
1204 1965 1305 2000 ἔφησεν
1316 1966 1330 1991 ὁ
1344 1964 1502 2000 Μαχούμετ,
1517 1965 1562 1991 ὅτε
1578 1962 1639 1991 εἷπε
1653 1966 1700 1991 τὸν
1712 1966 1822 2000 Χριστὸν

1047 2008 1153 2042 Ἰησοῦν
1171 2008 1217 2034 τὸν
1236 2009 1293 2034 υἱὸν
1306 2009 1355 2042 τῆς
1370 2009 1479 2042 Μαρίας
1498 2008 1545 2034 καὶ
1559 2009 1644 2042 Λόγον
1659 2007 1728 2035 εἶναι
1741 2009 1821 2035 Θεοῦ·

1038 2051 1098 2081 ’ἀλλ’
1112 2054 1162 2081 οὐκ
1179 2054 1330 2088 ἐνενόησεν.
1348 2055 1379 2080 Ei
1397 2055 1450 2089 γὰρ
1467 2055 1548 2086 ἐνόει,
1562 2052 1638 2080 εἶπεν
1653 2055 1697 2087 ἂν,
1716 2055 1746 2082 Εἰ
1760 2053 1821 2081 xuii:

1043 2100 1100 2131 υίός
1115 2101 1175 2127 ἐστι
1188 2100 1237 2134 τῆς
1255 2099 1375 2134 Μαρίας,
1399 2100 1501 2134 ἀληθής
1519 2100 1593 2126 ἐστιν
1606 2100 1756 2134 ἄνθρωπος,
1779 2103 1821 2124 καὶ

1043 2146 1110 2172 καθὸ
1128 2146 1215 2178 Λόγος
1243 2146 1301 2172 ἐστὶ
1317 2144 1363 2171 τοῦ
1379 2145 1457 2177 Θεοῦ,
1485 2145 1588 2180 ἀληθής
1608 2147 1666 2171 ἐστι
1695 2145 1769 2175 Θεός.
1787 2144 1820 2170 οὗ

209 2193 283 2220 Deus
298 2197 350 2219 est.
367 2192 531 2218 Aleoranum
548 2196 639 2217 autem
663 2190 802 2217 hominem
819 2190 906 2216 solunt
921 2189 987 2224 cepit

1046 2192 1099 2226 γὰρ
1113 2193 1186 2218 ἐστιν
1213 2192 1227 2218 ὁ
1243 2192 1308 2222 Θεὸς
1327 2191 1453 2222 σύνθετος
1471 2191 1487 2226 ἦ
1504 2191 1614 2226 ἀτελὴς,
1635 2191 1730 2226 ὥσπερ
1743 2194 1756 2217 ὁ
1777 2191 1819 2216 ἄν-

209 2240 358 2267 Cltristum.
384 2237 418 2264 Et
440 2242 551 2272 propter
575 2237 626 2263 hoc
649 2239 793 2270 postquam
816 2235 900 2267 dixit,
917 2234 990 2269 quod

210 2285 330 2313 Verbum
344 2288 386 2311 est
403 2282 461 2314 Dei,
480 2281 597 2312 addidit,
611 2281 684 2316 quod
701 2281 781 2308 Jesus
795 2281 836 2308 sic
857 2285 899 2307 est
917 2279 990 2313 apud

210 2331 306 2363 Deum,
322 2330 392 2357 sicut
411 2328 509 2360 Adam,
525 2335 605 2362 quem
630 2327 735 2354 creavit
751 2327 785 2353 de
807 2326 872 2352 littto
889 2330 968 2352 terra:
982 2332 991 2356 ;

191 2381 236 2404 ‘et
258 2376 327 2403 dixit
341 2375 377 2406 ei,
392 2374 467 2401 Esto.
481 2373 516 2400 Et
530 2372 668 2407 quomodo
683 2372 735 2398 ltoc
757 2379 817 2398 eum
835 2370 992 2406 praeceden-

209 2422 283 2449 tibus
298 2420 449 2447 convenit?
468 2419 534 2446 Cum
550 2418 624 2445 enim
639 2417 751 2451 dixerit,
768 2417 841 2452 quod
858 2417 928 2443 Deus
946 2416 989 2441 in-

208 2466 310 2495 fudetit
326 2466 446 2494 Verbum
476 2463 575 2496 Marite,
593 2467 621 2490 et
643 2462 776 2497 Spiritum
801 2462 870 2496 ejus,
886 2469 918 2488 ex
935 2469 990 2495 quo

210 2516 290 2540 natus
307 2514 348 2538 est
368 2509 504 2540 Christus.
519 2513 548 2536 et
565 2512 627 2542 pOst
650 2508 706 2534 haec
731 2515 825 2534 rursus
848 2506 989 2540 opinatur,

210 2563 239 2586 ιιι
266 2557 351 2585 Adam
375 2556 398 2583 is
418 2555 454 2582 sit
469 2562 550 2589 quem
569 2554 695 2581 t‘ortttavit
713 2560 746 2580 ex
764 2557 847 2584 terra,
865 2553 993 2579 inconve-

210 2606 289 2634 niens
305 2605 398 2640 igitur,
417 2603 535 2631 Verbutu
551 2601 599 2628 Dei
615 2606 643 2628 et
663 2600 794 2635 Spiritum
812 2600 872 2635 ejus
890 2604 991 2627 terram

210 2659 282 2680 esse.
297 2650 352 2677 Nisi
367 2649 459 2684 aliquo
475 2648 556 2675 ntodo
570 2647 615 2674 Dei
631 2652 756 2673 naturam
775 2650 874 2673 terram
890 2653 992 2681 suppo-

209 2705 315 2729 uamus,
332 2696 405 2731 quod
430 2694 510 2722 absit.
535 2694 614 2721 Esset
635 2693 710 2720 enim
729 2691 847 2720 Verbum
875 2693 943 2728 tjus,
962 2697 991 2720 et

210 2743 328 2778 Spiritus
344 2741 404 2776 eius
420 2740 493 2768 sicut
505 2738 630 2775 quaedam
648 2743 748 2769 statua,
763 2744 823 2772 qua:
846 2744 933 2772 neque
949 2737 990 2765 in-

243 2834 265 2850 “
279 2833 354 2860 Jaatt.
372 2841 390 2866 t,
405 2832 435 2862 ὅ.
471 2831 494 2847 ’⁸
513 2829 584 2858 l-‘sal.
601 2836 687 2857 um.
703 2827 728 2855 6.

1044 2239 1162 2271 θρωπος,
1190 2233 1220 2263 οὗ
1245 2238 1258 2264 ό
1286 2237 1374 2271 λόγος,
1399 2238 1445 2263 καὶ
1477 2239 1495 2272 ἡ
1527 2237 1659 2272 σύλληψις
1691 2239 1740 2270 τῆς
1767 2237 1820 2262 διι-

1043 2283 1128 2314 νοιας,
1158 2283 1204 2308 καὶ
1229 2283 1246 2317 ἡ
1261 2282 1352 2317 τέχνη,
1373 2282 1420 2308 καὶ
1444 2282 1460 2317 ὴ
1484 2281 1608 2316 ἐνέργεια
1627 2283 1676 2308 οὐκ
1692 2282 1819 2308 ἔστινᾶλ-

1044 2327 1163 2363 ορωπος.
1178 2328 1285 2355 Μᾶλλον
1297 2328 1348 2363 μὲν
1358 2326 1406 2354 οὖν
1431 2329 1498 2363 ὅπερ
1509 2328 1542 2355 ἂν
1584 2329 1630 2354 τοῦ
1653 2328 1731 2360 Θεοῦ,
1762 2326 1821 2357 Θεὸς

1044 2373 1128 2400 ἐστιν.
1156 2373 1237 2400 Ὅθεν
1260 2374 1306 2400 καὶ
1329 2374 1343 2399 ὁ
1370 2373 1418 2399 τοῦ
1446 2373 1514 2399 Θεοῦ
1541 2373 1627 2406 Λόγος
1655 2373 1722 2404 Θεός
1751 2373 1820 2398 ἐστι’

1046 2419 1093 2445 καὶ
1107 2420 1120 2445 ὁ
1136 2418 1197 2450 νοῦς
1213 2418 1259 2445 τοῦ
1272 2419 1341 2445 Θεοῦ
1356 2419 1424 2450 Θεός
1445 2419 1504 2445 ἐστι
1516 2426 1523 2434 ·
1541 2419 1588 2444 καὶ
1608 2419 1624 2452 ἡ
1640 2418 1764 2452 ἐνέργεια
1779 2415 1821 2442 τοῦ

1045 2465 1111 2491 Θεοῦ
1139 2465 1205 2496 Θεός
1223 2465 1292 2491 ἐστι.
1311 2465 1347 2491 Τὸ
1375 2464 1405 2491 δὲ
1423 2464 1584 2499 ’Λλκοράνον
1613 2465 1757 2497 ἄνθρωπον
1778 2462 1823 2497 μό-

1045 2519 1090 2537 νον
1101 2510 1180 2537 ἔλαϐε
1194 2511 1239 2536 τὸν
1250 2510 1378 2545 Χριστόν.
1393 2511 1446 2536 Καὶ
1459 2511 1502 2537 διὰ
1514 2509 1593 2537 τοῦτο
1605 2511 1674 2545 μετὰ
1689 2513 1720 2536 τὸ
1731 2511 1821 2539 εἰπεῖν,

1046 2556 1087 2582 ιτι
1107 2557 1191 2587 Λόγος
1214 2553 1248 2591 ἦν
1262 2556 1308 2583 τοῦ
1330 2556 1409 2585 Θεοῦ,
1428 2557 1609 2591 προσέθηκεν,
1628 2557 1670 2589 ῇτι
1692 2556 1707 2582 ὁ
1728 2554 1822 2589 Ἰησοῦς

1046 2601 1133 2632 οὕτως
1149 2602 1208 2628 ἐστὶ
1219 2603 1287 2636 πρὸς
1301 2606 1346 2628 τὸν
1363 2602 1440 2634 Θεὸν,
1456 2602 1551 2636 ὥσπερ
1569 2603 1583 2628 ὸ
1601 2601 1698 2636 Ἀδὰμ.
1711 2602 1740 2628 ὃν
1751 2602 1823 2627 ἐπλα-

1045 2655 1091 2673 σεν
1115 2647 1147 2673 ἐκ
1163 2647 1213 2680 τῆς
1233 2649 1284 2682 γῆς
1296 2655 1304 2663 ·
1323 2647 1368 2673 καὶ
1389 2645 1465 2674 εἶπεν
1487 2647 1571 2682 αὐτῷ,
1594 2648 1670 2674 Ἐσο.
1684 2649 1739 2674 Καὶ
1753 2646 1823 2673 τοῦτο

1045 2692 1105 2723 πῶς
1133 2694 1189 2724 τοῖς
1207 2693 1424 2728 προηγουμένοις
1443 2694 1562 2728 συνᾴδει,
1580 2693 1650 2720 ὥστε
1677 2694 1724 2720 τὸν
1747 2692 1820 2719 αὐτὸν

1045 2738 1166 2772 δοξάζειν
1192 2739 1307 2766 ἐνθεῖναι
1326 2740 1374 2773 μὲν
1394 2740 1426 2774 τῇ
1443 2740 1538 2775 Μαρίᾳ.
1563 2739 1608 2767 τὸν
1627 2740 1714 2774 Λόγον
1737 2739 1782 2766 καὶ
1796 2737 1822 2763 τὸ
