  <div class='ocr_page' id='page_1' title='image "/cluster/home/n/w/nwhite01/storage/ocr_20150623/154/njp.32101010943486/594.png"; bbox 0 0 1942 3090; ppageno 0'>
   <div class='ocr_carea' id='block_1_1' title="bbox 132 169 184 201">
    <p class='ocr_par' dir='ltr' id='par_1_1' title="bbox 132 169 184 201">
     <span class='ocr_line' id='line_1_1' title="bbox 132 169 184 201; baseline 0 0"><span class='ocrx_word' id='word_1_1' title='bbox 132 169 184 201; x_wconf 74' lang='lat'><strong>1137</strong></span> 
     </span>
    </p>
   </div>
   <div class='ocr_carea' id='block_1_2' title="bbox 684 167 1108 198">
    <p class='ocr_par' dir='ltr' id='par_1_2' title="bbox 684 167 1108 198">
     <span class='ocr_line' id='line_1_2' title="bbox 684 167 1108 198; baseline 0.002 -1"><span class='ocrx_word' id='word_1_2' title='bbox 684 167 831 198; x_wconf 77' lang='lat' dir='ltr'><strong>CONTRA</strong></span> <span class='ocrx_word' id='word_1_3' title='bbox 853 167 1108 198; x_wconf 71' lang='lat' dir='ltr'><strong>MAHOMETEM.</strong></span> 
     </span>
    </p>
   </div>
   <div class='ocr_carea' id='block_1_3' title="bbox 1651 167 1720 201">
    <p class='ocr_par' dir='ltr' id='par_1_3' title="bbox 1651 167 1720 201">
     <span class='ocr_line' id='line_1_3' title="bbox 1651 167 1720 201; baseline -0.014 0"><span class='ocrx_word' id='word_1_4' title='bbox 1651 167 1720 201; x_wconf 66' lang='grc'>1128</span> 
     </span>
    </p>
   </div>
   <div class='ocr_carea' id='block_1_4' title="bbox 127 226 883 263">
    <p class='ocr_par' dir='ltr' id='par_1_4' title="bbox 127 226 883 262">
     <span class='ocr_line' id='line_1_4' title="bbox 127 226 883 262; baseline -0.004 -7"><span class='ocrx_word' id='word_1_5' title='bbox 127 228 168 259; x_wconf 76' lang='grc' dir='ltr'><strong>λῶς</strong></span> <span class='ocrx_word' id='word_1_6' title='bbox 178 226 316 262; x_wconf 76' lang='grc' dir='ltr'>ἐλάμϐανον</span> <span class='ocrx_word' id='word_1_7' title='bbox 325 227 374 262; x_wconf 77' lang='grc' dir='ltr'>τὴν</span> <span class='ocrx_word' id='word_1_8' title='bbox 390 226 437 254; x_wconf 84' lang='grc' dir='ltr'><strong>τοῦ</strong></span> <span class='ocrx_word' id='word_1_9' title='bbox 454 226 617 261; x_wconf 77' lang='grc' dir='ltr'>Ἀλκορὰνου</span> <span class='ocrx_word' id='word_1_10' title='bbox 625 226 789 261; x_wconf 73' lang='grc' dir='ltr'>συμϐουλὴν,</span> <span class='ocrx_word' id='word_1_11' title='bbox 801 228 883 261; x_wconf 74' lang='grc' dir='ltr'>ἀναμ-</span> 
     </span>
    </p>
   </div>
   <div class='ocr_carea' id='block_1_5' title="bbox 940 226 1719 263">
    <p class='ocr_par' dir='ltr' id='par_1_5' title="bbox 941 227 1719 263">
     <span class='ocr_line' id='line_1_5' title="bbox 941 227 1719 263; baseline -0.001 -8"><span class='ocrx_word' id='word_1_12' title='bbox 941 232 969 255; x_wconf 92' lang='lat' dir='ltr'><strong>et</strong></span> <span class='ocrx_word' id='word_1_13' title='bbox 984 228 1052 256; x_wconf 83' lang='lat' dir='ltr'><strong>alios</strong></span> <span class='ocrx_word' id='word_1_14' title='bbox 1077 228 1225 263; x_wconf 74' lang='lat' dir='ltr'><strong>prophetas</strong></span> <span class='ocrx_word' id='word_1_15' title='bbox 1236 249 1242 260; x_wconf 82' lang='lat'>.</span> <span class='ocrx_word' id='word_1_16' title='bbox 1264 233 1291 255; x_wconf 90' lang='lat' dir='ltr'><strong>et</strong></span> <span class='ocrx_word' id='word_1_17' title='bbox 1316 227 1536 263; x_wconf 73' lang='lat' dir='ltr'><strong>frequentissime</strong></span> <span class='ocrx_word' id='word_1_18' title='bbox 1551 228 1632 258; x_wconf 68' lang='lat' dir='ltr'><strong>dicat.</strong></span> <span class='ocrx_word' id='word_1_19' title='bbox 1647 227 1719 262; x_wconf 86' lang='lat' dir='ltr'><strong>quod</strong></span> 
     </span>
    </p>
   </div>
   <div class='ocr_carea' id='block_1_6' title="bbox 127 269 883 308">
    <p class='ocr_par' dir='ltr' id='par_1_6' title="bbox 127 269 883 308">
     <span class='ocr_line' id='line_1_6' title="bbox 127 269 883 308; baseline -0.003 -8"><span class='ocrx_word' id='word_1_20' title='bbox 127 273 218 308; x_wconf 72' lang='grc' dir='ltr'>φισό).ιος</span> <span class='ocrx_word' id='word_1_21' title='bbox 230 273 261 299; x_wconf 78' lang='grc' dir='ltr'>ἂν</span> <span class='ocrx_word' id='word_1_22' title='bbox 276 272 430 307; x_wconf 85' lang='grc' dir='ltr'>ὡδηγοῦντο</span> <span class='ocrx_word' id='word_1_23' title='bbox 441 269 535 307; x_wconf 74' lang='grc' dir='ltr'>ο-εἷχον</span> <span class='ocrx_word' id='word_1_24' title='bbox 550 272 604 306; x_wconf 75' lang='grc' dir='ltr'><strong>γὰρ</strong></span> <span class='ocrx_word' id='word_1_25' title='bbox 617 271 649 298; x_wconf 84' lang='grc' dir='ltr'>ἂν</span> <span class='ocrx_word' id='word_1_26' title='bbox 667 271 696 298; x_wconf 78' lang='grc' dir='ltr'><strong>τὸ</strong></span> <span class='ocrx_word' id='word_1_27' title='bbox 707 272 883 306; x_wconf 78' lang='grc' dir='ltr'>Εὑαγγέλιον,</span> 
     </span>
    </p>
   </div>
   <div class='ocr_carea' id='block_1_7' title="bbox 127 318 884 354">
    <p class='ocr_par' dir='ltr' id='par_1_7' title="bbox 127 318 884 354">
     <span class='ocr_line' id='line_1_7' title="bbox 127 318 884 354; baseline -0.003 -8"><span class='ocrx_word' id='word_1_28' title='bbox 127 320 203 346; x_wconf 72' lang='grc' dir='ltr'>καὶτὸν</span> <span class='ocrx_word' id='word_1_29' title='bbox 212 319 289 354; x_wconf 82' lang='grc' dir='ltr'>νόμον</span> <span class='ocrx_word' id='word_1_30' title='bbox 299 319 450 351; x_wconf 77' lang='grc' dir='ltr'><strong>Μωῢσέως,</strong></span> <span class='ocrx_word' id='word_1_31' title='bbox 460 319 506 345; x_wconf 80' lang='grc' dir='ltr'>καὶ</span> <span class='ocrx_word' id='word_1_32' title='bbox 516 318 657 349; x_wconf 56' lang='grc' dir='ltr'>τὰςνᾶλλας</span> <span class='ocrx_word' id='word_1_33' title='bbox 671 318 751 352; x_wconf 86' lang='grc' dir='ltr'>ἁγίας</span> <span class='ocrx_word' id='word_1_34' title='bbox 761 318 884 352; x_wconf 75' lang='grc' dir='ltr'>Γραφὰς,</span> 
     </span>
    </p>
   </div>
   <div class='ocr_carea' id='block_1_8' title="bbox 937 273 1719 308">
    <p class='ocr_par' dir='ltr' id='par_1_8' title="bbox 937 273 1719 308">
     <span class='ocr_line' id='line_1_8' title="bbox 937 273 1719 308; baseline -0.003 -8"><span class='ocrx_word' id='word_1_35' title='bbox 937 274 1054 301; x_wconf 85' lang='lat' dir='ltr'><strong>alterum</strong></span> <span class='ocrx_word' id='word_1_36' title='bbox 1079 273 1157 301; x_wconf 80' lang='lat' dir='ltr'><strong>alteri</strong></span> <span class='ocrx_word' id='word_1_37' title='bbox 1186 281 1239 300; x_wconf 89' lang='lat' dir='ltr'><strong>non</strong></span> <span class='ocrx_word' id='word_1_38' title='bbox 1269 273 1386 308; x_wconf 83' lang='lat' dir='ltr'><strong>pr:cl&#39;ert.</strong></span> <span class='ocrx_word' id='word_1_39' title='bbox 1411 273 1445 300; x_wconf 85' lang='lat' dir='ltr'><strong>Et</strong></span> <span class='ocrx_word' id='word_1_40' title='bbox 1475 273 1531 300; x_wconf 68' lang='lat' dir='ltr'><strong>haec</strong></span> <span class='ocrx_word' id='word_1_41' title='bbox 1549 273 1580 300; x_wconf 83' lang='lat' dir='ltr'><strong>ad</strong></span> <span class='ocrx_word' id='word_1_42' title='bbox 1595 277 1719 307; x_wconf 81' lang='lat' dir='ltr'><strong>quartam</strong></span> 
     </span>
    </p>
   </div>
   <div class='ocr_carea' id='block_1_9' title="bbox 938 319 1127 353">
    <p class='ocr_par' dir='ltr' id='par_1_9' title="bbox 938 319 1127 353">
     <span class='ocr_line' id='line_1_9' title="bbox 938 319 1127 353; baseline 0.005 -9"><span class='ocrx_word' id='word_1_43' title='bbox 938 319 1127 353; x_wconf 66' lang='lat' dir='ltr'><strong>quaestionem.</strong></span> 
     </span>
    </p>
   </div>
   <div class='ocr_carea' id='block_1_10' title="bbox 127 366 1722 402">
    <p class='ocr_par' dir='ltr' id='par_1_10' title="bbox 127 366 1722 402">
     <span class='ocr_line' id='line_1_10' title="bbox 127 366 1722 402; baseline -0.001 -8"><span class='ocrx_word' id='word_1_44' title='bbox 127 368 221 402; x_wconf 81' lang='grc' dir='ltr'>μάλιστα</span> <span class='ocrx_word' id='word_1_45' title='bbox 235 368 317 394; x_wconf 83' lang='grc' dir='ltr'>αὐτοῦ</span> <span class='ocrx_word' id='word_1_46' title='bbox 333 366 380 394; x_wconf 85' lang='grc' dir='ltr'><strong>τοῦ</strong></span> <span class='ocrx_word' id='word_1_47' title='bbox 402 366 566 402; x_wconf 82' lang='grc' dir='ltr'>Ἀλκοράνου</span> <span class='ocrx_word' id='word_1_48' title='bbox 581 367 646 393; x_wconf 83' lang='grc' dir='ltr'>ὃταν</span> <span class='ocrx_word' id='word_1_49' title='bbox 661 366 822 402; x_wconf 75' lang='grc' dir='ltr'><strong>ἐγκωμιάζῃ</strong></span> <span class='ocrx_word' id='word_1_50' title='bbox 839 366 885 393; x_wconf 83' lang='grc' dir='ltr'>τὸν</span> <span class='ocrx_word' id='word_1_51' title='bbox 901 366 1035 402; x_wconf 84' lang='grc' dir='ltr'>Μωῦσῆν,</span> <span class='ocrx_word' id='word_1_52' title='bbox 1050 368 1095 394; x_wconf 83' lang='grc' dir='ltr'><strong>τὸν</strong></span> <span class='ocrx_word' id='word_1_53' title='bbox 1122 368 1213 399; x_wconf 70' lang='grc' dir='ltr'>Δασὶδ,</span> <span class='ocrx_word' id='word_1_54' title='bbox 1230 367 1274 394; x_wconf 71' lang='grc' dir='ltr'><strong>τὸν</strong></span> <span class='ocrx_word' id='word_1_55' title='bbox 1306 367 1476 401; x_wconf 70' lang='grc' dir='ltr'>Σιιλομῶντα,</span> <span class='ocrx_word' id='word_1_56' title='bbox 1490 367 1536 393; x_wconf 77' lang='grc' dir='ltr'>καὶ</span> <span class='ocrx_word' id='word_1_57' title='bbox 1551 367 1613 398; x_wconf 75' lang='grc' dir='ltr'>τοὺς</span> <span class='ocrx_word' id='word_1_58' title='bbox 1627 366 1722 396; x_wconf 69' lang='grc' dir='ltr'>ἄλλους</span> 
     </span>
    </p>
   </div>
   <div class='ocr_carea' id='block_1_11' title="bbox 126 412 1722 451">
    <p class='ocr_par' dir='ltr' id='par_1_11' title="bbox 126 412 1722 451">
     <span class='ocr_line' id='line_1_11' title="bbox 126 412 1722 451; baseline -0.003 -8"><span class='ocrx_word' id='word_1_59' title='bbox 126 416 252 451; x_wconf 78' lang='grc' dir='ltr'><strong>προφήτας,</strong></span> <span class='ocrx_word' id='word_1_60' title='bbox 271 415 396 449; x_wconf 78' lang='grc' dir='ltr'>λέγοντος</span> <span class='ocrx_word' id='word_1_61' title='bbox 413 414 544 448; x_wconf 83' lang='grc' dir='ltr'>συνεχῶς,</span> <span class='ocrx_word' id='word_1_62' title='bbox 562 413 600 445; x_wconf 78' lang='grc' dir='ltr'>ὥς</span> <span class='ocrx_word' id='word_1_63' title='bbox 616 412 719 440; x_wconf 77' lang='grc' dir='ltr'>τούτων</span> <span class='ocrx_word' id='word_1_64' title='bbox 732 413 808 440; x_wconf 78' lang='grc' dir='ltr'>οὐδέν</span> <span class='ocrx_word' id='word_1_65' title='bbox 825 414 884 440; x_wconf 77' lang='grc' dir='ltr'>ἔστι</span> <span class='ocrx_word' id='word_1_66' title='bbox 902 415 1099 450; x_wconf 78' lang='grc' dir='ltr'><strong>προτιμότερον</strong></span> <span class='ocrx_word' id='word_1_67' title='bbox 1113 415 1159 441; x_wconf 85' lang='grc' dir='ltr'><strong>τοῦ</strong></span> <span class='ocrx_word' id='word_1_68' title='bbox 1193 415 1298 449; x_wconf 71' lang='grc' dir='ltr'>ἑτέρου.</span> <span class='ocrx_word' id='word_1_69' title='bbox 1326 415 1419 441; x_wconf 81' lang='grc' dir='ltr'>Ταῦτα</span> <span class='ocrx_word' id='word_1_70' title='bbox 1432 416 1479 441; x_wconf 52' lang='grc' dir='ltr'>καὶ.</span> <span class='ocrx_word' id='word_1_71' title='bbox 1496 415 1563 450; x_wconf 60' lang='grc' dir='ltr'>πρδς</span> <span class='ocrx_word' id='word_1_72' title='bbox 1580 415 1609 440; x_wconf 67' lang='grc' dir='ltr'><strong>τὺ</strong></span> <span class='ocrx_word' id='word_1_73' title='bbox 1626 414 1722 448; x_wconf 65' lang='grc' dir='ltr'>τέταρ-</span> 
     </span>
    </p>
   </div>
   <div class='ocr_carea' id='block_1_12' title="bbox 123 462 273 496">
    <p class='ocr_par' dir='ltr' id='par_1_12' title="bbox 123 462 273 496">
     <span class='ocr_line' id='line_1_12' title="bbox 123 462 273 496; baseline -0.007 -8"><span class='ocrx_word' id='word_1_74' title='bbox 123 471 159 488; x_wconf 88' lang='grc' dir='ltr'><strong>τον</strong></span> <span class='ocrx_word' id='word_1_75' title='bbox 167 462 273 496; x_wconf 79' lang='grc' dir='ltr'><strong>ζήτημα.</strong></span> 
     </span>
    </p>
   </div>
   <div class='ocr_carea' id='block_1_13' title="bbox 150 506 884 544">
    <p class='ocr_par' dir='ltr' id='par_1_13' title="bbox 150 506 884 544">
     <span class='ocr_line' id='line_1_13' title="bbox 150 506 884 544; baseline -0.003 -8"><span class='ocrx_word' id='word_1_76' title='bbox 150 510 258 544; x_wconf 70' lang='grc' dir='ltr'>Πέμπτον</span> <span class='ocrx_word' id='word_1_77' title='bbox 272 508 385 543; x_wconf 78' lang='grc' dir='ltr'><strong>ζήτημά</strong></span> <span class='ocrx_word' id='word_1_78' title='bbox 398 509 466 534; x_wconf 76' lang='grc' dir='ltr'>ἐστι’</span> <span class='ocrx_word' id='word_1_79' title='bbox 476 507 509 534; x_wconf 85' lang='grc' dir='ltr'><strong>Τί</strong></span> <span class='ocrx_word' id='word_1_80' title='bbox 521 507 554 535; x_wconf 81' lang='grc' dir='ltr'>ἂν</span> <span class='ocrx_word' id='word_1_81' title='bbox 564 506 687 543; x_wconf 83' lang='grc' dir='ltr'>βούλοιτο</span> <span class='ocrx_word' id='word_1_82' title='bbox 696 507 788 541; x_wconf 78' lang='grc' dir='ltr'>λέγειν</span> <span class='ocrx_word' id='word_1_83' title='bbox 800 507 813 534; x_wconf 78' lang='grc' dir='ltr'><strong><em>ὁ</em></strong></span> <span class='ocrx_word' id='word_1_84' title='bbox 823 507 884 535; x_wconf 89' lang='grc' dir='ltr'><strong>Μα-</strong></span> 
     </span>
    </p>
   </div>
   <div class='ocr_carea' id='block_1_14' title="bbox 124 553 876 590">
    <p class='ocr_par' dir='ltr' id='par_1_14' title="bbox 124 553 876 590">
     <span class='ocr_line' id='line_1_14' title="bbox 124 553 876 590; baseline -0.003 -9"><span class='ocrx_word' id='word_1_85' title='bbox 124 554 210 590; x_wconf 84' lang='grc' dir='ltr'>(ούμετ,</span> <span class='ocrx_word' id='word_1_86' title='bbox 218 555 246 581; x_wconf 78' lang='grc' dir='ltr'>ὲν</span> <span class='ocrx_word' id='word_1_87' title='bbox 252 553 291 588; x_wconf 83' lang='grc' dir='ltr'>τῷ</span> <span class='ocrx_word' id='word_1_88' title='bbox 301 553 454 588; x_wconf 82' lang='grc' dir='ltr'>Ἀλκοράνῳ</span> <span class='ocrx_word' id='word_1_89' title='bbox 462 553 625 585; x_wconf 77' lang='grc' dir='ltr'><strong>τοσαυτάκις</strong></span> <span class='ocrx_word' id='word_1_90' title='bbox 635 553 803 587; x_wconf 82' lang='grc' dir='ltr'><strong>παλιλλογῶν</strong></span> <span class='ocrx_word' id='word_1_91' title='bbox 811 553 876 589; x_wconf 78' lang='grc' dir='ltr'>περὶ</span> 
     </span>
    </p>
   </div>
   <div class='ocr_carea' id='block_1_15' title="bbox 118 599 878 634">
    <p class='ocr_par' dir='ltr' id='par_1_15' title="bbox 118 599 878 634">
     <span class='ocr_line' id='line_1_15' title="bbox 118 599 878 634; baseline -0.001 -8"><span class='ocrx_word' id='word_1_92' title='bbox 118 600 197 627; x_wconf 65' lang='grc' dir='ltr'>εαυτοῦ</span> <span class='ocrx_word' id='word_1_93' title='bbox 208 599 251 626; x_wconf 79' lang='grc' dir='ltr'>καὶ</span> <span class='ocrx_word' id='word_1_94' title='bbox 264 599 389 634; x_wconf 79' lang='grc' dir='ltr'>γράφων,</span> <span class='ocrx_word' id='word_1_95' title='bbox 403 599 548 626; x_wconf 78' lang='grc' dir='ltr'><strong>Πιστεύετε</strong></span> <span class='ocrx_word' id='word_1_96' title='bbox 560 599 656 631; x_wconf 86' lang='grc' dir='ltr'>είς.τὺν</span> <span class='ocrx_word' id='word_1_97' title='bbox 671 599 738 626; x_wconf 80' lang='grc' dir='ltr'>Θεὸν</span> <span class='ocrx_word' id='word_1_98' title='bbox 751 599 798 626; x_wconf 78' lang='grc' dir='ltr'>καὶ</span> <span class='ocrx_word' id='word_1_99' title='bbox 809 599 878 625; x_wconf 78' lang='grc' dir='ltr'><strong>ἁπό-</strong></span> 
     </span>
    </p>
   </div>
   <div class='ocr_carea' id='block_1_16' title="bbox 118 643 885 680">
    <p class='ocr_par' dir='ltr' id='par_1_16' title="bbox 118 643 885 680">
     <span class='ocr_line' id='line_1_16' title="bbox 118 643 885 680; baseline 0 -9"><span class='ocrx_word' id='word_1_100' title='bbox 118 645 200 676; x_wconf 79' lang='grc' dir='ltr'>στολον,</span> <span class='ocrx_word' id='word_1_101' title='bbox 207 644 354 671; x_wconf 75' lang='grc' dir='ltr'><strong>ὑπακούετε</strong></span> <span class='ocrx_word' id='word_1_102' title='bbox 361 644 399 679; x_wconf 85' lang='grc' dir='ltr'>τῷ</span> <span class='ocrx_word' id='word_1_103' title='bbox 406 644 464 680; x_wconf 86' lang='grc' dir='ltr'><strong>Θεῷ</strong></span> <span class='ocrx_word' id='word_1_104' title='bbox 471 644 563 679; x_wconf 79' lang='grc' dir='ltr'>καὶτῷ</span> <span class='ocrx_word' id='word_1_105' title='bbox 571 644 723 680; x_wconf 80' lang='grc' dir='ltr'>ἀποστόλῳ,</span> <span class='ocrx_word' id='word_1_106' title='bbox 732 643 885 671; x_wconf 82' lang='grc' dir='ltr'>ἀκολουθεῖ-</span> 
     </span>
    </p>
   </div>
   <div class='ocr_carea' id='block_1_17' title="bbox 115 689 879 725">
    <p class='ocr_par' dir='ltr' id='par_1_17' title="bbox 115 689 879 725">
     <span class='ocr_line' id='line_1_17' title="bbox 115 689 879 725; baseline -0.001 -8"><span class='ocrx_word' id='word_1_107' title='bbox 115 699 140 717; x_wconf 86' lang='grc' dir='ltr'>τε</span> <span class='ocrx_word' id='word_1_108' title='bbox 149 690 180 725; x_wconf 81' lang='grc' dir='ltr'>τῷ</span> <span class='ocrx_word' id='word_1_109' title='bbox 189 690 240 725; x_wconf 83' lang='grc' dir='ltr'>Θεῷ</span> <span class='ocrx_word' id='word_1_110' title='bbox 249 691 294 717; x_wconf 78' lang='grc' dir='ltr'>καὶ</span> <span class='ocrx_word' id='word_1_111' title='bbox 310 690 348 725; x_wconf 84' lang='grc' dir='ltr'>τῷ</span> <span class='ocrx_word' id='word_1_112' title='bbox 357 691 515 725; x_wconf 55' lang='lat' dir='ltr'><strong>incndite);</strong></span> <span class='ocrx_word' id='word_1_113' title='bbox 527 691 623 725; x_wconf 83' lang='grc' dir='ltr'>Ἴσμεν</span> <span class='ocrx_word' id='word_1_114' title='bbox 630 691 684 725; x_wconf 84' lang='grc' dir='ltr'><strong>γὰρ</strong></span> <span class='ocrx_word' id='word_1_115' title='bbox 694 690 767 725; x_wconf 75' lang='grc' dir='ltr'><strong>μόνῳ</strong></span> <span class='ocrx_word' id='word_1_116' title='bbox 773 689 811 725; x_wconf 85' lang='grc' dir='ltr'>τῷ</span> <span class='ocrx_word' id='word_1_117' title='bbox 820 689 879 725; x_wconf 85' lang='grc' dir='ltr'><strong>Θεῷ</strong></span> 
     </span>
    </p>
   </div>
   <div class='ocr_carea' id='block_1_18' title="bbox 114 736 879 771">
    <p class='ocr_par' dir='ltr' id='par_1_18' title="bbox 114 736 879 771">
     <span class='ocr_line' id='line_1_18' title="bbox 114 736 879 771; baseline 0.001 -10"><span class='ocrx_word' id='word_1_118' title='bbox 114 736 244 771; x_wconf 58' lang='grc' dir='ltr'>ὀφείλεσθαι</span> <span class='ocrx_word' id='word_1_119' title='bbox 264 736 366 768; x_wconf 73' lang='grc' dir='ltr'>πὶστιν,</span> <span class='ocrx_word' id='word_1_120' title='bbox 383 736 466 770; x_wconf 79' lang='grc' dir='ltr'>τιμὴν</span> <span class='ocrx_word' id='word_1_121' title='bbox 485 736 622 771; x_wconf 76' lang='grc' dir='ltr'>λατρείας,</span> <span class='ocrx_word' id='word_1_122' title='bbox 641 737 782 771; x_wconf 72' lang='grc' dir='ltr'><strong>ἐνέργειαν</strong></span> <span class='ocrx_word' id='word_1_123' title='bbox 811 736 879 763; x_wconf 78' lang='grc' dir='ltr'>ὑπα-</span> 
     </span>
    </p>
   </div>
   <div class='ocr_carea' id='block_1_19' title="bbox 115 781 879 817">
    <p class='ocr_par' dir='ltr' id='par_1_19' title="bbox 115 781 879 817">
     <span class='ocr_line' id='line_1_19' title="bbox 115 781 879 817; baseline 0 -9"><span class='ocrx_word' id='word_1_124' title='bbox 115 783 178 817; x_wconf 71' lang='grc' dir='ltr'>κοῆς,</span> <span class='ocrx_word' id='word_1_125' title='bbox 195 782 236 808; x_wconf 82' lang='grc' dir='ltr'>καὶ</span> <span class='ocrx_word' id='word_1_126' title='bbox 252 781 428 816; x_wconf 79' lang='grc' dir='ltr'>ἀκολούθησιν</span> <span class='ocrx_word' id='word_1_127' title='bbox 443 781 513 809; x_wconf 73' lang='grc' dir='ltr'>ὁδοῦ.</span> <span class='ocrx_word' id='word_1_128' title='bbox 533 781 618 813; x_wconf 76' lang='grc' dir='ltr'>Αὐτὸς</span> <span class='ocrx_word' id='word_1_129' title='bbox 635 781 688 817; x_wconf 84' lang='grc' dir='ltr'><strong>γάρ</strong></span> <span class='ocrx_word' id='word_1_130' title='bbox 702 782 765 808; x_wconf 68' lang='grc' dir='ltr'>ἐστι</span> <span class='ocrx_word' id='word_1_131' title='bbox 771 782 849 817; x_wconf 83' lang='grc' dir='ltr'>μόνος</span> <span class='ocrx_word' id='word_1_132' title='bbox 862 783 879 817; x_wconf 86' lang='grc' dir='ltr'>ἠ</span> 
     </span>
    </p>
   </div>
   <div class='ocr_carea' id='block_1_20' title="bbox 113 827 880 863">
    <p class='ocr_par' dir='ltr' id='par_1_20' title="bbox 113 827 880 863">
     <span class='ocr_line' id='line_1_20' title="bbox 113 827 880 863; baseline 0 -9"><span class='ocrx_word' id='word_1_133' title='bbox 113 827 172 862; x_wconf 70' lang='grc' dir='ltr'><strong>ἀρχὴ</strong></span> <span class='ocrx_word' id='word_1_134' title='bbox 182 828 222 854; x_wconf 81' lang='grc' dir='ltr'>καὶ</span> <span class='ocrx_word' id='word_1_135' title='bbox 232 829 263 854; x_wconf 84' lang='grc' dir='ltr'>τὸ</span> <span class='ocrx_word' id='word_1_136' title='bbox 276 827 350 860; x_wconf 78' lang='grc' dir='ltr'>τέλος</span> <span class='ocrx_word' id='word_1_137' title='bbox 364 829 483 855; x_wconf 75' lang='grc' dir='ltr'>πάντων.</span> <span class='ocrx_word' id='word_1_138' title='bbox 495 828 574 855; x_wconf 87' lang='grc' dir='ltr'>Ὀοεν</span> <span class='ocrx_word' id='word_1_139' title='bbox 582 828 668 859; x_wconf 65' lang='grc' dir='ltr'>οὐδεὶς</span> <span class='ocrx_word' id='word_1_140' title='bbox 677 828 802 855; x_wconf 80' lang='grc' dir='ltr'>οὐδέποτε</span> <span class='ocrx_word' id='word_1_141' title='bbox 814 837 880 863; x_wconf 69' lang='grc' dir='ltr'>προσ</span> 
     </span>
    </p>
   </div>
   <div class='ocr_carea' id='block_1_21' title="bbox 970 509 1719 544">
    <p class='ocr_par' dir='ltr' id='par_1_21' title="bbox 970 509 1719 544">
     <span class='ocr_line' id='line_1_21' title="bbox 970 509 1719 544; baseline -0.003 -8"><span class='ocrx_word' id='word_1_142' title='bbox 970 509 1068 542; x_wconf 84' lang='lat' dir='ltr'><strong>Quinta</strong></span> <span class='ocrx_word' id='word_1_143' title='bbox 1085 510 1199 544; x_wconf 83' lang='lat' dir='ltr'><strong>qmestio</strong></span> <span class='ocrx_word' id='word_1_144' title='bbox 1210 514 1252 536; x_wconf 85' lang='lat' dir='ltr'><strong>est</strong></span> <span class='ocrx_word' id='word_1_145' title='bbox 1268 509 1355 542; x_wconf 89' lang='lat' dir='ltr'><strong>:Qnid</strong></span> <span class='ocrx_word' id='word_1_146' title='bbox 1371 512 1428 536; x_wconf 84' lang='lat' dir='ltr'><strong>vult</strong></span> <span class='ocrx_word' id='word_1_147' title='bbox 1441 510 1533 536; x_wconf 82' lang='lat' dir='ltr'><strong>dicere</strong></span> <span class='ocrx_word' id='word_1_148' title='bbox 1548 509 1719 535; x_wconf 81' lang='lat' dir='ltr'><strong>Mahometus</strong></span> 
     </span>
    </p>
   </div>
   <div class='ocr_carea' id='block_1_22' title="bbox 936 553 1720 589">
    <p class='ocr_par' dir='ltr' id='par_1_22' title="bbox 936 553 1720 589">
     <span class='ocr_line' id='line_1_22' title="bbox 936 553 1720 589; baseline -0.003 -7"><span class='ocrx_word' id='word_1_149' title='bbox 936 553 964 581; x_wconf 90' lang='lat' dir='ltr'><strong>in</strong></span> <span class='ocrx_word' id='word_1_150' title='bbox 979 555 1123 585; x_wconf 77' lang='lat' dir='ltr'><strong>Alcorano.</strong></span> <span class='ocrx_word' id='word_1_151' title='bbox 1138 555 1210 589; x_wconf 89' lang='lat' dir='ltr'><strong>quod</strong></span> <span class='ocrx_word' id='word_1_152' title='bbox 1224 555 1303 582; x_wconf 83' lang='lat' dir='ltr'><strong>toties</strong></span> <span class='ocrx_word' id='word_1_153' title='bbox 1321 555 1387 582; x_wconf 87' lang='lat' dir='ltr'><strong>dicit</strong></span> <span class='ocrx_word' id='word_1_154' title='bbox 1404 561 1430 582; x_wconf 89' lang='lat' dir='ltr'><strong>et</strong></span> <span class='ocrx_word' id='word_1_155' title='bbox 1444 555 1544 589; x_wconf 86' lang='lat' dir='ltr'><strong>repetit</strong></span> <span class='ocrx_word' id='word_1_156' title='bbox 1560 555 1594 581; x_wconf 88' lang='lat' dir='ltr'><strong>de</strong></span> <span class='ocrx_word' id='word_1_157' title='bbox 1607 562 1635 581; x_wconf 86' lang='lat' dir='ltr'><strong>se</strong></span> <span class='ocrx_word' id='word_1_158' title='bbox 1651 555 1720 581; x_wconf 84' lang='lat' dir='ltr'><strong>scri-</strong></span> 
     </span>
    </p>
   </div>
   <div class='ocr_carea' id='block_1_23' title="bbox 935 599 1723 634">
    <p class='ocr_par' dir='ltr' id='par_1_23' title="bbox 935 599 1723 634">
     <span class='ocr_line' id='line_1_23' title="bbox 935 599 1723 634; baseline -0.003 -8"><span class='ocrx_word' id='word_1_159' title='bbox 935 599 1013 632; x_wconf 85' lang='lat' dir='ltr'><strong>hens,</strong></span> <span class='ocrx_word' id='word_1_160' title='bbox 1024 599 1132 627; x_wconf 88' lang='lat' dir='ltr'><strong>Credite</strong></span> <span class='ocrx_word' id='word_1_161' title='bbox 1155 599 1182 627; x_wconf 89' lang='lat' dir='ltr'><strong>in</strong></span> <span class='ocrx_word' id='word_1_162' title='bbox 1200 600 1284 626; x_wconf 88' lang='lat' dir='ltr'><strong>Demn</strong></span> <span class='ocrx_word' id='word_1_163' title='bbox 1299 604 1326 626; x_wconf 90' lang='lat' dir='ltr'><strong>et</strong></span> <span class='ocrx_word' id='word_1_164' title='bbox 1348 600 1510 634; x_wconf 81' lang='lat' dir='ltr'><strong>apostolum.</strong></span> <span class='ocrx_word' id='word_1_165' title='bbox 1534 600 1643 627; x_wconf 56' lang='lat' dir='ltr'><strong>oheilite</strong></span> <span class='ocrx_word' id='word_1_166' title='bbox 1667 600 1723 626; x_wconf 83' lang='lat' dir='ltr'><strong>Deo</strong></span> 
     </span>
    </p>
   </div>
   <div class='ocr_carea' id='block_1_24' title="bbox 935 644 1722 679">
    <p class='ocr_par' dir='ltr' id='par_1_24' title="bbox 935 644 1722 679">
     <span class='ocr_line' id='line_1_24' title="bbox 935 644 1722 679; baseline -0.001 -9"><span class='ocrx_word' id='word_1_167' title='bbox 935 647 962 670; x_wconf 81' lang='lat' dir='ltr'><strong>et</strong></span> <span class='ocrx_word' id='word_1_168' title='bbox 973 644 1107 678; x_wconf 86' lang='lat' dir='ltr'><strong>apostolo,</strong></span> <span class='ocrx_word' id='word_1_169' title='bbox 1124 645 1276 679; x_wconf 79' lang='lat' dir='ltr'><strong>Seqnamini</strong></span> <span class='ocrx_word' id='word_1_170' title='bbox 1292 645 1374 671; x_wconf 87' lang='lat' dir='ltr'><strong>Deum</strong></span> <span class='ocrx_word' id='word_1_171' title='bbox 1385 651 1413 672; x_wconf 88' lang='lat' dir='ltr'><strong>et</strong></span> <span class='ocrx_word' id='word_1_172' title='bbox 1425 645 1577 679; x_wconf 81' lang='lat' dir='ltr'><strong>apostolum</strong></span> <span class='ocrx_word' id='word_1_173' title='bbox 1589 645 1600 671; x_wconf 89' lang='lat'><strong>?</strong></span> <span class='ocrx_word' id='word_1_174' title='bbox 1613 645 1722 672; x_wconf 56' lang='lat' dir='ltr'><strong>Seium:</strong></span> 
     </span>
    </p>
   </div>
   <div class='ocr_carea' id='block_1_25' title="bbox 934 687 1724 721">
    <p class='ocr_par' dir='ltr' id='par_1_25' title="bbox 934 687 1724 721">
     <span class='ocr_line' id='line_1_25' title="bbox 934 687 1724 721; baseline 0.003 -7"><span class='ocrx_word' id='word_1_175' title='bbox 934 687 1018 720; x_wconf 91' lang='lat' dir='ltr'><strong>enim,</strong></span> <span class='ocrx_word' id='word_1_176' title='bbox 1035 689 1085 715; x_wconf 87' lang='lat' dir='ltr'><strong>soli</strong></span> <span class='ocrx_word' id='word_1_177' title='bbox 1111 689 1166 716; x_wconf 82' lang='lat' dir='ltr'><strong>Deo</strong></span> <span class='ocrx_word' id='word_1_178' title='bbox 1184 689 1276 716; x_wconf 83' lang='lat' dir='ltr'><strong>deberi</strong></span> <span class='ocrx_word' id='word_1_179' title='bbox 1303 690 1394 721; x_wconf 69' lang='lat' dir='ltr'><strong>fidem,</strong></span> <span class='ocrx_word' id='word_1_180' title='bbox 1410 690 1548 717; x_wconf 81' lang='lat' dir='ltr'><strong>honorem</strong></span> <span class='ocrx_word' id='word_1_181' title='bbox 1563 690 1649 716; x_wconf 68' lang='lat' dir='ltr'><strong>divini</strong></span> <span class='ocrx_word' id='word_1_182' title='bbox 1666 690 1724 716; x_wconf 82' lang='lat' dir='ltr'><strong>cnl-</strong></span> 
     </span>
    </p>
   </div>
   <div class='ocr_carea' id='block_1_26' title="bbox 933 732 1717 769">
    <p class='ocr_par' dir='ltr' id='par_1_26' title="bbox 933 732 1717 769">
     <span class='ocr_line' id='line_1_26' title="bbox 933 732 1717 769; baseline 0.003 -11"><span class='ocrx_word' id='word_1_183' title='bbox 933 736 986 765; x_wconf 88' lang='lat' dir='ltr'><strong>tus,</strong></span> <span class='ocrx_word' id='word_1_184' title='bbox 1001 732 1135 760; x_wconf 82' lang='lat' dir='ltr'><strong>actionem</strong></span> <span class='ocrx_word' id='word_1_185' title='bbox 1162 734 1335 766; x_wconf 67' lang='lat' dir='ltr'><strong>obedientim,</strong></span> <span class='ocrx_word' id='word_1_186' title='bbox 1361 738 1388 761; x_wconf 89' lang='lat' dir='ltr'><strong>et</strong></span> <span class='ocrx_word' id='word_1_187' title='bbox 1412 735 1550 769; x_wconf 76' lang='lat' dir='ltr'><strong>sequelam</strong></span> <span class='ocrx_word' id='word_1_188' title='bbox 1581 735 1641 761; x_wconf 71' lang='lat' dir='ltr'><strong>vim.</strong></span> <span class='ocrx_word' id='word_1_189' title='bbox 1660 734 1717 768; x_wconf 83' lang='lat' dir='ltr'><strong>Ipse</strong></span> 
     </span>
    </p>
   </div>
   <div class='ocr_carea' id='block_1_27' title="bbox 932 778 1723 815">
    <p class='ocr_par' dir='ltr' id='par_1_27' title="bbox 932 778 1723 815">
     <span class='ocr_line' id='line_1_27' title="bbox 932 778 1723 815; baseline 0.003 -10"><span class='ocrx_word' id='word_1_190' title='bbox 932 778 1004 805; x_wconf 89' lang='lat' dir='ltr'><strong>enirn</strong></span> <span class='ocrx_word' id='word_1_191' title='bbox 1015 779 1090 806; x_wconf 89' lang='lat' dir='ltr'><strong>solus</strong></span> <span class='ocrx_word' id='word_1_192' title='bbox 1106 784 1148 807; x_wconf 84' lang='lat' dir='ltr'><strong>est</strong></span> <span class='ocrx_word' id='word_1_193' title='bbox 1165 781 1340 815; x_wconf 80' lang='lat' dir='ltr'><strong>principium,</strong></span> <span class='ocrx_word' id='word_1_194' title='bbox 1353 785 1380 808; x_wconf 90' lang='lat' dir='ltr'><strong>et</strong></span> <span class='ocrx_word' id='word_1_195' title='bbox 1403 781 1463 807; x_wconf 83' lang='lat' dir='ltr'><strong>linis</strong></span> <span class='ocrx_word' id='word_1_196' title='bbox 1495 781 1627 807; x_wconf 79' lang='lat' dir='ltr'><strong>omnium.</strong></span> <span class='ocrx_word' id='word_1_197' title='bbox 1645 781 1723 808; x_wconf 81' lang='lat' dir='ltr'><strong>Unde</strong></span> 
     </span>
    </p>
   </div>
   <div class='ocr_carea' id='block_1_28' title="bbox 931 825 1719 860">
    <p class='ocr_par' dir='ltr' id='par_1_28' title="bbox 931 825 1719 860">
     <span class='ocr_line' id='line_1_28' title="bbox 931 825 1719 860; baseline 0 -8"><span class='ocrx_word' id='word_1_198' title='bbox 931 825 1024 852; x_wconf 86' lang='lat' dir='ltr'><strong>nullus</strong></span> <span class='ocrx_word' id='word_1_199' title='bbox 1045 833 1164 860; x_wconf 83' lang='lat' dir='ltr'><strong>unquam</strong></span> <span class='ocrx_word' id='word_1_200' title='bbox 1193 826 1324 860; x_wconf 74' lang='lat' dir='ltr'><strong>propheta</strong></span> <span class='ocrx_word' id='word_1_201' title='bbox 1340 834 1422 853; x_wconf 87' lang='lat' dir='ltr'><strong>ausus</strong></span> <span class='ocrx_word' id='word_1_202' title='bbox 1443 830 1484 853; x_wconf 84' lang='lat' dir='ltr'><strong>est</strong></span> <span class='ocrx_word' id='word_1_203' title='bbox 1498 826 1554 852; x_wconf 78' lang='lat' dir='ltr'><strong>luce</strong></span> <span class='ocrx_word' id='word_1_204' title='bbox 1573 826 1676 856; x_wconf 82' lang='lat' dir='ltr'><strong>dicere,</strong></span> <span class='ocrx_word' id='word_1_205' title='bbox 1691 831 1719 852; x_wconf 91' lang='lat' dir='ltr'><strong>et</strong></span> 
     </span>
    </p>
   </div>
   <div class='ocr_carea' id='block_1_29' title="bbox 113 871 883 910">
    <p class='ocr_par' dir='ltr' id='par_1_29' title="bbox 113 872 880 908">
     <span class='ocr_line' id='line_1_29' title="bbox 113 872 880 908; baseline 0 -11"><span class='ocrx_word' id='word_1_206' title='bbox 113 873 187 906; x_wconf 74' lang='grc' dir='ltr'>φήτης</span> <span class='ocrx_word' id='word_1_207' title='bbox 198 872 326 906; x_wconf 78' lang='grc' dir='ltr'>ἐτόλμησε</span> <span class='ocrx_word' id='word_1_208' title='bbox 341 872 427 898; x_wconf 80' lang='grc' dir='ltr'>ταῦτα</span> <span class='ocrx_word' id='word_1_209' title='bbox 444 872 542 904; x_wconf 76' lang='grc' dir='ltr'>εἰπεῖν,</span> <span class='ocrx_word' id='word_1_210' title='bbox 559 872 605 899; x_wconf 81' lang='grc' dir='ltr'>καὶ</span> <span class='ocrx_word' id='word_1_211' title='bbox 619 872 658 908; x_wconf 86' lang='grc' dir='ltr'>τῷ</span> <span class='ocrx_word' id='word_1_212' title='bbox 670 873 730 907; x_wconf 84' lang='grc' dir='ltr'>Θεῷ</span> <span class='ocrx_word' id='word_1_213' title='bbox 741 872 880 907; x_wconf 75' lang='grc' dir='ltr'>ἐξομοιοῦν</span> 
     </span>
    </p>
   </div>
   <div class='ocr_carea' id='block_1_30' title="bbox 940 871 1718 910">
    <p class='ocr_par' dir='ltr' id='par_1_30' title="bbox 940 871 1718 906">
     <span class='ocr_line' id='line_1_30' title="bbox 940 871 1718 906; baseline -0.001 -8"><span class='ocrx_word' id='word_1_214' title='bbox 940 871 987 899; x_wconf 73' lang='lat' dir='ltr'><strong>Deo</strong></span> <span class='ocrx_word' id='word_1_215' title='bbox 999 872 1117 906; x_wconf 86' lang='lat' dir='ltr'><strong>seipsum</strong></span> <span class='ocrx_word' id='word_1_216' title='bbox 1133 872 1160 899; x_wconf 92' lang='lat' dir='ltr'><strong>in</strong></span> <span class='ocrx_word' id='word_1_217' title='bbox 1182 872 1281 899; x_wconf 85' lang='lat' dir='ltr'><strong>talibus</strong></span> <span class='ocrx_word' id='word_1_218' title='bbox 1303 872 1439 899; x_wconf 86' lang='lat' dir='ltr'><strong>associare</strong></span> <span class='ocrx_word' id='word_1_219' title='bbox 1455 880 1460 898; x_wconf 94' lang='lat'><strong>:</strong></span> <span class='ocrx_word' id='word_1_220' title='bbox 1477 872 1520 899; x_wconf 89' lang='lat' dir='ltr'><strong>cui</strong></span> <span class='ocrx_word' id='word_1_221' title='bbox 1545 872 1649 898; x_wconf 88' lang='lat' dir='ltr'><strong>nullum</strong></span> <span class='ocrx_word' id='word_1_222' title='bbox 1667 879 1718 898; x_wconf 90' lang='lat' dir='ltr'><strong>un-</strong></span> 
     </span>
    </p>
   </div>
   <div class='ocr_carea' id='block_1_31' title="bbox 112 912 878 950">
    <p class='ocr_par' dir='ltr' id='par_1_31' title="bbox 112 912 878 950">
     <span class='ocr_line' id='line_1_31' title="bbox 112 912 878 950; baseline 0.001 -9"><span class='ocrx_word' id='word_1_223' title='bbox 112 916 193 941; x_wconf 77' lang='grc' dir='ltr'>ἐαυτὺν</span> <span class='ocrx_word' id='word_1_224' title='bbox 207 916 233 942; x_wconf 78' lang='grc' dir='ltr'>ἐν</span> <span class='ocrx_word' id='word_1_225' title='bbox 247 916 300 946; x_wconf 75' lang='grc' dir='ltr'>τοῖς</span> <span class='ocrx_word' id='word_1_226' title='bbox 316 915 457 948; x_wconf 73' lang='grc' dir='ltr'><strong>τοιούτοις,</strong></span> <span class='ocrx_word' id='word_1_227' title='bbox 510 915 612 950; x_wconf 73' lang='grc' dir='ltr'>μηδέ-ια</span> <span class='ocrx_word' id='word_1_228' title='bbox 633 915 767 950; x_wconf 82' lang='grc' dir='ltr'>μηδέποτε</span> <span class='ocrx_word' id='word_1_229' title='bbox 783 924 878 943; x_wconf 84' lang='grc' dir='ltr'>κοινω-</span> 
     </span>
    </p>
   </div>
   <div class='ocr_carea' id='block_1_32' title="bbox 110 960 879 997">
    <p class='ocr_par' dir='ltr' id='par_1_32' title="bbox 110 960 879 997">
     <span class='ocr_line' id='line_1_32' title="bbox 110 960 879 997; baseline 0 -9"><span class='ocrx_word' id='word_1_230' title='bbox 110 962 148 988; x_wconf 68' lang='grc' dir='ltr'>νὶν</span> <span class='ocrx_word' id='word_1_231' title='bbox 161 962 174 996; x_wconf 82' lang='grc' dir='ltr'>ἢ</span> <span class='ocrx_word' id='word_1_232' title='bbox 190 962 371 996; x_wconf 77' lang='grc' dir='ltr'>συμμεριστὴν</span> <span class='ocrx_word' id='word_1_233' title='bbox 386 961 525 995; x_wconf 76' lang='grc' dir='ltr'>γενέσθαι.</span> <span class='ocrx_word' id='word_1_234' title='bbox 549 960 578 987; x_wconf 85' lang='lat'><strong>&#39;0</strong></span> <span class='ocrx_word' id='word_1_235' title='bbox 598 962 646 995; x_wconf 78' lang='grc' dir='ltr'><strong>μὲν</strong></span> <span class='ocrx_word' id='word_1_236' title='bbox 661 962 715 996; x_wconf 84' lang='grc' dir='ltr'>γὰρ</span> <span class='ocrx_word' id='word_1_237' title='bbox 730 961 832 997; x_wconf 82' lang='grc' dir='ltr'>Κύριος</span> <span class='ocrx_word' id='word_1_238' title='bbox 850 963 879 989; x_wconf 85' lang='grc' dir='ltr'>ὲν</span> 
     </span>
    </p>
   </div>
   <div class='ocr_carea' id='block_1_33' title="bbox 109 1006 879 1043">
    <p class='ocr_par' dir='ltr' id='par_1_33' title="bbox 109 1006 879 1043">
     <span class='ocr_line' id='line_1_33' title="bbox 109 1006 879 1043; baseline 0.003 -11"><span class='ocrx_word' id='word_1_239' title='bbox 109 1006 143 1040; x_wconf 82' lang='grc' dir='ltr'>τῷ</span> <span class='ocrx_word' id='word_1_240' title='bbox 156 1007 220 1041; x_wconf 73' lang='grc' dir='ltr'>νόμῳ</span> <span class='ocrx_word' id='word_1_241' title='bbox 234 1007 280 1033; x_wconf 83' lang='grc' dir='ltr'><strong>τοῦ</strong></span> <span class='ocrx_word' id='word_1_242' title='bbox 295 1006 433 1038; x_wconf 76' lang='grc' dir='ltr'><strong>Μωῦσέως</strong></span> <span class='ocrx_word' id='word_1_243' title='bbox 447 1008 504 1039; x_wconf 84' lang='grc' dir='ltr'>τοῖς</span> <span class='ocrx_word' id='word_1_244' title='bbox 516 1007 652 1039; x_wconf 74' lang='grc' dir='ltr'><strong>Ἰουδαίοις</strong></span> <span class='ocrx_word' id='word_1_245' title='bbox 673 1009 766 1043; x_wconf 75' lang='grc' dir='ltr'>φησὶν,</span> <span class='ocrx_word' id='word_1_246' title='bbox 782 1008 879 1034; x_wconf 80' lang='grc' dir='ltr'>ιἽδετε</span> 
     </span>
    </p>
   </div>
   <div class='ocr_carea' id='block_1_34' title="bbox 109 1051 881 1088">
    <p class='ocr_par' dir='ltr' id='par_1_34' title="bbox 109 1051 881 1088">
     <span class='ocr_line' id='line_1_34' title="bbox 109 1051 881 1088; baseline 0.003 -10"><span class='ocrx_word' id='word_1_247' title='bbox 109 1051 144 1078; x_wconf 84' lang='grc' dir='ltr'>ὅτι</span> <span class='ocrx_word' id='word_1_248' title='bbox 155 1052 203 1086; x_wconf 86' lang='grc' dir='ltr'><strong>ὲγὼ</strong></span> <span class='ocrx_word' id='word_1_249' title='bbox 212 1052 268 1087; x_wconf 77' lang='grc' dir='ltr'>εἰμι</span> <span class='ocrx_word' id='word_1_250' title='bbox 282 1052 387 1087; x_wconf 74' lang='grc' dir='ltr'>μόνος.»</span> <span class='ocrx_word' id='word_1_251' title='bbox 403 1053 453 1079; x_wconf 87' lang='grc' dir='ltr'>Διὰ</span> <span class='ocrx_word' id='word_1_252' title='bbox 465 1053 580 1080; x_wconf 83' lang='grc' dir='ltr'>τοῦτοδὲ</span> <span class='ocrx_word' id='word_1_253' title='bbox 592 1054 639 1080; x_wconf 73' lang='grc' dir='ltr'>καὶ</span> <span class='ocrx_word' id='word_1_254' title='bbox 650 1054 664 1080; x_wconf 88' lang='grc' dir='ltr'><strong>ὀ</strong></span> <span class='ocrx_word' id='word_1_255' title='bbox 683 1054 776 1085; x_wconf 82' lang='grc' dir='ltr'>Ἠλίας</span> <span class='ocrx_word' id='word_1_256' title='bbox 789 1055 881 1088; x_wconf 65' lang='grc' dir='ltr'>φησιν,</span> 
     </span>
    </p>
   </div>
   <div class='ocr_carea' id='block_1_35' title="bbox 111 1099 882 1134">
    <p class='ocr_par' dir='ltr' id='par_1_35' title="bbox 111 1099 882 1134">
     <span class='ocr_line' id='line_1_35' title="bbox 111 1099 882 1134; baseline 0.001 -9"><span class='ocrx_word' id='word_1_257' title='bbox 111 1108 120 1124; x_wconf 76' lang='grc' dir='ltr'><strong>ι</strong></span> <span class='ocrx_word' id='word_1_258' title='bbox 134 1099 160 1124; x_wconf 82' lang='grc' dir='ltr'>Εἰ</span> <span class='ocrx_word' id='word_1_259' title='bbox 175 1099 270 1134; x_wconf 83' lang='grc' dir='ltr'>Κύριος</span> <span class='ocrx_word' id='word_1_260' title='bbox 285 1099 299 1126; x_wconf 82' lang='grc' dir='ltr'><strong>ὀ</strong></span> <span class='ocrx_word' id='word_1_261' title='bbox 314 1099 380 1130; x_wconf 83' lang='grc' dir='ltr'>Θεό;</span> <span class='ocrx_word' id='word_1_262' title='bbox 394 1099 463 1133; x_wconf 73' lang='grc' dir='ltr'>ἐστι,</span> <span class='ocrx_word' id='word_1_263' title='bbox 477 1100 626 1134; x_wconf 77' lang='grc' dir='ltr'>πορεύεσθε</span> <span class='ocrx_word' id='word_1_264' title='bbox 641 1100 729 1127; x_wconf 79' lang='grc' dir='ltr'>ὀπίσω</span> <span class='ocrx_word' id='word_1_265' title='bbox 742 1100 825 1126; x_wconf 77' lang='grc' dir='ltr'>αὑτοῦ</span> <span class='ocrx_word' id='word_1_266' title='bbox 838 1110 844 1116; x_wconf 91' lang='grc'><strong>·</strong></span> <span class='ocrx_word' id='word_1_267' title='bbox 858 1102 882 1127; x_wconf 85' lang='grc' dir='ltr'>εἰ</span> 
     </span>
    </p>
   </div>
   <div class='ocr_carea' id='block_1_36' title="bbox 108 1145 883 1180">
    <p class='ocr_par' dir='ltr' id='par_1_36' title="bbox 108 1145 883 1180">
     <span class='ocr_line' id='line_1_36' title="bbox 108 1145 883 1180; baseline 0.001 -9"><span class='ocrx_word' id='word_1_268' title='bbox 108 1145 133 1171; x_wconf 79' lang='grc' dir='ltr'>δὲ</span> <span class='ocrx_word' id='word_1_269' title='bbox 149 1145 224 1177; x_wconf 76' lang='grc' dir='ltr'>Βάαλ,</span> <span class='ocrx_word' id='word_1_270' title='bbox 238 1145 440 1179; x_wconf 65' lang='grc' dir='ltr'><strong>ἀκολουθήσατε</strong></span> <span class='ocrx_word' id='word_1_271' title='bbox 455 1146 541 1180; x_wconf 81' lang='grc' dir='ltr'>αὐτῷ.</span> <span class='ocrx_word' id='word_1_272' title='bbox 558 1155 567 1171; x_wconf 72' lang='grc' dir='ltr'><strong>ι</strong></span> <span class='ocrx_word' id='word_1_273' title='bbox 584 1147 665 1172; x_wconf 80' lang='grc' dir='ltr'>Δοκεῖ</span> <span class='ocrx_word' id='word_1_274' title='bbox 677 1146 767 1172; x_wconf 81' lang='grc' dir='ltr'>τοίνυν</span> <span class='ocrx_word' id='word_1_275' title='bbox 781 1147 813 1173; x_wconf 77' lang='grc' dir='ltr'>ἐκ</span> <span class='ocrx_word' id='word_1_276' title='bbox 828 1147 883 1172; x_wconf 77' lang='grc' dir='ltr'>τῶν</span> 
     </span>
    </p>
   </div>
   <div class='ocr_carea' id='block_1_37' title="bbox 107 1188 885 1224">
    <p class='ocr_par' dir='ltr' id='par_1_37' title="bbox 107 1188 885 1224">
     <span class='ocr_line' id='line_1_37' title="bbox 107 1188 885 1224; baseline 0.003 -10"><span class='ocrx_word' id='word_1_277' title='bbox 107 1188 226 1215; x_wconf 80' lang='grc' dir='ltr'>τοιούτων</span> <span class='ocrx_word' id='word_1_278' title='bbox 239 1190 254 1216; x_wconf 80' lang='grc' dir='ltr'><strong>ὸ</strong></span> <span class='ocrx_word' id='word_1_279' title='bbox 268 1189 416 1224; x_wconf 80' lang='grc' dir='ltr'>Μαχούμετ</span> <span class='ocrx_word' id='word_1_280' title='bbox 433 1189 464 1215; x_wconf 83' lang='grc' dir='ltr'>οὐ</span> <span class='ocrx_word' id='word_1_281' title='bbox 475 1189 554 1224; x_wconf 86' lang='grc' dir='ltr'>μόνον</span> <span class='ocrx_word' id='word_1_282' title='bbox 571 1189 672 1216; x_wconf 84' lang='grc' dir='ltr'>διδόναι</span> <span class='ocrx_word' id='word_1_283' title='bbox 684 1189 730 1216; x_wconf 78' lang='grc' dir='ltr'>τὸν</span> <span class='ocrx_word' id='word_1_284' title='bbox 745 1190 812 1216; x_wconf 63' lang='grc' dir='ltr'>Θεὸν</span> <span class='ocrx_word' id='word_1_285' title='bbox 829 1199 885 1216; x_wconf 86' lang='grc' dir='ltr'>κοι-</span> 
     </span>
    </p>
   </div>
   <div class='ocr_carea' id='block_1_38' title="bbox 107 1233 883 1266">
    <p class='ocr_par' dir='ltr' id='par_1_38' title="bbox 107 1233 883 1266">
     <span class='ocr_line' id='line_1_38' title="bbox 107 1233 883 1266; baseline 0.001 -7"><span class='ocrx_word' id='word_1_286' title='bbox 107 1233 193 1266; x_wconf 82' lang='grc' dir='ltr'>νωνὸν,</span> <span class='ocrx_word' id='word_1_287' title='bbox 208 1233 274 1259; x_wconf 81' lang='grc' dir='ltr'><strong>ἁ),λὰ</strong></span> <span class='ocrx_word' id='word_1_288' title='bbox 289 1234 337 1261; x_wconf 80' lang='grc' dir='ltr'>καὶ</span> <span class='ocrx_word' id='word_1_289' title='bbox 353 1233 448 1260; x_wconf 74' lang='grc' dir='ltr'>ἑαυτὸν</span> <span class='ocrx_word' id='word_1_290' title='bbox 462 1235 549 1260; x_wconf 85' lang='grc' dir='ltr'>ποιεῖν</span> <span class='ocrx_word' id='word_1_291' title='bbox 567 1235 673 1260; x_wconf 72' lang='grc' dir='ltr'>ἐκείνου</span> <span class='ocrx_word' id='word_1_292' title='bbox 691 1235 820 1261; x_wconf 64' lang='grc' dir='ltr'>κοινωνὸν</span> <span class='ocrx_word' id='word_1_293' title='bbox 836 1235 883 1262; x_wconf 70' lang='grc' dir='ltr'>καὶ</span> 
     </span>
    </p>
   </div>
   <div class='ocr_carea' id='block_1_39' title="bbox 107 1279 887 1316">
    <p class='ocr_par' dir='ltr' id='par_1_39' title="bbox 107 1279 887 1316">
     <span class='ocr_line' id='line_1_39' title="bbox 107 1279 887 1316; baseline 0.004 -11"><span class='ocrx_word' id='word_1_294' title='bbox 107 1280 297 1314; x_wconf 82' lang='grc' dir='ltr'>συμμεριστήν.</span> <span class='ocrx_word' id='word_1_295' title='bbox 312 1279 367 1306; x_wconf 78' lang='grc' dir='ltr'>Καὶ</span> <span class='ocrx_word' id='word_1_296' title='bbox 384 1279 456 1306; x_wconf 78' lang='grc' dir='ltr'>οὕτω</span> <span class='ocrx_word' id='word_1_297' title='bbox 470 1279 577 1313; x_wconf 80' lang='grc' dir='ltr'>λέγεται</span> <span class='ocrx_word' id='word_1_298' title='bbox 589 1281 617 1306; x_wconf 83' lang='grc' dir='ltr'>ὲν</span> <span class='ocrx_word' id='word_1_299' title='bbox 628 1279 665 1315; x_wconf 85' lang='grc' dir='ltr'>τῷ</span> <span class='ocrx_word' id='word_1_300' title='bbox 680 1280 845 1316; x_wconf 77' lang='grc' dir='ltr'>Ἀλκοράνῳ,</span> <span class='ocrx_word' id='word_1_301' title='bbox 858 1283 887 1308; x_wconf 76' lang='grc' dir='ltr'>ἐν</span> 
     </span>
    </p>
   </div>
   <div class='ocr_carea' id='block_1_40' title="bbox 103 1325 888 1361">
    <p class='ocr_par' dir='ltr' id='par_1_40' title="bbox 103 1325 888 1361">
     <span class='ocr_line' id='line_1_40' title="bbox 103 1325 888 1361; baseline 0.001 -9"><span class='ocrx_word' id='word_1_302' title='bbox 103 1325 140 1360; x_wconf 85' lang='grc' dir='ltr'>τῷ</span> <span class='ocrx_word' id='word_1_303' title='bbox 153 1325 288 1361; x_wconf 68' lang='grc' dir='ltr'>κεφαλαίῳ</span> <span class='ocrx_word' id='word_1_304' title='bbox 302 1325 340 1360; x_wconf 85' lang='grc' dir='ltr'>τῷ</span> <span class='ocrx_word' id='word_1_305' title='bbox 357 1325 482 1353; x_wconf 83' lang='grc' dir='ltr'>Ἐλνεσᾶ-</span> <span class='ocrx_word' id='word_1_306' title='bbox 499 1326 535 1353; x_wconf 83' lang='grc' dir='ltr'>Οὐ</span> <span class='ocrx_word' id='word_1_307' title='bbox 551 1326 675 1361; x_wconf 77' lang='grc' dir='ltr'><strong>φείσεται</strong></span> <span class='ocrx_word' id='word_1_308' title='bbox 687 1327 701 1353; x_wconf 85' lang='grc' dir='ltr'>ὁ</span> <span class='ocrx_word' id='word_1_309' title='bbox 716 1327 791 1358; x_wconf 65' lang='grc' dir='ltr'>Θεὶς,</span> <span class='ocrx_word' id='word_1_310' title='bbox 807 1326 888 1358; x_wconf 78' lang='grc' dir='ltr'>εἴτις</span> 
     </span>
    </p>
   </div>
   <div class='ocr_carea' id='block_1_41' title="bbox 103 1371 886 1407">
    <p class='ocr_par' dir='ltr' id='par_1_41' title="bbox 103 1371 886 1407">
     <span class='ocr_line' id='line_1_41' title="bbox 103 1371 886 1407; baseline 0.003 -11"><span class='ocrx_word' id='word_1_311' title='bbox 103 1371 174 1406; x_wconf 75' lang='grc' dir='ltr'>αὐτῷ</span> <span class='ocrx_word' id='word_1_312' title='bbox 184 1371 263 1406; x_wconf 75' lang='grc' dir='ltr'>διδοίη</span> <span class='ocrx_word' id='word_1_313' title='bbox 274 1373 411 1399; x_wconf 80' lang='grc' dir='ltr'>κοινωνόν.</span> <span class='ocrx_word' id='word_1_314' title='bbox 421 1372 509 1404; x_wconf 74' lang='grc' dir='ltr'>Μόνος</span> <span class='ocrx_word' id='word_1_315' title='bbox 517 1372 547 1398; x_wconf 72' lang='grc' dir='ltr'><strong>δὲ’</strong></span> <span class='ocrx_word' id='word_1_316' title='bbox 557 1374 570 1399; x_wconf 81' lang='grc' dir='ltr'>ὁ</span> <span class='ocrx_word' id='word_1_317' title='bbox 582 1372 699 1406; x_wconf 77' lang='grc' dir='ltr'>Χριστὸς</span> <span class='ocrx_word' id='word_1_318' title='bbox 714 1373 886 1407; x_wconf 60' lang='grc' dir='ltr'>μήτεξκοινω-</span> 
     </span>
    </p>
   </div>
   <div class='ocr_carea' id='block_1_42' title="bbox 102 1417 886 1453">
    <p class='ocr_par' dir='ltr' id='par_1_42' title="bbox 102 1417 886 1453">
     <span class='ocr_line' id='line_1_42' title="bbox 102 1417 886 1453; baseline 0 -10"><span class='ocrx_word' id='word_1_319' title='bbox 102 1417 154 1448; x_wconf 74' lang='grc' dir='ltr'>ν’)ς.</span> <span class='ocrx_word' id='word_1_320' title='bbox 167 1418 233 1452; x_wconf 85' lang='grc' dir='ltr'>μήτε</span> <span class='ocrx_word' id='word_1_321' title='bbox 248 1418 437 1453; x_wconf 75' lang='grc' dir='ltr'>συμμεριστὴς</span> <span class='ocrx_word' id='word_1_322' title='bbox 448 1417 485 1445; x_wconf 84' lang='grc' dir='ltr'>ὣν</span> <span class='ocrx_word' id='word_1_323' title='bbox 497 1418 543 1444; x_wconf 81' lang='grc' dir='ltr'><strong>τοῦ</strong></span> <span class='ocrx_word' id='word_1_324' title='bbox 557 1418 636 1450; x_wconf 83' lang='grc' dir='ltr'>Θεοῦ,</span> <span class='ocrx_word' id='word_1_325' title='bbox 650 1418 718 1445; x_wconf 83' lang='grc' dir='ltr'><strong>ἀλλὰ</strong></span> <span class='ocrx_word' id='word_1_326' title='bbox 732 1418 796 1448; x_wconf 68' lang='grc' dir='ltr'>Θεὸς</span> <span class='ocrx_word' id='word_1_327' title='bbox 811 1417 886 1444; x_wconf 76' lang='grc' dir='ltr'><strong>ὣ·ιά-</strong></span> 
     </span>
    </p>
   </div>
   <div class='ocr_carea' id='block_1_43' title="bbox 101 1462 888 1500">
    <p class='ocr_par' dir='ltr' id='par_1_43' title="bbox 101 1462 888 1500">
     <span class='ocr_line' id='line_1_43' title="bbox 101 1462 888 1500; baseline 0.001 -12"><span class='ocrx_word' id='word_1_328' title='bbox 101 1463 183 1498; x_wconf 78' lang='grc' dir='ltr'>ληϐὴς</span> <span class='ocrx_word' id='word_1_329' title='bbox 195 1464 240 1490; x_wconf 81' lang='grc' dir='ltr'>καὶ</span> <span class='ocrx_word' id='word_1_330' title='bbox 247 1463 385 1499; x_wconf 73' lang='grc' dir='ltr'>ἄνθρωπος</span> <span class='ocrx_word' id='word_1_331' title='bbox 397 1464 498 1498; x_wconf 77' lang='grc' dir='ltr'><strong>ἀληθὴς</strong></span> <span class='ocrx_word' id='word_1_332' title='bbox 506 1464 646 1500; x_wconf 79' lang='grc' dir='ltr'>δεδύνηται</span> <span class='ocrx_word' id='word_1_333' title='bbox 654 1464 754 1498; x_wconf 85' lang='grc' dir='ltr'>λέγειν,</span> <span class='ocrx_word' id='word_1_334' title='bbox 761 1473 770 1489; x_wconf 77' lang='grc' dir='ltr'><strong>ι</strong></span> <span class='ocrx_word' id='word_1_335' title='bbox 777 1462 888 1490; x_wconf 73' lang='grc' dir='ltr'>Πιστεύ-</span> 
     </span>
    </p>
   </div>
   <div class='ocr_carea' id='block_1_44' title="bbox 100 1509 884 1544">
    <p class='ocr_par' dir='ltr' id='par_1_44' title="bbox 100 1509 884 1544">
     <span class='ocr_line' id='line_1_44' title="bbox 100 1509 884 1544; baseline -0.003 -8"><span class='ocrx_word' id='word_1_336' title='bbox 100 1518 142 1536; x_wconf 83' lang='grc' dir='ltr'><strong>ετε</strong></span> <span class='ocrx_word' id='word_1_337' title='bbox 157 1510 195 1541; x_wconf 83' lang='grc' dir='ltr'>είς</span> <span class='ocrx_word' id='word_1_338' title='bbox 206 1510 251 1536; x_wconf 86' lang='grc' dir='ltr'><strong>τὺν</strong></span> <span class='ocrx_word' id='word_1_339' title='bbox 258 1509 334 1540; x_wconf 81' lang='grc' dir='ltr'>Θεὸν,</span> <span class='ocrx_word' id='word_1_340' title='bbox 343 1509 389 1536; x_wconf 80' lang='grc' dir='ltr'>καὶ</span> <span class='ocrx_word' id='word_1_341' title='bbox 399 1510 436 1541; x_wconf 77' lang='grc' dir='ltr'>είς</span> <span class='ocrx_word' id='word_1_342' title='bbox 444 1510 493 1544; x_wconf 74' lang='grc' dir='ltr'><strong>ἐμὲ</strong></span> <span class='ocrx_word' id='word_1_343' title='bbox 503 1510 655 1537; x_wconf 75' lang='grc' dir='ltr'>πιστεύετε·</span> <span class='ocrx_word' id='word_1_344' title='bbox 663 1519 671 1535; x_wconf 77' lang='grc' dir='ltr'><strong>ι</strong></span> <span class='ocrx_word' id='word_1_345' title='bbox 680 1510 768 1536; x_wconf 86' lang='grc' dir='ltr'>καίτοι</span> <span class='ocrx_word' id='word_1_346' title='bbox 782 1510 884 1539; x_wconf 75' lang='grc' dir='ltr'>ἐκεῖνος</span> 
     </span>
    </p>
   </div>
   <div class='ocr_carea' id='block_1_45' title="bbox 930 918 1715 954">
    <p class='ocr_par' dir='ltr' id='par_1_45' title="bbox 930 918 1715 954">
     <span class='ocr_line' id='line_1_45' title="bbox 930 918 1715 954; baseline -0.003 -10"><span class='ocrx_word' id='word_1_347' title='bbox 930 926 1012 954; x_wconf 85' lang='lat' dir='ltr'><strong>quam</strong></span> <span class='ocrx_word' id='word_1_348' title='bbox 1035 918 1163 953; x_wconf 83' lang='lat' dir='ltr'><strong>possibile</strong></span> <span class='ocrx_word' id='word_1_349' title='bbox 1182 923 1223 945; x_wconf 86' lang='lat' dir='ltr'><strong>est</strong></span> <span class='ocrx_word' id='word_1_350' title='bbox 1250 918 1355 945; x_wconf 77' lang='lat' dir='ltr'><strong>socium</strong></span> <span class='ocrx_word' id='word_1_351' title='bbox 1382 918 1424 945; x_wconf 88' lang='lat' dir='ltr'><strong>vel</strong></span> <span class='ocrx_word' id='word_1_352' title='bbox 1451 918 1531 944; x_wconf 86' lang='lat' dir='ltr'><strong>simul</strong></span> <span class='ocrx_word' id='word_1_353' title='bbox 1557 918 1715 951; x_wconf 68' lang='lat' dir='ltr'><strong>participem</strong></span> 
     </span>
    </p>
   </div>
   <div class='ocr_carea' id='block_1_46' title="bbox 932 964 1713 1000">
    <p class='ocr_par' dir='ltr' id='par_1_46' title="bbox 932 964 1713 1000">
     <span class='ocr_line' id='line_1_46' title="bbox 932 964 1713 1000; baseline -0.001 -9"><span class='ocrx_word' id='word_1_354' title='bbox 932 965 1000 992; x_wconf 85' lang='lat' dir='ltr'><strong>ﬂeri.</strong></span> <span class='ocrx_word' id='word_1_355' title='bbox 1028 965 1159 992; x_wconf 88' lang='lat' dir='ltr'><strong>Dominus</strong></span> <span class='ocrx_word' id='word_1_356' title='bbox 1178 965 1252 992; x_wconf 83' lang='lat' dir='ltr'><strong>enim</strong></span> <span class='ocrx_word' id='word_1_357' title='bbox 1274 965 1301 992; x_wconf 95' lang='lat' dir='ltr'><strong>in</strong></span> <span class='ocrx_word' id='word_1_358' title='bbox 1326 965 1384 1000; x_wconf 74' lang='lat' dir='ltr'><strong>lege</strong></span> <span class='ocrx_word' id='word_1_359' title='bbox 1407 965 1489 999; x_wconf 76' lang='lat' dir='ltr'><strong>Moysi</strong></span> <span class='ocrx_word' id='word_1_360' title='bbox 1506 965 1606 992; x_wconf 60' lang='lat' dir='ltr'><strong>Iudaeis</strong></span> <span class='ocrx_word' id='word_1_361' title='bbox 1624 964 1713 991; x_wconf 81' lang='lat' dir='ltr'><strong>dixit:</strong></span> 
     </span>
    </p>
   </div>
   <div class='ocr_carea' id='block_1_47' title="bbox 935 1010 1722 1045">
    <p class='ocr_par' dir='ltr' id='par_1_47' title="bbox 935 1010 1722 1045">
     <span class='ocr_line' id='line_1_47' title="bbox 935 1010 1722 1045; baseline 0 -9"><span class='ocrx_word' id='word_1_362' title='bbox 935 1020 944 1036; x_wconf 86' lang='grc'><strong><em>‹</em></strong></span> <span class='ocrx_word' id='word_1_363' title='bbox 963 1010 1045 1038; x_wconf 82' lang='lat' dir='ltr'><strong>Scitis</strong></span> <span class='ocrx_word' id='word_1_364' title='bbox 1060 1010 1133 1044; x_wconf 86' lang='lat' dir='ltr'><strong>quod</strong></span> <span class='ocrx_word' id='word_1_365' title='bbox 1157 1018 1206 1045; x_wconf 78' lang='lat' dir='ltr'><strong>ego</strong></span> <span class='ocrx_word' id='word_1_366' title='bbox 1226 1017 1285 1037; x_wconf 88' lang='lat' dir='ltr'><strong>smn</strong></span> <span class='ocrx_word' id='word_1_367' title='bbox 1303 1010 1377 1038; x_wconf 88' lang='lat' dir='ltr'><strong>solus</strong></span> <span class='ocrx_word' id='word_1_368' title='bbox 1390 1010 1423 1037; x_wconf 82' lang='lat'><strong>&quot;.</strong></span> <span class='ocrx_word' id='word_1_369' title='bbox 1447 1020 1456 1036; x_wconf 70' lang='grc' dir='ltr'><strong>ν</strong></span> <span class='ocrx_word' id='word_1_370' title='bbox 1475 1010 1591 1045; x_wconf 79' lang='lat' dir='ltr'><strong>Propter</strong></span> <span class='ocrx_word' id='word_1_371' title='bbox 1608 1010 1658 1037; x_wconf 74' lang='lat' dir='ltr'><strong>Iron</strong></span> <span class='ocrx_word' id='word_1_372' title='bbox 1674 1017 1722 1036; x_wconf 90' lang='lat' dir='ltr'><strong>au-</strong></span> 
     </span>
    </p>
   </div>
   <div class='ocr_carea' id='block_1_48' title="bbox 932 1055 1723 1090">
    <p class='ocr_par' dir='ltr' id='par_1_48' title="bbox 932 1055 1723 1090">
     <span class='ocr_line' id='line_1_48' title="bbox 932 1055 1723 1090; baseline -0.001 -8"><span class='ocrx_word' id='word_1_373' title='bbox 932 1059 988 1082; x_wconf 82' lang='lat' dir='ltr'><strong>tem</strong></span> <span class='ocrx_word' id='word_1_374' title='bbox 1018 1059 1045 1082; x_wconf 86' lang='lat' dir='ltr'><strong>et</strong></span> <span class='ocrx_word' id='word_1_375' title='bbox 1073 1055 1147 1082; x_wconf 79' lang='lat' dir='ltr'><strong>Elias</strong></span> <span class='ocrx_word' id='word_1_376' title='bbox 1173 1055 1260 1083; x_wconf 85' lang='lat' dir='ltr'><strong>dicit:</strong></span> <span class='ocrx_word' id='word_1_377' title='bbox 1284 1065 1293 1081; x_wconf 88' lang='grc'><strong><em>‹</em></strong></span> <span class='ocrx_word' id='word_1_378' title='bbox 1318 1055 1346 1083; x_wconf 90' lang='lat' dir='ltr'><strong>Si</strong></span> <span class='ocrx_word' id='word_1_379' title='bbox 1371 1055 1502 1083; x_wconf 84' lang='lat' dir='ltr'><strong>Dominus</strong></span> <span class='ocrx_word' id='word_1_380' title='bbox 1533 1060 1585 1087; x_wconf 86' lang='lat' dir='ltr'><strong>est,</strong></span> <span class='ocrx_word' id='word_1_381' title='bbox 1607 1055 1644 1082; x_wconf 88' lang='lat' dir='ltr'><strong>itc</strong></span> <span class='ocrx_word' id='word_1_382' title='bbox 1661 1059 1723 1090; x_wconf 83' lang='lat' dir='ltr'><strong>post</strong></span> 
     </span>
    </p>
   </div>
   <div class='ocr_carea' id='block_1_49' title="bbox 934 1099 1720 1136">
    <p class='ocr_par' dir='ltr' id='par_1_49' title="bbox 934 1099 1720 1136">
     <span class='ocr_line' id='line_1_49' title="bbox 934 1099 1720 1136; baseline -0.003 -9"><span class='ocrx_word' id='word_1_383' title='bbox 934 1101 1022 1135; x_wconf 87' lang='lat' dir='ltr'><strong>ipsum</strong></span> <span class='ocrx_word' id='word_1_384' title='bbox 1035 1120 1041 1132; x_wconf 88' lang='lat'><strong>,</strong></span> <span class='ocrx_word' id='word_1_385' title='bbox 1053 1101 1075 1127; x_wconf 92' lang='lat' dir='ltr'><strong>si</strong></span> <span class='ocrx_word' id='word_1_386' title='bbox 1094 1106 1184 1127; x_wconf 87' lang='lat' dir='ltr'><strong>autem</strong></span> <span class='ocrx_word' id='word_1_387' title='bbox 1199 1101 1273 1130; x_wconf 82' lang='lat' dir='ltr'><strong>Daal.</strong></span> <span class='ocrx_word' id='word_1_388' title='bbox 1285 1101 1438 1136; x_wconf 76' lang='lat' dir='ltr'><strong>sequamini</strong></span> <span class='ocrx_word' id='word_1_389' title='bbox 1455 1108 1517 1128; x_wconf 86' lang='lat' dir='ltr'><strong>eum</strong></span> <span class='ocrx_word' id='word_1_390' title='bbox 1530 1099 1562 1127; x_wconf 66' lang='grc' dir='ltr'><strong>η.</strong></span> <span class='ocrx_word' id='word_1_391' title='bbox 1583 1110 1592 1126; x_wconf 76' lang='grc' dir='ltr'><strong>ι</strong></span> <span class='ocrx_word' id='word_1_392' title='bbox 1609 1100 1720 1127; x_wconf 86' lang='lat' dir='ltr'><strong>Videtur</strong></span> 
     </span>
    </p>
   </div>
   <div class='ocr_carea' id='block_1_50' title="bbox 935 1145 1719 1180">
    <p class='ocr_par' dir='ltr' id='par_1_50' title="bbox 935 1145 1719 1180">
     <span class='ocr_line' id='line_1_50' title="bbox 935 1145 1719 1180; baseline 0 -8"><span class='ocrx_word' id='word_1_393' title='bbox 935 1146 1017 1180; x_wconf 82' lang='lat' dir='ltr'><strong>igitur</strong></span> <span class='ocrx_word' id='word_1_394' title='bbox 1041 1153 1074 1173; x_wconf 81' lang='lat' dir='ltr'><strong>ex</strong></span> <span class='ocrx_word' id='word_1_395' title='bbox 1100 1146 1211 1178; x_wconf 86' lang='lat' dir='ltr'><strong>talibus,</strong></span> <span class='ocrx_word' id='word_1_396' title='bbox 1225 1145 1406 1173; x_wconf 80' lang='lat' dir='ltr'><strong>Mahomctum</strong></span> <span class='ocrx_word' id='word_1_397' title='bbox 1424 1154 1478 1173; x_wconf 82' lang='lat' dir='ltr'><strong>non</strong></span> <span class='ocrx_word' id='word_1_398' title='bbox 1497 1147 1587 1174; x_wconf 89' lang='lat' dir='ltr'><strong>solum</strong></span> <span class='ocrx_word' id='word_1_399' title='bbox 1609 1146 1674 1172; x_wconf 77' lang='lat' dir='ltr'><strong>dare</strong></span> <span class='ocrx_word' id='word_1_400' title='bbox 1689 1152 1719 1172; x_wconf 86' lang='lat' dir='ltr'><strong>se</strong></span> 
     </span>
    </p>
   </div>
   <div class='ocr_carea' id='block_1_51' title="bbox 935 1191 1719 1226">
    <p class='ocr_par' dir='ltr' id='par_1_51' title="bbox 935 1191 1719 1226">
     <span class='ocr_line' id='line_1_51' title="bbox 935 1191 1719 1226; baseline -0.001 -8"><span class='ocrx_word' id='word_1_401' title='bbox 935 1191 993 1218; x_wconf 85' lang='lat' dir='ltr'><strong>Deo</strong></span> <span class='ocrx_word' id='word_1_402' title='bbox 1011 1191 1183 1226; x_wconf 83' lang='lat' dir='ltr'><strong>participem.</strong></span> <span class='ocrx_word' id='word_1_403' title='bbox 1197 1192 1244 1218; x_wconf 88' lang='lat' dir='ltr'><strong>sed</strong></span> <span class='ocrx_word' id='word_1_404' title='bbox 1261 1192 1353 1219; x_wconf 81' lang='lat' dir='ltr'><strong>facere</strong></span> <span class='ocrx_word' id='word_1_405' title='bbox 1366 1192 1486 1226; x_wconf 87' lang='lat' dir='ltr'><strong>seipsmn</strong></span> <span class='ocrx_word' id='word_1_406' title='bbox 1513 1192 1586 1218; x_wconf 87' lang='lat' dir='ltr'><strong>illius</strong></span> <span class='ocrx_word' id='word_1_407' title='bbox 1604 1191 1719 1220; x_wconf 72' lang='lat' dir='ltr'><strong>socium.</strong></span> 
     </span>
    </p>
   </div>
   <div class='ocr_carea' id='block_1_52' title="bbox 936 1237 1717 1271">
    <p class='ocr_par' dir='ltr' id='par_1_52' title="bbox 936 1237 1717 1271">
     <span class='ocr_line' id='line_1_52' title="bbox 936 1237 1717 1271; baseline -0.003 -7"><span class='ocrx_word' id='word_1_408' title='bbox 936 1241 963 1264; x_wconf 89' lang='lat' dir='ltr'><strong>et</strong></span> <span class='ocrx_word' id='word_1_409' title='bbox 979 1237 1059 1264; x_wconf 90' lang='lat' dir='ltr'><strong>simul</strong></span> <span class='ocrx_word' id='word_1_410' title='bbox 1087 1241 1255 1264; x_wconf 80' lang='lat' dir='ltr'><strong>consortem.</strong></span> <span class='ocrx_word' id='word_1_411' title='bbox 1268 1237 1300 1264; x_wconf 80' lang='lat' dir='ltr'><strong>Et</strong></span> <span class='ocrx_word' id='word_1_412' title='bbox 1320 1237 1361 1264; x_wconf 85' lang='lat' dir='ltr'><strong>sic</strong></span> <span class='ocrx_word' id='word_1_413' title='bbox 1381 1237 1483 1264; x_wconf 86' lang='lat' dir='ltr'><strong>dicitur</strong></span> <span class='ocrx_word' id='word_1_414' title='bbox 1496 1238 1523 1264; x_wconf 91' lang='lat' dir='ltr'><strong>in</strong></span> <span class='ocrx_word' id='word_1_415' title='bbox 1540 1237 1660 1271; x_wconf 83' lang='lat' dir='ltr'><strong>capitulo</strong></span> <span class='ocrx_word' id='word_1_416' title='bbox 1674 1237 1717 1263; x_wconf 82' lang='lat' dir='ltr'><strong>El-</strong></span> 
     </span>
    </p>
   </div>
   <div class='ocr_carea' id='block_1_53' title="bbox 938 1282 1718 1318">
    <p class='ocr_par' dir='ltr' id='par_1_53' title="bbox 938 1282 1718 1318">
     <span class='ocr_line' id='line_1_53' title="bbox 938 1282 1718 1318; baseline 0.001 -9"><span class='ocrx_word' id='word_1_417' title='bbox 938 1289 1002 1310; x_wconf 85' lang='lat' dir='ltr'><strong>nesa</strong></span> <span class='ocrx_word' id='word_1_418' title='bbox 1016 1290 1024 1309; x_wconf 85' lang='lat'><strong>:</strong></span> <span class='ocrx_word' id='word_1_419' title='bbox 1040 1282 1099 1309; x_wconf 84' lang='lat' dir='ltr'><strong>Non</strong></span> <span class='ocrx_word' id='word_1_420' title='bbox 1120 1288 1212 1317; x_wconf 80' lang='lat' dir='ltr'><strong>parcet</strong></span> <span class='ocrx_word' id='word_1_421' title='bbox 1238 1283 1320 1315; x_wconf 85' lang='lat' dir='ltr'><strong>Deus,</strong></span> <span class='ocrx_word' id='word_1_422' title='bbox 1335 1283 1358 1310; x_wconf 91' lang='lat' dir='ltr'><strong>si</strong></span> <span class='ocrx_word' id='word_1_423' title='bbox 1374 1283 1435 1318; x_wconf 87' lang='lat' dir='ltr'><strong>quis</strong></span> <span class='ocrx_word' id='word_1_424' title='bbox 1448 1283 1471 1310; x_wconf 86' lang='lat' dir='ltr'><strong>ei</strong></span> <span class='ocrx_word' id='word_1_425' title='bbox 1488 1283 1591 1310; x_wconf 84' lang='lat' dir='ltr'><strong>dederit</strong></span> <span class='ocrx_word' id='word_1_426' title='bbox 1605 1283 1718 1317; x_wconf 84' lang='lat' dir='ltr'><strong>partici-</strong></span> 
     </span>
    </p>
   </div>
   <div class='ocr_carea' id='block_1_54' title="bbox 938 1327 1725 1363">
    <p class='ocr_par' dir='ltr' id='par_1_54' title="bbox 938 1327 1725 1363">
     <span class='ocr_line' id='line_1_54' title="bbox 938 1327 1725 1363; baseline 0.003 -9"><span class='ocrx_word' id='word_1_427' title='bbox 938 1335 1010 1362; x_wconf 72' lang='lat' dir='ltr'><strong>pem.</strong></span> <span class='ocrx_word' id='word_1_428' title='bbox 1030 1327 1109 1355; x_wconf 85' lang='lat' dir='ltr'><strong>Solus</strong></span> <span class='ocrx_word' id='word_1_429' title='bbox 1124 1332 1214 1354; x_wconf 85' lang='lat' dir='ltr'><strong>autem</strong></span> <span class='ocrx_word' id='word_1_430' title='bbox 1231 1327 1367 1358; x_wconf 78' lang='lat' dir='ltr'><strong>Christus,</strong></span> <span class='ocrx_word' id='word_1_431' title='bbox 1386 1335 1475 1363; x_wconf 78' lang='lat' dir='ltr'><strong>neque</strong></span> <span class='ocrx_word' id='word_1_432' title='bbox 1497 1335 1609 1355; x_wconf 84' lang='lat' dir='ltr'><strong>consors</strong></span> <span class='ocrx_word' id='word_1_433' title='bbox 1636 1337 1725 1363; x_wconf 81' lang='lat' dir='ltr'><strong>neque</strong></span> 
     </span>
    </p>
   </div>
   <div class='ocr_carea' id='block_1_55' title="bbox 938 1373 1725 1408">
    <p class='ocr_par' dir='ltr' id='par_1_55' title="bbox 938 1373 1725 1408">
     <span class='ocr_line' id='line_1_55' title="bbox 938 1373 1725 1408; baseline 0.001 -9"><span class='ocrx_word' id='word_1_434' title='bbox 938 1373 1075 1408; x_wconf 87' lang='lat' dir='ltr'><strong>particeps</strong></span> <span class='ocrx_word' id='word_1_435' title='bbox 1097 1373 1154 1406; x_wconf 87' lang='lat' dir='ltr'><strong>Dei,</strong></span> <span class='ocrx_word' id='word_1_436' title='bbox 1169 1373 1216 1400; x_wconf 83' lang='lat' dir='ltr'><strong>sed</strong></span> <span class='ocrx_word' id='word_1_437' title='bbox 1234 1373 1306 1400; x_wconf 83' lang='lat' dir='ltr'><strong>Deus</strong></span> <span class='ocrx_word' id='word_1_438' title='bbox 1327 1381 1410 1400; x_wconf 89' lang='lat' dir='ltr'><strong>verus</strong></span> <span class='ocrx_word' id='word_1_439' title='bbox 1426 1378 1453 1401; x_wconf 90' lang='lat' dir='ltr'><strong>et</strong></span> <span class='ocrx_word' id='word_1_440' title='bbox 1471 1374 1553 1400; x_wconf 87' lang='lat' dir='ltr'><strong>homo</strong></span> <span class='ocrx_word' id='word_1_441' title='bbox 1570 1382 1661 1404; x_wconf 82' lang='lat' dir='ltr'><strong>verus.</strong></span> <span class='ocrx_word' id='word_1_442' title='bbox 1678 1382 1725 1408; x_wconf 82' lang='lat' dir='ltr'><strong>po-</strong></span> 
     </span>
    </p>
   </div>
   <div class='ocr_carea' id='block_1_56' title="bbox 941 1418 1726 1449">
    <p class='ocr_par' dir='ltr' id='par_1_56' title="bbox 941 1418 1726 1449">
     <span class='ocr_line' id='line_1_56' title="bbox 941 1418 1726 1449; baseline 0.001 -5"><span class='ocrx_word' id='word_1_443' title='bbox 941 1418 994 1445; x_wconf 86' lang='lat' dir='ltr'><strong>tuit</strong></span> <span class='ocrx_word' id='word_1_444' title='bbox 1020 1418 1111 1444; x_wconf 88' lang='lat' dir='ltr'><strong>dicere</strong></span> <span class='ocrx_word' id='word_1_445' title='bbox 1129 1426 1136 1444; x_wconf 86' lang='lat'>:</span> <span class='ocrx_word' id='word_1_446' title='bbox 1158 1427 1166 1443; x_wconf 83' lang='grc' dir='ltr'><strong>ι</strong></span> <span class='ocrx_word' id='word_1_447' title='bbox 1187 1418 1297 1445; x_wconf 85' lang='lat' dir='ltr'><strong>Credite</strong></span> <span class='ocrx_word' id='word_1_448' title='bbox 1323 1419 1348 1445; x_wconf 93' lang='lat' dir='ltr'><strong>in</strong></span> <span class='ocrx_word' id='word_1_449' title='bbox 1369 1419 1464 1449; x_wconf 82' lang='lat' dir='ltr'><strong>Deum.</strong></span> <span class='ocrx_word' id='word_1_450' title='bbox 1484 1425 1512 1446; x_wconf 86' lang='lat' dir='ltr'><strong>et</strong></span> <span class='ocrx_word' id='word_1_451' title='bbox 1534 1419 1562 1445; x_wconf 84' lang='lat' dir='ltr'><strong>in</strong></span> <span class='ocrx_word' id='word_1_452' title='bbox 1579 1426 1621 1445; x_wconf 86' lang='lat' dir='ltr'><strong>me</strong></span> <span class='ocrx_word' id='word_1_453' title='bbox 1637 1419 1726 1446; x_wconf 52' lang='lat' dir='ltr'><strong>credi‘</strong></span> 
     </span>
    </p>
   </div>
   <div class='ocr_carea' id='block_1_57' title="bbox 943 1463 1725 1498">
    <p class='ocr_par' dir='ltr' id='par_1_57' title="bbox 943 1463 1725 1498">
     <span class='ocr_line' id='line_1_57' title="bbox 943 1463 1725 1498; baseline 0.001 -9"><span class='ocrx_word' id='word_1_454' title='bbox 943 1467 969 1490; x_wconf 84' lang='lat' dir='ltr'><strong>te</strong></span> <span class='ocrx_word' id='word_1_455' title='bbox 986 1463 1018 1489; x_wconf 72' lang='grc'><strong>³⁵.</strong></span> <span class='ocrx_word' id='word_1_456' title='bbox 1046 1472 1054 1487; x_wconf 69' lang='grc' dir='ltr'><strong>ι</strong></span> <span class='ocrx_word' id='word_1_457' title='bbox 1083 1463 1134 1495; x_wconf 83' lang='lat' dir='ltr'><strong>Qui</strong></span> <span class='ocrx_word' id='word_1_458' title='bbox 1159 1468 1248 1489; x_wconf 80' lang='lat' dir='ltr'><strong>tamen</strong></span> <span class='ocrx_word' id='word_1_459' title='bbox 1278 1471 1417 1498; x_wconf 79' lang='lat' dir='ltr'><strong>utinquam</strong></span> <span class='ocrx_word' id='word_1_460' title='bbox 1446 1464 1515 1490; x_wconf 84' lang='lat' dir='ltr'><strong>dixit</strong></span> <span class='ocrx_word' id='word_1_461' title='bbox 1541 1473 1547 1490; x_wconf 94' lang='lat'><strong>:</strong></span> <span class='ocrx_word' id='word_1_462' title='bbox 1569 1464 1677 1491; x_wconf 69' lang='lat' dir='ltr'><strong>C‘edite</strong></span> <span class='ocrx_word' id='word_1_463' title='bbox 1698 1464 1725 1490; x_wconf 83' lang='lat' dir='ltr'><strong>in</strong></span> 
     </span>
    </p>
   </div>
   <div class='ocr_carea' id='block_1_58' title="bbox 943 1509 1726 1540">
    <p class='ocr_par' dir='ltr' id='par_1_58' title="bbox 943 1509 1726 1540">
     <span class='ocr_line' id='line_1_58' title="bbox 943 1509 1726 1540; baseline -0.003 -4"><span class='ocrx_word' id='word_1_464' title='bbox 943 1509 1028 1536; x_wconf 82' lang='lat' dir='ltr'><strong>Deum</strong></span> <span class='ocrx_word' id='word_1_465' title='bbox 1042 1515 1068 1535; x_wconf 88' lang='lat' dir='ltr'><strong>et</strong></span> <span class='ocrx_word' id='word_1_466' title='bbox 1084 1509 1110 1535; x_wconf 92' lang='lat' dir='ltr'><strong>in</strong></span> <span class='ocrx_word' id='word_1_467' title='bbox 1128 1517 1181 1540; x_wconf 89' lang='lat' dir='ltr'><strong>me,</strong></span> <span class='ocrx_word' id='word_1_468' title='bbox 1197 1509 1238 1536; x_wconf 87' lang='lat' dir='ltr'><strong>vel</strong></span> <span class='ocrx_word' id='word_1_469' title='bbox 1254 1509 1364 1536; x_wconf 89' lang='lat' dir='ltr'><strong>obedite</strong></span> <span class='ocrx_word' id='word_1_470' title='bbox 1379 1510 1434 1536; x_wconf 90' lang='lat' dir='ltr'><strong>Deo</strong></span> <span class='ocrx_word' id='word_1_471' title='bbox 1449 1515 1476 1536; x_wconf 92' lang='lat' dir='ltr'><strong>et</strong></span> <span class='ocrx_word' id='word_1_472' title='bbox 1495 1510 1573 1540; x_wconf 80' lang='lat' dir='ltr'><strong>mihi,</strong></span> <span class='ocrx_word' id='word_1_473' title='bbox 1586 1518 1619 1537; x_wconf 74' lang='lat' dir='ltr'><strong>ne</strong></span> <span class='ocrx_word' id='word_1_474' title='bbox 1636 1510 1726 1536; x_wconf 83' lang='lat' dir='ltr'><strong>homi-</strong></span> 
     </span>
    </p>
   </div>
   <div class='ocr_carea' id='block_1_59' title="bbox 99 1550 883 1591">
    <p class='ocr_par' dir='ltr' id='par_1_59' title="bbox 99 1554 883 1591">
     <span class='ocr_line' id='line_1_59' title="bbox 99 1554 883 1591; baseline -0.003 -9"><span class='ocrx_word' id='word_1_475' title='bbox 99 1556 225 1582; x_wconf 71' lang='grc' dir='ltr'>οὐδέποτε</span> <span class='ocrx_word' id='word_1_476' title='bbox 241 1554 311 1588; x_wconf 82' lang='grc' dir='ltr'>εἷπε,</span> <span class='ocrx_word' id='word_1_477' title='bbox 323 1556 469 1583; x_wconf 78' lang='grc' dir='ltr'>Πιστεύετε</span> <span class='ocrx_word' id='word_1_478' title='bbox 489 1556 528 1588; x_wconf 78' lang='grc' dir='ltr'><strong>εἰς</strong></span> <span class='ocrx_word' id='word_1_479' title='bbox 539 1556 584 1583; x_wconf 70' lang='grc' dir='ltr'><strong>τὸν</strong></span> <span class='ocrx_word' id='word_1_480' title='bbox 600 1556 725 1591; x_wconf 68' lang='grc' dir='ltr'>Θεδνξκαὶ</span> <span class='ocrx_word' id='word_1_481' title='bbox 738 1556 777 1588; x_wconf 87' lang='grc' dir='ltr'><strong>εἰς</strong></span> <span class='ocrx_word' id='word_1_482' title='bbox 790 1555 850 1589; x_wconf 80' lang='grc' dir='ltr'>ἐμὲ,</span> <span class='ocrx_word' id='word_1_483' title='bbox 859 1554 883 1590; x_wconf 80' lang='grc' dir='ltr'>ἢ,</span> 
     </span>
    </p>
   </div>
   <div class='ocr_carea' id='block_1_60' title="bbox 940 1550 1725 1591">
    <p class='ocr_par' dir='ltr' id='par_1_60' title="bbox 940 1551 1725 1587">
     <span class='ocr_line' id='line_1_60' title="bbox 940 1551 1725 1587; baseline 0 -8"><span class='ocrx_word' id='word_1_484' title='bbox 940 1559 990 1580; x_wconf 90' lang='lat' dir='ltr'><strong>nes</strong></span> <span class='ocrx_word' id='word_1_485' title='bbox 1016 1551 1160 1579; x_wconf 85' lang='lat' dir='ltr'><strong>crederent</strong></span> <span class='ocrx_word' id='word_1_486' title='bbox 1185 1560 1247 1579; x_wconf 86' lang='lat' dir='ltr'><strong>eum</strong></span> <span class='ocrx_word' id='word_1_487' title='bbox 1264 1553 1312 1580; x_wconf 86' lang='lat' dir='ltr'><strong>Dei</strong></span> <span class='ocrx_word' id='word_1_488' title='bbox 1330 1553 1488 1587; x_wconf 77' lang='lat' dir='ltr'><strong>participem</strong></span> <span class='ocrx_word' id='word_1_489' title='bbox 1514 1558 1541 1580; x_wconf 87' lang='lat' dir='ltr'><strong>et</strong></span> <span class='ocrx_word' id='word_1_490' title='bbox 1557 1558 1725 1579; x_wconf 75' lang='lat' dir='ltr'><strong>consonent.</strong></span> 
     </span>
    </p>
   </div>
   <div class='ocr_carea' id='block_1_61' title="bbox 103 1599 1660 1638">
    <p class='ocr_par' dir='ltr' id='par_1_61' title="bbox 103 1599 1660 1638">
     <span class='ocr_line' id='line_1_61' title="bbox 103 1599 1660 1638; baseline -0.001 -10"><span class='ocrx_word' id='word_1_491' title='bbox 103 1601 269 1629; x_wconf 82' lang='grc' dir='ltr'>Ύπακούετε</span> <span class='ocrx_word' id='word_1_492' title='bbox 285 1601 324 1637; x_wconf 83' lang='grc' dir='ltr'><strong>τῷ</strong></span> <span class='ocrx_word' id='word_1_493' title='bbox 335 1602 394 1638; x_wconf 76' lang='grc' dir='ltr'><strong>θεῷ</strong></span> <span class='ocrx_word' id='word_1_494' title='bbox 405 1604 452 1629; x_wconf 76' lang='grc' dir='ltr'>καὶ</span> <span class='ocrx_word' id='word_1_495' title='bbox 467 1602 538 1638; x_wconf 74' lang='grc' dir='ltr'>ἐμοὶ,</span> <span class='ocrx_word' id='word_1_496' title='bbox 555 1603 599 1630; x_wconf 86' lang='grc' dir='ltr'>ἴνα</span> <span class='ocrx_word' id='word_1_497' title='bbox 611 1602 649 1638; x_wconf 84' lang='grc' dir='ltr'><strong>μὴ</strong></span> <span class='ocrx_word' id='word_1_498' title='bbox 662 1602 824 1629; x_wconf 74' lang='grc' dir='ltr'>πιστεύωσιν</span> <span class='ocrx_word' id='word_1_499' title='bbox 839 1602 863 1628; x_wconf 87' lang='grc' dir='ltr'>οἱ</span> <span class='ocrx_word' id='word_1_500' title='bbox 877 1600 1015 1636; x_wconf 69' lang='grc' dir='ltr'>ἄνθρωποι</span> <span class='ocrx_word' id='word_1_501' title='bbox 1031 1599 1158 1626; x_wconf 78' lang='grc' dir='ltr'>κο.νωνὸν</span> <span class='ocrx_word' id='word_1_502' title='bbox 1178 1600 1258 1626; x_wconf 62' lang='grc' dir='ltr'>αὐτὸν</span> <span class='ocrx_word' id='word_1_503' title='bbox 1274 1600 1320 1626; x_wconf 83' lang='grc' dir='ltr'><strong>τοῦ</strong></span> <span class='ocrx_word' id='word_1_504' title='bbox 1334 1600 1401 1627; x_wconf 78' lang='grc' dir='ltr'>Θεοῦ</span> <span class='ocrx_word' id='word_1_505' title='bbox 1417 1601 1463 1626; x_wconf 77' lang='grc' dir='ltr'>καὶ</span> <span class='ocrx_word' id='word_1_506' title='bbox 1478 1601 1660 1635; x_wconf 71' lang='grc' dir='ltr'>συμμέτιχνι.</span> 
     </span>
    </p>
   </div>
   <div class='ocr_carea' id='block_1_62' title="bbox 133 1659 886 1696">
    <p class='ocr_par' dir='ltr' id='par_1_62' title="bbox 133 1659 886 1696">
     <span class='ocr_line' id='line_1_62' title="bbox 133 1659 886 1696; baseline 0 -10"><span class='ocrx_word' id='word_1_507' title='bbox 133 1661 235 1687; x_wconf 84' lang='grc' dir='ltr'>Ἕκτον</span> <span class='ocrx_word' id='word_1_508' title='bbox 258 1659 368 1694; x_wconf 79' lang='grc' dir='ltr'><strong>ζήτημά</strong></span> <span class='ocrx_word' id='word_1_509' title='bbox 389 1660 473 1692; x_wconf 77' lang='grc' dir='ltr'>ἐστιν,</span> <span class='ocrx_word' id='word_1_510' title='bbox 496 1660 570 1691; x_wconf 76' lang='grc' dir='ltr'><strong>ὅπως</strong></span> <span class='ocrx_word' id='word_1_511' title='bbox 590 1661 620 1687; x_wconf 87' lang='grc' dir='ltr'><strong>τδ</strong></span> <span class='ocrx_word' id='word_1_512' title='bbox 639 1661 802 1696; x_wconf 79' lang='grc' dir='ltr'>Ἀλκοράνον</span> <span class='ocrx_word' id='word_1_513' title='bbox 820 1660 886 1696; x_wconf 74' lang='grc' dir='ltr'>περὶ</span> 
     </span>
    </p>
   </div>
   <div class='ocr_carea' id='block_1_63' title="bbox 96 1705 887 1742">
    <p class='ocr_par' dir='ltr' id='par_1_63' title="bbox 96 1705 887 1742">
     <span class='ocr_line' id='line_1_63' title="bbox 96 1705 887 1742; baseline 0.001 -9"><span class='ocrx_word' id='word_1_514' title='bbox 96 1707 147 1742; x_wconf 78' lang='grc' dir='ltr'><strong>μὲν</strong></span> <span class='ocrx_word' id='word_1_515' title='bbox 161 1707 208 1733; x_wconf 87' lang='grc' dir='ltr'><strong>τοῦ</strong></span> <span class='ocrx_word' id='word_1_516' title='bbox 223 1705 339 1742; x_wconf 76' lang='grc' dir='ltr'>Χριστοῦ</span> <span class='ocrx_word' id='word_1_517' title='bbox 356 1707 441 1733; x_wconf 84' lang='grc' dir='ltr'>πολλά</span> <span class='ocrx_word' id='word_1_518' title='bbox 461 1715 527 1742; x_wconf 84' lang='grc' dir='ltr'>φησι</span> <span class='ocrx_word' id='word_1_519' title='bbox 542 1706 589 1733; x_wconf 70' lang='grc' dir='ltr'><strong>καὶ</strong></span> <span class='ocrx_word' id='word_1_520' title='bbox 606 1707 816 1742; x_wconf 78' lang='grc' dir='ltr'><strong>μεγαλοπρεπῆ,</strong></span> <span class='ocrx_word' id='word_1_521' title='bbox 828 1707 887 1734; x_wconf 74' lang='grc' dir='ltr'><strong>τοὺ-</strong></span> 
     </span>
    </p>
   </div>
   <div class='ocr_carea' id='block_1_64' title="bbox 94 1752 886 1788">
    <p class='ocr_par' dir='ltr' id='par_1_64' title="bbox 94 1752 886 1788">
     <span class='ocr_line' id='line_1_64' title="bbox 94 1752 886 1788; baseline 0.003 -10"><span class='ocrx_word' id='word_1_522' title='bbox 94 1752 206 1779; x_wconf 80' lang='grc' dir='ltr'>ναιιτίον</span> <span class='ocrx_word' id='word_1_523' title='bbox 223 1752 252 1779; x_wconf 82' lang='grc' dir='ltr'>δὲ</span> <span class='ocrx_word' id='word_1_524' title='bbox 268 1753 364 1787; x_wconf 78' lang='grc' dir='ltr'>εὐτελῆ</span> <span class='ocrx_word' id='word_1_525' title='bbox 381 1753 445 1786; x_wconf 76' lang='grc' dir='ltr'>περὶ</span> <span class='ocrx_word' id='word_1_526' title='bbox 462 1752 510 1779; x_wconf 83' lang='grc' dir='ltr'><strong>τοῦ</strong></span> <span class='ocrx_word' id='word_1_527' title='bbox 529 1753 670 1788; x_wconf 79' lang='grc' dir='ltr'><strong>Μωάμεθ·</strong></span> <span class='ocrx_word' id='word_1_528' title='bbox 690 1753 814 1788; x_wconf 78' lang='grc' dir='ltr'>ζητεῖται</span> <span class='ocrx_word' id='word_1_529' title='bbox 828 1754 886 1780; x_wconf 85' lang='grc' dir='ltr'>τοί-</span> 
     </span>
    </p>
   </div>
   <div class='ocr_carea' id='block_1_65' title="bbox 93 1798 887 1834">
    <p class='ocr_par' dir='ltr' id='par_1_65' title="bbox 93 1798 887 1834">
     <span class='ocr_line' id='line_1_65' title="bbox 93 1798 887 1834; baseline 0.001 -10"><span class='ocrx_word' id='word_1_530' title='bbox 93 1807 153 1831; x_wconf 83' lang='grc' dir='ltr'>νυν,</span> <span class='ocrx_word' id='word_1_531' title='bbox 170 1799 250 1826; x_wconf 83' lang='grc' dir='ltr'>Διατί</span> <span class='ocrx_word' id='word_1_532' title='bbox 267 1799 292 1825; x_wconf 76' lang='grc' dir='ltr'>οἱ</span> <span class='ocrx_word' id='word_1_533' title='bbox 309 1799 483 1834; x_wconf 72' lang='grc' dir='ltr'>Σαρῤακηνοὶ</span> <span class='ocrx_word' id='word_1_534' title='bbox 494 1798 524 1825; x_wconf 82' lang='grc' dir='ltr'>οὐ</span> <span class='ocrx_word' id='word_1_535' title='bbox 542 1798 643 1833; x_wconf 78' lang='grc' dir='ltr'>μᾶλλον</span> <span class='ocrx_word' id='word_1_536' title='bbox 658 1799 835 1826; x_wconf 80' lang='grc' dir='ltr'>ἀκολουθοῦσι</span> <span class='ocrx_word' id='word_1_537' title='bbox 848 1799 887 1834; x_wconf 83' lang='grc' dir='ltr'>τῷ</span> 
     </span>
    </p>
   </div>
   <div class='ocr_carea' id='block_1_66' title="bbox 92 1844 887 1882">
    <p class='ocr_par' dir='ltr' id='par_1_66' title="bbox 92 1844 887 1882">
     <span class='ocr_line' id='line_1_66' title="bbox 92 1844 887 1882; baseline -0.001 -10"><span class='ocrx_word' id='word_1_538' title='bbox 92 1844 155 1879; x_wconf 83' lang='grc' dir='ltr'>Θεῷ</span> <span class='ocrx_word' id='word_1_539' title='bbox 169 1845 186 1882; x_wconf 82' lang='grc' dir='ltr'>ἢ</span> <span class='ocrx_word' id='word_1_540' title='bbox 202 1844 242 1880; x_wconf 82' lang='grc' dir='ltr'><strong>τῷ</strong></span> <span class='ocrx_word' id='word_1_541' title='bbox 256 1844 391 1880; x_wconf 73' lang='grc' dir='ltr'><strong>Μωάμεθ,</strong></span> <span class='ocrx_word' id='word_1_542' title='bbox 408 1845 455 1872; x_wconf 75' lang='grc' dir='ltr'>καὶ</span> <span class='ocrx_word' id='word_1_543' title='bbox 471 1845 510 1879; x_wconf 80' lang='grc' dir='ltr'>τῷ</span> <span class='ocrx_word' id='word_1_544' title='bbox 521 1845 680 1880; x_wconf 77' lang='grc' dir='ltr'>Εὖαγγελίῳ</span> <span class='ocrx_word' id='word_1_545' title='bbox 698 1845 715 1880; x_wconf 84' lang='grc' dir='ltr'>ἦ</span> <span class='ocrx_word' id='word_1_546' title='bbox 731 1844 770 1879; x_wconf 84' lang='grc' dir='ltr'>τῷ</span> <span class='ocrx_word' id='word_1_547' title='bbox 792 1844 887 1871; x_wconf 83' lang='grc' dir='ltr'>Ἀλκο-</span> 
     </span>
    </p>
   </div>
   <div class='ocr_carea' id='block_1_67' title="bbox 93 1890 889 1926">
    <p class='ocr_par' dir='ltr' id='par_1_67' title="bbox 93 1890 889 1926">
     <span class='ocr_line' id='line_1_67' title="bbox 93 1890 889 1926; baseline 0 -10"><span class='ocrx_word' id='word_1_548' title='bbox 93 1890 172 1926; x_wconf 84' lang='grc' dir='ltr'>ράνῳ</span> <span class='ocrx_word' id='word_1_549' title='bbox 183 1899 191 1923; x_wconf 88' lang='lat'><strong>;</strong></span> <span class='ocrx_word' id='word_1_550' title='bbox 216 1891 272 1917; x_wconf 76' lang='lat' dir='ltr'><strong>Kal.</strong></span> <span class='ocrx_word' id='word_1_551' title='bbox 286 1890 347 1917; x_wconf 76' lang='grc' dir='ltr'>ἐπεὶ</span> <span class='ocrx_word' id='word_1_552' title='bbox 360 1891 490 1916; x_wconf 76' lang='grc' dir='ltr'>τάναντία</span> <span class='ocrx_word' id='word_1_553' title='bbox 506 1891 667 1925; x_wconf 74' lang='grc' dir='ltr'>παράλληλα</span> <span class='ocrx_word' id='word_1_554' title='bbox 679 1890 808 1925; x_wconf 81' lang='grc' dir='ltr'>τιθέμενα</span> <span class='ocrx_word' id='word_1_555' title='bbox 821 1890 889 1924; x_wconf 79' lang='grc' dir='ltr'><strong>μᾶλ-</strong></span> 
     </span>
    </p>
   </div>
   <div class='ocr_carea' id='block_1_68' title="bbox 90 1935 887 1971">
    <p class='ocr_par' dir='ltr' id='par_1_68' title="bbox 90 1935 887 1971">
     <span class='ocr_line' id='line_1_68' title="bbox 90 1935 887 1971; baseline -0.001 -9"><span class='ocrx_word' id='word_1_556' title='bbox 90 1936 139 1963; x_wconf 88' lang='grc' dir='ltr'><strong>λον</strong></span> <span class='ocrx_word' id='word_1_557' title='bbox 151 1936 344 1970; x_wconf 80' lang='grc' dir='ltr'>ὲκφαίνονται,</span> <span class='ocrx_word' id='word_1_558' title='bbox 355 1936 454 1971; x_wconf 78' lang='grc' dir='ltr'>ῑδωμεν</span> <span class='ocrx_word' id='word_1_559' title='bbox 465 1936 511 1962; x_wconf 70' lang='grc' dir='ltr'>καὶ</span> <span class='ocrx_word' id='word_1_560' title='bbox 521 1936 740 1970; x_wconf 72' lang='grc' dir='ltr'>παραϐάλλοντες</span> <span class='ocrx_word' id='word_1_561' title='bbox 750 1935 887 1970; x_wconf 73' lang='grc' dir='ltr'>ἀλλήλοις,</span> 
     </span>
    </p>
   </div>
   <div class='ocr_carea' id='block_1_69' title="bbox 88 1981 890 2016">
    <p class='ocr_par' dir='ltr' id='par_1_69' title="bbox 88 1981 890 2016">
     <span class='ocr_line' id='line_1_69' title="bbox 88 1981 890 2016; baseline -0.002 -8"><span class='ocrx_word' id='word_1_562' title='bbox 88 1982 118 2008; x_wconf 86' lang='grc' dir='ltr'><strong>τί</strong></span> <span class='ocrx_word' id='word_1_563' title='bbox 138 1981 172 2008; x_wconf 83' lang='grc' dir='ltr'>τὸ</span> <span class='ocrx_word' id='word_1_564' title='bbox 194 1981 358 2016; x_wconf 74' lang='grc' dir='ltr'>Ἀλκοράνον</span> <span class='ocrx_word' id='word_1_565' title='bbox 377 1982 440 2016; x_wconf 83' lang='grc' dir='ltr'>περὶ</span> <span class='ocrx_word' id='word_1_566' title='bbox 458 1981 593 2013; x_wconf 80' lang='grc' dir='ltr'>ἑκατέρου</span> <span class='ocrx_word' id='word_1_567' title='bbox 612 1981 736 2013; x_wconf 75' lang='grc' dir='ltr'>διέξεισι.</span> <span class='ocrx_word' id='word_1_568' title='bbox 752 1982 820 2015; x_wconf 71' lang='grc' dir='ltr'><strong>Φησὶ</strong></span> <span class='ocrx_word' id='word_1_569' title='bbox 835 1981 890 2015; x_wconf 74' lang='grc' dir='ltr'>γὰρ</span> 
     </span>
    </p>
   </div>
   <div class='ocr_carea' id='block_1_70' title="bbox 87 2026 889 2062">
    <p class='ocr_par' dir='ltr' id='par_1_70' title="bbox 87 2026 889 2062">
     <span class='ocr_line' id='line_1_70' title="bbox 87 2026 889 2062; baseline -0.001 -9"><span class='ocrx_word' id='word_1_570' title='bbox 87 2027 120 2054; x_wconf 78' lang='grc' dir='ltr'>τὸ</span> <span class='ocrx_word' id='word_1_571' title='bbox 143 2027 314 2062; x_wconf 83' lang='grc' dir='ltr'>Ἀλκοράνον</span> <span class='ocrx_word' id='word_1_572' title='bbox 325 2026 370 2053; x_wconf 77' lang='grc' dir='ltr'><strong>τὸν</strong></span> <span class='ocrx_word' id='word_1_573' title='bbox 385 2026 503 2062; x_wconf 83' lang='grc' dir='ltr'>Χριστὸν</span> <span class='ocrx_word' id='word_1_574' title='bbox 517 2028 550 2061; x_wconf 81' lang='grc' dir='ltr'>τῇ</span> <span class='ocrx_word' id='word_1_575' title='bbox 569 2026 666 2053; x_wconf 77' lang='grc' dir='ltr'>ἑαυτοῦ</span> <span class='ocrx_word' id='word_1_576' title='bbox 686 2027 772 2061; x_wconf 75' lang='grc' dir='ltr'>μητρὶ</span> <span class='ocrx_word' id='word_1_577' title='bbox 786 2026 820 2052; x_wconf 82' lang='grc' dir='ltr'>δι’</span> <span class='ocrx_word' id='word_1_578' title='bbox 836 2027 889 2061; x_wconf 85' lang='grc' dir='ltr'><strong>ἀγ-</strong></span> 
     </span>
    </p>
   </div>
   <div class='ocr_carea' id='block_1_71' title="bbox 86 2071 890 2108">
    <p class='ocr_par' dir='ltr' id='par_1_71' title="bbox 86 2071 890 2108">
     <span class='ocr_line' id='line_1_71' title="bbox 86 2071 890 2108; baseline -0.002 -9"><span class='ocrx_word' id='word_1_579' title='bbox 86 2072 176 2107; x_wconf 81' lang='grc' dir='ltr'>γέλου</span> <span class='ocrx_word' id='word_1_580' title='bbox 207 2071 420 2108; x_wconf 79' lang='grc' dir='ltr'>εὐηγγελῆσθαι,</span> <span class='ocrx_word' id='word_1_581' title='bbox 446 2073 493 2098; x_wconf 70' lang='grc' dir='ltr'>καὶ</span> <span class='ocrx_word' id='word_1_582' title='bbox 511 2072 554 2099; x_wconf 70' lang='grc' dir='ltr'><strong>διὰ</strong></span> <span class='ocrx_word' id='word_1_583' title='bbox 580 2071 740 2106; x_wconf 78' lang='grc' dir='ltr'>Πνεῦματος</span> <span class='ocrx_word' id='word_1_584' title='bbox 766 2071 845 2105; x_wconf 83' lang='grc' dir='ltr'>ἁγίου</span> <span class='ocrx_word' id='word_1_585' title='bbox 861 2072 890 2105; x_wconf 83' lang='grc' dir='ltr'><strong>ἡ·</strong></span> 
     </span>
    </p>
   </div>
   <div class='ocr_carea' id='block_1_72' title="bbox 84 2117 892 2153">
    <p class='ocr_par' dir='ltr' id='par_1_72' title="bbox 84 2117 892 2153">
     <span class='ocr_line' id='line_1_72' title="bbox 84 2117 892 2153; baseline -0.002 -8"><span class='ocrx_word' id='word_1_586' title='bbox 84 2119 223 2153; x_wconf 74' lang='grc' dir='ltr'>γιᾶαθαι,</span> <span class='ocrx_word' id='word_1_587' title='bbox 240 2119 288 2145; x_wconf 79' lang='grc' dir='ltr'>καὶ</span> <span class='ocrx_word' id='word_1_588' title='bbox 302 2118 416 2152; x_wconf 70' lang='grc' dir='ltr'>δυνάμει</span> <span class='ocrx_word' id='word_1_589' title='bbox 431 2118 498 2144; x_wconf 86' lang='grc' dir='ltr'>Θεοῦ</span> <span class='ocrx_word' id='word_1_590' title='bbox 515 2118 707 2153; x_wconf 79' lang='grc' dir='ltr'>συνειλῆφθαι,</span> <span class='ocrx_word' id='word_1_591' title='bbox 719 2117 778 2144; x_wconf 77' lang='grc' dir='ltr'>ἀλλ’</span> <span class='ocrx_word' id='word_1_592' title='bbox 793 2118 823 2144; x_wconf 83' lang='grc' dir='ltr'>οὑ</span> <span class='ocrx_word' id='word_1_593' title='bbox 841 2117 892 2151; x_wconf 84' lang='grc' dir='ltr'><strong>φύ-</strong></span> 
     </span>
    </p>
   </div>
   <div class='ocr_carea' id='block_1_73' title="bbox 84 2161 891 2198">
    <p class='ocr_par' dir='ltr' id='par_1_73' title="bbox 84 2161 891 2198">
     <span class='ocr_line' id='line_1_73' title="bbox 84 2161 891 2198; baseline -0.002 -10"><span class='ocrx_word' id='word_1_594' title='bbox 84 2172 162 2192; x_wconf 78' lang='grc' dir='ltr'>σεως</span> <span class='ocrx_word' id='word_1_595' title='bbox 172 2162 317 2198; x_wconf 71' lang='grc' dir='ltr'>ἐνεργείᾳ·</span> <span class='ocrx_word' id='word_1_596' title='bbox 330 2163 378 2189; x_wconf 74' lang='grc' dir='ltr'>καὶ</span> <span class='ocrx_word' id='word_1_597' title='bbox 387 2163 419 2189; x_wconf 85' lang='grc' dir='ltr'>ὲκ</span> <span class='ocrx_word' id='word_1_598' title='bbox 431 2162 568 2197; x_wconf 80' lang='grc' dir='ltr'>Παρθένου</span> <span class='ocrx_word' id='word_1_599' title='bbox 583 2162 752 2197; x_wconf 80' lang='grc' dir='ltr'>ἁγιωτάτης,</span> <span class='ocrx_word' id='word_1_600' title='bbox 763 2162 812 2188; x_wconf 81' lang='grc' dir='ltr'>καὶ</span> <span class='ocrx_word' id='word_1_601' title='bbox 820 2161 891 2196; x_wconf 87' lang='grc' dir='ltr'>ὑπὲρ</span> 
     </span>
    </p>
   </div>
   <div class='ocr_carea' id='block_1_74' title="bbox 82 2207 889 2242">
    <p class='ocr_par' dir='ltr' id='par_1_74' title="bbox 82 2207 889 2242">
     <span class='ocr_line' id='line_1_74' title="bbox 82 2207 889 2242; baseline -0.001 -8"><span class='ocrx_word' id='word_1_602' title='bbox 82 2209 187 2239; x_wconf 77' lang='grc' dir='ltr'>πάσας</span> <span class='ocrx_word' id='word_1_603' title='bbox 215 2209 267 2239; x_wconf 73' lang='grc' dir='ltr'><strong>τὰς</strong></span> <span class='ocrx_word' id='word_1_604' title='bbox 291 2208 373 2240; x_wconf 71' lang='grc' dir='ltr'>ἄλλας</span> <span class='ocrx_word' id='word_1_605' title='bbox 389 2209 522 2242; x_wconf 81' lang='grc' dir='ltr'>γυναῖκας</span> <span class='ocrx_word' id='word_1_606' title='bbox 540 2208 667 2241; x_wconf 75' lang='grc' dir='ltr'>καθαρὰς</span> <span class='ocrx_word' id='word_1_607' title='bbox 697 2207 889 2242; x_wconf 61' lang='grc' dir='ltr'>γεγεννῆσθαι.</span> 
     </span>
    </p>
   </div>
   <div class='ocr_carea' id='block_1_75' title="bbox 973 1658 1727 1694">
    <p class='ocr_par' dir='ltr' id='par_1_75' title="bbox 973 1658 1727 1694">
     <span class='ocr_line' id='line_1_75' title="bbox 973 1658 1727 1694; baseline -0.004 -8"><span class='ocrx_word' id='word_1_608' title='bbox 973 1658 1055 1687; x_wconf 82' lang='lat' dir='ltr'><strong>Sexta</strong></span> <span class='ocrx_word' id='word_1_609' title='bbox 1071 1659 1186 1694; x_wconf 72' lang='lat' dir='ltr'><strong>qumstio</strong></span> <span class='ocrx_word' id='word_1_610' title='bbox 1213 1663 1256 1686; x_wconf 82' lang='lat' dir='ltr'><strong>est</strong></span> <span class='ocrx_word' id='word_1_611' title='bbox 1271 1667 1277 1685; x_wconf 91' lang='lat'><strong>:</strong></span> <span class='ocrx_word' id='word_1_612' title='bbox 1295 1658 1363 1686; x_wconf 90' lang='lat' dir='ltr'><strong>Cum</strong></span> <span class='ocrx_word' id='word_1_613' title='bbox 1388 1658 1553 1686; x_wconf 73' lang='lat' dir='ltr'><strong>Alcoranum</strong></span> <span class='ocrx_word' id='word_1_614' title='bbox 1571 1658 1604 1685; x_wconf 90' lang='lat' dir='ltr'><strong>de</strong></span> <span class='ocrx_word' id='word_1_615' title='bbox 1616 1658 1727 1684; x_wconf 78' lang='lat' dir='ltr'><strong>Christo</strong></span> 
     </span>
    </p>
   </div>
   <div class='ocr_carea' id='block_1_76' title="bbox 937 1704 1726 1742">
    <p class='ocr_par' dir='ltr' id='par_1_76' title="bbox 937 1704 1726 1742">
     <span class='ocr_line' id='line_1_76' title="bbox 937 1704 1726 1742; baseline -0.005 -8"><span class='ocrx_word' id='word_1_616' title='bbox 937 1707 1047 1742; x_wconf 89' lang='lat' dir='ltr'><strong>quidem</strong></span> <span class='ocrx_word' id='word_1_617' title='bbox 1066 1707 1150 1733; x_wconf 84' lang='lat' dir='ltr'><strong>multa</strong></span> <span class='ocrx_word' id='word_1_618' title='bbox 1175 1706 1241 1734; x_wconf 85' lang='lat' dir='ltr'><strong>dicit</strong></span> <span class='ocrx_word' id='word_1_619' title='bbox 1269 1710 1297 1733; x_wconf 87' lang='lat' dir='ltr'><strong>et</strong></span> <span class='ocrx_word' id='word_1_620' title='bbox 1315 1706 1466 1741; x_wconf 80' lang='lat' dir='ltr'><strong>magniﬁca.</strong></span> <span class='ocrx_word' id='word_1_621' title='bbox 1483 1713 1498 1732; x_wconf 88' lang='lat' dir='ltr'><strong>e</strong></span> <span class='ocrx_word' id='word_1_622' title='bbox 1523 1704 1662 1732; x_wconf 83' lang='lat' dir='ltr'><strong>contrario</strong></span> <span class='ocrx_word' id='word_1_623' title='bbox 1677 1712 1726 1731; x_wconf 80' lang='lat' dir='ltr'><strong>au-</strong></span> 
     </span>
    </p>
   </div>
   <div class='ocr_carea' id='block_1_77' title="bbox 941 1751 1727 1788">
    <p class='ocr_par' dir='ltr' id='par_1_77' title="bbox 941 1751 1727 1788">
     <span class='ocr_line' id='line_1_77' title="bbox 941 1751 1727 1788; baseline -0.005 -8"><span class='ocrx_word' id='word_1_624' title='bbox 941 1758 995 1781; x_wconf 89' lang='lat' dir='ltr'><strong>tem</strong></span> <span class='ocrx_word' id='word_1_625' title='bbox 1012 1761 1099 1788; x_wconf 86' lang='lat' dir='ltr'><strong>pauca</strong></span> <span class='ocrx_word' id='word_1_626' title='bbox 1118 1754 1152 1781; x_wconf 91' lang='lat' dir='ltr'><strong>de</strong></span> <span class='ocrx_word' id='word_1_627' title='bbox 1175 1753 1341 1783; x_wconf 82' lang='lat' dir='ltr'><strong>Mahomelo.</strong></span> <span class='ocrx_word' id='word_1_628' title='bbox 1357 1756 1384 1779; x_wconf 88' lang='lat' dir='ltr'><strong>et</strong></span> <span class='ocrx_word' id='word_1_629' title='bbox 1401 1751 1512 1786; x_wconf 87' lang='lat' dir='ltr'><strong>quidem</strong></span> <span class='ocrx_word' id='word_1_630' title='bbox 1539 1751 1614 1782; x_wconf 80' lang='lat' dir='ltr'><strong>vilia,</strong></span> <span class='ocrx_word' id='word_1_631' title='bbox 1626 1751 1727 1784; x_wconf 65' lang='lat' dir='ltr'><strong>quatri-</strong></span> 
     </span>
    </p>
   </div>
   <div class='ocr_carea' id='block_1_78' title="bbox 939 1797 1728 1835">
    <p class='ocr_par' dir='ltr' id='par_1_78' title="bbox 939 1797 1728 1835">
     <span class='ocr_line' id='line_1_78' title="bbox 939 1797 1728 1835; baseline -0.004 -9"><span class='ocrx_word' id='word_1_632' title='bbox 939 1804 983 1827; x_wconf 88' lang='lat' dir='ltr'><strong>tur</strong></span> <span class='ocrx_word' id='word_1_633' title='bbox 999 1800 1092 1835; x_wconf 81' lang='lat' dir='ltr'><strong>igitur,</strong></span> <span class='ocrx_word' id='word_1_634' title='bbox 1120 1807 1205 1834; x_wconf 87' lang='lat' dir='ltr'><strong>quare</strong></span> <span class='ocrx_word' id='word_1_635' title='bbox 1223 1797 1351 1826; x_wconf 83' lang='lat' dir='ltr'><strong>Saraceni</strong></span> <span class='ocrx_word' id='word_1_636' title='bbox 1371 1806 1424 1824; x_wconf 92' lang='lat' dir='ltr'><strong>non</strong></span> <span class='ocrx_word' id='word_1_637' title='bbox 1451 1798 1543 1832; x_wconf 83' lang='lat' dir='ltr'><strong>potius</strong></span> <span class='ocrx_word' id='word_1_638' title='bbox 1576 1805 1589 1824; x_wconf 88' lang='lat' dir='ltr'><strong>s</strong></span> <span class='ocrx_word' id='word_1_639' title='bbox 1605 1802 1728 1831; x_wconf 80' lang='lat' dir='ltr'><strong>quttntur</strong></span> 
     </span>
    </p>
   </div>
   <div class='ocr_carea' id='block_1_79' title="bbox 938 1843 1727 1880">
    <p class='ocr_par' dir='ltr' id='par_1_79' title="bbox 938 1843 1727 1880">
     <span class='ocr_line' id='line_1_79' title="bbox 938 1843 1727 1880; baseline -0.003 -8"><span class='ocrx_word' id='word_1_640' title='bbox 938 1845 1078 1873; x_wconf 87' lang='lat' dir='ltr'><strong>Christum</strong></span> <span class='ocrx_word' id='word_1_641' title='bbox 1099 1853 1181 1880; x_wconf 84' lang='lat' dir='ltr'><strong>quam</strong></span> <span class='ocrx_word' id='word_1_642' title='bbox 1199 1845 1393 1875; x_wconf 76' lang='lat' dir='ltr'><strong>Maltometnm,</strong></span> <span class='ocrx_word' id='word_1_643' title='bbox 1408 1851 1435 1871; x_wconf 79' lang='lat' dir='ltr'><strong>et</strong></span> <span class='ocrx_word' id='word_1_644' title='bbox 1452 1843 1629 1878; x_wconf 68' lang='lat' dir='ltr'><strong>Evaugi&#39;l&#39;tum</strong></span> <span class='ocrx_word' id='word_1_645' title='bbox 1645 1850 1727 1877; x_wconf 64' lang='lat' dir='ltr'><strong>quam</strong></span> 
     </span>
    </p>
   </div>
   <div class='ocr_carea' id='block_1_80' title="bbox 939 1891 1729 1925">
    <p class='ocr_par' dir='ltr' id='par_1_80' title="bbox 939 1891 1729 1925">
     <span class='ocr_line' id='line_1_80' title="bbox 939 1891 1729 1925; baseline -0.004 -7"><span class='ocrx_word' id='word_1_646' title='bbox 939 1891 1104 1918; x_wconf 82' lang='lat' dir='ltr'><strong>Alcoranunt</strong></span> <span class='ocrx_word' id='word_1_647' title='bbox 1115 1891 1127 1918; x_wconf 85' lang='lat'><strong>?</strong></span> <span class='ocrx_word' id='word_1_648' title='bbox 1140 1891 1175 1918; x_wconf 88' lang='lat' dir='ltr'><strong>Et</strong></span> <span class='ocrx_word' id='word_1_649' title='bbox 1198 1891 1262 1925; x_wconf 89' lang='lat' dir='ltr'><strong>quia</strong></span> <span class='ocrx_word' id='word_1_650' title='bbox 1279 1891 1416 1917; x_wconf 78' lang='lat' dir='ltr'><strong>contraria</strong></span> <span class='ocrx_word' id='word_1_651' title='bbox 1430 1891 1506 1925; x_wconf 81' lang='lat' dir='ltr'><strong>juxta</strong></span> <span class='ocrx_word' id='word_1_652' title='bbox 1524 1897 1553 1917; x_wconf 86' lang='lat' dir='ltr'><strong>se</strong></span> <span class='ocrx_word' id='word_1_653' title='bbox 1568 1891 1655 1924; x_wconf 88' lang='lat' dir='ltr'><strong>posita</strong></span> <span class='ocrx_word' id='word_1_654' title='bbox 1671 1897 1729 1916; x_wconf 86' lang='lat' dir='ltr'><strong>ma-</strong></span> 
     </span>
    </p>
   </div>
   <div class='ocr_carea' id='block_1_81' title="bbox 940 1935 1728 1972">
    <p class='ocr_par' dir='ltr' id='par_1_81' title="bbox 940 1935 1728 1972">
     <span class='ocr_line' id='line_1_81' title="bbox 940 1935 1728 1972; baseline -0.003 -8"><span class='ocrx_word' id='word_1_655' title='bbox 940 1937 981 1972; x_wconf 77' lang='lat' dir='ltr'><strong>gis</strong></span> <span class='ocrx_word' id='word_1_656' title='bbox 998 1937 1168 1969; x_wconf 87' lang='lat' dir='ltr'><strong>elucescunt,</strong></span> <span class='ocrx_word' id='word_1_657' title='bbox 1186 1937 1328 1963; x_wconf 83' lang='lat' dir='ltr'><strong>videamus</strong></span> <span class='ocrx_word' id='word_1_658' title='bbox 1345 1944 1359 1962; x_wconf 86' lang='lat' dir='ltr'><strong>e</strong></span> <span class='ocrx_word' id='word_1_659' title='bbox 1376 1936 1485 1970; x_wconf 76' lang='lat' dir='ltr'><strong>regione</strong></span> <span class='ocrx_word' id='word_1_660' title='bbox 1506 1940 1534 1963; x_wconf 93' lang='lat' dir='ltr'><strong>ct</strong></span> <span class='ocrx_word' id='word_1_661' title='bbox 1551 1935 1728 1967; x_wconf 79' lang='lat' dir='ltr'><strong>intrinsecus,</strong></span> 
     </span>
    </p>
   </div>
   <div class='ocr_carea' id='block_1_82' title="bbox 940 1981 1727 2018">
    <p class='ocr_par' dir='ltr' id='par_1_82' title="bbox 940 1981 1727 2018">
     <span class='ocr_line' id='line_1_82' title="bbox 940 1981 1727 2018; baseline -0.005 -7"><span class='ocrx_word' id='word_1_662' title='bbox 940 1983 1008 2018; x_wconf 91' lang='lat' dir='ltr'><strong>quid</strong></span> <span class='ocrx_word' id='word_1_663' title='bbox 1032 1983 1197 2010; x_wconf 81' lang='lat' dir='ltr'><strong>Aleoranum</strong></span> <span class='ocrx_word' id='word_1_664' title='bbox 1225 1983 1258 2009; x_wconf 89' lang='lat' dir='ltr'><strong>de</strong></span> <span class='ocrx_word' id='word_1_665' title='bbox 1286 1986 1402 2016; x_wconf 84' lang='lat' dir='ltr'><strong>utroque</strong></span> <span class='ocrx_word' id='word_1_666' title='bbox 1431 1986 1532 2008; x_wconf 85' lang='lat' dir='ltr'><strong>narrat.</strong></span> <span class='ocrx_word' id='word_1_667' title='bbox 1557 1981 1626 2011; x_wconf 81' lang='lat' dir='ltr'><strong>Dicit</strong></span> <span class='ocrx_word' id='word_1_668' title='bbox 1653 1982 1727 2008; x_wconf 85' lang='lat' dir='ltr'><strong>enim</strong></span> 
     </span>
    </p>
   </div>
   <div class='ocr_carea' id='block_1_83' title="bbox 941 2026 1729 2062">
    <p class='ocr_par' dir='ltr' id='par_1_83' title="bbox 941 2026 1729 2062">
     <span class='ocr_line' id='line_1_83' title="bbox 941 2026 1729 2062; baseline -0.006 -6"><span class='ocrx_word' id='word_1_669' title='bbox 941 2028 1119 2060; x_wconf 81' lang='lat' dir='ltr'><strong>Alcoranum,</strong></span> <span class='ocrx_word' id='word_1_670' title='bbox 1134 2028 1207 2062; x_wconf 88' lang='lat' dir='ltr'><strong>quod</strong></span> <span class='ocrx_word' id='word_1_671' title='bbox 1226 2027 1353 2055; x_wconf 88' lang='lat' dir='ltr'><strong>Christus</strong></span> <span class='ocrx_word' id='word_1_672' title='bbox 1377 2035 1432 2054; x_wconf 66' lang='lat' dir='ltr'><strong>sua:</strong></span> <span class='ocrx_word' id='word_1_673' title='bbox 1457 2027 1536 2053; x_wconf 84' lang='lat' dir='ltr'><strong>matri</strong></span> <span class='ocrx_word' id='word_1_674' title='bbox 1558 2026 1608 2053; x_wconf 80' lang='lat' dir='ltr'><strong>fuit</strong></span> <span class='ocrx_word' id='word_1_675' title='bbox 1623 2035 1729 2057; x_wconf 74' lang='lat' dir='ltr'><strong>aminn-</strong></span> 
     </span>
    </p>
   </div>
   <div class='ocr_carea' id='block_1_84' title="bbox 942 2072 1728 2108">
    <p class='ocr_par' dir='ltr' id='par_1_84' title="bbox 942 2072 1728 2108">
     <span class='ocr_line' id='line_1_84' title="bbox 942 2072 1728 2108; baseline -0.005 -6"><span class='ocrx_word' id='word_1_676' title='bbox 942 2076 1027 2102; x_wconf 83' lang='lat' dir='ltr'><strong>tiatus</strong></span> <span class='ocrx_word' id='word_1_677' title='bbox 1053 2082 1100 2108; x_wconf 84' lang='lat' dir='ltr'><strong>per</strong></span> <span class='ocrx_word' id='word_1_678' title='bbox 1119 2074 1255 2108; x_wconf 74' lang='lat' dir='ltr'><strong>angelum,</strong></span> <span class='ocrx_word' id='word_1_679' title='bbox 1273 2078 1301 2100; x_wconf 89' lang='lat' dir='ltr'><strong>et</strong></span> <span class='ocrx_word' id='word_1_680' title='bbox 1318 2073 1503 2100; x_wconf 78' lang='lat' dir='ltr'><strong>sanctificatus</strong></span> <span class='ocrx_word' id='word_1_681' title='bbox 1531 2080 1578 2107; x_wconf 81' lang='lat' dir='ltr'><strong>per</strong></span> <span class='ocrx_word' id='word_1_682' title='bbox 1595 2072 1728 2107; x_wconf 86' lang='lat' dir='ltr'><strong>Spiritum</strong></span> 
     </span>
    </p>
   </div>
   <div class='ocr_carea' id='block_1_85' title="bbox 937 2118 1729 2154">
    <p class='ocr_par' dir='ltr' id='par_1_85' title="bbox 937 2118 1729 2154">
     <span class='ocr_line' id='line_1_85' title="bbox 937 2118 1729 2154; baseline -0.003 -7"><span class='ocrx_word' id='word_1_683' title='bbox 937 2124 1077 2150; x_wconf 79' lang='lat' dir='ltr'><strong>sanetum.</strong></span> <span class='ocrx_word' id='word_1_684' title='bbox 1090 2124 1118 2147; x_wconf 89' lang='lat' dir='ltr'><strong>et</strong></span> <span class='ocrx_word' id='word_1_685' title='bbox 1140 2120 1238 2146; x_wconf 88' lang='lat' dir='ltr'><strong>\irtute</strong></span> <span class='ocrx_word' id='word_1_686' title='bbox 1254 2118 1300 2145; x_wconf 85' lang='lat' dir='ltr'><strong>Dei</strong></span> <span class='ocrx_word' id='word_1_687' title='bbox 1320 2123 1480 2154; x_wconf 77' lang='lat' dir='ltr'><strong>conceptus,</strong></span> <span class='ocrx_word' id='word_1_688' title='bbox 1500 2126 1552 2144; x_wconf 89' lang='lat' dir='ltr'><strong>non</strong></span> <span class='ocrx_word' id='word_1_689' title='bbox 1569 2118 1729 2153; x_wconf 72' lang='lat' dir='ltr'><strong>operatione</strong></span> 
     </span>
    </p>
   </div>
   <div class='ocr_carea' id='block_1_86' title="bbox 942 2162 1729 2200">
    <p class='ocr_par' dir='ltr' id='par_1_86' title="bbox 942 2162 1729 2200">
     <span class='ocr_line' id='line_1_86' title="bbox 942 2162 1729 2200; baseline -0.003 -8"><span class='ocrx_word' id='word_1_690' title='bbox 942 2169 1058 2196; x_wconf 61' lang='lat' dir='ltr'><strong>naturae,</strong></span> <span class='ocrx_word' id='word_1_691' title='bbox 1072 2168 1099 2190; x_wconf 79' lang='lat' dir='ltr'><strong>et</strong></span> <span class='ocrx_word' id='word_1_692' title='bbox 1124 2171 1157 2190; x_wconf 79' lang='lat' dir='ltr'><strong>ex</strong></span> <span class='ocrx_word' id='word_1_693' title='bbox 1173 2163 1344 2191; x_wconf 79' lang='lat' dir='ltr'><strong>sanctissima</strong></span> <span class='ocrx_word' id='word_1_694' title='bbox 1363 2163 1472 2198; x_wconf 75' lang='lat' dir='ltr'><strong>Virgine</strong></span> <span class='ocrx_word' id='word_1_695' title='bbox 1490 2162 1584 2193; x_wconf 78' lang='lat' dir='ltr'><strong>Maria.</strong></span> <span class='ocrx_word' id='word_1_696' title='bbox 1602 2168 1630 2200; x_wconf 88' lang='lat' dir='ltr'><strong>et</strong></span> <span class='ocrx_word' id='word_1_697' title='bbox 1646 2170 1729 2196; x_wconf 78' lang='lat' dir='ltr'><strong>supra</strong></span> 
     </span>
    </p>
   </div>
   <div class='ocr_carea' id='block_1_87' title="bbox 944 2206 1731 2242">
    <p class='ocr_par' dir='ltr' id='par_1_87' title="bbox 944 2206 1731 2242">
     <span class='ocr_line' id='line_1_87' title="bbox 944 2206 1731 2242; baseline -0.003 -8"><span class='ocrx_word' id='word_1_698' title='bbox 944 2214 1039 2234; x_wconf 86' lang='lat' dir='ltr'><strong>omnes</strong></span> <span class='ocrx_word' id='word_1_699' title='bbox 1055 2207 1123 2234; x_wconf 82' lang='lat' dir='ltr'><strong>alias</strong></span> <span class='ocrx_word' id='word_1_700' title='bbox 1140 2207 1269 2234; x_wconf 89' lang='lat' dir='ltr'><strong>mulieres</strong></span> <span class='ocrx_word' id='word_1_701' title='bbox 1291 2206 1418 2238; x_wconf 85' lang='lat' dir='ltr'><strong>mundas,</strong></span> <span class='ocrx_word' id='word_1_702' title='bbox 1432 2207 1542 2242; x_wconf 83' lang='lat' dir='ltr'><strong>genitus</strong></span> <span class='ocrx_word' id='word_1_703' title='bbox 1554 2211 1606 2233; x_wconf 84' lang='lat' dir='ltr'><strong>est.</strong></span> <span class='ocrx_word' id='word_1_704' title='bbox 1625 2207 1660 2233; x_wconf 82' lang='lat' dir='ltr'><strong>De</strong></span> <span class='ocrx_word' id='word_1_705' title='bbox 1675 2207 1731 2233; x_wconf 78' lang='lat' dir='ltr'><strong>illa-</strong></span> 
     </span>
    </p>
   </div>
   <div class='ocr_carea' id='block_1_88' title="bbox 81 2251 883 2289">
    <p class='ocr_par' dir='ltr' id='par_1_88' title="bbox 81 2253 879 2289">
     <span class='ocr_line' id='line_1_88' title="bbox 81 2253 879 2289; baseline -0.004 -8"><span class='ocrx_word' id='word_1_706' title='bbox 81 2255 160 2289; x_wconf 78' lang='lat' dir='ltr'><strong>llspl.</strong></span> <span class='ocrx_word' id='word_1_707' title='bbox 176 2255 208 2281; x_wconf 87' lang='grc' dir='ltr'>δὲ</span> <span class='ocrx_word' id='word_1_708' title='bbox 225 2254 272 2280; x_wconf 86' lang='grc' dir='ltr'><strong>τοῦ</strong></span> <span class='ocrx_word' id='word_1_709' title='bbox 294 2254 415 2289; x_wconf 65' lang='grc' dir='ltr'><strong>Ἀίωέιμεθ</strong></span> <span class='ocrx_word' id='word_1_710' title='bbox 431 2254 506 2280; x_wconf 77' lang='grc' dir='ltr'>οὐδὲν</span> <span class='ocrx_word' id='word_1_711' title='bbox 526 2253 648 2280; x_wconf 80' lang='grc' dir='ltr'>τοιοῦτόν</span> <span class='ocrx_word' id='word_1_712' title='bbox 667 2262 760 2288; x_wconf 81' lang='grc' dir='ltr'>φησιν,</span> <span class='ocrx_word' id='word_1_713' title='bbox 777 2253 835 2279; x_wconf 82' lang='grc' dir='ltr'>ἀλλ’</span> <span class='ocrx_word' id='word_1_714' title='bbox 850 2253 879 2278; x_wconf 70' lang='grc' dir='ltr'>ὅτ</span> 
     </span>
    </p>
   </div>
   <div class='ocr_carea' id='block_1_89' title="bbox 940 2251 1729 2289">
    <p class='ocr_par' dir='ltr' id='par_1_89' title="bbox 945 2251 1729 2286">
     <span class='ocr_line' id='line_1_89' title="bbox 945 2251 1729 2286; baseline -0.003 -7"><span class='ocrx_word' id='word_1_715' title='bbox 945 2253 1056 2280; x_wconf 85' lang='lat' dir='ltr'><strong>homcto</strong></span> <span class='ocrx_word' id='word_1_716' title='bbox 1080 2256 1172 2279; x_wconf 88' lang='lat' dir='ltr'><strong>autem</strong></span> <span class='ocrx_word' id='word_1_717' title='bbox 1190 2251 1259 2278; x_wconf 93' lang='lat' dir='ltr'><strong>nihil</strong></span> <span class='ocrx_word' id='word_1_718' title='bbox 1291 2252 1342 2279; x_wconf 87' lang='lat' dir='ltr'><strong>tale</strong></span> <span class='ocrx_word' id='word_1_719' title='bbox 1358 2252 1436 2282; x_wconf 78' lang='lat' dir='ltr'><strong>dicit.</strong></span> <span class='ocrx_word' id='word_1_720' title='bbox 1451 2251 1504 2282; x_wconf 20' lang='lat' dir='ltr'><strong>sed.</strong></span> <span class='ocrx_word' id='word_1_721' title='bbox 1525 2252 1597 2286; x_wconf 80' lang='lat' dir='ltr'><strong>quod</strong></span> <span class='ocrx_word' id='word_1_722' title='bbox 1612 2251 1663 2278; x_wconf 84' lang='lat' dir='ltr'><strong>fuit</strong></span> <span class='ocrx_word' id='word_1_723' title='bbox 1682 2259 1729 2277; x_wconf 87' lang='lat' dir='ltr'><strong>or-</strong></span> 
     </span>
    </p>
   </div>
   <div class='ocr_carea' id='block_1_90' title="bbox 78 2290 883 2335">
    <p class='ocr_par' dir='ltr' id='par_1_90' title="bbox 78 2298 883 2335">
     <span class='ocr_line' id='line_1_90' title="bbox 78 2298 883 2335; baseline -0.001 -10"><span class='ocrx_word' id='word_1_724' title='bbox 78 2298 118 2335; x_wconf 80' lang='grc' dir='ltr'>ἦν</span> <span class='ocrx_word' id='word_1_725' title='bbox 137 2299 267 2335; x_wconf 71' lang='grc' dir='ltr'>ὀρφανὸς</span> <span class='ocrx_word' id='word_1_726' title='bbox 278 2300 325 2326; x_wconf 77' lang='grc' dir='ltr'>καὶ</span> <span class='ocrx_word' id='word_1_727' title='bbox 342 2299 490 2334; x_wconf 80' lang='grc' dir='ltr'>πλανήτης,</span> <span class='ocrx_word' id='word_1_728' title='bbox 506 2299 558 2325; x_wconf 70' lang='grc' dir='ltr'><strong>ὐπδ</strong></span> <span class='ocrx_word' id='word_1_729' title='bbox 575 2299 643 2326; x_wconf 79' lang='grc' dir='ltr'>Θεοῦ</span> <span class='ocrx_word' id='word_1_730' title='bbox 662 2299 815 2333; x_wconf 71' lang='grc' dir='ltr'><strong>συναχθεις.</strong></span> <span class='ocrx_word' id='word_1_731' title='bbox 829 2299 883 2324; x_wconf 62' lang='grc' dir='ltr'><strong>Ἔτι</strong></span> 
     </span>
    </p>
   </div>
   <div class='ocr_carea' id='block_1_91' title="bbox 940 2290 1730 2335">
    <p class='ocr_par' dir='ltr' id='par_1_91' title="bbox 945 2297 1730 2334">
     <span class='ocr_line' id='line_1_91' title="bbox 945 2297 1730 2334; baseline -0.001 -10"><span class='ocrx_word' id='word_1_732' title='bbox 945 2298 1063 2332; x_wconf 84' lang='lat' dir='ltr'><strong>phanus,</strong></span> <span class='ocrx_word' id='word_1_733' title='bbox 1077 2304 1105 2324; x_wconf 85' lang='lat' dir='ltr'><strong>et</strong></span> <span class='ocrx_word' id='word_1_734' title='bbox 1132 2304 1227 2334; x_wconf 71' lang='lat' dir='ltr'><strong>vagus,</strong></span> <span class='ocrx_word' id='word_1_735' title='bbox 1244 2304 1258 2323; x_wconf 85' lang='lat' dir='ltr'><strong>a</strong></span> <span class='ocrx_word' id='word_1_736' title='bbox 1277 2297 1332 2324; x_wconf 86' lang='lat' dir='ltr'><strong>Deo</strong></span> <span class='ocrx_word' id='word_1_737' title='bbox 1351 2298 1512 2324; x_wconf 85' lang='lat' dir='ltr'><strong>conductus.</strong></span> <span class='ocrx_word' id='word_1_738' title='bbox 1528 2297 1594 2325; x_wconf 81' lang='lat' dir='ltr'><strong>Item</strong></span> <span class='ocrx_word' id='word_1_739' title='bbox 1612 2297 1679 2324; x_wconf 83' lang='lat' dir='ltr'><strong>dicit</strong></span> <span class='ocrx_word' id='word_1_740' title='bbox 1696 2297 1730 2324; x_wconf 81' lang='lat' dir='ltr'><strong>de</strong></span> 
     </span>
    </p>
   </div>
   <div class='ocr_carea' id='block_1_92' title="bbox 78 2344 893 2380">
    <p class='ocr_par' dir='ltr' id='par_1_92' title="bbox 78 2344 893 2380">
     <span class='ocr_line' id='line_1_92' title="bbox 78 2344 893 2380; baseline 0 -10"><span class='ocrx_word' id='word_1_741' title='bbox 78 2346 160 2379; x_wconf 74' lang='grc' dir='ltr'><strong>φησὶ</strong></span> <span class='ocrx_word' id='word_1_742' title='bbox 186 2345 257 2380; x_wconf 81' lang='grc' dir='ltr'>περὶ</span> <span class='ocrx_word' id='word_1_743' title='bbox 277 2344 324 2371; x_wconf 86' lang='grc' dir='ltr'><strong>τοῦ</strong></span> <span class='ocrx_word' id='word_1_744' title='bbox 342 2344 473 2380; x_wconf 81' lang='grc' dir='ltr'>Χριστοῦ,</span> <span class='ocrx_word' id='word_1_745' title='bbox 488 2345 530 2372; x_wconf 83' lang='grc' dir='ltr'>ὅτι</span> <span class='ocrx_word' id='word_1_746' title='bbox 550 2345 609 2371; x_wconf 73' lang='grc' dir='ltr'>ἐστὶ</span> <span class='ocrx_word' id='word_1_747' title='bbox 629 2344 715 2378; x_wconf 82' lang='grc' dir='ltr'>Λόγος</span> <span class='ocrx_word' id='word_1_748' title='bbox 735 2344 822 2371; x_wconf 83' lang='grc' dir='ltr'>Θεοῦ·</span> <span class='ocrx_word' id='word_1_749' title='bbox 844 2345 893 2370; x_wconf 78' lang='grc' dir='ltr'>καὶ</span> 
     </span>
    </p>
   </div>
   <div class='ocr_carea' id='block_1_93' title="bbox 78 2389 891 2424">
    <p class='ocr_par' dir='ltr' id='par_1_93' title="bbox 78 2389 891 2424">
     <span class='ocr_line' id='line_1_93' title="bbox 78 2389 891 2424; baseline -0.001 -8"><span class='ocrx_word' id='word_1_750' title='bbox 78 2389 165 2416; x_wconf 71' lang='grc' dir='ltr'>κατὰ</span> <span class='ocrx_word' id='word_1_751' title='bbox 182 2389 270 2415; x_wconf 78' lang='grc' dir='ltr'>τοῦτο</span> <span class='ocrx_word' id='word_1_752' title='bbox 287 2389 366 2415; x_wconf 65' lang='grc' dir='ltr'>οὐδὲν</span> <span class='ocrx_word' id='word_1_753' title='bbox 378 2389 495 2422; x_wconf 71' lang='grc' dir='ltr'>ἠδύνατο</span> <span class='ocrx_word' id='word_1_754' title='bbox 510 2390 628 2422; x_wconf 79' lang='grc' dir='ltr'>ἀγνοεῖν.</span> <span class='ocrx_word' id='word_1_755' title='bbox 652 2389 681 2415; x_wconf 89' lang='grc' dir='ltr'><strong>Ὀ</strong></span> <span class='ocrx_word' id='word_1_756' title='bbox 697 2389 724 2415; x_wconf 81' lang='grc' dir='ltr'>δὲ</span> <span class='ocrx_word' id='word_1_757' title='bbox 742 2389 891 2424; x_wconf 83' lang='grc' dir='ltr'>Μαχούμετ</span> 
     </span>
    </p>
   </div>
   <div class='ocr_carea' id='block_1_94' title="bbox 74 2433 891 2470">
    <p class='ocr_par' dir='ltr' id='par_1_94' title="bbox 74 2433 891 2470">
     <span class='ocr_line' id='line_1_94' title="bbox 74 2433 891 2470; baseline 0.002 -10"><span class='ocrx_word' id='word_1_758' title='bbox 74 2433 117 2470; x_wconf 81' lang='grc' dir='ltr'>ἦν</span> <span class='ocrx_word' id='word_1_759' title='bbox 136 2435 297 2470; x_wconf 81' lang='grc' dir='ltr'>προφήτης</span> <span class='ocrx_word' id='word_1_760' title='bbox 313 2435 473 2468; x_wconf 78' lang='grc' dir='ltr'>ἀμφίϐολος.</span> <span class='ocrx_word' id='word_1_761' title='bbox 489 2435 559 2470; x_wconf 72' lang='grc' dir='ltr'><strong>Φησὶ</strong></span> <span class='ocrx_word' id='word_1_762' title='bbox 582 2435 636 2470; x_wconf 80' lang='grc' dir='ltr'><strong>γὰρ</strong></span> <span class='ocrx_word' id='word_1_763' title='bbox 650 2436 747 2462; x_wconf 77' lang='grc' dir='ltr'>ἑαυτὸν</span> <span class='ocrx_word' id='word_1_764' title='bbox 771 2436 891 2469; x_wconf 75' lang='grc' dir='ltr'>ἀγνοεῖν,</span> 
     </span>
    </p>
   </div>
   <div class='ocr_carea' id='block_1_95' title="bbox 75 2479 892 2516">
    <p class='ocr_par' dir='ltr' id='par_1_95' title="bbox 75 2479 892 2516">
     <span class='ocr_line' id='line_1_95' title="bbox 75 2479 892 2516; baseline 0 -9"><span class='ocrx_word' id='word_1_765' title='bbox 75 2481 107 2507; x_wconf 86' lang='grc' dir='ltr'><strong>τί</strong></span> <span class='ocrx_word' id='word_1_766' title='bbox 125 2481 218 2507; x_wconf 80' lang='grc' dir='ltr'>ἔσται</span> <span class='ocrx_word' id='word_1_767' title='bbox 238 2481 322 2515; x_wconf 76' lang='grc' dir='ltr'>αὐτῷ,</span> <span class='ocrx_word' id='word_1_768' title='bbox 335 2481 351 2514; x_wconf 86' lang='grc' dir='ltr'><strong>ῆ</strong></span> <span class='ocrx_word' id='word_1_769' title='bbox 365 2481 422 2512; x_wconf 78' lang='grc' dir='ltr'>τοῖς</span> <span class='ocrx_word' id='word_1_770' title='bbox 436 2481 520 2513; x_wconf 68' lang='grc' dir='ltr'>ἰδίοις.</span> <span class='ocrx_word' id='word_1_771' title='bbox 534 2482 619 2512; x_wconf 78' lang='grc' dir='ltr'>Αὐτός</span> <span class='ocrx_word' id='word_1_772' title='bbox 630 2490 659 2508; x_wconf 90' lang='grc' dir='ltr'><strong>τε</strong></span> <span class='ocrx_word' id='word_1_773' title='bbox 675 2479 768 2513; x_wconf 77' lang='grc' dir='ltr'>εἶπεν,</span> <span class='ocrx_word' id='word_1_774' title='bbox 790 2481 892 2516; x_wconf 81' lang='grc' dir='ltr'>’Λγνοῶ</span> 
     </span>
    </p>
   </div>
   <div class='ocr_carea' id='block_1_96' title="bbox 73 2526 893 2562">
    <p class='ocr_par' dir='ltr' id='par_1_96' title="bbox 73 2526 893 2562">
     <span class='ocr_line' id='line_1_96' title="bbox 73 2526 893 2562; baseline -0.001 -9"><span class='ocrx_word' id='word_1_775' title='bbox 73 2527 216 2562; x_wconf 74' lang='grc' dir='ltr'>πότερον</span> <span class='ocrx_word' id='word_1_776' title='bbox 232 2526 287 2560; x_wconf 77' lang='grc' dir='ltr'><strong>ἐγὼ</strong></span> <span class='ocrx_word' id='word_1_777' title='bbox 298 2527 315 2561; x_wconf 88' lang='grc' dir='ltr'>ἢ</span> <span class='ocrx_word' id='word_1_778' title='bbox 332 2526 411 2560; x_wconf 86' lang='grc' dir='ltr'><strong>ὑμεῖς</strong></span> <span class='ocrx_word' id='word_1_779' title='bbox 426 2527 487 2553; x_wconf 74' lang='grc' dir='ltr'>ἐστε</span> <span class='ocrx_word' id='word_1_780' title='bbox 500 2528 530 2553; x_wconf 75' lang='grc' dir='ltr'>ὲν</span> <span class='ocrx_word' id='word_1_781' title='bbox 543 2526 681 2562; x_wconf 79' lang='grc' dir='ltr'>εὐθύτητι.</span> <span class='ocrx_word' id='word_1_782' title='bbox 693 2526 774 2553; x_wconf 81' lang='grc' dir='ltr'>Ὅθεν</span> <span class='ocrx_word' id='word_1_783' title='bbox 787 2526 832 2553; x_wconf 81' lang='grc' dir='ltr'><strong>χαὶ</strong></span> <span class='ocrx_word' id='word_1_784' title='bbox 845 2526 893 2559; x_wconf 80' lang='grc' dir='ltr'><strong>φέ-</strong></span> 
     </span>
    </p>
   </div>
   <div class='ocr_carea' id='block_1_97' title="bbox 72 2572 889 2608">
    <p class='ocr_par' dir='ltr' id='par_1_97' title="bbox 72 2572 889 2608">
     <span class='ocr_line' id='line_1_97' title="bbox 72 2572 889 2608; baseline 0.001 -10"><span class='ocrx_word' id='word_1_785' title='bbox 72 2581 170 2607; x_wconf 72' lang='grc' dir='ltr'>ρεται</span> <span class='ocrx_word' id='word_1_786' title='bbox 193 2573 288 2599; x_wconf 77' lang='grc' dir='ltr'>είπεῖν</span> <span class='ocrx_word' id='word_1_787' title='bbox 301 2572 382 2599; x_wconf 78' lang='grc' dir='ltr'>αὐτὸν</span> <span class='ocrx_word' id='word_1_788' title='bbox 397 2573 462 2608; x_wconf 78' lang='grc' dir='ltr'>περὶ</span> <span class='ocrx_word' id='word_1_789' title='bbox 475 2573 522 2600; x_wconf 89' lang='grc' dir='ltr'><strong>τοῦ</strong></span> <span class='ocrx_word' id='word_1_790' title='bbox 537 2573 640 2608; x_wconf 73' lang='grc' dir='ltr'>πατρὸς</span> <span class='ocrx_word' id='word_1_791' title='bbox 655 2573 759 2607; x_wconf 74' lang='grc' dir='ltr'>καὶτῆς</span> <span class='ocrx_word' id='word_1_792' title='bbox 775 2572 889 2607; x_wconf 75' lang='grc' dir='ltr'>μητρὸς,</span> 
     </span>
    </p>
   </div>
   <div class='ocr_carea' id='block_1_98' title="bbox 70 2618 889 2654">
    <p class='ocr_par' dir='ltr' id='par_1_98' title="bbox 70 2618 889 2654">
     <span class='ocr_line' id='line_1_98' title="bbox 70 2618 889 2654; baseline -0.001 -9"><span class='ocrx_word' id='word_1_793' title='bbox 70 2619 142 2645; x_wconf 79' lang='grc' dir='ltr'><strong>Εἴθ’</strong></span> <span class='ocrx_word' id='word_1_794' title='bbox 175 2618 260 2654; x_wconf 78' lang='grc' dir='ltr'>ᾔδειν</span> <span class='ocrx_word' id='word_1_795' title='bbox 296 2618 324 2644; x_wconf 83' lang='grc' dir='ltr'><strong>τι</strong></span> <span class='ocrx_word' id='word_1_796' title='bbox 361 2619 419 2645; x_wconf 77' lang='grc' dir='ltr'>ἐστι</span> <span class='ocrx_word' id='word_1_797' title='bbox 445 2618 477 2645; x_wconf 88' lang='grc' dir='ltr'><strong>τδ</strong></span> <span class='ocrx_word' id='word_1_798' title='bbox 510 2619 590 2654; x_wconf 79' lang='grc' dir='ltr'>ἔργον</span> <span class='ocrx_word' id='word_1_799' title='bbox 620 2619 720 2645; x_wconf 82' lang='grc' dir='ltr'>αὐτῶν.</span> <span class='ocrx_word' id='word_1_800' title='bbox 754 2619 814 2644; x_wconf 87' lang='grc' dir='ltr'>Ἔτι</span> <span class='ocrx_word' id='word_1_801' title='bbox 862 2626 889 2644; x_wconf 86' lang='grc' dir='ltr'><strong>τε</strong></span> 
     </span>
    </p>
   </div>
   <div class='ocr_carea' id='block_1_99' title="bbox 66 2663 892 2699">
    <p class='ocr_par' dir='ltr' id='par_1_99' title="bbox 66 2663 892 2699">
     <span class='ocr_line' id='line_1_99' title="bbox 66 2663 892 2699; baseline 0 -9"><span class='ocrx_word' id='word_1_802' title='bbox 66 2664 234 2698; x_wconf 77' lang='grc' dir='ltr'>φέρεται,</span> <span class='ocrx_word' id='word_1_803' title='bbox 262 2664 304 2691; x_wconf 85' lang='grc' dir='ltr'>ὅτι</span> <span class='ocrx_word' id='word_1_804' title='bbox 337 2663 419 2696; x_wconf 82' lang='grc' dir='ltr'>αὐτὸς</span> <span class='ocrx_word' id='word_1_805' title='bbox 448 2664 543 2699; x_wconf 66' lang='grc' dir='ltr'>γέγονε</span> <span class='ocrx_word' id='word_1_806' title='bbox 571 2665 666 2699; x_wconf 56' lang='lat' dir='ltr'><strong>Rapit,</strong></span> <span class='ocrx_word' id='word_1_807' title='bbox 682 2664 737 2691; x_wconf 86' lang='grc' dir='ltr'><strong>τῶν</strong></span> <span class='ocrx_word' id='word_1_808' title='bbox 758 2663 892 2691; x_wconf 85' lang='grc' dir='ltr'>Ἰουδαίων</span> 
     </span>
    </p>
   </div>
   <div class='ocr_carea' id='block_1_100' title="bbox 65 2709 891 2746">
    <p class='ocr_par' dir='ltr' id='par_1_100' title="bbox 65 2709 891 2746">
     <span class='ocr_line' id='line_1_100' title="bbox 65 2709 891 2746; baseline -0.002 -9"><span class='ocrx_word' id='word_1_809' title='bbox 65 2728 139 2737; x_wconf 71' lang='grc' dir='ltr'><strong>...μ</strong></span> <span class='ocrx_word' id='word_1_810' title='bbox 163 2710 224 2736; x_wconf 82' lang='grc' dir='ltr'>καὶ</span> <span class='ocrx_word' id='word_1_811' title='bbox 247 2709 287 2741; x_wconf 78' lang='grc' dir='ltr'><strong>είς</strong></span> <span class='ocrx_word' id='word_1_812' title='bbox 305 2710 395 2745; x_wconf 67' lang='grc' dir='ltr'>φρέαρ</span> <span class='ocrx_word' id='word_1_813' title='bbox 409 2710 586 2746; x_wconf 69' lang='grc' dir='ltr'>ἀπορριφείς.</span> <span class='ocrx_word' id='word_1_814' title='bbox 601 2709 760 2745; x_wconf 69' lang='grc' dir='ltr'>Ἐπιιρατετ</span> <span class='ocrx_word' id='word_1_815' title='bbox 770 2718 801 2736; x_wconf 84' lang='grc' dir='ltr'><strong>τε</strong></span> <span class='ocrx_word' id='word_1_816' title='bbox 815 2710 891 2744; x_wconf 82' lang='grc' dir='ltr'>κοινῇ</span> 
     </span>
    </p>
   </div>
   <div class='ocr_carea' id='block_1_101' title="bbox 63 2755 889 2793">
    <p class='ocr_par' dir='ltr' id='par_1_101' title="bbox 63 2755 889 2793">
     <span class='ocr_line' id='line_1_101' title="bbox 63 2755 889 2793; baseline -0.001 -11"><span class='ocrx_word' id='word_1_817' title='bbox 63 2756 175 2782; x_wconf 79' lang='grc' dir='ltr'>αὑτὸν</span> <span class='ocrx_word' id='word_1_818' title='bbox 194 2756 248 2781; x_wconf 76' lang='grc' dir='ltr'>τὸν</span> <span class='ocrx_word' id='word_1_819' title='bbox 261 2755 409 2790; x_wconf 82' lang='grc' dir='ltr'>Μαχούμετ</span> <span class='ocrx_word' id='word_1_820' title='bbox 420 2756 577 2793; x_wconf 82' lang='grc' dir='ltr'>δηλητηρίῳ</span> <span class='ocrx_word' id='word_1_821' title='bbox 589 2756 638 2791; x_wconf 84' lang='grc' dir='ltr'>τὴν</span> <span class='ocrx_word' id='word_1_822' title='bbox 651 2756 724 2791; x_wconf 80' lang='grc' dir='ltr'><strong>ζωὴν</strong></span> <span class='ocrx_word' id='word_1_823' title='bbox 740 2755 889 2786; x_wconf 79' lang='grc' dir='ltr'>ὲκτελέσαι,</span> 
     </span>
    </p>
   </div>
   <div class='ocr_carea' id='block_1_102' title="bbox 62 2801 893 2838">
    <p class='ocr_par' dir='ltr' id='par_1_102' title="bbox 62 2801 893 2838">
     <span class='ocr_line' id='line_1_102' title="bbox 62 2801 893 2838; baseline 0.001 -11"><span class='ocrx_word' id='word_1_824' title='bbox 62 2803 156 2835; x_wconf 71' lang='grc' dir='ltr'>ὅπερ</span> <span class='ocrx_word' id='word_1_825' title='bbox 185 2801 307 2827; x_wconf 74' lang='grc' dir='ltr'><strong>ὲ-ιὲὂαλε</strong></span> <span class='ocrx_word' id='word_1_826' title='bbox 331 2801 417 2836; x_wconf 77' lang='grc' dir='ltr'>τούτῳ</span> <span class='ocrx_word' id='word_1_827' title='bbox 433 2803 481 2838; x_wconf 81' lang='grc' dir='ltr'>τὴν</span> <span class='ocrx_word' id='word_1_828' title='bbox 495 2803 580 2838; x_wconf 54' lang='grc' dir='ltr'><strong>φῦέόα</strong></span> <span class='ocrx_word' id='word_1_829' title='bbox 604 2803 756 2838; x_wconf 71' lang='grc' dir='ltr'>τεμνομένη</span> <span class='ocrx_word' id='word_1_830' title='bbox 779 2802 893 2829; x_wconf 77' lang='grc' dir='ltr'>Ἰουδαία</span> 
     </span>
    </p>
   </div>
   <div class='ocr_carea' id='block_1_103' title="bbox 115 2878 769 2914">
    <p class='ocr_par' dir='ltr' id='par_1_103' title="bbox 115 2878 769 2914">
     <span class='ocr_line' id='line_1_103' title="bbox 115 2878 769 2914; baseline 0 -10"><span class='ocrx_word' id='word_1_831' title='bbox 115 2878 145 2893; x_wconf 83' lang='grc'>³’</span> <span class='ocrx_word' id='word_1_832' title='bbox 170 2878 265 2904; x_wconf 71' lang='lat' dir='ltr'><strong>Deut.</strong></span> <span class='ocrx_word' id='word_1_833' title='bbox 286 2885 370 2909; x_wconf 68' lang='lat' dir='ltr'><strong>nul,</strong></span> <span class='ocrx_word' id='word_1_834' title='bbox 388 2878 430 2906; x_wconf 67' lang='lat'><strong>5‘3.</strong></span> <span class='ocrx_word' id='word_1_835' title='bbox 471 2880 492 2894; x_wconf 70' lang='grc'><em>³³</em></span> <span class='ocrx_word' id='word_1_836' title='bbox 512 2879 531 2906; x_wconf 85' lang='lat' dir='ltr'><strong>ll</strong></span> <span class='ocrx_word' id='word_1_837' title='bbox 550 2879 614 2914; x_wconf 73' lang='lat' dir='ltr'><strong>ltcg.</strong></span> <span class='ocrx_word' id='word_1_838' title='bbox 635 2887 710 2910; x_wconf 59' lang='lat' dir='ltr'><strong>\vlu,</strong></span> <span class='ocrx_word' id='word_1_839' title='bbox 726 2879 769 2905; x_wconf 68' lang='lat' dir='ltr'><strong>2i.</strong></span> 
     </span>
    </p>
   </div>
   <div class='ocr_carea' id='block_1_104' title="bbox 945 2342 1730 2377">
    <p class='ocr_par' dir='ltr' id='par_1_104' title="bbox 945 2342 1730 2377">
     <span class='ocr_line' id='line_1_104' title="bbox 945 2342 1730 2377; baseline 0 -7"><span class='ocrx_word' id='word_1_840' title='bbox 945 2343 1066 2375; x_wconf 86' lang='lat' dir='ltr'><strong>Christo,</strong></span> <span class='ocrx_word' id='word_1_841' title='bbox 1083 2342 1156 2377; x_wconf 85' lang='lat' dir='ltr'><strong>quod</strong></span> <span class='ocrx_word' id='word_1_842' title='bbox 1181 2346 1223 2369; x_wconf 82' lang='lat' dir='ltr'><strong>est</strong></span> <span class='ocrx_word' id='word_1_843' title='bbox 1239 2342 1355 2370; x_wconf 83' lang='lat' dir='ltr'><strong>Verbum</strong></span> <span class='ocrx_word' id='word_1_844' title='bbox 1383 2343 1442 2375; x_wconf 80' lang='lat' dir='ltr'><strong>Dei,</strong></span> <span class='ocrx_word' id='word_1_845' title='bbox 1454 2349 1481 2370; x_wconf 88' lang='lat' dir='ltr'><strong>et</strong></span> <span class='ocrx_word' id='word_1_846' title='bbox 1507 2343 1658 2370; x_wconf 82' lang='lat' dir='ltr'><strong>secundum</strong></span> <span class='ocrx_word' id='word_1_847' title='bbox 1677 2343 1730 2370; x_wconf 89' lang='lat' dir='ltr'><strong>hoc</strong></span> 
     </span>
    </p>
   </div>
   <div class='ocr_carea' id='block_1_105' title="bbox 942 2387 1730 2422">
    <p class='ocr_par' dir='ltr' id='par_1_105' title="bbox 942 2387 1730 2422">
     <span class='ocr_line' id='line_1_105' title="bbox 942 2387 1730 2422; baseline -0.001 -7"><span class='ocrx_word' id='word_1_848' title='bbox 942 2388 1012 2415; x_wconf 81' lang='lat' dir='ltr'><strong>nillil</strong></span> <span class='ocrx_word' id='word_1_849' title='bbox 1033 2387 1122 2422; x_wconf 84' lang='lat' dir='ltr'><strong>potuit</strong></span> <span class='ocrx_word' id='word_1_850' title='bbox 1139 2388 1263 2422; x_wconf 72' lang='lat' dir='ltr'><strong>ignorare</strong></span> <span class='ocrx_word' id='word_1_851' title='bbox 1278 2395 1285 2413; x_wconf 85' lang='lat'><strong>:</strong></span> <span class='ocrx_word' id='word_1_852' title='bbox 1299 2387 1470 2414; x_wconf 81' lang='lat' dir='ltr'><strong>Mahometus</strong></span> <span class='ocrx_word' id='word_1_853' title='bbox 1490 2393 1581 2415; x_wconf 80' lang='lat' dir='ltr'><strong>autem</strong></span> <span class='ocrx_word' id='word_1_854' title='bbox 1596 2388 1648 2415; x_wconf 80' lang='lat' dir='ltr'><strong>fuit</strong></span> <span class='ocrx_word' id='word_1_855' title='bbox 1662 2396 1713 2422; x_wconf 86' lang='lat' dir='ltr'><strong>pro</strong></span> <span class='ocrx_word' id='word_1_856' title='bbox 1724 2404 1730 2410; x_wconf 85' lang='lat'><strong><em>-</em></strong></span> 
     </span>
    </p>
   </div>
   <div class='ocr_carea' id='block_1_106' title="bbox 943 2433 1729 2470">
    <p class='ocr_par' dir='ltr' id='par_1_106' title="bbox 943 2433 1729 2470">
     <span class='ocr_line' id='line_1_106' title="bbox 943 2433 1729 2470; baseline -0.001 -8"><span class='ocrx_word' id='word_1_857' title='bbox 943 2434 1176 2470; x_wconf 74' lang='lat' dir='ltr'><strong>phetaineertus;</strong></span> <span class='ocrx_word' id='word_1_858' title='bbox 1203 2433 1271 2460; x_wconf 87' lang='lat' dir='ltr'><strong>dicit</strong></span> <span class='ocrx_word' id='word_1_859' title='bbox 1296 2434 1380 2463; x_wconf 84' lang='lat' dir='ltr'><strong>enim.</strong></span> <span class='ocrx_word' id='word_1_860' title='bbox 1395 2441 1424 2460; x_wconf 88' lang='lat' dir='ltr'><strong>se</strong></span> <span class='ocrx_word' id='word_1_861' title='bbox 1452 2435 1558 2461; x_wconf 85' lang='lat' dir='ltr'><strong>nescire</strong></span> <span class='ocrx_word' id='word_1_862' title='bbox 1573 2434 1686 2468; x_wconf 81' lang='lat' dir='ltr'><strong>quidde</strong></span> <span class='ocrx_word' id='word_1_863' title='bbox 1700 2443 1729 2461; x_wconf 77' lang='lat' dir='ltr'><strong>se</strong></span> 
     </span>
    </p>
   </div>
   <div class='ocr_carea' id='block_1_107' title="bbox 942 2479 1730 2515">
    <p class='ocr_par' dir='ltr' id='par_1_107' title="bbox 942 2479 1730 2515">
     <span class='ocr_line' id='line_1_107' title="bbox 942 2479 1730 2515; baseline -0.005 -7"><span class='ocrx_word' id='word_1_864' title='bbox 942 2481 990 2508; x_wconf 81' lang='lat' dir='ltr'><strong>ﬁet</strong></span> <span class='ocrx_word' id='word_1_865' title='bbox 1014 2488 1046 2507; x_wconf 82' lang='lat' dir='ltr'><strong>ac</strong></span> <span class='ocrx_word' id='word_1_866' title='bbox 1068 2479 1135 2507; x_wconf 90' lang='lat' dir='ltr'><strong>suis.</strong></span> <span class='ocrx_word' id='word_1_867' title='bbox 1151 2480 1222 2507; x_wconf 91' lang='lat' dir='ltr'><strong>Dicit</strong></span> <span class='ocrx_word' id='word_1_868' title='bbox 1249 2479 1331 2507; x_wconf 87' lang='lat' dir='ltr'><strong>etiam</strong></span> <span class='ocrx_word' id='word_1_869' title='bbox 1350 2480 1428 2514; x_wconf 88' lang='lat' dir='ltr'><strong>ipse:</strong></span> <span class='ocrx_word' id='word_1_870' title='bbox 1448 2481 1546 2507; x_wconf 76' lang='lat' dir='ltr'><strong>Nescio</strong></span> <span class='ocrx_word' id='word_1_871' title='bbox 1571 2486 1662 2508; x_wconf 89' lang='lat' dir='ltr'><strong>utrum</strong></span> <span class='ocrx_word' id='word_1_872' title='bbox 1678 2489 1730 2515; x_wconf 64' lang='grc' dir='ltr'><strong>ρει»</strong></span> 
     </span>
    </p>
   </div>
   <div class='ocr_carea' id='block_1_108' title="bbox 942 2525 1730 2553">
    <p class='ocr_par' dir='ltr' id='par_1_108' title="bbox 942 2525 1730 2553">
     <span class='ocr_line' id='line_1_108' title="bbox 942 2525 1730 2553; baseline -0.001 -1"><span class='ocrx_word' id='word_1_873' title='bbox 942 2531 989 2552; x_wconf 87' lang='lat' dir='ltr'><strong>aut</strong></span> <span class='ocrx_word' id='word_1_874' title='bbox 1021 2533 1070 2552; x_wconf 77' lang='lat' dir='ltr'><strong>vos</strong></span> <span class='ocrx_word' id='word_1_875' title='bbox 1096 2533 1190 2552; x_wconf 84' lang='lat' dir='ltr'><strong>sumus</strong></span> <span class='ocrx_word' id='word_1_876' title='bbox 1217 2525 1245 2552; x_wconf 93' lang='lat' dir='ltr'><strong>in</strong></span> <span class='ocrx_word' id='word_1_877' title='bbox 1279 2525 1455 2552; x_wconf 76' lang='lat' dir='ltr'><strong>rectitudine.</strong></span> <span class='ocrx_word' id='word_1_878' title='bbox 1482 2526 1559 2553; x_wconf 81' lang='lat' dir='ltr'><strong>Unde</strong></span> <span class='ocrx_word' id='word_1_879' title='bbox 1587 2531 1615 2553; x_wconf 88' lang='lat' dir='ltr'><strong>et</strong></span> <span class='ocrx_word' id='word_1_880' title='bbox 1642 2526 1730 2552; x_wconf 75' lang='lat' dir='ltr'><strong>fertur</strong></span> 
     </span>
    </p>
   </div>
   <div class='ocr_carea' id='block_1_109' title="bbox 945 2571 1729 2605">
    <p class='ocr_par' dir='ltr' id='par_1_109' title="bbox 945 2571 1729 2605">
     <span class='ocr_line' id='line_1_109' title="bbox 945 2571 1729 2605; baseline 0.001 -7"><span class='ocrx_word' id='word_1_881' title='bbox 945 2572 1048 2598; x_wconf 82' lang='lat' dir='ltr'><strong>dixisse</strong></span> <span class='ocrx_word' id='word_1_882' title='bbox 1062 2571 1096 2598; x_wconf 86' lang='lat' dir='ltr'><strong>de</strong></span> <span class='ocrx_word' id='word_1_883' title='bbox 1110 2575 1186 2605; x_wconf 78' lang='lat' dir='ltr'><strong>Patre</strong></span> <span class='ocrx_word' id='word_1_884' title='bbox 1200 2575 1228 2598; x_wconf 84' lang='lat' dir='ltr'><strong>et</strong></span> <span class='ocrx_word' id='word_1_885' title='bbox 1240 2574 1325 2597; x_wconf 86' lang='lat' dir='ltr'><strong>matre</strong></span> <span class='ocrx_word' id='word_1_886' title='bbox 1343 2578 1404 2602; x_wconf 78' lang='lat' dir='ltr'><strong>sua,</strong></span> <span class='ocrx_word' id='word_1_887' title='bbox 1422 2571 1528 2598; x_wconf 86' lang='lat' dir='ltr'><strong>Utinam</strong></span> <span class='ocrx_word' id='word_1_888' title='bbox 1542 2572 1640 2598; x_wconf 73' lang='lat' dir='ltr'><strong>scirem</strong></span> <span class='ocrx_word' id='word_1_889' title='bbox 1655 2572 1729 2605; x_wconf 86' lang='lat' dir='ltr'><strong>quod</strong></span> 
     </span>
    </p>
   </div>
   <div class='ocr_carea' id='block_1_110' title="bbox 946 2615 1730 2651">
    <p class='ocr_par' dir='ltr' id='par_1_110' title="bbox 946 2615 1730 2651">
     <span class='ocr_line' id='line_1_110' title="bbox 946 2615 1730 2651; baseline 0 -7"><span class='ocrx_word' id='word_1_890' title='bbox 946 2621 990 2644; x_wconf 84' lang='lat' dir='ltr'><strong>est</strong></span> <span class='ocrx_word' id='word_1_891' title='bbox 1009 2624 1078 2650; x_wconf 85' lang='lat' dir='ltr'><strong>opus</strong></span> <span class='ocrx_word' id='word_1_892' title='bbox 1104 2624 1210 2643; x_wconf 86' lang='lat' dir='ltr'><strong>eorum.</strong></span> <span class='ocrx_word' id='word_1_893' title='bbox 1230 2615 1295 2643; x_wconf 86' lang='lat' dir='ltr'><strong>Item</strong></span> <span class='ocrx_word' id='word_1_894' title='bbox 1316 2615 1410 2648; x_wconf 78' lang='lat' dir='ltr'><strong>fertur,</strong></span> <span class='ocrx_word' id='word_1_895' title='bbox 1424 2617 1497 2651; x_wconf 89' lang='lat' dir='ltr'><strong>quod</strong></span> <span class='ocrx_word' id='word_1_896' title='bbox 1513 2617 1569 2651; x_wconf 88' lang='lat' dir='ltr'><strong>ipse</strong></span> <span class='ocrx_word' id='word_1_897' title='bbox 1595 2617 1646 2643; x_wconf 79' lang='lat' dir='ltr'><strong>fuit</strong></span> <span class='ocrx_word' id='word_1_898' title='bbox 1663 2625 1730 2650; x_wconf 64' lang='lat' dir='ltr'><strong>pine-</strong></span> 
     </span>
    </p>
   </div>
   <div class='ocr_carea' id='block_1_111' title="bbox 945 2652 1730 2696">
    <p class='ocr_par' dir='ltr' id='par_1_111' title="bbox 945 2652 1730 2696">
     <span class='ocr_line' id='line_1_111' title="bbox 945 2652 1730 2696; baseline -0.004 -8"><span class='ocrx_word' id='word_1_899' title='bbox 945 2652 1071 2696; x_wconf 82' lang='lat' dir='ltr'><strong>stigiatus</strong></span> <span class='ocrx_word' id='word_1_900' title='bbox 1083 2668 1098 2687; x_wconf 84' lang='lat' dir='ltr'><strong>a</strong></span> <span class='ocrx_word' id='word_1_901' title='bbox 1113 2660 1225 2692; x_wconf 66' lang='lat' dir='ltr'><strong>Judieis,</strong></span> <span class='ocrx_word' id='word_1_902' title='bbox 1237 2660 1342 2687; x_wconf 82' lang='lat' dir='ltr'><strong>acubus</strong></span> <span class='ocrx_word' id='word_1_903' title='bbox 1357 2659 1392 2687; x_wconf 92' lang='lat' dir='ltr'><strong>ab</strong></span> <span class='ocrx_word' id='word_1_904' title='bbox 1414 2660 1551 2694; x_wconf 80' lang='lat' dir='ltr'><strong>aliquibus</strong></span> <span class='ocrx_word' id='word_1_905' title='bbox 1567 2660 1730 2686; x_wconf 82' lang='lat' dir='ltr'><strong>mulieribus</strong></span> 
     </span>
    </p>
   </div>
   <div class='ocr_carea' id='block_1_112' title="bbox 947 2705 1729 2740">
    <p class='ocr_par' dir='ltr' id='par_1_112' title="bbox 947 2705 1729 2740">
     <span class='ocr_line' id='line_1_112' title="bbox 947 2705 1729 2740; baseline -0.003 -7"><span class='ocrx_word' id='word_1_906' title='bbox 947 2707 975 2733; x_wconf 87' lang='lat' dir='ltr'><strong>in</strong></span> <span class='ocrx_word' id='word_1_907' title='bbox 998 2706 1102 2733; x_wconf 83' lang='lat' dir='ltr'><strong>vultum</strong></span> <span class='ocrx_word' id='word_1_908' title='bbox 1123 2713 1238 2733; x_wconf 66' lang='lat' dir='ltr'><strong>cxreum</strong></span> <span class='ocrx_word' id='word_1_909' title='bbox 1257 2706 1388 2732; x_wconf 81' lang='lat' dir='ltr'><strong>immissis</strong></span> <span class='ocrx_word' id='word_1_910' title='bbox 1415 2710 1444 2732; x_wconf 81' lang='lat' dir='ltr'><strong>et</strong></span> <span class='ocrx_word' id='word_1_911' title='bbox 1474 2705 1602 2740; x_wconf 83' lang='lat' dir='ltr'><strong>projectis</strong></span> <span class='ocrx_word' id='word_1_912' title='bbox 1624 2705 1651 2732; x_wconf 90' lang='lat' dir='ltr'><strong>in</strong></span> <span class='ocrx_word' id='word_1_913' title='bbox 1679 2713 1729 2739; x_wconf 84' lang='lat' dir='ltr'><strong>pn-</strong></span> 
     </span>
    </p>
   </div>
   <div class='ocr_carea' id='block_1_113' title="bbox 947 2750 1731 2786">
    <p class='ocr_par' dir='ltr' id='par_1_113' title="bbox 947 2750 1731 2786">
     <span class='ocr_line' id='line_1_113' title="bbox 947 2750 1731 2786; baseline -0.003 -8"><span class='ocrx_word' id='word_1_914' title='bbox 947 2756 1030 2779; x_wconf 88' lang='lat' dir='ltr'><strong>tcum.</strong></span> <span class='ocrx_word' id='word_1_915' title='bbox 1046 2751 1240 2786; x_wconf 73' lang='lat' dir='ltr'><strong>Ailirmantqnc</strong></span> <span class='ocrx_word' id='word_1_916' title='bbox 1267 2751 1462 2782; x_wconf 79' lang='lat' dir='ltr'><strong>communiter,</strong></span> <span class='ocrx_word' id='word_1_917' title='bbox 1486 2751 1574 2784; x_wconf 85' lang='lat' dir='ltr'><strong>ipsum</strong></span> <span class='ocrx_word' id='word_1_918' title='bbox 1593 2750 1731 2778; x_wconf 77' lang='lat' dir='ltr'><strong>Mahome-</strong></span> 
     </span>
    </p>
   </div>
   <div class='ocr_carea' id='block_1_114' title="bbox 951 2797 1730 2834">
    <p class='ocr_par' dir='ltr' id='par_1_114' title="bbox 951 2797 1730 2834">
     <span class='ocr_line' id='line_1_114' title="bbox 951 2797 1730 2834; baseline 0 -8"><span class='ocrx_word' id='word_1_919' title='bbox 951 2798 1009 2826; x_wconf 82' lang='lat' dir='ltr'><strong>tum</strong></span> <span class='ocrx_word' id='word_1_920' title='bbox 1027 2807 1132 2827; x_wconf 73' lang='lat' dir='ltr'><strong>veneno</strong></span> <span class='ocrx_word' id='word_1_921' title='bbox 1155 2799 1237 2826; x_wconf 87' lang='lat' dir='ltr'><strong>vitam</strong></span> <span class='ocrx_word' id='word_1_922' title='bbox 1264 2797 1394 2830; x_wconf 77' lang='lat' dir='ltr'><strong>tinivisse,</strong></span> <span class='ocrx_word' id='word_1_923' title='bbox 1408 2799 1479 2832; x_wconf 80' lang='lat' dir='ltr'><strong>quod</strong></span> <span class='ocrx_word' id='word_1_924' title='bbox 1499 2799 1654 2834; x_wconf 83' lang='lat' dir='ltr'><strong>assumpsit,</strong></span> <span class='ocrx_word' id='word_1_925' title='bbox 1667 2806 1730 2832; x_wconf 69' lang='lat' dir='ltr'><strong>cum</strong></span> 
     </span>
    </p>
   </div>
   <div class='ocr_carea' id='block_1_115' title="bbox 812 2878 1043 2910">
    <p class='ocr_par' dir='ltr' id='par_1_115' title="bbox 812 2878 1043 2910">
     <span class='ocr_line' id='line_1_115' title="bbox 812 2878 1043 2910; baseline 0.004 -6"><span class='ocrx_word' id='word_1_926' title='bbox 812 2879 832 2894; x_wconf 61' lang='grc'><strong>³³</strong></span> <span class='ocrx_word' id='word_1_927' title='bbox 849 2878 927 2905; x_wconf 85' lang='lat' dir='ltr'><strong>Joau.</strong></span> <span class='ocrx_word' id='word_1_928' title='bbox 947 2886 1002 2910; x_wconf 78' lang='lat' dir='ltr'><strong>xtv,</strong></span> <span class='ocrx_word' id='word_1_929' title='bbox 1021 2879 1043 2905; x_wconf 80' lang='grc' dir='ltr'>ί.</span> 
     </span>
    </p>
   </div>
  </div>
