1942 3090
221 139 290 172 1139

844 147 1032 180 DEMETRII
1052 149 1207 181 CYDONII

1775 156 1836 190 1143

219 209 284 237 huic
300 210 393 238 Iudaea
421 211 545 245 quaedam
563 219 660 240 venam
689 214 831 242 sceuisset.
848 215 925 248 ltcm,
949 216 1004 251 ipse

1059 215 1108 238 τις.
1129 207 1189 234 Ἕτι
1200 207 1280 239 αὑτὲς
1293 209 1342 242 μὲν
1357 210 1369 235 o'
1389 210 1504 243 Χριστῑς
1516 211 1546 238 ὲκ
1560 212 1606 241 τοῦ
1626 213 1750 249 Ἀϐραὰμ
1765 218 1838 250 imi;

219 256 330 290 quidem
347 256 475 285 Christus
490 258 525 285 ab
541 259 677 287 Abraham
696 260 848 295 descendit
869 267 896 289 et
918 263 1003 294 Isaae,

218 303 262 329 cui
279 303 348 330 facta
375 308 416 330 est
431 305 577 339 promissio
593 306 627 333 de
645 306 836 335 benedictione
865 312 892 335 et
908 316 1006 335 conse-

219 349 326 384 quenda
355 350 524 377 hatreditate.
551 351 722 380 Malmmetus
746 357 836 380 autent
865 353 1006 381 descendit

219 403 268 430 per
283 395 393 428 lsmacl,
410 397 443 423 ad
460 404 541 432 quem
559 405 613 424 non
641 399 764 433 pervenit
780 399 941 432 promissio;
958 400 1006 427 scd

218 442 252 469 de
272 449 305 469 eo
321 443 453 476 scriptum
477 447 530 476 est,
541 444 614 478 quod
633 453 642 469 ‹
663 444 722 471 Erit
739 444 846 472 ferreus
862 445 954 476 homo,
976 451 1002 473 et

221 496 318 516 manus
343 489 402 524 ejus
428 494 523 517 contra
547 497 652 523 omnes,
674 500 683 516 ι
709 496 736 518 et
761 491 865 526 reliqua
892 492 924 519 ".
940 493 1004 519 item

219 534 345 562 Christus
373 535 479 562 nullum
520 543 639 570 unquam
678 541 819 570 peceatum
857 538 1005 565 commisit.

221 580 340 615 Spiritus
355 580 426 608 enim
452 581 500 608 Dei
516 585 544 609 et
564 581 683 609 Verbum
702 583 750 610 Dei
766 591 818 610 non
834 584 923 618 potuit
943 592 1006 619 pee-

218 634 292 654 care.
306 626 477 654 Mahometus
494 631 585 654 autem
609 627 751 655 idololatra
774 629 826 656 luit
848 635 876 657 et
893 631 1004 657 homici-

219 673 264 705 da,
290 673 408 700 lascivus
433 677 462 701 et
493 680 589 708 rapax,
618 674 767 709 multiSque
793 675 854 702 aliis
886 676 1006 710 peccatis

210 718 367 750 ,ohnoxius,
395 718 422 745 in
439 718 539 753 quibus
562 719 644 751 Deus,
660 723 690 746 ut
707 719 811 752 dicunt,
825 720 850 748 ei
873 722 1003 756 pepercit.

219 763 286 790 Item
315 763 443 792 Christus
460 764 594 799 stupenda
621 765 686 793 fecit
713 765 843 793 miracula
872 773 900 794 et
917 767 1004 795 utilia.

220 809 298 837 Sicut
321 810 396 839 enim
425 809 527 838 dicitur
542 811 569 838 in
596 812 716 846 capitulo
744 812 878 846 Elmaida,
895 813 921 840 in
941 813 1004 845 line,

220 855 347 883 Christus
367 863 453 883 uncos
475 856 652 889 illuminavit,
667 857 789 892 leprosos
812 859 964 891 mundavit,
978 864 1006 887 et

219 904 342 928 mortuos
355 901 498 928 suscitavit
515 901 706 929 :Mahometus
724 907 815 930 autem
833 903 938 931 nullum
956 905 1007 932 mi-

221 945 343 972 raculum
359 945 434 979 fecit,
445 945 597 973 secundum
619 946 795 975 Alcoranum.
809 948 843 975 Et
857 956 917 983 qua:
930 950 962 977 de
974 958 1006 977 eo

219 990 358 1022 dicuntur,
378 991 418 1018 vel
439 991 673 1025 inconvenientia.
687 993 730 1021 vel
744 994 923 1029 impossibilia
943 1001 1007 1024 sunt

218 1040 247 1062 et
269 1035 383 1068 absona,
398 1037 470 1064 sicut
501 1037 596 1065 lunam
625 1038 741 1066 divisam
761 1040 948 1076 reintegrare,
965 1042 1006 1069 vrl

219 1082 340 1115 inutilia,
354 1082 427 1110 sicut
443 1083 577 1111 camelum
598 1085 689 1120 loqui.
706 1085 749 1113 vel
761 1087 874 1114 omnino
889 1088 1005 1115 occulta.

219 1127 302 1155 Muita
318 1128 391 1156 enim
416 1128 485 1157 dixit
499 1130 619 1164 seipsum
634 1131 661 1158 in
679 1132 787 1160 occulto
800 1137 828 1160 et
842 1137 922 1160 nocte
937 1133 1008 1161 facc-

219 1181 259 1205 re,
277 1181 338 1208 qua:
367 1174 395 1202 in
417 1175 462 1202 die
491 1176 651 1211 requisitus,
665 1178 811 1205 ostendere
835 1186 888 1205 non
905 1180 1006 1214 potuit.

219 1219 298 1246 Unde
318 1220 343 1246 ei
372 1219 501 1247 dixerunt
516 1229 523 1248 :
549 1221 622 1249 Dicis
639 1227 666 1250 te
690 1222 843 1250 ascendere
861 1223 888 1250 in
906 1224 1005 1251 coelum

218 1265 250 1292 ad
271 1265 356 1292 Deum
369 1266 591 1298 nocte,ascende
615 1267 649 1295 de
674 1268 925 1300 die,utvidcamus
946 1278 1005 1302 nos,

217 1314 245 1336 et
262 1309 416 1337 credemus.
432 1310 558 1338 Christus
573 1316 665 1339 autem
689 1313 806 1340 maxima
820 1319 848 1341 et
863 1315 1005 1349 magnilica

218 1354 350 1381 miracula
366 1354 527 1383 faciebatde
537 1356 591 1389 die,
606 1360 634 1384 et
650 1357 677 1384 in
698 1357 853 1390 manifesto,
869 1363 897 1386 et
912 1367 1003 1386 coram

218 1399 312 1427 multis
334 1400 450 1428 testibus
468 1402 630 1430 videntibus
645 1412 653 1430 :
667 1410 753 1438 quare
784 1404 928 1433 manifesta
941 1411 1006 1433 sunt

217 1454 300 1481 opera
326 1447 409 1474 illius.
432 1447 567 1475 Prteterea
599 1448 727 1477 Christus
748 1450 861 1484 quidem
879 1451 1006 1486 magister

218 1491 270 1519 fuit
285 1493 432 1523 exevliens.
450 1493 522 1521 sicut
544 1494 646 1522 dicitur
670 1495 697 1522 in
713 1495 859 1523 Alcorano.
871 1496 904 1525 Et
919 1498 946 1525 in
961 1506 1007 1525 ca-

216 1538 304 1573 pitulo
323 1539 456 1572 Elmeide,
467 1540 544 1574 quasi
570 1548 604 1568 ex
628 1548 744 1575 persona
758 1541 806 1569 Dei
821 1551 828 1569 :
846 1542 868 1570 Ο
882 1542 1005 1576 Christe,
1021 1551 1041 1580 ο

217 1584 360 1611 considera
390 1592 471 1619 quem
499 1585 562 1612 dedi
590 1585 638 1613 tibi
657 1585 791 1620 Spiritum
816 1593 952 1625 sanetum,
977 1594 1006 1616 ut

217 1629 349 1663 loquaris.
371 1629 451 1658 Item.
478 1631 504 1657 in
528 1631 674 1659 cunabulis
699 1632 780 1660 docui
805 1637 830 1660 te
856 1634 967 1667 librum,
981 1639 1008 1661 et

217 1675 390 1709 sapientiam,
405 1682 432 1703 et
445 1677 533 1711 legem
558 1677 654 1713 Moysi,
668 1683 696 1705 et
710 1679 897 1714 Evangelium.
915 1680 1008 1707 Mallo-

217 1725 308 1748 metus
333 1726 423 1748 autem
448 1721 545 1749 doctor
563 1723 614 1750 fuit
627 1723 748 1758 ignarus,
764 1729 793 1752 et
812 1725 894 1752 homo
910 1725 1006 1757 idiota,

218 1768 346 1794 nescieus
367 1768 448 1794 aliam
463 1768 582 1803 linguam
600 1769 654 1796 nisi
676 1776 764 1800 suam,
781 1770 909 1804 ignorans
923 1770 1005 1798 etiam

217 1813 472 1848 interpretationem
506 1815 571 1850 legis
602 1822 668 1842 sure.
695 1815 765 1842 Dicit
799 1816 891 1848 enim,
918 1817 1006 1844 solum

217 1859 302 1886 Deum
321 1859 393 1886 scire
412 1860 540 1886 Alcorani
560 1859 769 1894 expositionem.
784 1861 850 1888 Item
867 1861 1003 1894 Christus,

217 1905 370 1932 secundum
394 1905 582 1940 Evangelium,
598 1906 745 1933 cruciﬁxus
765 1912 816 1940 est,
830 1913 857 1935 et
871 1914 1006 1941 mortuus,

216 1956 245 1978 ct
263 1950 413 1978 resurrexit
423 1958 496 1982 vere,
507 1957 534 1977 et
549 1951 673 1978 ascendit
689 1951 715 1978 in
732 1952 826 1985 caelos,
839 1957 866 1979 et
881 1953 957 1980 sedet
972 1953 1006 1981 ad

217 1997 356 2024 dexteram
381 1996 438 2023 Dei.
465 1997 631 2024 Alcoranum
651 2002 743 2024 autem
767 1997 845 2030 dicit,
862 1999 934 2033 quod
950 2007 1006 2027 non

218 2048 261 2070 est
279 2048 416 2074 mortuus,
439 2042 487 2070 sed
510 2044 658 2078 assumpsit
675 2051 738 2070 eum
762 2044 845 2071 Deus.
871 2044 962 2078 Quare
978 2050 1006 2073 et

216 2088 368 2116 secundum
383 2088 574 2122 Evangelium,
597 2093 625 2116 et
647 2089 802 2117 secundum
826 2091 1004 2123 Alcoranum,

216 2138 244 2161 et
261 2134 287 2160 in
303 2142 412 2162 onmem
436 2139 566 2162 eventum
584 2135 712 2163 Christus
736 2135 815 2163 vivit.
836 2136 1006 2165 Mahomctus

215 2185 307 2214 autem
335 2181 448 2208 omnino
475 2186 601 2208 mortuus
614 2186 665 2209 est.
683 2182 737 2209 Sed
752 2183 849 2210 melior
865 2188 907 2210 est
926 2183 1005 2218 adju-

1061 261 1125 286 γετο
1138 253 1181 280 διὰ
1192 253 1238 280 τοῦ
1263 254 1365 287 Ἰσαὰκ,
1379 253 1401 290 ᾧ
1415 257 1560 291 γεγόνασιν
1574 260 1601 285 at
1612 259 1773 294 ἐπαγγελίαι
1784 263 1839 297 περὶ

1061 299 1108 333 τῆς
1131 300 1257 334 εὐλογίας
1274 301 1322 328 καὶ
1336 302 1384 336 τῆς
1407 302 1544 340 ἑψομένης
1560 305 1742 341 κληρονομίας
1753 316 1760 323 ·
1787 309 1800 334 6
1816 310 1839 335 δὲ

1061 345 1209 381 Malo-Just
1224 347 1359 382 κατήγετο
1371 347 1415 374 διΞι
1431 348 1477 375 τοῦ
1499 350 1624 386 Ίσμαὴλ,
1641 347 1664 385 ᾧ
1677 353 1728 378 οὐκ
1750 353 1840 388 ἀνῆκεν

1060 393 1077 428 ἡ
1097 393 1249 427 ἐπαγγελία
1262 401 1268 409 ·
1286 393 1354 421 ἀλλὰ
1373 395 1438 430 περὶ
1452 396 1557 423 ἐκείνου
1572 398 1731 433 γέγραπται
1753 401 1840 434 μόνον,

1065 447 1074 464 t
1096 439 1193 466 Ἐσται
1210 439 1336 475 σιδηροῦς
1362 441 1517 476 ἅνθρωπος,
1535 445 1582 470 καὶ
1606 445 1635 471 al.
1661 447 1753 481 χεῖρες
1766 446 1840 472 αὖτοῦ

1060 484 1106 510 ἐπὶ
1121 484 1233 516 πάντας,
1253 493 1262 511 ›
1276 486 1323 511 καὶ
1339 485 1372 512 τὰ
1383 486 1474 514 λοιπά.
1491 488 1551 514 Ἔτι
1567 490 1580 515 6
1591 490 1641 523 μὲν
1653 491 1771 525 Χριστὲς
1781 492 1841 518 οὑδὲι

1061 537 1125 556 ποτε
1149 529 1276 563 οὐδεμίαν
1295 531 1422 567 ἐποίησεν
1436 533 1574 568 ἁμαρτίαν
1587 543 1593 549 ”
1616 536 1646 562 τὺ
1666 536 1721 572 γὰρ
1741 537 1842 571 Πνεῦμα

1059 574 1108 601 τοῦ
1124 575 1204 607 θεοῦ,
1220 577 1269 602 καὶ
1283 576 1297 602 ὁ
1311 577 1398 611 Λόγος
1414 579 1461 604 τοῦ
1479 579 1557 611 Θεοῦ,
1575 580 1604 606 οὐ
1620 581 1734 608 δύναται
1748 583 1829 618 πὶανη

1060 619 1140 654 ϐῆναι
1151 627 1157 635 ”
1173 621 1186 646 6
1197 620 1225 647 δὲ
1242 620 1393 656 Μαχούμετ
1406 623 1604 659 εἰδωλολάτρης
1618 625 1727 659 γέγονε,
1742 627 1788 652 καὶ
1801 635 1838 659 φο-

1059 669 1131 698 νεὺς,
1158 666 1276 701 ἀσελγής
1297 676 1327 694 τε
1348 667 1398 695 καὶ
1425 669 1528 706 ἅρπαξ,
1553 671 1601 696 κα)⁵
1626 671 1737 702 πολλοῖς
1762 672 1840 702 ἄλλοι,

1060 712 1256 748 ἁμαρτήμασιν
1272 713 1374 749 ἔνοχος,
1387 713 1481 750 ὲφόἷς
1497 717 1511 742 6
1521 716 1587 748 Θεὸς
1605 716 1653 752 (ὥς
1667 719 1764 753 φασιν)
1780 718 1844 752 αὐτῷ

1061 757 1191 792 συνέγνω.
1213 759 1272 785 Ἔτι
1288 761 1302 786 ὁ
1319 760 1368 795 μὲν
1382 761 1498 795 Χριστὸς
1515 763 1617 797 φρικτὰ
1635 764 1771 798 πεποίηκε
1788 764 1844 791 Θαύ-

1061 811 1133 837 ματα
1151 804 1199 831 καὶ
1220 807 1346 840 χρήσιμα
1357 815 1363 821 ·
1375 807 1413 838 ὡς
1423 807 1477 842 γὰρ
1489 807 1597 841 λέγεται
1613 809 1661 835 καὶ
1673 809 1702 835 ἐν
1713 809 1756 844 τῷ
1766 819 1846 843 κεφα-

1059 848 1126 884 λαίῳ
1143 849 1180 884 τῷ
1202 850 1323 885 Ἐλμοῖδὲ
1340 851 1407 886 πρὸς
1423 852 1462 886 τῷ
1475 853 1558 884 τέλει,
1575 855 1588 880 ὁ
1604 854 1722 889 Χριστὸς
1737 855 1845 888 τυῴοὺς

1059 895 1174 929 ἐφώτισε
1206 896 1323 932 λεπροὺς
1341 898 1502 934 ἐκαθάρισε,
1535 900 1582 926 καὶ
1603 901 1719 934 νεκροὺς
1735 901 1846 934 ἀνέστη-

1060 947 1122 965 σεν·
1145 942 1158 966 ὁ
1182 940 1210 967 δὲ
1231 941 1351 976 Μωάμεθ
1376 942 1511 978 πεποίηκε
1534 943 1627 978 θαῦμα
1646 944 1725 970 οὐδὲν
1742 945 1813 971 κατὰ
1823 945 1848 970 τὸ

1065 984 1226 1020 ’Λλκορὰνον
1237 995 1244 1002 ο
1254 987 1301 1014 καὶ
1312 987 1391 1015 ἅτινα
1404 989 1468 1023 περὶ
1479 989 1561 1016 αὺτοῦ
1573 990 1705 1023 λέγοιντο,
1722 991 1740 1026 ἦ
1754 991 1847 1021 ἄτοπα,

1058 1028 1206 1062 ἢὰδύνατά
1231 1030 1282 1056 εἰσι
1306 1031 1353 1057 καὶ
1383 1033 1488 1068 ὰπηχῆ,
1505 1033 1601 1068 ὥσπερ
1616 1034 1646 1060 τὺ
1663 1035 1713 1067 τὴν
1739 1035 1849 1070 σελήνην

1057 1073 1241 1108 διαιρεθεῖσαν
1254 1076 1451 1103 ἐπισκευάσαι·
1468 1077 1483 1112 ἢ
1498 1077 1633 1114 ἄχρηστα,
1649 1078 1748 1114 ὥσπερ
1763 1080 1792 1106 τὸ
1805 1080 1849 1114 τὴν

1059 1118 1183 1154 κάμηλον
1209 1120 1401 1154 φθέγξασθαμ
1428 1123 1444 1157 ἢ
1470 1125 1629 1151 παντάπασι
1652 1126 1848 1161 κεκρυμμένα’

1059 1165 1145 1192 πολλὰ
1153 1166 1207 1201 γὰρ
1216 1166 1310 1201 ἔλεγεν
1320 1168 1416 1194 ἑαυτὸν
1427 1170 1513 1195 ποιεῖν
1523 1171 1551 1196 ὲν
1563 1171 1678 1206 κρυπτῷ
1687 1171 1739 1198 καὶ
1747 1173 1848 1202 νυκτὸς,

1058 1211 1077 1238 ἃ
1098 1212 1148 1248 τῆς
1166 1212 1272 1248 ἡμέρας
1299 1214 1501 1249 ἀπαιτούμενος
1523 1216 1660 1244 δεικνύναι
1693 1218 1747 1244 οὐκ
1771 1216 1849 1254 εἶχεν,

1060 1257 1142 1285 Ὀοεν
1159 1258 1234 1294 αὐτῷ
1254 1259 1359 1293 ἔλεγον,
1373 1260 1426 1294 Φὴς
1441 1261 1604 1297 ἀνέρχεσθαι
1621 1264 1661 1294 εἰς
1675 1264 1724 1290 τὸν
1741 1264 1850 1299 οὐρανὸν

1059 1304 1156 1336 νυκτὸς
1169 1305 1237 1340 πρὸς
1252 1305 1297 1332 τὸν
1308 1305 1375 1333 Θεόν
1389 1314 1395 1322 ·
1411 1307 1528 1342 ἀνάὁηθι
1543 1309 1590 1334 καὶ
1602 1309 1710 1344 ἡμέρας
1727 1311 1849 1345 ὁρώντων

1058 1350 1150 1384 ἡμῶν,
1166 1350 1212 1377 καὶ
1226 1351 1419 1387 πιστεύσομεν.
1441 1352 1472 1380 '0
1486 1353 1515 1380 δὲ
1530 1349 1648 1389 Χριέτὸς
1667 1356 1790 1390 μέγιστα
1806 1357 1849 1382 καὶ

1061 1396 1258 1432 μεγαλοπρεπῆ
1275 1397 1404 1433 Θαύματα
1422 1399 1509 1426 ἐποίει
1524 1401 1630 1436 ἡμέρας
1642 1403 1691 1428 καὶ
1705 1404 1738 1429 ὲν
1753 1404 1792 1438 τῷ
1805 1412 1849 1437 φα-

1059 1442 1141 1477 νερῷ,
1159 1445 1205 1470 καὶ
1237 1444 1342 1471 πολλῶν
1360 1446 1485 1479 ὁρώντων
1509 1447 1633 1480 ἐνώπιον,
1651 1448 1725 1476 ὥστε
1750 1450 1851 1484 φανερᾶ

1059 1488 1130 1518 εἶναι
1152 1491 1186 1518 τὰ
1201 1491 1268 1527 ἔργα
1284 1493 1400 1522 ἐκείνου.
1423 1494 1502 1521 Μετὰ
1516 1495 1602 1522 ταῦτα
1626 1496 1641 1525 6
1661 1496 1713 1531 μὲν
1737 1498 1850 1532 Χριστὸς

1059 1537 1217 1570 διδάσκαλος
1235 1539 1346 1574 γέγονεν
1377 1540 1478 1576 ἔξοχος.
1497 1541 1542 1578 Ὦς
1560 1542 1615 1577 γὰρ
1631 1542 1744 1577 λέγεται
1768 1545 1796 1570 ὲν
1817 1543 1851 1578 τῷ

1065 1582 1231 1620 Ἀλκοράνῳ,
1250 1585 1279 1612 ἐν
1294 1585 1333 1621 τῷ
1345 1587 1489 1621 ,κεφαλαίῳ
1557 1588 1692 1622 Ἐλμεῖδὲ,
1708 1589 1809 1624 ὥσπερ
1823 1577 1851 1615 ὲκ

1058 1630 1207 1663 προσώπου
1225 1630 1271 1657 τοῦ
1287 1630 1355 1658 Θεοῦ
1366 1638 1373 1646 '
1385 1629 1420 1658 Ὦ
1434 1632 1546 1666 Χριστὲ,
1559 1633 1723 1668 ἁναλόγισαι
1737 1635 1798 1666 πῶς
1815 1643 1852 1661 σοι

1058 1672 1164 1698 δέδωκα
1182 1673 1293 1708 Πνεῦμα
1315 1675 1403 1708 ἆγιον,
1429 1674 1499 1702 ὥστε
1515 1676 1692 1710 διαλέγεσθαι
1710 1678 1753 1704 ἐτι
1772 1679 1801 1704 ὲν
1820 1680 1851 1712 τῇ

1059 1718 1177 1754 βρεφικῇ
1202 1719 1282 1754 κλίνῃ
1298 1720 1435 1755 κείμενον,
1460 1721 1507 1747 καὶ
1524 1721 1632 1754 ἐδίδαξὰ
1648 1731 1679 1749 σε
1696 1723 1794 1758 βίϐλον
1809 1726 1853 1750 καὶ

1059 1764 1167 1798 σοφίαν,
1183 1765 1229 1791 τὸν
1246 1766 1369 1798 Μωσέως
1383 1767 1464 1801 νόμον
1481 1767 1527 1794 καὶ
1545 1767 1575 1794 τὸ
1590 1768 1764 1803 Εὐαγγέλιον
1778 1779 1784 1784 ·
1803 1771 1816 1797 6
1828 1770 1852 1796 δὲ

1058 1811 1181 1846 Μωάμεθ
1199 1812 1359 1844 διδάσκαλος
1372 1811 1407 1848 ἦν
1422 1813 1539 1848 ἀγνοῶν,
1564 1814 1712 1850 ἄνθρωπος
1731 1816 1852 1850 ἰδιώτης,

1057 1855 1119 1881 οὐδὲ
1137 1855 1202 1890 μίαν
1222 1855 1300 1888 είδὼς
1316 1857 1445 1891 γλῶσσαν
1461 1857 1531 1892 πλὴν
1547 1857 1596 1893 τῆς
1618 1859 1731 1891 ἑαυτοῦ,
1748 1860 1852 1894 ἀγνοῶν

1058 1900 1106 1927 καὶ
1119 1901 1170 1937 τὴν
1185 1902 1337 1937 ἑρμηνείαν
1353 1903 1401 1929 τοῦ
1416 1903 1515 1930 ἑαυτοῦ
1532 1904 1627 1939 νόμου.
1642 1905 1714 1940 Φησὶ
1733 1907 1790 1942 γὰρ
1808 1907 1853 1940 μέ-

1057 1956 1102 1973 νον
1124 1947 1168 1974 τὸν
1190 1948 1256 1974 Θεὸν
1271 1948 1370 1976 εἰδέναι
1386 1949 1435 1984 τὴν
1456 1949 1504 1976 τοῦ
1525 1950 1690 1986 Ἀλκοράνου
1706 1951 1851 1987 ἐξήγησιν.

1059 1993 1120 2020 Ἕτι
1135 1994 1149 2020 6
1161 1993 1210 2028 μὲν
1222 1993 1340 2029 Χριστος
1356 1995 1465 2022 κατὰτὸ
1481 1996 1648 2030 Εὐαγγὲλιον
1661 1998 1849 2033 ἐσταύρωται,

1057 2039 1105 2066 καὶ
1128 2039 1256 2073 τέθνηκε,
1280 2041 1327 2066 καὶ
1342 2041 1491 2076 ἐγήγερται
1508 2042 1628 2077 ἀληθῶς,
1646 2044 1749 2078 ἀνῆλθε
1766 2054 1798 2071 τε
1813 2046 1852 2076 εἰς

1057 2085 1119 2116 τοὺς
1129 2086 1272 2120 οὐρανοὺς,
1286 2087 1333 2114 καὶ
1350 2088 1469 2122 κάθηται
1481 2089 1510 2114 ἐν
1521 2089 1597 2125 δεξιᾷ
1611 2089 1658 2116 τοῦ
1673 2091 1744 2118 Θεοῦ
1757 2100 1764 2106 ·
1780 2093 1811 2118 τὸ
1825 2092 1851 2118 δὲ

1063 2130 1226 2165 Ἀλκοράνον
1249 2133 1343 2166 φησὶν,
1362 2132 1404 2158 ὅτι
1426 2133 1456 2159 οὐ
1476 2133 1618 2169 τέθνηκεν.
1642 2135 1702 2162 ἀλλ’
1715 2137 1850 2163 ἁνέλαόεν

1057 2176 1139 2203 diti»;
1151 2177 1164 2201 6
1180 2177 1256 2208 Θεός.
1271 2178 1353 2203 Ὥστε
1367 2178 1437 2205 κατά
1448 2179 1477 2205 τὸ
1491 2179 1661 2214 Εὖαγγέλιον
1674 2184 1722 2208 καὶ
1736 2184 1809 2209 κατὰ
1822 2183 1850 2209 τὸ

218 2230 260 2252 ιοι·
289 2225 377 2257 vivus,
391 2233 473 2260 quam
503 2231 639 2253 mortuus.
653 2226 755 2254 Omitto
770 2227 838 2254 alias
852 2229 1002 2255 secundum

1063 2221 1225 2256 Ἀλκοράνον
1241 2222 1288 2248 καὶ
1306 2223 1377 2250 κατὰ
1395 2225 1487 2250 πᾶσαν
1502 2225 1616 2252 ἔκὸαοιν
1636 2227 1651 2252 ὁ
1669 2228 1790 2261 Χριστὸς
1807 2230 1849 2263 ζῆ,
1868 2248 1872 2252 .

215 2271 357 2305 quodlibet
369 2271 558 2304 exeellcntias,
573 2280 640 2307 quas
655 2273 688 2299 de
702 2273 813 2300 Christo
828 2273 1005 2308 Evangeliinn

215 2317 317 2351 posuit.
331 2317 428 2344 Mirum
447 2318 540 2352 igitur,
557 2326 642 2353 quare
671 2318 803 2346 Saraceni
817 2327 870 2346 non
883 2327 1004 2353 sequun-

216 2367 261 2389 tur
276 2362 370 2396 potius
389 2363 529 2390 Christum
558 2371 641 2398 quam
666 2364 861 2396 Mahotnctuin,
877 2370 903 2392 et
916 2366 1005 2392 Evan-

215 2407 321 2442 gelium
331 2409 422 2442 potius
442 2417 524 2442 quant
543 2409 719 2441 Alcoranum,
733 2417 795 2437 cum
818 2411 896 2438 valde
916 2412 1004 2443 credi-

216 2453 271 2480 bile
288 2453 333 2486 sit,
348 2461 395 2488 per
407 2455 548 2482 meliorem
565 2456 747 2490 legislaturem
761 2457 901 2484 meliorem
913 2458 1000 2492 legem

215 2498 308 2525 datam
321 2506 391 2529 esse.
404 2504 431 2526 ct
446 2499 544 2527 melius
561 2507 576 2526 a
593 2501 648 2528 Deo
665 2507 854 2528 conservatam
876 2510 999 2530 vcracem

215 2550 244 2572 et
270 2545 468 2579 incorruptam,
485 2546 556 2572 sicut
572 2546 701 2580 superius
718 2547 935 2576 demonstratum
960 2555 1001 2577 cst

216 2590 244 2618 in
260 2591 341 2618 tertio
353 2590 484 2626 capitulo.

269 2735 338 2763 XVI.
357 2735 392 2762 De
409 2734 544 2770 Evangelii
559 2735 593 2762 ad
606 2735 766 2769 Alco-mnum
781 2736 943 2764 cxcellculiu.

251 2813 389 2847 Evangelii
419 2819 510 2841 autem
544 2814 575 2840 ad
602 2814 766 2840 Alconnum
794 2814 997 2848 excellentiam,

251 2871 272 2886 "
289 2870 355 2896 Gt‘l‘.
373 2879 427 2903 \Yl,
447 2872 485 2898 il.

1056 2266 1070 2292 6
1085 2266 1113 2292 δὲ
1128 2268 1278 2302 Μαχούμετ
1300 2269 1440 2302 παντελῶς
1463 2271 1590 2306 τέθνηκε.
1609 2272 1727 2301 Βελτίων
1742 2275 1774 2301 δέ
1794 2277 1847 2302 ἐστ.
1863 2263 1873 2269 .

1055 2312 1102 2339 τοῦ
1114 2314 1274 2348 τεθνηκότος
1286 2315 1386 2350 βοηθοῦ
1401 2317 1414 2343 ὁ
1426 2315 1481 2348 ζῶν
1491 2317 1597 2352 βοηθός.
1616 2320 1673 2346 Καὶ
1684 2321 1850 2355 παραλείπω

1056 2360 1104 2391 τὰς
1132 2359 1214 2391 ἄλλας
1238 2359 1299 2387 καθ’
1323 2362 1438 2390 ἕκαστον
1468 2364 1622 2400 ὑπεροχὰς,
1653 2366 1686 2397 ἃς
1711 2369 1780 2402 περὶ
1804 2369 1850 2395 τοῦ

1055 2405 1173 2439 Χριστοῦ
1188 2405 1219 2432 τὸ
1241 2406 1409 2441 Εὐαγγέλιον
1430 2409 1534 2444 sio-qm.
1555 2410 1720 2444 Θαυμαστὸν
1740 2414 1852 2444 τοίνυν,

1054 2450 1112 2482 πῶς
1123 2451 1150 2477 of
1162 2452 1334 2488 Σαρρακηνοὶ
1342 2453 1372 2479 οὺ
1383 2454 1484 2488 μᾶλλον
1496 2455 1675 2483 ἀκολουθοῦσι
1686 2458 1726 2492 τῷ
1740 2459 1852 2495 Χριστῷ

1055 2498 1072 2533 ἢ
1089 2497 1127 2533 τῷ
1141 2499 1263 2533 Μωάμεο
1273 2506 1281 2515 ο
1294 2499 1342 2526 καὶ
1353 2499 1392 2535 τῷ
1408 2501 1686 2537 Εὐαγγελίῳ”μᾶλλον
1701 2505 1718 2539 ἣ
1734 2505 1778 2539 τῷ
1796 2506 1853 2532 ’Λλ-

1055 2544 1174 2578 κοράνῳ,
1194 2545 1312 2578 μάλιστα
1323 2545 1383 2573 λίαν
1397 2545 1473 2578 ὄντος
1491 2547 1608 2574 πιθανοῦ
1620 2548 1666 2575 διὰ
1680 2550 1731 2576 τοῦ
1748 2551 1854 2585 βελτίο-

1055 2597 1100 2620 νος
1126 2589 1273 2626 νομοθέτου
1287 2590 1412 2625 βελτίονα
1430 2592 1512 2626 νόμον
1525 2592 1659 2627 δεδόσθαι,
1677 2596 1728 2622 καὶ
1745 2597 1853 2631 βέλτιον

1056 2635 1273 2670 συντηρούμενον
1289 2637 1342 2663 ὑπὸ
1355 2637 1433 2671 Θεοῦ,
1451 2638 1539 2673 ἁληοῆ
1559 2647 1588 2665 τε
1605 2640 1652 2666 καὶ
1668 2641 1851 2678 ἀδιάφθορον,

1054 2681 1090 2712 ὡς
1111 2682 1242 2716 ἀνωτέρω
1254 2683 1387 2710 δέδεικται
1402 2685 1430 2710 ὲν
1445 2685 1484 2720 τῷ
1499 2686 1583 2721 τρίτῳ
1600 2688 1758 2725 κεφαλαίῳ.

1056 2733 1110 2768 ICT'.
1131 2735 1197 2769 Περὶ
1214 2734 1267 2769 τῆς
1286 2737 1339 2763 τοῦ
1364 2738 1549 2778 Eucti-ralia!)
1567 2741 1640 2774 πρὸς
1656 2742 1690 2767 τὸ
1712 2742 1853 2778 Ἀλκορά-

1333 2781 1388 2798 νον
1405 2773 1566 2808 ὑπεροχῆς.

1090 2817 1143 2850 Τὴν
1158 2816 1185 2842 δὲ
1201 2817 1247 2843 τοῦ
1262 2818 1426 2852 Εὑαγγεὶίου
1442 2820 1508 2853 πρὸς
1519 2821 1548 2847 τὸ
1570 2821 1734 2857 ’Λλκτιράνον
1753 2825 1853 2860 ὕπερο.
