1942 3090
142 138 194 173 liii

727 146 876 176 CONTRA
897 147 1150 178 lliAllOMETEM.

1680 147 1750 181 1122

138 201 179 234 χὴν
193 201 222 226 ἐκ
241 200 294 227 τῶν
318 201 445 236 ά-,ωτέρω
472 202 625 237 εἰρημένων
648 203 748 238 ῥαδίως
772 204 911 239 δυνάμεθα

974 205 1040 233 aeiie
1055 213 1093 233 ett
1108 205 1297 241 superioribus
1312 206 1394 235 dictis
1416 214 1561 242 possumus
1573 214 1750 242 cognoscere.

139 245 237 278 γνῶναι.
254 246 501 279 Προαποδέδεικται
519 249 573 282 γὰρ
587 248 624 284 μὴ
639 245 708 276 εἶναι
730 250 759 276 τὸ
779 249 908 285 Ἀλκορά-

138 296 174 315 νον
183 289 261 324 νόμον
273 289 350 322 Θεοῦ,
366 290 409 317 διὰ
431 291 461 318 τὸ
479 293 547 326 μήτε
562 293 610 328 τὴν
628 292 761 324 Παλαιὰν,
777 293 847 328 μήτε
860 293 909 328 τὴν

138 333 198 360 Νέαν
225 333 313 368 τούτῳ
344 337 552 370 συμμαρτυρεῖν
567 343 573 351 ·
603 335 650 362 καὶ
671 336 712 362 ὅτι
735 335 796 362 οὔτε
823 337 852 362 ἐν
876 337 909 371 τῇ

138 379 236 412 φράσει,
262 380 324 406 οὒτε
348 381 376 406 ὲν
401 382 462 412 ταῖς
486 382 652 416 ἀποφάσεσι,
682 382 824 416 συμϐαίνει
853 383 910 413 τοῖς

138 425 234 456 ἄλλοις·
257 426 302 452 καὶ
330 427 370 453 ὅτι
400 428 535 461 ἀντιλέγει
560 428 668 463 ἑαυτῷ-
686 430 733 456 atat
753 429 793 455 ὅτι
822 429 910 456 οὐδενὶ

138 471 246 505 θαύματι
268 471 424 506 βεϐαιοῦται
436 481 444 489 ·
457 474 504 500 καὶ
518 475 560 501 ὃτι
581 475 655 501 ἐστὶν
671 475 769 509 ἄλογον
782 483 789 491 ’
806 475 854 502 καὶ
869 476 910 502 ὅτι

138 517 231 551 φανερὰ
257 517 380 551 περιέχει
407 518 510 553 ψεύδη-
535 520 582 546 καὶ
608 521 648 547 ὅτι
676 520 772 556 βίαιον,
798 525 844 548 καὶ
870 521 911 548 ὃτι

136 563 252 596 ἄτακτον,
270 565 317 590 καὶ
332 564 373 590 ὅτι
388 565 517 600 πονηρὸν,
531 567 578 593 καὶ
592 566 633 592 ὃτι
645 567 806 601 ἀμφέσολον.
818 567 910 593 Ταῦτα

137 609 183 644 γὰρ
197 610 285 636 πάντα
306 610 344 641 ὡς
360 611 389 637 ὲν
406 610 502 646 βραχεῖ
524 612 558 638 δι’
582 612 664 638 αὑτοῦ
679 612 726 639 τοῦ
746 613 910 647 Ἀλκοράνου

138 655 382 690 προαποδὲὃεικται.
396 655 471 691 Πλὴν
486 658 543 687 τοῖς
558 657 586 683 ὲν
602 657 677 691 αὐτῷ
695 657 734 691 τῷ
755 657 911 692 ’Λλκοράνῳ

137 701 343 734 ἀναγινώσκουσι
359 701 464 736 βέλτιον
476 702 614 734 δείκνυται
627 702 724 729 ταῦτα.
741 703 817 728 Ὢσθ¹
838 703 912 738 ἡμᾶς

138 745 302 780 θαρρούντως
317 746 448 773 δύνασθαι
463 746 563 781 λέγειν,
583 747 613 774 Et
631 748 697 782 ἡμῖν
719 747 859 774 πιστεύειν
881 748 930 774 οὐ¹

137 790 273 826 βούλεσθε,
305 792 335 819 τὸ
369 793 533 827 Ἀλκοράνον
560 793 712 827 ἀνάγνωτε.
745 793 854 820 Τούτων
885 793 913 820 δὲ

136 837 256 864 τάναντία
272 838 318 863 ἐπὶ
331 838 381 873 τῆς
397 838 586 874 Εὐαγγελικῆς
597 839 772 870 διδασκαλίας
788 840 913 874 φαίνεται

964 251 1034 279 Ante
1048 251 1122 279 enim
1137 252 1354 280 demonstratum
1376 258 1428 287 est,
1441 262 1495 281 non
1510 261 1570 281 esse
1582 254 1747 281 Alcoramnn

963 296 1051 331 legem
1078 297 1138 329 Dei.
1165 304 1310 333 propterea
1334 300 1521 334 quodcneque
1552 299 1637 326 Vetus
1660 307 1749 334 neque.

963 343 1069 370 Novum
1099 344 1308 372 Testamentum
1340 345 1411 376 hanc
1438 350 1591 378 testantur,
1621 351 1648 372 et
1677 346 1750 380 qunti

964 396 1054 423 neque
1067 389 1093 416 in
1111 390 1192 425 style,
1203 399 1291 425 neque
1314 392 1341 418 iu
1370 392 1517 419 sententiis
1531 399 1592 418 cum
1609 391 1669 418 aliis
1685 400 1751 418 con-

964 435 1050 467 venit,
1065 440 1092 462 ct
1116 437 1188 470 quod
1212 437 1376 465 contradicit
1394 438 1445 465 sibi
1464 438 1526 471 ipsi,
1543 442 1570 464 et
1582 437 1654 471 quod
1675 437 1749 463 nullo

965 482 1100 510 miraculo
1126 484 1315 517 confirmatur,
1341 490 1368 512 et
1392 485 1464 519 quod
1490 490 1532 512 est
1554 484 1751 515 irrationabile,

964 531 992 554 et
1007 528 1078 562 quod
1096 529 1239 556 manifesta
1257 531 1380 558 continet
1403 531 1554 560 mendacia.
1568 537 1594 557 et
1612 530 1683 564 quod
1698 530 1753 556 \‘ic-

965 572 1081 606 lentum,
1095 580 1122 601 et
1139 574 1211 609 quod
1235 575 1434 608 inordinatum,
1448 581 1475 602 et
1490 575 1561 609 quod
1577 576 1711 609 iniquum,
1726 579 1753 601 et

965 616 1038 650 quod
1057 617 1229 652 ambiguum.
1249 618 1311 645 llaec
1339 619 1412 646 enim
1431 619 1521 646 omnia
1543 626 1591 652 per
1608 618 1694 648 imum
1708 617 1754 644 Al-

966 669 1097 688 coranum
1121 663 1242 690 breviter
1263 668 1327 690 sunt
1348 668 1411 690 ante
1438 662 1754 690 demonstrata.Verun—

967 711 1057 734 tamen
1069 708 1189 742 idipsum
1212 709 1377 736 Alcnrauum
1403 709 1566 743 legentibus,
1583 708 1682 734 melius
1698 707 1755 734 hrrc

967 752 1202 782 demonstrantur.
1216 754 1315 788 ,Qua:e
1338 762 1387 782 nos
1407 754 1537 781 audacter
1554 753 1645 780 dicere
1660 760 1756 787 possu-

968 806 1039 832 mus,
1061 798 1090 826 Si
1110 800 1189 826 nobis
1209 800 1321 826 credere
1340 807 1393 827 non
1416 799 1508 832 vultis,
1532 799 1697 826 Aleoranum
1716 798 1754 824 le«

969 844 1035 878 gite.
1050 843 1152 871 llorum
1166 849 1258 871 autent
1273 845 1408 872 contraria
1423 845 1449 870 in
1461 843 1616 878 evangeliea
1630 843 1755 869 doctrina

137 883 267 917 καθαρῶς.
283 883 337 910 Καὶ
353 883 406 918 γὰρ
420 883 434 910 ὁ
452 883 612 919 Μαχούμετ,
630 874 917 920 ὢσπερχὲξῃρημένως

974 874 1118 917 manifeste
1140 894 1283 924 apparent.
1299 890 1406 917 Etenim
1423 874 1591 916 lllahomctns
1607 889 1754 923 praecipue,

137 929 199 965 ὑπὲρ
231 929 335 961 πάντας
360 930 424 961 τοὺς
449 930 528 962 δντας
561 930 704 966 προφήτας
728 930 744 966 ἢ
771 930 917 965 ἐσομένους

137 975 245 1010 ἐπῄνεσε
262 975 308 1002 τδν
329 975 457 1009 Χριστὸν,
468 975 541 1002 οὕτω
559 976 606 1003 καὶ
621 977 671 1011 τὴν
688 976 735 1002 τοῦ
749 976 915 1010 Εὑαγγελιου

136 1019 304 1047 διδασκαλίαν
316 1020 485 1054 ἐμεγάλυνεν
501 1021 571 1056 ὑπὲρ
587 1020 678 1052 πάσας
690 1021 740 1053 τὰς
757 1021 831 1053 θείας
848 1021 918 1056 Γρα-

138 1065 196 1098 φάς.
211 1065 305 1100 ’Ὶσμεν
321 1065 350 1092 δὲ
381 1065 418 1096 ὡς
433 1065 511 1091 οὐδέν
541 1065 616 1092 ἐστιν
641 1065 727 1096 οὕτως
748 1066 847 1099 ἰσχυρὰ
871 1065 919 1091 κα)⁴

138 1111 232 1146 δυνατὴ
252 1111 391 1146 μαρτυρία
408 1110 580 1142 διδασκαλίας
597 1111 614 1146 ἢ
632 1111 690 1146 βίου
705 1110 721 1146 ἢ
742 1112 755 1138 6
769 1111 844 1146 παρὰ
864 1111 918 1137 τῶν

137 1157 247 1190 ἐπάγειν
260 1156 352 1187 αὐτοῖς
368 1156 472 1192 μέμψιν
488 1157 701 1192 ἐπιχειρούντων
714 1156 835 1188 ἔπαινος.
849 1157 919 1192 Φησὶ

138 1203 165 1230 δὲ
188 1203 266 1235 αὐτὸς
287 1204 301 1229 ὁ
329 1204 479 1238 Νίαχοὺμετ
502 1204 530 1230 ἐν
556 1204 595 1238 τῷ
626 1204 793 1239 Ἀλκοράνῳ,
823 1204 852 1230 ἐν
880 1204 920 1239 τῷ

139 1249 275 1284 κεφαλαίῳ
296 1250 335 1285 τῷ
359 1250 494 1284 Ἐλμεῖδὲ,
527 1250 676 1284 Ὠρίσαμεν
704 1250 754 1284 τὴν
783 1250 842 1277 ὁδον
866 1250 919 1277 τῶν

139 1294 287 1330 ἀνθρώπων
311 1294 356 1322 διὰ
382 1295 428 1322 τοῦ
459 1295 548 1330 Ἰησοῦ
569 1295 688 1330 Χριστοῦ
710 1295 758 1322 τοῦ
784 1295 842 1322 υἱοῦ
870 1296 920 1330 τῆς

138 1341 254 1375 Μαρίας,
271 1341 318 1368 τοῦ
332 1341 514 1376 άληθεστάτου
529 1342 669 1377 προφήτου
680 1350 687 1358 ·
701 1342 748 1368 καὶ
764 1340 920 1376 δεδώκαμεν

139 1385 211 1421 αὑτῷ
227 1387 256 1413 τὸ
274 1387 451 1421 Εὑαγγέλιον,
467 1388 496 1414 ἐν
519 1383 542 1421 ᾧ
566 1387 640 1414 ἐστιν
661 1387 768 1423 ὀδηγία,
787 1388 834 1414 καὶ
852 1387 919 1421 φῶς,

140 1433 184 1460 καὶ
202 1434 316 1468 ἀλήθεια
341 1434 457 1468 φανερά.
480 1433 560 1460 ’Λλλὰ
579 1434 623 1461 καὶ
648 1435 678 1460 ἐν
703 1434 810 1465 πολλοῖς
827 1434 921 1466 τόποις

138 1478 184 1504 τοῦ
203 1479 367 1514 Ἀλκοράνου
383 1478 561 1515 ἐξῃρημένους
574 1480 742 1514 ἐγκωμιάζει
756 1480 785 1506 τὺ
798 1479 920 1512 Εὐαγγέ-

137 1524 203 1551 λιον.
225 1524 307 1550 Ἀλλά
330 1523 375 1550 καὶ
399 1524 464 1550 αὐτὸ
480 1523 511 1550 τὸ
527 1524 694 1557 Εὑαγγέλιον
711 1525 739 1550 ἐν
754 1523 831 1559 πάσῃ
845 1523 921 1558 χώρᾳ

139 1570 184 1596 καὶ
201 1570 333 1604 διαλέκτῳ
346 1569 505 1604 ὑψηλότατα
525 1569 563 1604 τῷ
582 1554 678 1604 κύσμῳ
701 1554 920 1604 φανεροί-ἑαυτά.
936 1554 958 1583 c

138 1616 218 1642 Ὥστε
235 1615 410 1650 θαρρούντως
425 1616 530 1651 εἴποιμι
547 1616 580 1643 ἂν
601 1617 667 1651 περὶ
682 1616 765 1642 αὑτοῦ
778 1616 835 1646 τοῖς
851 1616 921 1651 Σαρ-

138 1662 278 1696 ρακηνοῖς,
294 1661 324 1687 Et
343 1660 381 1695 τῷ
399 1660 525 1696 ὑμετέρῳ
548 1660 671 1695 Μωάμεθ
687 1659 826 1695 βούλοισθε
845 1659 861 1695 ἦ
885 1660 922 1694 μὴ

137 1706 278 1742 βούλοισθε
292 1707 432 1734 πιστεύειν
452 1707 517 1742 περὶ
534 1706 580 1733 τοῦ
605 1706 784 1740 Εὐαγγελιου,
803 1707 832 1732 ὲν
850 1705 924 1740 αὐτῷ

137 1753 177 1788 τῷ
194 1753 353 1789 Εὐαγγελιῳ
372 1754 524 1788 ἀνάγνωτε.
540 1753 596 1780 Καὶ
620 1754 692 1786 ἐπεὶ,
711 1752 803 1784 καθὼς
816 1752 924 1786 λέγεται

137 1800 168 1826 ὲν
190 1799 229 1832 τῷ
259 1799 415 1834 ’Λλκοράνῳ
439 1801 468 1826 ἐν
491 1799 530 1835 τῷ
554 1799 694 1835 κεφαλαίῳ
715 1799 755 1834 τῷ
784 1798 924 1834 Ἐλενφὰν,

138 1843 302 1878 βουλόμενος
317 1845 332 1870 6
355 1844 421 1876 Θεὸς
438 1844 582 1879 ἀληθεύειν
602 1845 652 1879 τὴν
669 1845 797 1880 ἀλήθειαν
819 1844 864 1871 διὰ
878 1844 925 1870 τοῦ

136 1890 220 1924 λόγου
242 1891 337 1924 αὑτοῦ,
355 1892 402 1918 καὶ
420 1892 615 1918 διακόπτεσθαι
633 1892 683 1926 τὴν
702 1893 790 1927 ἀρχὴν
805 1891 859 1918 τῶν
882 1893 926 1918 αι-

139 1936 268 1972 ρετικῶν,
290 1937 360 1964 ὥστε
385 1937 435 1972 τὴν
469 1938 598 1972 ἀλήθειαν
624 1936 779 1974 ἀληθεύειν,
803 1938 851 1964 καὶ⁵
876 1938 928 1973 τὴν

139 1983 311 2018 ματαιότητα
342 1984 537 2018 ματαιοῦσθαι,
555 1985 750 2020 προενοήσατο,
767 1985 813 2011 καὶ
826 1984 927 2020 ᾠκονό-

139 2037 229 2064 μησεν
243 2031 257 2056 ὁ
274 2030 351 2064 Θεὸς,
368 2030 413 2057 ἵνα
432 2031 469 2066 μὴ
493 2031 507 2058 6
533 2030 634 2065 κόσμος
655 2030 690 2057 δι’
713 2031 825 2064 ἄγνοιαν
845 2030 929 2057 ἀπόλ-

137 2078 230 2109 λυται,
250 2076 295 2103 τὸν
309 2077 407 2108 κοινῶς
427 2077 494 2103 πᾶσι
516 2079 563 2110 καὶ
579 2077 659 2112 μᾶνον
676 2077 823 2110 ἀναγκαῖον
836 2077 929 2112 νόμον,

135 2123 281 2150 τουτέστιν
296 2123 342 2149 τὸν
358 2123 404 2150 τοῦ
420 2123 598 2158 Εὐαγγελίου,
613 2123 664 2150 οὐκ
676 2124 704 2149 ἐν
716 2123 758 2150 ἐνὶ
770 2123 856 2159 τόπῳ,
870 2123 928 2151 ἀλλ’

136 2168 170 2193 ἐν
195 2167 334 2203 διαφόροις
354 2168 509 2204 ἐπαρχίαις,
527 2167 582 2195 οὐδ’
606 2168 635 2194 ἐν
652 2168 693 2194 ἑνὶ
711 2168 846 2204 ἰδιώματι,
863 2169 930 2196 ἀλλὰ

136 2214 281 2249 διαφόροις
321 2215 367 2241 καὶ
403 2214 560 2246 καθολικαῖς
594 2215 745 2247 διαλέκτοις
771 2217 930 2251 γραφῆναι,

137 2259 279 2293 ἑϐραῐκῶς
304 2261 351 2286 καὶ
376 2259 534 2294 ρωμαῖκὼς,
549 2259 595 2285 καὶ
622 2259 691 2293 μετὰ
714 2260 800 2286 ταῦτα
816 2260 930 2293 πιστῶ;,

137 2307 182 2337 εἰς
200 2305 288 2337 πάσας
305 2305 498 2341 μετενεχθῆναι
516 2305 564 2337 τὰς
575 2305 743 2337 διαλέκτους.
764 2306 834 2340 Πρὸς
851 2307 879 2333 δὲ
893 2307 932 2341 τῷ

135 2351 190 2378 cui}
211 2352 378 2386 [εὐαγγελίου
393 2352 465 2379 τέλει
487 2351 639 2378 ἐνετείλατο
662 2353 717 2383 τοῖς
742 2352 827 2379 αὑτοῦ
844 2353 932 2388 μαθη-

138 2398 206 2427 ταῖς
222 2397 236 2422 6
251 2397 368 2431 Χριστὸς
393 2397 434 2429 εις
458 2397 546 2424 πάντα
569 2398 616 2424 τὸν
638 2398 739 2432 κόσμον
763 2398 931 2432 δραστηρίοις

138 2442 265 2476 κηρύξαι
285 2442 315 2468 τὸ
326 2442 502 2476 Εὑαγγέλιον.
521 2443 610 2477 ’Ὀπερ
626 2442 669 2468 ἵνα
692 2443 835 2469 τελειῶσαι
857 2443 932 2478 ἰσχύ-

138 2496 228 2520 σωσι,
240 2488 358 2514 δέδωκεν
377 2488 467 2519 αὐτοῖς
493 2488 616 2524 χάρισμα
631 2489 772 2522 γλωσσῶν,
789 2489 836 2515 καὶ
852 2488 933 2515 δύνα-

140 2542 194 2568 μιν
219 2534 377 2568 θαυμάτων.
394 2534 430 2561 Τὸ
449 2534 471 2561 δ’
498 2535 660 2569 Ἀλκοράνον
685 2535 826 2570 ἀραϐικῶς
854 2536 934 2570 μόνον

137 2581 238 2615 ἑαυτῷ
253 2589 335 2615 φησιν
350 2581 401 2607 ὑπὸ
416 2581 463 2607 τοῦ
478 2581 546 2608 Ε)εοῦ
560 2581 684 2608 δεδόσθαι
700 2590 707 2597 ·
722 2582 770 2608 καὶ
783 2583 807 2608 οἱ
823 2582 933 2617 Σαρρα-

138 2627 228 2660 κηνοὶ
255 2626 372 2660 βεῦαίως
397 2627 556 2653 πιστεύουσι
582 2626 683 2662 μηδένα
707 2627 837 2654 δύνασθαι
857 2626 935 2653 τοῦτο

138 2671 314 2705 γινώσκειν,
344 2673 393 2707 τὴν
432 2672 569 2708 ἀραϐικὴν
602 2673 754 2706 ἀγνοοῦντα
784 2672 934 2700 διάλεκτον.

139 2717 267 2743 Ἐπεται
290 2717 318 2743 δὲ
347 2718 385 2753 μὴ
411 2718 516 2749 πάντας
547 2718 693 2751 γινώσκειν
719 2719 768 2752 τὴν
799 2719 936 2753 ἁραὸικὴν

135 2762 287 2796 γλῶσσαν,
306 2763 373 2796 μήτε
389 2763 518 2790 δύνασθαι
535 2763 638 2798 ταύτην
662 2763 817 2798 μανθάνειν.
832 2763 936 2798 Γέγρα-

143 2817 218 2835 πται
232 2808 259 2834 δὲ
275 2810 304 2834 ἐν
317 2808 355 2843 τῷ
374 2810 537 2845 ’Λλκοράνῳ,
558 2810 649 2841 καθὼς
670 2810 718 2836 καὶ
735 2809 934 2841 ἀποδέδεικται,

143 2854 254 2889 μηδέν]
279 2855 408 2881 δῦνασυαι
436 2855 555 2888 σωθῆναι
581 2855 649 2889 πλὴν
678 2856 706 2882 ἐν
726 2856 762 2889 τῷ
789 2856 862 2891 ν’τμῳ
884 2856 936 2882 τῶν

967 935 1046 969 quasi
1069 943 1151 970 supra
1173 943 1268 962 omnes
1292 939 1440 970 prophetas
1469 935 1516 969 qui
1545 939 1611 962 sunt
1637 935 1679 961 vel
1707 935 1754 968 qui

969 980 1053 1008 futuri
1075 986 1148 1013 sunt,
1175 981 1316 1008 Christum
1335 980 1591 1013 eomtnendavit,ct
1613 979 1755 1015 Evangelii

969 1026 1124 1053 doctrinam
1148 1033 1232 1061 supra
1243 1034 1338 1054 Omnes
1358 1027 1464 1055 divinas
1481 1026 1638 1060 Scripturas
1654 1026 1758 1060 magni-

970 1070 1071 1098 ﬁcavit.
1092 1071 1201 1099 Scimus
1226 1076 1335 1103 autent,
1350 1071 1424 1105 quod
1451 1070 1556 1097 nullum
1583 1070 1622 1097 sic
1645 1075 1687 1096 est
1702 1074 1755 1095 tant

971 1116 1105 1147 validum,
1121 1119 1231 1151 tantque
1255 1121 1350 1150 potens
1366 1117 1551 1143 testimonium
1568 1116 1700 1143 doctrina:
1717 1116 1756 1143 vt‘l

970 1163 1044 1195 vitae,
1056 1170 1137 1197 quam
1153 1162 1213 1190 laus
1226 1162 1261 1189 ab
1282 1162 1325 1189 bis
1346 1162 1392 1197 qui
1408 1167 1544 1189 conantur
1565 1161 1759 1196 reprehensio-

973 1215 1036 1235 nem
1053 1208 1197 1235 indttcere.
1216 1207 1287 1235 Dicit
1302 1211 1393 1234 autem
1407 1208 1464 1242 ipse
1482 1206 1654 1234 ltlaltometus
1666 1207 1691 1233 in
1712 1207 1760 1234 Al-

970 1261 1083 1286 corano,
1101 1254 1128 1280 in
1143 1253 1264 1288 capitulo
1279 1253 1402 1280 Elmeide
1421 1261 1428 1281 :
1454 1252 1675 1280 'l'ermiuavimus
1687 1252 1758 1278 viam

971 1298 1115 1326 hominum
1134 1306 1182 1333 per
1206 1298 1298 1326 Jesum
1319 1298 1457 1325 Christum
1476 1298 1560 1325 tilium
1588 1298 1689 1327 Maria},
1712 1305 1760 1323 \e-

972 1344 1145 1371 raeissimum
1155 1344 1326 1379 prophetam,
1338 1349 1366 1371 et
1384 1344 1512 1371 dedimus
1527 1344 1551 1370 ei
1570 1343 1758 1378 Evangelinm.

972 1389 999 1415 in
1013 1397 1068 1424 quo
1087 1394 1128 1416 est
1159 1389 1290 1416 dedttctio
1315 1393 1343 1417 et
1370 1389 1416 1416 lux
1430 1395 1456 1416 et
1475 1389 1576 1417 veritas
1603 1389 1757 1416 manifesta.

972 1435 1006 1461 Et
1032 1435 1058 1461 in
1085 1435 1178 1462 multis
1194 1435 1263 1462 locis
1281 1435 1407 1462 Aleorani
1434 1435 1570 1470 prrccipuc
1585 1435 1760 1462 commendat

972 1478 1166 1512 Evangelium.
1193 1479 1303 1506 Etenim
1322 1480 1409 1514 ipsum
1432 1480 1609 1514 Erangclium
1637 1480 1664 1506 in
1683 1479 1760 1507 omni

973 1523 1034 1550 loco
1066 1528 1093 1550 ct
1123 1524 1216 1558 lingua
1245 1523 1478 1551 excellentissime
1507 1523 1610 1550 mundo
1639 1524 1758 1559 scipsum

975 1568 1139 1596 manifestat.
1169 1569 1258 1601 Quare
1290 1569 1463 1596 conﬁdenter
1490 1569 1582 1596 dicere
1601 1576 1707 1602 possem
1726 1568 1759 1594 de

973 1621 1006 1641 c0
1022 1613 1167 1642 Saracenis
1185 1623 1191 1641 ς
1209 1614 1236 1641 Si
1258 1619 1348 1641 vestro
1368 1615 1522 1641 lllahomcto
1536 1614 1630 1645 vultis,
1647 1614 1688 1640 vel
1705 1621 1759 1640 non

974 1660 1059 1687 vultis
1074 1660 1189 1688 credere
1204 1661 1237 1688 de
1253 1661 1412 1695 Evangelia,
1432 1660 1458 1688 id
1477 1661 1565 1693 ipsum
1582 1660 1760 1693 Evangelium

974 1705 1068 1740 legite.
1093 1706 1126 1733 Et
1145 1706 1287 1741 quoniam,
1304 1707 1375 1734 sicut
1401 1707 1504 1734 dit-itur
1532 1708 1559 1735 in
1585 1707 1719 1734 Alcorano
1734 1708 1761 1734 in

976 1751 1096 1786 capitulo
1124 1752 1277 1787 Elemphal,
1302 1753 1398 1780 volens
1423 1753 1494 1780 Deus
1510 1753 1582 1788 quod
1605 1754 1762 1780 veriticetur

976 1797 1079 1824 veritas
1094 1806 1142 1831 per
1159 1799 1275 1826 verbum
1303 1807 1395 1831 suum,
1411 1804 1439 1827 et
1466 1800 1650 1827 iutercidatur
1665 1800 1763 1835 guber-

978 1843 1054 1870 natio
1087 1843 1291 1877 lizcretieorum,
1317 1849 1345 1872 cl
1372 1850 1403 1872 ut
1428 1845 1706 1881 veritasvveriticetur
1735 1850 1764 1872 et

977 1888 1086 1916 vanitas
1108 1895 1264 1923 evanescat,
1292 1891 1413 1926 providit
1436 1896 1464 1919 et
1492 1891 1662 1926 dispensavit
1680 1892 1762 1922 Deus,

978 1942 1013 1962 no
1040 1935 1158 1964 mundus
1182 1944 1231 1971 per
1260 1936 1442 1972 ignorantiam
1470 1938 1626 1972 periret,ut
1643 1937 1685 1964 lex
1703 1937 1758 1968 illa.

979 1988 1040 2015 qua:
1065 1982 1229 2016 generaliter
1250 1982 1377 2009 omnibus
1399 1987 1427 2009 ct
1442 1982 1498 2009 sola
1525 1981 1678 2009 necessaria
1693 1987 1762 2013 erat,

981 2027 1024 2053 lex
1041 2034 1073 2054 ea
1090 2035 1152 2061 qua:
1165 2032 1207 2054 est
1217 2027 1368 2062 Evangelii,
1386 2035 1440 2054 non
1462 2027 1489 2054 in
1505 2035 1560 2055 uno
1586 2027 1659 2059 loco,
1672 2028 1719 2054 sed
1737 2029 1764 2054 in

981 2072 1100 2100 diversis
1123 2073 1288 2107 provinciis;
1315 2080 1404 2107 neque
1432 2073 1459 2100 in
1478 2081 1532 2100 uno
1557 2073 1698 2105 idiom-ate,
1716 2079 1762 2100 seu

982 2117 1099 2146 diversis
1112 2123 1139 2146 et
1157 2119 1183 2146 in
1200 2119 1327 2147 omnibus
1341 2119 1442 2154 linguis
1457 2119 1634 2150 scriberetur,
1652 2119 1766 2146 llcbrai-

982 2171 1028 2196 cc,
1042 2163 1147 2196 Graece,
1163 2171 1192 2191 et
1206 2164 1312 2196 Latine,
1329 2169 1357 2192 et
1380 2169 1440 2199 post
1459 2165 1516 2192 lizee
1537 2164 1655 2192 ﬁdeliter
1675 2170 1765 2191 trans.

946 2218 972 2250 ο
985 2211 1114 2239 ferretur.
1133 2211 1163 2238 ln
1181 2211 1233 2238 line
1254 2216 1346 2238 autem
1363 2211 1502 2246 Evangelii
1520 2211 1661 2238 mandavit
1684 2211 1767 2238 (11ευί-

983 2258 1056 2292 pulis
1069 2258 1128 2285 suis
1149 2258 1286 2290 Christus,
1304 2262 1335 2284 ut
1349 2257 1377 2284 in
1403 2257 1532 2284 universo
1556 2257 1660 2284 mundo
1675 2257 1768 2284 ettica-

983 2304 1053 2331 citer
1068 2303 1247 2338 Evangelium
1265 2303 1458 2338 praedicarent.
1484 2302 1563 2336 Quod
1583 2307 1613 2329 ut
1634 2302 1768 2337 perﬁcere

983 2355 1108 2385 possent,
1125 2349 1202 2377 dedit
1221 2349 1261 2377 eis
1283 2349 1398 2384 gratiam
1414 2349 1571 2384 linguarum
1594 2353 1622 2376 et
1637 2348 1767 2376 virtutem

984 2397 1192 2424 miraculorum.
1217 2397 1383 2424 Alcoranum
1411 2401 1507 2424 autem
1529 2396 1647 2423 Arabico
1679 2396 1768 2423 solum

986 2444 1039 2471 sibi
1053 2444 1105 2479 ipsi
1131 2443 1200 2471 dicit
1221 2451 1236 2470 a
1254 2443 1310 2470 Deo
1328 2443 1426 2470 datum
1440 2450 1519 2472 esse;
1535 2447 1563 2469 et
1577 2441 1768 2479 Saracenirﬁr-

986 2491 1069 2518 ntiter
1084 2490 1213 2521 credunt.
1231 2490 1335 2516 nullum
1355 2497 1434 2524 posse
1456 2489 1509 2516 hoc
1524 2488 1596 2516 scire
1610 2488 1657 2523 qui
1672 2488 1770 2515 Arabi—

986 2542 1045 2561 cam
1060 2533 1182 2569 linguam
1197 2535 1314 2569 ignoret.
1330 2533 1462 2568 Sequitur
1479 2537 1582 2564 autem,
1602 2540 1656 2559 non
1675 2539 1771 2559 omnes

985 2580 1057 2607 scire
1067 2579 1211 2607 Arabicam
1225 2580 1356 2615 linguam,
1371 2586 1458 2614 neque
1472 2586 1552 2614 posse
1568 2578 1637 2605 hanc
1653 2576 1768 2604 discere.

987 2626 1125 2661 Scriptum
1144 2630 1234 2653 autem
1253 2631 1295 2653 est
1309 2627 1336 2653 in
1353 2626 1498 2657 Alcorano,
1516 2625 1588 2652 sicut
1602 2628 1630 2651 et
1643 2627 1706 2650 ante
1724 2623 1772 2650 de-

988 2677 1170 2700 monstratum
1189 2677 1242 2705 est,
1259 2673 1365 2700 nullum
1383 2679 1463 2707 posse
1481 2670 1589 2702 salvari,
1609 2675 1709 2705 praeter
1723 2677 1772 2696 eos

987 2717 1035 2752 qui
1051 2722 1117 2744 sunt
1133 2718 1160 2745 in
1176 2718 1234 2752 lege
1251 2718 1461 2745 Saracenorum.
1474 2716 1564 2749 Quare
1576 2715 1771 2743 convenienter

987 2762 1072 2798 quazri
1099 2769 1200 2798 posset,
1217 2764 1239 2790 si
1257 2764 1328 2791 solos
1343 2763 1409 2790 velit
1424 2763 1577 2789 Saracenos
1597 2761 1667 2787 licus
1682 2760 1772 2788 salvos

989 2808 1060 2841 ﬁcri,
1074 2813 1102 2835 ct
1115 2815 1162 2836 eos
1177 2809 1223 2843 qui
1234 2808 1376 2836 Arabicam
1394 2807 1514 2841 linguam
1532 2806 1631 2833 sciunt.
1641 2805 1773 2832 Christia-

989 2863 1087 2882 norum
1104 2859 1194 2882 autem
1208 2855 1261 2887 lex,
1283 2862 1343 2889 qua!
1359 2853 1459 2887 scripta
1475 2857 1513 2880 est
1531 2852 1558 2879 in
1576 2851 1702 2879 onmibus
1719 2851 1773 2878 lin-
