1915 3094
175 140 244 174 1143

797 121 991 176 ΒΕΜΕΤΒΠ
1007 146 1163 177 CYDONII

1731 141 1796 175 1141

173 201 245 233 guis,
263 199 342 233 dicit,
357 199 430 234 quod
446 200 519 228 Deus
531 200 589 228 vult
609 207 705 228 omnes
720 201 846 229 homines
869 201 958 228 salvos

1014 202 1205 239 Σαρῤακηνῶν.
1224 202 1299 231 ”Ωστ“
1316 202 1428 234 εἰκότως
1444 202 1477 230 ἂν
1494 200 1636 238 ζητηθείη,
1651 200 1676 227 εἰ
1699 201 1796 235 μόνους

175 243 245 271 ﬁeri.
263 243 393 272 Saraceni
417 245 510 280 igitur.
531 247 577 280 qui
595 247 654 274 Solo
674 247 786 275 nomine
806 247 901 274 salvati
918 246 959 274 di-

173 295 286 322 cuntur,
303 290 375 317 sicut
399 295 464 318 ante
479 291 581 318 dictum
604 296 656 324 est.
671 296 699 319 et
724 292 771 320 alii
794 299 889 320 omnes
910 292 958 327 qui

175 338 327 365 secttndum
346 339 489 366 veritatetn
504 340 595 367 salvos
608 347 637 367 se
656 339 714 368 ﬁeri
731 341 836 372 volunt,
851 341 959 368 discant

172 383 311 410 Christum
337 391 397 411 esse
419 383 600 416 Salvatorem,
619 385 764 420 legantque
779 385 957 421 Evangelium

175 429 201 455 iu
231 436 395 464 quacunque
425 429 518 465 lingua
549 431 655 462 volunt,
684 436 711 459 et
733 431 874 459 invenient
898 432 958 459 fere

173 477 309 502 contraria
328 476 417 502 otnnia
430 483 491 510 qua:
508 476 637 510 praedicta
652 481 753 504 suntet
769 477 957 505 demonstrata

174 521 209 545 ab
233 519 380 548 Alcorano.
405 520 627 556 lnvenientque,
652 522 725 557 quod
750 523 833 558 Moysi
864 523 907 550 lex
930 528 958 550 et

172 565 315 598 propheta:
341 566 429 600 ipsum
454 571 600 598 testantur.
617 571 644 594 et
669 568 772 595 nullam
790 575 850 595 esse
866 568 957 596 Evan-

173 610 236 644 gelii
254 611 489 644 contrarietatem,
506 612 553 639 sed
572 613 664 647 potius
683 614 915 648 complementum
931 619 959 642 et

173 657 371 691 perfectionem
384 658 506 684 omnium
527 658 641 685 aliarum
655 658 871 693 Seripturarum.
884 659 959 686 luve-

173 703 251 730 nient
267 711 378 738 quoque
398 703 425 730 in
447 704 593 738 Evangelio
617 704 716 740 stylum
743 713 796 732 non
813 705 958 732 metricutn

172 750 215 777 vel
233 750 485 785 rhythmicum,sed
503 750 654 785 simplicem
668 755 696 778 et
709 759 957 783 cmnmuncm,non

173 797 286 830 quidem
313 800 426 830 propter
456 795 658 830 simplititatem
685 797 885 830 scribentium,
909 797 957 824 sed

172 848 285 877 propter
312 842 457 870 utilitatem
487 843 656 877 legentium,
677 847 706 870 ut
731 843 765 870 ab
789 842 862 869 omni
891 843 957 869 sim-

173 887 238 922 plici
255 893 281 914 et
299 888 383 914 idiota
396 887 593 915 convenienter
609 887 722 922 intelligi
739 891 838 921 posset.
852 887 959 914 Modum

171 941 226 960 nun
242 932 323 960 habet
336 932 549 960 assentatorium
563 941 570 965 ;
585 940 672 967 neque
688 932 777 966 turpia
793 933 834 959 vel
847 933 958 960 desueta

172 981 297 1012 nomina,
314 979 362 1006 sed
381 979 538 1006 communia
556 983 584 1006 et
600 978 806 1006 honestissima.
829 978 957 1006 Fabulam

173 1030 265 1054 autent
286 1024 399 1052 omnino
415 1024 518 1052 nullam
535 1024 658 1052 continet
682 1024 857 1059 Evangelium
871 1033 878 1057 ;
895 1030 921 1052 et
936 1025 958 1052 si

173 1071 306 1106 quasdam
319 1071 468 1106 aliquando
482 1070 625 1105 parabolas
637 1071 759 1104 apponit,
768 1078 800 1098 ex
812 1071 869 1106 ipsa
882 1071 957 1098 verbi

174 1117 372 1151 consequentia
387 1116 531 1144 manifeste
545 1116 709 1148 ostenditur,
720 1116 792 1150 quod
805 1117 958 1151 parabolice

173 1162 309 1196 loquitur.
325 1161 460 1189 Convenit
475 1166 566 1188 autem
584 1161 611 1188 in
629 1161 784 1193 sententiis,
802 1169 855 1188 non
870 1162 958 1189 solum

172 1215 235 1235 cuttt
253 1207 314 1234 aliis
334 1207 420 1234 sacris
435 1207 595 1242 Scripturis,
610 1207 682 1234 sicut
702 1207 806 1234 dictum
832 1211 886 1238 est,
909 1208 957 1234 sol

173 1254 256 1279 etiam
282 1260 344 1280 cttm
369 1252 552 1286 philosophis,
571 1252 616 1286 qui
644 1252 677 1279 de
700 1252 850 1279 virtutibus
875 1256 902 1279 et
926 1253 959 1279 de

172 1303 296 1325 extremo
313 1298 454 1324 hominum
475 1297 528 1324 [ine
540 1297 765 1330 demonstrative,
783 1298 824 1324 vel
840 1298 961 1325 rationa-

174 1343 270 1370 biliter
288 1347 486 1370 tractaverunt.
505 1342 587 1370 Addit
611 1343 695 1369 etiam
721 1344 845 1377 quzedam
868 1343 960 1370 excel-

173 1389 295 1422 sissima,
312 1388 343 1416 ad
359 1397 420 1423 qua:
437 1388 570 1416 naturalis
584 1388 702 1415 humana
718 1388 787 1415 ratio
799 1396 853 1415 non
868 1392 960 1423 potest

172 1435 329 1468 pervenire.
355 1435 391 1462 Et
411 1442 584 1469 nequaquam
611 1434 716 1470 aliquid
737 1434 819 1466 dicit,
838 1435 886 1462 cui-
897 1435 960 1469 quis

172 1481 389 1509 demonstrative
401 1481 488 1516 possit
502 1481 616 1511 instare.
631 1480 696 1515 quia
711 1487 772 1507 cum
787 1480 959 1508 demonstra-

173 1525 213 1553 tio
230 1527 370 1554 contineat
381 1534 487 1559 veram,
497 1527 564 1554 nihil
576 1531 667 1562 potest
683 1535 743 1554 esse
752 1528 777 1554 ci
792 1527 959 1554 contrarium

176 1572 229 1600 nisi
247 1572 357 1600 falsum.
379 1571 592 1608 Speculantibus
607 1577 697 1600 autem
716 1573 871 1608 diligenter,
885 1573 960 1599 nulla

176 1619 359 1646 contradictio
387 1619 414 1646 in
432 1619 588 1654 Evangeliis
609 1620 779 1647 continetur.
796 1619 886 1652 Quare
907 1627 960 1647 non

173 1665 263 1692 solum
281 1673 366 1692 unum
380 1666 556 1701 Evangelium
572 1674 633 1694 cum
649 1666 740 1701 seipso
756 1666 895 1698 convenit,
912 1665 960 1692 sed

173 1712 259 1739 etiam
283 1717 402 1746 quatuor
426 1711 498 1739 inter
519 1719 559 1744 se,
583 1712 610 1738 in
636 1711 767 1738 omnibus
796 1710 961 1738 necessariis

172 1759 246 1785 circa
266 1758 356 1790 tidem,
372 1757 533 1792 simpliciter
554 1757 739 1790 conveniunt;
754 1756 779 1783 id
796 1761 847 1787 est.
861 1756 895 1782 de
919 1755 962 1782 in-

174 1804 345 1836 carnatione,
355 1803 638 1838 doetrina,passione,
646 1802 858 1834 resurrectione,
869 1809 962 1829 ascen-

174 1851 252 1878 sione
273 1850 393 1883 Christi,
416 1855 443 1877 et
465 1849 582 1884 Spiritus
603 1849 690 1876 sancti
715 1849 865 1880 missione,
886 1851 914 1875 et
937 1848 959 1875 si

173 1902 292 1932 quatuor
307 1896 453 1932 Evangelia
467 1896 494 1923 in
509 1895 623 1923 diversis
637 1895 704 1922 locis
719 1899 746 1922 et
768 1894 883 1921 diversis
908 1894 961 1920 lin-

174 1945 245 1979 guis,
269 1951 319 1971 nec
344 1951 398 1970 non
422 1951 437 1969 a
461 1942 579 1970 diversis
603 1941 763 1969 auctoribus
786 1948 801 1968 a
823 1940 960 1975 principio

174 1989 329 2023 conscripta
346 1993 420 2020 sunt,
431 1992 460 2014 ut
475 1992 537 2014 ante
554 1987 657 2014 dictum
674 1991 725 2013 est.
735 1986 850 2019 Quidam
870 1990 960 2013 tamen

175 2035 360 2070 simpliciores
384 2033 630 2065 existimaverunt,
662 2032 689 2059 in
718 2032 867 2067 Evangelio
900 2040 961 2060 esse

175 2080 413 2110 contrarietatem,
429 2084 574 2114 propterea
591 2077 664 2112 quod
683 2078 750 2104 illud
768 2077 842 2112 quod
857 2078 884 2104 in
906 2077 961 2104 alio

176 2125 326 2159 Evangelio
342 2125 512 2157 continetur,
528 2124 554 2151 in
570 2124 623 2151 alio
638 2123 784 2158 Evangelia
797 2131 852 2150 non
864 2123 961 2154 feonti-

175 2175 269 2198 netur.
286 2170 341 2197 lloe
359 2176 450 2198 autem
466 2178 519 2197 non
540 2175 581 2197 est
595 2170 787 2201 contradictio.
805 2169 852 2196 sed
870 2168 961 2204 potius

1013 250 1135 285 βούλοιτο
1161 249 1281 284 σωθῆναι
1309 248 1372 280 τοὺς
1400 246 1595 285 Σαρῤακηνοὺς
1611 247 1624 273 ὸ
1651 245 1731 277 Θεὸς,
1753 246 1798 272 καὶ.

1013 296 1075 327 τοὺς
1087 295 1269 329 γινώσκοντας
1283 294 1333 327 τὴν
1345 294 1400 321 τῶν
1419 293 1542 328 Ἀράϐων
1558 291 1700 325 γλῶσσαν.
1724 290 1755 317 'O
1771 291 1797 316 δὲ

1012 341 1066 368 τῶν
1087 340 1256 376 Χριστιανῶν
1278 340 1371 375 νόμος,
1386 340 1400 366 ὁ
1427 340 1457 366 ὲν
1480 338 1579 370 πάσαις
1603 336 1798 372 γεγραμμένος

1011 387 1072 418 ταῖς
1086 385 1249 418 διαλέκτοις,
1269 386 1336 420 φησὶ
1355 385 1402 411 τὸν
1421 384 1488 411 Θεὸν
1509 385 1614 414 πάντας
1635 382 1799 417 ἀνθρώπους
1815 406 1818 407 ,

1013 431 1100 458 θέλειν
1122 429 1250 465 σωθῆναι.
1269 430 1301 456 Ol
1320 428 1494 465 Σσῤῥακηνοὶ
1516 427 1604 455 τοίνυν
1628 428 1653 453 οἱ
1672 426 1751 461 μόνῳ
1764 425 1800 459 τῷ

1012 477 1124 511 ὀνόματι
1140 476 1281 510 λεγόμενοι
1308 474 1484 509 σεσωσμένοι,
1506 473 1599 504 καθὼς
1621 473 1800 507 προείρηται,

1013 522 1060 550 καὶ
1075 523 1105 555 οἱ,
1114 522 1188 549 ἄλλοι
1204 522 1305 553 πάντες
1316 521 1341 547 οἱ
1359 521 1430 547 κατά
1444 519 1576 554 ἀλήθειαν
1592 519 1718 553 σωθῆναι
1739 517 1801 552 βου-

1012 568 1132 602 λόμενοι,
1159 567 1320 602 μαθέτωσαν
1347 566 1393 593 τὸν
1421 565 1541 600 Χριστὸν
1569 563 1640 591 εῖναι
1669 563 1800 597 Σωτῆρα.

1012 613 1273 646 ἀναγινωσκέτωσάν
1289 621 1319 639 τε
1335 611 1364 638 τὸ
1379 610 1548 645 Εὐαγγέλιον
1560 610 1589 637 ὲν
1644 610 1678 637 ἂν
1693 609 1802 644 βούλον-

1012 667 1058 684 ται
1075 657 1217 693 διαλέκτῳ,
1234 657 1281 684 καὶ
1300 657 1448 693 εὑρήσουσι
1470 656 1565 691 σχεδὸν
1580 656 1694 682 ἐναντία
1713 655 1803 681 πάντα

1011 705 1069 734 τοῐς
1085 703 1294 738 προειρημένοις
1306 703 1354 730 καὶ
1372 703 1556 737 δεδειγμένοις
1569 702 1621 728 ὑπὸ
1637 701 1687 728 τοῦ
1710 701 1804 728 Ἀλκο-

1014 751 1106 785 ράνου.
1121 751 1275 785 Εὐρήσουσι
1299 749 1548 786 συμμαρτυροῦντα
1575 749 1650 784 αὑτῷ
1682 748 1731 775 τὸν
1756 748 1803 774 τοῦ

1012 796 1133 828 Μωσέως
1150 796 1231 830 νόμον
1258 796 1305 822 καὶ
1320 796 1383 827 τοὺς
1398 795 1550 831 προφήτας,
1564 795 1706 830 μηδεμιᾶς
1721 793 1804 828 οὖσης

1012 843 1082 877 πρ>ις
1105 843 1205 874 αὐτοὺς
1222 841 1268 869 τοῦ
1295 842 1461 877 Εὐαγγελιου
1482 841 1682 877 ἐναντιότητος.
1701 841 1804 875 μᾶλλον

1015 890 1064 924 μὲν
1078 889 1124 916 οὖν
1137 889 1368 925 συμπληρωτικὸν
1383 889 1429 916 καὶ
1442 887 1600 923 τελειότητα
1615 887 1732 914 πάντων
1752 886 1805 913 τῶν

1013 934 1110 961 ἄλλων.
1131 933 1286 970 Εὐρήσουσί
1304 941 1334 960 τε
1358 933 1388 960 ἐν
1407 933 1446 968 τῷ
1461 932 1621 967 Εὑαγγελίῳ
1637 932 1748 967 φράσιν
1774 931 1805 958 οὐ

1015 980 1180 1016 μετρικὴνῆ
1203 979 1351 1016 ῥυθμικὴν,
1370 978 1429 1006 ἀλλ’
1453 978 1544 1013 ἁπλῆν
1567 978 1616 1005 καὶ
1642 978 1756 1012 κοινὴν,
1774 977 1804 1004 οὺ

1013 1026 1057 1052 διά
1080 1025 1130 1061 τὴν
1158 1025 1297 1059 ἁπλότητα
1322 1024 1377 1051 τῶν
1400 1024 1571 1059 γραφόντων,
1593 1022 1660 1049 ἀλλά
1686 1023 1734 1049 διὰ
1756 1022 1808 1056 τὴν

1013 1070 1147 1105 ὠφέλειαν
1178 1071 1234 1097 τῶν
1255 1068 1507 1103 ἀναγινωσκόντων,
1527 1067 1594 1094 ὥσθ’
1620 1067 1674 1094 ὑπὸ
1701 1067 1806 1097 παντὸς

1013 1118 1100 1146 ἁπλοῦ
1118 1127 1147 1145 τε
1177 1118 1224 1146 καὶ
1248 1117 1354 1145 ἰδιώτου
1378 1117 1485 1149 οίκείως
1503 1116 1745 1152 ἀναγινώσκεσθαι
1762 1115 1806 1142 δῦ-

1013 1165 1124 1192 νασοαι.
1140 1163 1227 1196 Ἱιθος
1247 1164 1275 1190 δὲ
1302 1164 1360 1199 ἔχει
1382 1164 1413 1190 οὐ
1440 1162 1645 1195 κολακευτικὸν,
1662 1162 1726 1188 ἀλλ’
1752 1161 1805 1188 οὐδ’

1014 1210 1114 1245 αἰσχρά
1127 1210 1143 1245 ἢ
1159 1210 1230 1244 ἀήθη
1245 1209 1377 1244 ὀνόματα,
1392 1209 1459 1236 ἀλλὰ
1477 1208 1554 1236 κοινὰ
1570 1208 1617 1235 καὶ
1634 1208 1803 1242 σεμνότατα.

1013 1256 1106 1283 Μῦθον
1120 1256 1148 1282 δὲ
1162 1255 1258 1282 οὐδένα
1276 1254 1415 1287 παντελῶς
1432 1254 1555 1290 περιέχει
1571 1253 1602 1280 τὸ
1620 1253 1804 1288 Εὑαγγέλιον,

1014 1302 1082 1329 ἀλλὰ
1094 1302 1141 1329 καὶ
1157 1303 1183 1329 εῑ
1194 1310 1270 1334 τινας
1285 1301 1370 1328 ὲνίοτε
1387 1300 1546 1336 παραδολάς
1559 1301 1763 1336 παρατίθησιν,
1777 1300 1805 1333 ἐξ

1014 1347 1100 1381 αὐτῆς
1125 1347 1176 1381 τῆς
1199 1346 1247 1373 τοῦ
1275 1346 1355 1380 λόγου
1374 1345 1536 1377 ἀκολουθίας
1561 1346 1703 1373 δείκνυται
1725 1355 1806 1380 φανε-

1015 1392 1081 1427 ρῶς,
1102 1392 1144 1419 ὅτι
1175 1391 1369 1426 παραΰολικῶς
1392 1391 1561 1426 διαλέγεται.
1585 1391 1702 1427 Συνᾴδει
1728 1391 1757 1418 δὲ
1776 1393 1804 1419 ὲν

1014 1439 1074 1469 ταῖς
1093 1437 1264 1471 ἀποφάσεσιν
1285 1437 1316 1463 οὐ
1334 1436 1414 1472 μόνον
1433 1437 1492 1468 ταῖς
1515 1436 1611 1468 ἀλλαις
1628 1437 1718 1472 ἱεραῖς
1735 1437 1806 1472 Γραο

1015 1485 1089 1518 φαῖς,
1109 1483 1199 1514 καθὼς
1223 1483 1343 1518 εἴρηται,
1358 1482 1427 1510 ἀλλὰ
1443 1482 1559 1514 καὶτοῖς
1573 1482 1734 1517 φιλοσόφοις
1748 1484 1803 1513 τοῖς

1015 1529 1078 1564 περὶ
1093 1529 1199 1564 ἀρετῶν
1212 1530 1259 1556 καὶ
1273 1529 1320 1556 τοῦ
1333 1529 1448 1564 ἐσχάτου
1468 1528 1522 1556 τῶν
1541 1528 1696 1563 ἀνθρώπων
1710 1530 1803 1560 τέλους

1012 1573 1210 1604 ἀποδεικτικῶς
1226 1573 1241 1608 ἢ
1256 1573 1373 1607 λογικῶς
1393 1573 1803 1609 πραγματευσαμένοις.[1ροσ-

1013 1621 1104 1655 τίθησι
1120 1620 1214 1655 μέντοι
1237 1619 1284 1646 καί
1298 1628 1358 1646 τινα
1379 1620 1544 1654 ὑψηλότατα,
1563 1619 1607 1654 ἐφ’
1622 1619 1641 1646 ἀ
1658 1620 1672 1645 ὁ
1688 1619 1804 1654 φυσικὸς

1013 1667 1059 1695 καὶ
1082 1667 1252 1702 ἀνθρώπινος
1277 1666 1355 1700 λόγος
1379 1667 1409 1693 οὗ
1433 1666 1545 1693 δύναται
1569 1666 1728 1701 ἐφικέσθαι.
1749 1666 1805 1692 Καὶ

1012 1713 1087 1740 οὐδὲν
1114 1712 1241 1747 οὐδαμῶς
1268 1720 1368 1746 φησιν,
1400 1708 1422 1745 ᾦ
1456 1713 1489 1739 ἂν
1522 1720 1562 1744 τις
1601 1712 1804 1741 ἀποδεικτικῶς

1012 1759 1135 1792 ἑνσταίη.
1149 1758 1204 1791 Τῆς
1228 1758 1280 1792 γὰρ
1297 1757 1464 1790 ἀποδείξεως
1478 1757 1580 1792 ἀληθὲς
1603 1757 1802 1792 περιεχούσης,

1014 1805 1093 1839 μόνον
1128 1805 1158 1830 τὸ
1190 1804 1289 1837 ψεῦδος
1319 1804 1404 1839 ταύτῃ
1438 1803 1550 1831 δυνατὸν
1588 1804 1802 1837 ἐναντιωθῆναι.

1018 1849 1152 1885 ’Δκριϐὡς
1172 1859 1201 1876 τε
1225 1850 1436 1880 σκοπουμένοις,
1451 1849 1511 1876 οὐδὲ
1537 1849 1587 1883 μία
1613 1849 1805 1882 ἐναντιολογέα

1013 1895 1041 1919 ὲν
1057 1894 1113 1925 τοῖς
1127 1893 1302 1927 Εὑςιγγελῖοις
1320 1893 1489 1927 εὑρίσκεται.
1511 1893 1592 1919 Ὥστε
1611 1893 1649 1927 μὴ
1670 1893 1756 1927 μόνον
1776 1893 1805 1918 ἐν

1013 1939 1179 1973 Εὐαγγέλιον
1193 1939 1282 1974 ἑαυτῷ
1301 1940 1469 1973 συμφωνεῖν,
1483 1938 1551 1965 ἀλλὰ
1566 1940 1612 1965 καὶ
1631 1939 1664 1965 τὰ
1680 1940 1804 1973 τέσσαρα

1013 1986 1139 2021 ἀλλήλοις
1154 1986 1183 2013 ὲν
1199 1986 1267 2012 πᾶσι
1289 1987 1345 2017 τοῖς
1368 1985 1432 2020 περὶ
1450 1985 1499 2021 τὴν
1516 1985 1608 2011 πίστιν
1628 1986 1803 2017 ἀναγκαίοις.

1011 2034 1134 2060 τουτέστι
1149 2033 1212 2068 περὶ
1227 2034 1275 2066 τῆς
1292 2031 1467 2067 σαρκώσεως,
1482 2032 1532 2067 τῆς
1547 2031 1734 2063 διδασκαλίας,
1755 2031 1802 2058 τοῦ

1014 2079 1128 2111 πάθους,
1150 2078 1200 2113 τῆς
1220 2078 1409 2109 ἀναστάσεως,
1424 2078 1474 2112 τῆς
1489 2077 1651 2112 ἀναλήψεως
1672 2078 1719 2103 τοῦ
1738 2077 1803 2110 Χρι-

1014 2124 1090 2155 στοῦ,
1106 2124 1195 2151 καίτοι
1211 2131 1242 2158 γε
1257 2124 1311 2150 τῶν
1330 2124 1471 2158 τεσσάρων
1494 2123 1670 2157 Εὑαγγελίων
1691 2124 1721 2148 ὲν
1744 2124 1804 2149 δια-

1013 2171 1107 2205 φόροις
1122 2170 1216 2201 τόποις
1237 2170 1285 2196 καὶ
1304 2170 1446 2204 διαφόροις
1469 2169 1633 2200 διαλέκτοις,
1649 2169 1690 2195 ἔτι
1707 2178 1735 2195 τε
1751 2170 1802 2195 ὑπὸ

175 2215 346 2250 dispensatio
371 2215 430 2248 Dei,
454 2215 531 2249 quasi
555 2215 705 2250 inspirante
730 2214 834 2249 Spiritu
853 2219 960 2247 saneto,

1014 2215 1152 2251 διαφόρων
1174 2215 1356 2248 συγγραφέων
1375 2215 1403 2247 ἐξ
1420 2215 1508 2248 ἀρχῆς
1531 2213 1801 2248 συγγεγραμμένων,

176 2267 207 2288 ut
229 2261 302 2296 quod
328 2261 361 2288 ab
382 2269 437 2288 uno
460 2261 632 2296 Evangelista
663 2261 878 2295 prmtertnissum
906 2265 960 2290 est.

175 2309 246 2335 alter
265 2308 348 2341 dicat,
365 2307 439 2343 quod
466 2312 557 2335 autem
573 2307 607 2334 ab
623 2315 677 2334 uno
695 2307 862 2342 evangelista
878 2307 964 2339 serip~

177 2358 235 2381 tum
251 2358 304 2385 est,
320 2354 413 2380 nullus
429 2353 545 2381 aliorum
562 2353 644 2380 trium
660 2353 780 2388 negavit,
797 2353 839 2379 vel
852 2358 963 2380 contra-

177 2401 251 2427 rium
263 2400 510 2434 aliquiddixitﬁed
525 2399 549 2426 hi
563 2404 679 2434 quatuor
695 2407 748 2426 non
763 2398 855 2426 omnia
869 2406 963 2433 opera,

178 2448 222 2474 vel
241 2447 325 2474 verba
340 2447 442 2474 Christi
469 2447 704 2481 conscripserunt,
727 2445 774 2473 sed
799 2446 888 2473 solum
902 2452 963 2479 qua:

179 2495 214 2522 ad
229 2493 345 2521 salutem
369 2497 434 2520 sunt
450 2492 536 2527 magis
551 2493 716 2520 necessaria.

1015 2262 1053 2293 ὡς
1079 2262 1251 2297 προείρηται.
1282 2261 1359 2292 Τινὲς
1395 2261 1488 2295 μέντοι
1524 2261 1579 2286 τῶν
1609 2260 1802 2294 ἁπλοιστέρων

1016 2307 1152 2334 ὑπέλαϐον
1177 2308 1206 2333 ὲν
1221 2307 1257 2342 τῷ
1279 2306 1438 2341 manem?
1459 2304 1530 2332 εἶναι
1554 2305 1742 2339 ἐναντιότητα,
1759 2304 1802 2331 διὰ

1015 2353 1046 2379 τὸ
1061 2353 1131 2388 ὅπερ
1156 2353 1185 2379 ὲν
1201 2353 1241 2380 ἐνὶ
1267 2352 1425 2386 libramento
1444 2351 1614 2386 γέγραπται,
1629 2351 1658 2376 ἐν
1672 2350 1746 2385 ἄλλῳ
1766 2350 1802 2384 μὴ

1016 2398 1204 2435 περιέχεσθαι.
1221 2397 1307 2425 Τοῦτο
1322 2397 1350 2423 δὲ
1365 2397 1414 2422 οὐκ
1428 2397 1502 2422 ἔστιν
1518 2395 1716 2428 ἐναντιολογία,
1733 2396 1801 2422 ἀλλὰ

1018 2444 1119 2480 μᾶλλον
1139 2443 1281 2478 οἰκονομία
1301 2443 1378 2470 Θεοῦ.
1394 2443 1447 2468 Τοῦ
1473 2442 1527 2476 γὰρ
1546 2442 1625 2475 ἁγίου
1644 2441 1804 2476 Πνεύματος

1017 2489 1234 2525 παροτρὺνοντος
1259 2489 1290 2515 τὸ
1312 2487 1377 2523 παρ’
1399 2488 1458 2518 ἑνὸς
1482 2488 1678 2521 εὐαγγελιστοῦ
1708 2495 1805 2513 σεσιω-

180 2541 302 2575 πημὲνον
321 2539 414 2574 ἔτερος
437 2537 509 2566 εἷπε.
526 2539 562 2566 Τὸ
583 2539 611 2565 δὲ
628 2539 673 2573 ὑφ’
691 2538 750 2570 ἑνὸς
785 2537 977 2572 εὐαγγελιστοῦ
998 2537 1104 2571 γραφὲν
1126 2535 1215 2566 οὐδεὶς
1249 2536 1388 2570 ἠρνήσατο
1407 2534 1460 2560 τῶν
1475 2533 1562 2559 ἄλλων
1584 2532 1678 2566 τριῶν,
1695 2533 1804 2566 ἢέναν-

179 2590 238 2616 τῖον
267 2596 293 2614 τι
323 2585 410 2613 εἶπεν.
434 2584 514 2611 ’Λλλὰ
538 2585 585 2610 καὶ
607 2581 679 2610 οῦτοι
707 2584 733 2610 οἱ
759 2584 902 2618 τέσσαρες,
930 2583 963 2609 οὐ
980 2583 1070 2609 πάντα
1092 2581 1126 2608 τὰ
1150 2581 1219 2616 ἔργα
1243 2581 1260 2615 ἢ
1298 2579 1360 2610 τοὺς
1380 2578 1474 2613 λόγους
1497 2578 1544 2604 τοῦ
1569 2577 1689 2612 Χριστοῦ
1728 2586 1806 2605 συνε-

180 2638 332 2672 γρὶιψαντο,
348 2634 415 2661 ἀλλά
436 2634 515 2668 μόνον
527 2633 560 2660 τὰ
575 2632 642 2667 πρὸς
658 2632 796 2666 σωτηρίαν
814 2631 1028 2667 ἀναγκαιότερα.

215 2682 358 2717 Quomodo
371 2686 460 2708 autent
475 2679 600 2706 doctrina
615 2677 768 2706 Christiana
782 2678 901 2714 perfecte
914 2678 966 2705 mi-

181 2729 284 2757 raculis
312 2728 348 2755 sit
376 2726 548 2758 conﬁrmata,
570 2725 598 2752 in
614 2724 730 2760 septimo
747 2725 865 2759 capitulo
877 2725 965 2752 mani-

182 2778 251 2804 feste
265 2779 327 2801 ante
350 2773 567 2800 demonstratum
594 2776 646 2804 est,
673 2778 760 2805 quare
781 2777 834 2797 non
859 2775 967 2805 oportet

183 2822 302 2857 aznplius
328 2821 354 2847 in
380 2819 483 2846 eisdem
510 2817 626 2846 versari.
650 2816 729 2844 Nulla
759 2821 850 2844 aulctu
875 2822 916 2844 est
939 2817 966 2843 in

184 2868 286 2899 mundo
299 2866 435 2898 doctrina,
450 2866 490 2893 vel
507 2866 558 2898 lex,
582 2872 642 2900 qua:
653 2865 692 2892 sic
711 2862 879 2891 rationabilis
892 2863 965 2891 exsi-

1053 2677 1116 2707 [Ιῶς
1132 2676 1161 2703 δὲ
1183 2677 1199 2710 ἡ
1218 2674 1400 2710 Χριστιανικὴ
1424 2672 1584 2699 διδασκαλία
1604 2672 1717 2704 τελείως
1738 2673 1805 2700 θαύ-

1019 2733 1086 2759 μασι
1102 2721 1268 2759 βεϐαιοῦται,
1283 2720 1410 2755 φανερῶς
1430 2721 1459 2746 ἐν
1474 2719 1512 2754 τῷ
1535 2719 1643 2753 ἑϐδόμῳ
1659 2719 1803 2753 κεφαλαίῳ

1019 2769 1262 2804 προαποδέδεικται
1273 2776 1281 2783 ·
1293 2768 1338 2793 καὶ
1351 2767 1381 2792 οὺ
1396 2767 1437 2793 δεῖ
1447 2766 1493 2791 ἐπὶ
1507 2765 1588 2791 πλέον
1601 2765 1630 2790 ἐν
1643 2766 1701 2795 τοῖς
1712 2765 1805 2795 αὐτοῖς

1017 2814 1177 2848 διατρίϐειν.
1196 2812 1316 2847 Οὐδεμία
1328 2812 1356 2838 δέ
1372 2812 1446 2836 ἐστιν
1461 2810 1489 2836 ἐν
1505 2808 1543 2844 τῷ
1561 2809 1657 2843 κόσμῳ
1675 2808 1803 2835 διδασκα-

1020 2861 1091 2896 λίχῆ
1111 2861 1188 2896 νίμο“
1215 2859 1299 2890 οὕτως
1315 2858 1422 2893 εὔλογος
1446 2856 1482 2882 ὢν
1512 2857 1558 2883 καὶ
1583 2856 1694 2886 τέλειος,
1710 2855 1803 2888 ὥσπερ
