1915 3094
154 142 223 176 1115

753 142 902 172 CONTRA
925 140 1180 174 ltlAllJMETEM.

1712 142 1779 174 ll-lG

154 202 168 227 ὁ
187 199 382 234 εὐαγγελικδς,
406 199 435 232 ὃς
461 199 551 226 πάντα
574 199 608 226 τὰ
637 198 710 232 πάοη
733 199 765 226 ὲκ
787 200 836 232 τῆς
865 199 942 234 ῥίζης

1010 202 1049 226 tat
1060 204 1089 226 et
1107 200 1228 234 perfecta
1250 200 1322 227 sicut
1335 199 1504 233 evangelica,
1519 205 1580 232 quae
1597 205 1692 225 omnes
1715 205 1779 232 pas-

155 245 325 273 όινέσπασεν’
344 245 374 271 οὺ
396 245 478 280 μόνον
502 245 552 280 τὴν
567 244 687 271 ἄτακτον
712 245 864 279 ἐνέργειαν,
881 245 896 280 ἢ
911 244 941 271 τὺ

154 291 255 324 ἔξωθεν
278 290 356 326 ῥῆμα
378 290 504 323 κωλύων,
525 290 593 317 ἀλλὰ
616 291 663 317 καὶ
683 290 732 324 τὴν
755 289 875 316 ἄτακτον
895 289 941 316 τοῦ

154 336 286 371 λογισμοῦ
312 335 433 371 κίνησιν,
453 336 470 371 ἢ
488 336 538 370 τὴν
560 336 635 363 ἔνδον
656 336 787 368 διάθεσιν,
802 333 858 399 οἱον
883 336 942 362 ὲτιι-

156 381 257 399 ηιμ-’κη
282 381 368 399 ᾹΛνῦιυ
388 382 504 399 δφηνψιιυ
535 381 580 399 νηὶ
605 382 638 399 In"
659 381 769 399 φηιηῦηιη
799 389 812 399 r.
827 390 839 399 ρ
855 382 942 399 rufum-.1

156 381 268 415 ουμίαν,
282 381 368 417 ὀργὴν
386 382 516 412 ἄτακτον,
535 381 582 408 καὶ
605 382 639 408 τὰ
659 381 781 413 τοιαῦτα,
799 381 839 412 οἷς
855 382 944 407 πάντα

157 427 191 454 τὰ
207 427 260 460 ἔξω
285 427 360 454 κακὰ
376 427 499 454 ἕπονται.
516 427 666 461 Ἐφύτευσε
681 427 709 453 δὲ
726 428 773 454 καὶ
796 428 941 462 ἀπήρτησε

157 473 247 499 πάντα
259 473 294 499 τὰ
307 473 398 506 ἅγαοὰ
415 473 444 499 ὲν
457 474 490 508 τῇ
505 472 600 508 ἐντολῇ
614 473 663 507 τῆς
685 473 857 507 τελειοτάτης
873 472 944 505 ἁγά-

157 527 222 552 πης,
240 517 288 544 τοῦ
303 517 371 544 Θεοῦ
383 518 506 553 δηλονότι
530 517 579 544 καὶ
596 517 643 544 τοῦ
659 517 775 552 πλησίον
786 525 794 534 ·
812 517 872 553 ἥτις
886 517 946 544 ἐστὶ

157 563 296 598 πλήρωμα
320 564 414 598 νόμου.
428 563 609 597 Φυτευοείσης
628 563 682 598 γὰρ
701 563 794 596 φιλίας
816 563 863 589 καὶ⁸
877 562 946 596 ἀγά-

157 616 212 641 πης
228 608 346 641 τελείας,
361 608 377 643 ἢ
393 607 449 634 τῶν
475 607 548 634 ίδίων
575 608 686 641 ἀγαθῶν
709 609 765 638 τοῖς
781 607 874 639 ἄλλοις
889 616 946 634 κοι-

159 655 255 680 νωνεῖν
271 653 435 687 ἀναγκάζει,
455 653 505 679 οὐκ
528 652 569 679 έτι
586 653 659 679 ἐστὶν
676 654 826 687 ἀναγκαῖον
843 653 946 679 δικαιο-

159 699 242 733 σύνην
274 698 381 734 ζητεῖν,
409 699 561 732 ὲνάγουστιν
595 698 664 733 πρδς
694 699 725 724 τὸ
756 699 790 725 τὰ
817 698 946 733 ἀλλότρια

158 745 325 772 ἀποδιδόναι.
345 744 406 771 Ἔτι
421 744 543 779 περιέχει
565 744 596 770 τὸ
618 743 784 778 Εὑαγγέλιον
801 743 830 770 τὸ
849 743 947 770 οἰκειό-

159 799 241 818 τατον
269 791 316 816 καὶ
341 791 456 824 φυσικὸν
471 790 657 825 πρόσταγμα·
679 798 687 815 ι
712 790 782 816 Ὅσα
803 789 835 816 ἂν
852 789 947 824 ϐάλητε

160 835 204 861 ῖνα
227 834 340 861 ποιῶσιν
359 834 424 870 ὑμῖν
447 835 472 861 οἱ
496 834 646 870 ἄνθρωποι,
670 834 717 861 καὶ
742 834 821 868 ὑμεῖς
844 834 947 860 ποιεῖτε

994 246 1088 272 siones
1115 245 1249 273 radicitus
1273 245 1375 272 avellit.
1401 245 1458 275 Non
1489 245 1577 271 solum
1598 243 1779 270 inordinatam

994 293 1131 320 actionem
1161 297 1189 319 et
1218 291 1341 318 exterius
1370 292 1483 317 verbum
1516 290 1663 324 prohibet,
1686 288 1733 316 sed
1753 293 1781 314 et

995 339 1181 366 inordinatum
1210 337 1292 364 animi
1324 342 1448 367 motum,
1477 337 1522 363 vel
1548 336 1725 362 iutrinsecum
1742 334 1783 360 af-

996 384 1110 415 fectum.
1128 385 1200 411 sicut
1218 383 1482 417 concupiscentiam,
1501 382 1568 408 iram
1585 381 1781 411 inordinatam,

996 435 1024 457 et
1050 430 1163 461 similia,
1184 437 1217 457 ex
1247 429 1348 463 quibus
1379 429 1471 455 omnia
1489 427 1559 454 mala
1585 426 1721 454 exteriora
1741 433 1783 452 sc-

996 481 1131 511 quuntur.
1148 476 1336 509 Plantavitque
1357 479 1383 501 et
1398 474 1569 500 conservavit
1584 473 1673 499 omnia
1712 472 1781 498 bona

997 521 1024 547 in
1038 521 1164 547 mandato
1185 520 1391 555 perfectissime
1407 518 1573 550 dilectionis,
1587 517 1635 544 Dei
1656 517 1784 544 videlicet

998 570 1026 594 et
1044 567 1174 601 proximi.
1192 560 1287 594 Habita
1306 567 1378 593 enim
1395 565 1514 593 amicitia
1534 564 1705 591 etcharitate
1722 571 1785 596 per-

998 610 1088 642 fecta,
1115 619 1175 645 qum
1196 610 1304 645 propria
1322 611 1392 636 bona
1415 618 1475 636 cum
1495 609 1557 635 aliis
1581 607 1783 634 communicare

999 654 1085 690 cogit,
1097 662 1152 681 non
1171 659 1212 681 est
1232 655 1418 682 necessarium
1430 654 1565 689 justitiam
1579 660 1711 686 qumrerc,
1723 659 1783 685 qua:

999 709 1050 728 nos
1066 700 1171 727 inducit
1186 700 1218 727 ad
1236 700 1435 728 restituendutn
1455 700 1558 727 aliena.
1577 698 1644 725 item
1662 697 1785 724 enminet

1001 745 1178 781 Evangeliutn
1196 746 1429 773 naturalissimum
1441 750 1465 772 et
1478 744 1696 779 propriissimum
1708 750 1784 769 man-

1000 793 1094 819 datum
1113 802 1119 820 :
1139 802 1148 818 ι
1164 793 1337 826 Quaecunque
1360 792 1444 819 vultis
1471 797 1502 819 ut
1520 792 1620 817 faciant
1638 789 1716 816 vobis
1738 789 1786 815 hn-

1001 838 1102 870 mines,
1123 843 1149 864 et
1164 846 1212 865 vos
1229 838 1309 864 facile
1335 837 1461 864 similiter
1480 837 1520 863 eis
1543 837 1579 862 ".
1611 845 1620 861 ι
1643 835 1702 868 Quo
1727 835 1784 861 sul-t

159 880 260 914 ὁμοίως
275 881 377 912 αὐτοῖς.
394 890 403 907 ι
422 881 454 907 ’Ὁ
471 881 550 915 μόνον
566 881 621 912 τοῖς
637 880 818 915 κτησαμένοις
831 879 893 906 οὐδὲ
909 878 944 905 ἓν

1006 883 1109 915 habito,
1124 891 1178 910 non
1197 887 1239 910 est
1256 882 1439 910 necessarium
1459 881 1532 910 aliud
1554 886 1718 915 princeptum
1742 886 1787 905 re-

159 925 224 952 ἄλλο
242 925 316 952 ἐστὶν
329 927 478 959 ἀναγκαῖον
506 925 673 961 πρόσταγμα
686 946 694 959 ,
710 927 772 953 ὅσον
794 925 863 960 πρὸς
885 925 950 956 τοὺς

159 971 286 1006 πλησίον.
302 972 340 999 Οὐ
357 972 437 1008 μόνον
451 972 479 999 δὲ
496 972 628 1008 ἀλήθειαν
641 972 764 1008 περιέχει
784 973 814 998 τὸ
830 971 951 1006 Εὐαγγέ-

159 1017 227 1050 λιον,
249 1017 307 1044 ἀλλ’
333 1017 429 1052 ὥσπερ
454 1018 628 1044 πιστεύουσιν
658 1018 683 1044 οι
711 1017 867 1044 διδάσκαλοι
895 1016 951 1043 τῶν

160 1062 346 1096 Χριστιανῶν,
363 1063 387 1089 εί
403 1063 433 1089 ἓν
459 1063 540 1098 μόνον
556 1064 585 1090 ὲν
605 1063 644 1098 τῷ
667 1064 829 1100 Εὑαγγελίῳ
845 1064 952 1099 εὕροιτο

161 1108 269 1142 ψεῦδος,
293 1108 354 1135 δλον
383 1108 497 1140 είκότως
523 1109 557 1136 ἂν
584 1109 763 1145 ὑπωπτεύθη,
787 1109 882 1144 ὥσπερ
905 1109 953 1136 καὶ

162 1153 291 1188 ἀνωτέρω
314 1154 456 1189 διώρισται
479 1155 508 1181 ὲν
529 1154 568 1189 τῷ
591 1155 694 1190 ὲννάτῳ
715 1155 868 1190 κεφαλαίῳ.
886 1155 953 1182 Βίαν

161 1198 190 1225 δὲ
205 1199 266 1226 οὐδὲ
289 1200 353 1234 μίαν
371 1201 509 1236 συγχωρεῖ
523 1201 552 1227 τὸ
573 1201 738 1235 Εὐαγγέλιον
750 1209 759 1218 ⁸
786 1201 887 1235 μᾶλλον
903 1201 953 1235 μὲν

162 1244 209 1272 οὖν
222 1245 269 1272 καὶ
284 1245 368 1281 αὐτὴν
381 1245 430 1281 τὴν
443 1246 504 1280 βίαν
519 1246 566 1273 καὶ
579 1247 630 1282 τὴν
643 1246 750 1273 ἀδικίαν
765 1246 953 1281 μακροθύμως

164 1291 220 1317 δεῖν
235 1291 329 1326 φέρειν
345 1292 438 1327 φησὶν,
450 1292 549 1326 λέγων,
576 1302 585 1318 ε
606 1291 670 1320 Ἐάν
689 1293 730 1324 τίς
745 1301 775 1319 σε
796 1293 898 1327 ραπίσῃ
914 1294 954 1324 εἰς

166 1337 216 1370 τὴν
229 1335 318 1368 δεξιὰν
337 1337 462 1370 σιαγόνα,
482 1336 600 1371 στρέψον
621 1336 697 1370 αὒτῷ
719 1336 766 1363 καὶ
783 1337 832 1371 τὴν
849 1336 933 1370 ἄλλην
946 1344 953 1352 ·

166 1380 214 1406 καὶ
234 1381 262 1406 εί
282 1389 324 1412 τις
344 1381 398 1406 ἀπὸ
422 1380 469 1407 σοῦ
484 1380 561 1408 λάϐοι
586 1380 632 1408 τὸν
648 1381 759 1415 χιτῶνα,
778 1381 814 1415 μὴ
830 1379 955 1415 κωλύσῃς

164 1425 256 1456 αὐτὸν,
271 1426 338 1452 ἀλλὰ
361 1426 405 1457 δὸς
431 1427 478 1453 καὶ
499 1426 529 1453 τὺ
555 1426 673 1461 Ιμάτιον.
694 1436 703 1452 ι
719 1427 847 1453 Διδάσκει
861 1426 890 1452 δὲ
907 1426 955 1452 καὶ

165 1470 235 1505 ὑπὲρ
254 1471 304 1504 τῆς
321 1471 514 1505 ἐπενεχθείσης
530 1470 636 1502 ἀδικίας
652 1471 699 1497 καὶ
715 1471 811 1505 μίσους
828 1471 954 1497 εὐποιίαν

166 1517 214 1543 καὶ
235 1517 346 1551 ἀγάπην
376 1517 541 1548 ἀποδιδόναι,
563 1517 661 1551 λέγων,
691 1525 700 1542 ‹
729 1517 869 1550 Ἀγαπᾶτε
891 1517 954 1546 τοὺς

166 1562 281 1597 ἐχθροὺς
297 1562 383 1595 ὑμῶν,
399 1562 491 1593 καλῶς
511 1563 616 1588 ποιεῖτε
641 1564 698 1594 τοῖς
726 1561 852 1597 μισοῦσιν
868 1562 951 1596 ὑμᾶς,

166 1609 213 1634 καὶ
230 1608 342 1643 εὖχεσθε
358 1608 428 1643 ὑπὲρ
445 1609 499 1635 τῶν
514 1609 724 1643 ἐπηρεαζόντων
741 1609 788 1634 καὶ
801 1608 953 1634 διωκόντων

166 1655 249 1687 ὑμᾶς.
270 1663 279 1680 ι
297 1654 334 1680 Οὐ
354 1654 407 1689 μὴν
433 1653 513 1680 τοῦτο
539 1653 720 1684 ἐναντιοῦται,
749 1652 777 1679 εῐ
800 1661 874 1684 τινες
898 1653 952 1679 τῶν

167 1699 339 1734 Χριστιανῶν
364 1699 479 1734 πονηροὶ
497 1699 527 1725 οὐ
546 1698 718 1734 φυλάσσουσι
743 1698 831 1725 ταῦτα
850 1698 952 1725 πάντα.

168 1746 205 1771 υῦ
222 1745 276 1780 γὰρ
297 1746 313 1780 ἡ
334 1745 388 1772 τῶν
405 1745 532 1780 πονηρῶν
552 1744 703 1780 διαστροφὴ
721 1743 820 1772 κωλύει
842 1744 892 1778 τὴν
907 1744 954 1770 τοῦ

168 1791 320 1824 ἁγιωτάτου
336 1791 418 1825 νόμου
436 1790 595 1826 τελειότητα
609 1792 656 1817 καὶ
672 1790 813 1825 ἀλήθειαν.

205 1838 396 1874 Εὑτακτοτάτη
414 1838 442 1865 δέ
457 1839 532 1865 ἐστιν
547 1839 563 1873 ἡ
578 1839 625 1864 τοῦ
639 1838 810 1872 Εὑαγγελίου
826 1838 954 1865 διδασκα-

169 1884 225 1916 λία,
245 1883 336 1915 καθὼς
353 1883 596 1919 προαποδέδεικται
616 1885 645 1910 ἐν
668 1884 706 1919 τῷ
725 1885 860 1919 ἑνδεκάτῳ
873 1893 957 1918 κεφα-

171 1931 250 1964 λαίῳ,
265 1931 312 1956 καὶ
335 1931 382 1957 τοῦ
401 1931 497 1965 χρόνου
516 1930 601 1963 τάξει,
621 1931 669 1957 καὶ
698 1930 793 1960 τόπου,
818 1931 863 1958 καὶ
885 1931 958 1957 διδα-

173 1976 297 2007 σκαλίας,
314 1976 360 2002 καὶ
381 1975 457 2010 ὕλης.
478 1976 609 2011 Ἀρχεται
638 1977 686 2010 μὲν
709 1976 763 2011 γὰρ
779 1976 810 2002 ὲκ
826 1977 874 2011 τῆς
889 1985 957 2011 σαρα

170 2021 281 2052 κ’ὒσεως
305 2021 350 2048 τοῦ
372 2021 502 2054 Χριστοῦ,
517 2022 564 2047 καὶ
587 2021 734 2055 διορίζεται
757 2021 791 2047 τὰ
816 2021 884 2055 πρὸς
907 2022 957 2056 τὴν

171 2068 297 2102 γέννησιν
313 2067 409 2093 τούτου
424 2066 572 2102 ἀνήκοντα.
590 2067 646 2093 Καὶ
668 2066 738 2101 μετά
749 2067 800 2101 τὴν
816 2067 956 2101 γέννησιν,

170 2113 209 2148 τῷ
227 2113 392 2148 προσήκοντι
407 2112 494 2147 καιρῷ
511 2112 632 2138 δείκνυσι
652 2112 700 2147 τὴν
722 2111 896 2138 διδασκαλίαν
911 2112 958 2138 καὶ

171 2160 221 2194 τὴν
241 2159 336 2193 σοφίαν
360 2159 454 2190 αὑτοῦ,
478 2159 526 2185 καὶ
556 2158 626 2192 μετὰ
655 2158 741 2185 ταῦτα
768 2158 818 2192 τὴν
842 2158 958 2193 δᾶναμιν

1002 932 1098 963 spectu
1116 927 1246 963 proximi.
1265 927 1324 955 Non
1341 927 1428 954 solum
1448 926 1530 953 etiam
1551 925 1693 952 veritatem
1721 931 1788 950 con-

1003 974 1073 1001 tinet
1092 974 1291 1009 Evangelium,
1320 973 1379 1005 sed,
1399 972 1469 1000 sicut
1493 971 1611 999 credunt
1635 969 1786 996 Christiani

1003 1020 1140 1052 ductores,
1157 1019 1178 1046 si
1193 1026 1276 1046 unum
1300 1018 1386 1045 solum
1409 1017 1580 1044 mendacium
1600 1015 1627 1042 in
1641 1014 1787 1048 Evengci‘n

1004 1065 1189 1097 inveniretur,
1214 1069 1300 1091 totum
1322 1062 1499 1097 Evangelium
1514 1061 1614 1088 merito
1629 1063 1787 1094 suspectum

1005 1111 1169 1142 haberetur,
1186 1110 1257 1137 sicut
1272 1109 1400 1144 superius
1417 1108 1631 1135 determinatutn
1647 1110 1688 1132 est
1701 1105 1726 1131 in
1740 1112 1788 1130 no-

1004 1164 1040 1184 no
1059 1157 1191 1192 capitulo.
1213 1157 1376 1183 Violentiam
1410 1159 1502 1182 autem
1530 1153 1632 1181 nullam
1668 1152 1787 1186 permit-

1005 1202 1037 1230 tit
1055 1202 1230 1236 Evangelium
1242 1222 1249 1233 ,
1266 1202 1331 1236 quiti
1347 1201 1401 1228 imo
1426 1205 1454 1227 et
1469 1201 1553 1234 ipsam
1571 1198 1727 1225 violentiam
1761 1202 1789 1224 ct

1006 1247 1136 1283 injuriam
1150 1247 1285 1282 patienter
1303 1251 1430 1281 oportere
1443 1246 1513 1272 ferre
1529 1246 1586 1276 ait,
1601 1245 1696 1270 dicens
1710 1252 1716 1270 ι
1733 1253 1741 1268 ι
1760 1243 1788 1270 Si

1005 1294 1069 1328 quis
1098 1299 1123 1321 te
1148 1294 1234 1328 alapis
1263 1292 1431 1328 percusserit
1456 1291 1489 1318 ad
1524 1291 1663 1317 dexteram
1681 1297 1788 1324 genam,

1006 1345 1084 1366 verte
1097 1344 1125 1366 et
1139 1330 1266 1369 alteram,
1281 1342 1308 1364 et
1322 1337 1344 1364 si
1360 1338 1423 1372 quis
1438 1344 1452 1363 a
1471 1341 1496 1363 te
1513 1335 1603 1369 capiat
1621 1335 1743 1368 pallium,
1757 1341 1790 1360 ne

1005 1384 1152 1419 prohibeas
1165 1391 1227 1410 eum
1240 1403 1247 1413 ,
1265 1382 1310 1410 sed
1336 1382 1370 1408 da
1386 1382 1468 1409 etiam
1486 1381 1603 1408 tunicam
1619 1379 1656 1406 ³⁷.
1676 1388 1685 1404 ι
1708 1378 1791 1405 θυορὶ

1006 1431 1090 1457 etiam
1106 1437 1155 1464 pro
1172 1429 1246 1456 illata
1270 1428 1368 1462 injuria
1390 1432 1417 1454 et
1441 1426 1514 1458 odio,
1529 1425 1693 1452 beneﬁcium
1710 1429 1736 1450 et
1751 1424 1792 1450 di~

1006 1475 1154 1503 lectionem
1181 1473 1420 1504 reddcrc,diccns
1450 1481 1488 1500 ιι
1518 1471 1625 1506 Diligite
1664 1469 1791 1497 inimicos

1007 1525 1125 1551 vestros,
1151 1518 1307 1545 bcnet‘acite
1330 1517 1393 1544 odio
1417 1515 1580 1543 habentibus
1595 1522 1652 1544 vos.
1669 1517 1696 1540 et
1714 1517 1791 1539 orate

1008 1572 1059 1600 pro
1085 1564 1323 1599 malignantibus,
1349 1567 1377 1589 et
1397 1561 1440 1588 his
1467 1560 1512 1594 qui
1547 1567 1595 1586 vos
1622 1565 1792 1593 persequun-

1007 1614 1051 1636 tur
1068 1609 1102 1638 ³⁸,
1122 1618 1131 1634 ι
1161 1609 1219 1636 Non
1240 1612 1330 1634 tamen
1358 1607 1410 1634 hoc
1435 1605 1608 1636 adversatur,
1634 1603 1656 1630 si
1680 1602 1791 1636 quidam

1006 1654 1231 1682 Christianorum
1249 1653 1334 1687 iniqui
1352 1659 1405 1679 tton
1421 1655 1531 1678 servant
1545 1650 1604 1677 haec
1621 1647 1791 1676 omnia.Non

1006 1701 1080 1728 enim
1105 1700 1262 1733 iniquorum
1289 1698 1429 1733 perversio
1461 1697 1586 1732 prohibet
1612 1695 1794 1723 sanctissinne

1008 1745 1077 1780 legis
1092 1744 1289 1779 perfectionem
1307 1742 1501 1776 et‘veritatcm.

1044 1836 1116 1863 Bene
1127 1834 1330 1862 ordinatissime
1344 1837 1433 1860 autem
1447 1837 1489 1858 est
1503 1831 1642 1866 Evangelii
1655 1830 1792 1862 doctrina,

1008 1882 1081 1909 sicut
1097 1886 1163 1908 ante
1191 1880 1407 1907 demonstratum
1432 1883 1475 1905 est
1497 1877 1604 1905 decimo
1620 1877 1647 1904 in
1662 1877 1794 1911 capitulo,

1010 1933 1037 1956 et
1053 1927 1183 1961 temporis
1200 1926 1296 1952 ordine
1308 1945 1315 1957 ,
1331 1931 1358 1952 et
1381 1924 1444 1957 loci,
1461 1927 1489 1950 ct
1509 1922 1652 1954 doctrinm,
1667 1926 1695 1949 et
1711 1926 1795 1948 mate-

1009 1975 1066 2001 riae.
1082 1973 1180 2006 Incipit
1192 1972 1265 1999 enim
1280 1972 1314 1998 ab
1330 1969 1520 1997 incarnatione
1538 1968 1653 2001 Christi,
1670 1966 1796 1994 deternti‘

1013 2027 1084 2047 nans
1097 2026 1158 2053 quae
1176 2018 1208 2044 ad
1227 2017 1396 2043 nativitatem
1413 2015 1494 2050 hujus
1509 2019 1573 2042 sunt
1592 2013 1794 2041 convenientia.

1013 2065 1045 2092 Et.
1061 2061 1125 2098 post
1140 2061 1311 2089 nativitatem
1328 2060 1502 2087 convcnienti
1526 2063 1651 2093 tempore
1675 2057 1795 2084 ostendit

1011 2110 1169 2137 doctrinam
1188 2113 1215 2134 et
1231 2107 1394 2142 sapientiam
1406 2107 1476 2141 ejus.
1493 2106 1526 2132 Et
1541 2109 1600 2139 post
1615 2104 1689 2136 haec,
1705 2108 1733 2130 et
1749 2111 1796 2137 po-

1011 2155 1125 2182 tentiam
1144 2158 1172 2180 et
1186 2152 1366 2184 miracula,et
1379 2152 1507 2185 deinceps
1521 2150 1674 2185 passionem
1687 2153 1713 2176 ct
1725 2156 1798 2174 tuor—

173 2206 220 2232 καὶ
239 2206 273 2232 τὰ
299 2203 449 2238 θαύματα·
473 2204 520 2230 καὶ
545 2204 647 2238 ἐφεξῆς
677 2203 707 2230 τὸ
731 2203 817 2235 πάθος
838 2206 886 2230 καὶ
911 2204 952 2229 τιν

1014 2207 1079 2232 tem,
1105 2199 1202 2227 ultimo
1228 2203 1319 2225 autem
1350 2196 1591 2226 resurrectionem,
1611 2199 1638 2221 et
1666 2195 1692 2221 in
1710 2195 1797 2220 cwlos

174 2252 298 2280 θάνατον,
322 2251 435 2286 ἔσχατον
458 2250 487 2276 δὲ
508 2249 558 2284 τὴν
584 2249 744 2280 ἀνάστασιν,
769 2250 818 2276 καὶ
843 2249 893 2284 τὴν
918 2250 960 2280 εἰς

175 2297 306 2332 οὐρανοὺς
333 2296 480 2331 ἀνάληψιν.
508 2294 629 2328 Ἀληθῶς
657 2294 708 2328 μὲν
737 2294 812 2320 οὐδὲν
843 2294 960 2329 πονηρὸν

173 2343 288 2370 δυνατὸν
303 2334 495 2378 εὐρεοῆναίέν
519 2339 681 2376 διδασκαλίᾳ
703 2340 838 2374 τοσαύτης
859 2340 961 2366 τελειό-

174 2396 255 2423 τητος
268 2395 276 2404 ο
294 2389 319 2414 εί
343 2388 391 2414 καὶ
411 2388 436 2414 οἱ
457 2388 570 2414 ἄστατοι
593 2386 640 2413 καὶ
664 2385 823 2412 ἀπαίδευτοι
850 2385 960 2418 λέγουσι

177 2434 351 2468 βλασφημίας
375 2433 452 2464 τινὰς
469 2432 647 2467 περιέχεσθαι
674 2432 704 2458 ὲν
727 2431 766 2466 τῷ
791 2430 962 2466 Ιιῖὺαγγελίῳ,

174 2480 269 2514 ὥσπερ
287 2479 352 2514 περὶ
373 2478 422 2513 τῆς
442 2478 611 2513 σαρκώσεως
627 2477 673 2504 τοῦ
689 2477 819 2512 Χριστοῦ,
846 2477 894 2504 καὶ
915 2477 962 2504 τοῦ

175 2526 290 2558 πάθους,
308 2525 348 2551 ἐτι
367 2533 396 2551 τε
422 2525 487 2559 περὶ
513 2524 560 2550 τιοῦ
586 2524 636 2557 τῆς
656 2523 770 2559 Τριάδος
797 2524 961 2559 μυστηρίου,

177 2571 242 2606 περὶ
257 2569 356 2606 ὦν(ὠς
369 2569 545 2605 προείρηται)
569 2569 726 2604 γέγραπται
753 2562 785 2596 ὲν
805 2570 843 2604 τῷ
867 2570 962 2595 Ἀλκο-

177 2617 261 2652 ράνῳ,
277 2616 537 2651 ὰποδοκιμαζόντων
564 2614 578 2641 δ
601 2615 640 2650 μὴ
664 2614 767 2642 νοοῦσι.
792 2614 960 2648 Βεόαιοτάτη

176 2662 205 2688 δέ
219 2662 304 2693 ἔστιν,
318 2661 355 2693 ὡς
377 2661 541 2696 βεϐαιότατα
559 2659 763 2694 γινωσκομένη,
786 2659 840 2685 τίνι
859 2659 959 2694 χρόνῳ.

175 2708 228 2734 τίνι
248 2708 332 2742 τόπῳ.
350 2708 396 2733 καὶ
414 2705 491 2741 παρὰ
503 2705 583 2732 τίνων
599 2705 751 2739 ἀνθρώπων
765 2704 780 2738 ἡ
794 2703 960 2738 εὐαγγελικὴ

178 2753 335 2787 συνετράφη
358 2750 526 2779 διδασκαλία.
547 2749 608 2776 Ἔτι
633 2757 662 2775 τε
691 2748 854 2783 βεϐαιοτάτη
875 2747 960 2780 ἐστὶν,

214 2843 235 2859 ³⁸
253 2843 346 2871 Maftlt.
361 2853 406 2878 νιν,
424 2844 462 2872 12.
503 2844 523 2861 ³⁷
541 2845 632 2873 Matth.
652 2854 676 2875 v,
692 2844 734 2871 39.
775 2844 797 2859 “
814 2844 878 2871 ibid.
895 2845 938 2871 «il.

1011 2246 1210 2273 ascensionem.
1231 2243 1302 2270 Sane
1318 2243 1422 2269 nullum
1450 2242 1551 2268 malum
1568 2244 1657 2275 potest
1679 2239 1796 2266 inveniri

1012 2292 1040 2318 in
1056 2291 1184 2317 doctrina
1201 2294 1281 2316 tanta:
1307 2279 1485 2322 perfectionis
1509 2296 1515 2314 :
1543 2286 1595 2314 etsi
1618 2286 1757 2313 instabiles
1770 2290 1798 2312 et

1014 2337 1118 2364 indocti
1135 2336 1237 2368 dicant,
1262 2334 1447 2368 blasphemias
1463 2333 1592 2366 quasdam
1606 2333 1632 2359 in
1650 2331 1799 2365 Evangelio

1015 2383 1164 2411 contineri.
1178 2382 1250 2408 sicut
1263 2382 1295 2407 tie
1308 2380 1496 2407 incarnatione
1506 2379 1607 2406 Christi
1620 2383 1648 2405 et
1659 2378 1796 2413 passiorw,
1823 2405 1826 2409 ,

1016 2429 1083 2455 item
1098 2427 1132 2454 de
1157 2425 1299 2452 Trinitatis
1317 2424 1447 2459 mysterio
1470 2432 1477 2450 :
1493 2423 1526 2449 de
1547 2423 1665 2457 quibus,
1691 2426 1719 2448 ut
1734 2426 1798 2447 ante

1016 2473 1121 2500 dictum
1135 2476 1187 2504 est,
1215 2472 1346 2505 scriptum
1362 2474 1405 2497 est
1420 2469 1457 2506 jn
1480 2469 1614 2496 Alcorano
1626 2486 1633 2498 .
1656 2466 1727 2501 qttod
1745 2464 1800 2500 ipsi

1016 2518 1165 2554 reprobant
1193 2524 1254 2551 qua:
1280 2523 1334 2542 non
1357 2515 1524 2549 intelligunt.
1551 2512 1708 2540 Certissima
1731 2518 1797 2538 vero

1016 2569 1059 2592 est
1069 2565 1112 2591 lex
1127 2562 1296 2597 evangelica,
1311 2561 1377 2596 quia
1396 2560 1548 2588 certissime
1563 2559 1650 2586 scitur
1663 2565 1717 2592 quo
1731 2560 1798 2583 tent-

1015 2617 1092 2645 pore,
1115 2616 1171 2644 qtto
1185 2609 1255 2640 loco,
1271 2615 1287 2634 a
1302 2607 1403 2642 quibus
1414 2605 1570 2634 hominibus
1586 2603 1740 2637 conscripta
1756 2606 1798 2629 est

1014 2656 1171 2691 cvangelita
1193 2655 1329 2682 doctrina.
1344 2653 1535 2682 Certissimum
1551 2651 1632 2678 etiam
1659 2655 1710 2681 est,
1724 2649 1796 2684 quod

1016 2700 1276 2730 convenientissime
1291 2705 1318 2728 et
1333 2699 1461 2727 facillime
1478 2696 1654 2732 intelligibilis
1666 2701 1720 2728 est,
1732 2694 1798 2730 quia

1016 2747 1151 2776 credenda
1176 2750 1366 2781 proponuntur
1394 2752 1443 2779 per
1464 2743 1659 2772 revelationem
1684 2742 1743 2776 Dei,
1768 2744 1797 2768 et
