1915 3094
166 129 233 164 1171

797 130 984 160 DEMETRII
1003 131 1159 162 CYDONII

1723 138 1794 170 1172

160 184 284 215 morbum
296 183 428 210 duntaxat
453 183 537 210 animi
558 183 613 217 sui,
637 183 745 211 inscitia
770 190 798 211 et
829 185 938 213 mollitie

994 188 1057 215 κίαν
1071 186 1214 220 νοσοῦντες
1229 188 1399 224 ἐλέγχονται,
1416 191 1461 226 ὕει’
1475 189 1513 218 ὧν
1526 192 1559 218 τὰ
1576 193 1642 219 ἀδεᾶ
1658 193 1792 227 δεδιέναι,

159 229 316 260 laborantis,
350 229 501 256 indicantes
522 238 528 256 :
544 230 643 264 quibus
658 229 841 261 adducuntnr,
865 236 897 258 ut
913 238 944 258 ea

159 283 219 309 quae
233 274 352 302 timenda
368 282 422 302 non
450 280 522 307 sunt,
550 275 674 308 timeant,
701 280 728 302 et
744 276 777 304 iis
796 285 854 311 qua:
875 277 944 304 nihil

161 326 271 354 nocent,
289 321 481 355 percellantur.
499 322 554 356 Age
572 329 636 348 vero
664 322 814 356 videamus,
844 322 944 357 quibus

159 366 192 391 tle
213 365 304 392 causis
329 369 444 392 mortem
476 365 566 392 omnia
583 365 653 392 mala
685 373 817 400 superare
835 371 942 400 putent.

161 410 194 437 lit
208 415 298 437 autem
312 410 457 444 proverbio
476 411 589 442 dicitur,
609 411 753 438 Trifariam
777 412 868 438 omn’ia
882 419 944 439 esse

159 450 265 488 divisa}
281 456 316 482 ita
330 456 368 488 fit,
388 461 417 483 ut
427 464 522 484 eorum
539 457 630 490 etiam,
645 457 692 489 qui
706 463 820 484 mortem
838 458 943 492 vitupe-

161 508 230 534 rant,
253 503 303 530 tria
319 503 374 530 sint
387 509 497 536 genera.
523 502 589 529 Nam
607 503 803 537 promptissimi
831 504 943 538 quique,

159 557 191 575 ac
204 548 296 583 potius
308 547 484 580 vcracissimi,
511 549 556 582 qui
572 556 621 575 sua
649 549 747 583 probra
775 549 866 576 velare
896 557 944 577 nc-

160 594 259 626 sciunt,
278 593 366 620 omnis
395 593 502 628 generis
517 593 684 628 voluptatum
709 594 886 628 privationem
903 595 943 621 ln-

160 643 336 666 mentantur:
355 643 382 665 et
398 638 423 665 id
441 638 513 673 quod
529 646 576 666 eas
593 639 677 670 delet.
703 639 825 666 omnium
846 641 944 668 merito

158 689 185 710 ct
200 684 434 715 molestissimum.
465 689 491 711 ct
507 684 624 712 maxime
652 684 826 712 formidabile
846 686 943 713 existi—

159 734 243 757 mant.
265 730 429 757 Urbaniores
442 736 543 763 autem,
556 735 662 764 etquos
679 731 761 765 pudet
780 731 839 758 sine
861 739 944 758 causa

158 783 205 804 aut
218 785 309 812 agere,
330 781 378 804 aut
402 778 546 805 admittere
570 778 729 813 quidquam,
757 779 783 806 id
812 787 827 805 a
847 784 944 806 natura

159 824 266 851 cunctis
282 823 393 850 insitum
410 824 498 856 aiunt,
517 829 546 851 ut
562 832 592 851 se
609 829 637 851 et
649 832 709 852 esse
732 830 761 852 et
778 825 869 852 vivere
895 832 944 852 cu-

996 233 1043 260 καὶ
1072 235 1274 270 κατεπτηχέναι
1302 237 1336 263 τὰ
1364 237 1403 272 μὴ
1429 237 1600 271 βλάπτοντα,
1632 240 1792 268 πείθονται.

995 279 1064 314 Φέρε
1080 279 1134 315 γὰρ
1154 279 1264 315 ῖδωμεν,
1280 281 1311 308 ὲκ
1330 282 1413 308 ποίων
1426 282 1563 317 λογισμῶν
1581 285 1668 311 κακοῦ
1686 288 1793 317 παντὸς

995 325 1126 352 ἐπέκεινα
1141 327 1187 353 τὸν
1205 328 1320 354 θάνατον
1341 329 1452 356 οῖονται.
1473 330 1588 362 οὐκοῦν,
1609 332 1691 358 τοῦτο
1711 334 1745 367 δὴ
1763 334 1793 359 τὸ

996 371 1151 405 λεγόμενον,
1167 373 1266 407 τριχθὰ
1284 373 1374 400 πάντα
1388 374 1524 406 δέδασται,
1542 379 1622 411 τριχῆ
1639 378 1791 412 συμϐαίνει

995 418 1043 443 καὶ
1057 418 1119 448 τοὺς
1133 417 1177 444 τὸν
1190 418 1305 445 θάνατον
1321 421 1483 452 κακὲζοντας
1498 422 1676 456 διαιρεῖσθαι.
1691 425 1727 450 Οἱ
1740 426 1792 459 μὲν

996 462 1050 497 γὰρ
1066 464 1282 498 προχειρότεροι,
1307 465 1409 499 μᾶλλον
1427 467 1455 493 δὲ
1471 467 1664 504 ἀληθέστεροι,
1689 472 1740 496 καὶ
1756 473 1792 497 τὰ

996 508 1100 534 ἑαυτῶν
1115 510 1165 535 οὐκ
1187 511 1364 543 ἐπιστάμενοι
1386 513 1587 546 συγκαλύπτειν
1613 516 1718 551 ὀνείδη,
1738 517 1791 552 τὴν

995 555 1051 580 τῶν
1068 556 1246 582 παντοδαπῶν
1260 557 1361 592 ἡδονῶν
1373 558 1515 593 ὀδύρονται
1530 561 1670 596 στέρησιν,
1687 565 1738 589 καὶ
1759 565 1791 590 τὸ

995 601 1098 632 ταύτας
1125 602 1256 634 ἁφανίζον
1283 603 1393 630 πάντων
1423 606 1536 638 εἰκότως
1561 607 1732 643 ἀηδέστερόν
1758 618 1790 635 τε

996 647 1042 672 καὶ
1058 646 1247 681 φοῆερώτατον
1274 648 1392 682 ἥγηνται
1406 658 1414 666 ⁸
1441 651 1466 677 ot
1489 651 1516 678 δὲ
1542 652 1723 688 κομψότεροι,
1741 656 1790 680 καὶ

995 691 1068 722 ὅσοις
1083 691 1187 724 ἀλόγως
1201 701 1227 718 τι
1254 694 1351 725 ποιεῖν,
1371 694 1388 729 ἢ
1410 696 1538 730 πάσχειν,
1558 699 1693 733 αἰσχύνη,
1721 700 1805 741 πᾶσί⁸

996 744 1062 770 φασι
1073 737 1120 763 τοῦ
1134 735 1216 770 εἶναι,
1235 739 1283 766 καὶ
1297 740 1346 774 τῆς
1369 741 1464 773 οὐσίας
1491 743 1583 776 ἔφεσιν
1602 746 1674 771 κατὰ
1702 746 1789 779 φῦσιν

996 783 1148 817 ἐγκεῖσθαι.
1169 784 1205 810 To
1230 784 1320 812 τοίνυν
1349 786 1379 812 τὸ
1398 788 1481 814 πᾶσιν
1504 789 1616 823 ὀρεκτὸν
1639 791 1788 827 ἀναιροῦν,

996 830 1044 855 καὶ
1061 830 1090 856 τὸ
1107 831 1157 865 μὲν
1176 829 1246 858 εἶναι
1269 834 1322 859 τῶν
1344 834 1431 861 ὄντων
1453 836 1575 869 ἐλαῦνον,
1597 838 1742 866 ἀπώλειαν
1757 840 1788 866 δὲ

159 869 244 903 piant.
261 869 320 897 Jam
335 878 401 897 vero
421 871 492 904 quod
509 870 533 897 id
550 870 647 901 aufert,
665 871 736 905 quod
766 871 800 898 ab
817 871 938 898 omnibus

997 859 1113 909 ἐπάγον,
1124 877 1171 903 καὶ
1191 878 1240 912 τὴν
1257 879 1288 904 ἐκ
1301 880 1350 914 τῆς
1367 880 1470 916 φθορᾶς
1490 859 1630 918 ἂμορξρίαν
1647 887 1790 920 καταχὲον

158 914 305 948 appetitur,
318 919 398 949 atque
413 914 505 946 eflicit,
524 919 553 941 ut
568 922 598 941 ea
613 923 674 949 qua:
691 920 766 947 sunt,
793 923 846 942 non
877 915 942 946 sint,

158 960 246 995 iisque
262 961 410 995 perniciem
427 960 517 992 alfert,
532 965 559 987 et
587 961 668 988 rebus
696 965 770 988 tanta
795 961 944 995 pulchritu-

157 1006 222 1032 dinc
239 1013 255 1032 a
283 1010 381 1033 natura
399 1005 477 1033 factis
497 1005 638 1040 caliginem
667 1014 699 1033 ex
715 1006 827 1033 interitu
856 1005 944 1033 offun-

157 1053 208 1083 dit,
221 1052 282 1087 quis
304 1059 358 1078 non
375 1052 502 1079 horreat?
520 1052 580 1087 quis
594 1059 648 1079 non
658 1051 843 1086 oderit?quis,
861 1052 885 1079 si
903 1052 944 1079 vel

155 1099 292 1131 nomines,
310 1103 439 1133 tanquam
463 1104 568 1127 natura;
594 1099 733 1127 inimicum
750 1106 804 1125 non
834 1106 944 1126 averse-

156 1146 218 1174 tur?
231 1145 324 1179 Neque
337 1153 401 1172 vero
413 1150 514 1171 natura:
532 1145 631 1177 solum,
660 1152 765 1177 verum,
798 1152 830 1171 ac
859 1145 944 1171 multo

156 1190 252 1225 utagis,
281 1189 363 1216 etiam
389 1189 446 1216 Deo
465 1197 471 1215 :
488 1196 542 1216 non
562 1196 596 1216 eo
625 1194 740 1222 tantum,
769 1190 841 1223 quod
869 1189 944 1216 solus

156 1234 383 1264 absolutissimum
411 1233 644 1260 immortalitatem
671 1235 784 1260 sortitus
812 1239 854 1260 est
875 1234 942 1260 :sed

156 1279 228 1314 quod
251 1279 312 1313 ejus
327 1278 453 1304 instituto
478 1278 600 1304 omnium
625 1279 742 1304 maxime
760 1278 941 1305 adversatur:

156 1325 178 1354 si
191 1324 291 1358 guidem
311 1331 371 1357 qua:
387 1323 445 1357 ipse
458 1330 601 1358 procreare
614 1327 642 1349 et
661 1330 823 1350 conservare
840 1322 942 1356 studet,

155 1377 186 1397 ea
201 1377 274 1396 mors
296 1368 444 1402 exstinguit
467 1372 494 1394 et
519 1367 648 1402 dissipate
677 1368 738 1395 Haec
752 1369 941 1401 modestiores,

155 1415 256 1449 quique
272 1419 398 1441 naturam
422 1418 586 1448 sequuntur,
600 1413 634 1440 ad
647 1414 714 1448 justi
743 1415 796 1441 odii
815 1422 942 1449 compro-

156 1459 422 1494 batiouemchliqui
438 1465 529 1486 autem
557 1464 584 1485 et
607 1459 690 1491 tertii,
712 1467 774 1486 cum
804 1461 943 1494 graviores

994 921 1048 947 τῶν
1065 922 1136 949 οὕτω
1150 923 1282 950 κάλλιστα
1297 925 1373 960 παρὰ
1390 926 1440 961 τῆς
1457 927 1563 960 φύσεως
1579 931 1788 964 εἴργασμέκων,

994 967 1036 998 τίς
1048 968 1097 994 οὐκ
1115 968 1149 995 ἂν
1167 970 1272 1004 φρίξειε
1286 981 1293 1004 ;
1310 972 1351 1003 τίς
1365 972 1393 998 δὲ
1407 973 1456 999 οὐκ
1477 973 1510 1000 ἂν
1527 976 1674 1009 μισήσειες
1696 977 1739 1008 τίς
1756 975 1794 1004 δὲ

994 1012 1044 1038 οὐκ
1060 1012 1093 1038 ἃν
1109 1015 1156 1041 καὶ
1173 1014 1255 1048 μόνον
1271 1016 1428 1051 λεγόμενον,
1445 1018 1482 1050 ὡς
1498 1020 1531 1054 τῇ
1549 1020 1629 1054 φύσει
1650 1021 1788 1056 πολέμιον

994 1057 1206 1093 ἀποπέμψαιτο;
1222 1061 1252 1086 οὐ
1269 1063 1302 1096 τῇ
1326 1062 1406 1095 φύσει
1431 1063 1459 1090 δὲ
1479 1065 1571 1097 μόνον,
1594 1066 1664 1092 ἀλλὰ
1692 1067 1788 1103 πολλῷ

995 1106 1128 1139 πρότερον
1142 1107 1186 1131 καὶ
1201 1106 1274 1141 Θεῷο
1293 1108 1322 1133 οὺ
1338 1108 1418 1142 μόνον
1433 1110 1471 1141 ὡς
1487 1111 1561 1145 μόνῳ
1581 1112 1630 1145 τὴν
1645 1113 1787 1139 τελεωτά-

994 1157 1043 1184 την
1063 1151 1213 1178 ἀθανασίαν
1225 1153 1437 1189 κεκληρωμένῳ,
1452 1156 1510 1182 ἀλλ’
1525 1158 1566 1183 ὅτι
1579 1158 1625 1184 καὶ
1637 1160 1670 1193 τῇ
1684 1159 1786 1186 τούτου

996 1198 1154 1230 προαιρέσει
1181 1200 1292 1226 πάντων
1311 1201 1520 1235 ἐναντιώτατα-κ
1545 1203 1625 1239 εἴπερ
1646 1205 1666 1231 ἃ
1694 1206 1787 1239 παρά-

994 1250 1054 1275 γειν
1070 1243 1172 1274 ἐκεῖνος
1188 1245 1235 1270 καὶ
1251 1247 1394 1280 συντηρεῖν
1412 1248 1603 1283 προθυμεῖται,
1618 1250 1698 1277 ταῦτ’
1710 1252 1786 1278 ἐκεῖ-

995 1296 1038 1319 νος
1057 1289 1164 1324 φθείρει
1177 1290 1222 1316 καὶ
1235 1290 1347 1318 διαλύει.
1364 1292 1456 1319 Ταῦτά
1468 1302 1500 1328 γε
1514 1295 1538 1321 οὶ
1552 1297 1782 1332 σωφρονέστεροι,

995 1335 1041 1360 καὶ
1065 1336 1098 1369 τῇ
1125 1334 1204 1368 φύσει
1233 1337 1409 1372 κεχρημένοι,
1436 1339 1504 1374 πρὸς
1525 1340 1574 1375 τὴν
1599 1341 1647 1367 τοῦ
1674 1342 1782 1370 δικαίῡυ

995 1380 1091 1413 μίσους
1108 1380 1255 1413 ἀπόδειξιν.
1278 1382 1309 1407 Ui
1333 1382 1361 1408 δὲ
1384 1384 1473 1411 λοιποὶ
1496 1386 1542 1411 καὶ¹
1559 1386 1656 1421 τρίτοι,
1681 1388 1782 1423 σεμνό-

992 1425 1067 1458 τεροι
1086 1433 1158 1456 τινες
1182 1426 1275 1458 ὅντες,
1302 1429 1349 1454 καὶ
1378 1429 1579 1466 εὐλαϐέστεροι,
1601 1432 1647 1457 καί
1671 1442 1697 1458 τι
1726 1434 1782 1459 τῶν

994 1469 1083 1496 ἀλλων
1111 1471 1264 1507 σοφώτερνν
1291 1474 1429 1506 ἀξιοῦντες
1459 1476 1633 1509 διανοεῖσθαι,
1663 1478 1713 1512 οὐχ
1743 1476 1783 1504 ὦν

156 1506 212 1532 sint
239 1510 266 1532 et
289 1504 511 1537 verecundiores,
538 1509 565 1530 et
583 1504 646 1531 aliis
655 1504 757 1539 aliquid
778 1505 938 1539 prudentius

993 1513 1100 1548 ἔφημεν
1115 1515 1205 1542 εἵνεκα
1216 1516 1262 1541 τὸν
1273 1516 1388 1544 θάνατον
1400 1517 1504 1550 ἀξιοῦσι
1519 1519 1652 1552 κακίζειν,
1665 1521 1725 1547 ἀλλ’
1737 1523 1782 1548 ὅτι

156 1551 254 1583 afferre
278 1550 363 1578 velint
378 1558 386 1576 :
408 1557 462 1577 non
487 1549 523 1577 ob
537 1557 568 1577 ea
582 1558 642 1584 quae
655 1551 938 1583 commemoravimus,

155 1602 270 1624 mortem
287 1596 314 1622 in
331 1595 435 1622 crimen
467 1596 616 1623 vocandam
639 1601 753 1623 censent
770 1605 777 1623 :
793 1596 840 1624 sed
868 1597 939 1631 quod

155 1646 216 1677 post
231 1649 302 1673 eam,
333 1640 477 1668 confestim
491 1641 553 1668 vita:
568 1647 634 1668 acta:
659 1643 791 1669 rationem
817 1642 938 1674 reddere,

156 1693 184 1714 rt
196 1686 388 1714 acerbissimas
403 1694 435 1714 ac
462 1687 633 1714 tristissimas
666 1695 760 1722 ρωπος
787 1687 814 1715 in
841 1695 939 1722 perpe-

156 1739 232 1760 tuum
247 1733 313 1760 dare
326 1739 454 1768 cogamur
470 1740 477 1758 :
492 1740 606 1767 quarum
621 1738 747 1767 expertes
766 1733 849 1761 futuri
866 1743 940 1762 esse-

155 1787 226 1812 mus,
240 1779 292 1806 nisi
311 1786 385 1806 mors
399 1779 505 1805 animos
525 1787 540 1806 a
557 1779 718 1814 corporibus
747 1781 887 1812 avelleret,
911 1786 938 1808 et

154 1825 187 1852 ad
207 1824 282 1851 illius
297 1824 349 1851 loci
360 1824 432 1859 leges
447 1831 479 1851 ac
494 1824 660 1858 qumstiones
673 1824 803 1852 mitteret.
829 1825 875 1852 His
889 1826 938 1861 igi-

155 1877 199 1898 tur
215 1868 306 1896 verbis
317 1870 428 1904 quidam
446 1872 474 1896 et
488 1869 540 1895 sibi
556 1873 584 1896 et
602 1869 770 1896 auditoribus
783 1870 879 1898 timore
896 1872 938 1898 in-

152 1921 237 1950 iecto,
254 1920 311 1942 tum
330 1915 381 1948 ipsi
398 1914 494 1941 mortis
524 1915 634 1942 nomine
661 1915 856 1950 percelluntur,
881 1921 938 1947 tum

154 1960 224 1992 aliis,
242 1965 271 1988 ut
286 1960 341 1988 sint
357 1964 445 1988 metus
457 1959 535 1992 socii,
549 1960 723 1994 persuadent,

446 2024 561 2052 CAPUT
573 2025 605 2052 ll.

188 2090 334 2118 Videamus
347 2099 422 2127 ergo,
439 2096 528 2118 utrum
547 2091 649 2127 aliquid
664 2093 782 2127 (dicant,
798 2099 825 2122 et
855 2096 937 2124 bone-

152 2142 222 2164 stum
238 2137 284 2169 sit,
299 2137 346 2171 qui
362 2138 450 2164 virum
467 2145 496 2165 se
509 2138 581 2165 dicat
607 2147 677 2172 esse,
700 2148 761 2168 eum
780 2142 934 2176 hujusmodi

152 2184 324 2210 sermonibus
341 2191 370 2210 se
384 2183 494 2211 dedere.
515 2184 623 2212 Primos
648 2185 738 2220 itaque
765 2191 794 2214 ut
821 2189 935 2216 nimium

990 2193 1119 2225 τοιούτοις
1135 2195 1230 2221 ἑαυτὸν
1248 2195 1336 2229 λόγοις

153 2228 319 2263 voluptarius
341 2235 369 2256 et
394 2229 500 2261 molles.
527 2229 642 2265 ideoque
661 2232 779 2259 virilium
802 2233 934 2261 bellorum

153 2273 403 2311 imperitos,parva:
413 2281 502 2310 operae
517 2280 559 2303 est
577 2279 610 2303 ad
627 2277 791 2306 deditionem
817 2280 936 2313 compel—

152 2319 207 2344 lere
222 2326 229 2344 :
245 2319 371 2353 quamvis
397 2324 424 2346 et
442 2320 540 2348 multos
558 2321 647 2348 socios
674 2321 799 2355 habeant,
823 2327 848 2350 et
872 2331 935 2351 cum

151 2363 244 2391 multis
270 2371 320 2391 nos
355 2364 494 2395 invadant.
527 2364 629 2393 Omnes
656 2367 726 2393 enim
745 2367 790 2401 qui
817 2368 934 2403 Epicuro

152 2409 260 2436 nomina
275 2409 419 2443 dederant,
436 2418 547 2439 suavem
565 2412 645 2441 vitam
662 2418 690 2439 et
713 2413 813 2441 doloris
836 2423 933 2450 exper-

151 2461 203 2481 tem
234 2455 361 2485 humana:
376 2456 513 2484 fclicitatis
527 2456 607 2485 finem
629 2459 802 2492 existimant;
826 2461 932 2488 etdifll-

148 2501 227 2527 cilem
252 2500 324 2528 inter
338 2502 461 2529 homines
487 2502 570 2529 ullum
600 2503 739 2532 inventum
764 2512 823 2532 esse
844 2506 931 2540 aiunt,

148 2545 195 2579 qui
211 2553 321 2579 prorsus
335 2546 436 2582 absque
449 2547 589 2582 voluptate
598 2549 689 2576 vivere
705 2550 778 2583 velit,
804 2551 854 2578 nisi
870 2553 931 2587 quis

148 2591 183 2616 nb
210 2596 350 2626 stuporem
376 2599 391 2619 a
416 2594 643 2621 communissimo
672 2596 743 2623 bono
773 2597 928 2628 abhorreat.

147 2636 248 2664 Tamen
265 2642 338 2665 recte
363 2638 397 2665 iis
409 2638 499 2665 dicere
511 2639 647 2673 possimus
665 2647 671 2665 :
687 2640 709 2667 Ο
725 2641 786 2675 viri,
809 2643 830 2670 si
849 2645 930 2671 modo

146 2683 198 2713 hoc
208 2683 318 2710 nomine
332 2684 485 2719 appellandi
502 2685 578 2717 estis,
594 2685 638 2719 qui
662 2687 729 2714 adeo
749 2688 872 2717 dissoluti
903 2695 928 2718 ct

146 2728 279 2759 enervati,
294 2730 439 2764 stolidique
458 2729 571 2759 omnino
585 2731 655 2764 sitis,
675 2737 703 2759 ut
716 2733 829 2762 nimium
859 2743 928 2772 pue-

147 2773 233 2802 uiliter
250 2774 276 2801 in
289 2783 322 2802 eo
337 2775 436 2808 facitis,
448 2784 510 2803 cum
524 2777 709 2812 voluptatibus
722 2782 838 2811 tanttun,
864 2780 926 2808 boni

143 2818 273 2858 judicium
286 2822 460 2859 permittitis;
477 2823 498 2849 si
528 2823 593 2858 quid
615 2828 704 2852 autem
721 2832 783 2852 cum
804 2826 924 2854 molestia

994 1557 1054 1592 μετ’
1067 1559 1169 1585 ἐκεῖνον
1185 1560 1264 1591 εὐθὺς
1276 1561 1487 1595 ἀναγκαζόμεθα
1509 1564 1588 1597 λόγον
1608 1565 1663 1591 τῶν
1678 1565 1784 1600 βεϐιω-

994 1603 1083 1637 μένων
1098 1605 1222 1640 ὑπέχειν,
1239 1606 1284 1632 κα¹ι
1301 1607 1349 1639 τὰς
1372 1608 1570 1643 ὀδυνηροτάτας
1589 1610 1636 1636 καὶ
1657 1612 1785 1645 ἀλγεινο-

991 1650 1076 1681 τάτας
1101 1651 1136 1677 δι’
1151 1652 1248 1683 αἰῶνος
1268 1652 1345 1692 δίκας
1364 1653 1474 1687 διδόναι,
1492 1651 1529 1681 ὧν
1543 1656 1592 1682 οὐκ
1609 1656 1642 1682 ἀν
1658 1656 1784 1692 ἐλαμϐά-

992 1704 1074 1730 νομεν
1094 1699 1200 1732 πεῖραν,
1229 1688 1275 1733 μὴ’
1290 1699 1338 1725 τοῦ
1358 1699 1474 1726 θανάτου
1496 1701 1552 1727 τῶν
1576 1688 1716 1736 σωμάτων.
1730 1705 1782 1736 τὰς
1819 1713 1822 1716 ·

991 1741 1079 1775 ψυχὰς
1095 1741 1274 1777 διαιροῦντος,
1291 1744 1337 1771 καὶ
1355 1745 1421 1779 πρὸς
1438 1746 1500 1777 τοὺς
1523 1747 1583 1773 ὲκεῖ
1602 1748 1704 1782 νόμους
1731 1751 1782 1776 καὶ

991 1786 1155 1822 ἰξετασμοίις
1177 1790 1415 1825 παραπέμποντος.
1442 1793 1553 1824 Τούτοις
1579 1793 1628 1828 μὲν
1646 1794 1694 1822 οὖν
1722 1799 1783 1828 τοῖς

990 1833 1078 1864 λήγοις
1095 1834 1167 1866 τινὲς
1187 1837 1235 1862 καὶ
1259 1837 1382 1868 ἑαυτοὺς,
1401 1838 1449 1863 καὶ
1473 1838 1535 1870 τοὺς
1554 1840 1716 1873 ἀκούοντας,
1736 1843 1783 1869 δε-

989 1879 1151 1913 διττόμενοι,
1171 1881 1247 1908 αὐτοί
1267 1891 1296 1908 τε
1313 1883 1360 1909 καὶ
1372 1884 1439 1918 πρὸς
1461 1883 1580 1919 τοῦνομα
1595 1885 1642 1912 τοῦ
1658 1887 1780 1915 θανάτου

989 1925 1178 1960 ταράττονται,
1204 1928 1251 1954 καὶ
1274 1929 1337 1960 τοὺς
1360 1929 1458 1962 ἀλλους
1484 1931 1607 1958 πείθουσι
1625 1932 1673 1959 τοῦ
1698 1933 1782 1966 δέους

990 1969 1082 2001 αὐτοῖς
1099 1973 1248 2000 κοινωνεῖν.

1293 2041 1419 2070 ΚΕΦΑΔ.
1438 2043 1474 2070 Β’.

1026 2104 1163 2131 Σκεπτέον
1178 2105 1332 2141 τοιγαροῦν,
1350 2107 1376 2132 εἴ
1396 2116 1422 2134 τι
1443 2108 1504 2142 μετ’
1517 2109 1646 2144 ἀληθείας
1663 2110 1777 2144 λέγεται

991 2151 1057 2184 παρ’
1076 2150 1178 2182 αὐτῶν,
1197 2152 1244 2177 καὶ
1268 2152 1294 2177 εἰ
1319 2152 1410 2184 καλὸν,
1434 2153 1518 2187 ἄνδρα
1545 2155 1684 2189 φάσκοντα
1703 2155 1776 2184 εῖναι

1356 2197 1545 2231 παραδιδόναι.
1568 2200 1638 2231 Τοὺς
1654 2200 1705 2234 μὲν
1726 2200 1775 2228 οὖν

988 2238 1113 2272 πρώτους
1131 2239 1168 2271 ὡς
1193 2239 1252 2265 λίαν
1275 2240 1357 2272 ὄντας
1381 2242 1540 2276 φιληδόνους
1557 2244 1603 2270 καὶ
1619 2246 1772 2279 μαλακοὺς,

986 2284 1033 2311 καὶ
1048 2284 1091 2311 διὰ
1109 2285 1186 2311 τοῦτο
1202 2286 1337 2321 ἀνδρικῶν
1352 2287 1477 2322 πολέμων
1489 2289 1631 2325 ἀπείρους,
1644 2291 1675 2318 οὗ
1692 2293 1775 2326 χαλε-

986 2329 1036 2355 πὸν
1061 2331 1300 2366 παραστήσασθαι,
1326 2334 1416 2360 καίτοι
1444 2337 1491 2361 καὶ
1520 2336 1633 2368 πολλοὲς
1657 2338 1773 2372 ἔχοντας

985 2374 1158 2410 συμμάχους,
1175 2376 1221 2402 καὶ
1235 2377 1304 2410 μετά
1317 2378 1423 2404 πολλῶν
1435 2379 1500 2413 ἡμῖν
1511 2380 1650 2412 ἐπιόντας.
1664 2382 1774 2414 Πάντες

984 2420 1038 2454 γὰρ
1055 2421 1078 2446 οί
1096 2421 1156 2455 μετ’
1171 2420 1332 2457 Ἐπικούρου
1349 2425 1559 2459 στρατευόμενοι
1576 2427 1621 2454 τὸν
1642 2428 1709 2461 ἡδὺν
1724 2430 1775 2456 καὶ

984 2465 1135 2500 ἀνάλγητον
1149 2466 1205 2500 βίον
1221 2467 1393 2503 ἀνθρωπίνης
1411 2470 1583 2505 εὐδαιμονίας
1599 2473 1701 2500 οἴονται
1719 2478 1772 2501 πέ-

984 2519 1045 2544 ρας,
1061 2512 1108 2541 καὶ⁴
1132 2512 1248 2546 χαλεπόν
1270 2523 1354 2547 φασιν
1380 2516 1409 2541 ὲν
1433 2516 1588 2552 ἀνθρώποις
1612 2519 1704 2554 εὑρεῖν
1723 2522 1773 2548 τὸν

951 2592 953 2595 Ι
982 2556 1046 2585 ἄνευ
1064 2558 1158 2592 ήδλνῆς
1174 2560 1334 2594 αἱρούμενον
1358 2561 1407 2596 ζῇν
1424 2563 1553 2597 ἀτεχνῶς,
1575 2565 1599 2590 εί
1616 2567 1654 2601 μή
1672 2575 1717 2598 τις
1738 2569 1772 2595 δι’

982 2603 1161 2639 ἀναισθησίαν
1174 2605 1262 2637 ἀηδῶς
1276 2606 1332 2641 ἔχει
1347 2608 1415 2643 πρὸς
1437 2608 1466 2635 τὺ
1481 2610 1634 2638 κοινότατον
1649 2613 1770 2646 ἀγαθόν.

983 2648 1077 2682 Ὅμως
1091 2650 1203 2681 εἰκότως
1218 2651 1252 2677 ἂν
1264 2652 1355 2682 αὐτοῖς
1370 2653 1497 2687 λέγοιμεν
1508 2663 1515 2670 ·
1529 2654 1562 2682 Ὢ
1581 2657 1690 2692 ἄνδρες,
1708 2659 1769 2694 εῖγε

979 2694 1058 2723 τοῦτο
1082 2696 1134 2730 χρὴ
1159 2696 1252 2722 καλεῖν
1278 2698 1350 2732 ὑμᾶς
1373 2698 1460 2731 οὕτως
1483 2701 1696 2737 ἐκλελυμένους,
1720 2708 1769 2733 καὶ

979 2740 1246 2775 ὲκνενευρισμὲνους,
1262 2743 1308 2768 καὶ
1322 2743 1502 2777 βλακεύοντας
1514 2747 1643 2781 ἀτεχνῶς,
1653 2749 1692 2781 ὡς
1705 2750 1769 2777 λίαν

979 2784 1057 2818 ὑμῶν
1073 2786 1198 2813 παιδικὸν
1227 2788 1257 2814 τὸ
1273 2789 1332 2819 ταῖς
1353 2789 1459 2824 ἡδοναῖς
1497 2793 1577 2826 μόνον
1594 2793 1643 2829 τὴν
1671 2797 1766 2831 κρίσιν

978 2831 1138 2867 ἐπιτρέπειν
1150 2832 1197 2859 τοῦ
1218 2833 1321 2868 ἀγαθοῦ
1335 2843 1342 2851 ·
1365 2835 1388 2861 εί
1405 2835 1434 2862 δέ,
1452 2845 1478 2863 τι
1501 2838 1549 2865 καὶ
1572 2840 1642 2874 μετὰ
1665 2841 1766 2876 ἀηδίας
