  <div class='ocr_page' id='page_1' title='image "/cluster/home/n/w/nwhite01/storage/ocr_20150623/154/njp.32101010943486/612.png"; bbox 0 0 1915 3094; ppageno 0'>
   <div class='ocr_carea' id='block_1_1' title="bbox 120 142 186 173">
    <p class='ocr_par' dir='ltr' id='par_1_1' title="bbox 120 142 186 173">
     <span class='ocr_line' id='line_1_1' title="bbox 120 142 186 173; baseline 0.015 -1"><span class='ocrx_word' id='word_1_1' title='bbox 120 142 186 173; x_wconf 78' lang='grc'><strong>1173</strong></span> 
     </span>
    </p>
   </div>
   <div class='ocr_carea' id='block_1_2' title="bbox 678 140 1196 172">
    <p class='ocr_par' dir='ltr' id='par_1_2' title="bbox 678 140 1196 172">
     <span class='ocr_line' id='line_1_2' title="bbox 678 140 1196 172; baseline 0.002 -1"><span class='ocrx_word' id='word_1_2' title='bbox 678 141 728 171; x_wconf 87' lang='lat' dir='ltr'><strong>DE</strong></span> <span class='ocrx_word' id='word_1_3' title='bbox 752 140 1036 172; x_wconf 79' lang='lat' dir='ltr'><strong>CONTEMNENDA</strong></span> <span class='ocrx_word' id='word_1_4' title='bbox 1057 140 1196 172; x_wconf 82' lang='lat' dir='ltr'><strong>MORTE.</strong></span> 
     </span>
    </p>
   </div>
   <div class='ocr_carea' id='block_1_3' title="bbox 1672 138 1740 172">
    <p class='ocr_par' dir='ltr' id='par_1_3' title="bbox 1672 138 1740 172">
     <span class='ocr_line' id='line_1_3' title="bbox 1672 138 1740 172; baseline -0.015 0"><span class='ocrx_word' id='word_1_5' title='bbox 1672 138 1740 172; x_wconf 69' lang='grc'><strong>1174</strong></span> 
     </span>
    </p>
   </div>
   <div class='ocr_carea' id='block_1_4' title="bbox 117 194 908 232">
    <p class='ocr_par' dir='ltr' id='par_1_4' title="bbox 117 194 903 232">
     <span class='ocr_line' id='line_1_4' title="bbox 117 194 903 232; baseline 0 -9"><span class='ocrx_word' id='word_1_6' title='bbox 117 196 230 231; x_wconf 79' lang='grc' dir='ltr'>ὠφελεῖν</span> <span class='ocrx_word' id='word_1_7' title='bbox 245 195 364 228; x_wconf 85' lang='grc' dir='ltr'>δύναιτο,</span> <span class='ocrx_word' id='word_1_8' title='bbox 380 194 460 223; x_wconf 88' lang='grc' dir='ltr'>τοῦτο</span> <span class='ocrx_word' id='word_1_9' title='bbox 480 195 616 229; x_wconf 79' lang='grc' dir='ltr'>κακίζειν,</span> <span class='ocrx_word' id='word_1_10' title='bbox 631 196 678 223; x_wconf 60' lang='grc' dir='ltr'><strong>καὶ¹</strong></span> <span class='ocrx_word' id='word_1_11' title='bbox 697 197 786 224; x_wconf 81' lang='grc' dir='ltr'>πάντα.</span> <span class='ocrx_word' id='word_1_12' title='bbox 802 196 903 232; x_wconf 80' lang='grc' dir='ltr'><strong>τρόπον</strong></span> 
     </span>
    </p>
   </div>
   <div class='ocr_carea' id='block_1_5' title="bbox 961 194 1740 232">
    <p class='ocr_par' dir='ltr' id='par_1_5' title="bbox 961 195 1740 232">
     <span class='ocr_line' id='line_1_5' title="bbox 961 195 1740 232; baseline -0.001 -9"><span class='ocrx_word' id='word_1_13' title='bbox 961 196 1089 231; x_wconf 85' lang='lat' dir='ltr'><strong>prodesse</strong></span> <span class='ocrx_word' id='word_1_14' title='bbox 1103 199 1194 231; x_wconf 80' lang='lat' dir='ltr'><strong>queat,</strong></span> <span class='ocrx_word' id='word_1_15' title='bbox 1217 195 1243 224; x_wconf 98' lang='lat' dir='ltr'><strong>id</strong></span> <span class='ocrx_word' id='word_1_16' title='bbox 1260 196 1432 232; x_wconf 84' lang='lat' dir='ltr'><strong>vituperatis,</strong></span> <span class='ocrx_word' id='word_1_17' title='bbox 1451 200 1478 224; x_wconf 90' lang='lat' dir='ltr'><strong>et</strong></span> <span class='ocrx_word' id='word_1_18' title='bbox 1491 196 1588 231; x_wconf 80' lang='lat' dir='ltr'><strong>quatis</strong></span> <span class='ocrx_word' id='word_1_19' title='bbox 1605 196 1685 224; x_wconf 90' lang='lat' dir='ltr'><strong>modo</strong></span> <span class='ocrx_word' id='word_1_20' title='bbox 1699 197 1740 223; x_wconf 85' lang='lat' dir='ltr'><strong>cr-</strong></span> 
     </span>
    </p>
   </div>
   <div class='ocr_carea' id='block_1_6' title="bbox 119 242 904 278">
    <p class='ocr_par' dir='ltr' id='par_1_6' title="bbox 119 242 904 278">
     <span class='ocr_line' id='line_1_6' title="bbox 119 242 904 278; baseline 0 -10"><span class='ocrx_word' id='word_1_21' title='bbox 119 242 229 277; x_wconf 82' lang='grc' dir='ltr'>φεύγειν</span> <span class='ocrx_word' id='word_1_22' title='bbox 244 242 408 278; x_wconf 79' lang='grc' dir='ltr'>πειρᾶσθαι·</span> <span class='ocrx_word' id='word_1_23' title='bbox 426 242 491 269; x_wconf 78' lang='grc' dir='ltr'>ἄλλο</span> <span class='ocrx_word' id='word_1_24' title='bbox 513 242 563 278; x_wconf 81' lang='grc' dir='ltr'>μὲν</span> <span class='ocrx_word' id='word_1_25' title='bbox 585 242 661 269; x_wconf 80' lang='grc' dir='ltr'>οὐδὲν</span> <span class='ocrx_word' id='word_1_26' title='bbox 681 242 808 276; x_wconf 75' lang='grc' dir='ltr'><strong>ἐγκαλεῖν</strong></span> <span class='ocrx_word' id='word_1_27' title='bbox 829 242 904 278; x_wconf 77' lang='grc' dir='ltr'>ἔχον-</span> 
     </span>
    </p>
   </div>
   <div class='ocr_carea' id='block_1_7' title="bbox 117 287 903 324">
    <p class='ocr_par' dir='ltr' id='par_1_7' title="bbox 117 287 903 324">
     <span class='ocr_line' id='line_1_7' title="bbox 117 287 903 324; baseline -0.003 -9"><span class='ocrx_word' id='word_1_28' title='bbox 117 297 177 322; x_wconf 82' lang='grc' dir='ltr'>τας,</span> <span class='ocrx_word' id='word_1_29' title='bbox 198 289 240 315; x_wconf 86' lang='grc' dir='ltr'>ὃτι</span> <span class='ocrx_word' id='word_1_30' title='bbox 260 289 288 315; x_wconf 76' lang='grc' dir='ltr'>δὲ</span> <span class='ocrx_word' id='word_1_31' title='bbox 306 289 388 323; x_wconf 87' lang='grc' dir='ltr'>μόνον</span> <span class='ocrx_word' id='word_1_32' title='bbox 406 288 435 315; x_wconf 77' lang='grc' dir='ltr'>οὐ</span> <span class='ocrx_word' id='word_1_33' title='bbox 458 288 546 314; x_wconf 81' lang='grc' dir='ltr'>σαίνει</span> <span class='ocrx_word' id='word_1_34' title='bbox 570 288 620 324; x_wconf 76' lang='grc' dir='ltr'>τὴν</span> <span class='ocrx_word' id='word_1_35' title='bbox 640 287 776 322; x_wconf 75' lang='grc' dir='ltr'>αῐσῦησιν.</span> <span class='ocrx_word' id='word_1_36' title='bbox 793 288 826 314; x_wconf 77' lang='grc' dir='ltr'><strong>Τί</strong></span> <span class='ocrx_word' id='word_1_37' title='bbox 849 288 903 322; x_wconf 80' lang='grc' dir='ltr'><strong>γὰρ</strong></span> 
     </span>
    </p>
   </div>
   <div class='ocr_carea' id='block_1_8' title="bbox 118 333 899 368">
    <p class='ocr_par' dir='ltr' id='par_1_8' title="bbox 118 333 899 368">
     <span class='ocr_line' id='line_1_8' title="bbox 118 333 899 368; baseline -0.003 -7"><span class='ocrx_word' id='word_1_38' title='bbox 118 335 226 366; x_wconf 82' lang='grc' dir='ltr'>κωλύει,</span> <span class='ocrx_word' id='word_1_39' title='bbox 243 335 291 361; x_wconf 77' lang='grc' dir='ltr'>καὶ</span> <span class='ocrx_word' id='word_1_40' title='bbox 309 335 372 366; x_wconf 83' lang='grc' dir='ltr'>τοὺς</span> <span class='ocrx_word' id='word_1_41' title='bbox 396 334 505 368; x_wconf 71' lang='grc' dir='ltr'>ἰατροὺς</span> <span class='ocrx_word' id='word_1_42' title='bbox 519 334 576 366; x_wconf 79' lang='grc' dir='ltr'>τοῖς</span> <span class='ocrx_word' id='word_1_43' title='bbox 593 333 685 367; x_wconf 83' lang='grc' dir='ltr'>λόγοις</span> <span class='ocrx_word' id='word_1_44' title='bbox 704 334 809 364; x_wconf 82' lang='grc' dir='ltr'><strong>τούτοις</strong></span> <span class='ocrx_word' id='word_1_45' title='bbox 824 334 899 360; x_wconf 80' lang='grc' dir='ltr'>κακί-</span> 
     </span>
    </p>
   </div>
   <div class='ocr_carea' id='block_1_9' title="bbox 119 378 904 414">
    <p class='ocr_par' dir='ltr' id='par_1_9' title="bbox 119 378 904 414">
     <span class='ocr_line' id='line_1_9' title="bbox 119 378 904 414; baseline -0.003 -7"><span class='ocrx_word' id='word_1_46' title='bbox 119 381 185 413; x_wconf 78' lang='grc' dir='ltr'>ζειν,</span> <span class='ocrx_word' id='word_1_47' title='bbox 202 380 226 407; x_wconf 83' lang='grc' dir='ltr'>οἳ</span> <span class='ocrx_word' id='word_1_48' title='bbox 238 382 293 412; x_wconf 81' lang='grc' dir='ltr'>τοῖς</span> <span class='ocrx_word' id='word_1_49' title='bbox 309 380 432 414; x_wconf 85' lang='grc' dir='ltr'>σώμασιν</span> <span class='ocrx_word' id='word_1_50' title='bbox 442 379 492 406; x_wconf 84' lang='grc' dir='ltr'>οὐκ</span> <span class='ocrx_word' id='word_1_51' title='bbox 504 379 590 411; x_wconf 72' lang='grc' dir='ltr'>ἄλλως</span> <span class='ocrx_word' id='word_1_52' title='bbox 605 378 835 414; x_wconf 80' lang='grc' dir='ltr'>ὲπικουροῦσιν,ἤ</span> <span class='ocrx_word' id='word_1_53' title='bbox 851 379 904 405; x_wconf 82' lang='grc' dir='ltr'><strong>τῶν</strong></span> 
     </span>
    </p>
   </div>
   <div class='ocr_carea' id='block_1_10' title="bbox 117 425 905 459">
    <p class='ocr_par' dir='ltr' id='par_1_10' title="bbox 117 425 905 459">
     <span class='ocr_line' id='line_1_10' title="bbox 117 425 905 459; baseline -0.003 -6"><span class='ocrx_word' id='word_1_54' title='bbox 117 427 216 459; x_wconf 80' lang='grc' dir='ltr'>ἀηδῶν,</span> <span class='ocrx_word' id='word_1_55' title='bbox 235 426 283 452; x_wconf 78' lang='grc' dir='ltr'>καὶ</span> <span class='ocrx_word' id='word_1_56' title='bbox 302 426 414 459; x_wconf 70' lang='grc' dir='ltr'>ἐσθίειν,</span> <span class='ocrx_word' id='word_1_57' title='bbox 440 427 486 452; x_wconf 72' lang='grc' dir='ltr'>καὶ</span> <span class='ocrx_word' id='word_1_58' title='bbox 507 426 605 457; x_wconf 82' lang='grc' dir='ltr'><strong>πίνειν,</strong></span> <span class='ocrx_word' id='word_1_59' title='bbox 631 427 678 453; x_wconf 78' lang='grc' dir='ltr'>καὶ</span> <span class='ocrx_word' id='word_1_60' title='bbox 693 425 839 457; x_wconf 67' lang='grc' dir='ltr'>ἅπτεσθαι,</span> <span class='ocrx_word' id='word_1_61' title='bbox 858 425 905 451; x_wconf 76' lang='grc' dir='ltr'>καὶ</span> 
     </span>
    </p>
   </div>
   <div class='ocr_carea' id='block_1_11' title="bbox 119 467 904 505">
    <p class='ocr_par' dir='ltr' id='par_1_11' title="bbox 119 467 904 505">
     <span class='ocr_line' id='line_1_11' title="bbox 119 467 904 505; baseline 0.001 -10"><span class='ocrx_word' id='word_1_62' title='bbox 119 471 204 497; x_wconf 76' lang='grc' dir='ltr'>πάντα</span> <span class='ocrx_word' id='word_1_63' title='bbox 218 470 318 504; x_wconf 80' lang='grc' dir='ltr'><strong>τρόπον</strong></span> <span class='ocrx_word' id='word_1_64' title='bbox 326 470 445 505; x_wconf 84' lang='grc' dir='ltr'>χρῆσθαι</span> <span class='ocrx_word' id='word_1_65' title='bbox 454 470 518 502; x_wconf 78' lang='grc' dir='ltr'>τοὺς</span> <span class='ocrx_word' id='word_1_66' title='bbox 529 470 681 504; x_wconf 81' lang='grc' dir='ltr'>κάμνοντας</span> <span class='ocrx_word' id='word_1_67' title='bbox 693 467 904 503; x_wconf 78' lang='grc' dir='ltr'>ἀναγκάζοντες,</span> 
     </span>
    </p>
   </div>
   <div class='ocr_carea' id='block_1_12' title="bbox 118 513 905 551">
    <p class='ocr_par' dir='ltr' id='par_1_12' title="bbox 118 513 905 551">
     <span class='ocr_line' id='line_1_12' title="bbox 118 513 905 551; baseline 0 -10"><span class='ocrx_word' id='word_1_68' title='bbox 118 513 158 547; x_wconf 40' lang='lat' dir='ltr'><strong>of;</strong></span> <span class='ocrx_word' id='word_1_69' title='bbox 169 515 216 541; x_wconf 81' lang='grc' dir='ltr'><strong>τοῦ</strong></span> <span class='ocrx_word' id='word_1_70' title='bbox 230 515 325 542; x_wconf 85' lang='grc' dir='ltr'>τοῦτον</span> <span class='ocrx_word' id='word_1_71' title='bbox 339 516 385 542; x_wconf 85' lang='grc' dir='ltr'><strong>τδν</strong></span> <span class='ocrx_word' id='word_1_72' title='bbox 400 516 499 551; x_wconf 69' lang='grc' dir='ltr'>τρόπον</span> <span class='ocrx_word' id='word_1_73' title='bbox 514 516 587 550; x_wconf 79' lang='grc' dir='ltr'>ἡμᾶς</span> <span class='ocrx_word' id='word_1_74' title='bbox 605 515 700 541; x_wconf 79' lang='grc' dir='ltr'><strong>λυπεῖν</strong></span> <span class='ocrx_word' id='word_1_75' title='bbox 729 515 775 542; x_wconf 72' lang='grc' dir='ltr'>καὶ</span> <span class='ocrx_word' id='word_1_76' title='bbox 792 515 905 550; x_wconf 79' lang='grc' dir='ltr'>μισθοὺς</span> 
     </span>
    </p>
   </div>
   <div class='ocr_carea' id='block_1_13' title="bbox 120 560 905 596">
    <p class='ocr_par' dir='ltr' id='par_1_13' title="bbox 120 560 905 596">
     <span class='ocr_line' id='line_1_13' title="bbox 120 560 905 596; baseline 0.001 -9"><span class='ocrx_word' id='word_1_77' title='bbox 120 560 256 595; x_wconf 72' lang='grc' dir='ltr'>μεγάλους</span> <span class='ocrx_word' id='word_1_78' title='bbox 275 561 418 595; x_wconf 81' lang='grc' dir='ltr'>τελοῦμεν,</span> <span class='ocrx_word' id='word_1_79' title='bbox 447 561 494 587; x_wconf 74' lang='grc' dir='ltr'>καὶ</span> <span class='ocrx_word' id='word_1_80' title='bbox 519 562 681 596; x_wconf 81' lang='grc' dir='ltr'><strong>εὐεργεσίας</strong></span> <span class='ocrx_word' id='word_1_81' title='bbox 704 561 781 587; x_wconf 84' lang='grc' dir='ltr'>αὐτοί</span> <span class='ocrx_word' id='word_1_82' title='bbox 801 570 840 592; x_wconf 85' lang='grc' dir='ltr'><strong>τε.</strong></span> <span class='ocrx_word' id='word_1_83' title='bbox 858 561 905 588; x_wconf 78' lang='grc' dir='ltr'>καὶ</span> 
     </span>
    </p>
   </div>
   <div class='ocr_carea' id='block_1_14' title="bbox 118 603 905 642">
    <p class='ocr_par' dir='ltr' id='par_1_14' title="bbox 118 603 905 642">
     <span class='ocr_line' id='line_1_14' title="bbox 118 603 905 642; baseline 0.001 -10"><span class='ocrx_word' id='word_1_84' title='bbox 118 603 158 637; x_wconf 74' lang='grc' dir='ltr'><strong>οἷς</strong></span> <span class='ocrx_word' id='word_1_85' title='bbox 169 606 222 632; x_wconf 89' lang='grc' dir='ltr'><strong>τῶν</strong></span> <span class='ocrx_word' id='word_1_86' title='bbox 239 606 381 642; x_wconf 77' lang='grc' dir='ltr'><strong>ἡμετέρων</strong></span> <span class='ocrx_word' id='word_1_87' title='bbox 397 607 483 640; x_wconf 83' lang='grc' dir='ltr'>μέλει,</span> <span class='ocrx_word' id='word_1_88' title='bbox 500 606 706 641; x_wconf 77' lang='grc' dir='ltr'>ὀμολογοῦμενς</span> <span class='ocrx_word' id='word_1_89' title='bbox 726 604 778 634; x_wconf 73' lang='grc' dir='ltr'>⁷ον</span> <span class='ocrx_word' id='word_1_90' title='bbox 799 608 822 634; x_wconf 90' lang='grc' dir='ltr'><strong>εί</strong></span> <span class='ocrx_word' id='word_1_91' title='bbox 837 607 905 642; x_wconf 78' lang='grc' dir='ltr'>πρδς</span> 
     </span>
    </p>
   </div>
   <div class='ocr_carea' id='block_1_15' title="bbox 121 651 905 687">
    <p class='ocr_par' dir='ltr' id='par_1_15' title="bbox 121 651 905 687">
     <span class='ocr_line' id='line_1_15' title="bbox 121 651 905 687; baseline 0.001 -9"><span class='ocrx_word' id='word_1_92' title='bbox 121 651 204 686; x_wconf 87' lang='grc' dir='ltr'>μόνην</span> <span class='ocrx_word' id='word_1_93' title='bbox 225 652 274 686; x_wconf 81' lang='grc' dir='ltr'>τὴν</span> <span class='ocrx_word' id='word_1_94' title='bbox 300 652 396 687; x_wconf 77' lang='grc' dir='ltr'>ἡδονὴν</span> <span class='ocrx_word' id='word_1_95' title='bbox 421 652 474 678; x_wconf 70' lang='grc' dir='ltr'>ἔδει</span> <span class='ocrx_word' id='word_1_96' title='bbox 499 653 588 679; x_wconf 72' lang='grc' dir='ltr'>πάντα</span> <span class='ocrx_word' id='word_1_97' title='bbox 616 652 738 686; x_wconf 81' lang='grc' dir='ltr'>ἀνάγειν,</span> <span class='ocrx_word' id='word_1_98' title='bbox 769 653 845 684; x_wconf 78' lang='grc' dir='ltr'>τίνας</span> <span class='ocrx_word' id='word_1_99' title='bbox 873 653 905 680; x_wconf 79' lang='grc' dir='ltr'>ἂν</span> 
     </span>
    </p>
   </div>
   <div class='ocr_carea' id='block_1_16' title="bbox 119 695 906 732">
    <p class='ocr_par' dir='ltr' id='par_1_16' title="bbox 119 695 906 732">
     <span class='ocr_line' id='line_1_16' title="bbox 119 695 906 732; baseline 0.005 -12"><span class='ocrx_word' id='word_1_100' title='bbox 119 695 225 730; x_wconf 77' lang='grc' dir='ltr'><strong>ἐχθίους</strong></span> <span class='ocrx_word' id='word_1_101' title='bbox 251 696 357 732; x_wconf 77' lang='grc' dir='ltr'>ὑπῆρξε</span> <span class='ocrx_word' id='word_1_102' title='bbox 383 697 496 729; x_wconf 55' lang='lat' dir='ltr'><strong>victv;</strong></span> <span class='ocrx_word' id='word_1_103' title='bbox 523 697 592 723; x_wconf 69' lang='grc' dir='ltr'>Ἀλλ’</span> <span class='ocrx_word' id='word_1_104' title='bbox 613 695 691 731; x_wconf 78' lang='grc' dir='ltr'>οἴμαι</span> <span class='ocrx_word' id='word_1_105' title='bbox 715 697 834 731; x_wconf 73' lang='grc' dir='ltr'>τάγαθὸν</span> <span class='ocrx_word' id='word_1_106' title='bbox 858 699 906 724; x_wconf 78' lang='grc' dir='ltr'>καὶ</span> 
     </span>
    </p>
   </div>
   <div class='ocr_carea' id='block_1_17' title="bbox 119 741 904 778">
    <p class='ocr_par' dir='ltr' id='par_1_17' title="bbox 119 741 904 778">
     <span class='ocr_line' id='line_1_17' title="bbox 119 741 904 778; baseline 0.005 -12"><span class='ocrx_word' id='word_1_107' title='bbox 119 741 203 767; x_wconf 55' lang='grc' dir='ltr'>κακὸν</span> <span class='ocrx_word' id='word_1_108' title='bbox 218 741 249 767; x_wconf 86' lang='grc' dir='ltr'>οὐ</span> <span class='ocrx_word' id='word_1_109' title='bbox 265 741 338 776; x_wconf 81' lang='grc' dir='ltr'>λύπῃ</span> <span class='ocrx_word' id='word_1_110' title='bbox 354 743 402 768; x_wconf 80' lang='grc' dir='ltr'><strong>καὶ</strong></span> <span class='ocrx_word' id='word_1_111' title='bbox 417 743 509 777; x_wconf 76' lang='grc' dir='ltr'>ἡδονῇ,</span> <span class='ocrx_word' id='word_1_112' title='bbox 526 742 565 777; x_wconf 83' lang='grc' dir='ltr'>τῷ</span> <span class='ocrx_word' id='word_1_113' title='bbox 582 742 610 768; x_wconf 79' lang='grc' dir='ltr'>δὲ</span> <span class='ocrx_word' id='word_1_114' title='bbox 626 743 758 778; x_wconf 82' lang='grc' dir='ltr'><strong>ὠφελίμῳ</strong></span> <span class='ocrx_word' id='word_1_115' title='bbox 774 745 820 770; x_wconf 75' lang='grc' dir='ltr'>καὶ</span> <span class='ocrx_word' id='word_1_116' title='bbox 838 743 904 778; x_wconf 82' lang='grc' dir='ltr'>βλα-</span> 
     </span>
    </p>
   </div>
   <div class='ocr_carea' id='block_1_18' title="bbox 119 786 904 824">
    <p class='ocr_par' dir='ltr' id='par_1_18' title="bbox 119 786 904 824">
     <span class='ocr_line' id='line_1_18' title="bbox 119 786 904 824; baseline 0.005 -12"><span class='ocrx_word' id='word_1_117' title='bbox 119 786 192 821; x_wconf 80' lang='grc' dir='ltr'>ϐερῷ</span> <span class='ocrx_word' id='word_1_118' title='bbox 207 787 347 822; x_wconf 73' lang='grc' dir='ltr'>κρίνεσθαι</span> <span class='ocrx_word' id='word_1_119' title='bbox 359 788 442 815; x_wconf 84' lang='grc' dir='ltr'>δοκεῖ.</span> <span class='ocrx_word' id='word_1_120' title='bbox 464 789 495 814; x_wconf 80' lang='lat' dir='ltr'><strong>Et</strong></span> <span class='ocrx_word' id='word_1_121' title='bbox 511 788 540 814; x_wconf 78' lang='grc' dir='ltr'>δὲ</span> <span class='ocrx_word' id='word_1_122' title='bbox 558 789 625 823; x_wconf 74' lang='grc' dir='ltr'>πρὸς</span> <span class='ocrx_word' id='word_1_123' title='bbox 639 790 688 823; x_wconf 84' lang='grc' dir='ltr'>τὴν</span> <span class='ocrx_word' id='word_1_124' title='bbox 703 789 798 824; x_wconf 78' lang='grc' dir='ltr'>ἡδονὴν</span> <span class='ocrx_word' id='word_1_125' title='bbox 814 789 904 816; x_wconf 77' lang='grc' dir='ltr'>πάντα</span> 
     </span>
    </p>
   </div>
   <div class='ocr_carea' id='block_1_19' title="bbox 119 833 906 870">
    <p class='ocr_par' dir='ltr' id='par_1_19' title="bbox 119 833 906 870">
     <span class='ocr_line' id='line_1_19' title="bbox 119 833 906 870; baseline 0.005 -12"><span class='ocrx_word' id='word_1_126' title='bbox 119 833 272 867; x_wconf 72' lang='grc' dir='ltr'><strong>ἀνοίσομεν,</strong></span> <span class='ocrx_word' id='word_1_127' title='bbox 289 833 384 867; x_wconf 66' lang='grc' dir='ltr'>κακὸν,</span> <span class='ocrx_word' id='word_1_128' title='bbox 401 833 496 868; x_wconf 85' lang='grc' dir='ltr'>ὥσπερ</span> <span class='ocrx_word' id='word_1_129' title='bbox 511 834 589 869; x_wconf 80' lang='grc' dir='ltr'>ἔφην,</span> <span class='ocrx_word' id='word_1_130' title='bbox 613 835 642 861; x_wconf 83' lang='grc' dir='ltr'>ὲν</span> <span class='ocrx_word' id='word_1_131' title='bbox 665 834 771 869; x_wconf 80' lang='grc' dir='ltr'>σώματι</span> <span class='ocrx_word' id='word_1_132' title='bbox 795 835 844 870; x_wconf 79' lang='grc' dir='ltr'>μὲν</span> <span class='ocrx_word' id='word_1_133' title='bbox 866 836 906 862; x_wconf 80' lang='grc' dir='ltr'>ία-</span> 
     </span>
    </p>
   </div>
   <div class='ocr_carea' id='block_1_20' title="bbox 955 241 1736 277">
    <p class='ocr_par' dir='ltr' id='par_1_20' title="bbox 955 241 1736 277">
     <span class='ocr_line' id='line_1_20' title="bbox 955 241 1736 277; baseline 0 -9"><span class='ocrx_word' id='word_1_134' title='bbox 955 241 1048 276; x_wconf 87' lang='lat' dir='ltr'><strong>l&#39;ugere</strong></span> <span class='ocrx_word' id='word_1_135' title='bbox 1063 242 1187 274; x_wconf 84' lang='lat' dir='ltr'><strong>studetis,</strong></span> <span class='ocrx_word' id='word_1_136' title='bbox 1200 243 1308 269; x_wconf 89' lang='lat' dir='ltr'><strong>tametsi</strong></span> <span class='ocrx_word' id='word_1_137' title='bbox 1325 243 1393 270; x_wconf 87' lang='lat' dir='ltr'><strong>nihil</strong></span> <span class='ocrx_word' id='word_1_138' title='bbox 1411 243 1482 270; x_wconf 81' lang='lat' dir='ltr'><strong>aliud</strong></span> <span class='ocrx_word' id='word_1_139' title='bbox 1509 243 1632 270; x_wconf 82' lang='lat' dir='ltr'><strong>habeatis</strong></span> <span class='ocrx_word' id='word_1_140' title='bbox 1648 251 1736 277; x_wconf 81' lang='lat' dir='ltr'><strong>repre-</strong></span> 
     </span>
    </p>
   </div>
   <div class='ocr_carea' id='block_1_21' title="bbox 956 288 1740 323">
    <p class='ocr_par' dir='ltr' id='par_1_21' title="bbox 956 288 1740 323">
     <span class='ocr_line' id='line_1_21' title="bbox 956 288 1740 323; baseline 0 -9"><span class='ocrx_word' id='word_1_141' title='bbox 956 288 1141 320; x_wconf 87' lang='lat' dir='ltr'><strong>hendendum,</strong></span> <span class='ocrx_word' id='word_1_142' title='bbox 1165 288 1216 315; x_wconf 88' lang='lat' dir='ltr'><strong>nisi</strong></span> <span class='ocrx_word' id='word_1_143' title='bbox 1243 288 1307 315; x_wconf 91' lang='lat' dir='ltr'><strong>illud</strong></span> <span class='ocrx_word' id='word_1_144' title='bbox 1326 289 1425 321; x_wconf 85' lang='lat' dir='ltr'><strong>solum,</strong></span> <span class='ocrx_word' id='word_1_145' title='bbox 1446 288 1518 323; x_wconf 91' lang='lat' dir='ltr'><strong>quod</strong></span> <span class='ocrx_word' id='word_1_146' title='bbox 1546 296 1657 316; x_wconf 88' lang='lat' dir='ltr'><strong>sensum</strong></span> <span class='ocrx_word' id='word_1_147' title='bbox 1686 296 1740 314; x_wconf 91' lang='lat' dir='ltr'><strong>non</strong></span> 
     </span>
    </p>
   </div>
   <div class='ocr_carea' id='block_1_22' title="bbox 955 334 1740 368">
    <p class='ocr_par' dir='ltr' id='par_1_22' title="bbox 955 334 1740 368">
     <span class='ocr_line' id='line_1_22' title="bbox 955 334 1740 368; baseline 0 -8"><span class='ocrx_word' id='word_1_148' title='bbox 955 334 1114 362; x_wconf 83' lang='lat' dir='ltr'><strong>domuiccat.</strong></span> <span class='ocrx_word' id='word_1_149' title='bbox 1132 334 1199 368; x_wconf 86' lang='lat' dir='ltr'><strong>Quid</strong></span> <span class='ocrx_word' id='word_1_150' title='bbox 1213 334 1286 361; x_wconf 90' lang='lat' dir='ltr'><strong>enim</strong></span> <span class='ocrx_word' id='word_1_151' title='bbox 1297 339 1380 365; x_wconf 88' lang='lat' dir='ltr'><strong>vetat,</strong></span> <span class='ocrx_word' id='word_1_152' title='bbox 1396 335 1516 361; x_wconf 88' lang='lat' dir='ltr'><strong>medicos</strong></span> <span class='ocrx_word' id='word_1_153' title='bbox 1526 342 1631 368; x_wconf 84' lang='lat' dir='ltr'><strong>quoque</strong></span> <span class='ocrx_word' id='word_1_154' title='bbox 1647 334 1740 360; x_wconf 70' lang='lat' dir='ltr'><strong>iisdem</strong></span> 
     </span>
    </p>
   </div>
   <div class='ocr_carea' id='block_1_23' title="bbox 956 379 1743 414">
    <p class='ocr_par' dir='ltr' id='par_1_23' title="bbox 956 379 1743 414">
     <span class='ocr_line' id='line_1_23' title="bbox 956 379 1743 414; baseline 0.001 -10"><span class='ocrx_word' id='word_1_155' title='bbox 956 379 1108 406; x_wconf 85' lang='lat' dir='ltr'><strong>rationibus</strong></span> <span class='ocrx_word' id='word_1_156' title='bbox 1137 379 1288 412; x_wconf 81' lang='lat' dir='ltr'><strong>criminari,</strong></span> <span class='ocrx_word' id='word_1_157' title='bbox 1316 379 1360 414; x_wconf 90' lang='lat' dir='ltr'><strong>qui</strong></span> <span class='ocrx_word' id='word_1_158' title='bbox 1389 380 1551 413; x_wconf 86' lang='lat' dir='ltr'><strong>corporibus</strong></span> <span class='ocrx_word' id='word_1_159' title='bbox 1581 388 1634 406; x_wconf 91' lang='lat' dir='ltr'><strong>non</strong></span> <span class='ocrx_word' id='word_1_160' title='bbox 1664 380 1743 405; x_wconf 81' lang='lat' dir='ltr'><strong>aliter</strong></span> 
     </span>
    </p>
   </div>
   <div class='ocr_carea' id='block_1_24' title="bbox 955 425 1742 461">
    <p class='ocr_par' dir='ltr' id='par_1_24' title="bbox 955 425 1742 461">
     <span class='ocr_line' id='line_1_24' title="bbox 955 425 1742 461; baseline 0 -11"><span class='ocrx_word' id='word_1_161' title='bbox 955 431 1118 453; x_wconf 82' lang='lat' dir='ltr'><strong>succurrunt</strong></span> <span class='ocrx_word' id='word_1_162' title='bbox 1132 433 1214 461; x_wconf 88' lang='lat' dir='ltr'><strong>quam</strong></span> <span class='ocrx_word' id='word_1_163' title='bbox 1243 426 1372 461; x_wconf 77' lang='lat' dir='ltr'><strong>cogendis</strong></span> <span class='ocrx_word' id='word_1_164' title='bbox 1387 426 1506 461; x_wconf 69' lang='lat' dir='ltr'><strong>aegrotis,</strong></span> <span class='ocrx_word' id='word_1_165' title='bbox 1535 431 1564 452; x_wconf 92' lang='lat' dir='ltr'><strong>ut</strong></span> <span class='ocrx_word' id='word_1_166' title='bbox 1584 433 1628 452; x_wconf 90' lang='lat' dir='ltr'><strong>res</strong></span> <span class='ocrx_word' id='word_1_167' title='bbox 1649 425 1742 452; x_wconf 76' lang='grc' dir='ltr'>ἰιιςιιει-</span> 
     </span>
    </p>
   </div>
   <div class='ocr_carea' id='block_1_25' title="bbox 956 472 1743 507">
    <p class='ocr_par' dir='ltr' id='par_1_25' title="bbox 956 472 1743 507">
     <span class='ocr_line' id='line_1_25' title="bbox 956 472 1743 507; baseline -0.003 -7"><span class='ocrx_word' id='word_1_168' title='bbox 956 479 1008 500; x_wconf 85' lang='lat' dir='ltr'><strong>ves</strong></span> <span class='ocrx_word' id='word_1_169' title='bbox 1026 476 1052 499; x_wconf 82' lang='lat' dir='ltr'><strong>et</strong></span> <span class='ocrx_word' id='word_1_170' title='bbox 1065 472 1211 499; x_wconf 81' lang='lat' dir='ltr'><strong>comedam</strong></span> <span class='ocrx_word' id='word_1_171' title='bbox 1231 476 1258 499; x_wconf 92' lang='lat' dir='ltr'><strong>et</strong></span> <span class='ocrx_word' id='word_1_172' title='bbox 1275 472 1380 503; x_wconf 89' lang='lat' dir='ltr'><strong>bibant,</strong></span> <span class='ocrx_word' id='word_1_173' title='bbox 1411 477 1439 499; x_wconf 90' lang='lat' dir='ltr'><strong>et</strong></span> <span class='ocrx_word' id='word_1_174' title='bbox 1463 476 1585 507; x_wconf 79' lang='lat' dir='ltr'><strong>tangant,</strong></span> <span class='ocrx_word' id='word_1_175' title='bbox 1611 477 1638 498; x_wconf 87' lang='lat' dir='ltr'><strong>et</strong></span> <span class='ocrx_word' id='word_1_176' title='bbox 1654 472 1743 498; x_wconf 84' lang='lat' dir='ltr'><strong>modis</strong></span> 
     </span>
    </p>
   </div>
   <div class='ocr_carea' id='block_1_26' title="bbox 956 517 1742 552">
    <p class='ocr_par' dir='ltr' id='par_1_26' title="bbox 956 517 1742 552">
     <span class='ocr_line' id='line_1_26' title="bbox 956 517 1742 552; baseline -0.004 -5"><span class='ocrx_word' id='word_1_177' title='bbox 956 519 1084 547; x_wconf 86' lang='lat' dir='ltr'><strong>omnibus</strong></span> <span class='ocrx_word' id='word_1_178' title='bbox 1110 517 1251 545; x_wconf 73' lang='lat' dir='ltr'><strong>tractent?</strong></span> <span class='ocrx_word' id='word_1_179' title='bbox 1279 517 1382 550; x_wconf 85' lang='lat' dir='ltr'><strong>Quibus</strong></span> <span class='ocrx_word' id='word_1_180' title='bbox 1411 525 1444 544; x_wconf 91' lang='lat' dir='ltr'><strong>eo</strong></span> <span class='ocrx_word' id='word_1_181' title='bbox 1473 517 1546 552; x_wconf 91' lang='lat' dir='ltr'><strong>quod</strong></span> <span class='ocrx_word' id='word_1_182' title='bbox 1575 518 1627 545; x_wconf 87' lang='lat' dir='ltr'><strong>hoc</strong></span> <span class='ocrx_word' id='word_1_183' title='bbox 1661 518 1742 544; x_wconf 75' lang='lat' dir='ltr'><strong>modo</strong></span> 
     </span>
    </p>
   </div>
   <div class='ocr_carea' id='block_1_27' title="bbox 957 562 1742 598">
    <p class='ocr_par' dir='ltr' id='par_1_27' title="bbox 957 562 1742 598">
     <span class='ocr_line' id='line_1_27' title="bbox 957 562 1742 598; baseline -0.001 -8"><span class='ocrx_word' id='word_1_184' title='bbox 957 563 1064 591; x_wconf 87' lang='lat' dir='ltr'><strong>molesti</strong></span> <span class='ocrx_word' id='word_1_185' title='bbox 1081 563 1159 590; x_wconf 86' lang='lat' dir='ltr'><strong>nobis</strong></span> <span class='ocrx_word' id='word_1_186' title='bbox 1169 563 1235 593; x_wconf 87' lang='lat' dir='ltr'><strong>sint,</strong></span> <span class='ocrx_word' id='word_1_187' title='bbox 1248 567 1275 589; x_wconf 89' lang='lat' dir='ltr'><strong>et</strong></span> <span class='ocrx_word' id='word_1_188' title='bbox 1289 570 1398 598; x_wconf 82' lang='lat' dir='ltr'><strong>magnas</strong></span> <span class='ocrx_word' id='word_1_189' title='bbox 1418 562 1557 590; x_wconf 76' lang='lat' dir='ltr'><strong>mercedes</strong></span> <span class='ocrx_word' id='word_1_190' title='bbox 1587 562 1742 597; x_wconf 84' lang='lat' dir='ltr'><strong>pendimus,</strong></span> 
     </span>
    </p>
   </div>
   <div class='ocr_carea' id='block_1_28' title="bbox 956 609 1742 644">
    <p class='ocr_par' dir='ltr' id='par_1_28' title="bbox 956 609 1742 644">
     <span class='ocr_line' id='line_1_28' title="bbox 956 609 1742 644; baseline -0.003 -7"><span class='ocrx_word' id='word_1_191' title='bbox 956 615 983 637; x_wconf 87' lang='lat' dir='ltr'><strong>et</strong></span> <span class='ocrx_word' id='word_1_192' title='bbox 999 610 1098 637; x_wconf 78' lang='lat' dir='ltr'><strong>debere</strong></span> <span class='ocrx_word' id='word_1_193' title='bbox 1110 609 1172 640; x_wconf 89' lang='lat' dir='ltr'><strong>illis,</strong></span> <span class='ocrx_word' id='word_1_194' title='bbox 1187 614 1244 636; x_wconf 87' lang='lat' dir='ltr'><strong>tum</strong></span> <span class='ocrx_word' id='word_1_195' title='bbox 1266 616 1315 636; x_wconf 92' lang='lat' dir='ltr'><strong>nos</strong></span> <span class='ocrx_word' id='word_1_196' title='bbox 1332 609 1395 643; x_wconf 90' lang='lat' dir='ltr'><strong>ipsi,</strong></span> <span class='ocrx_word' id='word_1_197' title='bbox 1426 613 1482 636; x_wconf 92' lang='lat' dir='ltr'><strong>tum</strong></span> <span class='ocrx_word' id='word_1_198' title='bbox 1497 610 1512 636; x_wconf 88' lang='lat' dir='ltr'><strong>ii</strong></span> <span class='ocrx_word' id='word_1_199' title='bbox 1545 609 1645 644; x_wconf 78' lang='lat' dir='ltr'><strong>quibus</strong></span> <span class='ocrx_word' id='word_1_200' title='bbox 1671 617 1742 636; x_wconf 74' lang='lat' dir='ltr'><strong>cum:</strong></span> 
     </span>
    </p>
   </div>
   <div class='ocr_carea' id='block_1_29' title="bbox 957 653 1745 689">
    <p class='ocr_par' dir='ltr' id='par_1_29' title="bbox 957 653 1745 689">
     <span class='ocr_line' id='line_1_29' title="bbox 957 653 1745 689; baseline 0.005 -10"><span class='ocrx_word' id='word_1_201' title='bbox 957 660 1061 685; x_wconf 83' lang='lat' dir='ltr'><strong>sumus,</strong></span> <span class='ocrx_word' id='word_1_202' title='bbox 1078 653 1267 688; x_wconf 75' lang='lat' dir='ltr'><strong>przedicamus.</strong></span> <span class='ocrx_word' id='word_1_203' title='bbox 1282 653 1399 686; x_wconf 85' lang='lat' dir='ltr'><strong>Quibus,</strong></span> <span class='ocrx_word' id='word_1_204' title='bbox 1417 655 1438 681; x_wconf 83' lang='lat' dir='ltr'><strong>si</strong></span> <span class='ocrx_word' id='word_1_205' title='bbox 1460 654 1492 681; x_wconf 83' lang='lat' dir='ltr'><strong>ad</strong></span> <span class='ocrx_word' id='word_1_206' title='bbox 1507 654 1592 682; x_wconf 88' lang='lat' dir='ltr'><strong>solam</strong></span> <span class='ocrx_word' id='word_1_207' title='bbox 1621 655 1745 689; x_wconf 70' lang='lat' dir='ltr'><strong>volupta-</strong></span> 
     </span>
    </p>
   </div>
   <div class='ocr_carea' id='block_1_30' title="bbox 958 699 1746 735">
    <p class='ocr_par' dir='ltr' id='par_1_30' title="bbox 958 699 1746 735">
     <span class='ocr_line' id='line_1_30' title="bbox 958 699 1746 735; baseline 0.003 -9"><span class='ocrx_word' id='word_1_208' title='bbox 958 705 1012 726; x_wconf 89' lang='lat' dir='ltr'><strong>tem</strong></span> <span class='ocrx_word' id='word_1_209' title='bbox 1029 701 1119 727; x_wconf 82' lang='lat' dir='ltr'><strong>omnia</strong></span> <span class='ocrx_word' id='word_1_210' title='bbox 1142 699 1239 727; x_wconf 80' lang='lat' dir='ltr'><strong>referri</strong></span> <span class='ocrx_word' id='word_1_211' title='bbox 1256 705 1405 733; x_wconf 83' lang='lat' dir='ltr'><strong>oporteret,</strong></span> <span class='ocrx_word' id='word_1_212' title='bbox 1439 701 1550 735; x_wconf 84' lang='lat' dir='ltr'><strong>quinam</strong></span> <span class='ocrx_word' id='word_1_213' title='bbox 1577 702 1746 728; x_wconf 87' lang='lat' dir='ltr'><strong>inimiciores</strong></span> 
     </span>
    </p>
   </div>
   <div class='ocr_carea' id='block_1_31' title="bbox 958 742 1745 778">
    <p class='ocr_par' dir='ltr' id='par_1_31' title="bbox 958 742 1745 778">
     <span class='ocr_line' id='line_1_31' title="bbox 958 742 1745 778; baseline 0.003 -8"><span class='ocrx_word' id='word_1_214' title='bbox 958 743 1087 777; x_wconf 87' lang='lat' dir='ltr'><strong>appellari</strong></span> <span class='ocrx_word' id='word_1_215' title='bbox 1102 743 1251 770; x_wconf 83' lang='lat' dir='ltr'><strong>deberent?</strong></span> <span class='ocrx_word' id='word_1_216' title='bbox 1275 742 1377 770; x_wconf 83' lang='lat' dir='ltr'><strong>Verum</strong></span> <span class='ocrx_word' id='word_1_217' title='bbox 1397 751 1456 771; x_wconf 81' lang='lat' dir='ltr'><strong>mea</strong></span> <span class='ocrx_word' id='word_1_218' title='bbox 1472 744 1583 778; x_wconf 89' lang='lat' dir='ltr'><strong>quidem</strong></span> <span class='ocrx_word' id='word_1_219' title='bbox 1608 746 1745 772; x_wconf 79' lang='lat' dir='ltr'><strong>sententia</strong></span> 
     </span>
    </p>
   </div>
   <div class='ocr_carea' id='block_1_32' title="bbox 958 790 1747 826">
    <p class='ocr_par' dir='ltr' id='par_1_32' title="bbox 958 790 1747 826">
     <span class='ocr_line' id='line_1_32' title="bbox 958 790 1747 826; baseline 0.003 -9"><span class='ocrx_word' id='word_1_220' title='bbox 958 798 1002 817; x_wconf 77' lang='lat' dir='ltr'><strong>res</strong></span> <span class='ocrx_word' id='word_1_221' title='bbox 1014 790 1091 817; x_wconf 67' lang='lat' dir='ltr'><strong>bona:</strong></span> <span class='ocrx_word' id='word_1_222' title='bbox 1108 795 1135 817; x_wconf 92' lang='lat' dir='ltr'><strong>et</strong></span> <span class='ocrx_word' id='word_1_223' title='bbox 1155 790 1232 817; x_wconf 76' lang='lat' dir='ltr'><strong>malae</strong></span> <span class='ocrx_word' id='word_1_224' title='bbox 1258 798 1312 816; x_wconf 84' lang='lat' dir='ltr'><strong>non</strong></span> <span class='ocrx_word' id='word_1_225' title='bbox 1339 790 1433 817; x_wconf 90' lang='lat' dir='ltr'><strong>dolore</strong></span> <span class='ocrx_word' id='word_1_226' title='bbox 1457 795 1485 818; x_wconf 85' lang='lat' dir='ltr'><strong>et</strong></span> <span class='ocrx_word' id='word_1_227' title='bbox 1516 791 1664 826; x_wconf 79' lang='lat' dir='ltr'><strong>voluptate.</strong></span> <span class='ocrx_word' id='word_1_228' title='bbox 1699 793 1747 819; x_wconf 87' lang='lat' dir='ltr'><strong>sed</strong></span> 
     </span>
    </p>
   </div>
   <div class='ocr_carea' id='block_1_33' title="bbox 960 835 1748 872">
    <p class='ocr_par' dir='ltr' id='par_1_33' title="bbox 960 835 1748 872">
     <span class='ocr_line' id='line_1_33' title="bbox 960 835 1748 872; baseline 0.003 -10"><span class='ocrx_word' id='word_1_229' title='bbox 960 836 1076 863; x_wconf 88' lang='lat' dir='ltr'><strong>utilitate</strong></span> <span class='ocrx_word' id='word_1_230' title='bbox 1090 841 1117 862; x_wconf 89' lang='lat' dir='ltr'><strong>et</strong></span> <span class='ocrx_word' id='word_1_231' title='bbox 1130 843 1200 863; x_wconf 93' lang='lat' dir='ltr'><strong>noxa</strong></span> <span class='ocrx_word' id='word_1_232' title='bbox 1212 835 1366 870; x_wconf 77' lang='lat' dir='ltr'><strong>judicandze</strong></span> <span class='ocrx_word' id='word_1_233' title='bbox 1380 840 1454 864; x_wconf 90' lang='lat' dir='ltr'><strong>sunt.</strong></span> <span class='ocrx_word' id='word_1_234' title='bbox 1464 836 1492 863; x_wconf 92' lang='lat' dir='ltr'><strong>Si</strong></span> <span class='ocrx_word' id='word_1_235' title='bbox 1502 845 1564 864; x_wconf 87' lang='lat' dir='ltr'><strong>vero</strong></span> <span class='ocrx_word' id='word_1_236' title='bbox 1578 839 1610 864; x_wconf 86' lang='lat' dir='ltr'><strong>ad</strong></span> <span class='ocrx_word' id='word_1_237' title='bbox 1621 838 1748 872; x_wconf 84' lang='lat' dir='ltr'><strong>volupta-</strong></span> 
     </span>
    </p>
   </div>
   <div class='ocr_carea' id='block_1_34' title="bbox 119 868 908 915">
    <p class='ocr_par' dir='ltr' id='par_1_34' title="bbox 119 868 903 914">
     <span class='ocr_line' id='line_1_34' title="bbox 119 868 903 914; baseline 0.004 -11"><span class='ocrx_word' id='word_1_238' title='bbox 119 878 193 913; x_wconf 75' lang='grc' dir='ltr'>τρὸς.</span> <span class='ocrx_word' id='word_1_239' title='bbox 213 880 350 914; x_wconf 73' lang='grc' dir='ltr'>χείριστον</span> <span class='ocrx_word' id='word_1_240' title='bbox 371 879 399 905; x_wconf 76' lang='grc' dir='ltr'>δὲ</span> <span class='ocrx_word' id='word_1_241' title='bbox 422 879 450 905; x_wconf 74' lang='grc' dir='ltr'>ἑν</span> <span class='ocrx_word' id='word_1_242' title='bbox 466 880 538 914; x_wconf 73' lang='grc' dir='ltr'>ψυχῇ</span> <span class='ocrx_word' id='word_1_243' title='bbox 557 868 651 914; x_wconf 19' lang='grc' dir='ltr'>ννόμοι,</span> <span class='ocrx_word' id='word_1_244' title='bbox 677 868 724 907; x_wconf 77' lang='grc' dir='ltr'>καὶ</span> <span class='ocrx_word' id='word_1_245' title='bbox 750 868 903 912; x_wconf 74' lang='grc' dir='ltr'>παιδευταἰ,</span> 
     </span>
    </p>
   </div>
   <div class='ocr_carea' id='block_1_35' title="bbox 961 868 1747 915">
    <p class='ocr_par' dir='ltr' id='par_1_35' title="bbox 961 868 1747 915">
     <span class='ocr_line' id='line_1_35' title="bbox 961 868 1747 915; baseline 0.001 -10"><span class='ocrx_word' id='word_1_246' title='bbox 961 883 1012 911; x_wconf 87' lang='lat' dir='ltr'><strong>lem</strong></span> <span class='ocrx_word' id='word_1_247' title='bbox 1025 882 1122 904; x_wconf 87' lang='lat' dir='ltr'><strong>cuncta</strong></span> <span class='ocrx_word' id='word_1_248' title='bbox 1138 868 1300 908; x_wconf 79' lang='lat' dir='ltr'><strong>referemus,</strong></span> <span class='ocrx_word' id='word_1_249' title='bbox 1317 878 1529 905; x_wconf 88' lang='lat' dir='ltr'><strong>incommodabit</strong></span> <span class='ocrx_word' id='word_1_250' title='bbox 1544 879 1579 914; x_wconf 90' lang='lat' dir='ltr'><strong>(id</strong></span> <span class='ocrx_word' id='word_1_251' title='bbox 1591 880 1661 914; x_wconf 85' lang='lat' dir='ltr'><strong>quod</strong></span> <span class='ocrx_word' id='word_1_252' title='bbox 1679 868 1747 915; x_wconf 85' lang='lat' dir='ltr'><strong>dixi)</strong></span> 
     </span>
    </p>
   </div>
   <div class='ocr_carea' id='block_1_36' title="bbox 120 925 905 961">
    <p class='ocr_par' dir='ltr' id='par_1_36' title="bbox 120 925 905 961">
     <span class='ocr_line' id='line_1_36' title="bbox 120 925 905 961; baseline 0.005 -12"><span class='ocrx_word' id='word_1_253' title='bbox 120 925 168 950; x_wconf 74' lang='grc' dir='ltr'>καὶ</span> <span class='ocrx_word' id='word_1_254' title='bbox 183 926 282 958; x_wconf 78' lang='grc' dir='ltr'>γονεῖς,</span> <span class='ocrx_word' id='word_1_255' title='bbox 308 926 356 951; x_wconf 77' lang='grc' dir='ltr'>καὶ</span> <span class='ocrx_word' id='word_1_256' title='bbox 375 925 443 957; x_wconf 84' lang='grc' dir='ltr'>ὃλως</span> <span class='ocrx_word' id='word_1_257' title='bbox 465 927 499 952; x_wconf 76' lang='grc' dir='ltr'><strong>τὰ</strong></span> <span class='ocrx_word' id='word_1_258' title='bbox 520 926 674 960; x_wconf 81' lang='grc' dir='ltr'>τιμιώτατα</span> <span class='ocrx_word' id='word_1_259' title='bbox 690 927 737 952; x_wconf 76' lang='grc' dir='ltr'>καὶ</span> <span class='ocrx_word' id='word_1_260' title='bbox 760 926 905 961; x_wconf 78' lang='grc' dir='ltr'>ὡφελιμώ-</span> 
     </span>
    </p>
   </div>
   <div class='ocr_carea' id='block_1_37' title="bbox 120 969 904 1008">
    <p class='ocr_par' dir='ltr' id='par_1_37' title="bbox 120 969 904 1008">
     <span class='ocr_line' id='line_1_37' title="bbox 120 969 904 1008; baseline 0.005 -13"><span class='ocrx_word' id='word_1_261' title='bbox 120 978 198 998; x_wconf 85' lang='grc' dir='ltr'>τατα.</span> <span class='ocrx_word' id='word_1_262' title='bbox 212 969 292 997; x_wconf 83' lang='grc' dir='ltr'>Οὗτοι</span> <span class='ocrx_word' id='word_1_263' title='bbox 307 971 361 1005; x_wconf 72' lang='grc' dir='ltr'><strong>γὰρ</strong></span> <span class='ocrx_word' id='word_1_264' title='bbox 376 972 475 1002; x_wconf 66' lang='grc' dir='ltr'>πάντες</span> <span class='ocrx_word' id='word_1_265' title='bbox 494 972 527 998; x_wconf 83' lang='grc' dir='ltr'>ἂν</span> <span class='ocrx_word' id='word_1_266' title='bbox 550 972 588 1007; x_wconf 84' lang='grc' dir='ltr'>μὴ</span> <span class='ocrx_word' id='word_1_267' title='bbox 607 972 731 1005; x_wconf 77' lang='grc' dir='ltr'>πείθωσι,</span> <span class='ocrx_word' id='word_1_268' title='bbox 750 973 784 999; x_wconf 73' lang='grc' dir='ltr'>τὰ</span> <span class='ocrx_word' id='word_1_269' title='bbox 800 975 904 1008; x_wconf 79' lang='grc' dir='ltr'>προσή-</span> 
     </span>
    </p>
   </div>
   <div class='ocr_carea' id='block_1_38' title="bbox 121 1016 905 1053">
    <p class='ocr_par' dir='ltr' id='par_1_38' title="bbox 121 1016 905 1053">
     <span class='ocr_line' id='line_1_38' title="bbox 121 1016 905 1053; baseline 0.003 -11"><span class='ocrx_word' id='word_1_270' title='bbox 121 1024 203 1042; x_wconf 76' lang='grc' dir='ltr'>κοντα</span> <span class='ocrx_word' id='word_1_271' title='bbox 217 1016 425 1051; x_wconf 74' lang='grc' dir='ltr'><strong>παραινοῦντες,</strong></span> <span class='ocrx_word' id='word_1_272' title='bbox 438 1017 602 1052; x_wconf 77' lang='grc' dir='ltr'>ἀηδέστατον</span> <span class='ocrx_word' id='word_1_273' title='bbox 617 1018 736 1052; x_wconf 76' lang='grc' dir='ltr'>γίνονται</span> <span class='ocrx_word' id='word_1_274' title='bbox 756 1018 792 1053; x_wconf 86' lang='grc' dir='ltr'>μὴ</span> <span class='ocrx_word' id='word_1_275' title='bbox 815 1019 905 1044; x_wconf 84' lang='grc' dir='ltr'>πειοο-</span> 
     </span>
    </p>
   </div>
   <div class='ocr_carea' id='block_1_39' title="bbox 122 1061 906 1099">
    <p class='ocr_par' dir='ltr' id='par_1_39' title="bbox 122 1061 906 1099">
     <span class='ocr_line' id='line_1_39' title="bbox 122 1061 906 1099; baseline 0.004 -12"><span class='ocrx_word' id='word_1_276' title='bbox 122 1061 232 1096; x_wconf 78' lang='grc' dir='ltr'>μένοις,</span> <span class='ocrx_word' id='word_1_277' title='bbox 259 1062 442 1097; x_wconf 82' lang='grc' dir='ltr'>ἀτιμοῦντες,</span> <span class='ocrx_word' id='word_1_278' title='bbox 473 1063 520 1090; x_wconf 79' lang='grc' dir='ltr'>καὶ</span> <span class='ocrx_word' id='word_1_279' title='bbox 550 1065 708 1099; x_wconf 77' lang='grc' dir='ltr'>εἴργοντες,</span> <span class='ocrx_word' id='word_1_280' title='bbox 735 1064 784 1091; x_wconf 75' lang='grc' dir='ltr'>καὶ</span> <span class='ocrx_word' id='word_1_281' title='bbox 812 1065 906 1099; x_wconf 73' lang='grc' dir='ltr'>μακρᾷ</span> 
     </span>
    </p>
   </div>
   <div class='ocr_carea' id='block_1_40' title="bbox 120 1105 906 1144">
    <p class='ocr_par' dir='ltr' id='par_1_40' title="bbox 120 1105 906 1144">
     <span class='ocr_line' id='line_1_40' title="bbox 120 1105 906 1144; baseline 0.001 -10"><span class='ocrx_word' id='word_1_282' title='bbox 120 1108 232 1134; x_wconf 78' lang='grc' dir='ltr'><strong>κολάσει</strong></span> <span class='ocrx_word' id='word_1_283' title='bbox 248 1108 454 1143; x_wconf 65' lang='grc' dir='ltr'>παραδιδόντες,</span> <span class='ocrx_word' id='word_1_284' title='bbox 469 1105 506 1136; x_wconf 82' lang='grc' dir='ltr'>ὧν</span> <span class='ocrx_word' id='word_1_285' title='bbox 529 1109 604 1136; x_wconf 67' lang='grc' dir='ltr'>οῦδὲν</span> <span class='ocrx_word' id='word_1_286' title='bbox 629 1109 663 1136; x_wconf 82' lang='grc' dir='ltr'>ἂν</span> <span class='ocrx_word' id='word_1_287' title='bbox 680 1111 747 1144; x_wconf 82' lang='grc' dir='ltr'>ἡμῖν</span> <span class='ocrx_word' id='word_1_288' title='bbox 762 1109 857 1144; x_wconf 79' lang='grc' dir='ltr'>ὄφελος</span> <span class='ocrx_word' id='word_1_289' title='bbox 874 1111 906 1135; x_wconf 80' lang='grc' dir='ltr'>ὲκ</span> 
     </span>
    </p>
   </div>
   <div class='ocr_carea' id='block_1_41' title="bbox 121 1153 904 1190">
    <p class='ocr_par' dir='ltr' id='par_1_41' title="bbox 121 1153 904 1190">
     <span class='ocr_line' id='line_1_41' title="bbox 121 1153 904 1190; baseline 0.004 -12"><span class='ocrx_word' id='word_1_290' title='bbox 121 1153 220 1184; x_wconf 64' lang='grc' dir='ltr'>παντὸς</span> <span class='ocrx_word' id='word_1_291' title='bbox 229 1153 330 1188; x_wconf 80' lang='grc' dir='ltr'>τρόπου</span> <span class='ocrx_word' id='word_1_292' title='bbox 342 1153 391 1188; x_wconf 76' lang='grc' dir='ltr'>τὴν</span> <span class='ocrx_word' id='word_1_293' title='bbox 399 1154 490 1180; x_wconf 77' lang='grc' dir='ltr'>ἄνεσιν</span> <span class='ocrx_word' id='word_1_294' title='bbox 500 1155 655 1189; x_wconf 77' lang='grc' dir='ltr'>προτιμῶσι</span> <span class='ocrx_word' id='word_1_295' title='bbox 668 1154 719 1190; x_wconf 79' lang='lat' dir='ltr'><strong>(l).</strong></span> <span class='ocrx_word' id='word_1_296' title='bbox 731 1155 850 1189; x_wconf 83' lang='grc' dir='ltr'>Πόρνους</span> <span class='ocrx_word' id='word_1_297' title='bbox 865 1155 904 1186; x_wconf 70' lang='grc' dir='ltr'>δὲ,</span> 
     </span>
    </p>
   </div>
   <div class='ocr_carea' id='block_1_42' title="bbox 121 1199 905 1235">
    <p class='ocr_par' dir='ltr' id='par_1_42' title="bbox 121 1199 905 1235">
     <span class='ocr_line' id='line_1_42' title="bbox 121 1199 905 1235; baseline 0.001 -10"><span class='ocrx_word' id='word_1_298' title='bbox 121 1199 168 1226; x_wconf 77' lang='grc' dir='ltr'>καὶ</span> <span class='ocrx_word' id='word_1_299' title='bbox 184 1201 376 1234; x_wconf 74' lang='grc' dir='ltr'>προαγωγέας,</span> <span class='ocrx_word' id='word_1_300' title='bbox 389 1200 436 1226; x_wconf 72' lang='grc' dir='ltr'>καὶ</span> <span class='ocrx_word' id='word_1_301' title='bbox 451 1199 580 1232; x_wconf 83' lang='grc' dir='ltr'>κόλακας,</span> <span class='ocrx_word' id='word_1_302' title='bbox 597 1201 643 1227; x_wconf 82' lang='grc' dir='ltr'>καὶ</span> <span class='ocrx_word' id='word_1_303' title='bbox 655 1201 712 1227; x_wconf 78' lang='grc' dir='ltr'>ὅσοι</span> <span class='ocrx_word' id='word_1_304' title='bbox 723 1201 756 1227; x_wconf 81' lang='grc' dir='ltr'>τὰ</span> <span class='ocrx_word' id='word_1_305' title='bbox 769 1200 905 1235; x_wconf 76' lang='grc' dir='ltr'>αἴσχιστα,</span> 
     </span>
    </p>
   </div>
   <div class='ocr_carea' id='block_1_43' title="bbox 121 1246 907 1281">
    <p class='ocr_par' dir='ltr' id='par_1_43' title="bbox 121 1246 907 1281">
     <span class='ocr_line' id='line_1_43' title="bbox 121 1246 907 1281; baseline 0 -9"><span class='ocrx_word' id='word_1_306' title='bbox 121 1246 196 1273; x_wconf 85' lang='grc' dir='ltr'>αὐτοι</span> <span class='ocrx_word' id='word_1_307' title='bbox 213 1255 243 1272; x_wconf 87' lang='grc' dir='ltr'><strong>τε</strong></span> <span class='ocrx_word' id='word_1_308' title='bbox 258 1246 458 1281; x_wconf 75' lang='grc' dir='ltr'>ἐπιτηδεύουσι,</span> <span class='ocrx_word' id='word_1_309' title='bbox 477 1246 526 1274; x_wconf 78' lang='grc' dir='ltr'>καὶ</span> <span class='ocrx_word' id='word_1_310' title='bbox 539 1248 594 1278; x_wconf 84' lang='grc' dir='ltr'>τοῖς</span> <span class='ocrx_word' id='word_1_311' title='bbox 609 1246 700 1278; x_wconf 71' lang='grc' dir='ltr'>ἄλλοις</span> <span class='ocrx_word' id='word_1_312' title='bbox 713 1246 761 1277; x_wconf 80' lang='grc' dir='ltr'><strong>τὰς</strong></span> <span class='ocrx_word' id='word_1_313' title='bbox 779 1247 833 1274; x_wconf 77' lang='grc' dir='ltr'><strong>ἀπὸ</strong></span> <span class='ocrx_word' id='word_1_314' title='bbox 847 1246 907 1273; x_wconf 78' lang='grc' dir='ltr'><strong>τοὺ-</strong></span> 
     </span>
    </p>
   </div>
   <div class='ocr_carea' id='block_1_44' title="bbox 120 1292 905 1328">
    <p class='ocr_par' dir='ltr' id='par_1_44' title="bbox 120 1292 905 1328">
     <span class='ocr_line' id='line_1_44' title="bbox 120 1292 905 1328; baseline 0 -10"><span class='ocrx_word' id='word_1_315' title='bbox 120 1301 175 1319; x_wconf 85' lang='grc' dir='ltr'>των</span> <span class='ocrx_word' id='word_1_316' title='bbox 193 1293 288 1327; x_wconf 65' lang='grc' dir='ltr'>ἡδονὰς</span> <span class='ocrx_word' id='word_1_317' title='bbox 307 1293 494 1328; x_wconf 78' lang='grc' dir='ltr'>προξενοῦσιν,</span> <span class='ocrx_word' id='word_1_318' title='bbox 523 1293 693 1327; x_wconf 71' lang='grc' dir='ltr'>ἐπιτηδείους</span> <span class='ocrx_word' id='word_1_319' title='bbox 714 1292 779 1327; x_wconf 75' lang='grc' dir='ltr'>ἡμῖν</span> <span class='ocrx_word' id='word_1_320' title='bbox 804 1292 905 1323; x_wconf 77' lang='grc' dir='ltr'>αὐτοῖς,</span> 
     </span>
    </p>
   </div>
   <div class='ocr_carea' id='block_1_45' title="bbox 121 1338 908 1374">
    <p class='ocr_par' dir='ltr' id='par_1_45' title="bbox 121 1338 908 1374">
     <span class='ocr_line' id='line_1_45' title="bbox 121 1338 908 1374; baseline -0.001 -9"><span class='ocrx_word' id='word_1_321' title='bbox 121 1339 159 1370; x_wconf 85' lang='grc' dir='ltr'><strong>ὡς</strong></span> <span class='ocrx_word' id='word_1_322' title='bbox 171 1339 253 1373; x_wconf 74' lang='grc' dir='ltr'>ἔοικε,</span> <span class='ocrx_word' id='word_1_323' title='bbox 272 1339 433 1374; x_wconf 80' lang='grc' dir='ltr'>νομιοῦμεν,</span> <span class='ocrx_word' id='word_1_324' title='bbox 453 1339 485 1366; x_wconf 79' lang='grc' dir='ltr'>ἂν</span> <span class='ocrx_word' id='word_1_325' title='bbox 501 1339 536 1366; x_wconf 80' lang='grc' dir='ltr'>τὰ</span> <span class='ocrx_word' id='word_1_326' title='bbox 549 1338 603 1366; x_wconf 86' lang='grc' dir='ltr'><strong>τῶν</strong></span> <span class='ocrx_word' id='word_1_327' title='bbox 618 1338 717 1373; x_wconf 79' lang='grc' dir='ltr'>ἡδονῶν</span> <span class='ocrx_word' id='word_1_328' title='bbox 730 1339 818 1374; x_wconf 72' lang='grc' dir='ltr'>κρατῇ</span> <span class='ocrx_word' id='word_1_329' title='bbox 837 1346 908 1365; x_wconf 75' lang='grc' dir='ltr'>παν-</span> 
     </span>
    </p>
   </div>
   <div class='ocr_carea' id='block_1_46' title="bbox 121 1385 218 1422">
    <p class='ocr_par' dir='ltr' id='par_1_46' title="bbox 121 1385 218 1422">
     <span class='ocr_line' id='line_1_46' title="bbox 121 1385 218 1422; baseline 0.01 -10"><span class='ocrx_word' id='word_1_330' title='bbox 121 1385 218 1422; x_wconf 83' lang='grc' dir='ltr'>ταχοῦ.</span> 
     </span>
    </p>
   </div>
   <div class='ocr_carea' id='block_1_47' title="bbox 428 1432 608 1460">
    <p class='ocr_par' dir='ltr' id='par_1_47' title="bbox 428 1432 608 1460">
     <span class='ocr_line' id='line_1_47' title="bbox 428 1432 608 1460; baseline -0.006 0"><span class='ocrx_word' id='word_1_331' title='bbox 428 1432 554 1460; x_wconf 78' lang='grc' dir='ltr'><strong>ΚΕΦΔΔ.</strong></span> <span class='ocrx_word' id='word_1_332' title='bbox 571 1432 608 1460; x_wconf 72' lang='grc' dir='ltr'>ιν.</span> 
     </span>
    </p>
   </div>
   <div class='ocr_carea' id='block_1_48' title="bbox 157 1478 909 1515">
    <p class='ocr_par' dir='ltr' id='par_1_48' title="bbox 157 1478 909 1515">
     <span class='ocr_line' id='line_1_48' title="bbox 157 1478 909 1515; baseline 0.001 -10"><span class='ocrx_word' id='word_1_333' title='bbox 157 1478 270 1513; x_wconf 83' lang='grc' dir='ltr'>Πρῶτον</span> <span class='ocrx_word' id='word_1_334' title='bbox 290 1478 341 1513; x_wconf 66' lang='grc' dir='ltr'><strong>μὲν</strong></span> <span class='ocrx_word' id='word_1_335' title='bbox 357 1478 404 1505; x_wconf 81' lang='grc' dir='ltr'>οὖν</span> <span class='ocrx_word' id='word_1_336' title='bbox 418 1479 498 1505; x_wconf 78' lang='grc' dir='ltr'>τοῦτο</span> <span class='ocrx_word' id='word_1_337' title='bbox 521 1479 568 1505; x_wconf 78' lang='grc' dir='ltr'>καὶ</span> <span class='ocrx_word' id='word_1_338' title='bbox 583 1479 748 1514; x_wconf 74' lang='grc' dir='ltr'>κουφότητος</span> <span class='ocrx_word' id='word_1_339' title='bbox 765 1480 909 1515; x_wconf 78' lang='grc' dir='ltr'>νομιστέον</span> 
     </span>
    </p>
   </div>
   <div class='ocr_carea' id='block_1_49' title="bbox 955 923 1745 959">
    <p class='ocr_par' dir='ltr' id='par_1_49' title="bbox 955 923 1745 959">
     <span class='ocr_line' id='line_1_49' title="bbox 955 923 1745 959; baseline 0 -9"><span class='ocrx_word' id='word_1_340' title='bbox 955 923 1066 958; x_wconf 84' lang='lat' dir='ltr'><strong>corpori</strong></span> <span class='ocrx_word' id='word_1_341' title='bbox 1080 923 1216 954; x_wconf 82' lang='lat' dir='ltr'><strong>medicus,</strong></span> <span class='ocrx_word' id='word_1_342' title='bbox 1226 927 1254 949; x_wconf 89' lang='lat' dir='ltr'><strong>et</strong></span> <span class='ocrx_word' id='word_1_343' title='bbox 1270 923 1386 949; x_wconf 83' lang='lat' dir='ltr'><strong>maxime</strong></span> <span class='ocrx_word' id='word_1_344' title='bbox 1407 923 1542 950; x_wconf 85' lang='lat' dir='ltr'><strong>nocebunt</strong></span> <span class='ocrx_word' id='word_1_345' title='bbox 1559 926 1650 950; x_wconf 88' lang='lat' dir='ltr'><strong>anitno</strong></span> <span class='ocrx_word' id='word_1_346' title='bbox 1661 924 1745 959; x_wconf 78' lang='lat' dir='ltr'><strong>leges.</strong></span> 
     </span>
    </p>
   </div>
   <div class='ocr_carea' id='block_1_50' title="bbox 955 967 1746 1003">
    <p class='ocr_par' dir='ltr' id='par_1_50' title="bbox 955 967 1746 1003">
     <span class='ocr_line' id='line_1_50' title="bbox 955 967 1746 1003; baseline 0.003 -9"><span class='ocrx_word' id='word_1_347' title='bbox 955 971 983 994; x_wconf 88' lang='lat' dir='ltr'><strong>et</strong></span> <span class='ocrx_word' id='word_1_348' title='bbox 998 967 1180 1000; x_wconf 77' lang='lat' dir='ltr'><strong>institutores,</strong></span> <span class='ocrx_word' id='word_1_349' title='bbox 1192 973 1219 994; x_wconf 91' lang='lat' dir='ltr'><strong>et</strong></span> <span class='ocrx_word' id='word_1_350' title='bbox 1233 968 1496 1002; x_wconf 84' lang='lat' dir='ltr'><strong>parentes.denique</strong></span> <span class='ocrx_word' id='word_1_351' title='bbox 1510 969 1707 1003; x_wconf 73' lang='lat' dir='ltr'><strong>pretiosissima</strong></span> <span class='ocrx_word' id='word_1_352' title='bbox 1717 974 1746 997; x_wconf 83' lang='lat' dir='ltr'><strong>et</strong></span> 
     </span>
    </p>
   </div>
   <div class='ocr_carea' id='block_1_51' title="bbox 956 1012 1746 1047">
    <p class='ocr_par' dir='ltr' id='par_1_51' title="bbox 956 1012 1746 1047">
     <span class='ocr_line' id='line_1_51' title="bbox 956 1012 1746 1047; baseline 0.001 -8"><span class='ocrx_word' id='word_1_353' title='bbox 956 1013 1101 1040; x_wconf 87' lang='lat' dir='ltr'><strong>utilissima</strong></span> <span class='ocrx_word' id='word_1_354' title='bbox 1109 1020 1234 1047; x_wconf 56' lang='lat' dir='ltr'><strong>quaeque.</strong></span> <span class='ocrx_word' id='word_1_355' title='bbox 1246 1013 1264 1039; x_wconf 95' lang='lat' dir='ltr'><strong>li</strong></span> <span class='ocrx_word' id='word_1_356' title='bbox 1274 1012 1346 1039; x_wconf 83' lang='lat' dir='ltr'><strong>enim</strong></span> <span class='ocrx_word' id='word_1_357' title='bbox 1355 1020 1461 1045; x_wconf 89' lang='lat' dir='ltr'><strong>omnes,</strong></span> <span class='ocrx_word' id='word_1_358' title='bbox 1472 1021 1533 1040; x_wconf 92' lang='lat' dir='ltr'><strong>cum</strong></span> <span class='ocrx_word' id='word_1_359' title='bbox 1552 1014 1652 1040; x_wconf 71' lang='lat' dir='ltr'><strong>(rustra</strong></span> <span class='ocrx_word' id='word_1_360' title='bbox 1665 1014 1746 1044; x_wconf 81' lang='lat' dir='ltr'><strong>otticii</strong></span> 
     </span>
    </p>
   </div>
   <div class='ocr_carea' id='block_1_52' title="bbox 955 1059 1745 1095">
    <p class='ocr_par' dir='ltr' id='par_1_52' title="bbox 955 1059 1745 1095">
     <span class='ocr_line' id='line_1_52' title="bbox 955 1059 1745 1095; baseline 0.003 -10"><span class='ocrx_word' id='word_1_361' title='bbox 955 1063 1140 1090; x_wconf 82' lang='lat' dir='ltr'><strong>commonent,</strong></span> <span class='ocrx_word' id='word_1_362' title='bbox 1156 1059 1362 1086; x_wconf 77' lang='lat' dir='ltr'><strong>contumacibus</strong></span> <span class='ocrx_word' id='word_1_363' title='bbox 1376 1059 1560 1087; x_wconf 84' lang='lat' dir='ltr'><strong>molestissitni</strong></span> <span class='ocrx_word' id='word_1_364' title='bbox 1578 1060 1745 1095; x_wconf 83' lang='lat' dir='ltr'><strong>tlunt,igno-</strong></span> 
     </span>
    </p>
   </div>
   <div class='ocr_carea' id='block_1_53' title="bbox 957 1102 1749 1138">
    <p class='ocr_par' dir='ltr' id='par_1_53' title="bbox 957 1102 1749 1138">
     <span class='ocr_line' id='line_1_53' title="bbox 957 1102 1749 1138; baseline 0.005 -10"><span class='ocrx_word' id='word_1_365' title='bbox 957 1102 1039 1128; x_wconf 84' lang='lat' dir='ltr'><strong>tn&#39;tnia</strong></span> <span class='ocrx_word' id='word_1_366' title='bbox 1058 1103 1267 1135; x_wconf 86' lang='lat' dir='ltr'><strong>muletando,et</strong></span> <span class='ocrx_word' id='word_1_367' title='bbox 1289 1103 1316 1129; x_wconf 93' lang='lat' dir='ltr'><strong>in</strong></span> <span class='ocrx_word' id='word_1_368' title='bbox 1339 1110 1478 1130; x_wconf 83' lang='lat' dir='ltr'><strong>carcerem</strong></span> <span class='ocrx_word' id='word_1_369' title='bbox 1498 1103 1570 1138; x_wconf 78' lang='lat' dir='ltr'><strong>conji</strong></span> <span class='ocrx_word' id='word_1_370' title='bbox 1596 1104 1702 1138; x_wconf 78' lang='lat' dir='ltr'><strong>ciendo,</strong></span> <span class='ocrx_word' id='word_1_371' title='bbox 1719 1110 1749 1132; x_wconf 84' lang='lat' dir='ltr'><strong>et</strong></span> 
     </span>
    </p>
   </div>
   <div class='ocr_carea' id='block_1_54' title="bbox 957 1148 1747 1184">
    <p class='ocr_par' dir='ltr' id='par_1_54' title="bbox 957 1148 1747 1184">
     <span class='ocr_line' id='line_1_54' title="bbox 957 1148 1747 1184; baseline 0.005 -10"><span class='ocrx_word' id='word_1_372' title='bbox 957 1148 1092 1175; x_wconf 87' lang='lat' dir='ltr'><strong>diuturnis</strong></span> <span class='ocrx_word' id='word_1_373' title='bbox 1106 1148 1248 1182; x_wconf 85' lang='lat' dir='ltr'><strong>suppliciis</strong></span> <span class='ocrx_word' id='word_1_374' title='bbox 1264 1148 1426 1176; x_wconf 84' lang='lat' dir='ltr'><strong>alliciendo:</strong></span> <span class='ocrx_word' id='word_1_375' title='bbox 1439 1157 1554 1184; x_wconf 89' lang='lat' dir='ltr'><strong>quorum</strong></span> <span class='ocrx_word' id='word_1_376' title='bbox 1572 1150 1674 1176; x_wconf 90' lang='lat' dir='ltr'><strong>nttllum</strong></span> <span class='ocrx_word' id='word_1_377' title='bbox 1697 1158 1747 1178; x_wconf 92' lang='lat' dir='ltr'><strong>no-</strong></span> 
     </span>
    </p>
   </div>
   <div class='ocr_carea' id='block_1_55' title="bbox 957 1193 1746 1229">
    <p class='ocr_par' dir='ltr' id='par_1_55' title="bbox 957 1193 1746 1229">
     <span class='ocr_line' id='line_1_55' title="bbox 957 1193 1746 1229; baseline 0.005 -9"><span class='ocrx_word' id='word_1_378' title='bbox 957 1193 999 1221; x_wconf 90' lang='lat' dir='ltr'><strong>bis</strong></span> <span class='ocrx_word' id='word_1_379' title='bbox 1022 1198 1094 1221; x_wconf 87' lang='lat' dir='ltr'><strong>essct</strong></span> <span class='ocrx_word' id='word_1_380' title='bbox 1109 1194 1297 1226; x_wconf 88' lang='lat' dir='ltr'><strong>commodum,</strong></span> <span class='ocrx_word' id='word_1_381' title='bbox 1311 1195 1333 1221; x_wconf 87' lang='lat' dir='ltr'><strong>si</strong></span> <span class='ocrx_word' id='word_1_382' title='bbox 1358 1195 1456 1229; x_wconf 85' lang='lat' dir='ltr'><strong>quovis</strong></span> <span class='ocrx_word' id='word_1_383' title='bbox 1474 1197 1555 1223; x_wconf 83' lang='lat' dir='ltr'><strong>modo</strong></span> <span class='ocrx_word' id='word_1_384' title='bbox 1575 1197 1660 1224; x_wconf 84' lang='lat' dir='ltr'><strong>otium</strong></span> <span class='ocrx_word' id='word_1_385' title='bbox 1680 1197 1746 1224; x_wconf 73' lang='lat' dir='ltr'><strong>illud</strong></span> 
     </span>
    </p>
   </div>
   <div class='ocr_carea' id='block_1_56' title="bbox 958 1239 1747 1276">
    <p class='ocr_par' dir='ltr' id='par_1_56' title="bbox 958 1239 1747 1276">
     <span class='ocr_line' id='line_1_56' title="bbox 958 1239 1747 1276; baseline 0.006 -11"><span class='ocrx_word' id='word_1_386' title='bbox 958 1239 1196 1273; x_wconf 86' lang='lat' dir='ltr'><strong>amplecteremur.</strong></span> <span class='ocrx_word' id='word_1_387' title='bbox 1217 1239 1270 1266; x_wconf 86' lang='lat' dir='ltr'><strong>Sed</strong></span> <span class='ocrx_word' id='word_1_388' title='bbox 1285 1240 1414 1272; x_wconf 58' lang='lat' dir='ltr'><strong>cinados,</strong></span> <span class='ocrx_word' id='word_1_389' title='bbox 1436 1241 1559 1273; x_wconf 85' lang='lat' dir='ltr'><strong>lenones.</strong></span> <span class='ocrx_word' id='word_1_390' title='bbox 1579 1242 1747 1276; x_wconf 86' lang='lat' dir='ltr'><strong>adulatores,</strong></span> 
     </span>
    </p>
   </div>
   <div class='ocr_carea' id='block_1_57' title="bbox 957 1280 1749 1320">
    <p class='ocr_par' dir='ltr' id='par_1_57' title="bbox 957 1280 1749 1320">
     <span class='ocr_line' id='line_1_57' title="bbox 957 1280 1749 1320; baseline 0.008 -10"><span class='ocrx_word' id='word_1_391' title='bbox 957 1284 1059 1319; x_wconf 87' lang='lat' dir='ltr'><strong>quique</strong></span> <span class='ocrx_word' id='word_1_392' title='bbox 1072 1283 1172 1320; x_wconf 83' lang='lat' dir='ltr'><strong>ﬂagitia</strong></span> <span class='ocrx_word' id='word_1_393' title='bbox 1184 1288 1239 1312; x_wconf 85' lang='lat' dir='ltr'><strong>tum</strong></span> <span class='ocrx_word' id='word_1_394' title='bbox 1255 1285 1306 1320; x_wconf 89' lang='lat' dir='ltr'><strong>ipsi</strong></span> <span class='ocrx_word' id='word_1_395' title='bbox 1321 1280 1460 1318; x_wconf 76' lang='lat' dir='ltr'><strong>exercent.</strong></span> <span class='ocrx_word' id='word_1_396' title='bbox 1481 1292 1538 1314; x_wconf 93' lang='lat' dir='ltr'><strong>tum</strong></span> <span class='ocrx_word' id='word_1_397' title='bbox 1554 1288 1614 1316; x_wconf 89' lang='lat' dir='ltr'><strong>aliis</strong></span> <span class='ocrx_word' id='word_1_398' title='bbox 1630 1289 1692 1316; x_wconf 80' lang='lat' dir='ltr'><strong>inde</strong></span> <span class='ocrx_word' id='word_1_399' title='bbox 1702 1297 1749 1316; x_wconf 89' lang='lat' dir='ltr'><strong>vo-</strong></span> 
     </span>
    </p>
   </div>
   <div class='ocr_carea' id='block_1_58' title="bbox 959 1331 1749 1371">
    <p class='ocr_par' dir='ltr' id='par_1_58' title="bbox 959 1331 1749 1371">
     <span class='ocr_line' id='line_1_58' title="bbox 959 1331 1749 1371; baseline 0.01 -14"><span class='ocrx_word' id='word_1_400' title='bbox 959 1331 1075 1366; x_wconf 87' lang='lat' dir='ltr'><strong>luptates</strong></span> <span class='ocrx_word' id='word_1_401' title='bbox 1087 1332 1249 1364; x_wconf 88' lang='lat' dir='ltr'><strong>conciliant,</strong></span> <span class='ocrx_word' id='word_1_402' title='bbox 1266 1337 1433 1368; x_wconf 85' lang='lat' dir='ltr'><strong>opportunos</strong></span> <span class='ocrx_word' id='word_1_403' title='bbox 1460 1334 1564 1362; x_wconf 85' lang='lat' dir='ltr'><strong>scilicet</strong></span> <span class='ocrx_word' id='word_1_404' title='bbox 1585 1335 1664 1363; x_wconf 89' lang='lat' dir='ltr'><strong>nobis</strong></span> <span class='ocrx_word' id='word_1_405' title='bbox 1683 1335 1749 1371; x_wconf 70' lang='lat' dir='ltr'><strong>ipsis</strong></span> 
     </span>
    </p>
   </div>
   <div class='ocr_carea' id='block_1_59' title="bbox 957 1377 1698 1414">
    <p class='ocr_par' dir='ltr' id='par_1_59' title="bbox 957 1377 1698 1414">
     <span class='ocr_line' id='line_1_59' title="bbox 957 1377 1698 1414; baseline 0.007 -10"><span class='ocrx_word' id='word_1_406' title='bbox 957 1377 1150 1412; x_wconf 83' lang='lat' dir='ltr'><strong>judicabimus,</strong></span> <span class='ocrx_word' id='word_1_407' title='bbox 1168 1379 1190 1406; x_wconf 90' lang='lat' dir='ltr'><strong>si</strong></span> <span class='ocrx_word' id='word_1_408' title='bbox 1207 1379 1308 1414; x_wconf 84' lang='lat' dir='ltr'><strong>ubique</strong></span> <span class='ocrx_word' id='word_1_409' title='bbox 1328 1380 1483 1414; x_wconf 87' lang='lat' dir='ltr'><strong>voluptates</strong></span> <span class='ocrx_word' id='word_1_410' title='bbox 1511 1381 1698 1409; x_wconf 88' lang='lat' dir='ltr'><strong>dominentur.</strong></span> 
     </span>
    </p>
   </div>
   <div class='ocr_carea' id='block_1_60' title="bbox 1256 1431 1440 1462">
    <p class='ocr_par' dir='ltr' id='par_1_60' title="bbox 1256 1431 1440 1462">
     <span class='ocr_line' id='line_1_60' title="bbox 1256 1431 1440 1462; baseline 0.011 -4"><span class='ocrx_word' id='word_1_411' title='bbox 1256 1431 1371 1459; x_wconf 82' lang='lat' dir='ltr'><strong>CAPUT</strong></span> <span class='ocrx_word' id='word_1_412' title='bbox 1400 1432 1440 1462; x_wconf 84' lang='grc' dir='ltr'><strong>ΙΙΙ.</strong></span> 
     </span>
    </p>
   </div>
   <div class='ocr_carea' id='block_1_61' title="bbox 997 1476 1746 1512">
    <p class='ocr_par' dir='ltr' id='par_1_61' title="bbox 997 1476 1746 1512">
     <span class='ocr_line' id='line_1_61' title="bbox 997 1476 1746 1512; baseline 0.005 -9"><span class='ocrx_word' id='word_1_413' title='bbox 997 1476 1117 1503; x_wconf 85' lang='lat' dir='ltr'><strong>Primum</strong></span> <span class='ocrx_word' id='word_1_414' title='bbox 1138 1476 1220 1511; x_wconf 76' lang='lat' dir='ltr'><strong>igitur</strong></span> <span class='ocrx_word' id='word_1_415' title='bbox 1236 1476 1301 1502; x_wconf 90' lang='lat' dir='ltr'><strong>illud</strong></span> <span class='ocrx_word' id='word_1_416' title='bbox 1317 1476 1435 1504; x_wconf 77' lang='lat' dir='ltr'><strong>levitatis</strong></span> <span class='ocrx_word' id='word_1_417' title='bbox 1451 1478 1602 1512; x_wconf 83' lang='lat' dir='ltr'><strong>putandum</strong></span> <span class='ocrx_word' id='word_1_418' title='bbox 1625 1484 1678 1511; x_wconf 87' lang='lat' dir='ltr'><strong>est,</strong></span> <span class='ocrx_word' id='word_1_419' title='bbox 1698 1480 1746 1507; x_wconf 85' lang='lat' dir='ltr'><strong>de-</strong></span> 
     </span>
    </p>
   </div>
   <div class='ocr_carea' id='block_1_62' title="bbox 124 1522 908 1564">
    <p class='ocr_par' dir='ltr' id='par_1_62' title="bbox 124 1524 908 1561">
     <span class='ocr_line' id='line_1_62' title="bbox 124 1524 908 1561; baseline 0.003 -11"><span class='ocrx_word' id='word_1_420' title='bbox 124 1524 219 1559; x_wconf 79' lang='grc' dir='ltr'>κλᾴειν</span> <span class='ocrx_word' id='word_1_421' title='bbox 236 1524 290 1550; x_wconf 86' lang='grc' dir='ltr'>τῶν</span> <span class='ocrx_word' id='word_1_422' title='bbox 305 1525 406 1559; x_wconf 70' lang='grc' dir='ltr'>ἡδονῶν</span> <span class='ocrx_word' id='word_1_423' title='bbox 422 1525 631 1560; x_wconf 87' lang='grc' dir='ltr'>στερουμένους,</span> <span class='ocrx_word' id='word_1_424' title='bbox 647 1525 740 1561; x_wconf 82' lang='grc' dir='ltr'>ὥσπερ</span> <span class='ocrx_word' id='word_1_425' title='bbox 755 1526 789 1552; x_wconf 76' lang='grc' dir='ltr'>τὰ</span> <span class='ocrx_word' id='word_1_426' title='bbox 802 1526 908 1558; x_wconf 85' lang='grc' dir='ltr'>παιδία,</span> 
     </span>
    </p>
   </div>
   <div class='ocr_carea' id='block_1_63' title="bbox 961 1522 1747 1564">
    <p class='ocr_par' dir='ltr' id='par_1_63' title="bbox 963 1522 1747 1560">
     <span class='ocr_line' id='line_1_63' title="bbox 963 1522 1747 1560; baseline 0.005 -10"><span class='ocrx_word' id='word_1_427' title='bbox 963 1523 1070 1558; x_wconf 85' lang='lat' dir='ltr'><strong>plorare</strong></span> <span class='ocrx_word' id='word_1_428' title='bbox 1098 1522 1268 1557; x_wconf 75' lang='lat' dir='ltr'><strong>voluptatum</strong></span> <span class='ocrx_word' id='word_1_429' title='bbox 1301 1523 1504 1557; x_wconf 85' lang='lat' dir='ltr'><strong>privationem:</strong></span> <span class='ocrx_word' id='word_1_430' title='bbox 1523 1525 1608 1552; x_wconf 88' lang='lat' dir='ltr'><strong>instar</strong></span> <span class='ocrx_word' id='word_1_431' title='bbox 1646 1533 1747 1560; x_wconf 82' lang='lat' dir='ltr'><strong>puero-</strong></span> 
     </span>
    </p>
   </div>
   <div class='ocr_carea' id='block_1_64' title="bbox 124 1569 910 1604">
    <p class='ocr_par' dir='ltr' id='par_1_64' title="bbox 124 1569 910 1604">
     <span class='ocr_line' id='line_1_64' title="bbox 124 1569 910 1604; baseline 0.001 -9"><span class='ocrx_word' id='word_1_432' title='bbox 124 1569 189 1595; x_wconf 82' lang='grc' dir='ltr'>ὃταν</span> <span class='ocrx_word' id='word_1_433' title='bbox 201 1569 290 1596; x_wconf 85' lang='grc' dir='ltr'>αὐτῶν</span> <span class='ocrx_word' id='word_1_434' title='bbox 304 1569 329 1595; x_wconf 80' lang='lat' dir='ltr'><strong>oi</strong></span> <span class='ocrx_word' id='word_1_435' title='bbox 354 1569 523 1603; x_wconf 84' lang='grc' dir='ltr'>παιδαγωγοὶ</span> <span class='ocrx_word' id='word_1_436' title='bbox 548 1569 611 1600; x_wconf 78' lang='grc' dir='ltr'>τοὺς</span> <span class='ocrx_word' id='word_1_437' title='bbox 635 1569 835 1604; x_wconf 83' lang='grc' dir='ltr'>ἀστραγάλους,</span> <span class='ocrx_word' id='word_1_438' title='bbox 850 1571 867 1604; x_wconf 76' lang='grc' dir='ltr'><strong>ἡ</strong></span> <span class='ocrx_word' id='word_1_439' title='bbox 883 1578 910 1596; x_wconf 88' lang='grc' dir='ltr'><strong>τι</strong></span> 
     </span>
    </p>
   </div>
   <div class='ocr_carea' id='block_1_65' title="bbox 125 1614 909 1651">
    <p class='ocr_par' dir='ltr' id='par_1_65' title="bbox 125 1614 909 1651">
     <span class='ocr_line' id='line_1_65' title="bbox 125 1614 909 1651; baseline -0.003 -10"><span class='ocrx_word' id='word_1_440' title='bbox 125 1615 180 1641; x_wconf 82' lang='grc' dir='ltr'>τῶν</span> <span class='ocrx_word' id='word_1_441' title='bbox 203 1615 254 1650; x_wconf 82' lang='grc' dir='ltr'>τῆς</span> <span class='ocrx_word' id='word_1_442' title='bbox 277 1615 397 1646; x_wconf 76' lang='grc' dir='ltr'>παιδιᾶς,</span> <span class='ocrx_word' id='word_1_443' title='bbox 418 1615 601 1651; x_wconf 72' lang='grc' dir='ltr'>ἀφαιρῶνται.</span> <span class='ocrx_word' id='word_1_444' title='bbox 617 1615 724 1641; x_wconf 79' lang='grc' dir='ltr'>Ἔπειτ“</span> <span class='ocrx_word' id='word_1_445' title='bbox 739 1614 909 1647; x_wconf 79' lang='grc' dir='ltr'>ἐξεταστέον,</span> 
     </span>
    </p>
   </div>
   <div class='ocr_carea' id='block_1_66' title="bbox 125 1660 911 1695">
    <p class='ocr_par' dir='ltr' id='par_1_66' title="bbox 125 1660 911 1695">
     <span class='ocr_line' id='line_1_66' title="bbox 125 1660 911 1695; baseline 0 -9"><span class='ocrx_word' id='word_1_446' title='bbox 125 1663 173 1688; x_wconf 79' lang='grc' dir='ltr'>καὶ</span> <span class='ocrx_word' id='word_1_447' title='bbox 190 1661 264 1692; x_wconf 85' lang='grc' dir='ltr'>τίνας</span> <span class='ocrx_word' id='word_1_448' title='bbox 278 1661 332 1688; x_wconf 82' lang='grc' dir='ltr'>τῶν</span> <span class='ocrx_word' id='word_1_449' title='bbox 348 1661 448 1695; x_wconf 80' lang='grc' dir='ltr'>ήδοιιῶν</span> <span class='ocrx_word' id='word_1_450' title='bbox 474 1662 488 1687; x_wconf 83' lang='grc' dir='ltr'><strong>ὀ</strong></span> <span class='ocrx_word' id='word_1_451' title='bbox 513 1660 629 1692; x_wconf 75' lang='grc' dir='ltr'>θάνατος</span> <span class='ocrx_word' id='word_1_452' title='bbox 653 1660 804 1695; x_wconf 75' lang='grc' dir='ltr'>ἀφανίζων,</span> <span class='ocrx_word' id='word_1_453' title='bbox 825 1660 911 1691; x_wconf 80' lang='grc' dir='ltr'>οὕτως</span> 
     </span>
    </p>
   </div>
   <div class='ocr_carea' id='block_1_67' title="bbox 126 1705 911 1741">
    <p class='ocr_par' dir='ltr' id='par_1_67' title="bbox 126 1705 911 1741">
     <span class='ocr_line' id='line_1_67' title="bbox 126 1705 911 1741; baseline -0.003 -8"><span class='ocrx_word' id='word_1_454' title='bbox 126 1707 185 1733; x_wconf 68' lang='grc' dir='ltr'>ἐστὶ</span> <span class='ocrx_word' id='word_1_455' title='bbox 204 1707 337 1741; x_wconf 71' lang='grc' dir='ltr'>λυπηρός.</span> <span class='ocrx_word' id='word_1_456' title='bbox 355 1706 458 1733; x_wconf 80' lang='grc' dir='ltr'>Οὐκοῦν</span> <span class='ocrx_word' id='word_1_457' title='bbox 474 1708 520 1733; x_wconf 78' lang='grc' dir='ltr'>καὶ</span> <span class='ocrx_word' id='word_1_458' title='bbox 538 1706 641 1732; x_wconf 69' lang='grc' dir='ltr'>τούτων</span> <span class='ocrx_word' id='word_1_459' title='bbox 664 1707 704 1737; x_wconf 86' lang='grc' dir='ltr'><strong>είς</strong></span> <span class='ocrx_word' id='word_1_460' title='bbox 723 1707 796 1740; x_wconf 78' lang='grc' dir='ltr'>τρεῖς</span> <span class='ocrx_word' id='word_1_461' title='bbox 814 1705 911 1740; x_wconf 77' lang='grc' dir='ltr'>μοίρας</span> 
     </span>
    </p>
   </div>
   <div class='ocr_carea' id='block_1_68' title="bbox 125 1752 911 1789">
    <p class='ocr_par' dir='ltr' id='par_1_68' title="bbox 125 1752 911 1789">
     <span class='ocr_line' id='line_1_68' title="bbox 125 1752 911 1789; baseline -0.003 -9"><span class='ocrx_word' id='word_1_462' title='bbox 125 1753 336 1788; x_wconf 60' lang='grc' dir='ltr'>διαιρουμίνων,</span> <span class='ocrx_word' id='word_1_463' title='bbox 353 1753 402 1788; x_wconf 83' lang='grc' dir='ltr'><strong>τὴν</strong></span> <span class='ocrx_word' id='word_1_464' title='bbox 420 1753 470 1789; x_wconf 79' lang='grc' dir='ltr'>μὲν</span> <span class='ocrx_word' id='word_1_465' title='bbox 485 1753 549 1788; x_wconf 83' lang='grc' dir='ltr'>μίαν</span> <span class='ocrx_word' id='word_1_466' title='bbox 566 1753 613 1779; x_wconf 74' lang='grc' dir='ltr'>καὶ</span> <span class='ocrx_word' id='word_1_467' title='bbox 637 1752 759 1788; x_wconf 83' lang='grc' dir='ltr'>πρώτην,</span> <span class='ocrx_word' id='word_1_468' title='bbox 778 1753 824 1779; x_wconf 86' lang='grc' dir='ltr'>καὶ</span> <span class='ocrx_word' id='word_1_469' title='bbox 841 1752 911 1778; x_wconf 81' lang='grc' dir='ltr'>θειο-</span> 
     </span>
    </p>
   </div>
   <div class='ocr_carea' id='block_1_69' title="bbox 127 1798 912 1834">
    <p class='ocr_par' dir='ltr' id='par_1_69' title="bbox 127 1798 912 1834">
     <span class='ocr_line' id='line_1_69' title="bbox 127 1798 912 1834; baseline -0.003 -9"><span class='ocrx_word' id='word_1_470' title='bbox 127 1799 223 1834; x_wconf 80' lang='grc' dir='ltr'>τάτην,</span> <span class='ocrx_word' id='word_1_471' title='bbox 237 1799 283 1825; x_wconf 77' lang='grc' dir='ltr'>καὶ</span> <span class='ocrx_word' id='word_1_472' title='bbox 305 1800 322 1834; x_wconf 83' lang='grc' dir='ltr'>ἢ</span> <span class='ocrx_word' id='word_1_473' title='bbox 340 1799 406 1834; x_wconf 73' lang='grc' dir='ltr'>μόνη</span> <span class='ocrx_word' id='word_1_474' title='bbox 429 1799 558 1833; x_wconf 79' lang='grc' dir='ltr'>καθαρῶς</span> <span class='ocrx_word' id='word_1_475' title='bbox 584 1799 659 1825; x_wconf 66' lang='grc' dir='ltr'>ἐστιν</span> <span class='ocrx_word' id='word_1_476' title='bbox 685 1798 842 1834; x_wconf 81' lang='grc' dir='ltr'>ἀνθρώπου,</span> <span class='ocrx_word' id='word_1_477' title='bbox 864 1798 912 1824; x_wconf 72' lang='grc' dir='ltr'>καὶ</span> 
     </span>
    </p>
   </div>
   <div class='ocr_carea' id='block_1_70' title="bbox 128 1843 911 1880">
    <p class='ocr_par' dir='ltr' id='par_1_70' title="bbox 128 1843 911 1880">
     <span class='ocr_line' id='line_1_70' title="bbox 128 1843 911 1880; baseline -0.001 -9"><span class='ocrx_word' id='word_1_478' title='bbox 128 1845 189 1871; x_wconf 80' lang='grc' dir='ltr'>καθ’</span> <span class='ocrx_word' id='word_1_479' title='bbox 198 1844 300 1880; x_wconf 77' lang='grc' dir='ltr'>ἑαυτὴν</span> <span class='ocrx_word' id='word_1_480' title='bbox 315 1845 411 1879; x_wconf 83' lang='grc' dir='ltr'>αἱρετή</span> <span class='ocrx_word' id='word_1_481' title='bbox 422 1852 428 1860; x_wconf 89' lang='grc'><strong>·</strong></span> <span class='ocrx_word' id='word_1_482' title='bbox 443 1844 514 1878; x_wconf 70' lang='grc' dir='ltr'>λέγω</span> <span class='ocrx_word' id='word_1_483' title='bbox 528 1844 560 1879; x_wconf 83' lang='grc' dir='ltr'>δὴ</span> <span class='ocrx_word' id='word_1_484' title='bbox 572 1845 622 1879; x_wconf 85' lang='grc' dir='ltr'>τὴν</span> <span class='ocrx_word' id='word_1_485' title='bbox 635 1844 698 1879; x_wconf 83' lang='grc' dir='ltr'>περὶ</span> <span class='ocrx_word' id='word_1_486' title='bbox 709 1843 758 1879; x_wconf 82' lang='grc' dir='ltr'>τὴν</span> <span class='ocrx_word' id='word_1_487' title='bbox 771 1843 911 1878; x_wconf 75' lang='grc' dir='ltr'>ἀλήθειαν,</span> 
     </span>
    </p>
   </div>
   <div class='ocr_carea' id='block_1_71' title="bbox 128 1889 913 1924">
    <p class='ocr_par' dir='ltr' id='par_1_71' title="bbox 128 1889 913 1924">
     <span class='ocr_line' id='line_1_71' title="bbox 128 1889 913 1924; baseline 0 -8"><span class='ocrx_word' id='word_1_488' title='bbox 128 1891 176 1916; x_wconf 75' lang='grc' dir='ltr'>καὶ</span> <span class='ocrx_word' id='word_1_489' title='bbox 198 1891 244 1916; x_wconf 78' lang='grc' dir='ltr'>τὸν</span> <span class='ocrx_word' id='word_1_490' title='bbox 270 1889 343 1922; x_wconf 83' lang='grc' dir='ltr'>νοῦν,</span> <span class='ocrx_word' id='word_1_491' title='bbox 372 1890 419 1916; x_wconf 72' lang='grc' dir='ltr'><strong>καὶ</strong></span> <span class='ocrx_word' id='word_1_492' title='bbox 445 1890 495 1924; x_wconf 78' lang='grc' dir='ltr'>ὅση</span> <span class='ocrx_word' id='word_1_493' title='bbox 523 1889 618 1916; x_wconf 77' lang='grc' dir='ltr'>τούτου</span> <span class='ocrx_word' id='word_1_494' title='bbox 645 1890 762 1924; x_wconf 82' lang='grc' dir='ltr'>γένους·</span> <span class='ocrx_word' id='word_1_495' title='bbox 786 1889 913 1916; x_wconf 87' lang='grc' dir='ltr'>τοσοῦτον</span> 
     </span>
    </p>
   </div>
   <div class='ocr_carea' id='block_1_72' title="bbox 127 1935 910 1972">
    <p class='ocr_par' dir='ltr' id='par_1_72' title="bbox 127 1935 910 1972">
     <span class='ocr_line' id='line_1_72' title="bbox 127 1935 910 1972; baseline 0 -10"><span class='ocrx_word' id='word_1_496' title='bbox 127 1936 225 1972; x_wconf 75' lang='grc' dir='ltr'>ἀπέχει</span> <span class='ocrx_word' id='word_1_497' title='bbox 239 1936 360 1971; x_wconf 81' lang='grc' dir='ltr'>φθείρειν</span> <span class='ocrx_word' id='word_1_498' title='bbox 371 1937 385 1962; x_wconf 84' lang='grc' dir='ltr'><strong>ό</strong></span> <span class='ocrx_word' id='word_1_499' title='bbox 401 1935 527 1969; x_wconf 82' lang='grc' dir='ltr'>Θάνατος,</span> <span class='ocrx_word' id='word_1_500' title='bbox 540 1935 624 1970; x_wconf 76' lang='grc' dir='ltr'>ἧγουν</span> <span class='ocrx_word' id='word_1_501' title='bbox 637 1935 668 1962; x_wconf 73' lang='grc' dir='ltr'><strong>τὸ</strong></span> <span class='ocrx_word' id='word_1_502' title='bbox 680 1935 762 1970; x_wconf 73' lang='grc' dir='ltr'>τυχὸν</span> <span class='ocrx_word' id='word_1_503' title='bbox 772 1935 910 1968; x_wconf 67' lang='grc' dir='ltr'>ἐλαττοῦν,</span> 
     </span>
    </p>
   </div>
   <div class='ocr_carea' id='block_1_73' title="bbox 127 1981 912 2016">
    <p class='ocr_par' dir='ltr' id='par_1_73' title="bbox 127 1981 912 2016">
     <span class='ocr_line' id='line_1_73' title="bbox 127 1981 912 2016; baseline -0.001 -8"><span class='ocrx_word' id='word_1_504' title='bbox 127 1983 199 2009; x_wconf 75' lang='grc' dir='ltr'>ὥστε</span> <span class='ocrx_word' id='word_1_505' title='bbox 215 1983 262 2008; x_wconf 81' lang='grc' dir='ltr'>καὶ</span> <span class='ocrx_word' id='word_1_506' title='bbox 285 1982 340 2008; x_wconf 82' lang='grc' dir='ltr'>τῶν</span> <span class='ocrx_word' id='word_1_507' title='bbox 360 1982 499 2013; x_wconf 74' lang='grc' dir='ltr'>παντελῶς</span> <span class='ocrx_word' id='word_1_508' title='bbox 518 1981 665 2014; x_wconf 72' lang='grc' dir='ltr'>ἀδυνάτων,</span> <span class='ocrx_word' id='word_1_509' title='bbox 681 1982 706 2007; x_wconf 88' lang='grc' dir='ltr'><strong>εί</strong></span> <span class='ocrx_word' id='word_1_510' title='bbox 728 1982 765 2016; x_wconf 76' lang='grc' dir='ltr'>μὴ</span> <span class='ocrx_word' id='word_1_511' title='bbox 782 1982 851 2016; x_wconf 78' lang='grc' dir='ltr'>μετᾶ</span> <span class='ocrx_word' id='word_1_512' title='bbox 866 1981 912 2008; x_wconf 74' lang='grc' dir='ltr'><strong>ϐά-</strong></span> 
     </span>
    </p>
   </div>
   <div class='ocr_carea' id='block_1_74' title="bbox 128 2027 911 2063">
    <p class='ocr_par' dir='ltr' id='par_1_74' title="bbox 128 2027 911 2063">
     <span class='ocr_line' id='line_1_74' title="bbox 128 2027 911 2063; baseline -0.001 -8"><span class='ocrx_word' id='word_1_513' title='bbox 128 2036 217 2061; x_wconf 82' lang='grc' dir='ltr'>νατον,</span> <span class='ocrx_word' id='word_1_514' title='bbox 235 2028 364 2063; x_wconf 81' lang='grc' dir='ltr'>καθαρῶς</span> <span class='ocrx_word' id='word_1_515' title='bbox 385 2036 415 2054; x_wconf 83' lang='grc' dir='ltr'><strong>τε</strong></span> <span class='ocrx_word' id='word_1_516' title='bbox 438 2029 486 2054; x_wconf 84' lang='grc' dir='ltr'>καὶ</span> <span class='ocrx_word' id='word_1_517' title='bbox 511 2027 641 2062; x_wconf 81' lang='grc' dir='ltr'>ἀσφαλῶς</span> <span class='ocrx_word' id='word_1_518' title='bbox 668 2028 775 2059; x_wconf 76' lang='grc' dir='ltr'>ικείνας</span> <span class='ocrx_word' id='word_1_519' title='bbox 796 2028 911 2063; x_wconf 72' lang='grc' dir='ltr'>ἡσθῆναι</span> 
     </span>
    </p>
   </div>
   <div class='ocr_carea' id='block_1_75' title="bbox 127 2073 912 2109">
    <p class='ocr_par' dir='ltr' id='par_1_75' title="bbox 127 2073 912 2109">
     <span class='ocr_line' id='line_1_75' title="bbox 127 2073 912 2109; baseline 0 -9"><span class='ocrx_word' id='word_1_520' title='bbox 127 2075 176 2106; x_wconf 83' lang='grc' dir='ltr'><strong>τὰς</strong></span> <span class='ocrx_word' id='word_1_521' title='bbox 191 2075 296 2109; x_wconf 80' lang='grc' dir='ltr'>ἡδονάς.</span> <span class='ocrx_word' id='word_1_522' title='bbox 315 2074 369 2100; x_wconf 79' lang='grc' dir='ltr'><strong>Καὶ</strong></span> <span class='ocrx_word' id='word_1_523' title='bbox 391 2073 463 2100; x_wconf 77' lang='grc' dir='ltr'>τοῦτ’</span> <span class='ocrx_word' id='word_1_524' title='bbox 482 2073 597 2100; x_wconf 69' lang='grc' dir='ltr'>ἄπιστον</span> <span class='ocrx_word' id='word_1_525' title='bbox 621 2073 671 2107; x_wconf 81' lang='grc' dir='ltr'>μὲν</span> <span class='ocrx_word' id='word_1_526' title='bbox 689 2074 753 2104; x_wconf 72' lang='grc' dir='ltr'>ἴσως</span> <span class='ocrx_word' id='word_1_527' title='bbox 772 2074 842 2106; x_wconf 78' lang='grc' dir='ltr'>δόξει</span> <span class='ocrx_word' id='word_1_528' title='bbox 857 2075 912 2105; x_wconf 83' lang='grc' dir='ltr'>τοῖς</span> 
     </span>
    </p>
   </div>
   <div class='ocr_carea' id='block_1_76' title="bbox 128 2119 912 2155">
    <p class='ocr_par' dir='ltr' id='par_1_76' title="bbox 128 2119 912 2155">
     <span class='ocr_line' id='line_1_76' title="bbox 128 2119 912 2155; baseline -0.003 -8"><span class='ocrx_word' id='word_1_529' title='bbox 128 2121 166 2154; x_wconf 83' lang='grc' dir='ltr'>ὡς</span> <span class='ocrx_word' id='word_1_530' title='bbox 181 2121 259 2155; x_wconf 71' lang='grc' dir='ltr'>ἔτυχε</span> <span class='ocrx_word' id='word_1_531' title='bbox 277 2120 345 2152; x_wconf 78' lang='grc' dir='ltr'>ζῶσι</span> <span class='ocrx_word' id='word_1_532' title='bbox 355 2128 361 2135; x_wconf 81' lang='grc'><em>’</em></span> <span class='ocrx_word' id='word_1_533' title='bbox 378 2121 478 2151; x_wconf 79' lang='grc' dir='ltr'>παντὸς</span> <span class='ocrx_word' id='word_1_534' title='bbox 491 2119 520 2146; x_wconf 77' lang='grc' dir='ltr'>δὲ</span> <span class='ocrx_word' id='word_1_535' title='bbox 534 2120 635 2154; x_wconf 69' lang='grc' dir='ltr'>μᾶλλον</span> <span class='ocrx_word' id='word_1_536' title='bbox 650 2121 724 2146; x_wconf 72' lang='grc' dir='ltr'>ἐστιν</span> <span class='ocrx_word' id='word_1_537' title='bbox 745 2119 843 2155; x_wconf 73' lang='grc' dir='ltr'>ἀληθὲς</span> <span class='ocrx_word' id='word_1_538' title='bbox 857 2121 912 2151; x_wconf 77' lang='grc' dir='ltr'>τοῖς</span> 
     </span>
    </p>
   </div>
   <div class='ocr_carea' id='block_1_77' title="bbox 127 2165 912 2200">
    <p class='ocr_par' dir='ltr' id='par_1_77' title="bbox 127 2165 912 2200">
     <span class='ocr_line' id='line_1_77' title="bbox 127 2165 912 2200; baseline -0.004 -6"><span class='ocrx_word' id='word_1_539' title='bbox 127 2168 179 2194; x_wconf 83' lang='grc' dir='ltr'>οὐκ</span> <span class='ocrx_word' id='word_1_540' title='bbox 199 2166 387 2196; x_wconf 75' lang='grc' dir='ltr'>ὰσασανίστως</span> <span class='ocrx_word' id='word_1_541' title='bbox 404 2165 467 2200; x_wconf 76' lang='grc' dir='ltr'>περὶ</span> <span class='ocrx_word' id='word_1_542' title='bbox 489 2165 542 2192; x_wconf 83' lang='grc' dir='ltr'>τῶν</span> <span class='ocrx_word' id='word_1_543' title='bbox 566 2165 736 2200; x_wconf 81' lang='grc' dir='ltr'>πραγμάτων</span> <span class='ocrx_word' id='word_1_544' title='bbox 759 2165 912 2200; x_wconf 74' lang='grc' dir='ltr'>ψηφιζομέ-</span> 
     </span>
    </p>
   </div>
   <div class='ocr_carea' id='block_1_78' title="bbox 965 1568 1749 1605">
    <p class='ocr_par' dir='ltr' id='par_1_78' title="bbox 965 1568 1749 1605">
     <span class='ocr_line' id='line_1_78' title="bbox 965 1568 1749 1605; baseline 0.005 -10"><span class='ocrx_word' id='word_1_545' title='bbox 965 1577 1036 1601; x_wconf 91' lang='lat' dir='ltr'><strong>rum,</strong></span> <span class='ocrx_word' id='word_1_546' title='bbox 1051 1568 1151 1603; x_wconf 86' lang='lat' dir='ltr'><strong>quibus</strong></span> <span class='ocrx_word' id='word_1_547' title='bbox 1167 1568 1286 1603; x_wconf 85' lang='lat' dir='ltr'><strong>magistri</strong></span> <span class='ocrx_word' id='word_1_548' title='bbox 1303 1569 1380 1600; x_wconf 85' lang='lat' dir='ltr'><strong>talos,</strong></span> <span class='ocrx_word' id='word_1_549' title='bbox 1394 1574 1441 1596; x_wconf 88' lang='lat' dir='ltr'><strong>aut</strong></span> <span class='ocrx_word' id='word_1_550' title='bbox 1457 1569 1530 1596; x_wconf 80' lang='lat' dir='ltr'><strong>aliud</strong></span> <span class='ocrx_word' id='word_1_551' title='bbox 1546 1570 1685 1605; x_wconf 82' lang='lat' dir='ltr'><strong>quippiam</strong></span> <span class='ocrx_word' id='word_1_552' title='bbox 1707 1573 1749 1599; x_wconf 89' lang='lat' dir='ltr'><strong>lu-</strong></span> 
     </span>
    </p>
   </div>
   <div class='ocr_carea' id='block_1_79' title="bbox 964 1613 1748 1651">
    <p class='ocr_par' dir='ltr' id='par_1_79' title="bbox 964 1613 1748 1651">
     <span class='ocr_line' id='line_1_79' title="bbox 964 1613 1748 1651; baseline 0.004 -9"><span class='ocrx_word' id='word_1_553' title='bbox 964 1614 1220 1649; x_wconf 86' lang='lat' dir='ltr'><strong>dicrum,eripiunt.</strong></span> <span class='ocrx_word' id='word_1_554' title='bbox 1237 1613 1340 1641; x_wconf 88' lang='lat' dir='ltr'><strong>Deinde</strong></span> <span class='ocrx_word' id='word_1_555' title='bbox 1352 1615 1539 1649; x_wconf 57' lang='lat' dir='ltr'><strong>quaerendum,</strong></span> <span class='ocrx_word' id='word_1_556' title='bbox 1563 1617 1661 1651; x_wconf 84' lang='lat' dir='ltr'><strong>quibus</strong></span> <span class='ocrx_word' id='word_1_557' title='bbox 1688 1618 1748 1645; x_wconf 89' lang='lat' dir='ltr'><strong>adi—</strong></span> 
     </span>
    </p>
   </div>
   <div class='ocr_carea' id='block_1_80' title="bbox 965 1659 1747 1696">
    <p class='ocr_par' dir='ltr' id='par_1_80' title="bbox 965 1659 1747 1696">
     <span class='ocr_line' id='line_1_80' title="bbox 965 1659 1747 1696; baseline 0.005 -10"><span class='ocrx_word' id='word_1_558' title='bbox 965 1659 1273 1694; x_wconf 85' lang='lat' dir='ltr'><strong>mendisvoluptatibus,</strong></span> <span class='ocrx_word' id='word_1_559' title='bbox 1305 1667 1379 1687; x_wconf 85' lang='lat' dir='ltr'><strong>mors</strong></span> <span class='ocrx_word' id='word_1_560' title='bbox 1392 1665 1444 1687; x_wconf 92' lang='lat' dir='ltr'><strong>tam</strong></span> <span class='ocrx_word' id='word_1_561' title='bbox 1473 1662 1563 1696; x_wconf 83' lang='lat' dir='ltr'><strong>gravis</strong></span> <span class='ocrx_word' id='word_1_562' title='bbox 1591 1662 1653 1690; x_wconf 84' lang='lat' dir='ltr'><strong>sit?</strong></span> <span class='ocrx_word' id='word_1_563' title='bbox 1676 1662 1747 1690; x_wconf 90' lang='lat' dir='ltr'><strong>Cum</strong></span> 
     </span>
    </p>
   </div>
   <div class='ocr_carea' id='block_1_81' title="bbox 965 1705 1746 1742">
    <p class='ocr_par' dir='ltr' id='par_1_81' title="bbox 965 1705 1746 1742">
     <span class='ocr_line' id='line_1_81' title="bbox 965 1705 1746 1742; baseline 0.005 -10"><span class='ocrx_word' id='word_1_564' title='bbox 965 1710 1055 1733; x_wconf 84' lang='lat' dir='ltr'><strong>autem</strong></span> <span class='ocrx_word' id='word_1_565' title='bbox 1073 1706 1114 1733; x_wconf 63' lang='lat' dir='ltr'><strong>ha;</strong></span> <span class='ocrx_word' id='word_1_566' title='bbox 1133 1713 1241 1740; x_wconf 85' lang='lat' dir='ltr'><strong>quoque</strong></span> <span class='ocrx_word' id='word_1_567' title='bbox 1261 1705 1288 1732; x_wconf 92' lang='lat' dir='ltr'><strong>in</strong></span> <span class='ocrx_word' id='word_1_568' title='bbox 1307 1710 1362 1733; x_wconf 87' lang='lat' dir='ltr'><strong>tres</strong></span> <span class='ocrx_word' id='word_1_569' title='bbox 1377 1711 1468 1742; x_wconf 82' lang='lat' dir='ltr'><strong>partes</strong></span> <span class='ocrx_word' id='word_1_570' title='bbox 1484 1707 1651 1741; x_wconf 84' lang='lat' dir='ltr'><strong>dividantur,</strong></span> <span class='ocrx_word' id='word_1_571' title='bbox 1665 1717 1746 1736; x_wconf 86' lang='lat' dir='ltr'><strong>uuam</strong></span> 
     </span>
    </p>
   </div>
   <div class='ocr_carea' id='block_1_82' title="bbox 965 1751 1749 1787">
    <p class='ocr_par' dir='ltr' id='par_1_82' title="bbox 965 1751 1749 1787">
     <span class='ocr_line' id='line_1_82' title="bbox 965 1751 1749 1787; baseline 0.006 -9"><span class='ocrx_word' id='word_1_572' title='bbox 965 1752 1073 1787; x_wconf 88' lang='lat' dir='ltr'><strong>quidem</strong></span> <span class='ocrx_word' id='word_1_573' title='bbox 1087 1755 1115 1779; x_wconf 92' lang='lat' dir='ltr'><strong>et</strong></span> <span class='ocrx_word' id='word_1_574' title='bbox 1127 1751 1245 1779; x_wconf 83' lang='lat' dir='ltr'><strong>maxime</strong></span> <span class='ocrx_word' id='word_1_575' title='bbox 1261 1751 1391 1785; x_wconf 79' lang='lat' dir='ltr'><strong>divinam,</strong></span> <span class='ocrx_word' id='word_1_576' title='bbox 1408 1756 1435 1780; x_wconf 86' lang='lat' dir='ltr'><strong>et</strong></span> <span class='ocrx_word' id='word_1_577' title='bbox 1459 1760 1519 1787; x_wconf 63' lang='lat' dir='ltr'><strong>quae</strong></span> <span class='ocrx_word' id='word_1_578' title='bbox 1546 1754 1603 1781; x_wconf 84' lang='lat' dir='ltr'><strong>sola</strong></span> <span class='ocrx_word' id='word_1_579' title='bbox 1628 1755 1749 1783; x_wconf 78' lang='lat' dir='ltr'><strong>hominis</strong></span> 
     </span>
    </p>
   </div>
   <div class='ocr_carea' id='block_1_83' title="bbox 965 1797 1747 1834">
    <p class='ocr_par' dir='ltr' id='par_1_83' title="bbox 965 1797 1747 1834">
     <span class='ocr_line' id='line_1_83' title="bbox 965 1797 1747 1834; baseline 0.004 -9"><span class='ocrx_word' id='word_1_580' title='bbox 965 1803 1017 1829; x_wconf 83' lang='lat' dir='ltr'><strong>est,</strong></span> <span class='ocrx_word' id='word_1_581' title='bbox 1033 1801 1060 1825; x_wconf 88' lang='lat' dir='ltr'><strong>et</strong></span> <span class='ocrx_word' id='word_1_582' title='bbox 1073 1801 1184 1832; x_wconf 81' lang='lat' dir='ltr'><strong>propter</strong></span> <span class='ocrx_word' id='word_1_583' title='bbox 1198 1797 1370 1832; x_wconf 84' lang='lat' dir='ltr'><strong>semetipsam</strong></span> <span class='ocrx_word' id='word_1_584' title='bbox 1383 1798 1532 1832; x_wconf 77' lang='lat' dir='ltr'><strong>expetenda</strong></span> <span class='ocrx_word' id='word_1_585' title='bbox 1559 1798 1630 1834; x_wconf 81' lang='lat' dir='ltr'><strong>[enm</strong></span> <span class='ocrx_word' id='word_1_586' title='bbox 1656 1806 1747 1828; x_wconf 85' lang='lat' dir='ltr'><strong>autem</strong></span> 
     </span>
    </p>
   </div>
   <div class='ocr_carea' id='block_1_84' title="bbox 965 1843 1748 1879">
    <p class='ocr_par' dir='ltr' id='par_1_84' title="bbox 965 1843 1748 1879">
     <span class='ocr_line' id='line_1_84' title="bbox 965 1843 1748 1879; baseline 0.001 -8"><span class='ocrx_word' id='word_1_587' title='bbox 965 1844 1038 1875; x_wconf 88' lang='lat' dir='ltr'><strong>dico,</strong></span> <span class='ocrx_word' id='word_1_588' title='bbox 1052 1851 1113 1878; x_wconf 75' lang='lat' dir='ltr'><strong>quae</strong></span> <span class='ocrx_word' id='word_1_589' title='bbox 1138 1843 1167 1870; x_wconf 92' lang='lat' dir='ltr'><strong>in</strong></span> <span class='ocrx_word' id='word_1_590' title='bbox 1184 1843 1298 1871; x_wconf 86' lang='lat' dir='ltr'><strong>veritate</strong></span> <span class='ocrx_word' id='word_1_591' title='bbox 1325 1843 1475 1879; x_wconf 85' lang='lat' dir='ltr'><strong>indaganda</strong></span> <span class='ocrx_word' id='word_1_592' title='bbox 1498 1849 1632 1876; x_wconf 83' lang='lat' dir='ltr'><strong>versatur,</strong></span> <span class='ocrx_word' id='word_1_593' title='bbox 1662 1850 1690 1872; x_wconf 88' lang='lat' dir='ltr'><strong>et</strong></span> <span class='ocrx_word' id='word_1_594' title='bbox 1721 1847 1748 1872; x_wconf 92' lang='lat' dir='ltr'><strong>in</strong></span> 
     </span>
    </p>
   </div>
   <div class='ocr_carea' id='block_1_85' title="bbox 966 1890 1749 1929">
    <p class='ocr_par' dir='ltr' id='par_1_85' title="bbox 966 1890 1749 1929">
     <span class='ocr_line' id='line_1_85' title="bbox 966 1890 1749 1929; baseline 0.004 -13"><span class='ocrx_word' id='word_1_595' title='bbox 966 1893 1057 1916; x_wconf 80' lang='lat' dir='ltr'><strong>mente</strong></span> <span class='ocrx_word' id='word_1_596' title='bbox 1067 1891 1153 1924; x_wconf 86' lang='lat' dir='ltr'><strong>poslta</strong></span> <span class='ocrx_word' id='word_1_597' title='bbox 1173 1893 1227 1920; x_wconf 91' lang='lat' dir='ltr'><strong>est,</strong></span> <span class='ocrx_word' id='word_1_598' title='bbox 1259 1893 1287 1916; x_wconf 89' lang='lat' dir='ltr'><strong>et</strong></span> <span class='ocrx_word' id='word_1_599' title='bbox 1315 1890 1375 1923; x_wconf 72' lang='lat' dir='ltr'><strong>quae</strong></span> <span class='ocrx_word' id='word_1_600' title='bbox 1399 1894 1462 1917; x_wconf 84' lang='lat' dir='ltr'><strong>sunt</strong></span> <span class='ocrx_word' id='word_1_601' title='bbox 1490 1890 1610 1924; x_wconf 86' lang='lat' dir='ltr'><strong>ejusdem</strong></span> <span class='ocrx_word' id='word_1_602' title='bbox 1629 1893 1749 1929; x_wconf 74' lang='lat' dir='ltr'><strong>generis]</strong></span> 
     </span>
    </p>
   </div>
   <div class='ocr_carea' id='block_1_86' title="bbox 967 1935 1750 1972">
    <p class='ocr_par' dir='ltr' id='par_1_86' title="bbox 967 1935 1750 1972">
     <span class='ocr_line' id='line_1_86' title="bbox 967 1935 1750 1972; baseline 0.005 -11"><span class='ocrx_word' id='word_1_603' title='bbox 967 1939 1072 1962; x_wconf 82' lang='lat' dir='ltr'><strong>tantum</strong></span> <span class='ocrx_word' id='word_1_604' title='bbox 1093 1935 1170 1962; x_wconf 82' lang='lat' dir='ltr'><strong>abest</strong></span> <span class='ocrx_word' id='word_1_605' title='bbox 1184 1940 1213 1962; x_wconf 88' lang='lat' dir='ltr'><strong>ut</strong></span> <span class='ocrx_word' id='word_1_606' title='bbox 1227 1942 1300 1962; x_wconf 90' lang='lat' dir='ltr'><strong>mors</strong></span> <span class='ocrx_word' id='word_1_607' title='bbox 1311 1935 1416 1970; x_wconf 87' lang='lat' dir='ltr'><strong>perdat,</strong></span> <span class='ocrx_word' id='word_1_608' title='bbox 1428 1935 1469 1962; x_wconf 83' lang='lat' dir='ltr'><strong>vel</strong></span> <span class='ocrx_word' id='word_1_609' title='bbox 1487 1936 1597 1963; x_wconf 87' lang='lat' dir='ltr'><strong>minima</strong></span> <span class='ocrx_word' id='word_1_610' title='bbox 1624 1945 1654 1964; x_wconf 86' lang='lat' dir='ltr'><strong>ex</strong></span> <span class='ocrx_word' id='word_1_611' title='bbox 1674 1943 1750 1972; x_wconf 83' lang='lat' dir='ltr'><strong>parte</strong></span> 
     </span>
    </p>
   </div>
   <div class='ocr_carea' id='block_1_87' title="bbox 966 1981 1748 2017">
    <p class='ocr_par' dir='ltr' id='par_1_87' title="bbox 966 1981 1748 2017">
     <span class='ocr_line' id='line_1_87' title="bbox 966 1981 1748 2017; baseline 0.004 -9"><span class='ocrx_word' id='word_1_612' title='bbox 966 1981 1110 2013; x_wconf 88' lang='lat' dir='ltr'><strong>diminuat,</strong></span> <span class='ocrx_word' id='word_1_613' title='bbox 1129 1986 1158 2008; x_wconf 91' lang='lat' dir='ltr'><strong>ut</strong></span> <span class='ocrx_word' id='word_1_614' title='bbox 1170 1981 1243 2008; x_wconf 90' lang='lat' dir='ltr'><strong>nullo</strong></span> <span class='ocrx_word' id='word_1_615' title='bbox 1257 1981 1338 2008; x_wconf 92' lang='lat' dir='ltr'><strong>modo</strong></span> <span class='ocrx_word' id='word_1_616' title='bbox 1359 1982 1417 2008; x_wconf 84' lang='lat' dir='ltr'><strong>ﬂeri</strong></span> <span class='ocrx_word' id='word_1_617' title='bbox 1446 1982 1530 2017; x_wconf 87' lang='lat' dir='ltr'><strong>possit</strong></span> <span class='ocrx_word' id='word_1_618' title='bbox 1557 1988 1585 2009; x_wconf 91' lang='lat' dir='ltr'><strong>ut</strong></span> <span class='ocrx_word' id='word_1_619' title='bbox 1599 1983 1653 2010; x_wconf 89' lang='lat' dir='ltr'><strong>illis</strong></span> <span class='ocrx_word' id='word_1_620' title='bbox 1669 1985 1748 2011; x_wconf 90' lang='lat' dir='ltr'><strong>volu-</strong></span> 
     </span>
    </p>
   </div>
   <div class='ocr_carea' id='block_1_88' title="bbox 967 2025 1750 2062">
    <p class='ocr_par' dir='ltr' id='par_1_88' title="bbox 967 2025 1750 2062">
     <span class='ocr_line' id='line_1_88' title="bbox 967 2025 1750 2062; baseline 0.005 -10"><span class='ocrx_word' id='word_1_621' title='bbox 967 2025 1086 2060; x_wconf 86' lang='lat' dir='ltr'><strong>ptatibus</strong></span> <span class='ocrx_word' id='word_1_622' title='bbox 1095 2033 1162 2060; x_wconf 87' lang='lat' dir='ltr'><strong>pure</strong></span> <span class='ocrx_word' id='word_1_623' title='bbox 1176 2031 1204 2052; x_wconf 88' lang='lat' dir='ltr'><strong>et</strong></span> <span class='ocrx_word' id='word_1_624' title='bbox 1217 2033 1312 2053; x_wconf 88' lang='lat' dir='ltr'><strong>secure</strong></span> <span class='ocrx_word' id='word_1_625' title='bbox 1321 2026 1506 2060; x_wconf 82' lang='lat' dir='ltr'><strong>perfruamur,</strong></span> <span class='ocrx_word' id='word_1_626' title='bbox 1519 2027 1571 2054; x_wconf 81' lang='lat' dir='ltr'><strong>nisi</strong></span> <span class='ocrx_word' id='word_1_627' title='bbox 1593 2033 1654 2062; x_wconf 88' lang='lat' dir='ltr'><strong>post</strong></span> <span class='ocrx_word' id='word_1_628' title='bbox 1675 2036 1750 2056; x_wconf 91' lang='lat' dir='ltr'><strong>mor-</strong></span> 
     </span>
    </p>
   </div>
   <div class='ocr_carea' id='block_1_89' title="bbox 967 2071 1748 2102">
    <p class='ocr_par' dir='ltr' id='par_1_89' title="bbox 967 2071 1748 2102">
     <span class='ocr_line' id='line_1_89' title="bbox 967 2071 1748 2102; baseline 0.004 -4"><span class='ocrx_word' id='word_1_629' title='bbox 967 2076 1031 2098; x_wconf 91' lang='lat' dir='ltr'><strong>tem.</strong></span> <span class='ocrx_word' id='word_1_630' title='bbox 1046 2071 1080 2098; x_wconf 81' lang='lat' dir='ltr'><strong>At</strong></span> <span class='ocrx_word' id='word_1_631' title='bbox 1094 2071 1145 2098; x_wconf 89' lang='lat' dir='ltr'><strong>hoc</strong></span> <span class='ocrx_word' id='word_1_632' title='bbox 1161 2071 1318 2098; x_wconf 89' lang='lat' dir='ltr'><strong>incredibile</strong></span> <span class='ocrx_word' id='word_1_633' title='bbox 1332 2072 1457 2099; x_wconf 82' lang='lat' dir='ltr'><strong>fortassis</strong></span> <span class='ocrx_word' id='word_1_634' title='bbox 1469 2072 1604 2100; x_wconf 86' lang='lat' dir='ltr'><strong>videbitur</strong></span> <span class='ocrx_word' id='word_1_635' title='bbox 1631 2074 1748 2102; x_wconf 88' lang='lat' dir='ltr'><strong>homini-</strong></span> 
     </span>
    </p>
   </div>
   <div class='ocr_carea' id='block_1_90' title="bbox 967 2118 1747 2150">
    <p class='ocr_par' dir='ltr' id='par_1_90' title="bbox 967 2118 1747 2150">
     <span class='ocr_line' id='line_1_90' title="bbox 967 2118 1747 2150; baseline 0.003 -5"><span class='ocrx_word' id='word_1_636' title='bbox 967 2119 1016 2145; x_wconf 89' lang='lat' dir='ltr'><strong>bus</strong></span> <span class='ocrx_word' id='word_1_637' title='bbox 1033 2122 1135 2145; x_wconf 87' lang='lat' dir='ltr'><strong>temere</strong></span> <span class='ocrx_word' id='word_1_638' title='bbox 1149 2118 1313 2150; x_wconf 83' lang='lat' dir='ltr'><strong>viventibus,</strong></span> <span class='ocrx_word' id='word_1_639' title='bbox 1337 2125 1400 2145; x_wconf 89' lang='lat' dir='ltr'><strong>cum</strong></span> <span class='ocrx_word' id='word_1_640' title='bbox 1423 2119 1544 2145; x_wconf 88' lang='lat' dir='ltr'><strong>omniunt</strong></span> <span class='ocrx_word' id='word_1_641' title='bbox 1573 2119 1747 2148; x_wconf 85' lang='lat' dir='ltr'><strong>verissimum</strong></span> 
     </span>
    </p>
   </div>
   <div class='ocr_carea' id='block_1_91' title="bbox 966 2163 1750 2199">
    <p class='ocr_par' dir='ltr' id='par_1_91' title="bbox 966 2163 1750 2199">
     <span class='ocr_line' id='line_1_91' title="bbox 966 2163 1750 2199; baseline 0.004 -8"><span class='ocrx_word' id='word_1_642' title='bbox 966 2165 1009 2191; x_wconf 83' lang='lat' dir='ltr'><strong>sit‘</strong></span> <span class='ocrx_word' id='word_1_643' title='bbox 1023 2164 1056 2191; x_wconf 90' lang='lat' dir='ltr'><strong>iis</strong></span> <span class='ocrx_word' id='word_1_644' title='bbox 1067 2163 1112 2199; x_wconf 89' lang='lat' dir='ltr'><strong>qui</strong></span> <span class='ocrx_word' id='word_1_645' title='bbox 1123 2171 1176 2190; x_wconf 89' lang='lat' dir='ltr'><strong>non</strong></span> <span class='ocrx_word' id='word_1_646' title='bbox 1191 2163 1243 2190; x_wconf 93' lang='lat' dir='ltr'><strong>nisi</strong></span> <span class='ocrx_word' id='word_1_647' title='bbox 1265 2163 1388 2190; x_wconf 78' lang='lat' dir='ltr'><strong>adhibita</strong></span> <span class='ocrx_word' id='word_1_648' title='bbox 1415 2163 1603 2198; x_wconf 79' lang='lat' dir='ltr'><strong>exploratione</strong></span> <span class='ocrx_word' id='word_1_649' title='bbox 1617 2165 1651 2192; x_wconf 87' lang='lat' dir='ltr'><strong>de</strong></span> <span class='ocrx_word' id='word_1_650' title='bbox 1669 2166 1750 2194; x_wconf 87' lang='lat' dir='ltr'><strong>rebus</strong></span> 
     </span>
    </p>
   </div>
   <div class='ocr_carea' id='block_1_92' title="bbox 129 2208 908 2248">
    <p class='ocr_par' dir='ltr' id='par_1_92' title="bbox 129 2210 908 2248">
     <span class='ocr_line' id='line_1_92' title="bbox 129 2210 908 2248; baseline -0.004 -8"><span class='ocrx_word' id='word_1_651' title='bbox 129 2222 195 2246; x_wconf 84' lang='grc' dir='ltr'>νοις.</span> <span class='ocrx_word' id='word_1_652' title='bbox 212 2213 267 2240; x_wconf 77' lang='grc' dir='ltr'><strong>Καὶ</strong></span> <span class='ocrx_word' id='word_1_653' title='bbox 288 2212 354 2246; x_wconf 76' lang='grc' dir='ltr'>παρ’</span> <span class='ocrx_word' id='word_1_654' title='bbox 374 2211 452 2247; x_wconf 80' lang='grc' dir='ltr'>ἡμῶν</span> <span class='ocrx_word' id='word_1_655' title='bbox 467 2211 494 2238; x_wconf 76' lang='grc' dir='ltr'><strong>δέ</strong></span> <span class='ocrx_word' id='word_1_656' title='bbox 516 2220 558 2243; x_wconf 76' lang='grc' dir='ltr'><strong>τις</strong></span> <span class='ocrx_word' id='word_1_657' title='bbox 586 2212 663 2238; x_wconf 78' lang='grc' dir='ltr'>οὐδὲν</span> <span class='ocrx_word' id='word_1_658' title='bbox 686 2210 767 2248; x_wconf 85' lang='grc' dir='ltr'>ἦττον</span> <span class='ocrx_word' id='word_1_659' title='bbox 787 2212 863 2238; x_wconf 76' lang='grc' dir='ltr'>ἔσται</span> <span class='ocrx_word' id='word_1_660' title='bbox 878 2212 908 2246; x_wconf 76' lang='grc' dir='ltr'><strong>τῇ</strong></span> 
     </span>
    </p>
   </div>
   <div class='ocr_carea' id='block_1_93' title="bbox 961 2208 1750 2248">
    <p class='ocr_par' dir='ltr' id='par_1_93' title="bbox 965 2209 1750 2244">
     <span class='ocr_line' id='line_1_93' title="bbox 965 2209 1750 2244; baseline 0.004 -7"><span class='ocrx_word' id='word_1_661' title='bbox 965 2211 1125 2238; x_wconf 88' lang='lat' dir='ltr'><strong>decernunt.</strong></span> <span class='ocrx_word' id='word_1_662' title='bbox 1153 2210 1186 2237; x_wconf 87' lang='lat' dir='ltr'><strong>Et</strong></span> <span class='ocrx_word' id='word_1_663' title='bbox 1199 2218 1214 2236; x_wconf 90' lang='lat' dir='ltr'><strong>a</strong></span> <span class='ocrx_word' id='word_1_664' title='bbox 1228 2210 1306 2237; x_wconf 87' lang='lat' dir='ltr'><strong>nobis</strong></span> <span class='ocrx_word' id='word_1_665' title='bbox 1326 2209 1408 2237; x_wconf 85' lang='lat' dir='ltr'><strong>etiam</strong></span> <span class='ocrx_word' id='word_1_666' title='bbox 1435 2210 1501 2244; x_wconf 89' lang='lat' dir='ltr'><strong>ipsis</strong></span> <span class='ocrx_word' id='word_1_667' title='bbox 1516 2212 1694 2244; x_wconf 84' lang='lat' dir='ltr'><strong>patrocinium</strong></span> <span class='ocrx_word' id='word_1_668' title='bbox 1709 2213 1750 2240; x_wconf 94' lang='lat' dir='ltr'><strong>ni-</strong></span> 
     </span>
    </p>
   </div>
   <div class='ocr_carea' id='block_1_94' title="bbox 129 2258 910 2297">
    <p class='ocr_par' dir='ltr' id='par_1_94' title="bbox 129 2258 910 2297">
     <span class='ocr_line' id='line_1_94' title="bbox 129 2258 910 2297; baseline -0.001 -10"><span class='ocrx_word' id='word_1_669' title='bbox 129 2261 192 2297; x_wconf 80' lang='grc' dir='ltr'><strong>δόξῃ</strong></span> <span class='ocrx_word' id='word_1_670' title='bbox 217 2260 303 2296; x_wconf 74' lang='grc' dir='ltr'>ταύτῃ</span> <span class='ocrx_word' id='word_1_671' title='bbox 330 2258 496 2294; x_wconf 80' lang='grc' dir='ltr'>συνηγορία,</span> <span class='ocrx_word' id='word_1_672' title='bbox 523 2259 586 2285; x_wconf 76' lang='grc' dir='ltr'>ὅταν</span> <span class='ocrx_word' id='word_1_673' title='bbox 613 2259 699 2293; x_wconf 76' lang='grc' dir='ltr'>αὐτὴν</span> <span class='ocrx_word' id='word_1_674' title='bbox 729 2258 910 2293; x_wconf 74' lang='grc' dir='ltr'>ἐξετάζωμεν.</span> 
     </span>
    </p>
   </div>
   <div class='ocr_carea' id='block_1_95' title="bbox 129 2305 912 2342">
    <p class='ocr_par' dir='ltr' id='par_1_95' title="bbox 129 2305 912 2342">
     <span class='ocr_line' id='line_1_95' title="bbox 129 2305 912 2342; baseline -0.004 -9"><span class='ocrx_word' id='word_1_675' title='bbox 129 2307 259 2334; x_wconf 77' lang='grc' dir='ltr'>Λείπεται</span> <span class='ocrx_word' id='word_1_676' title='bbox 279 2307 306 2333; x_wconf 85' lang='grc' dir='ltr'>δὲ</span> <span class='ocrx_word' id='word_1_677' title='bbox 331 2307 380 2342; x_wconf 77' lang='grc' dir='ltr'>τὴν</span> <span class='ocrx_word' id='word_1_678' title='bbox 403 2307 504 2342; x_wconf 78' lang='grc' dir='ltr'>ζημίαν</span> <span class='ocrx_word' id='word_1_679' title='bbox 528 2305 598 2332; x_wconf 80' lang='grc' dir='ltr'>εἶναι</span> <span class='ocrx_word' id='word_1_680' title='bbox 622 2307 678 2337; x_wconf 83' lang='grc' dir='ltr'>τοῖς</span> <span class='ocrx_word' id='word_1_681' title='bbox 695 2305 912 2340; x_wconf 64' lang='grc' dir='ltr'>ἀποθνήσκουσιν</span> 
     </span>
    </p>
   </div>
   <div class='ocr_carea' id='block_1_96' title="bbox 128 2351 911 2387">
    <p class='ocr_par' dir='ltr' id='par_1_96' title="bbox 128 2351 911 2387">
     <span class='ocr_line' id='line_1_96' title="bbox 128 2351 911 2387; baseline -0.001 -8"><span class='ocrx_word' id='word_1_682' title='bbox 128 2354 168 2383; x_wconf 81' lang='grc' dir='ltr'><strong>εις</strong></span> <span class='ocrx_word' id='word_1_683' title='bbox 183 2353 232 2384; x_wconf 79' lang='grc' dir='ltr'><strong>τὰς</strong></span> <span class='ocrx_word' id='word_1_684' title='bbox 245 2352 291 2380; x_wconf 85' lang='grc' dir='ltr'><strong>τοῦ</strong></span> <span class='ocrx_word' id='word_1_685' title='bbox 307 2352 429 2387; x_wconf 82' lang='grc' dir='ltr'>σώματος</span> <span class='ocrx_word' id='word_1_686' title='bbox 441 2353 546 2387; x_wconf 72' lang='grc' dir='ltr'>ἡδονάς.</span> <span class='ocrx_word' id='word_1_687' title='bbox 567 2351 647 2378; x_wconf 70' lang='grc' dir='ltr'>Ἀλλὰ</span> <span class='ocrx_word' id='word_1_688' title='bbox 658 2352 705 2377; x_wconf 74' lang='grc' dir='ltr'><strong>καὶ</strong></span> <span class='ocrx_word' id='word_1_689' title='bbox 718 2351 830 2381; x_wconf 75' lang='grc' dir='ltr'>ταύταις</span> <span class='ocrx_word' id='word_1_690' title='bbox 845 2351 911 2378; x_wconf 82' lang='grc' dir='ltr'>πολὺ</span> 
     </span>
    </p>
   </div>
   <div class='ocr_carea' id='block_1_97' title="bbox 128 2397 912 2434">
    <p class='ocr_par' dir='ltr' id='par_1_97' title="bbox 128 2397 912 2434">
     <span class='ocr_line' id='line_1_97' title="bbox 128 2397 912 2434; baseline -0.003 -9"><span class='ocrx_word' id='word_1_691' title='bbox 128 2399 187 2425; x_wconf 68' lang='grc' dir='ltr'>τάδε</span> <span class='ocrx_word' id='word_1_692' title='bbox 206 2399 345 2433; x_wconf 66' lang='grc' dir='ltr'>διάφορον.</span> <span class='ocrx_word' id='word_1_693' title='bbox 359 2399 391 2425; x_wconf 77' lang='grc' dir='ltr'>Δί</span> <span class='ocrx_word' id='word_1_694' title='bbox 410 2400 459 2433; x_wconf 75' lang='grc' dir='ltr'>μὲν</span> <span class='ocrx_word' id='word_1_695' title='bbox 480 2399 536 2434; x_wconf 77' lang='grc' dir='ltr'><strong>γὰρ</strong></span> <span class='ocrx_word' id='word_1_696' title='bbox 551 2398 657 2432; x_wconf 80' lang='grc' dir='ltr'>φύσεώς</span> <span class='ocrx_word' id='word_1_697' title='bbox 678 2397 707 2424; x_wconf 82' lang='grc' dir='ltr'><strong><em>τὲ</em></strong></span> <span class='ocrx_word' id='word_1_698' title='bbox 729 2398 798 2424; x_wconf 82' lang='grc' dir='ltr'>εἰσιν</span> <span class='ocrx_word' id='word_1_699' title='bbox 820 2398 912 2433; x_wconf 76' lang='grc' dir='ltr'>ἔργον,</span> 
     </span>
    </p>
   </div>
   <div class='ocr_carea' id='block_1_98' title="bbox 130 2444 914 2480">
    <p class='ocr_par' dir='ltr' id='par_1_98' title="bbox 130 2444 914 2480">
     <span class='ocr_line' id='line_1_98' title="bbox 130 2444 914 2480; baseline -0.001 -9"><span class='ocrx_word' id='word_1_700' title='bbox 130 2445 177 2471; x_wconf 65' lang='grc' dir='ltr'><strong>καὶ</strong></span> <span class='ocrx_word' id='word_1_701' title='bbox 192 2445 266 2478; x_wconf 67' lang='grc' dir='ltr'>παρὰ</span> <span class='ocrx_word' id='word_1_702' title='bbox 282 2444 350 2470; x_wconf 74' lang='grc' dir='ltr'>Θεοῦ</span> <span class='ocrx_word' id='word_1_703' title='bbox 373 2445 608 2480; x_wconf 76' lang='grc' dir='ltr'>συγκεχώρηνται,</span> <span class='ocrx_word' id='word_1_704' title='bbox 635 2444 651 2479; x_wconf 79' lang='grc' dir='ltr'>ἢ</span> <span class='ocrx_word' id='word_1_705' title='bbox 672 2445 707 2470; x_wconf 77' lang='grc' dir='ltr'><strong>τὰ</strong></span> <span class='ocrx_word' id='word_1_706' title='bbox 733 2444 803 2470; x_wconf 58' lang='grc' dir='ltr'>κατὰ</span> <span class='ocrx_word' id='word_1_707' title='bbox 831 2444 914 2479; x_wconf 76' lang='grc' dir='ltr'>μέρος</span> 
     </span>
    </p>
   </div>
   <div class='ocr_carea' id='block_1_99' title="bbox 129 2489 915 2525">
    <p class='ocr_par' dir='ltr' id='par_1_99' title="bbox 129 2489 915 2525">
     <span class='ocr_line' id='line_1_99' title="bbox 129 2489 915 2525; baseline -0.001 -9"><span class='ocrx_word' id='word_1_708' title='bbox 129 2491 163 2517; x_wconf 83' lang='grc' dir='ltr'>δι’</span> <span class='ocrx_word' id='word_1_709' title='bbox 179 2489 269 2516; x_wconf 72' lang='grc' dir='ltr'>αὐτῶν</span> <span class='ocrx_word' id='word_1_710' title='bbox 286 2490 492 2524; x_wconf 79' lang='grc' dir='ltr'>συντηροῦντος,</span> <span class='ocrx_word' id='word_1_711' title='bbox 508 2490 524 2525; x_wconf 81' lang='grc' dir='ltr'>ἢ</span> <span class='ocrx_word' id='word_1_712' title='bbox 547 2491 603 2521; x_wconf 71' lang='grc' dir='ltr'>τοῖς</span> <span class='ocrx_word' id='word_1_713' title='bbox 621 2492 720 2521; x_wconf 76' lang='grc' dir='ltr'>κοινοῖ;</span> <span class='ocrx_word' id='word_1_714' title='bbox 739 2491 838 2516; x_wconf 79' lang='grc' dir='ltr'>εἴδεσιν</span> <span class='ocrx_word' id='word_1_715' title='bbox 864 2498 915 2525; x_wconf 81' lang='grc' dir='ltr'>μη-</span> 
     </span>
    </p>
   </div>
   <div class='ocr_carea' id='block_1_100' title="bbox 130 2535 913 2571">
    <p class='ocr_par' dir='ltr' id='par_1_100' title="bbox 130 2535 913 2571">
     <span class='ocr_line' id='line_1_100' title="bbox 130 2535 913 2571; baseline 0 -9"><span class='ocrx_word' id='word_1_716' title='bbox 130 2536 286 2571; x_wconf 74' lang='grc' dir='ltr'>χανωμένου</span> <span class='ocrx_word' id='word_1_717' title='bbox 301 2536 330 2562; x_wconf 54' lang='grc' dir='ltr'><strong>τὸ</strong></span> <span class='ocrx_word' id='word_1_718' title='bbox 350 2535 459 2571; x_wconf 78' lang='grc' dir='ltr'>διαρκές</span> <span class='ocrx_word' id='word_1_719' title='bbox 473 2545 502 2562; x_wconf 86' lang='grc' dir='ltr'><strong>τε</strong></span> <span class='ocrx_word' id='word_1_720' title='bbox 519 2538 564 2563; x_wconf 78' lang='grc' dir='ltr'>καὶ</span> <span class='ocrx_word' id='word_1_721' title='bbox 581 2537 705 2571; x_wconf 78' lang='grc' dir='ltr'>μόνιμον,</span> <span class='ocrx_word' id='word_1_722' title='bbox 726 2536 775 2562; x_wconf 71' lang='grc' dir='ltr'>καὶ</span> <span class='ocrx_word' id='word_1_723' title='bbox 797 2538 829 2571; x_wconf 82' lang='grc' dir='ltr'>τῇ</span> <span class='ocrx_word' id='word_1_724' title='bbox 854 2536 913 2562; x_wconf 87' lang='grc' dir='ltr'>δια-</span> 
     </span>
    </p>
   </div>
   <div class='ocr_carea' id='block_1_101' title="bbox 129 2580 913 2617">
    <p class='ocr_par' dir='ltr' id='par_1_101' title="bbox 129 2580 913 2617">
     <span class='ocr_line' id='line_1_101' title="bbox 129 2580 913 2617; baseline -0.003 -9"><span class='ocrx_word' id='word_1_725' title='bbox 129 2581 193 2616; x_wconf 81' lang='grc' dir='ltr'>δοχῇ</span> <span class='ocrx_word' id='word_1_726' title='bbox 212 2582 267 2612; x_wconf 79' lang='grc' dir='ltr'>τοῖς</span> <span class='ocrx_word' id='word_1_727' title='bbox 281 2582 308 2606; x_wconf 73' lang='grc' dir='ltr'>ὲν</span> <span class='ocrx_word' id='word_1_728' title='bbox 323 2580 430 2614; x_wconf 80' lang='grc' dir='ltr'>γενέσει</span> <span class='ocrx_word' id='word_1_729' title='bbox 449 2581 497 2607; x_wconf 79' lang='grc' dir='ltr'>καὶ</span> <span class='ocrx_word' id='word_1_730' title='bbox 517 2581 605 2617; x_wconf 74' lang='grc' dir='ltr'>φθορᾷ</span> <span class='ocrx_word' id='word_1_731' title='bbox 627 2580 829 2616; x_wconf 76' lang='grc' dir='ltr'>ἑπισκευαστὴν</span> <span class='ocrx_word' id='word_1_732' title='bbox 845 2580 913 2607; x_wconf 78' lang='grc' dir='ltr'>ἀθα-</span> 
     </span>
    </p>
   </div>
   <div class='ocr_carea' id='block_1_102' title="bbox 130 2626 912 2661">
    <p class='ocr_par' dir='ltr' id='par_1_102' title="bbox 130 2626 912 2661">
     <span class='ocr_line' id='line_1_102' title="bbox 130 2626 912 2661; baseline -0.001 -8"><span class='ocrx_word' id='word_1_733' title='bbox 130 2627 226 2653; x_wconf 85' lang='grc' dir='ltr'>νασίαν</span> <span class='ocrx_word' id='word_1_734' title='bbox 255 2627 469 2660; x_wconf 79' lang='grc' dir='ltr'>ὲπινοήσαντος,</span> <span class='ocrx_word' id='word_1_735' title='bbox 499 2626 536 2657; x_wconf 82' lang='grc' dir='ltr'>ὡς</span> <span class='ocrx_word' id='word_1_736' title='bbox 567 2627 647 2661; x_wconf 84' lang='grc' dir='ltr'>μέχρι</span> <span class='ocrx_word' id='word_1_737' title='bbox 673 2626 720 2652; x_wconf 81' lang='grc' dir='ltr'><strong>τοῦ</strong></span> <span class='ocrx_word' id='word_1_738' title='bbox 743 2626 841 2652; x_wconf 77' lang='grc' dir='ltr'>πολλοῦ</span> <span class='ocrx_word' id='word_1_739' title='bbox 865 2626 912 2653; x_wconf 85' lang='grc' dir='ltr'><strong>τοῦ</strong></span> 
     </span>
    </p>
   </div>
   <div class='ocr_carea' id='block_1_103' title="bbox 131 2668 911 2707">
    <p class='ocr_par' dir='ltr' id='par_1_103' title="bbox 131 2668 911 2707">
     <span class='ocr_line' id='line_1_103' title="bbox 131 2668 911 2707; baseline 0.001 -10"><span class='ocrx_word' id='word_1_740' title='bbox 131 2672 259 2699; x_wconf 81' lang='grc' dir='ltr'>συνθέτου</span> <span class='ocrx_word' id='word_1_741' title='bbox 276 2672 369 2707; x_wconf 69' lang='grc' dir='ltr'>μένειν</span> <span class='ocrx_word' id='word_1_742' title='bbox 390 2672 420 2698; x_wconf 80' lang='grc' dir='ltr'>οὺ</span> <span class='ocrx_word' id='word_1_743' title='bbox 439 2672 598 2707; x_wconf 82' lang='grc' dir='ltr'>δυναμένου.</span> <span class='ocrx_word' id='word_1_744' title='bbox 614 2668 697 2699; x_wconf 78' lang='grc' dir='ltr'>Δῦται</span> <span class='ocrx_word' id='word_1_745' title='bbox 714 2672 741 2698; x_wconf 77' lang='grc' dir='ltr'><strong>δέ</strong></span> <span class='ocrx_word' id='word_1_746' title='bbox 757 2673 838 2704; x_wconf 75' lang='grc' dir='ltr'>εἰσιν,</span> <span class='ocrx_word' id='word_1_747' title='bbox 851 2673 911 2699; x_wconf 76' lang='grc' dir='ltr'>ὅσαι</span> 
     </span>
    </p>
   </div>
   <div class='ocr_carea' id='block_1_104' title="bbox 129 2716 912 2752">
    <p class='ocr_par' dir='ltr' id='par_1_104' title="bbox 129 2716 912 2752">
     <span class='ocr_line' id='line_1_104' title="bbox 129 2716 912 2752; baseline 0 -10"><span class='ocrx_word' id='word_1_748' title='bbox 129 2717 163 2750; x_wconf 82' lang='grc' dir='ltr'><strong>τῇ</strong></span> <span class='ocrx_word' id='word_1_749' title='bbox 178 2717 284 2750; x_wconf 76' lang='grc' dir='ltr'>γενέσει</span> <span class='ocrx_word' id='word_1_750' title='bbox 300 2716 496 2749; x_wconf 83' lang='grc' dir='ltr'>λυσιτελοῦσιν,</span> <span class='ocrx_word' id='word_1_751' title='bbox 523 2717 569 2744; x_wconf 68' lang='lat' dir='ltr'><strong>Ini.</strong></span> <span class='ocrx_word' id='word_1_752' title='bbox 592 2717 717 2752; x_wconf 79' lang='grc' dir='ltr'>διαδοχὴν</span> <span class='ocrx_word' id='word_1_753' title='bbox 730 2717 764 2742; x_wconf 81' lang='grc' dir='ltr'>τὰ</span> <span class='ocrx_word' id='word_1_754' title='bbox 781 2716 838 2748; x_wconf 75' lang='grc' dir='ltr'><strong>ζῶα</strong></span> <span class='ocrx_word' id='word_1_755' title='bbox 852 2718 912 2747; x_wconf 80' lang='grc' dir='ltr'>ταῖς</span> 
     </span>
    </p>
   </div>
   <div class='ocr_carea' id='block_1_105' title="bbox 131 2761 914 2798">
    <p class='ocr_par' dir='ltr' id='par_1_105' title="bbox 131 2761 914 2798">
     <span class='ocr_line' id='line_1_105' title="bbox 131 2761 914 2798; baseline 0 -10"><span class='ocrx_word' id='word_1_756' title='bbox 131 2762 236 2796; x_wconf 78' lang='grc' dir='ltr'>ἡδοναῖς</span> <span class='ocrx_word' id='word_1_757' title='bbox 253 2762 482 2798; x_wconf 79' lang='grc' dir='ltr'>προκαλούμεναι,</span> <span class='ocrx_word' id='word_1_758' title='bbox 500 2763 547 2790; x_wconf 80' lang='grc' dir='ltr'><strong>καὶ</strong></span> <span class='ocrx_word' id='word_1_759' title='bbox 565 2763 625 2789; x_wconf 81' lang='grc' dir='ltr'>ὅσαι</span> <span class='ocrx_word' id='word_1_760' title='bbox 639 2763 689 2798; x_wconf 77' lang='grc' dir='ltr'>τὴν</span> <span class='ocrx_word' id='word_1_761' title='bbox 704 2762 794 2797; x_wconf 79' lang='grc' dir='ltr'>δρεξιν</span> <span class='ocrx_word' id='word_1_762' title='bbox 815 2761 914 2796; x_wconf 80' lang='grc' dir='ltr'>θήγου-</span> 
     </span>
    </p>
   </div>
   <div class='ocr_carea' id='block_1_106' title="bbox 966 2256 1749 2299">
    <p class='ocr_par' dir='ltr' id='par_1_106' title="bbox 966 2256 1749 2299">
     <span class='ocr_line' id='line_1_106' title="bbox 966 2256 1749 2299; baseline 0.004 -16"><span class='ocrx_word' id='word_1_763' title='bbox 966 2257 1113 2284; x_wconf 84' lang='lat' dir='ltr'><strong>hilominus</strong></span> <span class='ocrx_word' id='word_1_764' title='bbox 1127 2256 1312 2287; x_wconf 80' lang='lat' dir='ltr'><strong>adhibebitur,</strong></span> <span class='ocrx_word' id='word_1_765' title='bbox 1333 2264 1396 2283; x_wconf 92' lang='lat' dir='ltr'><strong>cum</strong></span> <span class='ocrx_word' id='word_1_766' title='bbox 1429 2257 1456 2283; x_wconf 89' lang='lat' dir='ltr'><strong>in</strong></span> <span class='ocrx_word' id='word_1_767' title='bbox 1479 2264 1539 2299; x_wconf 75' lang='lat' dir='ltr'><strong>eam</strong></span> <span class='ocrx_word' id='word_1_768' title='bbox 1567 2258 1749 2292; x_wconf 85' lang='lat' dir='ltr'><strong>inquiremus.</strong></span> 
     </span>
    </p>
   </div>
   <div class='ocr_carea' id='block_1_107' title="bbox 965 2302 1750 2337">
    <p class='ocr_par' dir='ltr' id='par_1_107' title="bbox 965 2302 1750 2337">
     <span class='ocr_line' id='line_1_107' title="bbox 965 2302 1750 2337; baseline 0.004 -8"><span class='ocrx_word' id='word_1_769' title='bbox 965 2302 1112 2337; x_wconf 82' lang='lat' dir='ltr'><strong>Reliquum</strong></span> <span class='ocrx_word' id='word_1_770' title='bbox 1129 2309 1194 2336; x_wconf 77' lang='lat' dir='ltr'><strong>ergo</strong></span> <span class='ocrx_word' id='word_1_771' title='bbox 1208 2307 1260 2333; x_wconf 90' lang='lat' dir='ltr'><strong>est,</strong></span> <span class='ocrx_word' id='word_1_772' title='bbox 1274 2302 1422 2329; x_wconf 83' lang='lat' dir='ltr'><strong>morientes</strong></span> <span class='ocrx_word' id='word_1_773' title='bbox 1446 2309 1641 2337; x_wconf 86' lang='lat' dir='ltr'><strong>corporearum</strong></span> <span class='ocrx_word' id='word_1_774' title='bbox 1673 2305 1750 2332; x_wconf 88' lang='lat' dir='ltr'><strong>volu-</strong></span> 
     </span>
    </p>
   </div>
   <div class='ocr_carea' id='block_1_108' title="bbox 965 2347 1749 2386">
    <p class='ocr_par' dir='ltr' id='par_1_108' title="bbox 965 2347 1749 2386">
     <span class='ocr_line' id='line_1_108' title="bbox 965 2347 1749 2386; baseline 0.003 -11"><span class='ocrx_word' id='word_1_775' title='bbox 965 2353 1068 2384; x_wconf 82' lang='lat' dir='ltr'><strong>ptatum</strong></span> <span class='ocrx_word' id='word_1_776' title='bbox 1084 2348 1215 2383; x_wconf 82' lang='lat' dir='ltr'><strong>jacturam</strong></span> <span class='ocrx_word' id='word_1_777' title='bbox 1233 2348 1332 2375; x_wconf 83' lang='lat' dir='ltr'><strong>facere.</strong></span> <span class='ocrx_word' id='word_1_778' title='bbox 1346 2347 1398 2375; x_wconf 91' lang='lat' dir='ltr'><strong>Sed</strong></span> <span class='ocrx_word' id='word_1_779' title='bbox 1411 2348 1506 2375; x_wconf 89' lang='lat' dir='ltr'><strong>harum</strong></span> <span class='ocrx_word' id='word_1_780' title='bbox 1518 2349 1599 2376; x_wconf 86' lang='lat' dir='ltr'><strong>etiam</strong></span> <span class='ocrx_word' id='word_1_781' title='bbox 1621 2357 1749 2386; x_wconf 77' lang='lat' dir='ltr'><strong>magnum</strong></span> 
     </span>
    </p>
   </div>
   <div class='ocr_carea' id='block_1_109' title="bbox 966 2391 1749 2429">
    <p class='ocr_par' dir='ltr' id='par_1_109' title="bbox 966 2391 1749 2429">
     <span class='ocr_line' id='line_1_109' title="bbox 966 2391 1749 2429; baseline 0.003 -8"><span class='ocrx_word' id='word_1_782' title='bbox 966 2399 1007 2421; x_wconf 87' lang='lat' dir='ltr'><strong>est</strong></span> <span class='ocrx_word' id='word_1_783' title='bbox 1020 2394 1178 2420; x_wconf 88' lang='lat' dir='ltr'><strong>discrimen.</strong></span> <span class='ocrx_word' id='word_1_784' title='bbox 1204 2391 1270 2419; x_wconf 82' lang='lat' dir='ltr'><strong>Nam</strong></span> <span class='ocrx_word' id='word_1_785' title='bbox 1283 2393 1342 2420; x_wconf 75' lang='lat' dir='ltr'><strong>alia:</strong></span> <span class='ocrx_word' id='word_1_786' title='bbox 1354 2398 1380 2420; x_wconf 91' lang='lat' dir='ltr'><strong>et</strong></span> <span class='ocrx_word' id='word_1_787' title='bbox 1395 2398 1499 2421; x_wconf 67' lang='lat' dir='ltr'><strong>natura:</strong></span> <span class='ocrx_word' id='word_1_788' title='bbox 1512 2402 1582 2429; x_wconf 87' lang='lat' dir='ltr'><strong>opus</strong></span> <span class='ocrx_word' id='word_1_789' title='bbox 1596 2401 1670 2428; x_wconf 82' lang='lat' dir='ltr'><strong>sunt,</strong></span> <span class='ocrx_word' id='word_1_790' title='bbox 1693 2403 1717 2423; x_wconf 88' lang='lat' dir='ltr'><strong>et</strong></span> <span class='ocrx_word' id='word_1_791' title='bbox 1734 2405 1749 2423; x_wconf 73' lang='grc' dir='ltr'><strong>τι</strong></span> 
     </span>
    </p>
   </div>
   <div class='ocr_carea' id='block_1_110' title="bbox 966 2438 1751 2477">
    <p class='ocr_par' dir='ltr' id='par_1_110' title="bbox 966 2438 1751 2477">
     <span class='ocr_line' id='line_1_110' title="bbox 966 2438 1751 2477; baseline 0.003 -11"><span class='ocrx_word' id='word_1_792' title='bbox 966 2440 1021 2466; x_wconf 89' lang='lat' dir='ltr'><strong>Deo</strong></span> <span class='ocrx_word' id='word_1_793' title='bbox 1035 2446 1182 2471; x_wconf 78' lang='lat' dir='ltr'><strong>concessae,</strong></span> <span class='ocrx_word' id='word_1_794' title='bbox 1208 2439 1249 2466; x_wconf 88' lang='lat' dir='ltr'><strong>vel</strong></span> <span class='ocrx_word' id='word_1_795' title='bbox 1276 2438 1396 2474; x_wconf 84' lang='lat' dir='ltr'><strong>singulas</strong></span> <span class='ocrx_word' id='word_1_796' title='bbox 1412 2447 1456 2477; x_wconf 84' lang='lat' dir='ltr'><strong>res</strong></span> <span class='ocrx_word' id='word_1_797' title='bbox 1485 2447 1534 2474; x_wconf 89' lang='lat' dir='ltr'><strong>per</strong></span> <span class='ocrx_word' id='word_1_798' title='bbox 1564 2448 1610 2467; x_wconf 80' lang='lat' dir='ltr'><strong>eas</strong></span> <span class='ocrx_word' id='word_1_799' title='bbox 1636 2448 1751 2468; x_wconf 86' lang='lat' dir='ltr'><strong>conser—</strong></span> 
     </span>
    </p>
   </div>
   <div class='ocr_carea' id='block_1_111' title="bbox 966 2483 1749 2519">
    <p class='ocr_par' dir='ltr' id='par_1_111' title="bbox 966 2483 1749 2519">
     <span class='ocr_line' id='line_1_111' title="bbox 966 2483 1749 2519; baseline 0.004 -8"><span class='ocrx_word' id='word_1_800' title='bbox 966 2489 1056 2517; x_wconf 88' lang='lat' dir='ltr'><strong>vante,</strong></span> <span class='ocrx_word' id='word_1_801' title='bbox 1075 2484 1117 2511; x_wconf 91' lang='lat' dir='ltr'><strong>vel</strong></span> <span class='ocrx_word' id='word_1_802' title='bbox 1133 2485 1159 2511; x_wconf 87' lang='lat' dir='ltr'><strong>id</strong></span> <span class='ocrx_word' id='word_1_803' title='bbox 1176 2483 1366 2510; x_wconf 87' lang='lat' dir='ltr'><strong>communibus</strong></span> <span class='ocrx_word' id='word_1_804' title='bbox 1381 2484 1476 2511; x_wconf 83' lang='lat' dir='ltr'><strong>formis</strong></span> <span class='ocrx_word' id='word_1_805' title='bbox 1511 2485 1696 2519; x_wconf 84' lang='lat' dir='ltr'><strong>machinante,</strong></span> <span class='ocrx_word' id='word_1_806' title='bbox 1720 2492 1749 2514; x_wconf 86' lang='lat' dir='ltr'><strong>ut</strong></span> 
     </span>
    </p>
   </div>
   <div class='ocr_carea' id='block_1_112' title="bbox 965 2529 1747 2565">
    <p class='ocr_par' dir='ltr' id='par_1_112' title="bbox 965 2529 1747 2565">
     <span class='ocr_line' id='line_1_112' title="bbox 965 2529 1747 2565; baseline -0.001 -6"><span class='ocrx_word' id='word_1_807' title='bbox 965 2532 1065 2559; x_wconf 90' lang='lat' dir='ltr'><strong>durent</strong></span> <span class='ocrx_word' id='word_1_808' title='bbox 1080 2535 1108 2558; x_wconf 91' lang='lat' dir='ltr'><strong>et</strong></span> <span class='ocrx_word' id='word_1_809' title='bbox 1123 2534 1261 2561; x_wconf 84' lang='lat' dir='ltr'><strong>maneant,</strong></span> <span class='ocrx_word' id='word_1_810' title='bbox 1289 2534 1370 2564; x_wconf 85' lang='lat' dir='ltr'><strong>atque</strong></span> <span class='ocrx_word' id='word_1_811' title='bbox 1383 2529 1408 2556; x_wconf 93' lang='lat' dir='ltr'><strong>id</strong></span> <span class='ocrx_word' id='word_1_812' title='bbox 1423 2531 1591 2565; x_wconf 79' lang='lat' dir='ltr'><strong>prapositum</strong></span> <span class='ocrx_word' id='word_1_813' title='bbox 1621 2532 1747 2562; x_wconf 84' lang='lat' dir='ltr'><strong>habente,</strong></span> 
     </span>
    </p>
   </div>
   <div class='ocr_carea' id='block_1_113' title="bbox 966 2575 1747 2612">
    <p class='ocr_par' dir='ltr' id='par_1_113' title="bbox 966 2575 1747 2612">
     <span class='ocr_line' id='line_1_113' title="bbox 966 2575 1747 2612; baseline 0.001 -9"><span class='ocrx_word' id='word_1_814' title='bbox 966 2582 994 2604; x_wconf 86' lang='lat' dir='ltr'><strong>ut</strong></span> <span class='ocrx_word' id='word_1_815' title='bbox 1007 2585 1055 2612; x_wconf 92' lang='lat' dir='ltr'><strong>per</strong></span> <span class='ocrx_word' id='word_1_816' title='bbox 1069 2576 1270 2604; x_wconf 87' lang='lat' dir='ltr'><strong>successionem</strong></span> <span class='ocrx_word' id='word_1_817' title='bbox 1285 2575 1320 2602; x_wconf 92' lang='lat' dir='ltr'><strong>iis</strong></span> <span class='ocrx_word' id='word_1_818' title='bbox 1333 2583 1393 2610; x_wconf 69' lang='lat' dir='ltr'><strong>qua:</strong></span> <span class='ocrx_word' id='word_1_819' title='bbox 1407 2577 1533 2604; x_wconf 90' lang='lat' dir='ltr'><strong>oriuntur</strong></span> <span class='ocrx_word' id='word_1_820' title='bbox 1554 2582 1582 2604; x_wconf 91' lang='lat' dir='ltr'><strong>et</strong></span> <span class='ocrx_word' id='word_1_821' title='bbox 1598 2577 1747 2608; x_wconf 87' lang='lat' dir='ltr'><strong>intereunt.</strong></span> 
     </span>
    </p>
   </div>
   <div class='ocr_carea' id='block_1_114' title="bbox 966 2622 1748 2657">
    <p class='ocr_par' dir='ltr' id='par_1_114' title="bbox 966 2622 1748 2657">
     <span class='ocr_line' id='line_1_114' title="bbox 966 2622 1748 2657; baseline 0 -7"><span class='ocrx_word' id='word_1_822' title='bbox 966 2622 1197 2650; x_wconf 85' lang='lat' dir='ltr'><strong>immortalitatem</strong></span> <span class='ocrx_word' id='word_1_823' title='bbox 1233 2622 1429 2649; x_wconf 84' lang='lat' dir='ltr'><strong>instauratione</strong></span> <span class='ocrx_word' id='word_1_824' title='bbox 1465 2622 1619 2649; x_wconf 85' lang='lat' dir='ltr'><strong>conciliet:</strong></span> <span class='ocrx_word' id='word_1_825' title='bbox 1647 2623 1748 2657; x_wconf 82' lang='lat' dir='ltr'><strong>quippe</strong></span> 
     </span>
    </p>
   </div>
   <div class='ocr_carea' id='block_1_115' title="bbox 965 2668 1748 2703">
    <p class='ocr_par' dir='ltr' id='par_1_115' title="bbox 965 2668 1748 2703">
     <span class='ocr_line' id='line_1_115' title="bbox 965 2668 1748 2703; baseline 0 -7"><span class='ocrx_word' id='word_1_826' title='bbox 965 2677 1026 2697; x_wconf 90' lang='lat' dir='ltr'><strong>cum</strong></span> <span class='ocrx_word' id='word_1_827' title='bbox 1041 2676 1073 2696; x_wconf 90' lang='lat' dir='ltr'><strong>ea</strong></span> <span class='ocrx_word' id='word_1_828' title='bbox 1088 2675 1148 2703; x_wconf 64' lang='lat' dir='ltr'><strong>quae</strong></span> <span class='ocrx_word' id='word_1_829' title='bbox 1173 2668 1322 2702; x_wconf 75' lang='lat' dir='ltr'><strong>composita</strong></span> <span class='ocrx_word' id='word_1_830' title='bbox 1344 2673 1422 2700; x_wconf 82' lang='lat' dir='ltr'><strong>sunt,</strong></span> <span class='ocrx_word' id='word_1_831' title='bbox 1449 2668 1529 2703; x_wconf 80' lang='lat' dir='ltr'><strong>longo</strong></span> <span class='ocrx_word' id='word_1_832' title='bbox 1552 2673 1673 2703; x_wconf 77' lang='lat' dir='ltr'><strong>tempore</strong></span> <span class='ocrx_word' id='word_1_833' title='bbox 1697 2671 1748 2696; x_wconf 91' lang='lat' dir='ltr'><strong>du-</strong></span> 
     </span>
    </p>
   </div>
   <div class='ocr_carea' id='block_1_116' title="bbox 965 2714 1747 2749">
    <p class='ocr_par' dir='ltr' id='par_1_116' title="bbox 965 2714 1747 2749">
     <span class='ocr_line' id='line_1_116' title="bbox 965 2714 1747 2749; baseline 0 -7"><span class='ocrx_word' id='word_1_834' title='bbox 965 2723 1025 2742; x_wconf 84' lang='lat' dir='ltr'><strong>rare</strong></span> <span class='ocrx_word' id='word_1_835' title='bbox 1048 2719 1195 2749; x_wconf 86' lang='lat' dir='ltr'><strong>nequeant.</strong></span> <span class='ocrx_word' id='word_1_836' title='bbox 1218 2714 1264 2741; x_wconf 71' lang='lat' dir='ltr'><strong>llre</strong></span> <span class='ocrx_word' id='word_1_837' title='bbox 1289 2719 1378 2741; x_wconf 90' lang='lat' dir='ltr'><strong>autem</strong></span> <span class='ocrx_word' id='word_1_838' title='bbox 1399 2718 1471 2747; x_wconf 85' lang='lat' dir='ltr'><strong>sunt,</strong></span> <span class='ocrx_word' id='word_1_839' title='bbox 1499 2723 1558 2749; x_wconf 77' lang='lat' dir='ltr'><strong>qua:</strong></span> <span class='ocrx_word' id='word_1_840' title='bbox 1573 2715 1605 2742; x_wconf 89' lang='lat' dir='ltr'><strong>ad</strong></span> <span class='ocrx_word' id='word_1_841' title='bbox 1633 2723 1747 2749; x_wconf 80' lang='lat' dir='ltr'><strong>genera-</strong></span> 
     </span>
    </p>
   </div>
   <div class='ocr_carea' id='block_1_117' title="bbox 967 2761 1748 2797">
    <p class='ocr_par' dir='ltr' id='par_1_117' title="bbox 967 2761 1748 2797">
     <span class='ocr_line' id='line_1_117' title="bbox 967 2761 1748 2797; baseline 0 -9"><span class='ocrx_word' id='word_1_842' title='bbox 967 2762 1068 2788; x_wconf 91' lang='lat' dir='ltr'><strong>tionem</strong></span> <span class='ocrx_word' id='word_1_843' title='bbox 1084 2766 1210 2797; x_wconf 79' lang='lat' dir='ltr'><strong>prosunt,</strong></span> <span class='ocrx_word' id='word_1_844' title='bbox 1222 2767 1249 2789; x_wconf 90' lang='lat' dir='ltr'><strong>et</strong></span> <span class='ocrx_word' id='word_1_845' title='bbox 1271 2761 1303 2789; x_wconf 87' lang='lat' dir='ltr'><strong>ad</strong></span> <span class='ocrx_word' id='word_1_846' title='bbox 1321 2762 1421 2788; x_wconf 83' lang='lat' dir='ltr'><strong>sobolis</strong></span> <span class='ocrx_word' id='word_1_847' title='bbox 1441 2762 1659 2796; x_wconf 79' lang='lat' dir='ltr'><strong>propagationem</strong></span> <span class='ocrx_word' id='word_1_848' title='bbox 1685 2764 1748 2789; x_wconf 84' lang='lat' dir='ltr'><strong>ani-</strong></span> 
     </span>
    </p>
   </div>
   <div class='ocr_carea' id='block_1_118' title="bbox 163 2829 908 2863">
    <p class='ocr_par' dir='ltr' id='par_1_118' title="bbox 163 2829 906 2863">
     <span class='ocr_line' id='line_1_118' title="bbox 163 2829 906 2863; baseline 0.001 -9"><span class='ocrx_word' id='word_1_849' title='bbox 163 2829 198 2861; x_wconf 88' lang='lat' dir='ltr'><strong>(t)</strong></span> <span class='ocrx_word' id='word_1_850' title='bbox 209 2830 267 2863; x_wconf 71' lang='lat' dir='ltr'><strong>Cod.</strong></span> <span class='ocrx_word' id='word_1_851' title='bbox 281 2830 343 2862; x_wconf 82' lang='lat' dir='ltr'><strong>Reg.</strong></span> <span class='ocrx_word' id='word_1_852' title='bbox 357 2831 425 2861; x_wconf 74' lang='lat' dir='ltr'><strong>l2l5,</strong></span> <span class='ocrx_word' id='word_1_853' title='bbox 439 2831 617 2863; x_wconf 76' lang='grc' dir='ltr'>προτιμώντων,</span> <span class='ocrx_word' id='word_1_854' title='bbox 628 2831 695 2862; x_wconf 89' lang='lat' dir='ltr'><strong>quod</strong></span> <span class='ocrx_word' id='word_1_855' title='bbox 714 2831 862 2862; x_wconf 81' lang='lat' dir='ltr'><strong>exquisitius</strong></span> <span class='ocrx_word' id='word_1_856' title='bbox 884 2831 906 2855; x_wconf 83' lang='lat' dir='ltr'><strong>vi</strong></span> 
     </span>
    </p>
   </div>
   <div class='ocr_carea' id='block_1_119' title="bbox 961 2829 1750 2863">
    <p class='ocr_par' dir='ltr' id='par_1_119' title="bbox 961 2829 1750 2862">
     <span class='ocr_line' id='line_1_119' title="bbox 961 2829 1750 2862; baseline 0.003 -7"><span class='ocrx_word' id='word_1_857' title='bbox 961 2838 996 2860; x_wconf 82' lang='lat' dir='ltr'><strong>ir,</strong></span> <span class='ocrx_word' id='word_1_858' title='bbox 1011 2830 1121 2862; x_wconf 66' lang='lat' dir='ltr'><strong>genitivo</strong></span> <span class='ocrx_word' id='word_1_859' title='bbox 1145 2830 1257 2856; x_wconf 81' lang='lat' dir='ltr'><strong>absolute</strong></span> <span class='ocrx_word' id='word_1_860' title='bbox 1272 2830 1365 2861; x_wconf 85' lang='lat' dir='ltr'><strong>posito,</strong></span> <span class='ocrx_word' id='word_1_861' title='bbox 1377 2833 1402 2854; x_wconf 88' lang='lat' dir='ltr'><strong>et</strong></span> <span class='ocrx_word' id='word_1_862' title='bbox 1420 2834 1473 2860; x_wconf 86' lang='lat' dir='ltr'><strong>post</strong></span> <span class='ocrx_word' id='word_1_863' title='bbox 1492 2830 1573 2861; x_wconf 66' lang='grc' dir='ltr'>ὄφελος</span> <span class='ocrx_word' id='word_1_864' title='bbox 1587 2829 1648 2855; x_wconf 72' lang='lat' dir='ltr'><strong>facta</strong></span> <span class='ocrx_word' id='word_1_865' title='bbox 1661 2831 1750 2857; x_wconf 72' lang='lat' dir='ltr'><strong>distill-</strong></span> 
     </span>
    </p>
   </div>
   <div class='ocr_carea' id='block_1_120' title="bbox 131 2862 311 2887">
    <p class='ocr_par' dir='ltr' id='par_1_120' title="bbox 131 2862 311 2887">
     <span class='ocr_line' id='line_1_120' title="bbox 131 2862 311 2887; baseline -0.006 0"><span class='ocrx_word' id='word_1_866' title='bbox 131 2862 224 2887; x_wconf 82' lang='lat' dir='ltr'><strong>ctione.</strong></span> <span class='ocrx_word' id='word_1_867' title='bbox 243 2862 311 2887; x_wconf 78' lang='grc' dir='ltr'>Ευιτ.</span> 
     </span>
    </p>
   </div>
  </div>
