1915 3094
141 119 211 153 1175

763 112 947 144 DEME'l'RlI
968 111 1122 142 CYDONII

1692 111 1766 144 1176

140 178 241 206 mantia
257 176 313 204 suis
335 174 470 202 illecebris
498 178 666 209 provocant:
682 181 796 208 qumque
834 174 920 199 victus

985 178 1019 196 rat
1034 169 1103 205 πρὸς
1120 168 1169 204 τὴν
1187 167 1290 203 τροφὴν
1309 169 1378 195 κινεί
1394 168 1427 196 τὰ
1448 167 1584 202 δυνάμενα
1598 167 1766 203 τρέφεσθαι,

139 223 332 258 appetitionem
348 225 489 250 acuentes.
504 227 534 246 ca
548 226 608 254 qua;
636 218 733 244 nutriri
747 221 871 251 possunt,
889 216 922 243 ad

139 269 295 297 alimoniam
312 271 440 294 movent:
459 270 486 293 et
497 266 537 293 sic
566 265 638 299 quod
669 265 695 292 in
722 264 780 292 dies
803 264 921 296 decedit,

140 316 277 350 supplent.
299 321 330 340 ac
350 312 442 344 vitam,
459 312 521 338 dqu
550 311 624 341 licet,
643 313 803 345 propagant.
837 309 923 336 Nemo

140 360 214 387 enim
227 359 268 386 vel
282 359 316 385 ad
343 365 462 384 mensam
486 356 656 388 accessisset,
683 355 723 382 vel
748 354 924 390 procreanda:

141 405 228 432 Snbtlii
247 404 367 432 animum
383 403 536 437 adjecissct.
555 402 577 429 si
595 403 627 429 ad
639 409 685 429 eus
712 409 755 428 res
770 409 831 428 cum
866 407 924 428 mo-

142 452 217 479 lcstiu
234 451 329 479 luisset
343 450 538 478 accedendum.
556 449 652 476 Verum
668 453 771 474 natura:
784 446 923 478 stimulus,

142 497 307 524 intrinsecus
336 496 487 530 impellens,
504 502 558 523 non
593 495 657 522 sinit
680 499 784 520 naturae
814 500 923 520 cursum

143 541 286 576 praeteriri.
309 539 355 567 Ha:
374 547 449 575 ergo,
476 543 504 565 ut
533 538 600 570 dixi,
630 538 794 573 voluptates,
824 537 870 563 Dei
897 540 925 562 et

144 592 249 613 natura:
275 585 386 612 sancitze
396 584 513 619 legibus,
530 584 628 611 nullam
642 583 704 618 jure
732 582 925 616 reprehensio-

144 640 205 658 nem
219 632 371 661 incurruut,
384 629 464 657 modo
480 630 583 656 ratione
600 633 727 663 aptentur
741 636 748 655 :
764 636 814 655 nec
829 628 925 655 ordine

145 676 322 711 perturbato,
356 675 428 702 illius
459 674 553 702 frenos
593 679 767 709 respuentes,
803 674 924 708 aurigam

145 721 326 756 praecipitent,
358 724 439 755 atque
465 720 492 746 itt
521 719 672 746 belluarum
714 726 806 745 mores
834 718 926 752 depri-

145 772 229 794 ιιιιιιιι.

440 811 554 839 CAPUT
578 811 622 838 iV.

179 859 213 885 At
228 866 292 885 vero
307 857 380 884 aliud
397 857 479 884 etiam
500 857 526 884 in
558 856 637 883 nobis
656 856 824 890 voluptatum
851 856 924 882 exsi-
943 848 962 874 Β

145 904 302 937 stitgeuns,
329 910 378 929 nec
399 901 465 934 Deo,
494 909 544 928 nec
574 906 677 928 naturze
705 901 924 933 arlScribcndum,

145 956 206 975 cum
226 948 261 975 sit
283 948 353 975 ultro
370 947 396 974 in
420 947 498 974 nobis
531 952 619 974 orlutn
634 954 640 972 ε
653 947 880 981 quemadmodum
909 946 925 972 ii

146 994 191 1030 qui
205 1002 237 1020 ex
254 994 318 1020 satis
332 994 466 1027 serpentis
483 993 611 1020 dentibus
619 993 801 1019 exstiterunt:
819 996 927 1018 nostra—

145 1047 199 1074 que
213 1040 320 1067 inscitia
337 1044 364 1066 et
378 1038 503 1066 socordia
517 1039 668 1070 excolatur,
686 1039 749 1064 dum
763 1042 859 1066 natura
872 1044 926 1064 non

146 1088 176 1111 ut
191 1085 270 1111 decet
287 1084 398 1111 utimur.
414 1083 492 1116 Quod
509 1083 564 1114 ubi,
596 1083 815 1117 spretact'atione,
839 1082 927 1109 domi-

145 1135 239 1157 natum
253 1130 303 1157 sibi
317 1130 474 1162 vindicarit,
488 1133 516 1156 ct
533 1129 651 1157 divinam
665 1136 697 1155 ac
717 1129 856 1162 sapientiae
871 1133 929 1156 stu-

146 1177 248 1204 tliosam
263 1175 344 1202 animi
365 1180 469 1209 partem
497 1175 584 1202 solum
604 1179 711 1203 mutare
739 1175 858 1208 coegerit
875 1182 882 1201 :
901 1178 930 1201 et

146 1221 339 1252 animiarcem,
357 1225 483 1255 tauquam
498 1229 583 1248 servus
601 1221 699 1256 aliquis
719 1225 860 1256 tyrannus,
884 1228 930 1247 oc-

146 1267 271 1301 cuparit:
287 1267 423 1294 hominem
442 1273 469 1294 et
481 1267 676 1302 rempublicam
699 1267 766 1301 ejus.
794 1266 890 1293 exsilio
902 1270 930 1294 et

146 1313 281 1341 seditione
293 1316 333 1340 net
362 1312 520 1339 confusione
558 1313 661 1347 implet,
696 1321 796 1347 neque~
814 1313 930 1347 amplius

147 1366 221 1388 cum.
246 1358 273 1384 in
292 1365 371 1392 quem
388 1358 559 1393 tyrannidem
582 1364 691 1386 exercet
718 1359 855 1386 hominem
869 1365 930 1386 εδει)

148 1404 250 1439 patitur
270 1413 276 1430 :
293 1403 339 1430 sed
362 1404 389 1430 in
419 1404 535 1432 belluatn
559 1405 703 1439 quamdam
724 1405 928 1437 multiformem,

148 1456 177 1478 et
195 1455 376 1477 monstrosatn
394 1451 528 1478 convertit
547 1459 554 1477 :
574 1451 660 1479 doucc
684 1456 711 1479 et
741 1452 796 1479 Deo
824 1458 851 1479 ct
878 1452 930 1479 sibi

150 1497 201 1535 ipsi
217 1501 244 1524 et
255 1495 418 1523 necessariis
431 1496 554 1524 inutilem
572 1497 694 1524 eiIecerit
719 1504 792 1530 eum,
817 1497 862 1532 qui
888 1504 930 1523 se-

149 1542 203 1569 mel
217 1546 312 1577 captus
325 1541 494 1576 voluptatum
513 1541 648 1569 illecebris
663 1541 746 1569 fuerit
762 1549 769 1568 :
789 1546 818 1568 ut
834 1542 879 1576 qui
905 1547 933 1568 et

150 1588 305 1615 libertatem
321 1588 431 1620 \‘eudat,
442 1592 470 1614 et
481 1594 511 1615 se
527 1594 576 1622 per
603 1594 713 1614 omnem
739 1591 846 1614 aetatem
880 1587 933 1613 illis

150 1635 312 1662 serviturum
326 1634 493 1669 proﬁteatur.
512 1633 550 1660 Ac
565 1633 660 1660 harum
677 1633 844 1668 voluptatutu
862 1633 934 1668 prio-

150 1687 194 1708 res
209 1681 378 1708 neceSsnrias
391 1687 451 1706 esse
466 1679 589 1708 homines
614 1680 932 1714 modestipronuntiant:

150 1727 273 1754 ciborum
289 1726 438 1762 praesertim
454 1730 480 1753 et
496 1726 634 1760 potionum
648 1745 655 1758 ,
667 1726 765 1761 quibus
776 1734 874 1762 corpus
889 1728 935 1754 ali-

151 1779 238 1806 tur,ct
251 1774 310 1800 sine
321 1774 418 1808 quibus
425 1773 575 1800 consistere
583 1780 636 1799 non
649 1777 746 1807 potest.
757 1773 842 1807 Atque
851 1774 934 1799 etiam

150 1827 197 1846 cas
214 1827 274 1853 quae
300 1819 327 1845 in
349 1817 560 1846 counnisccndis
590 1818 750 1851 corporibus
779 1823 933 1851 versantur,

151 1871 280 1900 tauquam
296 1872 355 1899 quae
376 1865 409 1891 ad
434 1864 543 1898 generis
568 1864 804 1890 conservationem
822 1865 932 1897 faciant,

151 1919 267 1946 qua!un
294 1911 371 1943 solae,
402 1910 527 1936 humana:
563 1913 667 1936 natura:
694 1909 720 1936 id
738 1915 864 1944 pra-stent
882 1919 889 1938 :
907 1916 936 1938 ut

152 1965 261 1992 semper
271 1961 298 1984 et
311 1963 365 1983 uno
379 1955 528 1989 eodemque
546 1954 627 1981 tuodo
639 1962 668 1981 se
685 1955 791 1987 habeat,
811 1956 837 1982 in
854 1956 935 1992 hujus

155 2002 328 2030 necessitatis
355 2001 512 2028 societatem
527 2000 696 2027 admiserunt
713 2008 719 2027 :
736 2000 933 2038 existimantes,

153 2050 226 2084 quod
243 2048 356 2082 singulis
371 2048 457 2074 victus
476 2051 528 2078 est,
542 2047 594 2073 hoc
621 2046 691 2073 idem
707 2048 755 2074 has
785 2048 934 2082 voluptates

154 2100 296 2130 prmstare,
320 2096 446 2126 respectu
466 2091 597 2124 universi,
622 2091 740 2126 reliquas
764 2096 853 2119 autem
880 2098 937 2119 tur-

153 2150 201 2179 pes
215 2145 242 2168 et
258 2140 376 2174 impuras
385 2142 410 2165 et
421 2138 563 2165 belluiuas.
576 2137 670 2165 Nonne
681 2145 744 2165 vero
754 2146 799 2165 cas
815 2139 937 2173 turpissi-

974 216 1022 243 καὶ
1050 215 1136 250 ταύτῃ
1165 215 1195 241 τδ
1222 215 1385 250 καθημέραν
1416 215 1552 250 ἀπορρέον
1584 215 1634 249 τῆς
1666 214 1766 245 οὐσίας

974 260 1172 295 ἀναπληροῦσι,
1188 260 1235 286 καὶ
1248 260 1375 295 βοηθοῦσι
1391 261 1457 295 πρὸς
1468 260 1498 286 τὸ
1514 260 1562 295 ζῇν
1576 260 1628 291 ἓως
1642 259 1766 291 ἔξεστιν.

975 307 1068 338 Οὐδεὶς
1086 307 1140 341 γὰρ
1166 305 1220 332 οὔτ’
1240 306 1273 332 ἂν
1295 307 1341 332 ἐπὶ
1357 305 1497 340 τράπεζαν
1520 304 1612 341 ἦλθεν,
1632 305 1698 332 οὔτε
1716 314 1765 339 ys,-

975 353 1074 382 νέσεως
1093 352 1191 386 ἥψατο,
1208 351 1314 385 μέλλων
1337 351 1426 386 ἀηδῶς
1445 351 1488 378 ἐπ’
1503 352 1574 378 αὐτὰ
1598 350 1766 386 βαδιεῖσῦαι,

976 398 1044 424 ἀλλὰ
1069 399 1097 423 τὸ
1125 398 1176 432 τῆς
1204 397 1310 432 φύσεως
1337 398 1448 432 κέντρον
1473 398 1580 424 ἔνδοθεν
1603 397 1706 429 ὠθοῦν,
1736 397 1768 423 ού

977 444 1113 478 συγχωρεῖ
1128 442 1347 477 παραμελεῖσθαι
1371 443 1416 470 τὸν
1435 443 1484 477 τῆς
1499 443 1634 477 γενέσεως
1651 443 1768 477 δρόμον.

976 487 1061 516 Λῦται
1080 489 1129 523 μὲν
1148 488 1203 519 οὖν,
1222 489 1290 523 ὅπερ
1304 489 1382 523 ἔφην,
1399 489 1427 515 αἱ
1442 489 1545 524 ἡδοναὶ,
1564 488 1630 515 Θεὸν
1647 489 1697 515 καὶ
1713 487 1769 522 φύ-

977 544 1018 561 σιν
1041 535 1152 570 ἔχουσαι
1167 534 1327 570 νομοθέτην,
1349 534 1478 569 οὐδεμίαν
1494 535 1526 561 ἂν
1546 534 1660 565 εἰκότως
1677 534 1774 559 ὲπιίέ-

976 589 1065 615 χοιντο
1081 581 1194 614 μέμψιν,
1211 581 1235 606 εἰ
1250 582 1331 614 μόνον
1346 580 1399 606 ὑπὸ
1413 579 1459 606 τοῦ
1477 580 1556 612 λόγου
1578 579 1771 613 ρυθμίζοιντο,

977 626 1075 660 καὶμὴ
1097 626 1130 651 δι’
1152 625 1266 657 ἀταξίαν
1288 626 1333 652 τὴν
1354 626 1419 660 παρ’
1444 626 1547 652 ἐκείνου
1571 625 1682 660 χαλινὸν
1699 626 1772 650 ἁπο-

977 671 1123 702 πτύουσαι,
1140 671 1317 705 κρημνίζοιεν
1340 671 1385 698 τὸν
1402 672 1510 706 ἡνίοχον
1533 673 1571 702 είς
1585 673 1618 697 τὰ.
1633 671 1688 697 τῶν
1706 671 1774 696 ἁλό·

977 726 1033 750 γων
1048 717 1100 752 ἢθη
1116 717 1163 743 καὶ
1177 717 1220 743 τὸν
1237 718 1293 752 βίον
1310 717 1399 744 αὐτῶν
1415 717 1629 752 κατασύρονσαι.

1281 808 1409 836 ΚΕΦΔΛ.
1430 807 1466 835 Δ¹.

1017 853 1096 879 Ἀλλὰ
1113 854 1157 879 καὶ
1178 853 1270 888 ἕτερον
1288 855 1317 880 ἐν
1337 855 1402 889 ἡμῖν
1426 853 1528 888 ἡδονῶν
1551 854 1631 888 γένος
1645 855 1772 890 ἀνίσχει,

976 897 1005 924 οὗ
1023 901 1091 933 μήτε
1112 901 1177 925 Οεὺν
1196 901 1265 934 μήτε
1286 899 1367 934 φύσ.ν
1389 899 1463 926 ἔστιν
1478 901 1626 934 αἰτιᾶσθαι,
1644 902 1774 936 αὐτόμα-

975 953 1022 971 τον
1037 945 1065 971 δὲ
1084 947 1217 980 φυόμενον
1235 947 1264 971 ἐν
1281 946 1358 980 ἡμῖν,
1382 946 1478 982 ὥσπερ
1501 948 1531 973 τὸ
1556 948 1611 973 τῶν
1635 949 1774 982 σπαρτῶν

977 991 1064 1024 γένος,
1079 992 1125 1017 καὶ
1140 991 1191 1018 ὑπὸ
1205 991 1252 1026 τῆς
1269 992 1405 1026 ἡμετέρας
1420 993 1629 1028 γεωργούμενον
1644 994 1773 1028 ἀμαθίας

976 1037 993 1072 ἢ
1019 1037 1165 1073 ῥᾳθυμίας,
1186 1038 1244 1073 οὐχ,
1267 1038 1305 1069 ὡς
1329 1037 1424 1073 ἐχρῆν,
1452 1039 1601 1073 χρωμένων
1616 1041 1649 1074 τῇ
1675 1040 1773 1074 φύσει,

977 1084 1113 1111 καὶκατὰ
1132 1084 1210 1117 λόγον
1235 1084 1459 1116 ὲνδυναστεῡσαν,
1485 1085 1532 1111 καὶ
1555 1085 1616 1112 ὅσον
1641 1086 1716 1113 θεῖον
1741 1087 1774 1112 ὲν

977 1130 1043 1164 ἡμῖν
1061 1130 1110 1155 καὶ
1124 1130 1270 1164 φιλόσοφον
1289 1131 1338 1165 τῆς
1357 1130 1476 1162 διανοίας
1498 1131 1706 1166 ὲξοστρακίσαν,
1723 1133 1773 1158 καὶ

979 1176 1027 1209 τὴν
1050 1177 1100 1210 τῆς
1126 1176 1215 1210 ψυχῆς
1246 1176 1409 1211 ἀκρόπολιν,
1441 1177 1535 1211 ὥσπερ
1563 1185 1606 1208 τις
1635 1177 1774 1212 τύραννος

979 1221 1084 1256 ἄγριος,
1101 1219 1246 1256 κατασχὸν,
1274 1223 1319 1249 τὸν
1334 1222 1476 1258 ἁνῧρωπον
1500 1224 1547 1249 καὶ
1575 1223 1625 1257 τὴν
1648 1224 1678 1250 ἐν
1693 1224 1772 1259 αὺτῷ

980 1267 1116 1294 πολιτείαν
1139 1268 1241 1302 φυγῆς,
1258 1269 1306 1295 καὶ
1321 1269 1452 1300 στάσεως,
1477 1269 1525 1296 καὶ
1548 1268 1661 1301 ἀταξίας
1685 1270 1772 1303 ἐμπί-

980 1313 1091 1349 πλησιν,
1120 1314 1170 1340 οὐκ
1197 1314 1236 1340 ἑτι
1266 1314 1425 1350 συγχωροῦν
1450 1315 1594 1350 ἄνθρωπον
1619 1315 1690 1342 εἶναι.
1722 1316 1771 1343 τὸν

980 1359 1209 1394 τυραννούμενον,
1228 1360 1297 1386 ἁλλά
1315 1368 1341 1386 τι
1356 1360 1448 1394 Θηρίον
1467 1360 1641 1396 πολύμορφον
1659 1361 1708 1387 καὶ
1723 1361 1772 1387 ἁλ-

981 1403 1100 1435 λὸκοτον,
1115 1404 1211 1438 μέχρις
1227 1402 1260 1429 ἂν
1283 1404 1329 1430 καὶ
1352 1404 1421 1439 Θεῷ,
1449 1406 1495 1431 καὶ
1518 1405 1617 1439 ἑαυτῷ,
1641 1406 1688 1431 καὶ
1714 1406 1772 1437 τοῖς

981 1450 1142 1485 χρωμένοες,
1161 1450 1295 1485 ἄχρηστον
1311 1451 1441 1486 ἀποδείξῃ
1457 1452 1501 1478 τὸν
1518 1451 1590 1485 ἅπαξ
1604 1451 1702 1478 ἁλόντα
1720 1452 1772 1488 τῆς

982 1496 1037 1522 τῶν
1052 1496 1151 1531 ἡδονῶν
1168 1496 1271 1531 φιλίας,
1289 1497 1455 1532 ἀποδόμενον
1468 1497 1518 1532 μὲν
1535 1497 1584 1533 τὴν
1598 1498 1770 1534 ἐλευθερίαν,

986 1541 1029 1568 διὰ
1044 1541 1101 1576 βίου
1118 1542 1139 1568 δ’
1152 1543 1247 1573 αὑταῖς
1261 1543 1396 1570 δουλεύειν
1413 1544 1630 1579 ὁμολογήσαντα.
1648 1544 1704 1576 Τὰς
1720 1545 1772 1580 μὲν

985 1587 1030 1614 οὖν
1048 1588 1183 1623 προτέρας
1195 1589 1248 1615 τῶν
1264 1588 1366 1623 ἡδονῶν
1382 1589 1484 1616 τούτων
1503 1590 1654 1624 ἀναγκαίας
1671 1590 1773 1625 ἡδονὰς

985 1633 1010 1658 οἱ
1029 1633 1231 1667 σωφρονοῦντες
1251 1634 1328 1668 φασὶ,
1345 1634 1461 1669 μάλιστα
1477 1635 1526 1669 μὲν
1543 1636 1594 1666 τὰς
1607 1636 1661 1662 τῶν
1677 1636 1773 1662 σιτίων

986 1679 1033 1703 καὶ
1050 1678 1149 1711 ποτῶν,
1167 1679 1216 1705 καὶ
1238 1680 1314 1711 ὅσαις
1331 1681 1362 1706 τὸ
1381 1680 1460 1716 σῶμα
1474 1681 1650 1715 τρεφόμενον,
1667 1681 1773 1707 τούτων

986 1724 1051 1750 ἄνευ
1068 1725 1195 1752 ἀδυνατεῖ
1216 1727 1379 1754 συνεστάναι
1391 1733 1398 1742 ⁸
1411 1727 1479 1754 ἀλλὰ
1502 1729 1548 1753 καὶ
1567 1728 1627 1759 ταῖς
1642 1728 1708 1763 περὶ
1723 1728 1775 1763 τὴν

987 1771 1071 1805 μίξιν,
1091 1770 1129 1802 ὡς
1153 1771 1355 1804 λυσιτελούσαις
1373 1772 1413 1808 τῷ
1431 1773 1522 1807 γένει,
1540 1773 1588 1800 καὶ
1611 1773 1645 1799 δι’
1658 1773 1776 1800 ἐκείνων

988 1818 1076 1852 μόνων
1088 1817 1135 1844 τοῦ
1153 1819 1196 1844 ἀεὶ
1211 1819 1257 1844 καὶ
1272 1818 1414 1857 ὡσαύτως,
1431 1819 1481 1854 τὴν
1499 1818 1672 1854 ἀνθρωπίνην
1692 1821 1776 1854 φύσιν

986 1863 1174 1896 τυγχάνουσαν
1188 1862 1238 1897 τῆς
1260 1862 1383 1897 ἀνάγκης
1397 1864 1499 1898 ταύτης
1524 1864 1668 1898 μετέδοσαν
1679 1873 1686 1880 ·
1703 1866 1776 1900 ὅπερ

987 1909 1004 1943 ή
1021 1907 1109 1943 τροφὴ
1125 1907 1165 1943 τῷ
1185 1908 1365 1942 καθέχαστον,
1379 1909 1459 1935 τοῦτο
1477 1911 1523 1935 καὶ
1539 1910 1641 1942 ταύτας
1653 1911 1776 1946 οἰόμενοι

987 1955 1110 1988 γίνεσθαι
1124 1955 1163 1990 τῷ
1181 1956 1272 1987 παντὶ,
1285 1955 1334 1987 τὰς
1346 1956 1374 1982 δι
1388 1956 1483 1988 λοιπὰς
1497 1958 1624 1992 αἰσχρὰς,
1640 1960 1688 1985 καὶ
1705 1961 1777 1986 ἀκα-

988 1999 1114 2033 οάρτους,
1130 2001 1177 2025 καὶ
1198 1999 1352 2034 θηριώδεις,
1372 2000 1427 2026 Καὶ
1448 2001 1474 2026 τί
1490 2001 1543 2036 γὰρ
1565 2002 1596 2028 οὐ
1614 2002 1668 2028 τῶν
1682 2004 1776 2039 αίσχί-

987 2053 1059 2071 στων
1075 2046 1173 2076 πάντες
1190 2045 1328 2077 καλοῦσιν,
1352 2045 1395 2080 ἐφ’
1412 2045 1455 2078 αῖς
1472 2048 1520 2073 καὶ
1541 2048 1603 2079 τοὺς
1618 2048 1734 2080 ἁλόντας
1749 2050 1775 2075 οἱ

987 2091 1064 2125 νόμοι
1082 2091 1236 2124 κολάζουσι,
1249 2093 1297 2119 καὶ
1312 2093 1366 2124 τοῖς
1378 2093 1466 2120 αὐτῶν
1479 2094 1643 2128 ἡττωμένοις
1655 2095 1774 2131 αἰσχύνη

987 2138 1035 2163 καὶ
1049 2137 1136 2172 ὀνείδη
1154 2138 1229 2172 παρά
1242 2138 1350 2165 πάντων
1364 2138 1524 2172 ἀκολουοείί
1547 2140 1666 2175 Ποτέρας
1682 2142 1774 2168 τοίνυν

155 2194 213 2214 mas
230 2187 370 2212 nominant
398 2191 504 2215 omnes,
532 2183 560 2210 in
579 2184 675 2218 quibus
689 2184 885 2218 deprehensos,
909 2189 931 2212 el

988 2184 1043 2209 τῶν
1058 2184 1159 2218 ἡδονῶν
1180 2183 1344 2218 ἀναιροῦντα
1359 2186 1404 2211 τὸν
1424 2185 1549 2217 θάνατον,
1574 2187 1675 2218 πάντες
1692 2189 1775 2215 αὐτὸν

155 2233 228 2267 leges
241 2231 382 2263 tuulctant,
394 2234 422 2256 et
438 2236 485 2256 cos
500 2229 544 2264 qui
556 2229 589 2256 iis
603 2230 794 2262 succumbunt,
805 2230 934 2264 dedecus,

155 2277 300 2312 omniaque
315 2276 415 2311 probra
430 2275 615 2303 comitantur?
638 2275 678 2303 Ob
707 2281 829 2304 utrarum
855 2277 938 2312 igitur

154 2323 325 2357 \oluptatum
335 2322 513 2356 ablatiouem,
526 2323 649 2349 omnium
666 2322 862 2356 molestiarum,
877 2330 937 2357 qua:

156 2369 312 2396 hominibus
325 2369 462 2400 accidunt,
479 2372 594 2395 tnortem
611 2367 800 2404 gravissimam
823 2369 939 2403 putant?

155 2414 292 2448 Numquid
319 2414 354 2441 ob
372 2415 539 2448 posteriores
561 2422 634 2441 ntors
659 2415 720 2450 jure
745 2415 939 2442 accusabitur?

155 2462 211 2489 Cur
225 2462 308 2488 vero?
329 2467 391 2487 cum
411 2460 556 2487 humanam
585 2461 667 2487 vitam
687 2465 761 2487 tanta
784 2461 937 2495 corruptela

156 2508 263 2540 ltherct,
279 2511 306 2534 et
319 2511 423 2534 naturae
442 2506 538 2533 rationi
555 2506 674 2540 phedin
691 2507 844 2540 auxiliatur,
863 2515 939 2534 eam-

156 2561 211 2589 que
234 2554 378 2580 brutorutu
405 2552 584 2580 situilitudine
623 2552 818 2580 contumeliose
845 2553 939 2581 vexari

157 2608 212 2628 non
229 2599 319 2627 sinat?
341 2598 412 2632 Quid
431 2598 503 2626 enim
524 2597 641 2632 turpius,
659 2602 706 2624 aut
720 2599 804 2634 magis
816 2598 938 2632 brutum,

156 2646 268 2674 homine
284 2646 316 2674 ad
333 2646 417 2673 solam
434 2645 597 2679 voluptatum
612 2645 770 2679 propenso?
795 2649 877 2680 atlue
895 2654 939 2673 rei

157 2700 219 2720 rum
245 2694 420 2720 honestarum
451 2695 478 2718 et
494 2691 673 2725 pretiosarum
702 2691 810 2724 penitus
834 2691 941 2719 oblito?

158 2739 204 2774 qui
225 2746 257 2765 ne
273 2738 355 2764 homo
369 2737 477 2772 quidem
500 2736 628 2770 deinceps
660 2736 749 2763 vocari
772 2737 861 2769 debet,
893 2737 940 2764 sed

157 2788 313 2819 portentosa
329 2783 425 2816 bestia,
449 2782 543 2816 quales
567 2782 592 2808 itt
613 2781 711 2809 fabulis
726 2782 937 2809 describuntur:

159 2832 205 2866 qui
221 2836 331 2867 aspectu
345 2831 476 2858 duntaxat
505 2830 597 2857 falsam
627 2830 744 2857 hominis
758 2838 812 2865 prae
827 2838 855 2858 se
873 2831 941 2858 ferat

988 2229 1097 2256 πάντων
1116 2230 1170 2256 τῶν
1195 2231 1222 2257 ἐν
1243 2230 1397 2265 ἀνθρώποις
1423 2231 1562 2267 δυσχερῶν
1579 2233 1776 2267 χαλεπώτατον

987 2276 1108 2309 οἴονται;
1131 2274 1192 2310 'Ap‘
1217 2276 1263 2303 οὖν
1288 2278 1343 2305 τῶν
1362 2270 1475 2313 ὕστερον
1497 2279 1578 2306 ἕνεκα
1604 2280 1642 2314 τῷ
1665 2281 1776 2316 Θανάτῳ

987 2323 1093 2350 δίκαιον
1109 2324 1237 2358 ἐγκαλεῖν
1251 2332 1257 2357 ;
1275 2325 1322 2351 καὶ
1338 2326 1407 2358 πῶς,
1420 2329 1464 2353 τόν
1475 2335 1507 2361 γε
1522 2328 1655 2362 τοσαύτης
1669 2328 1776 2363 φθορᾶς

987 2370 1195 2398 ἁπαλλάττοντα
1210 2372 1256 2398 τὸν
1270 2372 1440 2408 ἀνθρώπινον
1466 2374 1523 2409 βίον
1552 2377 1600 2403 καὶ
1619 2379 1651 2412 τῇ
1676 2378 1774 2414 λογικῇ

989 2417 1242 2452 συναγωνιζόμενον
1266 2419 1359 2453 φύσει,
1385 2420 1433 2446 καὶ
1449 2421 1553 2456 ταύτην
1573 2422 1624 2449 οὐκ
1641 2424 1729 2450 ἑῶνια
1743 2427 1777 2460 τῇ

988 2464 1042 2490 τῶν
1065 2464 1171 2498 ἀλόγων
1197 2466 1337 2501 ὁμοιότητι
1359 2467 1594 2502 καθυϐρίζεσθαις
1616 2468 1648 2495 Τί
1662 2469 1718 2504 γὰρ
1736 2472 1778 2497 ατ-

990 2519 1064 2546 σχιον
1082 2511 1097 2545 ἢ
1112 2511 1283 2547 ἀλογώτερον
1298 2513 1442 2548 ἀνθρώπου
1467 2515 1534 2549 πρὸς
1556 2515 1639 2549 μόνην
1655 2516 1704 2549 τῆν
1716 2516 1779 2551 ἠδο-

989 2557 1037 2592 νὴν
1050 2559 1217 2590 νενευκότος,
1235 2559 1289 2585 τῶν
1305 2558 1333 2585 δὲ
1349 2559 1439 2587 καλῶν
1457 2561 1503 2587 καὶ
1523 2561 1622 2595 τιμίων
1635 2563 1779 2594 παντελῶς

990 2602 1187 2638 ἐπιλαθομένου
1201 2612 1208 2636 ς
1223 2604 1253 2630 δν
1272 2612 1304 2637 γε
1323 2604 1376 2630 οὐδ’
1391 2605 1534 2640 ἄνθρωπον
1553 2606 1605 2642 χρὴ
1621 2607 1714 2634 καλεῖν
1729 2609 1779 2634 τοῦ

989 2647 1095 2680 λοιποῦ,
1112 2648 1180 2674 ἀλλὰ
1196 2649 1289 2682 οηρίον
1300 2649 1454 2684 ἀλλόκοτον,
1469 2648 1512 2678 οἷα
1525 2652 1558 2678 τὰ
1571 2653 1603 2679 ὲκ
1616 2653 1671 2678 τῶν
1684 2653 1781 2687 μύθων

991 2696 1086 2729 μέχρις
1103 2694 1190 2728 ὅψεως
1209 2696 1289 2729 μόνον
1305 2695 1478 2731 ἀνθρωπείαν
1496 2697 1578 2731 φύσιν
1594 2698 1781 2733 ὐποκρινόμεο

990 2748 1043 2767 νον.
1058 2736 1096 2775 ’ᾟ
1118 2741 1172 2775 γὰρ
1190 2741 1344 2775 ἄνθρωπον,
1359 2742 1463 2769 δίκαιον
1483 2744 1627 2778 ὀνομάζειν
1644 2746 1700 2778 τὸν,
1719 2746 1735 2771 ὃ
1751 2755 1780 2774 τι

991 2786 1041 2820 μὲν
1055 2787 1171 2820 φάγεται
1189 2788 1235 2813 καὶ
1253 2788 1355 2820 πίεται,
1379 2789 1459 2824 μόνον
1474 2790 1663 2824 φροντίζοντα,
1679 2793 1694 2818 ὅ
1707 2801 1734 2819 τι
1751 2794 1780 2820 δὲ

989 2832 1120 2866 λογιεῖται
1139 2834 1185 2860 καὶ
1206 2835 1309 2861 εἴσεται
1327 2835 1467 2867 παντελῶς
1486 2837 1639 2871 ἀμελοῦντα
1653 2846 1662 2872 ;
1676 2840 1782 2867 ἰὀῦτον
