1915 3094
106 140 163 172 11ῖῖ

659 144 707 174 DE
728 145 1013 176 CONTEMNENDA
1033 145 1174 176 MURTE.

1661 141 1729 174 1178

103 199 151 232 γὰρ
168 198 224 229 τοῖς
249 197 351 232 χοίροις
375 196 544 232 δικαιότερον
569 198 760 232 παρεικάζειν,
785 197 832 229 οὓς
850 199 882 232 τῇ

952 199 1065 234 peciem.
1087 199 1152 225 Nam
1180 204 1233 232 qua
1259 197 1375 229 ratione,
1401 195 1475 230 jure,
1500 194 1582 222 homo
1610 194 1731 234 dicetur,

104 244 146 278 τῆς
160 243 263 278 τροφῆς
286 243 402 278 ἀφθονίᾳ
428 243 581 274 πιαίνοντες
599 243 701 278 θύομεν
715 252 722 258 ·
741 244 841 278 μᾶλλον
856 244 884 270 δὲ

106 291 146 316 καὶ
159 290 211 316 τῶν
226 289 326 325 χοίρων
341 290 560 325 ἀχρηστοτέρους
574 289 686 321 τούτους
702 290 884 324 ὑποληπτέον.

107 335 160 363 Τῶν
177 337 227 371 μὴν
248 337 303 371 γὰρ
319 336 376 362 ἐστι
394 335 523 368 πολλάκις
546 337 595 371 τῆς
618 337 802 372 πολυσαρκίας
818 337 886 363 ἀπό-

105 383 207 414 ναοθαι,
225 383 322 417 ἀνδρὸς
352 382 380 408 δὲ
408 382 507 409 ἑαυτδν
537 383 780 417 κατασαρκοῦντος
811 383 886 408 οὐδὲν

105 428 214 462 δφελοςο
242 428 315 463 πλὴν
338 428 364 454 ετ
385 436 427 458 τις
456 428 519 460 τοὺς
542 428 640 459 ἄλλους
671 427 887 462 σωφρονίζεσθαι

107 475 271 509 βουλόμενος,
289 475 373 507 λέγοι,
392 475 420 501 ὲν
440 474 514 508 αὑτῷ
530 473 578 509 τὴν
600 474 649 509 τῆς
667 475 772 509 τρυφῆς
792 474 889 508 αίσχύ-

105 529 150 554 νην
163 520 376 554 διδασκομένους
389 529 395 535 ·
409 520 503 556 ὥσπερ
516 521 582 555 φασὶ
596 522 643 547 καὶ
656 521 887 555 Λακεδαιμονίους

105 567 136 603 τῇ
149 567 201 593 τῶν
218 566 344 592 Εἰλώτων
367 567 436 602 μέθῃ
460 568 516 597 τοῖς
533 567 627 593 παισὶν
649 567 838 593 ὑποδεικνύναι
859 566 889 593 τὺ

105 613 152 647 τῆς
165 613 271 647 νήψεως
286 613 397 646 ἀγαθόν.
422 613 455 640 Τί
474 613 496 639 δ’
515 613 547 640 ἄν
570 613 644 639 εἴποι
661 622 701 644 τις
725 613 755 639 τὸ
772 612 821 647 τῆς
838 621 890 647 μα-

105 659 256 689 ταιοπονίας
281 658 384 692 ταύτης
403 658 569 693 ἀπέραντον,
598 659 645 684 κα)⁵
674 657 705 684 τὸ
729 657 890 692 καθημέραν

105 705 141 735 εἰς
159 704 204 730 τὸν
228 704 397 738 τετρημένον
416 703 621 738 ἀναγκάζεσθαι
644 704 721 730 πίθον
741 703 857 733 ἀντλεῖν,
877 703 890 729 ὃ

105 759 129 776 τι
142 750 215 781 τινὰς
234 751 318 784 φησιν
335 751 349 776 6
374 749 458 785 μῦθος
475 750 686 785 κατακριθῆναι,
702 751 751 776 οὐκ
775 748 823 776 οἶδ’
838 750 850 776 ὅ
865 757 892 776 τι

105 795 166 829 περὶ
186 796 248 827 τοῦς
277 795 383 821 ἑαυτῶν
401 795 478 826 θεοὺς
497 796 689 831 ἁμαρτόντας;
717 796 778 822 Ἔτι
800 795 890 822 τοίνυν

105 840 141 874 τῷ
160 841 267 876 θανάτῳ
286 841 426 875 μεμπτέον
449 842 536 876 φάγον
554 842 698 876 ἄνθρωπον
723 841 891 876 ἀναιροῦντι,

940 245 982 272 cui
997 245 1084 272 solum
1101 243 1165 278 quid
1178 243 1270 275 cdere,
1285 242 1350 277 quid
1367 241 1460 269 bibere
1480 240 1557 273 velit,
1574 248 1648 268 curze
1662 246 1704 267 est
1723 249 1729 267 :

941 291 975 318 de
991 290 1177 317 ratiocinando
1195 294 1297 320 autetn,
1316 292 1343 315 et
1363 287 1478 315 sciendo
1494 287 1573 321 plane
1596 287 1632 313 sit
1650 294 1726 313 seru-

941 336 1080 364 rus?Nam
1094 336 1116 362 is
1127 335 1216 370 porcis
1225 336 1325 361 rectius
1334 333 1546 368 comparabitur,
1557 340 1626 367 quos
1635 332 1734 366 pabulo

941 382 1042 410 ailatim
1059 381 1204 416 praebendo
1218 381 1386 415 saginantes,
1400 383 1560 406 maelautus.
1576 378 1632 404 lmo
1643 379 1732 412 porcis

941 429 1097 455 inutiliores
1109 428 1189 456 etiam
1201 426 1370 453 existimandi
1379 430 1451 452 sunt.
1463 425 1539 459 δείδρο
1548 424 1619 451 enim
1637 431 1734 458 porco-

945 483 1004 501 rum
1023 474 1115 508 sagiua
1143 473 1193 499 frui
1212 473 1284 499 licet.
1309 472 1363 499 Viri
1383 475 1472 497 autem
1490 478 1550 497 sese
1567 477 1649 496 carne
1665 478 1733 497 one-

942 521 1029 548 rantis
1047 519 1137 546 nullus
1157 526 1222 546 usus
1247 523 1310 544 est:
1333 517 1384 544 nisi
1403 516 1471 544 alios
1494 516 1629 551 quispiam
1652 516 1735 543 casti-

943 574 1006 601 gare.
1022 565 1125 595 volens.
1143 565 1176 591 de
1194 572 1227 591 eo
1240 565 1322 591 verba
1342 563 1432 595 faciat,
1452 568 1533 597 atque
1565 563 1591 589 in
1609 570 1641 589 eo
1656 562 1734 589 luxn-

943 613 991 640 τίω
1004 612 1120 639 dedecus
1132 614 1268 638 ostendat.
1286 610 1521 642 Quemadmodum
1535 608 1734 636 Lacedaemonii

943 658 1078 686 feruntur.
1101 665 1149 691 per
1165 656 1289 683 llelotunt
1305 655 1356 691 [sic
1371 655 1444 682 enitn
1463 655 1501 681 illi
1523 663 1572 681 stta
1597 655 1734 689 mancipia

943 703 1087 739 vocabam]
1105 703 1276 733 ebrietatem,
1296 702 1397 734 liberis,
1424 702 1580 729 sobrietatis
1598 707 1733 736 praestan-

945 750 1009 777 tiam
1034 749 1247 776 demonstrasse.
1280 748 1350 780 Quid
1367 755 1432 775 vero
1455 747 1489 774 de
1513 747 1603 774 inanis
1635 747 1736 774 laboris

945 796 1024 823 istius
1039 795 1171 822 inﬁnitate
1187 795 1309 822 dicemus
1320 815 1328 827 ,
1344 798 1370 821 et
1388 793 1422 821 de
1456 794 1619 821 necessitate
1647 794 1738 828 quoti-

946 842 991 869 die
1029 841 1158 876 implendi
1192 840 1321 875 perforati
1348 839 1413 866 dolii
1438 839 1450 866 ?
1476 847 1528 874 qua
1561 846 1641 874 pmna
1664 839 1736 866 mul.

106 888 149 913 καὶ
161 888 288 922 τοιαύτης
302 888 453 922 ἀχρηστίας
472 887 518 914 τὸν
531 889 588 922 βίον
603 887 802 923 ἐλευθεροῦντι,
818 888 847 914 ὅν
861 896 891 921 γε

951 894 1016 916 tatas
1048 895 1107 915 t‘sse
1140 887 1284 922 quasdam.
1311 886 1404 914 nescio
1436 886 1472 912 ob
1500 886 1570 919 quod
1597 885 1688 913 scelus
1708 885 1735 912 in

107 933 150 959 καὶ
173 933 304 960 δοκοῦντα
320 934 379 969 ζῇν,
401 935 585 969 εὐλογώτερον
602 934 634 961 ἄν
660 943 700 965 τις
718 933 791 960 εἴποι
807 934 897 967 πάλαι

105 979 240 1011 τεθνάναι,
252 979 324 1006 οὕτω
337 980 406 1015 πρὸς
422 981 467 1007 τὸν
484 981 593 1014 λογικὸν
608 981 665 1015 βίον
679 981 808 1015 ἀκίνητον
821 979 896 1012 ὄντα,

108 1026 152 1051 καὶ
169 1026 202 1060 τῇ
225 1028 333 1061 συνεχεῖ
354 1027 423 1062 μέθῃ
450 1028 519 1062 πρὶς
543 1028 633 1054 πάντα
658 1026 897 1060 ἀναισῦητοῦντα;

112 1071 179 1098 “Δλλ”
193 1072 217 1098 εἰ
234 1073 349 1107 μηδενὸς
362 1073 453 1104 ἄλλον,
470 1073 566 1100 τούτου
582 1081 613 1106 γε
627 1073 712 1099 ἕνεκα
725 1073 769 1098 τὸν
783 1071 899 1099 θάνατον

106 1118 188 1153 ἐχρῆν
207 1119 356 1154 εὐεργέτην
381 1119 485 1152 καλεῖν,
512 1119 636 1146 ἐκποδὼν
661 1119 834 1152 ποιούμενον,
850 1117 898 1148 οὓς

106 1166 154 1197 τὴν
169 1165 256 1200 ἀρχὴν
285 1166 339 1192 ἔδει
365 1166 433 1201 μηδὲ
460 1167 598 1200 γενέσθαι.
621 1163 707 1200 Οἶμαι
730 1165 770 1197 δὲ,
789 1164 849 1200 μηδ’
865 1164 898 1190 ἂν

106 1211 202 1242 αὐτοὺς
216 1212 349 1245 ἐκείνους,
367 1213 392 1239 εἰ
404 1221 436 1247 γε
455 1213 613 1248 ὲκνήψαιεν,
627 1212 699 1247 ὺπὶρ
720 1211 826 1238 ἑαυτῶν
843 1219 896 1236 κα-

106 1256 180 1284 κίσαι
205 1257 250 1284 τὸν
271 1258 397 1290 θάνατον,
429 1259 506 1294 μηδὲ,
538 1259 575 1290 ὡς
603 1259 772 1290 ἀδικοῦνται,
802 1257 897 1291 φάναι,

108 1301 143 1336 μὴ
160 1303 386 1338 συγχωρούμενοι
405 1303 533 1337 τοιαύτην
549 1303 721 1338 ἀκαθαρσίαν
736 1303 842 1329 ἀσκεῖν.

947 934 1059 961 maritos
1072 941 1136 960 suos
1151 933 1338 964 commissum,
1355 931 1453 959 fabula:
1472 931 1626 965 perhibent.
1651 929 1735 957 Nutu-

947 980 1011 1016 quid
1028 987 1104 1007 mors
1127 979 1279 1007 accusanda
1308 983 1360 1010 cst,
1381 985 1443 1005 cum
1462 985 1588 1004 voracem
1616 977 1735 1012 aliquem

948 1026 1088 1053 hominem
1103 1025 1182 1057 tollit,
1198 1029 1226 1052 et
1249 1024 1330 1051 vitam
1347 1029 1402 1051 tam
1418 1023 1508 1050 inutili
1527 1023 1648 1058 pondere
1669 1023 1738 1050 libe-

949 1077 990 1099 rat
1009 1081 1015 1098 :
1032 1080 1112 1106 quem
1141 1072 1222 1098 etiam
1246 1070 1310 1098 dum
1336 1070 1429 1097 vivere
1461 1069 1611 1102 videretur,
1636 1069 1738 1096 rectius

948 1119 1003 1153 jam
1021 1118 1084 1145 olim
1097 1122 1234 1144 tnortuum
1250 1116 1387 1144 dixisses?
1403 1120 1434 1142 ut
1448 1115 1493 1150 qui
1512 1115 1545 1142 ad
1559 1115 1653 1148 vitam,
1677 1123 1738 1150 qua:

949 1163 1064 1190 rationis
1089 1162 1224 1196 particeps
1239 1167 1291 1194 est,
1316 1160 1390 1188 nulla
1419 1160 1525 1187 ratione
1552 1160 1663 1195 perduci
1679 1168 1738 1195 .po-

949 1209 1080 1241 tucrit,et
1093 1207 1167 1235 omni
1184 1215 1275 1234 rerttm
1288 1215 1381 1239 sensu,
1408 1207 1443 1234 ob
1468 1211 1626 1241 perpetuam
1647 1206 1738 1234 ebrie-
1756 1222 1760 1226 -

949 1260 1031 1282 tatem
1045 1255 1174 1286 caruerit,
1191 1262 1222 1280 ac
1234 1261 1287 1280 non
1305 1253 1405 1288 potius,
1419 1254 1442 1280 si
1461 1261 1516 1280 non
1534 1253 1569 1279 ob
1586 1252 1670 1284 aliud,
1688 1252 1740 1280 hac

948 1302 1044 1328 saltrtn
1062 1301 1145 1335 gratia
1157 1301 1238 1327 morti
1256 1300 1367 1335 agenda:
1382 1299 1474 1335 gratiae
1490 1304 1594 1332 essent,
1612 1307 1673 1333 qua:
1689 1299 1740 1327 hos

105 1358 120 1377 e
145 1351 234 1378 medio
258 1352 345 1382 tollat.
375 1360 444 1387 quos
475 1359 588 1387 prorsus
613 1359 647 1379 ne
678 1352 752 1378 nasci
783 1351 893 1386 quidem
915 1350 1079 1385 oportebat?
1106 1349 1142 1375 At
1162 1357 1196 1376 ne
1233 1349 1292 1376 illos
1321 1349 1395 1383 ipsos
1432 1348 1554 1382 quidem,
1584 1347 1606 1375 si
1632 1348 1742 1382 quando

105 1400 244 1435 crapulam
270 1400 490 1433 edormit-issent,
522 1401 556 1428 de
598 1405 687 1428 mone
714 1404 913 1433 conquesturos
933 1405 994 1424 esse
1012 1402 1098 1432 puto,
1115 1404 1166 1423 nec
1183 1395 1281 1431 injuria
1315 1403 1345 1423 se
1371 1396 1440 1423 allici
1461 1395 1594 1428 dicturos,
1617 1403 1679 1423 cum
1705 1395 1740 1426 iis

105 1454 159 1474 non
175 1447 353 1480 conccdatur,
371 1448 398 1474 in
416 1448 467 1475 hoc
481 1448 626 1475 libidinum
640 1455 720 1475 caeno
736 1446 863 1474 volutari.

411 1494 536 1520 ΚΕΦΛΛ.
553 1493 590 1522 Ε’.

141 1541 172 1567 τί
188 1540 209 1567 δ’
224 1540 256 1567 ἂν
270 1540 358 1571 εἴποις
378 1540 426 1571 τὰς
441 1539 534 1573 ἄλλοις,
551 1541 599 1571 τὰς
615 1539 708 1575 ὥσπερ
724 1540 775 1566 ἀπὸ
791 1538 893 1574 μητρός

104 1595 178 1616 τινος
203 1586 254 1619 τῆς
283 1585 389 1619 τρυφῆς
415 1585 580 1620 τικτομένας
609 1587 727 1617 κακίας⁶
754 1587 820 1612 πᾶσι
845 1586 897 1619 γὰρ

106 1631 201 1666 σχεδὸν
214 1632 270 1662 τοῖς
283 1631 407 1665 αἰσχροῖς
428 1631 504 1665 παρὰ
525 1631 626 1666 ταύτης
642 1632 669 1657 αἱ
687 1631 828 1666 ἀφορμαί·
851 1633 897 1657 καὶ

105 1685 135 1703 το
155 1678 218 1708 τοὺς
235 1677 373 1709 παγέντας
386 1678 452 1712 ἡμῖν
463 1678 516 1704 ὑπὸ
530 1678 578 1712 τῆς
590 1678 697 1712 φύσεως
709 1679 800 1713 ὄρους,
814 1677 899 1712 ὑπερ-

106 1723 250 1754 ϐαίνοντας
270 1723 333 1754 τοὺς
349 1723 509 1758 ἀνθρώπους
531 1724 571 1754 εἰς
590 1724 637 1751 τὸν
654 1724 708 1751 τῶν
733 1723 898 1758 ἀκαθάρτων

106 1768 210 1802 ἡδονῶν
230 1768 379 1802 ἐμπίπτειν
404 1769 538 1803 κρημνὸν,
561 1765 598 1795 ὧν
621 1769 676 1800 τοῖς
694 1768 895 1803 κατηγοροῦσιν

105 1813 184 1849 οἶμαι
201 1815 248 1841 καὶ
262 1814 348 1850 μόνην
362 1814 412 1850 τὴν
428 1815 540 1850 μνήμην
556 1815 690 1849 αἰσχύνην
706 1815 740 1841 ἆν
755 1815 895 1848 ἑνεγκεῖνς

105 1859 335 1896 Δυσχερανοῦμεν
350 1858 408 1892 οὖν,
435 1861 459 1887 εί
487 1861 525 1897 μὴ
550 1862 597 1888 καὶ
614 1861 749 1893 ἀθάνατος
765 1862 778 1887 ὁ
793 1862 897 1896 μοιχὸς,

106 1908 154 1934 καὶ
166 1906 206 1942 τῷ
220 1907 389 1942 παιδεραστῇ
411 1907 595 1941 συνευξόμεοα
617 1908 667 1942 τὴν
682 1908 758 1934 νόσον
773 1908 813 1938 εἰς
829 1907 899 1934 ἁπέ-

106 1961 207 1990 ραντον
226 1952 439 1988 παρατείνεοθαι
452 1959 460 1968 ⁸
474 1952 490 1988 ἢ
509 1953 556 1979 καὶ
570 1953 619 1985 τὰς
634 1953 704 1988 ὑπὲρ
718 1953 774 1979 τῶν
787 1952 899 1988 χρημά-

105 2000 162 2026 τῶν
175 1999 333 2032 ὲπιὸουλὰς,
354 2000 401 2026 καὶ
426 1999 604 2033 φιλονεικίας,
634 2000 681 2026 καὶ
708 2000 833 2034 φθόνους,
851 1999 900 2026 καὶ

105 2046 172 2077 τοὺς
187 2044 257 2080 ὑπὲρ
271 2045 321 2080 τῆς
332 2044 509 2080 παντοδαπῆς
521 2045 677 2077 πλεονεξίας
691 2045 836 2080 πολέμους,
851 2044 899 2077 οὓς

105 2091 226 2127 φανερὴν
240 2091 295 2118 τῶν
316 2091 418 2126 ἡδονῶν
440 2092 531 2117 εἵνεκα
546 2093 610 2124 τοὺς
635 2092 795 2127 ἀνθρώπους
812 2093 899 2127 αἱρεῖ-

106 2138 184 2171 σθαι,
209 2137 313 2170 ἀϊδίους
339 2135 409 2164 εἶναι
438 2137 608 2172 θελήοομεν;
638 2137 733 2172 ὥσπερ
764 2137 811 2164 τοῦ
839 2137 898 2172 βίου

107 2185 196 2220 μηδὲν
211 2184 307 2219 δφελος
333 2183 374 2217 ὃν,
399 2183 432 2211 ἂν
451 2184 488 2218 μὴ
514 2184 636 2218 συνεχῶς
652 2184 760 2218 μεγάλα
776 2184 848 2211 κακὰ
866 2184 899 2210 τὰ

107 2231 161 2265 μὲν
175 2231 309 2265 ποιῶμεν,
323 2230 357 2257 τὰ
377 2230 405 2257 δὲ
421 2231 582 2264 πάσχωμεν,
604 2229 652 2256 καὶ
674 2231 706 2265 τῇ
731 2223 899 2264 πολυμόρφῳ

106 2277 196 2313 κακίᾳ
211 2277 245 2304 τὰ
261 2277 386 2312 ἡμέτερα
402 2277 492 2304 αὐτῶν
507 2276 709 2311 ἐπιτρέψωμεν.
725 2275 807 2302 Ἀλλὰ
823 2274 903 2301 τοῦτο

105 2323 134 2350 τί
151 2323 213 2349 ποτ’
230 2324 305 2350 ἐστὶν
320 2322 426 2357 ἕτερον,
444 2322 460 2358 ἢ
480 2321 511 2348 τδ
526 2322 574 2357 μὲν
589 2322 675 2348 κακὸν
694 2319 902 2356 συμϐουλεύειν,

105 2368 140 2395 τ’)
163 2368 192 2395 δὲ
211 2369 314 2402 ἁγαοδν
340 2369 429 2403 φυγῆς
455 2369 503 2395 καὶ
525 2368 638 2402 ἀτιμίας
657 2367 847 2402 τιμήσασθαι;
867 2367 902 2393 Ίι

105 2414 202 2440 τοίνυν
215 2414 327 2448 ἁναίδην
343 2414 444 2441 οὑτωσὶ
457 2415 507 2449 τὴν
523 2413 621 2448 ἡδονὴν
635 2410 705 2439 εἷναι
723 2413 824 2447 φατέον
839 2412 903 2438 τάν-

107 2459 249 2495 θρώπινον
267 2460 380 2494 ἀγαθὸν,
396 2460 496 2496 ἀρετὴν
517 2461 557 2492 δὲ,
573 2460 620 2487 καὶ
644 2460 751 2494 σοφίαν,
772 2459 819 2485 καὶ
840 2459 902 2484 ὲπι-

107 2507 232 2541 στὴμην,
245 2506 327 2540 λόγου
338 2506 419 2541 χάριν
429 2507 478 2533 καὶ
492 2506 660 2541 εὐπρεπείας
674 2505 754 2540 μόνον
766 2504 902 2540 είρῆσθαι,

109 2555 162 2579 καὶ
174 2553 236 2579 τότε
252 2553 300 2580 καὶ
316 2553 355 2588 τῷ
370 2552 478 2588 θανάτῳ
503 2553 644 2587 μεμπτέον
659 2552 693 2578 τὰ
712 2552 844 2579 κάλλιστα
857 2550 905 2577 καὶ

107 2599 270 2634 τιμιώτατα
295 2599 375 2634 ἡμῶν
403 2599 587 2634 ἀφαιροῦντι,
617 2600 632 2634 ἢ
663 2600 824 2635 νομίζοντας
850 2597 904 2624 τῶν

107 2645 216 2680 ἡδονῶν
236 2645 288 2676 τὰς
309 2645 359 2680 μὲν
386 2646 419 2680 τῇ
444 2645 518 2681 ψυχῇ
547 2645 639 2681 λὼὃην
667 2646 797 2680 ἄντικρυς
822 2642 903 2677 εἶναι,

108 2691 160 2718 καὶ
183 2692 216 2726 τῇ
242 2692 319 2726 κοινῇ
346 2691 400 2718 τῶν
428 2691 580 2725 ἀνθρώπων
610 2692 732 2727 πολιτείᾳ
763 2691 904 2722 παντελῶς

107 2738 326 2770 ἐναντιωτάτας,
342 2738 391 2770 τὰς
411 2738 437 2764 δὲ
456 2739 502 2764 καὶ
525 2739 609 2770 αὑτὰς
629 2739 704 2765 οὐδὲν
730 2736 811 2774 ἧττον
839 2738 904 2773 βλά-

106 2791 194 2811 πτειν
213 2784 374 2819 δυναμένας,
391 2784 423 2811 ἃν
438 2786 467 2811 τὸ
491 2786 567 2820 παρὰ
581 2785 629 2812 τοῦ
653 2785 733 2819 λόγου
750 2787 849 2820 μέτρον
867 2784 904 2821 μὴ

108 2830 332 2865 καταδέχωνται,
352 2831 411 2856 οἱδὶ
434 2832 479 2857 τὴν
503 2831 616 2858 θάνατον
637 2833 777 2864 παντελῶς
803 2834 905 2867 ἀτιμα-

109 2877 208 2909 στέον,
235 2877 289 2904 οὐδ’
313 2876 348 2909 ὥς
379 2886 404 2904 τι
432 2878 484 2905 τῶν
511 2878 650 2914 βλαϐερῶν
676 2881 824 2914 φευκτέον·
847 2879 904 2907 ἀλλ’

1251 1492 1366 1519 CAPUT
1404 1492 1435 1519 V.

988 1538 1058 1571 Quid
1069 1546 1133 1565 vero
1145 1539 1179 1566 de
1191 1538 1303 1573 reliquis
1319 1539 1392 1566 vitiis
1409 1539 1494 1571 dicas,
1508 1548 1568 1574 quae
1592 1548 1606 1567 a
1623 1540 1741 1572 deliciis,

952 1583 1035 1610 veluti
1061 1588 1146 1610 matre
1163 1585 1300 1614 oriuntur,
1324 1585 1452 1612 Omnibus
1482 1586 1554 1612 enim
1581 1585 1637 1612 fere
1665 1585 1741 1621 ﬂagi-

952 1631 997 1658 tiis
1016 1639 1109 1658 ansam
1126 1631 1181 1658 haec
1199 1632 1332 1666 pra-bent,
1352 1636 1399 1658 attt
1425 1632 1459 1658 de
1475 1639 1508 1659 eo
1524 1632 1595 1666 quod
1615 1632 1741 1659 homines

954 1677 1032 1703 nobis
1043 1685 1057 1703 a
1071 1683 1166 1704 natura
1177 1678 1300 1712 pra-ﬁxos
1314 1677 1414 1705 limites
1432 1678 1629 1711 trausilientes,
1649 1678 1676 1705 in
1692 1678 1744 1704 int-

952 1731 1083 1758 purarum
1100 1723 1269 1757 voluptatum
1290 1724 1470 1758 prtecipitium
1489 1725 1634 1751 inritlunt?
1663 1733 1741 1758 quas,

953 1777 982 1797 ιιι
1005 1770 1130 1801 arbitror,
1156 1771 1200 1804 qui
1225 1770 1440 1804 reprehendunt.
1470 1771 1510 1797 vel
1543 1772 1599 1798 sola
1629 1770 1738 1798 illarum

953 1815 1211 1843 commemoratione
1240 1816 1415 1843 erubescunt.
1444 1817 1513 1851 Ergo
1534 1817 1647 1844 moli-ste
1668 1816 1742 1844 fcre-

954 1870 1025 1893 nms,
1041 1862 1063 1888 si
1090 1862 1195 1889 adulter
1218 1870 1272 1890 non
1298 1864 1332 1889 sit
1350 1863 1528 1890 immortalis?
1555 1868 1581 1890 et
1597 1871 1648 1890 una
1679 1870 1742 1890 cum

954 1915 1100 1942 puerOrum
1115 1912 1236 1935 amatore
1259 1913 1319 1935 vota
1334 1908 1476 1939 faciemus.
1505 1913 1532 1935 ut
1549 1909 1661 1935 morbus
1684 1909 1742 1943 ejus

953 1953 981 1980 in
999 1953 1134 1980 inﬁnitum
1155 1953 1342 1988 producatur?
1365 1958 1412 1980 aut
1428 1954 1509 1980 etiam
1525 1953 1650 1985 insidias,
1682 1960 1744 1988 quae

954 2001 1077 2036 pecunia:
1093 2001 1252 2033 tenduntur,
1267 2007 1293 2028 ct
1303 2001 1505 2031 contentiones,
1516 2005 1542 2026 et
1559 2000 1686 2031 invidias,
1715 2003 1744 2027 et

955 2048 1080 2078 bella,ob
1096 2048 1172 2074 varia
1203 2047 1295 2081 iniqua
1311 2047 1385 2074 lucra
1409 2047 1510 2081 suscipi
1541 2047 1621 2074 solita
1656 2048 1743 2080 (lucra

954 2101 1019 2121 vero
1035 2098 1145 2128 propter
1165 2093 1316 2128 voluptates
1332 2094 1366 2120 ab
1383 2093 1541 2120 hominibus
1566 2093 1660 2127 appeti
1674 2100 1743 2119 con-

955 2140 1020 2173 stat)
1038 2144 1139 2166 :eterna
1151 2147 1212 2166 esse
1230 2139 1366 2166 velimus?
1388 2139 1464 2174 quasi
1497 2147 1561 2166 vero
1587 2139 1647 2166 vit-,e
1669 2138 1744 2166 nulla

955 2186 992 2213 sit
1006 2185 1118 2217 utilitas,
1134 2185 1186 2212 nisi
1201 2186 1374 2212 continenter
1390 2192 1486 2220 magna
1511 2185 1582 2212 mala
1599 2185 1666 2211 alias
1693 2185 1744 2212 de-

916 2240 1024 2273 Dmus.
1038 2232 1254 2262 aliasieramus,
1271 2236 1299 2258 ct
1321 2239 1366 2259 res
1396 2237 1505 2258 nostras
1529 2232 1555 2258 in
1585 2231 1745 2266 multiplicis

954 2278 1112 2305 vitiositatis
1145 2282 1308 2312 potestatem
1323 2278 1539 2312 permittamus.
1572 2277 1672 2304 Verum
1691 2277 1744 2304 hoc

954 2324 1019 2360 qttid
1029 2325 1136 2352 tandem
1153 2330 1194 2352 est
1210 2324 1293 2356 aliud,
1304 2332 1384 2358 quam
1398 2325 1468 2351 malo
1477 2325 1641 2351 senatoriam
1655 2329 1746 2351 aucto-

955 2373 1062 2399 ritatem
1075 2371 1207 2402 tribuere,
1223 2371 1324 2397 bouutn
1340 2376 1432 2397 autetn
1445 2370 1542 2398 exsilio
1571 2375 1598 2398 et
1625 2371 1743 2405 ignomi-

954 2418 1000 2446 nia
1017 2418 1153 2445 multare?
1180 2418 1233 2444 Aut
1249 2417 1330 2453 igitur
1354 2422 1448 2451 aperte
1475 2417 1544 2444 adeo
1560 2418 1745 2452 pronuntian-

956 2466 1022 2492 dum
1036 2468 1088 2497 est,
1105 2465 1270 2499 voluptatem
1283 2464 1401 2492 hominis
1431 2471 1491 2491 esse
1521 2464 1623 2491 bonum
1639 2472 1646 2491 :
1662 2463 1746 2490 virtu<

957 2514 1011 2538 tem
1042 2515 1133 2537 autetn
1163 2514 1190 2536 et
1216 2510 1391 2544 sapientiam,
1413 2513 1441 2536 et
1481 2509 1636 2540 scientiam,
1665 2509 1743 2536 verbi

956 2561 1062 2583 tanttttn
1090 2556 1187 2591 gratia,
1211 2561 1239 2584 et
1265 2561 1375 2590 propter
1398 2556 1516 2590 speciem
1544 2555 1689 2587 nominari.
1716 2560 1744 2582 et

957 2605 1022 2628 tunc
1033 2601 1113 2627 morti
1126 2601 1331 2635 exprobandum
1350 2607 1402 2633 est,
1422 2610 1482 2636 qua:
1495 2609 1537 2634 ea,
1562 2610 1622 2636 qua:
1639 2605 1667 2628 et
1683 2601 1742 2634 pul-

956 2647 1093 2674 cherrima
1109 2651 1136 2674 et
1151 2647 1349 2682 pretiosissima
1367 2648 1522 2679 habeamus,
1536 2648 1648 2674 adimat.
1676 2646 1741 2679 Aut.

956 2693 979 2720 si
992 2692 1122 2728 quasdam
1149 2693 1303 2728 voluptates
1322 2694 1476 2720 evidentem
1510 2693 1663 2725 anitporum
1681 2700 1742 2720 esse

955 2740 1115 2775 perniciem,
1145 2741 1344 2774 existimemus,
1375 2746 1403 2768 et
1431 2740 1569 2767 communi
1601 2740 1742 2766 hominum

957 2787 1018 2814 vitat
1029 2787 1063 2814 ab
1089 2787 1164 2814 omni
1177 2793 1253 2822 parte
1278 2787 1487 2814 adversissimas
1506 2795 1512 2812 :
1528 2787 1595 2814 alias
1620 2791 1647 2814 et
1670 2786 1743 2821 ipsa:

957 2833 1135 2860 nihilominus
1164 2833 1260 2860 obesse
1280 2841 1370 2868 posse,
1393 2834 1446 2860 nisi
1466 2839 1546 2860 recta:
1562 2833 1675 2860 rationis
1700 2840 1744 2859 ro-

957 2879 1016 2916 gula
1028 2879 1189 2907 adhibeatur
1207 2888 1214 2906 :
1234 2887 1321 2914 neque
1335 2887 1406 2906 mors
1425 2880 1534 2914 penitus
1566 2879 1675 2907 infamia
1690 2886 1740 2906 uo-
