1915 3094
149 127 215 158 117]

144 185 226 214 tanda
238 189 289 218 est,
318 193 406 220 neque
420 190 451 213 ut
471 193 514 214 res
530 185 684 222 perniciosa
712 185 849 222 fugienda.
874 186 928 213 Sed
943 188 965 216 Α

144 231 268 257 homines
282 236 308 258 ct
325 239 354 258 ex
370 232 419 258 hac
434 232 552 266 aliquam
580 233 723 260 utilitatem
747 240 844 267 capere
874 240 928 266 pu-

145 277 257 303 tutulum
275 285 281 302 :
297 284 357 303 cum
370 277 479 311 quidem
491 278 593 312 optima
607 279 652 309 sit,
670 279 690 306 si
706 278 768 313 quis
785 278 868 305 vitam
884 277 930 304 de-

145 323 266 348 lictorum
283 327 418 357 expertem
433 328 459 349 υι
472 331 534 350 cum
558 324 659 350 virtute
685 326 807 358 exegerit
823 332 829 348 :
847 331 878 350 ac
895 331 930 350 ne

145 368 210 395 illud
225 369 333 402 quidem
347 369 419 395 nntni
437 377 547 403 prorsus
562 371 678 397 utilitate
691 375 794 401 careat,
827 369 931 396 meritis

144 423 206 442 eutn
222 414 290 441 aii'ici
311 416 461 449 suppliciis.
477 416 520 449 qui
537 416 627 443 sanari
641 424 695 443 non
711 421 808 449 potest.
843 415 929 448 Quam

146 461 179 488 ad
197 469 253 487 rem
269 461 454 488 universitatis
472 462 588 496 principi
600 466 626 488 et
650 462 750 496 opiﬁci.
778 469 852 488 tnors
869 461 930 495 plu-

147 507 244 534 rimttnt
260 507 377 539 confert,
397 515 446 541 pro
463 515 510 534 sua
530 508 636 542 justitia
660 509 801 535 hominum
833 508 930 541 nequi-

146 551 208 579 tiam
223 553 345 587 pttuienti
362 560 368 578 :
382 561 432 580 nec
445 553 556 585 sinenti,
574 559 603 581 ut
620 553 737 580 mundus
760 561 774 579 a
791 560 819 580 se
841 552 932 580 fabre-

147 598 245 629 lactus,
263 604 365 626 temere
375 603 403 626 et
415 599 571 633 perturbate
587 599 700 631 feratur,
728 599 774 626 sed
798 599 930 624 immensa

145 644 278 675 bonitate,
295 649 414 672 nostram
443 652 552 680 quoque
583 645 784 679 improbitatem
808 640 933 671 in‘ordi-

147 698 207 717 nem
222 698 268 724 per
284 698 390 725 poenam
417 691 549 726 redigenli
567 699 572 716 :
594 691 680 718 instar
689 691 798 723 medici,
828 690 873 725 qui
888 698 933 717 se-

145 736 280 762 ctionibus
293 739 320 762 et
336 736 489 763 udionibus
520 744 569 771 per
588 741 674 763 totum
698 744 798 771 corpus
831 736 932 762 malum

147 782 247 808 [luxum
274 781 349 808 fundi
383 782 520 816 prohibet.
542 783 668 817 Ejusdem
700 783 783 817 igitur
806 787 859 813 est,
889 783 934 816 jus

147 827 354 862 aiquitalemque
370 828 535 862 vituperare,
560 833 587 855 et
605 833 729 860 mortem,
758 836 818 862 quze
832 829 932 854 malum

147 876 263 909 grassari
281 884 334 902 non
345 876 457 910 patitur,
470 883 609 905 accusare.
631 875 709 909 Quod
739 876 760 902 si
779 876 824 910 qni
856 876 933 902 volu-
951 871 971 898 εἴ

147 922 268 958 ptatibus
283 922 418 954 serviunt,
438 930 526 957 neque
544 922 603 949 sine
633 923 683 949 hac
702 922 834 949 servitute
851 922 934 947 vitam

147 968 327 1003 expetendam
351 968 466 999 ducunt,
494 969 613 995 rationes
655 968 703 994 has
720 976 773 995 non
804 967 937 1002 approba-

148 1014 203 1039 rint
220 1022 226 1040 :
244 1013 291 1040 sed
307 1013 438 1048 quidquid
458 1013 507 1040 has
522 1013 638 1040 illisnon
651 1018 805 1047 comparat,
836 1012 936 1039 malum

148 1060 350 1086 existimarint:
367 1068 418 1087 nec
449 1059 546 1086 horum
564 1059 695 1093 iudicium
723 1058 827 1085 veritati
855 1058 938 1085 detri-

149 1111 269 1132 mentum
305 1104 400 1131 all'eret
429 1106 528 1138 (neque
557 1104 629 1131 enim
654 1111 754 1135 eorum,
774 1104 936 1131 sententiam

148 1153 309 1179 conﬁrmare
327 1160 400 1179 nunc
414 1152 492 1179 nobis
521 1152 689 1188 propositum
722 1157 774 1184 est,
793 1153 839 1180 sed
868 1152 938 1179 veri-

149 1204 242 1230 tatem.
258 1205 286 1225 ut
300 1206 347 1233 per
363 1206 392 1225 se
417 1199 481 1233 est),
499 1207 588 1233 neqtte
603 1203 643 1225 est
659 1199 813 1233 quisquam.
832 1199 876 1233 qui
892 1203 938 1225 aut

148 1253 197 1280 pro
211 1253 318 1273 reorum
330 1246 463 1273 Sententia
479 1246 636 1280 sulfragium
651 1245 731 1277 l'crxe,
744 1250 790 1271 aut
801 1244 938 1279 projusti-

150 1293 184 1318 tia
200 1296 294 1318 contra
313 1299 370 1324 eos,
398 1291 470 1325 quod
487 1291 650 1325 supplicium
669 1291 709 1318 eis
729 1291 764 1318 sit
796 1287 936 1322 luendum,

148 1336 323 1364 considerare
337 1335 400 1362 velit
420 1343 426 1361 :
443 1335 489 1363 sed
509 1337 575 1362 satis
597 1335 690 1367 fuerit,
715 1336 849 1371 judicium
879 1343 939 1363 esse

149 1382 311 1417 legitimum.
330 1381 369 1408 Ne
387 1381 470 1416 igitur
484 1389 544 1414 nos,
560 1381 635 1409 velut.
662 1382 688 1409 in
715 1382 837 1416 iudiciis,
861 1383 938 1409 volu-

150 1428 299 1462 ptarinrum
330 1427 570 1455 lamentationibus
599 1435 781 1461 moveamur;
811 1429 856 1463 qui
882 1429 939 1455 suis

149 1473 377 1508 :qqtetitionibus,
397 1480 448 1500 ccu
470 1473 602 1501 uxoribus
628 1478 655 1501 ct
669 1474 762 1501 liberis
787 1474 937 1509 productis,

149 1531 155 1542 ι
166 1528 180 1546 a
196 1520 301 1546 ratione
311 1519 355 1554 jus
370 1518 501 1554 perverti,
515 1521 678 1554 veniamque
692 1519 744 1546 sibi
770 1520 828 1546 dari
847 1524 939 1554 postu-
951 1537 974 1569 Ο

150 1567 217 1592 lant.
239 1566 291 1592 Sed
301 1573 443 1601 quousque
460 1570 507 1593 aut
521 1566 674 1595 antedictas
692 1567 859 1602 voluptates,
888 1567 938 1593 bo-

152 1621 227 1644 num,
247 1617 294 1639 aut
312 1611 338 1638 id
354 1612 426 1646 quod
441 1612 510 1639 mala
525 1612 665 1647 prohibet.
699 1613 800 1640 malum
814 1619 874 1640 esse
889 1612 938 1639 de-

153 1664 306 1685 monstrare
324 1666 377 1685 non
402 1664 552 1693 poterunt:
574 1659 659 1686 nihilo
682 1658 772 1686 secius
801 1658 939 1693 prioribus

153 1705 291 1740 sum-agiis
307 1704 487 1732 insistendum
499 1705 549 1732 erit
564 1714 570 1732 :
592 1714 652 1741 qua:
666 1706 692 1733 id
706 1707 767 1733 vita:
783 1706 938 1733 institutum

152 1751 283 1787 amplexis
299 1756 412 1779 tnortem
431 1752 560 1787 expedire
584 1752 815 1780 demonstrarunt.

456 1798 571 1826 CAPUT
603 1798 646 1825 Vl.

188 1847 228 1876 Ob
245 1847 440 1884 procreationis
460 1852 553 1874 autem
576 1846 740 1880 voluptates,
758 1853 819 1880 qua;
848 1849 941 1880 turpes

154 1903 208 1922 non
224 1899 298 1927 sunt,
312 1895 334 1921 si
353 1893 432 1921 morti
449 1893 509 1927 quis
531 1891 686 1924 maledicat,
715 1895 744 1918 ut
761 1899 821 1926 qua:
847 1895 875 1918 et
897 1898 943 1918 eas

155 1941 279 1968 funditus
302 1940 375 1966 tollat
391 1948 397 1966 :
414 1939 437 1965 ei
462 1942 490 1964 et
514 1937 574 1972 ipse
597 1937 744 1970 assentior,
770 1937 830 1964 illas
847 1937 943 1964 'accu-

156 1986 256 2013 sandas
273 1993 327 2012 non
340 1992 409 2012 esse.
438 1983 504 2010 Nam
524 1987 552 2010 et
566 1987 663 2009 natura
678 1983 758 2010 nobis
782 1983 816 2010 ab
847 1982 944 2017 opilice

157 2033 212 2060 Deo
231 2036 294 2060 sunt
309 2033 484 2067 ingenerata-,
500 2034 526 2057 et
552 2031 578 2057 in
595 2037 676 2057 causa
691 2034 756 2057 sunt
785 2037 834 2056 cur
857 2029 945 2056 homi—

157 2087 222 2106 num
242 2077 494 2113 genusimmnrtale
509 2075 553 2103 sit.
582 2075 674 2110 Itaque
701 2075 747 2110 qui
761 2079 945 2110 temperanter

158 2132 185 2152 et
201 2124 325 2151 modeste
335 2123 388 2150 illis
405 2127 531 2154 utuntur,
552 2129 600 2150 eos
614 2129 696 2149 nemo
709 2129 830 2156 unquam
854 2129 946 2155 repre-

160 2170 322 2198 hensionem
338 2168 436 2196 mereri
460 2167 607 2203 judicavit,
622 2175 674 2195 nec
701 2168 782 2194 morti
815 2172 943 2202 tanquam

770 129 960 161 DEMETRII
978 129 1134 160 CYDONII

1710 127 1782 158 1150

981 187 1107 222 ἡγητέον,
1123 185 1193 214 εἷναί
1211 195 1271 213 τινα
1284 187 1331 214 καὶ
1351 185 1445 213 τούτου
1459 186 1514 217 τοῖς
1531 185 1688 220 ἀνθρώποις
1705 184 1781 217 ὡςέ-

983 233 1068 266 λίιαν,
1085 234 1131 260 τοῦ
1150 234 1199 268 μὲν
1222 233 1335 267 ἀρίστου
1354 233 1441 264 ὄντος,
1457 233 1483 259 εί
1504 240 1544 263 τις
1570 231 1616 257 τὸν
1631 230 1692 265 βῖον
1710 231 1781 257 ἀνα-

985 281 1124 315 μάρτητον
1140 280 1187 307 καὶ
1207 280 1265 315 μετ’
1281 279 1382 314 ἀρετῆς
1405 278 1511 312 διεξίοι,
1536 278 1566 304 οὐ
1583 277 1636 311 μὴν
1661 277 1727 303 οὐδὲ
1749 277 1782 302 τὺ

983 327 1029 352 τον
1044 327 1139 352 ἀνίατα
1155 326 1285 353 νοσοῦντα
1303 327 1362 357 ταῖς
1388 324 1592 360 προσηκούσαις
1617 322 1781 356 ὑπάγεσθαι

984 372 1082 404 δίκαις,
1099 373 1238 408 ἀχρήστου
1257 372 1414 399 παντάπασι
1440 371 1596 405 γινομένου,
1623 370 1692 404 πρὸς
1709 370 1782 402 ὅπερ

983 419 997 444 ὁ
1015 418 1129 449 θάνατος
1148 418 1185 453 τῷ
1210 418 1256 444 τοῦ
1282 418 1382 449 παντὸς
1405 416 1518 452 ἡγεμόνι
1548 416 1596 442 καὶ
1616 413 1783 450 δημιουργῷ

985 466 1111 492 πλεῖστον
1136 465 1333 500 συμδάλλεται,
1359 466 1393 499 τῇ
1419 463 1516 491 ἑαυτοῦ
1544 462 1706 497 δικαιοσύνῃ
1732 462 1784 496 τὴν

984 512 1038 537 τῶν
1065 511 1217 546 ἀνθρώπων
1245 511 1345 537 κακίαν
1369 509 1523 541 κολάζοντι,
1547 508 1594 534 κα)⁸
1619 507 1670 533 οὐκ
1697 507 1784 532 ὲῶντι

985 557 1155 592 πλημμελῶς
1183 557 1229 583 καὶ
1253 557 1379 587 ἀτάκτως
1399 555 1531 591 φέρεσθαι
1556 554 1603 581 τὸν
1623 554 1672 580 ὑπ’
1693 552 1783 579 αὑτοῦ

985 605 1131 639 γενόμενον
1146 605 1258 638 κόσμον,
1276 603 1345 630 ἀλλὰ
1359 605 1391 638 τῇ
1413 602 1560 638 περιουσίᾳ
1574 601 1624 636 τῆς
1640 600 1785 634 haem-

985 651 1104 685 mngft
1120 649 1169 685 τὴν
1188 650 1326 685 ἡμετέραν
1341 649 1440 676 κακίαν
1454 649 1494 680 είς
1510 647 1588 679 τάξιν
1611 646 1785 672 καθιστῶντι

986 699 1018 731 τῇ
1037 700 1157 732 τιμωρίᾳ
1171 705 1177 712 ·
1201 696 1296 731 ὥσπερ
1319 694 1410 730 ίατρδς
1431 695 1530 729 τομαῖς
1557 693 1604 720 καὶ
1625 691 1785 726 καυτῆρσιν

986 744 1035 769 οὐκ
1051 744 1103 769 ἐῶν
1120 743 1166 768 ἐπὶ
1182 743 1235 768 πᾶν
1255 742 1285 767 τὸ
1302 742 1383 775 σῶμα
1399 741 1429 767 τῖ)
1450 740 1568 775 πονηρὸν
1584 738 1674 774 ῥεῦμα
1693 737 1787 772 χυθῆ-

986 798 1041 816 ναι.
1066 788 1119 815 Ὶόῦ
1138 789 1218 815 αὖτοῦ
1242 789 1331 814 τοίνυν
1351 787 1448 822 ἀνδρὸς
1464 787 1524 813 τότε
1544 786 1650 811 δίκαιον
1664 785 1716 810 καὶ
1733 784 1787 817 τὴν

986 836 1064 870 δίκην
1081 835 1215 867 κακίζειν,
1239 835 1287 861 καὶ
1311 833 1358 860 τοῦ
1387 834 1503 860 θανάτου
1526 832 1704 866 κατηγορεῖν,
1733 829 1787 856 τοῦ

986 881 1124 917 ὁρίζοντος
1141 882 1171 907 τι
1185 882 1280 908 κακόν.
1303 881 1334 907 Εἰ
1349 880 1378 907 δὲ
1400 881 1424 906 οἱ
1440 880 1498 910 ταῖς
1514 879 1621 913 ἡδοναῖς
1635 876 1787 903 δουλείον-

987 936 1042 960 τες,
1059 927 1105 953 καὶ
1121 927 1222 960 ταύτης
1235 927 1285 952 οὐκ
1303 927 1367 953 ἄνευ
1381 926 1431 960 τῆς
1444 924 1566 955 δουλείας
1578 923 1705 954 ἑλόμενοι
1721 921 1787 956 ζῇν,

987 974 1049 1005 τοὺς
1071 974 1166 1008 λόγους
1189 975 1226 1009 μὴ
1250 973 1435 1008 ἁποδέχοιντο,
1458 971 1526 997 ἀλλὰ
1544 970 1646 1005 φαῦλον
1670 969 1789 1004 ἡγοῖντο

988 1022 1054 1052 πᾶν,
1072 1020 1086 1046 ὃ
1102 1020 1139 1055 μὴ
1155 1019 1255 1050 ταύτας
1273 1019 1366 1049 αὐτοῖς
1391 1017 1536 1051 προξενεῖ·
1552 1015 1629 1042 οὐδὲν
1644 1015 1661 1049 ἡ
1676 1013 1788 1040 τούτων

989 1067 1080 1102 κρίσις
1093 1066 1123 1092 τό
1135 1073 1167 1100 γε
1190 1065 1289 1100 ἀληῦὲς
1314 1063 1490 1098 παραὸλάψει
1504 1069 1510 1076 ·
1526 1062 1557 1088 οὐ
1575 1061 1630 1095 γὰρ
1643 1060 1695 1095 τὴν
1709 1059 1789 1086 ὲκεί-

989 1122 1042 1139 νων
1065 1112 1179 1148 γνώμην
1194 1110 1296 1146 κυροῦν
1312 1110 1360 1136 νῦν
1378 1111 1445 1144 ἡμῖν
1468 1109 1623 1142 πρὶκειται,
1641 1105 1714 1132 ἀλλὰ
1733 1105 1789 1139 τὴν

988 1158 1128 1194 ἀλήθειαν,
1148 1157 1223 1188 ὅπως
1238 1156 1282 1190 ἐφ’
1298 1157 1396 1190 ἑαυτῆς
1420 1155 1476 1190 ἔχει
1490 1162 1496 1169 ·
1511 1154 1551 1185 τίς
1569 1153 1623 1187 γὰρ
1643 1152 1699 1178 τῶν
1722 1160 1788 1185 κρι-

990 1205 1111 1239 νομένων
1124 1203 1238 1238 γνώμης
1255 1203 1305 1236 τὴν
1319 1201 1409 1236 ψῆφον
1426 1201 1508 1226 ἕλοιτ’
1520 1199 1554 1225 ἂν
1573 1198 1709 1231 ἐνεγκεῖν,
1722 1197 1786 1222 οἱδὶ

990 1250 1050 1277 κατ’
1070 1249 1159 1276 αὐτῶν
1174 1248 1244 1283 ὑπὲρ
1261 1248 1311 1282 τῆς
1327 1247 1416 1281 δίκης,
1428 1246 1526 1281 ἥντινα
1539 1244 1579 1271 δεῖ
1596 1242 1708 1273 τούτους
1724 1241 1788 1268 δοῦ-

990 1305 1034 1322 ναι
1049 1296 1160 1322 σκοπεῖν
1171 1303 1178 1327 ;
1196 1293 1254 1321 ἀλλ’
1264 1293 1384 1328 ἀρκείτω
1395 1292 1426 1318 τὸ
1436 1292 1485 1326 τὴν
1496 1290 1570 1323 ἁπόφ
1577 1297 1649 1315 λνσιν
1664 1288 1787 1322 νόμιμον

990 1340 1072 1368 εἶναι.
1087 1342 1134 1376 Μὴ
1162 1341 1262 1372 τοίνυν,
1278 1339 1340 1374 μηδ’
1351 1339 1442 1373 ἡμεῖς,
1458 1339 1552 1370 ἇσπερ
1563 1338 1591 1363 ὲν
1607 1337 1667 1366 ταῖς
1681 1335 1786 1367 δίκαις,

990 1388 1046 1418 τοῖς
1064 1386 1118 1412 τῶν
1142 1385 1294 1421 φιληδόνων
1320 1385 1499 1419 προσέχωμεν
1524 1383 1663 1417 ὀδυρμοῖς,
1687 1382 1787 1415 ὥσπερ

968 1450 971 1451 ν
991 1433 1136 1467 γυναῖκας,
1152 1432 1169 1468 ἢ
1183 1432 1290 1460 παιδία.
1306 1430 1354 1462 τὰς
1376 1430 1482 1456 ἑαυτῶν
1497 1429 1600 1464 ὀρέξεις
1617 1428 1788 1458 ἀναδίδαξο-

993 1481 1092 1516 μένων,
1107 1480 1154 1505 καὶ
1177 1478 1262 1513 ταύτῃ
1278 1477 1442 1511 διάστροφον
1461 1475 1511 1510 τὴν
1525 1475 1604 1508 δίκην
1623 1473 1788 1507 ἐξαιτουμέ-

991 1536 1045 1553 νων
1060 1525 1123 1560 περὶ
1138 1525 1229 1552 αὐτῶν
1245 1523 1401 1558 ἐνεχοῆναι,
1418 1522 1476 1548 ἀλλ’
1496 1521 1548 1553 ἓως
1562 1521 1595 1547 ἂν
1609 1520 1625 1555 ἢ
1641 1520 1690 1552 τὰς
1706 1521 1787 1554 εἰρη-

994 1574 1076 1607 μένας
1091 1572 1188 1607 ἡδονὰς
1206 1571 1319 1605 ἀγαυὴν,
1337 1571 1352 1606 ἢ
1369 1570 1400 1597 τὸ
1418 1571 1452 1597 τὰ
1467 1569 1557 1604 φαῦλα
1575 1568 1683 1595 κυλύον
1698 1568 1788 1595 κακὸν

991 1616 1073 1649 εἶναι,
1097 1618 1184 1651 δεῖξαι
1205 1617 1243 1653 μὴ
1265 1616 1410 1648 δύνωνται,
1432 1615 1509 1642 οὐδὲν
1533 1613 1614 1650 ἦττον
1636 1615 1703 1648 ἡμῖν
1724 1614 1788 1644 ταῖς

993 1665 1141 1700 προτέραις
1169 1663 1272 1698 ψήφοις
1298 1662 1475 1697 ἐμμενετέον,
1502 1661 1530 1688 αἲ
1560 1662 1617 1692 τοῖς
1638 1660 1713 1687 οὕτω
1735 1659 1789 1695 ζῇν

992 1710 1141 1747 ᾑρημένοις
1160 1709 1263 1744 ἀγαθὸν
1275 1708 1319 1736 τὸν
1335 1708 1452 1736 θάνατον
1469 1708 1678 1735 ἀπεδείκνυσαν.

1293 1800 1421 1827 ΚΕΦΑΛ.
1442 1801 1488 1834 (τι.

1028 1848 1079 1875 Διὰ
1092 1848 1122 1875 δὲ
1141 1847 1190 1880 τὰς
1205 1847 1271 1883 περὶ
1290 1847 1341 1883 τὴν
1358 1847 1465 1882 γένεσιν
1486 1846 1593 1882 ἡδονὰς,
1611 1846 1662 1872 οὐκ
1678 1846 1791 1872 ἐπονει-

993 1893 1101 1924 δίστους
1115 1892 1210 1926 οὔσας,
1225 1894 1252 1920 ετ
1271 1901 1314 1924 τις
1334 1892 1427 1923 κακῶς
1451 1891 1496 1918 τὸν
1514 1891 1631 1917 θάνατον
1644 1891 1734 1925 λέγοι,
1751 1891 1790 1922 ὡς

994 1941 1080 1977 ἄρδην
1095 1940 1143 1967 καὶ
1160 1939 1244 1971 αὑτὰς
1261 1938 1436 1972 ἀναιροῦντα,
1449 1938 1478 1964 τὸ
1495 1938 1545 1972 μὲν
1564 1937 1602 1967 ὡς
1620 1937 1650 1963 οὺ
1667 1938 1721 1972 χρὴ
1739 1945 1791 1963 κα-

994 1987 1123 2023 τηγορεῖν
1150 1986 1275 2017 ἐκείνων,
1296 1984 1370 2019 φημὶ
1394 1985 1440 2011 καὶ
1459 1984 1550 2015 αὑτός.
1575 1983 1658 2009 Φύσει
1683 1991 1712 2009 τε
1732 1983 1790 2017 γὰρ

995 2033 1062 2068 ἡμῖν
1080 2031 1220 2065 ἑγκεινται
1235 2030 1310 2065 παρὰ
1329 2029 1377 2056 τοῦ
1401 2028 1582 2064 δημιουργοῦ,
1603 2028 1650 2055 καὶ
1669 2032 1709 2062 τῷ
1732 2029 1790 2054 τῶν

995 2077 1147 2113 ἀνθρώπων
1177 2076 1250 2111 γένει
1281 2076 1332 2110 τῆς
1361 2076 1514 2110 ἁῖδιότητος
1540 2075 1626 2101 αἴτιαι
1653 2075 1788 2107 γίνονται.

998 2125 1079 2152 Ὥστε
1093 2124 1211 2155 καὶτοὺς
1223 2123 1369 2158 σωφρόνως
1382 2123 1429 2148 καὶ
1443 2121 1560 2157 μετρίως
1575 2121 1668 2150 αὑταῖς
1684 2129 1790 2154 κεχρη-

999 2171 1098 2205 μένους
1113 2170 1201 2201 οὺδεὶς
1218 2168 1322 2195 πώποτ’
1341 2169 1526 2203 ἐπιτιμήσεως
1544 2167 1637 2199 ἀξίους
1653 2167 1788 2202 ἡγήσατο,

158 2217 279 2244 carnifici
304 2217 340 2243 ob
365 2216 470 2242 illarum
499 2215 678 2250 petulantiam
711 2214 855 2242 tradendos
886 2221 939 2241 esst

1001 2217 1238 2251 οὐδ’ἁπεφήνατο,
1264 2216 1321 2243 δεῖν
1347 2215 1446 2246 αὐτοὺς
1472 2214 1511 2249 τῷ
1538 2214 1646 2248 θανάτῳ
1666 2213 1712 2239 διὰ
1740 2213 1789 2246 τὴν

159 2262 356 2298 pronuntiavit.
380 2261 478 2289 Verum
497 2261 728 2296 quemadmodum
745 2269 798 2288 non
818 2260 944 2292 dixerim,

160 2314 273 2336 mortem
291 2308 343 2336 illis
360 2308 459 2335 bonam
478 2315 549 2340 esse,
564 2315 625 2334 cum
643 2307 708 2334 nihil
719 2307 754 2333 sit
781 2306 808 2334 in
822 2313 876 2340 quo
890 2306 947 2340 .dc-

159 2357 294 2390 linquant,
307 2360 334 2382 et
353 2355 388 2382 ob
403 2354 475 2390 quod
501 2358 575 2381 recte
600 2353 633 2380 ab
645 2361 676 2380 ea
693 2353 866 2388 punirentur,
892 2359 947 2386 quo

161 2403 259 2429 tierent
283 2402 411 2428 meliores
436 2402 500 2428 :sic
532 2400 720 2427 allirrnohane
751 2406 785 2426 ne
819 2400 947 2425 damnum

158 2449 270 2484 quidem
289 2449 329 2476 eis
359 2449 433 2480 dare,
457 2447 583 2475 tollendis
609 2455 658 2482 per
680 2446 784 2473 obitum
808 2445 948 2472 concessis

159 2496 353 2530 voluptatibus.
369 2494 436 2521 Nam
452 2493 493 2521 ha:
509 2501 562 2521 non
578 2498 708 2528 tanquam
740 2491 877 2527 peculiare
900 2490 949 2518 bo-

160 2550 223 2569 num
262 2541 417 2569 hominibus
430 2548 444 2566 a
457 2545 554 2566 natura
583 2539 669 2566 insitae
679 2543 752 2570 sunt.
782 2545 872 2572 neqtte
889 2545 950 2572 pro-

159 2595 219 2623 pter
239 2588 326 2623 ipsos,
357 2591 384 2613 ut
401 2587 434 2613 iis
464 2591 592 2620 tauquam
620 2585 672 2615 line
688 2585 759 2612 intra
784 2585 949 2619 semetipsos

162 2634 342 2662 fruerentur:
360 2633 405 2660 sed
429 2640 523 2660 eorum
562 2632 608 2666 qui
634 2636 813 2658 nascerentur
844 2631 950 2658 ratione

162 2681 266 2711 habita,
283 2687 330 2707 eas
341 2679 367 2706 in
384 2679 542 2713 parentibus
556 2677 732 2712 excogitavit.
755 2682 782 2703 ut
800 2677 949 2704 liberorum

163 2727 302 2755 successio
318 2725 424 2752 facilius
445 2726 478 2752 ab
495 2724 652 2751 hominibus
672 2724 870 2758 perﬁceretur:
888 2731 949 2749 cttut

162 2775 288 2807 vuiuptas
300 2773 463 2800 oblivionem
492 2771 690 2800 molestiarum,
718 2777 777 2803 qum
802 2770 951 2803 generatio-

165 2828 227 2847 nem
244 2812 463 2853 cousequuntur,
481 2817 602 2845 inducat.
617 2815 850 2849 Quemadmodum
868 2823 881 2840 a
896 2823 951 2842 mc-

163 2866 233 2894 dicis
247 2865 330 2892 etiam
354 2864 433 2904 a-gris
461 2863 550 2890 fucum
569 2863 625 2890 iieri
647 2862 786 2892 ridemus.
818 2866 844 2887 et
863 2861 951 2888 dulcia

999 2261 1089 2295 ὖὸριν,
1115 2259 1210 2295 ὥσπερ
1239 2259 1293 2286 τινὶ
1318 2258 1450 2293 κολαστῇ,
1477 2258 1685 2293 παραδίδοσθαι.
1714 2256 1789 2291 Πλὴν

997 2307 1094 2342 ὥςπερ
1111 2308 1161 2333 οὐκ
1176 2306 1279 2341 ἀγαθὸν
1301 2306 1394 2336 αὐτοῖς
1415 2304 1519 2338 εἴποιμ’
1535 2304 1569 2330 ἃν
1588 2301 1658 2329 εἶναι
1677 2303 1723 2328 τὶν
1740 2303 1790 2328 ῦὸ.-

998 2363 1090 2387 νατον,
1106 2353 1213 2384 οὐδενὸς
1232 2352 1319 2385 ὄντος,
1340 2352 1353 2377 δ
1376 2350 1606 2386 παραϐαίνοντες,
1629 2350 1744 2380 εἰκότως
1757 2349 1791 2375 ἂν

999 2401 1045 2427 ὑπ’
1072 2399 1155 2426 αὑτοῦ
1186 2399 1308 2434 βελτίους
1332 2398 1456 2432 γένοιντο
1482 2397 1678 2431 κολαζόμενον
1704 2395 1793 2426 οὕτως

999 2445 1061 2472 οὐδὲ
1085 2445 1188 2479 ζημίας
1212 2444 1305 2475 αὐτοῖς
1327 2442 1414 2469 αἴτιον
1442 2441 1535 2468 τοῦτον
1557 2439 1630 2467 εἷναί
1652 2449 1736 2475 φημι,
1757 2442 1791 2475 τῇ

1000 2491 1111 2526 τελευτῇ
1130 2491 1179 2522 τὰς
1209 2480 1356 2525 ἐφειμένης
1378 2489 1475 2524 ἡδονὰς
1503 2487 1689 2522 ἀναιροῦντα·
1711 2483 1795 2513 αὗται

1000 2540 1056 2573 γὰρ
1076 2539 1130 2569 τοῖς
1153 2537 1319 2572 ἀνθρώποις,
1342 2536 1392 2570 οὐχ
1409 2534 1448 2566 ὡς
1473 2534 1539 2561 ῐδιον
1562 2533 1652 2560 αὐτῶν
1679 2533 1794 2567 ἀγαθὸν,

1000 2585 1055 2612 οὐδ’
1069 2584 1158 2610 αὐτῶν
1176 2583 1269 2610 εἵνεκα
1287 2583 1362 2616 παρὰ
1379 2582 1429 2616 τῆς
1451 2581 1560 2615 φύσεως
1579 2580 1687 2611 τούτοις
1710 2581 1797 2613 ἐγκα-

1001 2631 1188 2666 τῳκίσοησαν,
1205 2630 1248 2656 ἵνα
1269 2629 1300 2664 δὴ
1319 2629 1432 2659 τούτων,
1450 2628 1544 2661 ὥσπερ
1561 2627 1666 2659 τέλους,
1687 2627 1716 2652 ὲν
1731 2626 1797 2652 ἑαυ-

1003 2680 1059 2710 τοῖς
1075 2677 1253 2704 ἀπολαύοιεν
1273 2676 1342 2703 ἀλλὰ
1369 2675 1423 2701 τῶν
1445 2674 1639 2709 γενησομένων
1657 2681 1796 2708 προνοου-

1006 2725 1086 2761 μένη,
1108 2724 1211 2754 ταύτας
1235 2723 1265 2749 ἐν
1286 2723 1344 2754 τοῖς
1368 2721 1494 2755 γονεῦσιν
1516 2719 1727 2754 ἐμηχανήσατο,
1751 2719 1795 2745 ἵνα

1005 2771 1070 2806 ῥᾷον
1092 2771 1148 2801 τοῖς
1175 2769 1330 2802 ἀνθρώποις
1358 2767 1392 2794 τὰ
1423 2767 1487 2802 περὶ
1507 2767 1556 2801 τὴν
1586 2766 1714 2800 διαδοχὴν
1740 2765 1796 2792 τῶν

1004 2817 1108 2842 τέκνων
1123 2815 1250 2849 ἀνύηται.
1270 2814 1321 2848 τῆς
1337 2813 1434 2848 ἡδονῆς
1450 2812 1536 2847 λήϐην
1553 2811 1724 2845 ἐμποιούσης
1739 2811 1794 2836 τῶν

1006 2862 1203 2896 παρεπομένων
1219 2859 1359 2895 δυσχερῶν
1372 2860 1403 2895 τῇ
1418 2858 1523 2892 γενέσει
1537 2865 1542 2871 ·
1558 2856 1653 2891 ὥσπερ
1669 2857 1714 2884 καὶ
1732 2858 1796 2890 τοὺς
