1915 3094
124 193 131 197 ”
174 183 241 218 1191

172 244 316 278 λουθῆσαι.
335 243 415 270 Ἀλλὰ
431 242 484 278 μὴν
497 242 528 269 τὸ
544 243 632 275 καλῶς
649 244 751 271 συστὰν
768 244 843 270 λύειν
854 244 954 271 ἐθέλειν

1010 243 1139 271 credibile
1168 244 1214 276 sit,

172 291 203 317 οὺ
220 289 314 321 καλοῦ,
331 289 413 324 σοφός
427 297 468 320 τις
483 288 547 324 ἔφη,
571 290 636 324 περὶ
651 289 696 316 τοῦ
715 290 818 325 κόσμου
833 290 956 324 διαλεγό-

174 344 266 370 μινος.
281 336 371 369 Χωρὶς
389 335 417 361 δὲ
431 335 533 361 τούτων
547 336 594 362 καὶ
608 335 658 370 τὴν
673 335 753 369 φύσει
768 337 816 362 καὶ
835 337 958 362 mtuo-tci-

172 390 223 416 την
238 380 386 415 ἐπιθυμίαν
399 381 450 406 οὐκ
471 380 560 407 ἔνεστι
576 380 665 415 μάτην
678 379 760 408 εἶναι.
777 382 830 407 Καὶ
852 382 958 416 τεκμή-

175 434 243 461 ριον,
257 427 298 453 ὅτι
315 425 371 452 τῶν
384 425 522 452 ἀδυνάτων
533 425 622 457 οὐδεὶς
639 426 745 452 πώποτ’
767 426 886 461 ἠράσθη.
909 427 957 458 Τίς

173 473 228 507 γὰρ
244 471 353 498 πώποτε
378 471 485 506 φρονῶν
507 472 614 506 πτερῶν
631 471 818 506 ἐπεθύμησεν,
843 472 858 506 ἢ
887 471 957 504 ὑπὲρ

173 519 221 548 τὰς
249 516 363 550 νεφέλας
391 517 519 551 ἀρθῆναι,
537 517 552 551 ἢ
578 517 621 542 διὰ
639 517 781 550 κυμάτων,
797 517 833 547 ὡς
849 517 882 543 δι’
896 516 957 543 ἐδά-

173 571 251 596 φους.
269 563 448 598 περιπατεῖν;
474 562 491 589 ἃ
516 563 567 588 κᾶν
583 571 625 593 τις
642 562 708 597 ὄναρ
740 562 800 588 ίδὼν
816 562 955 596 διηγῆται,

174 607 310 641 γελῶμεν.
330 607 411 634 Ἀλλὰ
426 608 479 633 τῶν
495 608 616 635 δυνατῶν
636 608 716 641 μόνον
735 607 855 642 δρεξινὴ
875 607 955 643 φύσις

173 654 316 687 ἐνέθηκεν.
344 652 498 688 Τοιγαροῦν
527 649 557 679 οὗ
582 652 663 687 φύσει
694 652 795 683 πάντες
822 652 954 686 ἐφίενται,

172 698 252 724 τοῦτο
268 701 314 724 καὶ
327 699 402 734 παρὰ
414 699 464 733 τῆς
486 699 594 732 φύσεως
610 699 657 725 καὶ
688 698 777 732 μάτην
796 695 868 724 εἶναι
891 696 956 724 ἁδύ-

172 751 265 771 νατον.
285 744 366 771 Ἀλλὰ
384 743 438 779 μὴν
449 744 478 770 ὲν
493 745 526 778 τῇ
543 743 589 770 τοῦ
606 744 650 771 ἀεὶ
661 742 731 770 εἶναι
744 745 876 780 ἐπιθυμία
888 745 956 771 πάν-

171 794 218 818 τες
229 787 435 821 συμόαινουσιν.
445 785 550 814 οὐκοῦν
559 788 666 822 ἀνάγκη
679 787 759 814 τοῦτο
774 788 822 814 καὶ
833 788 954 821 ἔσεσθαι,

172 833 219 858 καὶ
232 833 281 867 τὴν
295 833 335 867 τῷ
355 833 398 859 ἀεὶ
427 833 613 868 συνεχομένην
640 833 728 868 ψυχὴν
750 833 883 861 ἀδύνατον
905 834 954 869 τῆς

171 875 256 911 εὐχῆς
280 876 426 911 ἁμαρτεῖν.

715 186 764 217 DE
784 186 1012 218 CONTEMNEN
1018 187 1066 216 DA
1089 185 1232 216 MORTE.

1729 184 1797 218 1193

1254 244 1413 271 ostendunt.
1430 244 1507 277 Quod
1524 245 1547 272 si
1575 243 1716 280 probabile
1743 251 1795 276 est.

1009 289 1118 316 initium
1136 289 1302 324 respondere
1319 290 1374 321 lini.
1397 297 1570 324 consequens
1582 290 1664 317 etiam
1684 294 1735 324 est,
1766 291 1792 318 id

1008 336 1081 370 quod
1097 336 1182 362 solius
1203 335 1250 362 Dei
1280 335 1419 363 voluntate
1437 336 1541 370 absque
1559 337 1673 363 materia
1704 342 1794 364 ortum

1008 385 1060 412 est,
1076 381 1160 407 solius
1175 381 1256 407 etiam
1279 379 1324 407 Dei
1343 381 1481 407 voluntate
1502 381 1688 408 interiturum.
1713 381 1794 416 Atqui

1008 426 1033 452 id
1049 426 1116 452 velle
1133 426 1248 457 solvere,
1260 426 1332 460 quod
1351 427 1420 453 bene
1447 428 1628 461 compositum
1655 431 1708 459 est,
1739 435 1794 454 non

1008 479 1067 497 esse
1092 471 1168 504 boni,
1189 471 1298 505 quidatn
1319 472 1436 506 sapiens,
1454 479 1514 499 cum
1541 473 1574 499 de
1591 473 1692 499 mundo
1709 473 1798 500 disse-

1008 521 1089 547 reret.
1112 517 1189 544 dixit.
1207 518 1341 544 Praeterea
1357 518 1414 544 lieri
1436 526 1489 544 non
1507 524 1605 553 potest,
1621 524 1650 545 ut
1667 519 1796 546 naturalis

1008 567 1034 588 et
1046 563 1270 590 communissinta
1284 563 1415 598 appetitio
1429 563 1528 590 frustra
1547 565 1582 591 sit
1598 565 1696 591 indita.
1715 564 1796 599 Ejus-

1007 615 1060 642 que
1077 607 1114 634 rei
1130 613 1321 640 argumentum
1331 614 1382 642 est,
1397 609 1460 644 quia
1491 617 1572 636 nemo
1606 618 1724 645 unquam
1753 618 1796 643 ea,

1007 660 1066 687 quae
1083 653 1139 680 fieri
1161 661 1214 680 non
1239 658 1363 688 possunt,
1384 654 1528 689 appetit'i'.
1554 655 1620 687 Quis
1642 656 1715 682 enim
1747 663 1799 682 un-

1006 706 1086 732 quam
1118 699 1217 725 mentis
1244 706 1366 733 compos,
1388 700 1502 734 cupidus
1527 699 1577 727 luit
1603 701 1726 727 alarum?
1751 706 1798 728 aut

1006 751 1087 778 supra
1101 745 1190 772 nubes
1204 752 1234 772 se
1250 745 1328 771 tolli?
1342 750 1389 773 aut
1412 754 1461 781 per
1477 745 1574 774 ﬂuctus
1597 751 1724 782 tanquatn
1748 755 1798 782 per

1005 789 1091 816 solum
1107 790 1266 817 ambulare?
1277 799 1338 825 qua
1355 791 1376 818 si
1392 792 1454 826 quis
1470 792 1511 820 vel
1531 793 1558 820 in
1571 800 1669 821 somno
1690 799 1795 821 tantum

1007 835 1064 862 visa
1078 836 1205 868 narrarit,
1222 836 1355 864 ridemus.
1383 837 1450 864 Nam
1482 846 1578 866 eorum
1603 844 1709 866 tantum
1735 848 1795 874 qua:

1005 881 1163 917 contingere
1179 887 1304 917 possunt,
1324 888 1421 911 natura
1451 886 1602 919 appetitum
1620 886 1728 913 indidit.
1742 886 1797 913 ιω.

171 930 224 957 que
239 923 310 958 quod
326 924 395 950 duce
406 931 502 951 omnes
517 929 615 952 natura
635 929 777 960 appetunt,
803 924 829 952 id
863 929 894 952 ut
927 931 1021 954 contra
1051 932 1176 954 naturam
1195 932 1223 955 et
1242 929 1342 956 frustra
1359 930 1404 962 sit,
1420 929 1478 957 lieri
1500 939 1553 958 non
1576 936 1678 966 potest.
1696 931 1796 959 Verum

171 969 198 996 in
222 970 410 1004 perpetuitatis
438 971 600 1005 cupiditates
645 979 741 999 omnes
769 971 957 1000 consentiunt.
996 973 1114 1001 Necesse
1139 974 1222 1010 igitur
1242 980 1296 1008 est,
1319 981 1376 1003 tum
1410 976 1460 1003 hoc
1489 977 1611 1005 futurum
1638 985 1709 1009 esse.
1737 983 1795 1006 tum

172 1017 229 1045 ﬁeri
245 1025 298 1045 non
318 1026 409 1054 posse,
424 1024 454 1046 ut
468 1018 577 1047 animus
591 1027 652 1047 cum
677 1020 830 1048 aeternitate
842 1020 1016 1056 coniunctus,
1033 1026 1096 1049 voto
1111 1021 1269 1051 frustretur.

463 1067 588 1094 ΚΕΦΔΛ.
609 1067 667 1101 IG'.

206 1112 264 1139 οὑκ
281 1112 335 1148 ἄρα
359 1112 424 1139 νοῦν
440 1114 557 1149 ἐχόντων
574 1114 605 1141 τὸ
630 1115 696 1150 περὶ
719 1117 753 1151 τῇ
782 1115 855 1152 ψυχῇ
872 1115 953 1142 τινῶν

171 1158 242 1189 δέος,
261 1159 297 1193 μὴ
317 1161 386 1193 μετὰ
398 1159 445 1186 τοῦ
458 1160 585 1193 σώματος
602 1161 783 1196 ἀπολλύνλται,
803 1163 849 1188 καὶ
861 1162 952 1188 οὐκέτι

170 1205 290 1240 οὐδαμοῦ
368 1206 406 1233 Οὐ
433 1207 488 1241 γὰρ
514 1207 594 1241 μόνον
618 1207 734 1239 σώζεται
760 1208 951 1243 φθειρομένου,

171 1251 239 1278 ἀλλὰ
256 1252 290 1278 τὰ
303 1253 403 1286 ἑαυτῆς
419 1253 550 1287 πράττειν
572 1253 704 1288 καθαρῶς
726 1254 774 1289 οὐχ
797 1255 841 1281 οἶα
860 1263 903 1287 τε,
921 1255 953 1281 ἂν

174 1297 212 1332 μὴ
229 1297 282 1324 τῶν
296 1299 372 1333 παρὰ
392 1299 439 1326 τοῦ
460 1299 587 1334 σώματος
610 1300 781 1334 κωλυμάτων
796 1301 951 1336 ἀπαλλαγῇ.

172 1342 208 1367 Te
224 1342 277 1375 γὰρ
290 1344 410 1376 φρονεῖν,
423 1343 471 1369 καὶ
485 1344 567 1375 νοεῖν,
579 1343 626 1370 καὶ
646 1345 701 1375 τοῖς
716 1344 799 1376 θείοις
816 1345 863 1371 καὶ
880 1346 952 1371 ἀσω-

173 1387 269 1421 μάτοις
289 1388 484 1421 συνάπτεσθαι,
499 1388 514 1415 ὅ
537 1389 569 1423 δὴ
586 1389 657 1416 κατὰ
675 1391 758 1424 φύσιν
779 1390 853 1426 πάσῃ
867 1390 952 1426 ψυχῇ,

172 1434 219 1459 καὶ
235 1432 303 1467 πρὸς
320 1433 334 1459 ὃ
351 1433 442 1466 πάνθ’,
455 1434 474 1460 ἃ.
496 1434 613 1469 λέγομεν
631 1437 677 1462 καὶ
691 1436 885 1470 διανοούμεθα,
898 1438 953 1463 τεί-

171 1487 222 1510 νει,
240 1479 276 1510 ὡς
292 1479 324 1505 ἂν
338 1479 392 1505 τῶν
411 1480 438 1505 ἐν
456 1480 522 1514 ἡμῖν
541 1480 654 1514 ἄριστον
675 1481 705 1507 ὃν
730 1482 777 1508 καὶ
795 1482 952 1508 θειότατονο

171 1523 251 1550 τοῦτο
269 1524 407 1556 παντελῶς
420 1525 516 1559 φεύγει
536 1525 580 1560 τὴν
593 1525 640 1552 τοῦ
654 1525 780 1560 σώματος
797 1527 952 1559 κοινωνίαν,

173 1569 220 1595 καὶ
238 1570 322 1604 μόνης
337 1569 427 1604 ψυχῆς
452 1569 533 1604 ἔργον
547 1571 615 1604 ἐστὶ,
646 1571 776 1606 καθαρῶς
799 1572 886 1606 αὐτὴν
900 1573 954 1599 ἀπὸ

173 1614 222 1640 τοῦ
236 1615 361 1649 σώματος
376 1615 443 1648 πρὸς
453 1615 552 1650 ἑαυτὴν
564 1616 611 1642 καὶ
622 1616 656 1642 τὰ
670 1617 754 1651 νοητὰ
770 1618 952 1651 συναγούσης,

174 1659 205 1685 Εἰ
218 1660 272 1693 γάρ
288 1667 352 1686 nou
379 1661 425 1687 καὶ
442 1661 503 1692 ταῖς
527 1661 672 1695 αἰσθήσεσι
692 1661 804 1696 χρῆται,
827 1662 955 1688 κάκεῖθεν

174 1705 242 1740 αὖτῇ
260 1705 327 1740 πρὸς
346 1705 376 1731 τὸ
398 1707 470 1732 νοεῖν
493 1706 614 1740 γίνονται
635 1707 708 1738 τινες
735 1707 869 1741 ἀφορμαὶ,
897 1707 954 1734 ἀλλ’

1311 1071 1426 1100 CAPUT
1457 1071 1527 1100 XVI.

1042 1114 1214 1151 Quapropter
1226 1124 1282 1144 non
1303 1117 1479 1145 cordatorum
1497 1117 1637 1145 hominum
1651 1123 1704 1150 est,
1728 1125 1796 1153 quo-

1007 1162 1130 1188 rumdam
1146 1162 1181 1189 de
1193 1163 1285 1190 animo
1310 1171 1406 1198 angor,
1433 1172 1468 1191 ne
1494 1164 1564 1191 forte
1596 1172 1658 1192 cum
1679 1171 1796 1199 corpore

1006 1207 1211 1241 exstinguatur.
1225 1213 1253 1234 et
1272 1216 1384 1243 usquam
1401 1217 1461 1236 esse
1485 1209 1602 1237 desinat.
1634 1210 1693 1237 Non
1723 1210 1796 1237 enim

1007 1251 1151 1279 incolumis
1167 1258 1283 1285 tantum,
1304 1254 1350 1280 illo
1376 1259 1520 1288 pereunte,
1552 1259 1654 1287 manet,
1675 1255 1722 1282 sed
1746 1263 1796 1282 suo

1007 1305 1119 1324 munere
1133 1303 1206 1325 recte
1219 1298 1292 1332 fungi
1307 1307 1361 1325 non
1384 1305 1483 1334 potest,
1502 1300 1554 1327 nisi
1577 1300 1719 1334 corporeis
1742 1301 1796 1327 im-

1007 1343 1171 1377 pedimentis
1183 1344 1322 1371 liberetur.
1342 1343 1407 1371 Nam
1422 1353 1528 1380 sapere,
1540 1350 1566 1372 ct
1580 1345 1741 1381 intelligere,
1770 1351 1797 1372 et

1006 1396 1068 1415 cum
1084 1389 1182 1416 divinis
1197 1389 1420 1424 incorporeisque
1435 1390 1564 1425 conjungi
1577 1391 1615 1424 (id
1630 1393 1701 1425 qttod
1730 1399 1793 1418 cum

1007 1433 1126 1468 cujusvis
1138 1434 1222 1461 animi
1237 1439 1331 1461 natura
1353 1436 1494 1468 convenit,
1511 1441 1537 1463 et
1553 1443 1608 1470 qtto
1620 1440 1717 1464 cuncta
1735 1444 1796 1470 quae

1007 1479 1133 1512 dicimus,
1157 1485 1185 1507 et
1202 1481 1363 1516 cogitamus,
1386 1483 1512 1515 tendunt,
1530 1487 1559 1509 ut
1586 1484 1659 1516 quod
1689 1491 1795 1515 torum,

1007 1533 1067 1560 qure
1082 1525 1109 1552 in
1127 1525 1204 1552 nobis
1215 1532 1287 1558 sunt,
1313 1527 1446 1561 optimum
1467 1528 1502 1555 sit
1522 1535 1554 1555 ac
1567 1518 1796 1562 ιίίνίιιίεέὶιιιιιιιι).

1007 1570 1033 1597 id
1049 1571 1160 1598 omnino
1173 1573 1295 1606 corporis
1322 1573 1484 1600 societatem
1515 1574 1630 1608 respuit,
1657 1580 1683 1601 et
1711 1574 1796 1602 solius

1008 1615 1104 1645 animi.
1122 1623 1150 1642 sc
1172 1609 1250 1650 plane
1261 1625 1275 1642 ιι
1291 1624 1418 1652 corpore,
1433 1618 1466 1646 ad
1483 1626 1556 1651 sese,
1571 1623 1599 1646 ct
1615 1627 1658 1647 res
1673 1627 1733 1653 qua:
1758 1620 1797 1647 in-

1008 1661 1155 1696 telligentia
1190 1663 1463 1696 comprehenduntur
1504 1665 1666 1700 colligenlis,
1697 1673 1797 1693 muntts

1007 1710 1059 1732 est.
1090 1705 1144 1732 Etsi
1163 1707 1235 1733 enim
1260 1707 1406 1741 aliquando
1436 1708 1517 1736 etiam
1545 1709 1672 1736 sensibus
1697 1710 1795 1742 utitur,

173 1751 312 1786 ἀρχομένη
329 1751 376 1777 τοῦ
401 1752 572 1786 πράγματος,
592 1753 639 1779 καὶ
667 1750 724 1779 οἷον
751 1753 952 1788 ἁμαθαίνουσα,

1007 1755 1087 1785 atque
1107 1750 1170 1778 inde
1186 1752 1343 1779 occasiones
1354 1753 1485 1787 quasdam
1501 1755 1669 1789 intelligendi
1683 1756 1767 1782 sumit
1786 1765 1793 1781 :

174 1797 230 1829 καὶ,
242 1797 272 1823 τὸ
285 1797 431 1833 λεγόμενον
446 1798 478 1833 δὴ
489 1798 578 1830 τοῦτο,
592 1799 641 1833 τὴν
656 1799 769 1834 πρώτην
782 1799 822 1826 ἔτι
835 1800 956 1835 φέρουσα

173 1842 266 1877 τρίχα,
283 1842 371 1877 τούτῳ
385 1843 422 1878 τῷ
435 1844 529 1879 τροπῳ
543 1844 591 1879 τῆς
605 1844 751 1879 μαθήσεως
766 1845 877 1880 χρῆται.
892 1846 956 1872 Ὠσ-

174 1888 258 1922 περοί
277 1888 314 1922 τῷ
329 1887 457 1923 ψηλαφᾷν
473 1889 526 1915 τῶν
543 1890 716 1924 πραγμάτων
734 1891 879 1925 τυγχάνειν
897 1899 957 1917 πει-

175 1932 306 1967 ρώμενοι,
321 1934 384 1960 ὅταν
401 1934 462 1968 δζνις
476 1935 568 1966 αὐτοῖς
581 1935 612 1961 οὺ
630 1937 718 1970 παρῇ·
733 1936 803 1962 οὕτω
820 1936 867 1963 καὶ
881 1936 956 1971 ψυχὴ

174 1978 238 2014 ἄρτι
253 1978 299 2005 διὰ
315 1979 450 2012 γενέσεως
464 1980 504 2011 είς
519 1981 568 2015 τὴν
585 1979 658 2014 ζωὴν
675 1981 822 2016 παριοῦσα,
844 1983 890 2009 καὶ
909 1982 956 2008 τὸν

173 2024 313 2058 ὀφθαλμὸν
326 2025 410 2059 αὐτῆς
427 2025 511 2060 πολλῇ
524 2027 557 2060 τῇ
579 2026 656 2061 παρὰ
677 2027 724 2053 τοῦ
740 2026 867 2061 σώματος
876 2027 956 2062 ἀχλΰι

175 2068 382 2103 καλυπτόμενον
397 2068 508 2103 ἔχουσα,
525 2070 572 2095 καὶ
585 2067 640 2096 οἷον
656 2069 736 2104 βαθεῖ
750 2070 828 2106 κάρῳ
854 2079 956 2105 κεκρα-

174 2114 303 2149 τημένον,
322 2114 406 2141 δεῖται
428 2115 483 2142 τῶν
495 2116 658 2150 αίσθήσεων,
679 2117 707 2143 αἳ
732 2118 846 2152 ταύτην,
862 2118 956 2154 ὥσπερ

173 2159 378 2194 καθεύδουσαν,
400 2161 617 2196 ἀφυπνίζουσιν·
639 2163 684 2196 ὑφ’
700 2160 738 2190 ὦν
769 2164 819 2198 τὴν
843 2165 956 2199 πρώτην

177 2206 334 2241 κινηθεῖσα,
363 2207 411 2234 καὶ
428 2208 530 2242 ἑαυτὴν
559 2208 734 2242 ἀνεγείρασα,
752 2210 802 2236 οὐκ
829 2210 868 2237 ἔτι
895 2213 956 2242 ταῖς

173 2253 334 2289 αἰσθήσεσιν
359 2254 388 2280 ἐν
403 2254 464 2284 ταῖς
482 2254 532 2288 τῆς
553 2254 682 2290 ἀληθείας
700 2255 830 2291 ζητήσεσι
845 2256 954 2291 χρῆται.

176 2300 285 2327 Μᾶλλον
303 2300 353 2336 μὲν
380 2298 428 2327 οὖν
455 2301 501 2327 καὶ
523 2301 639 2333 ταύταις
659 2302 744 2329 ἐνίοτε
760 2302 810 2337 τῆς
836 2303 956 2338 ἀμαθίας

175 2347 300 2381 ἐπιτιμᾷ,
313 2347 377 2372 ὅταν
394 2346 424 2373 τὸ
437 2346 551 2378 ταύταις
570 2346 733 2381 φαινόμενον
748 2347 794 2373 καὶ
813 2347 882 2383 αὐτῇ
899 2355 957 2374 συν-

175 2391 263 2417 δοκεῖν
279 2391 481 2425 ἀναγκάζωσιν,
498 2392 593 2428 ὥσπερ
608 2393 633 2419 οἱ
653 2393 707 2419 τῶν
725 2393 953 2428 διαγραμμάτων,
971 2407 993 2434 D

174 2436 239 2462 ὅταν
255 2436 394 2471 ἄρχωνται
424 2437 584 2472 μανθάνειν,
599 2437 731 2472 δεόμενοι,
757 2438 826 2473 μετὰ
851 2438 880 2464 δὲ
905 2439 955 2474 τὴν

175 2482 331 2516 ἐπιστήμην
340 2483 379 2513 εἰς
392 2483 462 2509 αὐτὰ
474 2483 555 2510 πάλιν
567 2483 748 2517 ὑποστρέφειν
765 2483 953 2515 ἀπαξιοῦντες.

175 2527 253 2554 Οὕτω
273 2527 305 2562 δὴ
323 2527 369 2554 καὶ
392 2527 465 2563 ψυχῇ
481 2529 511 2554 ὲν
528 2529 633 2564 σώματι
655 2529 704 2564 μὲν
724 2529 763 2555 ἔτ’
784 2529 852 2566 οὔσῃ
877 2530 953 2557 οὐδὲν

174 2573 288 2604 ἀπεικὸς
304 2574 352 2600 καὶ
379 2573 429 2605 τὰς
455 2574 597 2609 αἰσθήσεις
622 2575 687 2609 περὶ
705 2575 759 2601 τῶν
780 2575 954 2610 μαθημάτων

175 2619 331 2654 ἐπερωτᾷν·
356 2618 469 2655 λυθείσῃ
484 2619 523 2651 δὲ,
541 2620 611 2647 αὐτὰ
635 2621 669 2647 τὰ
698 2621 780 2656 νοητὰ
795 2621 829 2648 δι’
850 2622 953 2648 ἑαυτῶν

175 2666 296 2700 παρόντα
311 2665 360 2701 τὴν
375 2665 428 2692 τῶν
444 2665 597 2700 αἰσθήσεων
616 2667 711 2702 χρείαν
736 2667 787 2694 οὐκ
802 2667 954 2701 ἀναγκαίαν

174 2712 264 2738 ποιεῖ·
285 2712 333 2739 in
350 2711 527 2746 φανερώτατα
551 2714 584 2747 τῇ
601 2712 706 2739 ἑαυτῶν
719 2714 785 2741 ὂντα
801 2714 892 2748 φύσει,
908 2714 955 2741 καὶ

173 2757 220 2784 τὸν
234 2757 284 2791 τῆς
295 2757 384 2792 ψυχῆς
403 2757 542 2792 ὀφθαλμδν
559 2758 592 2784 δι’
612 2759 717 2786 ἑαυτῶν
731 2759 952 2794 περιλάμποντα,

171 2801 338 2835 οίςσυνοῦσα
354 2803 485 2839 τρέφεταί
497 2811 526 2830 τε
538 2804 584 2830 καὶ
595 2804 710 2830 ιύπαθεῖ
722 2805 772 2839 τὴν
786 2806 853 2840 αὐτῇ
870 2814 954 2842 προσ-

172 2849 294 2884 ήκουσαν
310 2848 416 2884 τροφὴν
443 2848 491 2875 καὶ
506 2848 657 2875 εὐπάθειαν
669 2856 675 2863 '
726 2850 775 2880 τὰς
793 2851 953 2884 σωματικὰς

171 2894 279 2929 ἡδονὰς,
298 2894 325 2920 rt
339 2900 381 2924 τις
407 2893 594 2928 παραϐάλλειν
613 2892 711 2928 ἐθέλοι,
729 2894 826 2920 εἴδωλα
847 2895 952 2928 μᾶλλον

1008 1802 1096 1823 tamen
1114 1796 1138 1824 id
1159 1797 1185 1823 in
1203 1796 1240 1823 rei
1264 1797 1388 1832 auspicio
1416 1798 1550 1826 duntaxat
1578 1798 1652 1831 facit,
1679 1805 1705 1827 et
1731 1800 1795 1827 dum

1007 1843 1081 1870 velut
1098 1843 1225 1871 indoctus
1239 1848 1290 1874 cst,
1309 1848 1336 1870 ct
1348 1843 1373 1870 in
1389 1843 1484 1876 dubio,
1501 1852 1532 1870 ac
1552 1844 1633 1878 paulo
1654 1851 1794 1873 momento

1007 1889 1062 1916 huc
1080 1889 1143 1916 illuc
1158 1888 1317 1923 impellitur,
1346 1889 1397 1915 hac
1417 1889 1503 1915 utitur
1522 1889 1644 1916 discendi
1667 1891 1771 1918 ratione
1787 1900 1792 1916 :

1007 1934 1234 1970 quemadmodum
1253 1934 1270 1961 ii
1281 1934 1326 1969 qui
1346 1934 1483 1969 palpando
1494 1943 1537 1962 res
1552 1942 1612 1962 asse
1623 1936 1660 1970 tui
1672 1937 1793 1967 student.

1007 1982 1065 2008 visu
1080 1980 1215 2008 destituti.
1231 1980 1276 2007 Sic
1292 1980 1400 2007 anitmts
1416 1989 1536 2015 quoque,
1552 1981 1635 2008 vitam
1651 1982 1730 2009 modo
1746 1991 1795 2016 per

1007 2026 1176 2054 nativitatem
1206 2027 1355 2064 ingressus,
1395 2027 1562 2061 oculutnque
1587 2035 1667 2054 suum
1697 2035 1793 2063 magna

1007 2071 1130 2106 corporis
1145 2071 1260 2107 caligine
1276 2075 1377 2098 tectum
1407 2071 1523 2102 habens,
1547 2080 1579 2099 ac
1605 2071 1739 2106 profundo
1752 2080 1796 2099 so-

1007 2124 1252 2152 poreoppressum,
1265 2116 1391 2144 sensibus
1413 2116 1527 2151 indiget,
1564 2117 1611 2151 qui
1638 2124 1701 2144 eum
1730 2123 1789 2144 tan-

1007 2169 1088 2196 quam
1105 2169 1121 2188 ο
1137 2169 1235 2189 somno
1249 2161 1380 2188 escitcnt.
1410 2161 1431 2187 A
1453 2161 1553 2196 quibus
1568 2162 1704 2197 principio
1717 2170 1793 2190 com-

1008 2212 1097 2234 motus
1111 2211 1139 2234 et
1153 2206 1367 2242 expergefactus,
1382 2207 1510 2234 sensibus
1526 2207 1552 2234 in
1576 2207 1701 2235 veritatis
1715 2208 1794 2235 inda-

1008 2255 1114 2290 gatione
1134 2255 1171 2280 uti
1188 2253 1299 2281 desinit.
1324 2254 1396 2286 Quin
1417 2254 1507 2288 potius
1527 2262 1574 2281 eos
1588 2255 1622 2282 ob
1658 2255 1793 2283 inscitiam

1008 2300 1153 2335 aliquando
1163 2300 1295 2334 increpat,
1314 2307 1375 2326 cum
1395 2305 1504 2335 cegunt,
1533 2301 1597 2327 utin
1618 2301 1644 2328 id
1675 2309 1796 2329 consen-

1009 2349 1066 2379 tiat,
1086 2346 1158 2380 quod
1168 2345 1218 2380 ipsi
1236 2345 1329 2372 volunt
1345 2353 1353 2372 :
1371 2347 1597 2381 quemadmodum
1613 2347 1657 2379 iis,
1687 2349 1733 2382 qui
1752 2347 1794 2375 dt—

1008 2399 1085 2419 scere
1103 2391 1247 2426 incipiunt,
1265 2396 1339 2418 certa
1362 2392 1479 2426 quadam
1495 2392 1630 2420 lim-arum
1641 2394 1794 2421 conforma-

1008 2438 1082 2465 tione
1097 2444 1165 2472 npus
1181 2441 1221 2464 est
1236 2445 1243 2463 :
1256 2442 1318 2472 post
1348 2443 1453 2472 partam
1470 2442 1569 2471 autem
1598 2439 1741 2467 scientiam
1759 2441 1794 2467 ad

1009 2491 1057 2511 eas
1086 2484 1185 2510 reverti
1200 2486 1340 2510 recusant.
1355 2482 1402 2510 Sic
1414 2483 1536 2510 animum
1556 2484 1650 2517 etiam,
1669 2485 1733 2512 dum
1747 2485 1794 2512 ad-

1007 2529 1060 2556 huc
1076 2528 1102 2556 in
1118 2535 1233 2562 corpore
1251 2532 1304 2559 est,
1332 2528 1401 2555 nihil
1417 2528 1528 2556 absurdi
1556 2535 1599 2557 cst
1626 2538 1723 2557 sensus
1759 2531 1793 2556 de

1007 2574 1130 2602 scientiis
1142 2574 1308 2608 percontari.
1335 2573 1404 2600 Cum
1420 2580 1510 2602 autem
1536 2575 1559 2602 is
1574 2584 1588 2601 a
1609 2582 1726 2610 corpore
1746 2582 1792 2602 so-

1007 2619 1080 2646 lutus
1096 2619 1186 2651 luerit,
1209 2624 1265 2646 tum
1301 2626 1345 2646 res
1364 2627 1424 2654 qua:
1443 2621 1494 2647 sub
1516 2620 1723 2655 intelligentiam
1746 2628 1792 2648 εει-

1007 2666 1083 2696 dunt,
1099 2673 1161 2692 cum
1183 2672 1232 2700 per
1247 2672 1308 2692 sese
1345 2665 1446 2697 adsint,
1468 2673 1546 2692 usum
1574 2672 1705 2692 sensuum
1733 2673 1790 2692 non

1005 2712 1173 2744 desiderant,
1192 2711 1295 2746 quippe
1313 2719 1373 2746 quae
1388 2719 1436 2738 sua
1468 2715 1564 2738 natura
1584 2711 1790 2738 dilucidissimtu

1005 2761 1080 2788 sunt.
1098 2761 1126 2784 et
1141 2756 1224 2783 animi
1239 2757 1347 2783 oculum
1365 2763 1413 2790 per
1429 2763 1490 2783 sese
1508 2756 1657 2788 illustrant,
1671 2764 1787 2791 quarunt

1005 2803 1150 2839 praesentia
1166 2806 1193 2829 et
1208 2801 1289 2828 alitur
1304 2801 1500 2833 etdelectatur,
1516 2801 1578 2828 cibo
1597 2802 1788 2836 suavitateque

1006 2850 1058 2877 sibi
1078 2848 1258 2876 conveniente
1276 2856 1282 2873 :
1300 2847 1343 2874 cui
1358 2847 1379 2874 si
1398 2847 1459 2881 quis
1471 2854 1618 2881 corporeae
1633 2847 1787 2882 voluptats

1005 2902 1165 2929 comparare
1197 2893 1272 2926 velit,
1304 2892 1449 2920 simulacra
1481 2892 1573 2927 potius
1616 2896 1786 2928 voluptatum
