1915 3094
130 140 197 176 1133

680 140 728 170 DE
749 138 1031 170 CONTE\iNE.\'DA
1052 137 1192 171 lilOllTE.

1682 140 1751 173 1194,

126 201 171 226 τὸν
189 198 306 231 σποπδν,
324 197 400 234 παρὰ
413 193 442 224 δὲ
457 196 504 225 τοῦ
525 196 648 231 τοξότου,
661 196 705 231 ἐφ’
718 197 788 232 ὅπερ
799 196 910 231 ἐνεχθῆ-

972 196 1170 224 :onvenientem
1191 197 1323 231 incitare;
1341 196 1398 232 ipsa
1418 206 1483 226 vero
1496 199 1631 227 nullarum
1657 207 1720 227 reru
1734 207 1749 226 ,ι

127 253 171 272 ναι
185 245 334 280 προσῆκον,
352 244 488 271 ἰθύνεται·
508 243 554 270 καὶ
571 243 621 269 οὐκ
638 243 670 269 ἂν
685 243 820 274 εῐποιτις,
836 242 909 273 τινὸς

127 290 157 317 τὺ
180 290 256 325 βέλος
280 289 471 324 στοχάζεσθαι,
497 288 559 315 οὐδὲ
587 287 698 322 γνῶσιν,
721 287 739 323 ἢ
768 287 908 322 βούλησιν,

128 336 199 372 ἔχειν
212 335 259 362 τοῦ
275 336 379 367 τέλους.
397 335 477 362 Οὕτω
493 335 564 361 κατὰ
576 334 655 368 λόγον
671 334 720 369 μὲν
735 333 809 360 ποιεῖ
817 333 864 360 καὶ
876 332 910 358 τὰ

128 382 196 414 ζῶα,
212 378 250 408 ὦν
261 382 353 416 μέντοι
368 382 451 414 ποιεί,
466 381 537 408 αὐτὰ
550 381 600 416 μὲν
612 381 663 415 τὴν
678 380 768 406 αιτιαν
779 379 828 406 οὐκ
837 377 891 406 οἶδε
901 386 908 394 ·

129 429 246 455 κινεῖται
262 427 302 460 δὲ,
325 427 373 454 καὶ
396 427 428 462 δὴ
449 426 580 461 τυγχάνει
606 425 684 461 παρὰ
708 425 755 452 τοῦ
769 425 804 451 τὰ
820 425 910 452 πάντα

129 475 229 505 alii/21:0;
247 474 382 509 ἀγόμενα.
407 473 463 499 Καὶ
490 472 586 499 τούτου
610 472 762 507 τεκμήριον
774 472 804 498 τὸ
819 471 910 506 μόνοις

129 520 246 551 ἐκείνοις
264 520 427 554 ἐπιχειρεῖν.
450 518 468 546 ἃ
485 518 552 553 πρὸς
566 521 616 553 τὴν
628 511 753 553 ἀνάγκην
771 517 820 544 τοῦ
838 514 910 544 εἶναι

130 565 327 600 συμόἀλλεται,
342 565 499 600 περαιτέρω
510 564 538 591 δέ
550 572 622 595 τινος
640 563 700 599 μηδ’
713 563 848 591 ἅπτεσθαι
860 563 911 598 τὴν

128 610 226 645 ἀρχήν.
247 611 278 637 Et
293 611 346 645 γάρ
357 618 416 637 τινα
431 609 511 644 λόγον
525 609 572 636 καὶ
596 609 706 644 θέλησιν
728 608 822 639 αὐτοῖς
836 604 910 642 εἶχεν

130 656 147 691 ἠ
164 655 266 690 δρεξις,
279 655 416 690 ἔπραττον
431 655 463 681 ἂν
478 663 506 681 τι
533 654 581 681 καὶ
605 654 654 689 τῆς
676 654 800 688 ἀνάγκης
819 653 909 686 ἐκτὸς,

129 701 163 735 τῇ
190 700 254 735 περὶ
271 700 360 726 πάντα
377 699 491 734 δυνάμει
511 698 557 725 τοῦ
582 698 662 732 λόγου
690 698 908 734 προσχρώμενα·

130 745 195 779 ὂσγε
208 745 264 771 τῶν
281 745 410 771 ἐναντίων
427 744 474 771 καὶ
486 744 636 778 γνωστικός
653 744 722 776 ἐστι,
737 744 785 770 καὶ
801 743 912 779 ﬂvunt-

131 778 188 823 κός.
216 792 253 818 UO
271 791 362 817 τοίνυν
377 791 442 818 ἀλλο
466 800 493 818 τι
518 790 573 817 τῶν
603 791 679 825 παρὰ
696 789 741 816 τὸν
766 778 912 823 ἆνθρωπὸν

132 837 210 869 ζώων
231 837 322 872 ψυχὴν
343 838 455 872 λογικὴν
481 837 553 872 ἔχειν
568 836 755 871 ὑποληπτέον·
776 835 835 862 ἀλλ’
852 835 911 862 ἐστι

131 883 211 933 mirio
225 885 310 918 μόνης
325 884 375 918 τῆς
390 883 565 919 ἀνθρωπίνης
580 882 690 918 φύσεως
705 882 782 908 τδιον.

937 255 944 259 -
959 249 1058 270 causas
1073 242 1234 277 intelligere.
1248 243 1315 270 Nam
1329 247 1357 271 et
1370 244 1467 280 sagitta
1476 252 1536 272 cum
1558 249 1658 272 metam
1673 245 1750 279 igno-

961 293 1010 321 ret,
1027 295 1042 315 a
1053 287 1195 323 sagittario
1214 288 1350 324 dirigitur,
1365 296 1418 324 quo
1439 297 1499 317 eam
1514 290 1578 318 l'erri
1606 292 1750 318 convenit.

959 332 1052 368 Neque
1062 341 1127 361 vero
1138 334 1279 369 quisquam
1294 334 1404 365 dixerit.
1420 335 1542 370 jaculutn
1567 335 1671 370 aliquid
1699 335 1752 362 ha-

961 379 1024 406 bere
1044 379 1184 414 propositi,
1200 385 1246 408 aut
1272 379 1448 415 cognitiOnis,
1471 386 1518 408 aut
1545 381 1607 408 linis
1632 381 1750 416 alicujus

960 425 1147 459 cupiditatem.
1161 425 1206 453 Sic
1215 425 1296 453 etiam
1316 426 1445 454 animalia
1472 427 1606 454 rationem
1626 426 1652 453 in
1669 435 1751 461 agen-

960 469 996 497 do
1023 475 1187 504 sequuntur,
1219 471 1266 498 sed
1293 479 1388 498 eorum
1414 479 1476 506 quae
1506 471 1610 498 faciunt
1638 480 1750 499 causam

960 515 1096 551 ignorant.
1112 515 1256 543 Moventur
1277 521 1367 543 autem
1380 522 1405 544 et
1418 517 1556 544 ducuntur
1581 517 1615 544 ab
1637 524 1680 550 eo,
1703 519 1750 552 qui

961 561 1014 588 scit
1026 562 1126 588 omnia.
1143 562 1233 596 Atque
1251 563 1329 590 istius
1342 564 1380 590 rei
1395 569 1588 597 argumentum
1608 569 1662 596 est,
1676 565 1749 598 quod

961 613 993 634 ea
1010 607 1067 633 sola
1079 608 1284 642 aggrediuntur,
1307 617 1368 643 quae
1385 609 1417 636 ad
1436 614 1540 636 natura:
1559 611 1749 637 conservatio-

961 659 1022 679 nem
1039 652 1201 680 conferunt:
1222 654 1371 688 quidquam
1399 658 1490 681 autem
1510 655 1590 687 ultra,
1617 662 1651 681 ne
1665 654 1750 681 attin-

962 702 1029 732 gunt
1049 697 1170 732 quidem.
1183 697 1251 725 Nam
1267 699 1289 726 si
1303 707 1397 727 eorum
1411 700 1540 735 appetitio
1551 700 1652 735 aliquid
1669 700 1752 727 ratio-

962 743 1005 770 nis
1015 747 1060 770 aut
1075 743 1220 772 voluntatis
1234 744 1357 776 haberet,
1375 746 1458 772 etiam
1476 750 1550 773 extra
1562 746 1752 773 necessitatem

962 789 1063 823 aliquid
1075 794 1195 825 agerent,
1207 791 1240 817 ad
1253 791 1343 818 omnia
1356 792 1467 818 rationis
1477 791 1602 818 facultate
1619 791 1753 823 adhibita,

962 843 1023 869 quae
1040 836 1176 863 contraria
1191 842 1219 864 et
1231 837 1398 872 ltllt-lligendi
1413 841 1440 864 et
1452 837 1612 872 perﬁciendi
1630 837 1684 864 vim
1706 837 1755 864 ha-

929 874 1021 909 Bhel.
1049 882 1118 917 Ergo
1137 883 1240 910 nullum
1261 883 1334 910 aliud
1367 883 1467 923 animal
1492 887 1591 918 pra-ter
1616 882 1753 910 hominem

132 929 252 958 animum
271 931 466 967 intelligentem
484 931 585 958 habere
611 930 820 958 existimandum
839 933 899 961 est;
919 929 966 957 sed
986 929 1009 957 is
1025 930 1160 965 peculiare
1179 931 1307 966 quiddam
1328 931 1411 958 solius
1432 931 1557 958 humana:
1572 935 1676 958 natura:
1700 936 1752 960 est.

426 977 553 1004 ΚΕΦΑΛ.
569 977 618 1004 1Δ⁷.

173 1024 333 1059 Ἄνθρωπος
346 1023 435 1050 τοίνυν
456 1024 505 1058 οὐχ
521 1023 614 1054 ἁπλῶς
630 1023 683 1049 τῶν
705 1022 830 1057 αἰσθήσει
847 1022 917 1057 μόνῃ

134 1069 244 1102 ζώντων
257 1070 327 1101 ἐστὶ,
344 1070 412 1104 πρὸς
429 1070 504 1096 οὐδὲν
519 1069 659 1104 nimo-Ap
682 1069 769 1104 αὐτὴν
785 1068 916 1103 πεφυκὼς

134 1116 285 1142 διαϐαίνειν
297 1123 305 1131 ·
318 1116 375 1143 ἀλλ’
392 1115 448 1151 ἔχει
465 1115 516 1150 μὲν
530 1115 668 1150 αἴσθησιν,
686 1115 732 1142 καὶ
747 1114 834 1150 ταύτῃ
843 1113 917 1140 πόλλ’

135 1162 193 1196 ἔχει
221 1162 288 1197 πρὸς
305 1162 388 1189 τᾶλλα
415 1162 473 1194 ζῶα
492 1161 569 1189 κοινά.
581 1169 590 1176 ⁸
606 1161 621 1189 δ
646 1161 668 1188 δ’
683 1161 765 1188 αὑτὸν
786 1160 917 1195 καθαρῶς

135 1208 279 1243 ἄνθρωπον
293 1209 365 1234 ποιεῖ
375 1208 423 1243 (1),
438 1209 485 1234 καὶ
504 1207 558 1234 τῶν
573 1207 675 1234 λοιπῶν
689 1207 800 1242 διαιρεῖ,
811 1207 825 1232 ό
839 1205 918 1240 λόγος

136 1256 195 1281 ἐστὶ
222 1255 270 1281 καὶ
286 1255 307 1281 ό
325 1253 398 1286 νοῦς,
418 1253 514 1290 ὥσπερ
534 1263 577 1286 τις
596 1253 708 1289 ἡγεμὼν
732 1254 761 1279 ἑν
786 1252 918 1288 μετεώρῳ

138 1301 304 1335 καθήμενος,
332 1299 465 1332 καὶπρὸς
490 1298 585 1325 ἑαυτὸν
612 1299 659 1325 καὶ
683 1298 715 1324 τὰ
731 1296 828 1324 ἑαυτοῦ
849 1297 919 1322 πᾶσι

135 1347 193 1377 τοῖς
208 1347 273 1381 περὶ
287 1346 332 1372 τὸν
357 1345 500 1381 ἄνθρωπον
522 1345 674 1381 χρώμενος,
696 1344 734 1375 ὡς
753 1345 785 1369 iv
799 1343 827 1369 ιν
842 1342 919 1376 οἰκίᾳ.

136 1389 282 1424 δεσπότης,
315 1389 385 1424 πρὸς
401 1389 430 1415 δν
460 1388 549 1415 πάντα
567 1388 708 1420 τέτακται,
735 1386 783 1414 καὶ
806 1386 841 1413 τὰ
864 1386 919 1412 τῶν

138 1435 230 1466 υἱέων,
249 1435 295 1462 καὶ
305 1435 340 1461 τὰ
355 1435 409 1461 τῶν
423 1434 536 1461 δούλων.
549 1433 670 1469 Δογικὴν
692 1433 783 1460 τοίνυν
797 1432 844 1458 καὶ
859 1440 918 1458 νοεο

139 1482 188 1517 ρὰν
204 1481 285 1515 φύσιν
300 1482 378 1516 παρὰ
391 1479 438 1507 τοῦ
451 1479 620 1515 δημιουργοῦ
633 1479 756 1506 λαϐοῦσα
781 1479 798 1514 ἡ
816 1478 922 1513 ἀνθρω-

138 1528 203 1561 πίνη
219 1527 304 1562 ψυχὴ,
322 1527 403 1561 σῶμα
427 1526 477 1561 μὲν
492 1526 541 1552 οὐκ
570 1525 603 1553 ἂν
626 1526 681 1560 εἰη.
710 1523 781 1553 Οὔτε
807 1525 861 1559 γὰρ
887 1524 920 1550 ἂν

138 1573 207 1607 αὑτὴ
221 1573 252 1598 te
269 1573 348 1607 σῶμα
366 1571 482 1607 πρώτως
507 1571 605 1602 ἐκίνει,
631 1570 688 1598 οὔτ’
710 1571 744 1597 ἂν
771 1571 870 1606 ιχώρει
885 1571 920 1597 δι’

1265 977 1379 1005 CAPUT
1409 977 1480 1006 XlV.

1003 1022 1096 1058 Itaque
1106 1023 1195 1059 ;homo
1210 1030 1265 1051 non
1281 1032 1313 1051 ex
1341 1032 1433 1051 eorum
1450 1031 1565 1051 numero
1589 1024 1755 1059 simpliciter

967 1074 1019 1102 est,
1035 1077 1095 1104 qua:
1119 1070 1178 1097 solo
1194 1077 1278 1098 sensu
1310 1068 1405 1097 vivunt
1425 1077 1431 1096 :
1456 1077 1544 1104 neque
1570 1070 1629 1105 ejus
1657 1074 1700 1098 est
1721 1077 1754 1097 ea

967 1116 1097 1148 conditio;
1117 1121 1147 1143 ut
1166 1117 1199 1144 ad
1216 1116 1284 1144 nihil
1300 1117 1414 1144 ulterius
1443 1118 1560 1144 transire
1576 1125 1623 1152 pos
1641 1117 1671 1150 it,
1705 1117 1754 1144 Sed

967 1167 994 1190 et
1020 1170 1130 1190 sensum
1147 1163 1244 1194 habet,
1257 1167 1293 1195 et,
1306 1162 1377 1197 quod
1402 1163 1435 1190 ad
1454 1163 1527 1190 hunc
1540 1163 1649 1194 attinet.
1670 1164 1754 1190 multa

969 1216 1031 1236 cum
1043 1209 1148 1236 caeteris
1165 1209 1352 1236 animantibus
1369 1208 1536 1235 communia.
1565 1208 1642 1241 Quod
1660 1214 1752 1236 autent

968 1261 1030 1282 eum
1042 1253 1120 1288 plane
1131 1253 1212 1281 faciat
1227 1253 1376 1285 hominem,
1389 1261 1420 1280 ac
1435 1262 1448 1279 a
1467 1253 1579 1288 reliquis
1593 1253 1750 1289 distinguat,

968 1300 1100 1331 ratioest,
1118 1305 1144 1327 et
1159 1307 1246 1332 mens,
1281 1299 1366 1326 instar
1400 1299 1529 1334 principis
1557 1299 1584 1326 in
1617 1299 1754 1334 superiori

969 1346 1030 1374 loco
1041 1346 1149 1379 sedens,
1163 1350 1219 1373 tum
1231 1345 1264 1372 ad
1280 1353 1320 1378 se.
1343 1350 1399 1373 tum
1415 1345 1448 1373 ad
1465 1353 1545 1372 suum
1566 1353 1644 1372 usum
1656 1350 1755 1373 cuncta

969 1391 1088 1420 humana
1115 1392 1326 1420 accommodans
1342 1400 1348 1418 :
1361 1397 1488 1426 tanquam
1503 1391 1630 1418 dominus
1644 1391 1756 1426 adium,

970 1439 1004 1466 ad
1018 1446 1098 1474 queat
1110 1443 1138 1466 et
1152 1438 1199 1465 lilii
1213 1442 1240 1465 et
1253 1445 1335 1470 servt,
1348 1445 1442 1464 omnes
1463 1437 1587 1465 actioaes
1598 1445 1662 1465 suas
1687 1437 1757 1465 refe-

971 1489 1044 1512 runt.
1062 1484 1203 1511 Humanus
1214 1484 1298 1518 igitur
1320 1483 1439 1515 animus,
1463 1488 1560 1511 natura
1589 1483 1715 1511 rationali
1731 1488 1758 1511 et

971 1529 1134 1565 intelligenti
1155 1529 1190 1556 ab
1215 1528 1312 1564 opiliee
1334 1528 1389 1555 Deo
1413 1533 1534 1562 accepta,
1572 1536 1672 1564 corpus
1702 1536 1757 1556 non

976 1575 1040 1603 erit.
1058 1575 1185 1609 Alioquin
1196 1574 1270 1602 enim
1287 1580 1338 1600 nec
1351 1574 1409 1608 ipse
1427 1581 1527 1609 corpus
1549 1574 1682 1609 praecipue
1700 1581 1761 1602 mo-

138 1620 200 1646 δλου
222 1619 317 1645 τούτου
330 1626 336 1632 ·
360 1617 418 1645 ἀλλ’
435 1616 468 1653 ἧν
488 1617 522 1644 ἂν
546 1617 617 1644 κατὰ
637 1617 701 1648 τοὺς
720 1617 760 1648 εἰς
786 1615 919 1651 ἀλλήλους

973 1625 1059 1653 veret,
1077 1628 1128 1647 nec
1145 1620 1172 1647 id
1190 1624 1276 1646 totum
1307 1622 1460 1654 penetraret
1473 1627 1480 1651 ;
1493 1619 1540 1645 sed
1570 1620 1670 1646 ineSset
1696 1625 1760 1646 cor-

139 1666 358 1701 ἑμϐαλὶομένους
377 1664 485 1697 κάδους,
503 1664 602 1691 ἐνοῦσα
624 1663 663 1698 τῷ
682 1663 800 1698 σώματι,
821 1661 921 1697 καὶτῷ

141 1712 179 1747 μὴ
192 1711 236 1737 διὰ
255 1710 355 1740 παντὸς
370 1709 532 1736 διικνεῖσθαι
549 1708 634 1735 πολλὰ
649 1707 703 1734 τῶν
719 1707 766 1733 τοῦ
783 1706 921 1741 σώματος,

141 1759 189 1784 καὶ
205 1757 325 1792 μάλιστα
337 1756 368 1782 τὸ
391 1755 443 1788 ἔξω
456 1755 520 1787 πᾶν,
538 1753 569 1787 ἐξ
581 1755 704 1789 ἀνάγκης
719 1753 824 1788 ἄψυχον
834 1760 924 1780 -κατα-

140 1804 282 1831 λείπουσι.
296 1801 351 1830 'llv
373 1802 396 1829 δ’
422 1801 456 1828 ἂν
473 1802 522 1828 καὶ
539 1800 656 1836 μέγεθος
666 1800 700 1835 τῇ
714 1799 787 1834 ψυχῇ
805 1798 876 1825 κατὰ
889 1798 924 1824 τὰ

142 1850 278 1885 σωμάτων
296 1848 411 1884 μεγέθη,
425 1848 495 1875 ὥστε
513 1845 581 1873 εἶναι
605 1846 695 1880 λέγειν
713 1847 760 1872 καὶ
772 1846 827 1872 τοῖν
840 1844 924 1871 Αἰάν-

140 1904 199 1922 τοιν
227 1895 274 1921 τὸν
292 1894 342 1929 μὲν
358 1893 536 1928 Τελαμώνιον
558 1892 680 1927 μείζονα,
705 1891 752 1917 τὸν
766 1890 793 1917 δὲ
819 1890 924 1925 Λοκρὸν

142 1941 274 1968 ἐλάττονα
294 1939 383 1975 ψυχὴν
399 1941 573 1974 περιφέρειν,
591 1939 638 1964 καὶ
659 1938 712 1972 μὴν
729 1936 775 1963 καὶ
791 1935 925 1970 τεμνομέ-

143 1996 190 2013 νου
206 1987 254 2013 τοῦ
272 1986 399 2020 σώματος
415 1986 540 2020 μετεῖχεν
554 1984 588 2010 ἂν
609 1983 722 2016 κάκείνη
737 1983 784 2009 τοῦ
809 1982 923 2014 πάθουε,

142 2034 210 2060 ἀλλὰ
224 2033 272 2059 καὶ
290 2033 344 2058 τῶν
359 2033 388 2058 ἐν
405 2032 473 2066 αὐτῇ
487 2031 639 2065 γινομένων
656 2029 735 2056 εἱδῶν
758 2027 792 2065 ἦν
812 2029 844 2055 ἂν
859 2028 926 2055 ἕκα-

145 2088 207 2106 στον
223 2079 269 2104 ἐπὶ
286 2079 396 2113 μέρους·
415 2078 528 2104 τοιαῦτα
541 2078 595 2111 γὰρ
610 2077 645 2103 τὰ
659 2077 687 2103 ἐν
703 2076 754 2112 ὓλῃ
770 2076 817 2103 καὶ
833 2075 927 2109 σώμα-

145 2134 198 2152 σιν.
215 2125 291 2152 Ὥστ*
309 2124 387 2151 οὐδὲν
402 2123 436 2150 ἃν
457 2123 508 2158 ᾔδη
525 2122 653 2154 καθόλου,
670 2121 727 2148 ἀλλ*
742 2119 815 2156 εἶχεν
830 2120 864 2147 ἂν
877 2119 927 2154 μό-

144 2180 189 2198 νον
205 2171 344 2205 αῑσθησιν,
355 2167 393 2196 ῶν
408 2168 454 2196 νῦν
467 2169 633 2203 ἐπιστήμην.
647 2167 740 2197 Οὕτως
751 2167 766 2193 ό
779 2166 829 2201 τὴν
838 2165 926 2200 ψυχὴν

145 2218 227 2251 σῶμα
240 2216 326 2247 τιθεὶς
341 2216 418 2249 λόγος
435 2214 542 2246 πολλοῖς
555 2213 668 2244 ἀτόποις
690 2213 826 2247 ἐνέχεται.
847 2211 927 2237 Ἀλλὰ

147 2263 200 2297 μὴν
215 2261 359 2295 ἀσώμαιον
377 2259 470 2293 οὖσαν,
488 2261 535 2287 καὶ
552 2259 708 2294 κρατοῦσαν
723 2257 772 2284 τοῦ
787 2257 925 2292 σώματος,

145 2310 193 2335 καὶ
207 2309 286 2334 τοῦτο
299 2307 372 2334 κατὰ
387 2307 418 2333 τὸ
439 2305 536 2333 δοκοῦν
552 2305 742 2340 κυδερνῶσαν,
758 2305 800 2335 τίς
817 2303 926 2338 μηχανὴ

147 2354 186 2388 μὴ
201 2351 249 2379 καὶ
264 2353 380 2379 θανάτου
401 2352 520 2387 κρείττω
542 2351 590 2377 καὶ
605 2351 709 2386 φθορᾶς
730 2349 816 2384 αὐτὴν
832 2348 926 2374 ὑποτί-

147 2399 258 2432 eadem;
276 2399 314 2424 'll
327 2407 357 2424 τε
373 2399 427 2433 γὰρ
439 2398 511 2425 κατὰ
525 2396 572 2423 τοῦ
587 2397 712 2431 σώματος
729 2395 812 2430 ἀρχή,
835 2393 881 2421 καί
896 2400 927 2419 τε

147 2444 230 2471 δῦσαν
245 2445 284 2475 εἰς
295 2444 362 2471 αὑτὺ
380 2443 418 2479 μὴ
433 2443 572 2474 παντελῶς
588 2441 780 2478 βεσαπτίσθαι,
795 2439 853 2467 ἀλλ’
865 2437 930 2465 ἀνέ-

148 2497 217 2523 χειν,
245 2490 291 2514 καὶ
305 2487 335 2513 τδ
367 2487 418 2521 μὲν
444 2488 534 2521 σῶμα,
551 2486 686 2522 χωρισθὲν
708 2486 828 2520 ἐκείνης,
846 2483 929 2519 μηδὶν

146 2531 277 2558 δύνασθαι
303 2531 434 2566 πράττειν
449 2550 456 2563 ,
479 2531 564 2564 αὐτὴν
582 2530 610 2555 δὲ
634 2530 706 2556 κατὰ
729 2530 778 2560 τὰς
796 2529 929 2564 μεγίστας

147 2578 193 2604 χιι
221 2578 390 2611 σεμνοτάτας
414 2576 556 2610 ἐνεργείας
584 2576 632 2602 καὶ
654 2575 738 2609 ἑαυτῇ
769 2575 929 2609 συμφύτους

147 2623 195 2649 τοῦ
217 2622 341 2656 σώματος
364 2621 473 2655 καὶτῆς
498 2621 604 2646 ἐκεῖθεν
619 2619 753 2654 φλυαρίας
767 2618 925 2650 παντελῶς,

147 2667 333 2703 ἀπηλλάχθαι,
364 2667 514 2702 τεκμήριον
543 2666 656 2701 ἐναργὲς
681 2663 753 2692 εῐναι
782 2665 843 2691 τινὰ
867 2664 930 2691 καθ’

149 2714 249 2747 ἑαυτὴν
277 2713 328 2747 τῆς
346 2711 435 2746 ψυχῆς
453 2711 558 2743 οὐσίαν,
583 2711 695 2737 ἀνενδεᾶ
713 2710 764 2746 μὲν
788 2710 930 2745 σώματος,

148 2759 300 2793 δυναμένην
317 2758 345 2784 δι
359 2757 401 2790 ἐφ’
417 2757 516 2791 ἑαυτῆς
535 2765 580 2782 και
591 2755 673 2789 εἶναι,
692 2756 738 2782 καὶ
752 2758 862 2791 μένειν·
880 2757 931 2783 καὶ

150 2805 263 2840 προσέτι
280 2804 414 2840 πράττειν
425 2804 459 2829 τὰ
471 2803 569 2837 ἑαυτῆς
582 2801 707 2829 τοσοῦτον
721 2801 883 2838 τελεώτερόν
893 2811 924 2829 τε

179 2861 216 2892 (ι)
233 2860 292 2886 Cod.
304 2860 366 2890 Reg.
380 2858 446 2889 1215,
461 2858 572 2882 δείκνυσι.
587 2857 653 2882 Eutr.

292 2903 425 2932 Parum.
451 2902 497 2931 lin
524 2896 620 2940 CLIV.

973 1668 1044 1703 pori,
1064 1665 1292 1702 quemadmodum
1317 1672 1380 1692 vasa
1407 1672 1524 1700 quorum
1555 1665 1607 1693 alia
1623 1665 1686 1692 aliis
1717 1665 1759 1692 in-

973 1713 1129 1740 cluduntur.
1150 1711 1182 1738 Et
1195 1711 1258 1746 quia
1276 1718 1324 1746 per
1336 1715 1421 1737 totum
1437 1709 1587 1745 pervadere
1615 1718 1669 1737 non
1695 1718 1760 1745 pos-

975 1763 1027 1790 set,
1042 1758 1142 1785 multas
1155 1756 1277 1791 corporis
1296 1760 1400 1791 partes,
1430 1756 1580 1791 prtesertim
1608 1756 1761 1783 exteriores

975 1812 1081 1836 omnes,
1094 1803 1250 1831 necessario
1272 1802 1407 1830 inanimas
1438 1802 1618 1836 relinqueret.
1645 1802 1761 1830 Ilaberet

975 1850 1056 1877 etiarn
1073 1847 1286 1884 magnitudinem
1312 1855 1362 1882 pro
1395 1854 1541 1881 corporum
1565 1846 1760 1881 magnitudine.

978 1896 1055 1925 Unde
1075 1895 1128 1922 dici
1144 1899 1236 1929 posset
1253 1895 1324 1921 inter
1346 1893 1415 1920 duos
1433 1893 1542 1928 Ajaces,
1567 1891 1761 1919 Telamonium

977 1943 1119 1978 majorem,
1141 1941 1304 1968 Locrensem
1326 1947 1392 1967 vero
1423 1940 1556 1966 minorem
1571 1939 1690 1965 anitnum
1706 1938 1761 1965 cir-

977 1987 1122 2015 cumferre.
1147 1987 1234 2020 Atque
1249 1985 1330 2012 etiam
1342 1992 1404 2012 cum
1419 1991 1520 2018 corpus
1547 1988 1698 2014 secaretur,
1718 1983 1764 2010 ille

977 2032 1059 2060 etiam
1069 2030 1128 2065 ejus
1138 2029 1301 2057 calamitatis
1316 2033 1388 2056 esset
1402 2028 1549 2063 particeps.
1560 2027 1694 2055 Praeterea
1706 2029 1764 2055 sin—

977 2078 1047 2114 gulae
1057 2077 1150 2112 quaain
1161 2084 1194 2104 co
1205 2075 1381 2103 continentur
1389 2075 1505 2110 species,
1517 2074 1656 2101 individua
1666 2073 1764 2100 futura:

978 2127 1080 2154 essent,
1098 2122 1162 2149 talia
1178 2121 1252 2148 enim
1278 2121 1304 2148 in
1322 2121 1434 2147 materia
1464 2125 1492 2147 et
1509 2120 1670 2154 corporibus
1687 2124 1762 2146 sunt.

979 2171 1072 2206 Itaque
1106 2167 1176 2196 nihil
1195 2167 1351 2195 universale
1371 2166 1476 2194 sciret:
1495 2166 1542 2193 sed
1563 2172 1674 2192 sensum
1693 2165 1763 2192 dun-

981 2221 1053 2244 taxat
1066 2216 1190 2247 haberet,
1209 2213 1254 2241 ubi
1278 2221 1352 2239 nunc
1367 2212 1524 2239 scientiam.
1553 2211 1599 2238 Sic
1621 2219 1680 2246 qua:
1693 2212 1764 2238 ratio

980 2263 1100 2291 animum
1122 2268 1221 2296 corpus
1233 2267 1293 2287 esse
1304 2259 1409 2290 statuit,
1440 2257 1466 2284 in
1495 2257 1593 2284 multas
1605 2257 1700 2284 incidit
1716 2259 1765 2284 ab-

980 2302 1137 2332 surditates.
1149 2301 1294 2327 Enimvero
1305 2299 1349 2332 qui
1365 2298 1420 2325 licri
1438 2303 1537 2333 potest,
1548 2306 1609 2325 cum
1624 2299 1660 2325 sit
1678 2300 1767 2325 incor-

981 2355 1091 2384 poreus,
1111 2351 1138 2373 et
1163 2344 1272 2379 corpori
1294 2344 1419 2378 imperet,
1441 2343 1522 2378 idque
1556 2343 1690 2370 arbitratu
1715 2351 1766 2370 suo

980 2392 1124 2429 gubernet,
1140 2394 1168 2417 ut
1184 2397 1247 2416 eum
1264 2388 1363 2423 aliquis
1386 2393 1413 2414 et
1441 2393 1528 2415 morte
1549 2388 1764 2422 praestantiorem

979 2443 1052 2468 esse,
1076 2439 1103 2462 et
1111 2442 1164 2462 non
1180 2434 1294 2460 interire
1310 2432 1411 2467 neget?
1436 2432 1502 2459 Nam
1517 2432 1599 2459 animi
1615 2432 1643 2459 in
1667 2440 1766 2467 corpus

979 2481 1134 2515 imperium,
1149 2483 1231 2513 atque
1246 2477 1309 2504 illud
1324 2477 1418 2510 etiam,
1443 2477 1516 2511 qunti
1543 2484 1642 2510 corpus
1658 2477 1766 2511 ingres-

978 2533 1036 2557 sus,
1051 2529 1105 2552 non
1121 2524 1233 2551 omnino
1252 2523 1432 2558 immergitur,
1447 2522 1495 2549 sed
1512 2522 1627 2553 eminet,
1651 2527 1679 2549 et
1694 2524 1764 2556 ιμιυιι

978 2578 1078 2605 corpus
1094 2571 1127 2597 ab
1146 2577 1179 2596 eo
1191 2573 1347 2603 separatum
1372 2568 1440 2595 nihil
1470 2568 1560 2595 facere
1584 2572 1683 2602 potest,
1707 2567 1766 2600 ipse

979 2625 1043 2644 vero
1060 2616 1171 2642 omnino
1186 2622 1200 2641 a
1215 2621 1343 2648 corpore,
1371 2618 1399 2640 et
1417 2614 1498 2648 nugis
1516 2620 1575 2648 quae
1597 2613 1662 2640 inde
1673 2613 1766 2639 oriun-

980 2669 1034 2693 tur.
1047 2666 1197 2696 separatus,
1216 2660 1242 2687 in
1256 2660 1388 2687 maximas
1410 2666 1438 2686 et
1453 2659 1628 2695 gravissimas
1643 2663 1763 2684 contem-

978 2708 1122 2744 plationes,
1141 2711 1169 2734 et
1179 2706 1232 2733 sibi
1252 2710 1382 2740 cognatas
1400 2705 1505 2733 recedit
1527 2714 1535 2732 :
1551 2704 1665 2732 evidens
1681 2711 1765 2738 argu-

979 2759 1099 2781 tnentnm
1122 2757 1175 2783 est,
1209 2751 1291 2777 animi
1332 2750 1478 2784 quamdam
1506 2754 1631 2776 naturam
1658 2755 1706 2783 per
1734 2754 1767 2775 se

978 2799 1173 2827 consistentem
1189 2803 1260 2829 esse,
1277 2802 1338 2830 qua
1351 2794 1476 2830 corporis
1491 2794 1645 2822 ministerio
1666 2801 1764 2823 carere

1566 2892 1606 2923 38
