1915 3094
129 191 134 195 λ
173 182 240 216 1197

171 289 202 315 οὺ
219 287 312 320 καλοῦ,
329 288 412 322 copti;
426 295 467 319 τις
482 286 545 321 ἔφη,
569 288 634 322 περὶ
649 287 695 314 τοῦ
713 288 817 323 κόσμου
831 288 954 322 διαλεγό-

173 342 265 369 μενος.
279 334 370 368 Χωρῖς
387 333 415 360 δὲ
429 333 532 359 τούτων
546 334 592 360 καὶ
606 333 656 368 τὴν
672 333 752 367 φύσει
767 335 814 360 καὶ
834 334 956 360 κοινοτά-

171 388 222 414 την
237 379 384 413 ἐπιθυμίαν
398 378 448 404 οὐκ
469 378 558 405 ἔνεστι
575 378 663 413 μάτην
676 377 758 406 εἶναι.
775 380 828 405 Καὶ
850 379 956 413 τεκμή-

174 432 242 459 ριον,
256 425 297 451 ὃτι
314 423 369 450 τῶν
383 423 521 450 ἀδυνάτων
532 423 620 454 οὐδεὶς
637 424 743 450 πώποτ’
765 424 884 458 ἠράσθη.
907 424 955 455 Τίς

172 471 227 505 γὰρ
243 469 352 496 πώποτε
377 469 484 504 φρονῶν
505 469 613 504 πτερῶν
629 469 816 504 ἐπεθύμησεν,
841 469 857 504 ἢ
885 468 955 502 ὑπὲρ

172 517 220 546 τὰς
248 514 362 548 νεφέλας
389 515 517 550 ἀρθῆναι,
535 515 551 549 ἢ
576 515 620 540 διὰ
638 514 780 548 κυμάτων,
796 515 832 545 ὡς
847 514 880 540 δι’
894 514 955 540 ἐδά-

173 569 250 595 φους,
268 562 447 595 περιπατεῖν;
473 560 490 587 ἃ.
515 560 566 586 κᾶν
581 569 623 591 τις
641 560 707 595 ὄναρ
739 559 799 586 ίδὼν
814 560 953 594 διηγῆται,

173 605 308 640 γελῶμεν.
329 605 410 632 Ἀλλὰ
424 606 478 632 τῶν
494 606 615 634 δυνατῶν
634 606 715 639 μόνον
734 605 824 639 ὄρεξιν
838 606 854 639 ἡ
873 605 954 640 φύσις

172 652 314 685 ἐνέθηκεν.
343 650 496 686 Τοιγαροῦν
525 647 556 677 οὗ
582 650 662 685 φύσει
693 650 794 680 πάντες
820 649 953 683 ἐφίενται,

171 696 251 722 τοῦτο
267 699 314 723 καὶ
325 697 401 731 παρά
413 697 462 731 τῆς
485 697 593 731 φύσεως
609 697 656 723 καὶ
688 696 775 730 μάτην
794 693 867 721 εἶναι
889 693 954 721 ἀδύ-

172 750 264 769 νατον.
285 741 365 770 Ἀλλὰ
382 742 437 777 μὴν
448 742 476 768 ἐν
492 743 525 776 τῇ
542 741 588 768 τοῦ
605 742 649 768 ἀεὶ
660 739 731 768 εἶναι
742 742 875 778 ἐπιθυμίᾳ
887 742 955 769 πάν-

171 792 218 816 τες
229 785 434 819 συμὸαινουσιν.
444 784 549 812 Οὐκοῦν
558 785 665 820 ἀνάγκη
678 785 758 811 τοῦτο
772 786 821 812 καὶ
832 785 953 819 ἔσεσθαι,

171 831 218 856 καὶ
231 831 280 866 τὴν
295 831 334 865 τῷ
354 831 396 857 ἀεὶ
427 831 612 866 συνεχομένην
639 830 727 866 ψυχὴν
749 830 881 858 ἀδύνατον
904 831 953 866 τῆς

171 874 255 909 εὐχῆς
279 874 425 909 ἁμαρτεῖν.

713 183 762 214 DE
782 182 1064 215 CONTEMNENDA
1087 182 1230 213 MORTE.

171 242 315 276 λουθῆσαι.
333 241 414 268 Ἀλλὰ
430 240 483 276 μὴν
496 241 526 267 τὸ
542 241 630 273 καλῶς
647 242 749 268 συστὰν
766 241 841 268 λύειν
853 242 954 269 ἐθέλειν

1007 241 1137 268 credibile
1165 241 1212 272 sit,

1726 180 1794 214 1193

1252 240 1409 268 ostendunt.
1427 241 1504 274 Quod
1521 241 1544 268 si
1571 239 1714 276 probabile
1740 247 1793 272 est,

1007 287 1116 313 iuitiutn
1133 286 1299 321 respondere
1316 286 1372 318 fini,
1394 294 1567 320 consequens
1579 286 1662 313 etiarn
1681 290 1732 320 est,
1763 287 1789 313 id

1006 333 1079 367 quod
1095 333 1179 359 solius
1201 332 1248 359 Dei
1278 332 1416 359 voluntate
1435 332 1539 367 absque
1557 333 1670 359 materia
1702 337 1792 360 ortum

1006 382 1058 409 cst,
1074 371 1158 404 solius
1173 378 1254 404 etiam
1277 377 1322 403 Dei
1341 377 1479 404 voluntate
1499 377 1685 404 interiturum.
1711 377 1791 412 Atqui

1006 423 1031 450 id
1047 423 1114 449 velle
1131 423 1246 454 solvere,
1259 422 1330 457 quod
1350 423 1418 449 bene
1445 424 1626 458 contpositum
1653 428 1706 455 est,
1737 432 1792 450 non

1006 476 1066 495 csse
1091 469 1166 501 boni,
1187 468 1296 502 quidam
1317 469 1434 502 sapiens,
1452 476 1512 496 cum
1539 469 1572 496 de
1590 469 1690 495 mundo
1707 469 1795 496 disse-

1006 519 1088 544 reret,
1110 514 1187 540 dixit.
1206 515 1339 541 Pt'reterca
1356 514 1412 541 fieri
1434 522 1487 541 non
1505 520 1603 549 potest,
1619 521 1648 541 ut
1665 516 1794 542 naturalis

1006 564 1033 586 et
1045 559 1269 587 communissima
1282 560 1414 594 appetitio
1427 560 1526 587 frustra
1545 562 1580 587 sit
1596 561 1695 588 indita.
1714 561 1794 595 Ejus‘

1006 612 1058 639 que
1075 605 1113 631 rei
1129 609 1319 637 argumentum
1330 610 1381 638 est,
1395 606 1458 640 quia
1489 613 1571 633 nemo
1604 614 1722 641 unquam
1751 615 1794 639 ea,

1006 657 1065 684 qua:
1082 650 1138 677 ﬁeri
1159 657 1212 677 non
1237 655 1362 685 possunt,
1383 651 1527 685 appelivit.
1552 651 1618 684 Quis
1641 652 1713 678 enim
1745 660 1798 678 un-

1004 703 1084 729 quam
1117 696 1215 722 mcntis
1243 703 1365 730 compos,
1387 697 1500 730 cupidus
1525 696 1575 724 luit
1602 697 1725 724 alarum?
1750 703 1797 724 aut

1004 749 1086 775 supra
1100 742 1188 769 nubes
1203 750 1233 769 se
1249 741 1327 768 tolli?
1342 747 1388 770 aut
1411 750 1459 778 per
1476 742 1573 770 ﬂuctus
1596 748 1723 778 tanquatn
1747 751 1796 779 per

1004 787 1090 814 solum
1105 787 1265 814 ambulare?
1276 796 1336 822 quae
1354 788 1375 815 si
1391 789 1452 823 quis
1469 789 1510 816 vel
1530 789 1556 816 in
1570 797 1667 817 somno
1689 795 1794 818 tantum

1006 833 1063 859 visa
1077 833 1204 865 narrarit,
1221 833 1354 861 ridemus.
1382 834 1449 861 Nam
1481 842 1577 862 eorum
1602 841 1708 862 tantum
1734 844 1794 871 qua:

1004 878 1162 914 contingere
1178 885 1303 914 possunt,
1323 885 1420 908 natura
1450 882 1601 916 appetitum
1619 882 1727 909 indidit.
1741 882 1796 910 ita-

170 928 224 955 que
238 921 310 956 quod
325 922 394 949 duce
406 929 500 949 omnes
516 927 614 949 natura
634 927 776 958 appetunt,
802 922 828 950 id
862 926 894 950 ut
927 929 1020 951 contra
1050 929 1175 952 naturam
1194 929 1222 952 et
1241 926 1341 954 frustra
1358 927 1403 958 sit,
1419 926 1477 954 ﬁeri
1499 935 1552 954 non
1575 933 1677 962 potest.
1695 927 1795 955 Verum

170 967 197 994 in
221 968 409 1002 perpetuitatis
437 968 599 1004 cupiditates
644 976 740 996 omnes
768 969 956 997 consentiunt.
995 970 1112 998 Necesse
1138 972 1221 1007 igitur
1242 977 1295 1005 est,
1318 978 1375 1000 tum
1408 973 1460 1000 ltoc
1488 973 1611 1001 futurum
1637 982 1708 1006 esse,
1736 979 1794 1002 tum

171 1015 228 1043 ﬁeri
244 1024 297 1043 non
317 1024 408 1052 posse,
423 1022 453 1044 ut
468 1016 576 1044 animus
590 1025 651 1045 cum
677 1017 829 1045 mternitate
841 1017 1015 1053 conjunctus,
1031 1023 1095 1046 voto
1110 1018 1268 1048 frustretur.
1337 1018 1341 1021 “

462 1065 587 1092 ΚΕΦΔΛ.
608 1065 667 1099 lq'.

206 1110 263 1137 οὐκ
280 1110 334 1146 ἀρα
359 1110 422 1138 νοῦν
440 1112 556 1147 ἐχόντων
573 1112 604 1139 τὸ
629 1113 695 1147 περὶ
719 1115 753 1149 τῇ
781 1112 855 1149 ψυχῇ
871 1112 952 1140 τινῶν

170 1156 241 1187 δέος,
260 1157 297 1191 μὴ
316 1159 386 1191 μετὰ
397 1157 444 1184 τοῦ
457 1157 584 1191 σώματος
602 1158 783 1194 ἀπολλύηται,
803 1161 849 1186 καὶ
861 1160 952 1186 οὐκέτι

170 1203 289 1238 οὐδαμοῦ
368 1204 406 1230 Οὐ
432 1205 487 1240 γὰρ
514 1205 593 1239 μόνον
618 1205 734 1237 σώζεται
759 1206 950 1241 φθειρομένου,

171 1250 239 1277 ἀλλὰ
256 1250 289 1276 τὰ
303 1251 402 1284 ἑαυτῆς
418 1252 549 1285 πράττειν
572 1251 703 1286 καθαρῶς
725 1252 774 1286 οὐχ
797 1252 840 1279 οἶα
860 1260 902 1285 τε,
920 1252 952 1278 ἂν

174 1295 211 1330 μὴ
229 1296 282 1322 τῶν
296 1296 372 1331 παρὰ
392 1297 438 1323 τοῦ
459 1297 586 1331 σώματος
610 1297 780 1331 κωλυμάτων
795 1298 951 1334 ἀπαλλαγῇ.

172 1339 208 1366 Τὸ
224 1340 277 1374 γὰρ
290 1342 410 1374 φρονεῖν,
423 1341 470 1367 καὶ
485 1342 567 1372 νοεῖν,
579 1341 625 1367 καὶ
645 1343 700 1373 τοῖς
716 1342 799 1373 θείοις
816 1343 863 1368 καὶ
880 1343 952 1369 ἁπωο

173 1385 269 1420 μάτοις
289 1386 484 1419 συνάπτεσθαι,
499 1386 514 1413 ὃ
537 1386 569 1421 δὴ
586 1387 657 1413 κατά
674 1389 757 1422 φύσιν
779 1388 852 1423 πάσῃ
866 1387 951 1423 ψυχῇ,

171 1432 219 1457 καὶ
235 1430 303 1466 πρὸς
320 1431 334 1457 ὃ
350 1431 442 1464 πάνθ’,
455 1431 473 1458 ἃ
496 1432 613 1466 λέγομεν
630 1435 677 1459 καὶ
691 1433 884 1468 διανοούμεθα,
897 1435 953 1461 τεί-

171 1485 222 1509 νει,
239 1477 276 1507 ὡς
292 1477 324 1503 ἂν
338 1477 392 1503 τῶν
410 1478 438 1504 ἐν
455 1478 522 1512 ἡμῖν
541 1478 654 1512 ἄριστον
674 1478 705 1504 ὃν
730 1479 777 1506 καὶ
795 1479 951 1505 θειότατον·

171 1521 251 1548 τοῦτο
268 1522 408 1554 παντελῶς
421 1523 516 1557 φεύγει
536 1523 580 1558 τὴν
592 1523 639 1549 τοῦ
653 1522 780 1557 σώματος
796 1524 952 1556 κοινωνίαν,

172 1567 220 1593 καὶ
237 1568 322 1602 μόνης
337 1567 427 1602 ψυχῆς
452 1567 533 1602 ἔργον
547 1569 615 1601 ἐστὶ,
646 1568 776 1604 καθαρῶς
799 1569 886 1604 αὐτὴν
899 1570 954 1596 ἀπὸ

173 1613 221 1638 τοῦ
236 1613 361 1647 σώματος
376 1613 444 1646 πρὸς
453 1613 552 1648 ἑαυτὴν
564 1613 656 1640 καὶτὰ
670 1615 753 1648 νοητὰ
770 1615 952 1648 συναγούσης.

174 1657 205 1683 Ei
218 1657 272 1692 γάρ
287 1665 353 1684 ποτε
379 1659 425 1684 καὶ
442 1659 503 1690 ταῖς
528 1658 672 1693 αἰσθήσεσι
692 1658 804 1693 χρῆται,
827 1659 956 1686 κάκεῖθεν

174 1703 242 1738 αὐτῇ
260 1703 327 1737 πρὸς
347 1703 377 1729 τὸ
399 1704 469 1730 νοεῖν
493 1703 614 1738 γίνονται
635 1704 707 1736 τινὲς
734 1705 869 1739 ἀφορμαὶ,
898 1704 955 1731 ἀλλ’

1310 1068 1425 1096 CAPUT
1456 1068 1526 1097 XVI.

1041 1111 1213 1148 Quapropter
1226 1121 1281 1141 non
1303 1114 1478 1142 cordatorum
1497 1114 1637 1142 hominum
1650 1119 1703 1146 est,
1728 1120 1795 1149 quo-

1007 1159 1130 1186 rumdam
1145 1159 1180 1187 de
1192 1160 1284 1186 animo
1309 1167 1406 1195 angor,
1432 1168 1467 1188 ne
1493 1161 1563 1188 forte
1595 1168 1657 1188 cum
1678 1167 1794 1195 corpore

1006 1204 1210 1239 exstinguatur,
1224 1209 1252 1231 et
1271 1213 1383 1240 usquam
1400 1213 1460 1233 esse
1485 1206 1602 1233 desinat.
1634 1206 1692 1233 Non
1722 1206 1795 1233 enim

1006 1249 1150 1276 incolumis
1167 1255 1283 1282 tantum,
1303 1251 1349 1277 illo
1376 1256 1519 1285 pereunte,
1552 1255 1654 1283 manet,
1675 1251 1722 1278 sed
1745 1259 1795 1278 suo

1007 1302 1119 1322 tonuere
1133 1300 1206 1322 recte
1218 1295 1292 1329 fungi
1307 1304 1361 1322 non
1383 1301 1483 1330 potest,
1501 1296 1553 1323 nisi
1577 1297 1718 1331 corporeis
1742 1297 1795 1323 im—

1007 1340 1170 1374 pedimentis
1183 1341 1322 1368 liberetur.
1341 1341 1407 1368 Nam
1422 1349 1527 1376 sapere,
1540 1347 1566 1369 et
1579 1342 1740 1377 intelligere,
1769 1348 1797 1368 (ιι

1006 1393 1067 1412 cum
1083 1386 1182 1413 divinis
1197 1386 1420 1421 incorporeisque
1435 1387 1564 1422 conjungi
1577 1387 1614 1421 (id
1630 1389 1701 1421 quod
1730 1395 1793 1414 cum

1006 1431 1125 1465 cujusvis
1138 1431 1222 1458 animi
1237 1436 1331 1458 natura
1353 1432 1494 1465 convenit,
1511 1438 1537 1459 et
1553 1440 1608 1467 qtto
1620 1436 1717 1460 cuncta
1735 1440 1795 1466 quae

1006 1476 1133 1509 dicimus.
1157 1483 1185 1505 et
1202 1478 1362 1513 cogitamus,
1386 1479 1512 1511 tendunt,
1530 1484 1559 1506 ut
1586 1480 1659 1513 quod
1689 1487 1795 1511 corum,

1007 1529 1067 1556 mue
1082 1523 1109 1549 in
1126 1523 1204 1549 nobis
1215 1529 1287 1555 sunt,
1313 1523 1446 1558 optimum
1467 1524 1502 1551 sit
1522 1531 1554 1551 ac
1567 1514 1796 1558 divitiissittmtu).

1007 1567 1033 1594 id
1049 1568 1160 1594 omnino
1173 1569 1295 1602 corporis
1322 1569 1483 1596 societatem
1515 1570 1630 1604 respuit,
1657 1575 1683 1597 et
1711 1571 1796 1598 solius

1008 1612 1104 1641 animi.
1122 1619 1150 1639 sc
1172 1605 1250 1647 plane
1261 1622 1275 1639 a
1292 1621 1418 1649 corpore,
1433 1614 1466 1642 ad
1483 1622 1556 1647 sese,
1572 1620 1599 1642 et
1615 1623 1658 1643 res
1674 1623 1734 1649 qua:
1758 1616 1798 1642 itt-

1008 1658 1155 1692 telligentia
1190 1659 1463 1693 comprehenduntur
1504 1661 1666 1696 colligetttis,
1697 1670 1797 1689 munus

1007 1707 1059 1729 est.
1090 1701 1145 1729 Etsi
1164 1703 1236 1730 enim
1261 1703 1406 1737 aliquando
1436 1705 1518 1732 etiam
1545 1706 1672 1733 sensibus
1698 1707 1795 1738 utitur.

174 1749 311 1784 ἀρχομένη
329 1749 376 1775 τοῦ
401 1750 572 1784 πράγματος,
593 1751 639 1776 καὶ
668 1748 724 1777 οἷον
750 1750 952 1785 ἀμαθαίνουσα,

1007 1752 1087 1782 atque
1107 1747 1170 1775 inde
1187 1748 1344 1776 occasiones
1354 1750 1485 1784 quasdam
1502 1751 1669 1785 intelligendi
1684 1752 1768 1778 sumit
1786 1761 1793 1777 :

174 1796 230 1827 καὶ,
242 1795 272 1821 τὸ
285 1795 431 1830 λεγόμενον
447 1796 478 1831 δὴ
489 1795 578 1828 τοῦτο,
592 1796 641 1830 τὴν
656 1797 769 1832 πρώτην
783 1797 822 1823 ἔτι
836 1797 956 1832 φέρουσα

173 1840 266 1875 τρίχα,
283 1840 372 1875 τούτῳ
385 1841 423 1876 τῷ
436 1841 529 1877 τρόπῳ
543 1842 592 1876 τῆς
605 1841 751 1876 μαθήσεως
766 1843 878 1877 χρῆται.
892 1843 956 1869 ’Ὡσ-

175 1893 228 1920 περ
236 1886 258 1911 ol
277 1886 314 1920 τῷ
330 1885 457 1921 ψηλαφᾷν
473 1887 526 1913 τῶν
543 1887 717 1922 πραγμάτων
735 1888 879 1922 τυγχάνειν
897 1896 957 1914 πει-

175 1930 305 1965 ρώμενοι,
321 1932 385 1958 δῖαν
401 1932 462 1966 ὄφις
476 1932 568 1964 αὐτοῖς
582 1933 612 1958 οὐ
631 1934 718 1968 παρῇ·
734 1933 803 1959 οὕτω
820 1933 867 1960 καὶ
881 1933 956 1968 ψυχὴ

175 1976 238 2012 ἄρτι
253 1976 299 2003 διὰ
316 1977 450 2011 γενέσεως
465 1978 505 2009 εἰς
520 1978 568 2012 τὴν
585 1977 658 2012 ζωὴν
675 1979 823 2014 παριοῦσα,
845 1980 891 2006 καὶ
910 1979 956 2005 τὸν

174 2022 314 2057 ὀφθαλμὸν
326 2023 410 2058 αὐτῆς
427 2023 511 2058 πολλῇ
525 2024 557 2058 τῇ
579 2024 656 2058 παρὰ
677 2024 724 2050 τοῦ
741 2024 867 2058 σώματος
876 2023 956 2059 ἀχλΰι

175 2066 383 2101 καλυπτόμενον
398 2066 508 2101 ἔχουσα,
525 2068 572 2094 καὶ
585 2065 640 2093 οἷον
657 2067 736 2102 βαθεῖ
751 2067 828 2103 κάρῳ
855 2077 956 2103 κεκρα-

175 2112 304 2147 τημένον,
322 2112 406 2139 δεῖται
428 2113 483 2140 τῶν
496 2114 659 2148 αἰσθήσεων,
679 2114 708 2141 αἶ
732 2115 847 2150 ταύτην,
863 2115 957 2151 ὥσπερ

174 2158 379 2192 καθεύδουσαν,
401 2160 617 2194 ἀφυπνίζουσιν·
640 2160 685 2194 ὑφ’
701 2158 739 2188 ὧν
770 2162 820 2195 τὴν
843 2163 957 2196 πρώτην

178 2205 334 2240 κινηθεῖσα,
363 2205 411 2232 καὶ
429 2206 531 2240 ἑαυτὴν
559 2205 735 2240 ἀνεγείρασα,
753 2208 803 2234 οὐκ
829 2207 869 2234 ἔτι
896 2210 957 2239 ταῖς

174 2251 335 2287 αἰσθήσεσιν
360 2252 389 2278 ἔν
404 2252 464 2283 ταῖς
483 2252 532 2286 τῆς
554 2252 684 2287 ἀληθείας
701 2253 831 2288 ζητήσεσι
846 2254 956 2288 χρῆται.

177 2298 286 2325 Μᾶλλον
305 2298 354 2333 μὲν
381 2296 428 2325 οὖν
456 2300 502 2325 καὶ
524 2298 640 2331 ταύταις
660 2299 745 2326 ἐνίοτε
762 2300 812 2334 τῆς
837 2300 958 2335 ἀμαθίας

176 2345 300 2379 ἐπιτιμᾷ,
315 2344 378 2370 ὅταν
395 2344 425 2371 τὸ
438 2344 552 2375 ταύταις
571 2344 734 2379 φαινόμενον
749 2345 796 2371 καὶ
814 2345 883 2380 αὐτῇ
900 2353 958 2371 συν-

175 2389 264 2416 δοκεῖν
280 2389 482 2423 ἀναγκάζωσιν,
499 2390 594 2424 ὦσπερ
609 2391 634 2416 οἱ
654 2390 708 2416 τῶν
726 2391 955 2425 διαγραμμάτων,
972 2404 994 2432 D

175 2435 240 2461 ὅταν
256 2434 394 2469 ἀρχωνται
426 2435 586 2469 μανθάνειν,
600 2435 732 2469 δεόμενοι,
758 2435 828 2469 μετά
852 2436 881 2462 δὲ
906 2436 956 2470 τὴν

176 2481 332 2514 ἐπιστήμην
340 2481 380 2511 εις
394 2481 463 2506 αὐτὰ
476 2480 557 2507 πάλιν
568 2480 749 2514 ὑποστρέφειν
766 2480 954 2512 ἀπαξιοῦντες.

175 2526 254 2552 Οὕτω
274 2525 306 2560 δὴ
323 2525 370 2552 καὶ
393 2525 466 2561 ψυχῇ
482 2526 512 2552 ἐν
530 2526 634 2560 σώματι
656 2525 705 2561 μὲν
726 2526 763 2552 ἔτ’
786 2526 853 2564 οὔσῃ
878 2527 955 2554 οὐδὲν

174 2571 289 2602 ἀπεικὸς
305 2572 353 2598 καὶ
380 2571 429 2603 τὰς
456 2571 599 2607 αἰσθήσεις
623 2572 689 2606 περὶ
707 2572 761 2598 τῶν
782 2572 955 2608 μαθημάτων

175 2617 331 2652 ἐπερωτᾷν·
357 2616 470 2653 λυθείσῃ
485 2616 524 2649 δὲ,
542 2616 613 2644 αὐτὰ
636 2618 670 2644 τὰ
699 2618 781 2653 νοητά
796 2618 830 2645 δι’
851 2619 955 2645 ἑαυτῶν

176 2664 297 2698 παρόντα
312 2663 361 2699 τὴν
375 2663 429 2690 τῶν
445 2663 598 2698 αίσθήσεων
618 2664 712 2698 χρείαν
737 2664 788 2691 οὐκ
803 2665 955 2698 ἀναγκαίαν

174 2711 264 2737 ποιεῖ·
286 2710 334 2737 ἀτε
351 2709 528 2744 φανερώτατα
553 2710 586 2744 τῇ
603 2710 708 2736 ἑαυτῶν
720 2711 786 2738 ὄντα
803 2711 893 2745 φύσει,
909 2711 957 2738 καὶ

173 2755 220 2782 τὸν
235 2755 284 2790 τῆς
296 2755 384 2790 ψυχῆς
404 2754 544 2790 ὀφθαλμὸν
560 2755 594 2781 δι’
613 2756 718 2783 ἑαυτῶν
732 2756 953 2792 περιλάμποντα,

172 2799 214 2833 οἷς
221 2802 339 2828 συνοῦσα
354 2801 487 2836 τρέφεταί
498 2809 528 2828 τε
539 2801 586 2828 καὶ
597 2802 712 2828 εύπαθεῖ
724 2802 773 2836 τὴν
787 2803 854 2838 αὐτῇ
872 2811 956 2839 προσ-

173 2847 295 2882 ήκουσαν
311 2847 417 2882 τροφὴν
445 2846 492 2873 καὶ
507 2846 659 2873 εὐπάθειαν
671 2854 677 2860 ·
727 2847 776 2877 τὰς
794 2848 954 2882 σωματικὰς

172 2892 280 2928 ήόονάς,
299 2892 326 2919 ιτ
340 2898 382 2923 τις
407 2891 596 2927 παραϐάλλειν
614 2890 713 2926 ἐθέλοι,
730 2891 827 2918 εἴδωλα
849 2892 954 2926 μᾶλλον

1008 1799 1096 1821 tamen
1114 1793 1139 1820 id
1159 1793 1185 1820 in
1203 1793 1241 1820 rei
1264 1794 1388 1828 auspicio
1416 1794 1550 1822 duntaxat
1578 1794 1652 1827 facit,
1680 1801 1706 1823 et
1731 1796 1795 1823 dum

1007 1840 1082 1867 velut
1098 1840 1225 1868 indoctus
1240 1845 1291 1871 est,
1309 1840 1374 1867 etin
1389 1840 1483 1872 dubio,
1501 1848 1532 1867 ac
1553 1841 1633 1874 paulo
1654 1847 1794 1868 momento

1008 1886 1062 1914 huc
1081 1886 1144 1913 illuc
1159 1885 1318 1920 impellitur,
1347 1885 1397 1912 hac
1417 1886 1503 1912 utitur
1523 1885 1644 1913 discendi
1667 1878 1793 1914 ratione:

1007 1931 1234 1967 quemadmodum
1254 1931 1271 1958 ii
1282 1931 1327 1966 qui
1347 1930 1483 1965 palpando
1495 1939 1538 1958 res
1552 1938 1613 1959 asse
1624 1932 1660 1966 tui
1673 1933 1794 1963 student,

1008 1979 1066 2005 visu
1081 1977 1216 2005 destituti.
1232 1977 1277 2004 Sic
1293 1977 1401 2004 animus
1417 1985 1536 2012 quoque,
1552 1978 1636 2004 vitam
1651 1978 1731 2005 modo
1747 1987 1796 2012 per

1007 2023 1176 2050 nativitatem
1207 2023 1356 2060 ingressus,
1396 2023 1563 2058 oculumque
1588 2031 1668 2050 suum
1697 2032 1794 2059 magna

1008 2069 1131 2103 corporis
1147 2068 1261 2103 caligine
1276 2071 1377 2095 tectum
1407 2068 1523 2099 habens.
1548 2076 1580 2095 ac
1606 2067 1740 2102 profundo
1753 2076 1797 2095 so-

1008 2113 1392 2149 poreoppressum.sensibus
1414 2113 1528 2148 indiget,
1565 2113 1612 2147 qui
1639 2120 1701 2140 eutn
1731 2119 1790 2140 tan—

1008 2166 1089 2194 quam
1107 2166 1122 2185 e
1139 2165 1236 2186 somno
1250 2158 1381 2185 ercitcnt.
1411 2158 1432 2184 A
1454 2158 1554 2192 quibus
1569 2158 1705 2193 principio
1718 2166 1794 2186 com-

1009 2209 1098 2231 motus
1112 2208 1140 2231 et
1154 2203 1368 2238 expergefactus,
1383 2203 1511 2230 sensibus
1527 2203 1554 2230 in
1577 2203 1701 2231 veritatis
1716 2204 1794 2231 iuda-

1009 2252 1115 2286 gatione
1135 2251 1172 2277 uti
1189 2250 1300 2278 desinit.
1325 2250 1396 2283 Quin
1418 2251 1508 2285 potius
1528 2258 1574 2277 eos
1588 2251 1623 2278 ob
1659 2251 1794 2279 inscitiam

1009 2297 1296 2332 aliquaudoincrepat,
1315 2304 1376 2323 cum
1396 2301 1506 2332 cogunt,
1534 2297 1598 2323 utin
1619 2297 1644 2324 id
1676 2306 1796 2325 consen-

1010 2346 1067 2376 tiat,
1088 2343 1159 2377 quod
1169 2342 1219 2377 ipsi
1237 2342 1330 2369 volunt
1346 2350 1354 2369 :
1372 2343 1598 2377 quemadmodum
1614 2343 1658 2374 iis,
1687 2345 1733 2378 qui
1752 2344 1795 2371 di-

1009 2397 1086 2416 scere
1104 2388 1248 2423 incipiunt,
1266 2393 1340 2415 certa
1363 2388 1480 2422 quadam
1496 2388 1631 2416 linearum
1641 2390 1795 2417 conforrna-

1009 2435 1083 2462 tione
1098 2441 1166 2469 opus
1182 2438 1222 2460 est
1237 2442 1244 2459 :
1258 2438 1319 2468 post
1349 2439 1454 2468 partam
1472 2438 1570 2467 autem
1598 2435 1742 2462 scientiam
1759 2437 1795 2463 ad

1010 2488 1059 2508 eas
1087 2481 1187 2507 reverti
1201 2483 1341 2506 recusant.
1357 2478 1403 2506 Sic
1416 2479 1537 2507 animum
1557 2480 1651 2513 etiam,
1669 2481 1734 2508 dum
1748 2481 1795 2509 ad-

1008 2526 1062 2553 ltuc
1076 2525 1104 2552 in
1119 2532 1234 2559 corpore
1253 2528 1305 2556 est,
1333 2524 1402 2551 nihil
1418 2524 1529 2552 absurdi
1557 2530 1600 2553 cst
1627 2533 1724 2553 sensus
1760 2527 1794 2553 de

1009 2571 1131 2598 scientiis
1143 2571 1309 2604 percontari.
1336 2570 1405 2597 Cum
1421 2576 1512 2597 autem
1537 2571 1560 2598 is
1575 2580 1589 2597 a
1610 2578 1726 2606 corpore
1747 2579 1793 2598 so-

1008 2616 1081 2644 lutus
1097 2616 1187 2648 fuerit,
1211 2620 1266 2643 tum
1302 2623 1346 2643 res
1365 2624 1425 2650 qua!
1445 2617 1495 2643 sub
1517 2616 1724 2651 intelligentiam
1747 2625 1793 2644 ca-

1008 2663 1084 2693 dunt.
1100 2669 1162 2689 cum
1184 2669 1233 2696 per
1249 2669 1309 2689 sese
1346 2661 1447 2693 adsint,
1469 2669 1547 2688 usum
1575 2669 1706 2688 sensuum
1733 2670 1791 2689 non

1006 2709 1174 2740 desiderant,
1193 2708 1296 2743 quippe
1314 2715 1374 2742 quae
1389 2715 1437 2735 sua
1469 2711 1565 2734 natura
1586 2707 1792 2735 dilucidissimzo

1007 2758 1082 2785 sunt,
1099 2758 1127 2780 et
1143 2753 1225 2780 animi
1241 2754 1348 2779 Oculum
1366 2759 1414 2786 per
1431 2759 1491 2780 sese
1510 2753 1658 2784 illustrant,
1673 2760 1789 2787 quarum

1006 2799 1151 2835 praesentia
1167 2803 1195 2825 et
1209 2798 1290 2825 alitur
1305 2797 1502 2830 ctdelectatur,
1517 2797 1579 2825 cibo
1599 2798 1789 2832 suavitateque

1007 2846 1059 2874 sibi
1079 2845 1260 2872 conveniente
1277 2853 1283 2870 :
1301 2844 1344 2870 cui
1359 2844 1380 2870 si
1400 2843 1461 2878 quis
1473 2851 1618 2878 corporeae
1634 2843 1789 2878 voluptatvs

1006 2899 1166 2925 comparare
1199 2891 1274 2924 velit,
1306 2889 1451 2917 simulacra
1483 2889 1575 2924 potius
1617 2893 1787 2925 voluptatum
