1915 3094
134 156 207 188 “99

752 156 943 190 DEMETRII
964 156 1121 188 CYDONII

1693 158 1765 190 130)

136 222 216 249 quam
236 213 308 251 quod
323 213 509 247 nominantur,
533 222 579 242 eas
592 221 656 243 vere
675 215 832 250 appellabit.
853 215 916 242 Nam

973 212 1087 250 ἡδονῶν,
1104 214 1120 250 ἢ
1150 211 1233 248 τοῦθ’,
1249 213 1263 241 ὃ
1281 212 1438 246 καλοῦνται,
1463 214 1524 249 μετ’
1538 214 1671 250 ἀληθείας
1688 215 1762 250 ἐρεῖ.

138 261 244 288 illarum
258 260 331 287 nulla
349 265 392 288 est
405 258 537 290 essentia.
550 264 579 288 ut
595 268 654 295 quae
665 261 777 288 omnino
801 262 828 288 in
845 265 919 288 motu

137 312 290 333 versentur.
323 307 355 332 ΕΙ.
380 306 451 340 quod
484 313 533 332 eas
550 307 657 341 recipit,
689 311 730 334 est
752 306 919 341 perioratum

137 350 261 386 corporis
284 351 398 383 dolium,
431 352 551 386 undique
580 352 728 387 perﬂuens,
761 353 833 388 quod
853 353 921 380 nihil

137 398 282 424 continere
298 401 400 431 potest.

435 441 549 470 CAPUT
580 442 664 470 XVli.

170 487 226 514 Cur
240 493 305 520 ergo
320 487 433 514 nihilum
447 488 533 515 nihilo
549 488 695 522 imponas?
712 491 759 514 aut
779 487 843 523 quid
860 492 920 515 tan-

137 533 195 560 dem
215 540 309 559 eorum
327 541 387 567 qua:
403 541 465 566 ,nou
492 540 612 565 manent,
629 534 655 560 in
670 533 784 569 fugitivo
810 542 919 562 manere

136 577 237 612 queat?
264 578 293 605 lu‘
309 579 401 606 animo
429 584 519 606 autem
540 579 689 614 voluptatis
710 581 742 606 e‘a
772 579 919 607 eﬂicientia

135 628 210 654 sunt,
224 632 285 658 quae
309 632 372 651 vere
384 629 446 651 sunt
461 633 468 650 :
485 632 574 659 neque
590 625 738 659 quidquam
769 625 841 652 aliud
868 625 918 652 nisi

136 670 264 702 essentia.
280 675 307 697 et
322 670 393 705 quod
410 678 457 698 eas
476 670 583 704 recipit,
602 677 698 697 sanum
713 670 840 704 quiddam
865 675 917 703 est,

136 720 164 742 et
179 715 307 749 solidum,
321 721 347 743 et
359 716 392 743 iis
404 716 471 750 ipsis
484 715 572 742 simile
598 720 626 743 et
639 716 800 743 immortale.
826 716 918 751 itaque

137 760 276 794 probabile
286 766 337 793 est,
366 761 436 788 inter
447 769 495 788 eos
519 761 565 796 qui
591 761 777 794 delectantur,
807 763 857 790 hos
873 762 918 798 qui

136 808 256 842 corporis
273 809 424 842 voluptates
442 812 587 842 appetunt,
616 807 705 835 deludi
728 808 819 844 potius
832 810 865 836 ab
886 809 918 837 iis

137 857 164 879 et
177 860 285 887 semper
301 861 401 879 vacuos
415 852 467 880 illis
485 852 612 887 reperiri,
635 861 696 880 cum
728 854 754 881 id
778 861 916 889 nunquam

137 898 276 925 continere
302 898 417 932 possint,
435 899 508 932 quod
542 903 697 933 sequuntur
724 907 808 926 :non
837 900 916 927 aliter

134 949 216 976 quam
231 942 254 969 si
271 942 381 969 umbras
398 948 609 978 persequantur,
632 951 693 972 cum
707 949 734 971 et
749 952 859 980 corpus,
873 946 918 973 cui

134 985 179 1014 illa
196 991 303 1021 parant,
319 992 416 1021 suapte
434 992 529 1014 natura
548 995 602 1015 non
617 989 684 1016 satis
699 988 782 1016 (idum
797 989 833 1016 sit
847 1009 854 1021 ,
869 997 919 1016 nec

134 1040 166 1059 ea
180 1041 240 1067 quze
264 1032 326 1059 data
350 1033 416 1065 sint,
447 1033 598 1061 contineat.
623 1033 676 1066 Qui
710 1038 802 1061 autem
834 1034 918 1061 animi

135 1079 288 1113 Voluptates
309 1078 467 1113 praeferunt,
493 1086 540 1106 eos
555 1086 649 1106 revera
673 1079 789 1106 subinde
813 1080 917 1113 satiari,

134 1128 162 1151 et
173 1132 266 1151 eorum
284 1124 374 1159 aliquo
390 1124 504 1159 expleri,
521 1124 592 1159 quod
607 1125 702 1152 eodem
718 1125 800 1152 modo
823 1133 920 1160 perpe-

135 1174 183 1196 tuo
194 1177 223 1196 se
238 1170 328 1202 habet,
356 1173 384 1196 et
399 1177 481 1204 quam
507 1170 667 1197 suavissime
682 1170 782 1197 vivere.
814 1170 859 1198 Sic
887 1179 918 1198 ea

135 1223 194 1249 quae
209 1220 269 1249 post
286 1222 385 1249 corpus
400 1216 543 1244 eveniunt.
573 1215 665 1244 animo
688 1220 716 1242 et
749 1216 859 1243 utiliora
892 1221 920 1244 et

133 1260 305 1293 iucundiora,
321 1265 349 1286 et
363 1261 404 1294 (ut
419 1261 544 1287 universe
555 1261 654 1296 dicam)
670 1261 770 1294 divina,
782 1267 809 1289 et
826 1262 920 1290 melio-

137 1307 174 1331 ris
188 1305 274 1340 partis
288 1310 363 1332 sunt.
385 1305 478 1340 Itaque
496 1306 645 1340 primorum
666 1307 748 1333 etiam
772 1308 918 1340 sententia,

135 1352 181 1385 qui
196 1351 361 1385 voluptatum
382 1351 519 1378 desiderio
545 1356 660 1378 mortem
672 1359 743 1387 agre
767 1353 868 1384 ferunt,
891 1358 919 1381 et

136 1398 327 1428 secundorum,
339 1397 437 1430 quibus
453 1397 522 1424 nihil
540 1404 600 1424 esse
617 1397 751 1431 reliquum
767 1402 828 1433 post
844 1406 918 1426 mor-

137 1447 190 1468 tem
207 1442 314 1469 videtur
333 1450 340 1468 :
359 1450 413 1469 non
434 1442 514 1469 modo
528 1450 601 1470 mors
630 1447 727 1470 natura
756 1445 917 1476 adventans,

136 1487 271 1514 horrenda
287 1495 340 1514 non
357 1492 409 1518 est,
427 1488 474 1514 sel
491 1487 552 1522 ejus
567 1487 650 1514 etiam
679 1488 819 1515 cunctatio
848 1495 918 1521 πει-θ

135 1533 246 1560 ferenda
269 1541 275 1558 :

135 1586 197 1605 cum
213 1578 290 1605 aliter
305 1578 362 1605 lieri
389 1583 515 1612 nequeat.
537 1582 567 1605 ut
581 1583 629 1606 aut
647 1579 719 1606 veris
734 1579 918 1614 voluptatibus

135 1625 321 1659 perfruantur,
337 1629 383 1651 aut
401 1625 457 1652 sint
471 1629 498 1651 et
524 1625 617 1652 vivant
637 1625 771 1656 securius.
797 1630 824 1652 et
844 1634 918 1653 mor-

136 1670 180 1698 tali
193 1678 225 1698 ac
239 1671 317 1697 bruta
335 1676 423 1705 parte,
438 1678 551 1704 quaeque
568 1675 701 1706 perpetuo
713 1671 782 1698 nihil
797 1677 838 1698 est
852 1672 928 1699 libe—’

136 1722 239 1743 tellilll'.
260 1716 388 1742 Desinant
404 1716 484 1751 igitur
502 1719 530 1742 et
545 1715 591 1750 qui
620 1722 769 1750 corpori-as
795 1716 918 1750 volupta-

135 1766 174 1787 tes
189 1760 340 1795 deplorant.
355 1764 382 1786 ot
397 1761 442 1795 qui
458 1767 487 1787 se
500 1767 633 1794 nusquam
654 1765 714 1795 post
741 1768 840 1795 corpus
856 1762 915 1788 fore

133 1806 312 1832 arbitrantur.
330 1805 470 1840 Optimum
484 1806 558 1832 enim
587 1806 621 1832 iis
636 1809 739 1838 manet,
769 1814 801 1833 ac
824 1807 914 1842 potius

134 1857 230 1882 totum,
247 1856 273 1878 et
285 1859 339 1886 quo
353 1852 420 1884 solo,
436 1851 458 1878 si
471 1851 588 1886 sapiant,
605 1856 679 1885 sunt,
699 1852 724 1878 iu
741 1860 794 1886 quo
814 1853 915 1880 divina!

134 1898 260 1933 imaginis
276 1897 450 1932 pulchritudo
467 1897 595 1924 interitus
607 1904 705 1931 expers
727 1898 845 1932 reposita
861 1903 914 1932 est,

134 1943 198 1970 nulli
211 1942 355 1969 calamitati
366 1942 491 1972 obnoxia,
520 1949 580 1976 quae
597 1942 704 1969 virtutis
720 1947 747 1969 et
767 1944 916 1978 prudentiae

134 1988 269 2023 particeps
283 1995 344 2015 esse
361 1992 450 2022 potest
467 1996 474 2014 :
491 1990 534 2014 cui
549 1987 574 2014 id
591 1995 674 2014 unum
705 1988 796 2015 damni
812 1995 863 2022 est.
892 1990 914 2017 si

133 2033 207 2060 carni
223 2032 335 2064 serviat,
352 2037 380 2059 et
397 2040 455 2060 eam
469 2032 667 2066 amplectetur;
685 2033 718 2059 ab
743 2040 774 2060 ea
801 2041 867 2061 vero
882 2036 916 2061 li-

134 2078 235 2111 berari,
248 2078 351 2105 reditus
364 2083 406 2104 est
428 2078 461 2104 ad
478 2078 571 2110 vitam,
596 2081 623 2103 et
639 2079 672 2104 ad
701 2078 727 2105 id
744 2080 815 2114 quod
851 2088 915 2108 vere

133 2128 185 2152 est.
202 2127 229 2149 et
248 2130 331 2150 sacrae
346 2122 468 2149 verit-itis
491 2122 606 2149 fructus.
625 2123 758 2154 Quocirca
784 2125 830 2159 qui
856 2126 913 2152 ﬁeri

972 261 1005 287 Al
1023 261 1072 295 μὲν
1091 260 1145 295 γὰρ
1157 259 1247 287 οὐσίαι
1264 260 1314 295 μὲν
1327 260 1446 295 οὐδαμῆ,
1461 260 1569 294 γένεσις
1584 260 1613 287 δὲ
1634 259 1719 294 μόνον
1732 261 1764 286 τὸ

971 305 1032 332 ὅλον
1045 305 1114 332 εἰσίν
1125 313 1131 320 ·
1149 305 1179 332 τό
1191 314 1219 331 τε
1236 305 1383 340 δεχόμενον
1395 305 1480 336 αὐτὰς
1492 307 1506 332 ὁ
1520 306 1691 340 τετρημένος
1702 305 1765 330 ἐστὶ

971 351 1018 377 τοῦ
1033 351 1157 385 σώματος
1173 351 1260 384 πίθος,
1273 351 1408 377 πάντοθεν
1423 351 1540 386 ὲκρέων,
1558 351 1605 378 καὶ
1619 350 1706 386 μηδὲν
1716 350 1764 376 δυ-

971 397 1088 433 νάμενος
1105 398 1222 432 στέγειν.

1265 442 1391 470 ΚΕΦΑΛ,
1409 442 1460 469 1Ζ’.

1006 486 1040 513 Τί
1059 489 1151 514 τοίνυν
1177 486 1217 522 τῷ
1236 487 1273 522 μὴ
1301 487 1361 514 όντι
1379 487 1409 513 τὸ
1427 487 1464 521 μὴ
1478 485 1508 514 ὃν
1524 486 1557 512 ἂν
1569 485 1682 521 ὲνῠείης
1698 487 1716 521 ἢ
1732 486 1763 512 τί

971 541 1037 559 ποτε
1048 532 1082 560 ἂν
1094 533 1149 559 τῶν
1167 533 1203 568 μὴ
1216 532 1350 568 μενόντων
1374 532 1403 559 ἐν
1427 532 1466 567 τῷ
1487 531 1617 566 φεύγοντι
1645 532 1760 566 pelvis;

977 578 1038 604 Ἐπὶ
1058 578 1085 604 δὲ
1100 578 1150 614 τῆς
1163 577 1253 613 ψυχῆς
1268 577 1317 604 καὶ
1331 578 1366 604 τὰ
1380 578 1430 613 τῆς
1445 577 1543 612 ἡδονῆς
1564 577 1652 607 αἴτια,
1667 577 1761 603 καθα-

967 624 1027 659 Ῥῶς
1043 624 1119 657 ὅντα,
1137 625 1185 651 καὶ
1197 625 1227 651 τδ
1241 624 1302 651 ὅλον
1314 623 1405 656 οὐσία,
1418 625 1464 650 καὶ
1479 624 1510 649 τὸ
1524 622 1670 658 δεχόμενον
1679 621 1760 655 ὑγιὲς

970 673 1014 697 καὶ
1033 670 1174 704 στεγανδν,
1189 670 1326 701 κάκείνοις
1344 670 1433 701 ἐοικὸς
1453 670 1501 696 καὶ
1517 669 1662 700 ἀθάνατον,
1677 667 1761 692 Ὥστ⁰

969 716 1042 747 είκὸς
1062 717 1107 742 καὶ
1125 716 1180 742 τῶν
1206 716 1346 751 ἡδομένων
1362 716 1425 747 τοὺς
1453 715 1502 750 μὲν
1518 715 1568 746 τὰς
1591 713 1760 748 σωματικὰς

968 761 1116 792 διώκοντας
1129 761 1225 796 ἡδονὰς
1238 761 1383 793 παίζεσθαι
1397 761 1498 795 μᾶλλον
1512 758 1558 786 ὑπ’
1574 759 1678 790 αὐτῶν,
1707 759 1760 784 καὶ

968 808 1013 834 ἀεὶ
1030 808 1125 839 κενοὺς
1142 807 1255 835 ἐκείνων
1271 807 1458 842 εὑρίσκεσθαι,
1476 805 1614 841 μηδέποτε
1636 804 1761 838 δυναμέ-

970 862 1032 885 νους
1049 855 1207 888 κατασχεῖν,
1224 854 1292 887 ὅπερ
1314 854 1470 886 διώκουσιν,
1494 851 1531 883 ὡς
1552 851 1586 878 ἂν
1609 849 1710 881 αὐτούς
1726 858 1758 875 τε

972 901 1087 926 κατόπιν
1110 899 1195 925 σκιῶν
1215 899 1426 934 ἐπειγομένους,
1442 898 1491 924 καὶ
1514 897 1561 923 τοῦ
1585 892 1761 931 σώματος,ᾧ

970 943 1057 970 ταῦτα
1079 942 1252 978 πορίζουσιν,
1266 942 1382 970 ἀπίστου
1399 943 1449 977 τὴν
1465 941 1546 976 φύσιν
1563 941 1652 972 ὄντος,
1664 940 1713 966 καὶ
1727 939 1761 966 τὸ

968 989 1045 1017 δοθὲν
1060 989 1092 1015 οὐ
1107 989 1271 1024 κατέχοντος
1282 996 1290 1004 ·
1306 989 1368 1019 τοὺς
1383 987 1411 1014 δὲ
1424 988 1474 1019 τὰς
1489 988 1537 1021 τῆς
1551 986 1642 1021 ψυχῆς
1657 985 1760 1020 ἡδονᾶς

968 1035 1171 1070 προτιμῶντας,
1189 1034 1232 1060 ἀεί
1256 1041 1330 1065 τινος
1347 1033 1423 1065 ὄντος
1440 1033 1467 1058 ὲν
1483 1032 1558 1067 αὐτῷ
1573 1032 1612 1067 τῷ
1634 1031 1694 1057 όντι
1708 1039 1743 1057 κν
1754 1045 1761 1048 -

969 1080 1150 1115 ρεννυμένους
1166 1081 1221 1111 ἀεὶ,
1236 1080 1283 1106 καὶ
1295 1079 1332 1110 ὡς
1347 1079 1447 1114 ἣδιστα
1461 1078 1522 1113 ζῇν.
1540 1077 1619 1103 Οὕτω
1632 1076 1707 1111 ψυχῇ
1723 1079 1761 1102 τὰ

971 1126 1042 1160 μετὰ
1055 1126 1083 1152 τὸ
1099 1125 1178 1160 σῶμα
1195 1125 1241 1151 καὶ
1257 1124 1481 1157 λυσιτελέστερα,
1499 1124 1546 1148 καὶ
1559 1122 1637 1156 ἡδίω,
1652 1124 1711 1153 καὶ,
1728 1121 1760 1147 τὸ

969 1173 1030 1199 ὅλον
1046 1173 1145 1204 εἰπεῖν,
1163 1171 1222 1197 θεῖι
1239 1170 1285 1196 καὶ
1301 1170 1350 1204 τῆς
1367 1166 1523 1204 κρείττονος
1544 1168 1653 1203 μοίρας.
1670 1166 1759 1193 Ὥστε

969 1220 1017 1246 καὶ
1043 1218 1116 1245 κατὰ
1139 1218 1202 1248 τοὺς
1229 1217 1368 1251 πρώτους,
1385 1216 1409 1242 οἳ
1422 1215 1497 1250 πόθῳ
1511 1215 1565 1241 τῶν
1586 1213 1691 1249 ἡδονῶν
1710 1214 1760 1239 τὸν

970 1265 1086 1292 θάνατον
1113 1264 1332 1299 δυσχεραίνουσι,
1349 1262 1397 1289 καὶ
1421 1262 1493 1288 κατὰ
1517 1261 1579 1293 τοὺς
1599 1260 1758 1295 δευτέρους.

969 1309 1009 1342 οἷς
1025 1312 1094 1346 μετὰ
1108 1311 1153 1337 τιν
1169 1311 1284 1336 θάνατον
1301 1309 1379 1335 οὐδὲν
1395 1308 1435 1334 Ετι
1450 1308 1523 1335 δοκεῖ
1537 1307 1692 1338 λείπεσθαι,
1706 1306 1758 1340 οὐχ

969 1357 1042 1388 ὅπως
1071 1356 1150 1390 φύσει
1169 1356 1318 1390 προσιόντα
1337 1354 1383 1381 τὸν
1408 1354 1525 1380 θάνατον
1552 1353 1676 1387 φρίττειν
1705 1352 1758 1377 οὐκ

969 1403 1034 1434 ἔδει,
1050 1401 1119 1429 ἀλλὰ
1134 1401 1183 1428 καὶ
1205 1401 1350 1436 μέλλοντος
1362 1399 1561 1434 δυσχεραίνειν,
1582 1399 1631 1424 καὶ
1649 1397 1758 1424 ἀπόντα

969 1445 1072 1477 καλεῖν,
1088 1444 1126 1476 ὡς
1142 1444 1192 1470 οὐκ
1208 1444 1268 1471 ἐνὸν
1291 1443 1396 1478 ἑτέρως
1422 1443 1439 1478 ἢ
1453 1442 1509 1468 τῶν
1527 1442 1636 1476 ἀληθῶν
1651 1441 1759 1476 ἡδονῶν

969 1490 1129 1521 ἀπολαύειν,
1142 1490 1159 1524 ἢ
1176 1487 1245 1516 εῖναι
1263 1489 1311 1515 καὶ
1325 1489 1376 1524 ζῇν
1391 1488 1606 1523 ἀσφαλέστερον,
1621 1487 1670 1514 τοῦ
1688 1486 1757 1522 θνῃ-

304 1537 331 1560 et
363 1540 424 1559 cum
448 1532 536 1565 abest,
566 1533 686 1560 vocanda
703 1538 785 1565 esset,
816 1534 916 1568 quippe

969 1535 1029 1569 τοῦ,
1045 1537 1094 1562 καὶ
1105 1536 1214 1570 ἀλόγου,
1226 1535 1273 1561 καὶ
1284 1535 1420 1570 μηδέποτε
1429 1534 1518 1567 δντος,
1531 1533 1757 1567 ἀπαλλαγέντας.

968 1581 1138 1610 Παυσάσθων
1154 1581 1244 1608 τοίνυν
1268 1580 1316 1607 καὶ
1331 1581 1356 1607 οι
1377 1580 1427 1612 τὰς
1444 1580 1492 1606 τοῦ
1511 1580 1638 1615 σώματος
1656 1579 1756 1614 ἡδονὰς

967 1629 1139 1664 ὀδυρόμενοι,
1166 1629 1213 1654 καὶ
1238 1627 1264 1654 oi
1294 1627 1394 1662 μηκέτι
1411 1635 1463 1654 που
1490 1626 1602 1653 ἔσεσθαι
1630 1627 1703 1661 μετὰ
1725 1626 1756 1652 τὸ

967 1674 1048 1708 σῶμα
1065 1674 1234 1708 νομίζοντες.
1250 1672 1336 1700 Μένει
1354 1673 1409 1709 γὰρ
1436 1673 1530 1705 αὐτοῖς
1553 1673 1583 1699 τὸ
1599 1672 1754 1707 βέλτιστον,

968 1719 1070 1752 μᾶλλον
1087 1719 1115 1745 δὲ
1141 1721 1171 1744 τ’)
1189 1719 1261 1752 ὅλον,
1277 1719 1325 1746 καὶ
1350 1719 1364 1746 δ
1392 1719 1484 1754 μόνον,
1510 1719 1543 1746 ἂν
1561 1718 1753 1753 σωφρονῶσιν,

968 1764 1036 1790 είσίν
1047 1773 1053 1779 ·
1070 1765 1100 1790 ὲν
1126 1762 1148 1798 ᾧ
1162 1765 1211 1799 τῆς
1235 1765 1311 1797 θείις
1331 1765 1435 1797 εἰκόνος
1453 1765 1671 1800 τεθησαύρισται
1685 1765 1752 1792 κάλ-

968 1809 1013 1838 λος
1027 1807 1178 1842 ἄφθαρτον,
1192 1808 1308 1841 ἀπαθὲς,
1329 1809 1430 1844 ἀρετῆς
1455 1811 1501 1835 καὶ
1517 1809 1677 1843 φρονήσεως
1704 1817 1756 1843 με-

969 1854 1058 1888 τέχειν
1083 1854 1254 1888 δυνάμενον·
1308 1855 1359 1888 μία
1385 1854 1473 1890 βλάϐη
1489 1854 1573 1889 σαρκὶ
1595 1854 1754 1886 δουλεῦσαι,

969 1899 1016 1924 καὶ
1029 1898 1116 1934 ταύτῃ
1131 1899 1352 1933 συμπλέκεσθαι·
1367 1900 1397 1925 τὸ
1409 1898 1432 1926 δ’
1446 1899 1619 1934 ἀπηλλάχθαι
1635 1900 1756 1934 ταύτης,

969 1944 1096 1975 ἐπάνοδος
1109 1945 1175 1979 πρὸς
1188 1944 1272 1979 ζωὴν,
1289 1945 1337 1971 καὶ
1352 1945 1382 1971 τὸ
1399 1945 1440 1976 ὃν,
1455 1945 1504 1971 καὶ
1521 1945 1571 1980 τῆς
1590 1945 1667 1979 ίερᾱς
1687 1944 1756 1979 ἁλη-

969 1991 1042 2022 θείσς
1057 1990 1219 2021 ἀπόλαυσις.
1235 1991 1318 2017 Ὥστε
1345 1991 1405 2022 πῶς
1423 1992 1473 2017 οὐκ
1489 1992 1518 2017 ἐν
1534 1991 1670 2026 βελτίοσιν
1690 1991 1755 2017 £35-

970 2037 1055 2072 μεθα,
1081 2038 1292 2072 ὑποχωροῦντος
1315 2037 1362 2064 τοῦ
1389 2039 1534 2073 σώματος,
1552 2038 1566 2064 ὃ
1584 2037 1633 2072 τὴν
1656 2037 1750 2072 ψυχὴν

969 2081 1062 2116 βρῖθον
1078 2083 1356 2112 συνεπισπᾰταιγκαὶ
1372 2082 1422 2109 οὐκ
1436 2083 1469 2117 ἑᾷ
1485 2083 1552 2117 πρὸς
1569 2082 1615 2108 τὸν
1629 2081 1754 2116 ὑπεροπ-

969 2128 1062 2161 ράνιον
1075 2126 1158 2153 τόπον
1171 2126 1352 2160 κουφίζεσθαι
1361 2135 1369 2159 ;

134 2174 232 2204 potest,
249 2174 277 2196 ut
307 2176 359 2196 non
383 2169 480 2196 melius
500 2169 642 2196 uobiscum
673 2177 779 2205 agatur,
805 2179 917 2208 corpore
937 2174 1091 2206 recedente,
1114 2175 1185 2210 quod
1219 2175 1340 2202 animum
1355 2175 1484 2211 degravat
1515 2181 1597 2211 atque
1623 2174 1753 2208 attrahit,

134 2222 222 2248 neque
234 2214 298 2242 sinit
315 2214 382 2241 ultra
397 2215 480 2243 caelos
491 2215 577 2242 attolli
590 2215 601 2242 ?

207 2259 214 2267 ‘
429 2261 544 2289 CAPUT
572 2262 667 2296 χνιιι.

167 2306 235 2333 Nam
250 2313 315 2333 auro
327 2306 422 2339 etiam,
438 2314 501 2334 eum
511 2308 607 2342 quavis
623 2309 675 2336 alia
702 2311 816 2337 materia
845 2298 914 2339 con:

133 2353 204 2386 fuso,
220 2354 349 2388 quidnam
373 2359 444 2382 esset
463 2355 571 2390 melius,
588 2361 634 2384 aut
645 2358 755 2385 suavius
777 2359 810 2394 (si
834 2360 914 2388 modo

132 2399 196 2433 quid
223 2399 373 2434 prudenti:
394 2400 520 2432 baberet)
551 2409 632 2436 quant
659 2402 694 2430 ab
719 2403 752 2430 iis
780 2406 914 2439 separari,

132 2451 192 2478 quae
203 2451 233 2470 se
246 2443 375 2471 inferiora
388 2450 461 2477 sunt,
475 2453 579 2480 suaque
593 2446 756 2476 admistione
780 2456 914 2483 apparere

133 2496 187 2514 non
204 2488 310 2520 sinunt,
325 2494 456 2523 quantum
472 2490 521 2525 ipsi
536 2492 687 2519 venustatis
716 2493 799 2521 insit‘l
821 2494 914 2529 Itaque

133 2534 253 2561 stultitia:
269 2539 352 2566 esset,
370 2535 531 2569 purgatione
549 2536 592 2563 illa
605 2536 709 2570 dolere,
727 2546 778 2574 qua
801 2541 913 2568 omnino

133 2579 284 2614 perﬁcitur,
306 2583 333 2606 et
347 2580 381 2606 ad
409 2587 486 2607 suam
507 2586 634 2608 naturam
661 2583 741 2610 redit.
772 2585 817 2612 Sic
837 2586 915 2613 nobis

89 2624 94 2628 ’
134 2629 274 2659 propterea
290 2624 484 2661 indignandum
514 2634 568 2653 non
584 2632 635 2660 est,
658 2629 730 2662 quod
765 2638 838 2657 mors
866 2639 915 2658 no-

132 2676 219 2698 strum
234 2671 348 2705 aliquid,
374 2671 487 2706 etquod
511 2679 584 2699 nunc
613 2673 754 2707 habemus,
786 2676 886 2711 abripit
906 2685 913 2703 :

134 2723 222 2750 neque
238 2717 328 2743 statim
349 2717 508 2752 putandum,
528 2717 554 2745 id
569 2718 763 2747 detrimentum
782 2722 861 2749 nobis
873 2723 915 2750 af-

133 2760 217 2793 ferre,
231 2761 253 2788 si
267 2762 431 2789 ablatione")
450 2762 529 2789 istam
546 2763 626 2790 nobis
643 2771 696 2790 non
712 2771 771 2791 esse
792 2766 912 2794 noxiam.

133 2804 343 2834 ostenderimus.
360 2806 473 2840 Quando
487 2808 560 2834 enim
576 2808 724 2840 deteriore,
740 2814 769 2836 et
795 2817 827 2837 eo
841 2812 912 2845 quod

135 2852 279 2886 prohibere
309 2861 357 2881 nos
382 2862 396 2880 a
412 2852 472 2881 vitae
495 2854 615 2889 puritate
637 2859 736 2889 potest,
754 2855 910 2891 liberamur,

1260 2267 1385 2296 ΚΕΦΛΛ.
1402 2267 1455 2295 lll'.

1009 2313 1086 2339 Ἐπεὶ
1100 2312 1147 2339 καὶ
1170 2312 1276 2348 χρυσίῳ
1293 2314 1354 2344 ταῖς
1380 2313 1528 2348 τυχούσαις
1544 2314 1622 2346 ὕλαις
1644 2323 1753 2351 συμπε-

969 2359 1100 2394 φυρμένῳ
1114 2359 1140 2385 τί
1157 2358 1217 2385 ποτ’
1233 2359 1265 2385 ἂν
1279 2357 1313 2394 ἦν
1329 2359 1435 2393 βέλτιον
1460 2360 1476 2394 ἦ
1490 2360 1576 2394 ηδιον,
1594 2361 1622 2386 ei
1633 2369 1665 2395 γε
1681 2363 1754 2397 φρό-

967 2414 1045 2440 νησις
1058 2405 1146 2440 τούτῳ
1160 2406 1261 2440 παρῆν,
1278 2405 1294 2440 ἢ
1313 2405 1481 2440 χωρισθῆναι
1498 2405 1554 2432 τῶν
1565 2406 1648 2432 αὑτοῦ
1659 2411 1756 2443 χειρί-

967 2460 1030 2483 νων,
1048 2452 1096 2477 καὶ
1111 2453 1144 2486 τῇ
1172 2451 1245 2486 μίξει
1277 2451 1315 2486 μὴ
1342 2451 1567 2486 συγχωρούντων,
1586 2452 1650 2479 ὅσον
1674 2455 1755 2488 αὐτῷ

967 2495 1082 2526 κάλλους
1100 2495 1232 2529 πρόσεστι
1257 2494 1421 2529 φαίνεσθαις
1441 2494 1518 2520 Ὠστ’
1541 2496 1655 2530 ἀνόητον
1666 2497 1701 2523 ἂν
1717 2497 1755 2532 ἦν

966 2541 1012 2566 διὰ
1026 2541 1070 2567 τὸν
1088 2540 1233 2575 καθαρμὸν
1250 2542 1356 2567 ἐκεῖνον
1378 2541 1483 2575 ἀλγεῖν,
1499 2540 1533 2568 δι’
1549 2541 1578 2568 δν
1594 2543 1689 2576 σαφῶς
1706 2553 1755 2569 τε-

965 2584 1096 2616 λειοῦται,
1111 2585 1158 2610 καὶ
1173 2584 1241 2618 πρὸς
1251 2584 1300 2619 τὴν
1313 2584 1395 2611 αὐτοῦ
1408 2584 1489 2618 φύσιν
1504 2586 1656 2613 ἐπάνεισιν.
1670 2588 1755 2615 Οὕτω

966 2631 1013 2656 καὶ
1033 2630 1099 2664 ἡμῖν
1110 2631 1161 2664 οὐχ
1175 2631 1216 2656 ὅτι
1231 2631 1286 2657 τῶν
1298 2631 1445 2665 ἡμετέρων
1461 2632 1509 2657 καὶ
1520 2628 1558 2658 ὧν
1574 2631 1621 2659 νῦν
1637 2632 1752 2668 ἔχομεν.

964 2675 1043 2710 ἡμῶν
1072 2675 1251 2709 ἀφαιρεῖται,
1280 2676 1326 2702 διὰ
1349 2676 1422 2702 τοῦτ’
1446 2677 1666 2712 ἁγανακτητέον,
1689 2680 1754 2706 οὐδὲ

963 2721 1066 2756 ζημίαν
1084 2722 1174 2747 έκεῖνο
1188 2721 1282 2756 φέρειν
1294 2721 1374 2753 εὐθὺς
1400 2723 1467 2757 ἡμῖν
1483 2725 1642 2758 νομιστέον,
1656 2725 1690 2751 ἂν
1711 2729 1754 2762 μὴ

963 2767 1033 2802 πρὶς
1058 2767 1143 2793 κακοῦ
1161 2767 1265 2802 ταύτην
1289 2768 1357 2802 ἡμῖν
1380 2768 1430 2803 τὴν
1450 2769 1598 2804 ἀφαίρεσιν
1614 2771 1754 2806 δείξω-,εει

962 2811 1057 2840 οὖσαν.
1072 2814 1145 2845 Ἕως
1161 2814 1185 2840 δ’
1202 2815 1235 2841 ἂν
1251 2813 1298 2841 τοῦ
1321 2815 1455 2850 χείρονος,
1473 2816 1522 2842 καὶ
1541 2816 1589 2843 τοῦ
1612 2818 1685 2853 πρὸς
1701 2819 1754 2853 τὴν

963 2859 1096 2894 εἰλικρινῆ
1113 2860 1186 2896 ζωὴν
1205 2860 1279 2896 ἡμᾶς
1297 2861 1449 2896 δυναμένου
1463 2862 1593 2896 κωλύειν,
1608 2863 1752 2892 ἀπαλλατ-
