1915 3094
155 157 223 191 i201

704 156 754 186 DE
774 152 1058 197 (ΣΟῌΤΕΜΝΕΝΒΑ
1079 153 1211 184 MORTE

1708 155 1788 189 1202‘

154 218 279 252 τώμεθα,
291 216 422 251 οὐδεμίαν
433 215 466 244 ἂν
479 217 544 252 ἡμῖν
556 216 570 242 ὸ
579 215 694 247 Θάνατος
701 215 806 250 ζημίαν
818 215 939 248 ἐνέγκαι.

995 212 1066 240 nihil
1076 212 1169 239 damni
1185 220 1259 241 mors
1278 213 1356 241 nobis
1385 214 1499 242 allatura
1524 220 1575 243 cst.
1604 214 1677 242 Nihil
1705 216 1779 244 cnim

154 263 239 290 Οὐδὲν
257 263 312 298 γὰρ
336 263 402 298 ἡμῖν
416 262 543 298 φοϐερὸν,
559 261 573 288 θ
601 261 639 297 μὴ
662 261 796 296 πρότερον
811 261 844 295 τῇ
863 260 939 294 ψυχῇ

153 309 284 344 χαλεπὸν,
308 307 402 334 καὶτὸ
437 308 609 342 εὐδαιμονεῖν
633 307 701 342 ἡμῖν
725 306 803 333 οὐδὲν
817 305 940 341 ἓτερονῆ

153 355 204 390 τὴν
220 354 310 390 ψυχὴν
333 351 363 380 εὖ
383 353 467 389 ἔχειν,
483 354 569 380 ἐστίν.
588 353 685 388 Ἡμεῖς
702 353 757 388 γὰρ
779 352 873 387 ἐκείνη
892 351 941 378 καὶ

153 400 189 427 τά
205 400 316 435 ἐκείνης
339 400 435 434 ἐσμὲν,
461 400 514 427 κᾶν
527 399 621 434 ἐκείνη
645 399 683 434 μὴ
704 399 818 434 δέχηται
841 399 941 433 πεῖραν

155 446 283 478 θανάτου,
300 446 377 473 οὐδὲν
390 447 421 473 τὸ
439 446 544 473 κωλύον
561 447 607 472 καὶ
623 446 698 481 ἡμᾶς
715 445 876 477 ’ἀθανάτους
893 445 942 472 καὶ

156 490 237 526 εἶναι,
256 493 304 519 καὶ
326 492 467 527 λέγεσθαι.
484 492 522 519 Τὸ
539 492 589 526 μὲν
604 493 659 526 γάρ
683 492 712 517 ἐν
728 492 794 526 ἡμῖν
824 491 941 526 θνῆσκον

157 537 258 573 μικρόν
271 539 301 565 τι
314 539 383 571 ἐστι,
400 539 448 565 καὶ
466 538 514 573 οὐχ
525 539 594 572 ὅπερ
607 538 700 572 ἡμεῖς,
717 537 775 564 ἀλλ’
791 537 941 573 ἡμέτερον,

155 583 204 610 καὶ
220 584 270 610 οὐκ
288 584 321 611 ἂν
338 584 446 611 δύναιτο
469 585 502 620 τῇ
531 584 614 611 αὑτοῦ
643 584 780 620 μεταϐολῇ
804 584 851 610 καὶ
875 584 942 619 ἡμῖν

156 629 274 656 θανάτου
293 629 385 665 ψῆφον
410 630 587 664 ἐπενεγκεῖν·
605 629 702 665 ὥσπερ
720 630 774 656 οὐδ’
796 630 828 658 ἀν
846 638 889 661 τις
903 629 942 663 τῷ

155 675 264 709 σώματι
280 674 330 706 τὰς
352 674 407 701 τῶν
426 675 543 709 ἱματίων
564 675 698 710 πονηρίας
714 675 852 708 λογίσαιτο
863 683 870 690 ·
887 674 942 701 οὐδ’

157 720 190 747 ἃν
202 721 317 747 ἐκείνων
331 722 524 756 ῥηγνυμένων,
539 721 555 757 ἢ
571 721 824 757 κατατριϐομένων,
834 721 882 748 καὶ
894 721 943 748 τοῦ

156 767 283 801 σώματος
312 764 384 794 εἶναι
408 767 496 794 ταῦτα
526 767 600 803 πάθη
626 767 887 803 νομίσειεν.”ομω;
918 768 943 794 ει

156 813 254 839 τούτου
271 813 318 840 τοῦ
345 814 445 848 μικροῦ
463 814 644 848 φθειρομένου
659 814 757 849 θνητὸν
771 813 841 847 ἀξιοῖ
852 822 893 845 τις
909 813 942 840 δι’

155 857 242 883 ἐκεῖνο
262 857 405 883 καλεῖσθαι
431 857 477 884 τὸν
506 858 659 892 ἄνθρωπον,
675 858 750 893 πόσῳ
773 857 942 891 δικαιότερον

155 902 202 928 τοῦ
222 903 354 937 μείζονος,
386 903 434 929 καὶ
461 903 589 930 τοσοῦτον
614 903 806 938 ὑπερέχοντος,
824 903 869 930 καὶ
893 903 943 938 τὴν

155 946 259 980 φθορὰν
276 946 418 978 νικῶντος,
445 947 493 976 καὶ
516 948 654 981 μένοντος,
685 947 827 983 ἄφθαρτον
858 947 942 975 αὐτὸν

155 992 203 1017 καὶ
217 992 312 1027 ἀπαθῆ
335 992 380 1019 διὰ
395 992 475 1018 τοῦτο
494 993 649 1025 καλεῖσθαι,
666 993 697 1019 οὑ
718 993 798 1027 μόνον
820 993 942 1028 καθαρὸς

155 1037 309 1071 ἄνθρωπος,
335 1037 383 1063 καὶ
406 1038 436 1064 ὲν
462 1033 484 1071 ᾧ
501 1037 578 1072 μόνῳ
593 1037 624 1064 τὸ
640 1038 750 1072 φρονεῖν
773 1038 820 1065 καὶ¹
835 1037 942 1072 λογίζε-

156 1084 229 1116 σθαι,
243 1080 284 1115 οἷς
304 1083 360 1110 τῶν
375 1083 478 1110 λοιπῶν
495 1083 572 1116 ζώων
588 1084 732 1118 ἄνθρωπος
750 1084 940 1120 διακρίνεταις

155 1128 171 1163 ἢ
191 1128 281 1156 τοίνυν
304 1129 405 1165 θνητὴν
420 1121 470 1163 τὴν
485 1128 575 1164 ψυχὴν
590 1129 793 1163 ἀποδείξαντες,
808 1129 856 1157 καὶ
872 1130 941 1165 μετά

156 1173 203 1201 τοῦ
218 1175 343 1210 σώματος
358 1174 507 1208 ἀπιοῦσαν,
524 1176 548 1202 ol
564 1175 613 1211 τὴν
631 1174 759 1210 τελευτὴν
777 1175 846 1203 ὅλων
862 1176 940 1211 ἡμῶν

156 1220 296 1249 ἀπώλειαν
317 1220 442 1254 λέγοντες
457 1221 530 1255 ἔχειν
551 1213 615 1248 τινά
631 1221 712 1256 λόγον
734 1222 827 1253 αὐτοῖς
846 1223 894 1249 καὶ
910 1222 941 1249 τδ

156 1265 202 1292 τοῦ
226 1265 343 1293 θανάτου
361 1266 420 1298 δέος
445 1266 614 1293 οῑέσθωσαν·
638 1266 655 1302 ἢ
679 1267 731 1299 ἕως
747 1267 780 1293 ἂν
799 1267 874 1298 Θεδς.
893 1267 941 1294 καὶ

155 1312 179 1338 οἱ
194 1311 270 1346 ὀρθοὶ
291 1312 428 1347 λογισμοὶ,
446 1312 493 1338 καὶ
510 1312 669 1346 φιλοσοφία,
684 1313 733 1340 καὶ
748 1313 781 1339 τὰ
797 1311 858 1339 καθ’
870 1312 941 1347 ὴμέ-

157 1365 208 1392 ραν
232 1358 297 1392 περὶ
315 1357 401 1393 αὐτὴν
419 1358 583 1395 φαινόμενα,
602 1358 721 1393 κρείττω
747 1358 850 1394 φθορᾶς
869 1355 940 1385 εἷναι

155 1403 263 1439 ἐκείνης
274 1403 368 1430 οὐσίαν
383 1403 598 1431 ἀποδεικνύωσιν
607 1411 614 1419 ·
643 1404 882 1440 ἀναθαρῤούντων,
893 1404 940 1431 καὶ

157 1448 195 1483 μὴ
207 1449 276 1485 πρὸς
289 1449 321 1476 τὸ
332 1449 432 1485 χρεὼν,
448 1449 544 1485 ὥσπερ
554 1450 594 1482 είς
609 1458 635 1476 τι
650 1450 798 1486 βάραθρον,
812 1450 875 1477 ὅθεν
890 1450 939 1477 οὐκ

155 1494 230 1522 εστιν
242 1495 384 1529 ἀνάδυσις,
403 1495 607 1531 ἑμπεσούμινοι
622 1495 798 1524 διακείσθων.

452 1565 580 1593 ΚΕΦΔΔ.
594 1563 644 1592 ΙΘ’.

191 1634 289 1674 καίτοι
303 1634 328 1661 εί
344 1634 392 1661 καὶ
408 1634 548 1667 παντελῶς
570 1633 751 1669 ἀφανίζεσθαι
764 1634 810 1661 τὸν
831 1633 938 1670 ἀνθρω-

157 1689 207 1708 πον
236 1679 394 1707 συνέϐαινεν
412 1680 631 1716 ἀποθνήσκοντα,
650 1680 713 1707 οὐδὲ
740 1679 828 1712 οὕτως
853 1679 939 1715 ὲχρῆν

155 1728 189 1762 τῇ
204 1726 251 1753 τοῦ
268 1726 385 1753 Θανάτου
415 1726 511 1761 μνήμῃ
526 1725 680 1762 τρίϐεσθαι,
704 1725 937 1760 ἐνθυμουμένους,

155 1773 226 1799 ὅσων
241 1772 296 1798 τῶν
316 1771 393 1807 παρὰ
413 1771 460 1798 τοῦ
475 1771 603 1805 σώματος
628 1770 719 1806 ἀηδῶν
733 1772 747 1797 6
770 1770 828 1806 βίος
853 1770 939 1806 ἐμπέ-

157 1818 287 1852 πλησται,
298 1817 346 1844 καὶ
359 1817 397 1849 ὡς
410 1817 588 1852 κουφότερον.
600 1816 773 1852 ἀναισθήτως
786 1815 858 1851 ἔχειν
869 1816 939 1851 πρὸς

157 1864 245 1891 πάντα
261 1863 418 1899 ἢτοσοὺτου
433 1862 496 1890 καθ’
512 1862 621 1898 ἡμέραν
635 1862 703 1898 ἡμῖν
718 1862 794 1897 παρά
817 1861 864 1889 τοῦ
887 1861 940 1888 σώ-

158 1917 241 1944 ματος
260 1909 436 1945 ἐγειρομένου
462 1908 595 1943 χειμῶνος
622 1907 784 1942 ἀνέχεσθαι·
814 1907 844 1934 ὃν
869 1907 938 1942 μήτε

156 1955 290 1990 πριονιιν
304 1955 416 1981 δυνατὸν
433 1956 466 1989 τῇ
478 1955 564 1989 ψυχῇ,
580 1955 650 1990 μήτε
671 1954 776 1989 φέρειν,
801 1953 850 1988 τῆς
870 1962 939 1988 συμ-

156 2001 265 2036 πὴξεως
291 2000 370 2036 ἡμῶν
399 1999 442 2027 ἐπ’
475 2000 583 2033 εκείνην
616 2001 652 2026 τὰ
667 1999 765 2027 τούτου
787 1999 938 2034 παθήματα

155 2046 380 2081 διαϐιϐαζούτης.
401 2045 488 2073 Τοῦτο
505 2047 560 2080 γὰρ
583 2046 617 2081 τῇ
641 2045 727 2080 ψυχῇ,
748 2045 844 2080 μέχρις
858 2045 891 2071 ἂν
904 2046 936 2081 τῇ

156 2094 262 2126 γενέσει
285 2091 410 2127 ϐουλεύῃ.
428 2091 546 2126 πάσχειν
567 2090 687 2124 ἀνάγκη,
713 2090 761 2117 καὶ
783 2090 868 2116 πολλὰ
884 2090 938 2117 τῶν

155 2139 204 2165 τοῦ
222 2138 348 2174 σώματος
360 2138 481 2164 ἄκουσαν
499 2137 539 2168 είς
560 2136 660 2170 ἑαυτὴν
673 2136 886 2171 παραδέχεσθαι,
900 2135 938 2167 ὡς

156 2186 190 2214 ἄν
207 2185 246 2220 μὴ
255 2183 396 2215 παντελῶς
408 2182 563 2218 κρατοῦσαν
579 2181 675 2209 αὑτοῦ.
688 2181 764 2208 Ὧςτ*
776 2182 936 2215 ἀναγκαῖον,

992 257 1163 286 formidabile
1174 258 1253 286 nobis
1268 263 1320 291 est,
1335 260 1386 287 nisi
1399 260 1491 287 animo
1515 260 1543 287 in
1568 260 1666 295 primis
1686 269 1781 296 grave,

993 304 1039 336 sit,
1052 308 1078 331 et
1092 303 1207 331 felicitas
1221 308 1314 331 nostra
1326 305 1393 332 nihil
1407 305 1480 333 aliud
1507 310 1558 337 est,
1583 314 1665 340 quam
1694 306 1780 341 proba

994 350 1080 377 animi
1102 350 1273 378 constitutio.
1291 350 1347 378 Nos
1362 351 1434 378 enim
1457 351 1575 382 animus,
1602 355 1631 379 et
1647 351 1781 386 quidquid

993 395 1026 422 ad
1043 403 1104 422 eum
1119 396 1250 430 pertinet,
1267 403 1373 424 sumus.
1396 396 1474 429 Quod
1489 397 1510 423 si
1526 397 1548 424 is
1566 397 1662 424 mortis
1672 398 1782 431 pericu-

992 438 1046 466 lum
1059 447 1115 467 non
1131 440 1197 468 facit
1218 461 1225 473 ,
1247 441 1314 468 nihil
1332 441 1470 476 prohibet,
1486 442 1633 477 quominus
1661 450 1712 469 nos
1730 443 1783 469 im-
1823 452 1852 477 '._

993 486 1124 514 mortales
1137 491 1166 514 et
1179 487 1276 519 simus,
1294 492 1322 514 et
1345 495 1546 522 nuncupemur.
1575 487 1653 521 Quod
1667 488 1740 516 enim
1754 489 1782 515 in

993 529 1072 556 nobis
1088 531 1216 563 moritur,
1232 535 1260 558 et
1279 539 1403 564 parvum,
1422 536 1449 558 et
1461 539 1516 559 non
1535 531 1606 559 idem
1620 533 1693 567 quod
1716 540 1779 566 nos,

993 575 1041 602 scd
1056 580 1179 603 nostrum
1193 576 1323 611 quiddam
1341 582 1393 610 est,
1411 586 1461 606 nec
1479 585 1526 605 sua
1538 579 1690 606 mutatione
1707 586 1758 606 con
1772 575 1779 599 ξ

993 625 1036 648 tra
1053 629 1105 648 nos
1123 622 1219 649 mortis
1248 630 1356 657 quoque
1383 623 1539 659 suffragium
1560 624 1632 651 ferre
1662 629 1752 659 potest
1770 632 1778 651 :

993 665 1222 699 quemadmodum
1235 673 1317 693 nemo
1329 667 1435 701 corpori
1453 668 1538 695 malas
1561 673 1649 696 vestes
1661 668 1781 704 imputa—

993 710 1044 743 hit,
1056 718 1147 745 neque
1177 712 1198 739 si
1215 711 1268 739 illae
1285 717 1459 748 rumpantur,
1491 719 1538 741 aut
1553 715 1728 748 deierantur,
1755 715 1781 742 id

993 756 1101 790 corpOri
1116 757 1242 785 accidere
1263 758 1396 786 censebit.
1429 759 1457 786 Si
1482 765 1575 788 tamen
1599 760 1698 796 exiguo
1730 761 1783 788 hoc

994 800 1161 835 intereunte,
1175 803 1312 831 hominem
1324 804 1428 832 idcirco
1459 806 1601 833 mortalem
1628 806 1780 834 vocandum

995 853 1058 874 esse
1075 848 1137 882 quis
1164 853 1257 883 putet,
1288 855 1391 884 quanto
1410 852 1513 886 aquius
1533 856 1584 883 est,
1607 852 1641 879 oh
1666 853 1693 879 id
1709 853 1781 887 quod

994 895 1082 929 majus
1093 900 1144 927 est,
1166 897 1288 928 adeoque
1303 897 1423 931 excellit,
1445 903 1473 926 et
1490 899 1630 927 interitum
1659 905 1780 934 superat,

991 946 1019 969 et
1043 948 1145 976 manet,
1158 951 1221 970 eum
1236 945 1465 978 etimmorlalem,
1491 951 1519 973 et
1546 946 1614 974 nulli
1626 946 1706 980 zcladi
1733 947 1781 974 ob-

991 989 1101 1016 noxium
1114 992 1225 1019 vocari?
1252 991 1327 1019 Mens
1342 993 1414 1020 enim
1431 993 1500 1026 sola,
1514 1001 1600 1029 purus
1614 994 1695 1021 homo
1713 999 1755 1022 est
1769 1003 1783 1024 εΔ

997 1035 1025 1062 in
1036 1043 1121 1071 eaque
1145 1037 1213 1071 sola,
1241 1039 1387 1073 prudentia
1401 1044 1428 1067 et
1448 1040 1620 1067 ratiocinatio
1645 1041 1704 1068 sita.
1725 1046 1779 1072 cst,

991 1081 1091 1116 quibus
1109 1082 1190 1111 homo
1204 1091 1219 1121 a
1235 1085 1348 1120 reliquis
1372 1086 1558 1113 animantibus
1590 1086 1797 1124 distinguitur._

991 1124 1203 1164 Autigitur‘qui
1221 1130 1324 1158 obitum
1345 1136 1416 1159 totos
1449 1140 1499 1160 nos
1524 1132 1641 1167 perdere
1669 1133 1778 1165 dicunt,

992 1173 1108 1208 aliquam
1124 1175 1250 1203 timendae
1262 1177 1359 1204 martis
1383 1185 1493 1205 causam
1509 1185 1539 1206 se
1554 1178 1655 1207 habere
1671 1184 1784 1214 putent,

990 1219 1038 1245 ubi
1053 1219 1303 1249 demonstraverth
1324 1223 1446 1250 animum
1474 1224 1619 1251 mortalem
1650 1232 1718 1258 esse,
1751 1231 1781 1254 ct

990 1271 1052 1291 cum
1069 1272 1181 1300 corpore
1196 1267 1284 1300 abire,
1318 1273 1365 1295 aut
1377 1270 1466 1303 quoad
1483 1270 1555 1298 Deus
1572 1275 1599 1298 et
1619 1276 1692 1299 recta
1711 1272 1781 1300 ratio

990 1317 1018 1337 et
1032 1310 1216 1346 philosophia,
1232 1318 1260 1341 et
1274 1321 1305 1341 ea
1322 1322 1381 1348 quae
1402 1315 1428 1342 in
1459 1315 1519 1351 ipso
1540 1317 1632 1344 animo
1657 1318 1781 1352 quotidie

990 1361 1134 1390 apparent,
1162 1358 1359 1392 demonstrant,
1388 1359 1448 1394 ejus
1483 1361 1632 1389 essentiam
1665 1362 1793 1390 interire

990 1408 1045 1428 non
1058 1409 1147 1436 posse,
1164 1403 1298 1439 recipiant
1310 1405 1444 1440 animum,
1462 1414 1551 1441 neque
1563 1407 1600 1435 ita
1612 1415 1675 1444 erga
1693 1409 1779 1436 fatum

989 1446 1079 1474 allecti
1099 1448 1166 1480 sint,
1182 1449 1261 1484 quasi
1290 1450 1318 1477 in
1337 1450 1495 1479 barathrum
1511 1453 1660 1488 quoddam,
1676 1461 1708 1482 ex
1722 1462 1778 1490 quo

989 1492 1082 1520 nullus
1094 1501 1233 1529 regressus
1248 1500 1349 1531 pateat,
1367 1498 1456 1525 casuri
1472 1498 1538 1525 sint.

1289 1563 1404 1592 CAPUT
1433 1565 1504 1593 ΧΙΧ.

1024 1627 1126 1661 Quodsi
1143 1637 1208 1658 vero
1223 1630 1362 1660 hominem
1377 1638 1466 1662 morte
1483 1635 1595 1670 penitus
1610 1637 1695 1666 deleri
1713 1647 1779 1667 con-

989 1674 1116 1709 tingeret,
1132 1682 1167 1703 ne
1183 1676 1223 1703 sic
1243 1677 1352 1711 quidem
1365 1680 1459 1706 mortis
1475 1678 1777 1720 memoriaquemquam

988 1719 1068 1756 allligi
1081 1726 1230 1756 oporteret,
1240 1723 1287 1750 sed
1300 1724 1473 1759 cogitandum
1487 1726 1579 1761 potius
1594 1734 1677 1763 esset,
1688 1719 1782 1765 quan-V

989 1766 1026 1793 tis
1045 1768 1168 1802 corporis
1185 1768 1318 1798 molestiis
1330 1770 1382 1797 vita
1394 1770 1493 1801 referta
1521 1772 1568 1807 sit,
1583 1778 1612 1802 et
1624 1782 1728 1810 quanto
1742 1778 1782 1805 sit

988 1811 1087 1846 levius,
1106 1814 1196 1841 omnis
1209 1821 1306 1844 sensus
1320 1822 1459 1851 expertem
1474 1826 1551 1852 esse,
1577 1827 1657 1855 quam
1674 1826 1776 1853 tantam

990 1861 1189 1893 tempestatem,
1203 1868 1265 1897 qua:
1280 1869 1295 1891 a
1311 1869 1427 1897 corpore
1443 1864 1523 1892 nobis
1550 1865 1577 1894 in
1598 1867 1658 1895 dies
1672 1869 1787 1898 excitu-t.

989 1909 1044 1937 tur,
1059 1905 1185 1938 tolerare,
1201 1914 1282 1941 quam
1299 1908 1409 1935 animus
1423 1917 1511 1945 neque
1532 1911 1670 1947 frangere,
1686 1922 1776 1950 neque

995 1950 1066 1979 ft-rre
1080 1956 1180 1986 potest.
1192 1960 1253 1981 cum
1271 1961 1415 1990 compages
1430 1961 1535 1988 nostra,
1571 1960 1694 1992 corporis
1709 1960 1777 1993 alre-

989 1997 1094 2025 ctiouos
1107 1998 1142 2026 ad
1156 2006 1216 2025 emn
1235 2000 1409 2028 transmittat.
1432 2001 1498 2028 Nam
1527 2002 1578 2030 hoc
1603 2004 1702 2035 animo
1726 1998 1776 2033 nc-

989 2044 1110 2070 cessario
1130 2044 1270 2073 ferendum
1284 2050 1335 2078 est,
1355 2047 1418 2074 dum
1430 2049 1599 2083 generationl
1626 2051 1724 2084 servit,
1749 2057 1777 2079 ct

988 2089 1074 2115 multa
1088 2097 1148 2123 qua:
1162 2091 1194 2116 ad
1209 2098 1308 2126 corpus
1323 2093 1452 2126 attinent,
1482 2094 1567 2122 invito
1591 2096 1627 2127 in,
1646 2104 1676 2123 se
1703 2098 1773 2128 reci-

988 2134 1086 2169 pienda
1099 2140 1172 2166 sunt.
1188 2139 1218 2162 ut
1233 2137 1279 2171 qui
1296 2137 1332 2164 illi
1351 2145 1404 2165 non
1423 2140 1534 2175 penitus
1563 2141 1688 2174 imperet.
1705 2143 1776 2176 Qua;

987 2187 1017 2206 re
1032 2179 1130 2207 inﬁniti
1144 2181 1251 2209 labores
1266 2184 1421 2212 necessario
1445 2185 1525 2215 nobis
1555 2187 1616 2222 eius
1632 2195 1713 2219 causa
1727 2197 1772 2215 ca-

156 2229 298 2263 ἀπέραντα
326 2229 418 2254 πονεῖν
446 2227 532 2261 ἡμᾶς,
559 2225 713 2260 ἀμύνοντας
737 2225 776 2260 τῷ
804 2225 936 2259 μηδέποτ’

991 2225 1083 2260 piendi
1095 2232 1170 2260 sunt,
1185 2228 1256 2262 quod
1270 2236 1409 2264 nunquam
1433 2238 1487 2258 non
1512 2231 1538 2259 id
1555 2232 1627 2260 bello
1658 2234 1772 2269 petitur,

156 2273 235 2305 ἔκτδς
249 2271 345 2299 ἑστῶτι
362 2270 496 2305 πολέμου,
511 2269 559 2296 νῦν
575 2269 625 2303 μὲν
642 2269 687 2295 τδν
698 2268 777 2303 λιμὸν
796 2269 870 2302 αὑτῷ
887 2276 939 2294 πα-

157 2317 394 2358 ραμυθουμένους,
408 2317 503 2343 ἄλλοτε
527 2316 573 2342 καὶ
590 2315 640 2350 τὴν
655 2314 735 2350 δίψαν
755 2314 917 2346 σϐεννύντας
930 2322 938 2330 ·

156 2366 203 2393 καὶ
216 2365 281 2394 ποτε
299 2364 349 2399 μὲν
366 2363 442 2398 αὐτῷ
460 2361 641 2397 προϐλήματα
661 2361 729 2396 πρὸς
753 2360 840 2395 ψῦχος
854 2368 939 2387 κατα-

157 2411 351 2443 σκευάζοντας,
376 2409 440 2436 ποτὲ
460 2409 488 2435 δὲ
515 2407 584 2442 πρὸς
604 2406 699 2442 καῦμα
724 2407 939 2442 μηχανωμένους

156 2456 233 2492 αὒτῷ
248 2454 421 2485 καταδύσεις.
437 2454 490 2480 Καὶ
507 2451 603 2479 σιωπῶ
622 2452 672 2483 τὰς
686 2452 758 2487 ὑπὲρ
770 2451 819 2478 τοῦ
840 2459 938 2486 πορισι

158 2503 211 2540 μοῦ
223 2503 339 2534 τούτων,
354 2501 425 2528 κατά
441 2508 472 2526 τε
496 2500 548 2534 γῆν
563 2498 610 2525 καὶ
633 2498 765 2525 θάλατταν
782 2497 939 2532 ἀποδημίας

156 2550 202 2580 καὶ
215 2549 264 2581 τὰς
278 2548 347 2584 ὑπὶρ
360 2545 454 2574 ὀϐολοῦ
465 2545 596 2576 πολλάκις
609 2544 774 2579 καταράτοις
783 2543 939 2578 ἀνθρώποις

156 2592 368 2630 προσαγομένας
397 2590 518 2621 θωπείας
540 2597 570 2615 τε
600 2590 647 2615 καὶ
667 2587 895 2623 δουλοπρεπείας·
924 2587 939 2614 δ

157 2641 228 2670 τίνος
243 2638 273 2666 ὃν
287 2637 437 2673 βαρύτερον
454 2635 553 2670 βρόχου
571 2633 717 2669 ἀνθρώπῳ,
738 2633 786 2661 καὶ
807 2633 880 2661 κατὰ
893 2641 939 2668 μι-

157 2686 224 2721 κρὸν
256 2683 353 2710 ἑαυτοῦ
380 2682 537 2718 ᾐσθημένῳ,
567 2680 614 2706 καὶ
641 2679 800 2714 θεωροῦντι,
821 2679 938 2713 ἀφότου

157 2731 286 2766 ἀληθείας
306 2729 354 2756 καὶ
376 2728 476 2763 ἀρετῆς
494 2726 579 2760 ὕψους
604 2727 644 2757 εἰς
672 2726 732 2752 οῐαν
755 2725 939 2752 καταπίπτειν

160 2775 331 2813 βωμολοχίαν
353 2775 401 2801 καὶ
421 2773 561 2800 εὐτέλειαν
585 2771 787 2806 ἀναγωάζεταη
805 2772 838 2799 Τί
861 2771 885 2798 δ’
906 2771 940 2799 av

158 2823 230 2850 είποι
243 2830 285 2853 τις
298 2821 346 2852 τὶς
359 2821 389 2847 ιν
401 2820 461 2851 ¹ιιιίς
476 2817 661 2849 παντοδαπαῖς
674 2817 762 2850 νόσοις
773 2817 881 2850 ὀδύνας,
892 2818 941 2845 καὶ

158 2869 188 2896 ab
207 2868 336 2899 πολλάκις
364 2866 414 2903 μὲν
437 2864 509 2893 οὕτω
524 2864 556 2891 τὺ
585 2863 664 2900 σῶμα
680 2863 938 2899 διαϐιϐρώσκεσθαι,

989 2270 1054 2297 dum
1065 2270 1133 2298 alias
1148 2271 1246 2300 famem
1259 2273 1318 2307 ejus
1332 2275 1470 2308 sedamus,
1488 2276 1554 2308 alias
1567 2277 1642 2305 sitim
1668 2279 1775 2311 exstiti,—

989 2316 1107 2351 guinlus,
1121 2317 1190 2345 alias
1200 2318 1285 2354 frigus
1301 2319 1336 2347 ab
1352 2327 1385 2348 eo
1401 2322 1598 2357 propulsamus,
1618 2324 1685 2351 alias
1706 2325 1787 2359 Ιριτι,Δ

988 2368 1048 2395 qua
1063 2366 1144 2390 a-stus
1175 2364 1310 2392 devitandi
1339 2373 1419 2394 causa
1448 2367 1554 2400 subeat,
1579 2371 1774 2405 exeivgitamus.

989 2406 1079 2437 Taceo
1103 2409 1346 2447 peregrinationes,
1371 2416 1444 2440 terra
1475 2414 1599 2449 marique
1623 2404 1774 2452 susceptas,

988 2453 1085 2482 harum
1099 2462 1190 2482 rerum
1206 2457 1386 2491 parandarum
1416 2467 1497 2490 causa
1506 2468 1519 2490 _:
1539 2461 1727 2494 etIhlanditias
1742 2471 1774 2492 ac

988 2501 1103 2529 serviles
1119 2507 1228 2539 gestus;
1244 2503 1290 2537 qui
1306 2511 1376 2539 saepe
1391 2510 1501 2540 propter
1512 2506 1618 2534 obolum
1629 2515 1775 2540 exsecran-

988 2546 1030 2574 dis
1043 2547 1202 2576 hominibus
1227 2553 1401 2583 praestantur.
1428 2550 1493 2584 Quae
1522 2559 1576 2585 res,
1605 2560 1661 2588 quo
1679 2554 1775 2589 laqueo

989 2591 1096 2626 gravior
1107 2596 1149 2619 est
1163 2592 1274 2627 homini,
1288 2595 1334 2629 qui
1349 2595 1390 2622 vel
1402 2596 1514 2627 minima
1529 2604 1563 2624 ex
1583 2602 1660 2632 parte
1671 2605 1774 2627 semet-

988 2637 1076 2671 ipsum
1093 2638 1169 2667 novit
1197 2643 1223 2666 et
1250 2640 1416 2674 considerat,
1432 2649 1449 2672 a
1472 2646 1575 2677 quanto
1599 2643 1723 2672 veritatis
1747 2651 1774 2673 et

988 2682 1096 2711 virtutis
1113 2683 1231 2720 fastigio.
1247 2686 1282 2715 ad
1295 2694 1363 2723 quas
1379 2695 1476 2721 nugas,
1501 2692 1530 2714 et
1547 2688 1710 2723 quisquilias
1723 2691 1772 2719 de-

989 2728 1080 2756 cidere
1091 2730 1224 2765 cogatur?
1245 2731 1304 2759 Jam
1319 2732 1383 2766 quid
1397 2732 1432 2760 de
1446 2733 1582 2760 variorum
1615 2735 1773 2764 morborum

989 2773 1127 2802 doloribus
1139 2774 1282 2803 dicendum
1294 2777 1357 2804 est?
1379 2784 1441 2804 cum
1457 2784 1529 2812 saepe
1544 2785 1644 2812 corpus
1659 2779 1696 2806 ita
1709 2788 1773 2807 cro-

989 2819 1078 2852 datur,
1092 2825 1122 2847 ut
1137 2820 1180 2847 vix
1191 2820 1355 2850 calamitosas
1384 2819 1485 2851 veteris
1511 2824 1629 2853 hominis
1654 2827 1774 2860 reliquis

990 2865 1150 2901 supersint?
1180 2866 1271 2895 Miseri
1290 2867 1370 2903 igitur
1399 2876 1454 2897 non
1472 2870 1552 2899 modo
1576 2879 1629 2906 non
1658 2879 1772 2908 possunt
