1915 3094
660 40 666 53 l

137 100 207 132 1‘20"!

774 103 959 134 DEMETRH
983 103 1140 134 CYDONH

1693 100 1767 132 1208

133 156 213 191 gibus
232 156 303 184 diem
333 161 540 193 expavescunt:
557 162 585 186 et
614 165 675 185 cum
703 164 761 185 eam
788 159 918 186 accedere

988 168 1076 191 ονται,
1086 160 1144 186 δέον
1158 154 1314 191 αὐτοὺς,ὢν
1328 157 1493 192 ἐτόλμησαν,
1503 156 1610 192 ἄρχειν.
1624 156 1764 192 Πέμπτη,

131 202 361 237 animadvertunt,
397 203 599 236 exanimantur.
616 211 678 231 cum
693 203 726 231 iis
756 203 922 232 facinoribus

131 255 194 282 quae
224 248 432 281 commiserunt,
465 250 599 283 imperare
624 249 794 277 debuissent.
826 251 920 283 Aiunt,

100 299 106 302 ·
132 292 238 326 quinta.
254 298 361 328 quarta,
376 294 465 327 tertia,
477 295 576 322 deinde
586 302 618 322 ea
634 303 715 330 quam
728 294 844 322 maxime
864 302 922 321 om-

133 339 209 366 nium
223 340 327 367 dierum
339 340 434 372 timeo,
447 345 474 368 et
489 340 599 374 horreo,
621 345 648 368 et
661 347 800 368 exsecror.
830 340 922 372 Miser,

133 387 272 419 quodnam
292 386 401 413 estdiei
427 386 534 418 vilium,
566 391 676 421 propter
700 386 772 421 quod
799 393 857 413 eam
888 386 923 412 ila

135 431 322 458 abominaris?
339 438 403 458 cum
418 431 513 458 eadem
537 435 565 458 et
597 431 673 458 multi
706 430 873 462 sacrificent,
895 435 924 457 et

136 476 282 504 lihationes
296 477 330 504 ob
346 477 475 504 victorias
491 476 620 510 oﬂ'erant,
634 481 661 503 et
680 484 794 504 coronas
807 481 921 511 gestent.

136 527 164 550 et
182 531 272 550 rerum
297 523 366 550 bene
393 529 528 559 gestarum
559 523 667 558 przemia
699 522 926 557 consequamur?

135 565 175 592 'l‘u
193 574 257 594 vero
272 563 427 600 petulantias
450 567 569 598 deditus,
599 566 673 593 velut
700 566 719 592 ii
745 565 792 600 qui
819 565 890 592 diem
911 573 925 592 a

138 611 243 646 legibus
260 611 418 645 pra-finitam
448 616 619 646 exspectant,
646 611 736 638 times.
763 611 845 646 Atqui
873 610 927 638 illis

137 658 254 685 evadere
270 666 324 685 non
343 658 415 690 licet,
442 657 487 685 ubi
505 657 589 686 semel
614 657 789 685 condemnati
814 656 925 685 fuerint.

138 702 222 730 Nobis
239 708 330 730 autem
350 703 522 738 paenitentia,
545 707 572 730 ct
587 702 648 730 vitae
673 701 824 730 modestior
847 702 926 729 insti-

138 749 218 781 tutio,
240 748 262 776 si
277 748 398 776 actiones
429 753 535 775 nostras
563 748 613 782 ipsi
641 747 925 780 condemnaverimus,

139 795 245 822 irritum
261 794 323 821 facit
342 798 419 821 atrox
432 793 498 821 illud
516 793 685 828 suffragium,
698 798 727 821 et
739 801 815 828 spem
831 793 928 821 melio-

139 849 196 868 rem
211 840 376 875 suppeditat.
394 839 494 873 Quodsi
524 847 590 875 ergo
607 847 638 867 ea
655 847 715 874 qum
738 844 852 867 mortem
884 847 927 867 se-

139 886 331 921 quuntur,hos
343 885 377 912 ad
393 893 454 912 eam
485 886 659 913 metuendam
685 893 750 914 vere
774 885 926 921 impellunt,

141 932 203 959 vitae
215 931 484 959 correctiotimorem
499 931 574 958 illum
592 931 758 959 consoletur.
784 931 821 958 Ea
847 939 930 966 porro

141 977 170 1004 in
183 981 273 1004 nostra
287 981 421 1012 potestate
433 982 483 1009 est,
510 984 542 1004 ac
569 977 708 1005 voluntate
720 982 824 1005 tantum
849 985 928 1012 opus.

141 1029 169 1052 et
184 1024 223 1051 sic
238 1024 320 1050 timor
331 1029 484 1057 evaneseet,
505 1029 532 1052 ct
554 1024 725 1056 admiranda,
743 1024 804 1052 loco
831 1024 930 1059 prioris

143 1069 325 1104 tempestatis,
339 1069 521 1104 tranquillitas
540 1069 566 1096 iu
582 1069 683 1097 animis
704 1070 828 1103 exsistet,
860 1068 930 1102 Quid

144 1116 228 1151 igitur
241 1115 332 1142 verbis
343 1123 411 1150 opus
426 1115 486 1143 est?
499 1123 560 1142 cum
585 1115 769 1143 calamitatum
793 1116 931 1150 depulsio-

146 1169 209 1188 nem
225 1165 329 1189 lantum
347 1169 401 1188 non
415 1161 442 1189 in
460 1161 585 1189 manibus
611 1161 782 1190 habeamus?
803 1162 851 1189 Sin
870 1163 933 1198 quis

147 1214 232 1243 putet,
261 1209 343 1236 vitam
357 1207 457 1236 virtute
473 1208 610 1242 praeditam
624 1208 777 1240 molestam,
806 1213 834 1236 et
857 1216 933 1236 rece-

146 1259 222 1289 ptum
238 1254 271 1281 ad
285 1254 353 1281 hanc
369 1261 383 1280 a
399 1253 596 1288 voluptatibus,
625 1260 681 1280 non
698 1254 818 1289 cujusvis
845 1253 934 1282 homi»

147 1300 191 1327 uis
205 1307 266 1327 esse
280 1300 431 1333 existimet;
445 1300 468 1327 ei
484 1300 552 1326 satis
564 1303 689 1333 apparet,
717 1299 826 1326 timoris
852 1300 934 1334 hujus

147 1353 254 1372 causam
267 1353 327 1373 esse
340 1345 483 1380 quamdam
500 1345 585 1373 animi
599 1344 808 1373 dissolutionem
822 1351 850 1372 ct
865 1345 934 1372 mol-

149 1391 242 1417 litiem.
259 1389 326 1417 Nam
340 1390 428 1418 omnis
437 1393 524 1417 metus
539 1388 597 1416 fore
608 1394 738 1423 expertes
751 1396 799 1417 eos
824 1389 871 1424 qui
895 1390 935 1417 di-

150 1434 287 1469 ligentiam
305 1434 434 1462 adhibere
444 1434 540 1467 velint,
557 1434 615 1468 ipse
635 1434 728 1470 utique
757 1435 935 1463 assentietur.

150 1481 220 1515 Ergo
234 1488 288 1508 non
305 1480 339 1507 ab
351 1480 407 1514 ipsa
421 1487 449 1507 re
466 1484 554 1507 metus
569 1480 687 1510 exsistit.
700 1479 747 1507 sed
779 1480 814 1508 ab
839 1489 934 1508 corum
950 1498 970 1526 ε

150 1526 276 1559 stultitia,
289 1526 334 1562 qui
350 1533 380 1554 se
392 1526 490 1560 corrigi
529 1526 634 1554 nolunt.
662 1525 802 1562 Tanquam
827 1527 850 1555 si
874 1528 935 1565 quis

150 1573 300 1606 fraudator.
314 1581 375 1600 cum
394 1573 420 1600 in
434 1573 480 1608 jus
494 1573 621 1607 trahitur,
649 1574 747 1602 omissa
775 1574 837 1601 teris
854 1574 936 1601 alieni

150 1620 334 1651 restitutione.
347 1620 510 1655 adjutlicem
525 1627 677 1651 accurrere,
716 1625 796 1655 atque
823 1619 935 1654 supplex

151 1666 188 1693 illi
204 1673 265 1693 esse
279 1666 355 1699 uolt,
371 1666 417 1694 sed
437 1667 527 1701 potius
548 1666 600 1693 iter
621 1667 655 1693 ad
669 1666 743 1693 illum
774 1672 803 1693 ut
826 1666 937 1700 longum

151 1712 252 1746 culpet,
266 1716 291 1738 et
303 1712 390 1739 otiose
402 1712 541 1742 desidens,
552 1712 584 1740 iis
602 1719 662 1746 quae
677 1719 724 1746 per
737 1711 864 1745 iujuriam
879 1711 939 1738 abs-

153 1759 268 1789 tulisset.
288 1758 339 1785 frui
353 1759 426 1790 velit,
450 1763 544 1793 postea
575 1762 684 1786 accuset
711 1765 769 1789 eos,
792 1765 807 1784 a
837 1757 936 1792 quibus

152 1803 295 1830 damnatus
314 1808 397 1835 esset,
412 1808 457 1830 aut
472 1804 555 1830 etiam
580 1803 649 1830 alios
677 1808 775 1837 przcter
799 1802 935 1831 meritum.

156 1848 281 1880 lleiucus,
293 1850 405 1876 restitue
419 1849 456 1882 id,
474 1849 545 1884 quod
560 1853 652 1876 contra
670 1848 743 1882 leges
766 1848 883 1880 detines,
912 1852 940 1874 et

150 1895 258 1929 judices
275 1904 327 1922 non
348 1896 428 1922 modo
455 1895 481 1922 in
502 1899 528 1922 te
549 1902 604 1921 non
632 1894 862 1925 animadverteut,
893 1893 941 1920 sed

975 207 1053 239 φασὶ,
1071 205 1182 241 τετρὰς,
1197 205 1288 239 τρίτη,
1310 204 1435 239 δευτέρα,
1449 201 1500 230 εἷθ’
1518 204 1552 239 ἢν
1566 202 1624 237 ὲγὼ
1643 203 1769 237 μάλιστα

975 252 1072 279 πασῶν
1095 251 1206 287 ἡμερῶν
1219 251 1337 282 δέδοικα.
1361 250 1410 277 καὶ
1432 250 1566 285 πέφρικα,
1583 251 1630 276 καὶ
1649 249 1769 284 βδελύτ-

974 307 1068 334 τομαι.
1082 297 1203 332 Σχέτλιε,
1223 297 1270 323 καὶ
1286 298 1327 328 τίς
1349 297 1366 331 ὴ
1382 296 1431 330 τῆς
1443 296 1552 330 ἡμέρας
1567 296 1665 327 κακία,
1682 295 1719 321 δι’
1731 296 1769 330 ἦν

976 344 1047 371 οὕτω
1075 343 1177 377 ταύτην
1197 342 1338 378 βδελύττῃ.
1363 342 1391 368 ἔν
1469 341 1563 368 πολλοὶ
1585 341 1695 373 θύουσι,
1719 342 1769 367 καὶ

977 390 1139 417 σπένδουσιν
1162 389 1296 420 ὲπινῖκια,
1312 387 1360 414 καὶ
1386 385 1595 421 στεφανοῦνται,
1619 385 1670 412 καὶ
1691 385 1770 417 lay-

978 436 1107 463 ϐάνουσιν
1122 435 1265 471 opta-rain;
1280 433 1312 460 σὺ
1322 433 1344 460 δ’
1354 433 1506 460 ἀκολασίαν
1515 433 1653 467 ἀσκήσας,
1666 431 1768 466 ὥσπερ

977 482 1001 509 ol
1019 480 1104 516 ῥητὴν
1121 480 1196 515 παρὰ
1214 480 1268 506 τῶν
1285 479 1376 514 νόμων
1393 478 1608 514 προσδεχόμενοι
1627 477 1768 508 δέδοικας.

978 525 1076 551 Καίτοι
1091 523 1204 555 ὲκείνοις
1221 523 1271 558 μὲν
1290 524 1340 550 οὐκ
1355 523 1430 550 ἔστιν
1452 523 1605 556 ἀποφυγεῖν
1621 521 1697 554 ᾶπαξ
1716 529 1770 547 κα-

978 570 1190 604 τεγνωσμένοις,
1215 570 1282 604 ἡμῖν
1310 569 1339 595 δὲ
1374 569 1390 603 ἡ
1412 568 1542 602 μετάνοια
1569 567 1619 594 καὶ
1645 567 1677 594 τὸ
1712 569 1770 593 τῶν

979 616 1186 651 πεπραγμένων
1203 615 1270 650 ἡμῖν
1293 614 1385 645 αὐτοῖς
1401 613 1630 648 ὲπιτιμήσαντας,
1647 612 1721 648 πρὸς
1738 613 1771 638 τὸ

979 662 1201 698 σωφρονέστερον
1225 661 1358 689 διαθεῖναι
1371 660 1418 687 τὸν
1445 659 1512 695 βίον,
1525 661 1576 695 τὴν
1593 658 1770 693 σκυθρωπὴν

978 710 1039 736 λύει
1053 709 1154 744 ψῆφον,
1173 708 1220 735 καὶ
1233 708 1325 735 δίδωσι
1342 707 1409 742 περὶ
1421 706 1476 733 τῶν
1487 705 1679 741 χρηστοτέρων
1690 703 1772 730 ἑλπί-

980 756 1049 789 ζειν.
1061 756 1093 783 Εί
1106 755 1197 782 τοίνυν
1210 754 1316 785 τούτοις
1331 753 1364 780 τὰ
1378 753 1449 788 μετὰ
1464 753 1579 779 θάνατον
1593 751 1683 777 αἴτιον
1697 749 1772 785 πρὸς

980 802 1112 838 ἀλήθειαν
1138 801 1185 827 τοῦ
1210 799 1362 828 δεδοικέναι
1382 799 1427 825 τδν
1450 797 1577 831 θάνατον,
1604 797 1621 832 ἡ
1643 795 1691 822 τοῦ
1709 795 1771 829 βίου

978 848 1123 884 διόρθωσις
1139 847 1169 873 τδ
1183 846 1242 878 δέος
1257 844 1476 881 παραμυθείσθω
1488 851 1496 858 ·
1513 844 1607 878 ἐκείνη
1623 841 1668 876 ἐφ’
1689 842 1773 876 ἡμῖν,

980 895 1028 922 καὶ
1042 892 1206 929 βουληθῆναι
1219 892 1260 919 δετ
1286 891 1377 926 μόνον⁹
1401 891 1450 917 καὶ
1465 889 1552 920 οὕτως
1573 888 1589 914 ὀ
1614 889 1664 923 μὲν
1685 886 1774 921 φόδκ

980 941 1133 976 οἰχήσεται,
1161 938 1310 974 θαυμαστὴ
1339 937 1367 964 δέ
1384 945 1428 968 τις
1454 935 1562 971 γαλήνη
1587 935 1650 966 ταῖς
1667 933 1776 968 ψυχαῑς

981 986 1043 1012 ἀντὶ
1056 985 1103 1012 τοῦ
1121 984 1186 1019 πρὶν
1202 983 1339 1020 χειμῶνος
1365 980 1623 1016 ἀντεισαχθήσεται.
1641 979 1729 1005 Ὥστε
1746 977 1776 1003 τί

981 1032 1021 1059 δεῖ
1035 1031 1083 1059 καὶ
1097 1030 1200 1065 λέγειν.
1217 1029 1297 1065 μόνον
1313 1029 1363 1056 οὐκ
1382 1028 1412 1055 ὲν
1432 1028 1524 1062 χεροῖν
1536 1026 1587 1061 τὴν
1600 1025 1656 1052 τῶν
1673 1024 1777 1052 δεινῶν

982 1077 1059 1103 λύσιν
1079 1076 1207 1111 ἔχοντας;
1230 1075 1260 1101 El
1278 1073 1307 1101 δέ
1328 1082 1370 1105 τις
1389 1072 1508 1108 δυσχερῆ
1523 1071 1569 1099 τὸν
1590 1070 1650 1106 μετ’
1666 1070 1776 1106 ἀρετῆς

984 1123 1042 1156 βίον
1057 1122 1179 1157 ἡγεῖται,
1196 1121 1240 1148 καὶ
1256 1119 1306 1155 τὴν
1320 1120 1367 1146 ἰπὶ
1393 1118 1489 1146 τοῦτον
1512 1118 1568 1145 ἀπὸ
1592 1116 1647 1144 τῶν
1665 1117 1775 1152 ἡδονῶν

983 1168 1159 1203 ἀναχώρησιν
1173 1167 1205 1194 οὺ
1220 1166 1323 1197 παντὸς
1338 1165 1434 1200 ἀνδρδς
1457 1163 1538 1199 ἔργον
1552 1161 1624 1190 εἴναι
1642 1162 1755 1196 νομίζει
1765 1170 1774 1178 ·

983 1213 1092 1241 ἔκλυσιν
1106 1204 1167 1240 τινα
1183 1212 1230 1240 καὶ
1251 1211 1389 1248 μαλακίαν
1406 1209 1497 1245 ψυχῆς
1514 1208 1562 1236 τοῦ
1579 1208 1657 1240 δέους
1672 1208 1774 1234 τούτου

984 1259 1064 1294 δῆλός
1079 1260 1153 1285 ἐστιν
1168 1257 1341 1293 αἰτιώμενος.
1357 1257 1421 1288 Τοῖς
1434 1256 1489 1291 γὰρ
1501 1254 1675 1289 βουλομένοις
1688 1261 1777 1279 σπου-

985 1304 1076 1335 δάζειν
1086 1303 1153 1330 ἀδεᾶ
1167 1302 1257 1329 πάντα
1279 1301 1392 1328 ἔσεσθαι
1407 1301 1455 1327 καὶ
1471 1299 1553 1331 αὐτὸς
1570 1297 1708 1334 δήπουθεν
1726 1306 1776 1323 συ-

985 1347 1176 1383 νομολογήσει.
1193 1347 1230 1373 Οὐ
1245 1345 1321 1380 παρὰ
1342 1344 1388 1372 τοῦ
1407 1344 1571 1379 πράγματος
1584 1342 1676 1369 τοίνυν
1694 1343 1708 1368 δ
1726 1341 1776 1375 φά»

986 1393 1043 1426 6ος,
1061 1393 1127 1420 ἀλλὰ
1145 1393 1220 1428 παρὰ
1241 1392 1292 1426 τῆς
1315 1390 1369 1418 τῶν
1394 1389 1432 1425 μὴ
1457 1389 1630 1425 βουλομένων
1655 1388 1775 1417 ἑαυτοὺς

987 1437 1125 1469 παιδεύειν
1140 1437 1321 1472 ἀδελτηρίας·
1345 1436 1439 1470 ὥσπερ
1458 1436 1491 1465 ἂν
1507 1435 1535 1461 εῖ
1549 1443 1591 1466 τις
1616 1435 1777 1467 ἀποστερη-

987 1484 1037 1518 τὴς
1052 1484 1197 1516 simam;
1211 1482 1257 1507 ἐπὶ
1279 1480 1471 1515 δικαστήριον,
1489 1479 1570 1513 ἀφεὶς
1590 1478 1640 1513 τὴν
1662 1477 1777 1512 ὀφειλὴν

990 1527 1178 1557 διαλύσασθαι,
1194 1527 1211 1562 ἢ
1227 1527 1274 1553 καὶ
1289 1525 1364 1561 παρὰ
1377 1525 1423 1552 τὸν
1435 1525 1568 1559 δικαστὴν
1588 1523 1704 1560 δραμὼν
1719 1524 1778 1550 ἱκε-

989 1574 1088 1604 τεύειν,
1101 1574 1114 1599 ὁ
1126 1572 1214 1607 δὲτὴν
1238 1571 1287 1607 μὲν
1303 1572 1349 1597 ἐπὶ
1364 1570 1459 1597 τοῦτον
1473 1570 1531 1596 ὁδὸν
1553 1569 1592 1600 ὡς
1607 1569 1719 1604 μακρὰν
1733 1569 1776 1594 al-

991 1620 1080 1655 τιῷτο,
1098 1619 1152 1645 τῶν
1171 1619 1199 1645 δὲ
1214 1618 1307 1649 κακῶς
1322 1616 1527 1652 ἀφαιρεθέντων
1552 1615 1676 1651 βούλοιτο
1689 1615 1778 1650 καθή-

993 1674 1070 1701 μενος
1083 1664 1250 1692 ἀπολαύειν·
1269 1664 1363 1690 ἔπειτα
1378 1663 1432 1689 τῶν
1449 1662 1675 1696 κατεγνωκότων,
1693 1662 1711 1697 ἢ
1731 1661 1780 1688 καί

989 1721 1071 1740 τινων
1084 1712 1173 1739 ἄλλων
1192 1712 1229 1746 μὴ
1243 1710 1440 1746 προσηκόντως
1455 1708 1635 1743 κατηγοροίη.
1654 1708 1781 1743 ’Λώτ-βε,

990 1758 1098 1791 ἀπόδος,
1116 1757 1130 1784 ὃ
1146 1758 1222 1792 παρὰ
1244 1758 1306 1788 τοὺς
1318 1757 1418 1791 νόμους
1445 1755 1571 1790 κατέχεις
1584 1763 1591 1770 ·
1605 1753 1654 1780 καὶ
1668 1753 1724 1780 τῶν
1741 1754 1782 1780 δι-

991 1803 1101 1830 καστῶν
1123 1802 1208 1837 φίλων
1231 1803 1291 1829 ἀντὶ
1317 1801 1458 1833 κολαστῶν
1483 1800 1661 1836 πειραθήσῃ·
1679 1800 1735 1830 ἓως
1759 1800 1782 1826 δ’

993 1849 1026 1876 ἂν
1041 1848 1208 1884 φιλονεικῇς,
1237 1848 1330 1884 σαυτῷ
1350 1848 1400 1883 τὴν
1426 1847 1528 1880 αἰτίαν,
1543 1843 1581 1873 ὧν
1595 1845 1689 1881 πείσῃ,
1704 1846 1782 1881 λογί-

995 1895 1053 1926 ζου.

153 1941 234 1968 etiam
250 1942 319 1968 bene
332 1941 379 1968 tibi
397 1941 518 1977 cupient.
536 1940 631 1974 Quoad
648 1945 738 1967 autem
753 1939 814 1967 lites
829 1947 932 1974 moves,
955 1941 1013 1976 ipse
1027 1940 1082 1975 tibi
1097 1941 1204 1976 culpam
1237 1947 1332 1968 eorum
1367 1946 1427 1974 quae
1441 1945 1622 1975 perpessurus
1641 1945 1685 1970 es,
1696 1938 1783 1966 ascri-

157 1988 226 2016 bito.

452 2034 567 2062 CAPUT
591 2033 688 2062 XXIII.

188 2080 233 2108 Sic
248 2080 327 2115 primi
341 2079 378 2107 illi
393 2080 530 2112 homines,
564 2088 612 2115 pro
647 2081 735 2109 tertiis
757 2088 830 2108 nunc
855 2081 937 2109 etiam

155 2130 339 2155 revertuntur,
375 2125 421 2158 qui
454 2130 564 2159 propter
590 2125 752 2159 voluptates,
789 2133 940 2160 carumque

1285 2033 1412 2061 ΚΕΦΔΔ.
1427 2033 1491 2061 Kl".

1028 2080 1122 2112 Οὕτως
1137 2081 1203 2116 ἡμῖν
1220 2080 1280 2106 ἀντὶ
1295 2080 1351 2107 τῶν
1376 2081 1476 2115 τρίτων
1493 2080 1518 2107 οἱ
1539 2080 1643 2113 πρῶτοι
1659 2081 1708 2107 καὶ
1730 2080 1780 2107 νῦν

994 2126 1138 2153 ἐπανίασιν
1156 2126 1260 2161 ἄνδρες,
1291 2126 1316 2152 οί
1345 2125 1400 2153 τῶν
1428 2125 1530 2160 ἡδονῶν
1546 2126 1641 2155 εἵνεκα
1663 2126 1713 2154 καὶ
1728 2126 1779 2160 τῆς

153 2172 315 2199 suavitatem
333 2176 447 2198 mortem
462 2172 584 2198 horrent.
613 2172 854 2207 Deprehendemus
864 2172 933 2199 enim

991 2172 1094 2199 τούτων
1108 2171 1288 2203 ἀπολαύσεως
1302 2172 1349 2198 τὸν
1372 2171 1488 2199 θάνατον
1503 2172 1674 2207 φρίττοντες.
1694 2172 1780 2198 Οὐδὲ-ι

154 2218 236 2245 etiam
252 2218 302 2245 hos
320 2217 389 2245 nihil
409 2217 519 2252 culpare
542 2218 626 2251 aliud,
661 2226 742 2253 quam
777 2218 938 2254 voluptates.

156 2263 221 2290 Nam
239 2263 300 2298 quia
318 2263 431 2290 nimium
453 2268 527 2301 arcte
544 2263 594 2291 has
624 2264 758 2298 complexi
778 2269 852 2297 sunt,
887 2271 941 2291 non

156 2309 297 2338 ferendqu
311 2316 371 2337 esse
392 2314 506 2337 censent
522 2310 682 2345 quidquam,
704 2310 776 2345 quod
789 2310 862 2337 illam
881 2318 943 2338 sua-

157 2358 265 2384 vitatem
285 2356 399 2384 auferat.
418 2356 456 2384 Eo
471 2360 560 2384 autem
578 2359 684 2392 priores
704 2364 842 2393 superant,
869 2358 941 2393 quod

158 2402 338 2430 immodestiae
363 2409 419 2430 suae
447 2404 592 2437 quamdam
621 2404 792 2431 verecundiae
824 2404 941 2439 speciem

159 2452 322 2482 praetexunt.
348 2447 440 2483 Neque
461 2456 526 2475 vero
558 2448 701 2478 dillicultcr
730 2449 855 2484 redargui
877 2457 941 2484 pos-

160 2499 234 2526 sunt,
252 2502 312 2520 cum
325 2498 421 2528 suapte
443 2494 566 2522 oratione
588 2494 667 2523 facile
696 2495 850 2524 vincantur.
874 2496 941 2524 Nam

159 2540 291 2575 siquidem
308 2539 390 2575 (bene
404 2539 455 2574 vir)
475 2540 669 2575 suppliciorum
687 2541 805 2576 suspicio
827 2548 941 2570 mortem

160 2587 209 2614 tibi
229 2586 387 2615 horribilem
404 2586 480 2620 facit,
493 2595 542 2614 cur
553 2595 606 2614 uou
623 2587 760 2622 paulisper
770 2587 867 2622 ejectis
893 2596 941 2615 vo-

161 2633 320 2669 luptatibus,
341 2633 460 2660 animum
481 2641 566 2668 usque
593 2633 661 2660 adeo
688 2635 835 2668 premente
861 2641 942 2661 onere

160 2681 281 2710 liberas?
308 2686 336 2709 et
350 2682 502 2716 voluptates
510 2681 693 2715 voluptatibus
711 2682 869 2716 permutas?
895 2689 944 2716 pc-

163 2727 294 2755 riculosas
309 2728 385 2760 tutis,
402 2727 515 2754 minutis
532 2727 673 2758 maximas,
704 2726 831 2754 brevibus
864 2732 943 2754 a-tcr-

162 2774 233 2799 uas?
260 2773 326 2800 Nam
338 2773 391 2800 illis
404 2773 560 2804 serviendo,
578 2773 647 2799 hanc
662 2781 770 2807 quoque
786 2773 868 2800 vitam
887 2781 943 2799 Ino-

161 2819 299 2847 lestiarum
321 2819 425 2854 plenam
457 2826 578 2855 perages.
613 2826 720 2854 ptumam
743 2819 856 2847 sulvilnlv:
885 2824 939 2846 trc-

991 2220 1046 2254 γὰρ
1059 2218 1185 2255 ἐτερονῆ
1206 2218 1254 2247 τὰς
1278 2218 1375 2253 ἡδονὰς
1392 2218 1439 2245 καὶ
1459 2216 1572 2248 τούτους
1599 2217 1781 2252 αίτιωμένους

992 2266 1166 2300 εὑρίσκομεν.
1188 2263 1258 2290 Ὑπὸ
1277 2264 1331 2298 γὰρ
1346 2263 1393 2290 τοῦ
1411 2263 1513 2298 σφόδρα
1538 2262 1652 2293 ’ταύταις
1671 2266 1780 2296 σύμπε-

993 2311 1107 2345 φυκέναι
1125 2310 1175 2337 οὐκ
1191 2309 1307 2337 ἀνεκτὸν
1337 2309 1467 2344 ἡγοῦνται
1488 2309 1554 2340 πᾶν,
1572 2308 1586 2334 δ
1611 2308 1661 2343 τὴν
1674 2308 1781 2342 ἡδυπά-

993 2358 1068 2384 οειαν
1090 2357 1192 2392 ἵστησι.
1220 2356 1355 2383 Τοσοῦτον
1372 2355 1401 2382 δὲ
1431 2355 1485 2382 τῶν
1515 2354 1657 2390 προτέρων
1685 2354 1781 2389 ἔχουσι

993 2404 1086 2435 πλέον,
1099 2403 1161 2430 ὅσον
1178 2402 1322 2433 εὐλαϐείας
1334 2402 1407 2433 τινὸς
1430 2402 1552 2437 σχήματι
1570 2401 1781 2436 περιστέλλουσι

992 2449 1042 2484 τὴν
1055 2448 1218 2475 ἀκολασίαν·
1240 2447 1286 2479 οὒς
1304 2448 1334 2474 οὑ
1357 2447 1476 2482 χαλεπὸν
1500 2446 1664 2481 ἐξελέγχειν,
1678 2443 1721 2476 οἷς
1737 2446 1781 2472 λέ-

993 2503 1072 2529 γουσι
1087 2494 1188 2530 ῥᾳδίως
1205 2494 1413 2528 ἁλισκομένους.
1431 2493 1463 2519 Εἰ
1477 2493 1542 2528 γὰρ,
1560 2489 1583 2519 ὦ
1602 2491 1672 2524 ’τὰν,
1694 2492 1712 2526 ἠ
1727 2492 1782 2519 τῶν

994 2542 1131 2569 κολάσεων
1147 2541 1250 2575 ὑποψία
1273 2539 1390 2574 φοϐερὸν
1405 2539 1553 2574 ὲργάζεταί
1568 2547 1610 2566 σοι
1635 2539 1681 2566 τὸν
1698 2537 1782 2565 θάνα-

994 2597 1040 2614 τον
1053 2595 1059 2602 ·
1073 2588 1099 2614 τί
1117 2588 1155 2622 μὴ
1174 2587 1243 2622 πρὸς
1261 2586 1351 2621 ὀλίγον
1374 2585 1424 2617 τὰς
1446 2585 1499 2618 ἔξω
1518 2585 1611 2621 ῥίψας,
1634 2583 1709 2610 οὕτω
1721 2585 1782 2610 πιέ-

995 2633 1087 2665 ζοντος
1102 2633 1200 2667 ἄχθους
1223 2633 1274 2667 τὴν
1289 2632 1379 2667 ψυχὴν
1394 2631 1589 2662 ἀπαλλάττεις,
1613 2630 1659 2657 καὶ
1678 2629 1782 2664 ἡδονῶν

994 2680 1091 2714 ἡδονὰς
1105 2679 1120 2705 ἀ
1138 2678 1350 2714 τικαταλλάττῃ,
1367 2678 1420 2704 τῶν
1434 2676 1614 2704 ὲπικινδύνων
1626 2676 1675 2707 τὰς
1690 2676 1780 2710 ἀσφα-

995 2725 1061 2756 λεῖς,
1076 2725 1124 2751 καὶ
1142 2724 1196 2750 τῶν
1208 2723 1315 2758 μικρῶν
1332 2723 1381 2754 τὰς
1395 2723 1537 2757 μεγίστας,
1554 2722 1602 2748 καὶ
1617 2721 1673 2748 τῶν
1692 2729 1780 2755 προσ-

995 2772 1099 2806 καίρων
1110 2770 1160 2801 τὰς
1176 2771 1320 2802 αἰωνίους;
1343 2769 1479 2800 Ἐκείναις
1495 2769 1546 2803 μὲν
1564 2768 1618 2802 γὰρ
1633 2767 1778 2798 δουλεύων,

995 2819 1038 2844 mi
1050 2817 1096 2846 τὴν
1109 2817 1230 2853 παρόντα
1245 2816 1300 2852 βῖιιν
1316 2815 1414 2851 μεστὸν
1428 2815 1525 2850 ἀηδίας
1537 2814 1657 2846 ἀνύσεις,
1671 2814 1780 2850 τρέμων
