1915 3094
194 109 263 143 1923

777 95 921 144 nixum
943 114 1233 147 Cttnvsonnnon

1761 114 1825 146 ῙζΞί

193 167 218 194 la
235 166 393 201 pastoribus
405 166 531 195 barbaris
543 167 662 196 traditus
687 168 788 197 misere
814 169 896 197 vitam
918 178 980 206 age-

1035 182 1059 200 τι
1072 174 1224 209 δεδρακὼς,
1235 171 1309 201 οὕτω
1323 175 1395 209 μέγα
1411 168 1531 208 ἐφθόνει.
1550 172 1583 199 Τί
1607 172 1673 208 χρὴ.
1690 169 1715 199 ὦ
1735 172 1827 207 ἄνδρες

193 214 250 244 bat,
267 215 422 242 necossario
441 215 516 242 victu
534 215 692 247 destitutus,
713 221 740 243 et
754 217 781 244 in
809 217 979 252 speluncam.

194 262 225 285 ut
235 259 364 291 refertur,
380 261 514 288 intru'sus.
526 260 639 289 Interim
655 261 737 296 lupus
748 269 856 298 gregem
879 263 980 290 Christi

194 305 367 341 diseerpens,
396 307 468 342 apud
495 307 653 335 adulatores
677 308 705 335 in
733 308 928 341 admiratione,
953 313 983 337 et

194 359 272 387 aeque
300 360 333 380 ac
347 353 370 380 si
395 361 560 388 generosum
575 354 687 389 aliquod
704 354 812 382 facinus
831 360 980 390 patrassct,

195 398 301 433 magnis
316 399 530 434 cogitationibus
553 400 731 429 eﬂercbatnr.
748 401 819 434 Quid
839 408 910 437 opus
928 406 981 434 est,

194 450 212 469 ο
228 444 278 470 viri
302 443 460 478 Cretenses,
474 445 616 480 prolixiori
633 453 759 474 sermone
774 446 831 474 hzee
841 447 980 481 prosequi,

195 497 257 517 cum
278 491 311 518 de
333 491 385 518 illis
398 491 512 519 historia
530 499 585 527 pra:
608 493 735 520 manibus
761 493 912 521 vnlentium
935 494 981 521 sit.

196 535 381 565 Nihilominus
418 538 604 572 postmodum,
635 546 726 573 neque
752 539 825 566 enim
852 539 982 567 omnibus

196 582 264 610 facta
282 589 356 618 grata
369 588 395 611 et
405 588 516 618 accepta
541 590 630 616 erant,
645 592 707 612 enm
721 590 815 612 essent
828 586 884 620 _qni
907 586 982 613 veri-

197 632 279 656 tatem
313 630 548 664 amplexarentur,
581 631 739 666 quicunque
778 631 869 666 legum
904 636 983 659 erant

194 675 313 702 consulti
340 676 473 711 episcopi,
497 682 525 704 et
545 677 673 705 moribus
710 678 863 706 laudabiles
897 679 981 706 animi

196 725 270 748 tnotu
293 723 424 750 concitati
440 723 539 751 Photio
570 724 791 758 subirascuntur,
824 725 983 760 indignatur

194 767 276 794 etiam
297 767 437 796 Romanus
448 768 586 802 Pontifex,
600 775 630 797 ut
648 770 719 798 fama
735 775 787 804 est,
798 771 839 798 vir
866 771 982 806 insignis

195 813 297 847 pietate
313 813 452 843 Nicolaus.
467 817 502 843 At
524 817 616 851 praedo
632 817 689 849 ille,
710 825 798 852 neque
810 826 859 852 per
888 823 982 853 portas

195 859 335 895 ingressus
347 860 375 887 in
389 861 481 888 ovium
499 861 616 893 caulam,
636 862 684 890 sed
697 870 746 897 per
760 862 846 890 alium
875 863 981 890 aditum

195 905 328 938 intrusus,
339 907 456 942 primum
469 915 577 935 summo
593 908 658 936 nixu
682 909 830 937 accurabat
855 909 982 944 epistolis

195 951 320 980 Romano
352 954 480 982 Pontihci
511 955 628 982 suadere
653 963 714 983 sese
741 955 833 991 legum
868 955 981 984 decreta

195 1003 322 1027 secutum
357 999 453 1034 lgnatii
485 1001 675 1036 episcopatum
704 1002 853 1037 βῖκοι-ἰριο
891 1002 981 1037 legum

195 1044 277 1079 ejecti
309 1046 473 1080 possedisse,
489 1054 552 1074 eum
575 1052 669 1082 postea
702 1041 787 1075 multa
818 1048 981 1076 intentasset

195 1091 374 1127 dixissetque,
396 1094 497 1128 quibus
513 1093 567 1122 sibi
586 1093 729 1121 videbatur
745 1094 907 1122 Pontiﬁcem
922 1102 982 1122 mo-

195 1138 314 1174 rigerum
332 1139 487 1167 reddidisse
503 1139 577 1175 (nam
587 1148 646 1176 qua:
656 1140 728 1168 inter
741 1141 800 1169 haec
814 1146 890 1177 gesta
901 1145 978 1173 sunt,

195 1189 223 1212 et
237 1193 296 1220 quae
316 1185 374 1220 ipse
389 1190 563 1214 commentus
585 1190 628 1214 est
642 1187 746 1220 omnia,
773 1187 936 1222 injuriarum
954 1192 983 1215 et

194 1232 394 1259 calumniarum
414 1232 505 1267 plena,
533 1232 567 1260 ad
596 1240 666 1267 quas
694 1233 904 1262 concinnandas
929 1233 981 1261 sibi

194 1279 294 1310 socios,
313 1280 358 1312 qui
373 1279 503 1306 similium
524 1279 563 1306 uti
590 1280 634 1307 ille
647 1280 786 1308 desiderio
817 1280 981 1308 exardesce-

195 1324 271 1356 bant,
286 1325 578 1359 adjunxerat,silentio
591 1326 735 1360 praetereo)
750 1333 842 1356 :cutn.
857 1326 981 1361 inquam,

194 1371 280 1398 multa
310 1371 451 1402 movisset,
484 1371 662 1407 improbaqus
704 1371 796 1408 lingua
821 1375 849 1399 et
877 1372 982 1399 calamo

195 1417 333 1444 hominem
352 1421 477 1444 vexasset
490 1424 522 1445 ac
538 1417 746 1449 dedecorasset,
769 1426 820 1445 nec
847 1419 982 1454 potuisset

194 1463 268 1490 illius
284 1462 448 1490 sententiam
476 1470 508 1490 ex
531 1463 635 1490 meliori
658 1464 873 1499 sapientiorique
903 1471 981 1490 tuen-

1035 218 1156 254 Κρῆτες,
1175 219 1284 251 πολλοῖς
1299 220 1365 254 περὶ
1387 219 1492 245 τούτων
1517 217 1660 250 διεξιέναι,
1686 217 1750 250 ἐξὸν
1773 219 1826 248 τοῖς

1034 264 1211 300 βουλομένοις
1224 266 1257 301 τῇ
1269 265 1333 300 περὶ
1345 264 1448 292 τούτων
1465 265 1573 300 ἱστορία
1595 263 1773 299 σαφέστερον
1787 264 1827 289 ὲν-

1032 311 1124 345 τυχεῖν
1135 319 1142 344 ;
1160 311 1257 345 Ὀμως
1270 310 1348 344 γοῦν,
1358 309 1420 337 οὐδὶ
1429 310 1483 345 γὰρ
1496 310 1581 336 πᾶσιν
1590 309 1696 345 ἧρεσκε
1705 308 1742 335 τὰ
1756 309 1827 342 γινό-

1034 365 1114 392 μενα,
1129 357 1188 384 ἀλλ’
1205 354 1275 392 ἦσαν
1288 356 1313 383 οἶ
1325 357 1377 391 τῆς
1388 356 1519 391 ἀληθείας
1533 354 1743 386 ἀντεποιοῦντο,
1762 355 1828 388 ἀγα-

1033 403 1163 430 νακτοῦσι
1179 403 1229 437 μὲν
1243 402 1282 438 τῷ
1306 402 1413 438 Φωτίῳ,
1434 402 1493 429 ὅσοι
1509 402 1564 428 τῶν
1589 401 1757 428 ἐπισκόπων
1776 401 1826 427 rint

1033 449 1124 483 νόμων
1141 448 1298 484 εἰδήμονες,
1315 448 1364 475 καὶ
1379 447 1426 475 τὸν
1442 440 1543 482 τρόπον
1563 446 1708 473 ἐπαινετοι
1722 452 1730 460 ·
1756 445 1826 479 ἀγα-

1032 496 1128 522 νακτεῖ
1142 495 1171 522 δὲ
1188 496 1202 522 ὁ
1213 496 1264 530 τῆς
1287 494 1397 530 Ῥώμης
1414 493 1562 530 Πρόεδρος,
1577 492 1616 524 ὥς
1635 500 1733 526 φασιν,
1748 491 1828 518 εὐλα-

1033 543 1084 578 6ὴς
1096 542 1177 577 ἀνὴρ,
1198 541 1334 572 Νικόλαος
1345 540 1465 574 τοῦνομα
1475 549 1483 556 ·
1500 541 1514 566 ὁ
1528 539 1557 566 δὲ
1569 539 1693 573 κλέπτης
1708 539 1827 570 ἐκεῖνος,

1032 589 1081 616 καὶ
1095 589 1199 624 ἥκιστα
1213 588 1257 615 διὰ
1275 587 1325 623 τῆς
1347 587 1434 623 θύρας
1461 585 1592 613 εἰσελθὼν
1611 585 1652 616 είς
1669 585 1722 620 τὴν
1739 585 1828 619 αὐλὴν

1032 639 1087 666 τῶν
1103 637 1260 673 προϐάτων,
1274 636 1334 664 ἀλλ’
1351 635 1511 671 ἀλλαχόθεν,
1524 634 1554 661 τὸ
1566 634 1676 669 πρῶτον
1690 634 1741 668 μὲν
1753 633 1828 658 ἐπει-

1034 684 1102 720 ρᾶτο
1119 682 1226 710 πείθειν
1240 683 1287 709 τὸν
1304 681 1437 716 ἀρχιερέα
1454 680 1504 715 τῆς
1528 679 1639 714 Ῥώμης
1652 677 1828 708 ἐπιστολαῖς.

1032 729 1070 760 ὡς
1083 728 1206 763 νομίμως
1222 727 1374 762 ἀνθάψαιτο
1388 727 1437 761 τῆς
1453 725 1616 760 ἐπισκοπῆς,
1627 724 1676 750 τοῦ
1690 723 1826 758 Ἰγνατίου

1033 774 1105 801 κατὰ
1118 775 1218 808 νόμους
1229 772 1442 807 ἐξεληλαμένον.
1462 772 1505 803 Ὧς
1519 771 1547 797 δὲ
1558 770 1766 805 πολλὰδράσας
1783 769 1829 796 καὶ

1034 818 1122 846 είπὼν
1134 816 1175 849 οἷς
1190 819 1278 845 ἐδόκει
1291 817 1338 844 τὸν
1354 817 1441 852 ἄνδρα
1460 816 1666 850 ἀποδοκιμάσαι
1676 822 1685 830 ο
1703 814 1828 849 παρίημι

1034 866 1089 900 γὰρ
1104 864 1139 892 τὰ
1153 865 1181 891 ἐν
1197 864 1273 900 μέσῳ
1289 863 1433 898 συμὸἁντα
1445 862 1491 889 διὰ
1501 862 1531 889 τὸ
1547 861 1660 897 πλῆθος,
1674 862 1726 888 ὅσα
1740 861 1768 887 οἱ
1783 868 1830 894 μι-

1035 910 1191 946 μηχάνηται
1206 909 1298 936 πάντα
1316 908 1405 944 μεστὰ
1429 907 1536 942 ὕὸρεως
1550 908 1597 934 καὶ
1624 905 1827 940 συκοφαντίας.

1034 956 1103 991 πρὸς
1116 957 1149 992 ἢν
1175 954 1233 992 εἶχε
1258 955 1408 987 κοινωνοὺς
1432 954 1633 986 πάντας,’ὄσοι
1658 952 1716 979 τῶν
1735 951 1829 979 αὐτῶν

1033 1003 1130 1038 ἐκείνῳ
1145 1011 1176 1037 γε
1190 999 1261 1038 ἦσαν
1277 1001 1448 1037 ἐπιθυμηταί
1461 1009 1468 1016 ·
1485 999 1522 1032 ὡς
1537 998 1585 1027 οὖν
1599 999 1690 1026 πάντα
1708 998 1829 1033 κινήσας

1033 1049 1128 1080 κακῶς
1142 1048 1194 1083 μὲν
1211 1049 1300 1075 εἰπεῖν
1319 1047 1365 1075 τὺν
1379 1047 1463 1083 ἄνδρα
1474 1046 1536 1082 Ισχε
1553 1046 1601 1073 καὶ
1613 1044 1762 1079 ἀτιμάσαι,
1779 1045 1828 1079 τὴν

1032 1094 1098 1129 περὶ
1114 1094 1220 1121 ἐκείνου
1236 1092 1265 1119 δέ
1281 1092 1361 1125 δόξαν
1373 1092 1429 1119 τῶν
1441 1092 1586 1127 βελτιόνων
1600 1091 1648 1118 καὶ
1658 1089 1828 1124 σοφωτέρων

1031 1139 1134 1174 ἥκιστα
1150 1134 1326 1174 μεταϐαλεῖν,
1340 1136 1418 1173 ᾠήθη
1433 1137 1489 1164 δεῖν
1505 1136 1666 1171 ἀντιστῆναι
1679 1135 1720 1170 τῷ
1741 1135 1827 1170 ﬂint;

1031 1183 1062 1211 οὐ
1078 1183 1151 1220 ζήλῳ
1161 1184 1322 1219 κινούμενος
1332 1184 1381 1219 τῆς
1396 1191 1430 1210 πε
1436 1184 1462 1218 pl.
1472 1183 1502 1209 τὸ
1513 1181 1627 1216 Πνεῦμα
1635 1181 1826 1216 καινοτομίας,

1031 1229 1070 1261 ὡς
1086 1238 1170 1265 φασιν
1189 1231 1213 1257 οξ
1233 1230 1324 1257 πάντα
1352 1229 1457 1265 ῐτοιμοι
1486 1228 1578 1263 λέγειν
1590 1236 1598 1244 ’
1617 1227 1753 1262 Ἰγνάτιος
1771 1227 1826 1261 γὰρ

1032 1276 1103 1312 ἀνὴρ
1123 1276 1210 1303 πολλὰ
1231 1277 1334 1311 σημεῖα
1356 1276 1407 1310 τῆς
1423 1275 1506 1302 αὑτοῦ
1522 1275 1665 1310 ὁσιότητος
1681 1273 1824 1309 παρασχὸο

1034 1331 1125 1358 μενος.
1143 1323 1191 1350 καὶ
1212 1322 1294 1358 σοφίᾳ
1312 1322 1487 1357 πνευματικῇ
1507 1321 1733 1356 κεκοσμημένος,
1745 1319 1826 1349 εἰδὼς

1032 1369 1084 1404 τὴν
1098 1368 1264 1404 Ἐκκλησίαν
1278 1368 1327 1403 τῆς
1348 1367 1460 1403 Ῥώμης
1475 1369 1507 1394 ἐκ
1523 1367 1570 1394 τοῦ
1592 1366 1697 1402 Πατρδς
1711 1366 1761 1392 καὶ
1775 1365 1823 1391 τοῦ

1033 1415 1112 1448 Υίοῦ,
1127 1416 1144 1452 ἢ
1158 1415 1204 1442 διὰ
1215 1414 1263 1442 τοῦ
1286 1414 1352 1442 Υἱοῦ
1368 1413 1561 1449 θεολογοῦσαν,
1577 1414 1628 1440 οὐκ
1644 1413 1824 1448 ἐταράττετο,

1032 1462 1088 1489 οὐδ’
1102 1461 1243 1497 ἀλλότριον
1259 1461 1311 1496 τῆς
1331 1460 1451 1493 πίστεως
1468 1461 1498 1487 τδ
1521 1460 1611 1495 δόγμα
1625 1459 1718 1494 ἡγεῖτο
1733 1459 1823 1485 τουτί.

196 1509 230 1536 tis
245 1509 372 1538 ﬁrmitate
389 1509 542 1542 dimovere,
562 1510 706 1546 proposuit
722 1510 775 1538 sibi
800 1510 879 1545 Papae
894 1510 980 1538 obsis-

1033 1507 1120 1539 Δὺτός
1133 1516 1163 1534 τε
1181 1507 1263 1535 πάλιν
1279 1507 1293 1534 ὁ
1306 1506 1420 1540 Φώτιος,
1436 1506 1481 1533 ὅτε
1498 1506 1582 1533 ἐδεῖτο
1599 1504 1645 1533 τοῦ
1659 1505 1742 1532 Πάπα
1757 1512 1824 1538 συγ-

195 1560 278 1588 stere,
293 1564 347 1583 non
363 1557 421 1583 zelo
440 1556 570 1584 novitatis
585 1557 657 1585 circa
675 1555 807 1592 Spiritum
819 1557 983 1584 introducta:

195 1607 296 1633 motus.
315 1602 388 1629 utnd
407 1602 500 1630 omnia
517 1602 669 1630 eﬂ'utienda
689 1603 809 1638 protnpti
828 1603 879 1630 sibi
899 1608 981 1630 antu-

195 1654 271 1675 mant
289 1656 424 1680 :namuue
440 1648 559 1682 lgnatius
569 1648 660 1676 multis
676 1648 789 1683 pietatis
805 1648 889 1682 signis
901 1649 982 1676 exhi-

195 1693 269 1726 bitis,
299 1699 327 1722 et
362 1695 494 1729 sapientia
527 1694 644 1730 spiritali
670 1695 880 1726 condecoratus,
917 1694 982 1722 licet

196 1742 280 1768 sciret
298 1740 449 1768 Romanam
475 1731 620 1769 ecclesiam
649 1748 681 1768 ex
698 1741 778 1768 Patre
791 1745 819 1769 et
835 1741 914 1773 Filio,
939 1739 980 1767 vel

196 1795 244 1822 per
281 1786 379 1814 Filium
406 1787 565 1819 decernere,
598 1794 654 1814 non
688 1787 863 1820 turbabatur,
891 1794 980 1821 neque

194 1834 285 1862 simile
308 1833 407 1870 dogma
431 1841 446 1860 a
474 1833 527 1861 title
546 1833 667 1860 alienum
699 1840 762 1860 esse
794 1832 977 1860 existimabat.

195 1881 308 1917 Ipseque
333 1889 426 1909 rursus
458 1881 583 1913 Photius,
607 1888 714 1915 magna:
731 1880 782 1907 sibi
803 1880 879 1907 urbis
900 1881 979 1907 thro-

194 1934 257 1953 num
269 1926 380 1954 concedi
393 1934 408 1953 a
427 1925 557 1953 Pontiilce
567 1925 736 1960 supplicans.
757 1925 792 1952 de
814 1925 890 1952 hisce
910 1926 979 1960 dog-

193 1972 312 1998 tnatibus
340 1971 521 2006 quaestionem
552 1977 663 1998 mOvere
685 1972 809 1997 animum
837 1979 978 2006 nunquam

193 2017 298 2045 induxit
315 2025 322 2042 :
338 2017 385 2045 sed
404 2024 464 2043 cum
478 2024 531 2044 non
545 2021 638 2052 posset
647 2016 699 2043 sibi
710 2016 861 2052 morigeros
878 2016 977 2044 redde-

193 2071 223 2090 re
240 2064 328 2098 ipsutn
348 2062 542 2097 impedientes,
571 2069 607 2090 ne
621 2062 647 2089 in
665 2062 790 2097 improbe
815 2063 900 2098 gestis
915 2070 977 2098 per-

192 2109 293 2136 sistere
323 2108 474 2141 videretur,
500 2115 647 2144 aggressus
667 2112 709 2136 est
736 2108 819 2143 impie
849 2108 977 2136 Ecclesia:

1033 1555 1158 1590 χωρῆσαί
1169 1555 1194 1581 οί
1204 1554 1249 1581 τὸν
1261 1553 1355 1589 θρόνον
1361 1553 1411 1588 τῆς
1421 1552 1638 1588 μεγαλοπόλεως,
1652 1551 1728 1579 οὐδὲν
1743 1551 1822 1586 ἠξίου

1031 1603 1099 1636 περὶ
1116 1599 1170 1627 τῶν
1188 1600 1335 1634 δογμάτων
1346 1598 1524 1634 διαφέρεσθαι
1536 1598 1650 1625 τούτων·
1667 1598 1730 1625 ἐπεὶ
1744 1597 1773 1623 δὲ
1789 1598 1821 1625 οὗ

1032 1645 1140 1672 πείθειν
1151 1641 1208 1679 εἶχε
1230 1644 1293 1676 τοὺς
1305 1643 1463 1675 κωλύοντας
1476 1643 1558 1670 αὐτὴν
1568 1644 1623 1675 τοῖς
1637 1643 1731 1674 κακῶς
1751 1644 1822 1677 ἠργ-

1033 1691 1124 1726 μένοις
1136 1690 1279 1725 ἐμμένειν,
1295 1690 1476 1725 ἐπεχείρησεν
1491 1689 1597 1721 ἀσεϐῶς
1613 1690 1704 1716 αἰτίαν
1717 1689 1821 1724 προσά-

1030 1737 1080 1772 ψαι
1093 1739 1127 1772 τῇ
1144 1737 1236 1764 πίστει
1252 1737 1302 1771 τῆς
1324 1735 1503 1772 Ἐκκλησίας,
1520 1735 1606 1763 ἕνεκα
1623 1736 1784 1771 φιλαρχίας,
1797 1732 1820 1762 ὦ

1031 1784 1139 1819 ἄνδρες,
1153 1782 1211 1810 ἀλλ’
1224 1783 1255 1809 οὺ
1271 1783 1352 1818 ζήλου
1366 1783 1415 1818 τῆς
1426 1782 1495 1817 πρὸς
1507 1782 1574 1809 Θεὸν
1585 1782 1739 1814 εὐσεϐείας.
1756 1781 1820 1810 Ὀτι

1029 1831 1057 1858 δὲ
1072 1829 1151 1857 ταῦθ’
1165 1829 1252 1860 οὕτως
1266 1830 1333 1864 ἔχει,
1350 1829 1515 1863 ἀναγνόντες
1530 1828 1594 1860 τοὺς
1612 1829 1820 1864 χρονογράφους

1029 1876 1149 1904 εἴσεσθε.
1161 1875 1303 1902 Ἐντεῦθεν
1318 1875 1409 1901 τοίνυν
1429 1874 1615 1910 συλλαμὸάνει
1639 1874 1742 1906 Φώτιος
1769 1874 1819 1908 τήν

1030 1923 1155 1958 πονηρὰν
1170 1922 1274 1958 ταύτην
1297 1922 1444 1957 διαίρεσιν,
1474 1922 1519 1948 καὶ
1535 1921 1623 1948 τίκτει
1639 1921 1767 1956 ἀνομίαν,
1784 1920 1818 1956 ἢν

1030 1970 1071 2000 είς
1088 1969 1119 1995 τὸ
1130 1968 1196 2004 ὕψος
1212 1969 1354 2003 ἐλάλησεν,
1369 1968 1416 1994 καὶ
1428 1967 1458 1994 τὺ
1474 1967 1587 2003 Πνεῦμα
1602 1968 1780 2001 λογογραφεῖ⁹
1796 1966 1819 1993 ὢ

1028 2015 1077 2050 τῆς
1092 2015 1194 2049 τόλμης
1205 2015 1212 2041 l
1223 2015 1255 2042 ὲκ
1268 2013 1316 2041 τοῦ
1328 2013 1433 2049 Πατρδς
1446 2014 1648 2048 ἐκπορεύεσθαι
1661 2014 1756 2048 μόνου,
1767 2013 1819 2040 οὐκ

1029 2061 1164 2093 αἰδεσθεὶς
1182 2060 1334 2093 Βασίλειον,
1358 2061 1410 2087 οὒκ
1432 2061 1579 2096 ἐντραπείς
1604 2060 1817 2096 Ι¹ρηγορίου,οὐ

1029 2108 1120 2139 δείσας
1138 2107 1163 2133 εί
1183 2107 1306 2142 ἀντερεῖν
1323 2106 1421 2140 ἔμελλε
1432 2106 1470 2141 τῷ
1498 2106 1635 2141 Κυρίλλῳ,
1652 2106 1816 2133 ’Δθανασίου

193 2153 254 2180 ﬁdei
271 2153 374 2180 crimen
403 2152 563 2188 appingcre,
592 2152 749 2180 dominatus
773 2154 938 2194 ambitione,
960 2161 976 2182 ο

1031 2153 1057 2180 δὲ
1071 2153 1118 2180 τοῦ
1134 2152 1256 2188 μεγάλου
1272 2153 1373 2188 μικρὸς
1387 2152 1460 2188 αὺτῷ
1478 2152 1556 2187 λόγος
1570 2152 1660 2187 ἐπῄει.
1677 2152 1733 2179 Καὶ
1748 2152 1817 2184 ὅλως

191 2198 253 2230 viri,
272 2206 327 2225 nott
349 2199 406 2226 zelo
418 2199 526 2233 pietatis
540 2207 602 2235 erga
618 2198 716 2226 Deum.
730 2199 793 2228 Haec
807 2207 871 2228 vero
884 2201 922 2228 ita
946 2208 977 2229 se

1031 2198 1121 2225 πάντα
1136 2198 1162 2224 οι
1186 2197 1282 2224 δεινῶν
1306 2198 1471 2232 ἀνατρέπειν
1497 2198 1596 2229 ἐδόκει,
1613 2198 1684 2232 ὑπὲρ
1699 2197 1748 2224 τοῦ
1770 2198 1816 2224 τὸν

192 2245 302 2275 habere.
320 2245 343 2272 si
371 2246 521 2280 scriptores
542 2246 720 2273 historiarum
747 2254 909 2281 percurrere
929 2255 977 2274 ro-

1027 2244 1164 2272 Νικόλαον
1182 2244 1323 2279 αἱρετικὸν
1353 2244 1496 2277 ἀποδεῖξαι
1511 2244 1597 2277 δῦξαι,
1624 2244 1818 2279 συλλογισμοῖς

192 2291 311 2323 Iuerilis,
330 2292 411 2326 plane
440 2291 619 2327 dignoscetis.
645 2291 716 2320 Hine
741 2292 833 2327 itaque
860 2292 975 2321 Photius

1031 2291 1055 2318 5έ
1073 2299 1129 2317 τισι
1145 2290 1271 2325 γραυσὶν,
1288 2290 1305 2326 ἢ
1321 2298 1393 2317 τισιν
1408 2291 1534 2326 ἀπείροις
1556 2290 1644 2325 λόγων
1660 2291 1818 2326 ἀνθρώποις

192 2343 352 2369 perversum
371 2337 422 2365 hoc
434 2337 578 2365 dissidinm
593 2335 726 2373 concipit,
741 2343 769 2366 et
785 2338 972 2373 iniquitatem,

1031 2336 1225 2372 προσήκουσιν,
1253 2336 1378 2372 ἀνοήτως
1402 2337 1535 2372 ἐπειρᾶτο
1561 2337 1606 2363 τὸν
1629 2336 1741 2372 ἀρραγῆ
1767 2337 1818 2372 τῆς

189 2381 218 2407 iu
237 2381 376 2408 excelsum
389 2384 545 2415 oblocutus,
561 2387 725 2420 progenerat
741 2387 769 2411 et
779 2383 882 2418 scripto
894 2390 973 2411 mau-

1031 2381 1192 2417 Εκκλησίας
1203 2380 1327 2409 καθελεῖν
1342 2382 1462 2417 πύργον.

188 2428 246 2458 dat.
276 2427 420 2462 Spiritum,
436 2430 631 2457 oaudaciaml
662 2438 697 2458 ex
725 2430 784 2458 solo
813 2431 896 2457 Patre
930 2429 1090 2465 procedere,
1106 2435 1163 2456 non
1188 2429 1324 2456 reveritus
1349 2427 1490 2460 Basilium,
1505 2428 1574 2456 nihil
1585 2435 1686 2456 curans
1709 2427 1817 2465 Grego-

187 2476 270 2508 rium,
308 2476 383 2504 nullo
419 2482 493 2505 metu
527 2478 662 2512 concitus,
693 2479 716 2506 si
742 2478 965 2507 contradicturtts
995 2471 1075 2506 esset
1096 2477 1207 2512 Cyrillo,
1233 2476 1412 2504 Athanasium
1441 2485 1507 2505 vero
1525 2477 1648 2513 Magnum
1663 2485 1714 2513 pro
1727 2479 1818 2506 nihilo

186 2524 301 2556 ducens,
316 2529 353 2556 et,
382 2529 410 2552 nt
439 2526 593 2561 expediam,
622 2526 740 2560 pessima
764 2533 878 2562 quaeque
899 2534 1000 2561 susque
1014 2526 1103 2561 deque
1119 2529 1226 2552 vertere
1242 2524 1368 2557 studens,
1398 2524 1479 2551 modo
1500 2523 1639 2551 Nicolaum
1654 2525 1817 2553 haereticum

185 2571 399 2604 demonstraret,
427 2575 454 2598 et
481 2573 650 2607 argumentis
687 2573 841 2604 nonnullis.
879 2573 982 2601 vetulis
1007 2577 1056 2600 aut
1079 2577 1237 2599 sermonum
1272 2569 1423 2605 inexpertis
1459 2570 1616 2598 hominibus
1641 2570 1818 2605 decentibus,

186 2617 389 2645 inconsiderate
402 2617 543 2645 contendit
559 2617 751 2646 inconcussam
769 2619 899 2648 Ecclesia!
912 2620 1010 2647 turrim
1025 2619 1168 2655 disjicere.
1635 2618 1640 2623 ’

222 2666 267 2694 ιν,
283 2667 316 2694 Et
332 2667 435 2701 primus
452 2667 498 2694 ille
513 2668 636 2695 omnium
646 2668 849 2696 audacissimus
867 2669 970 2697 distor-

1063 2673 1100 2697 A’.
1112 2671 1167 2698 Καὶ
1178 2671 1286 2707 πρῶτος
1303 2670 1408 2701 δκεῐνος
1422 2670 1437 2695 ὁ
1449 2668 1608 2704 πάντολμος
1621 2669 1756 2706 ἐξήνεγκε
1768 2670 1820 2705 τὴν

185 2717 239 2738 tam
255 2720 347 2740 vocem
360 2713 433 2740 illam
455 2714 546 2742 emisit
562 2722 570 2741 :
588 2713 619 2741 Si
632 2714 747 2749 perlecta
759 2723 790 2741 ea:
807 2714 892 2743 Patre
907 2724 970 2750 pro-

1031 2718 1125 2744 rxatdv
1139 2718 1232 2753 φωνὴν
1249 2718 1368 2751 ἐκείνην,
1383 2714 1422 2747 ὡς
1438 2716 1471 2743 El
1487 2716 1607 2748 τελείως
1620 2716 1655 2742 ἐκ
1678 2715 1734 2742 τοῦ
1756 2717 1819 2744 Ua-

183 2759 251 2785 cedit
264 2758 392 2794 Spiritus,
403 2769 461 2795 qua
474 2761 618 2788 necessitas
633 2767 672 2789 est
688 2770 816 2794 asserere,
832 2772 892 2790 eum
905 2772 970 2796 quo-

1031 2764 1301 2798 ῐρὸςέκπορεύοιτο
1323 2763 1355 2790 τὸ
1383 2761 1514 2796 Πνεῦμα,
1531 2761 1560 2788 τί
1582 2762 1641 2796 χρὴ
1665 2762 1742 2789 αὐτὸ
1768 2763 1819 2790 καί

184 2811 234 2837 que
246 2805 387 2840 procedere
401 2814 433 2833 ea:
449 2806 530 2840 Filio,
557 2808 635 2842 quasi
656 2816 812 2843 progressus
828 2816 860 2836 ex
887 2808 969 2836 Patre

1031 2811 1056 2837 ἐκ
1077 2811 1129 2837 τοῦ
1149 2811 1218 2838 ΥΙοῦ
1239 2810 1380 2845 φάσκειν,
1396 2809 1437 2842 ὡς
1453 2810 1509 2836 οὐκ
1530 2808 1689 2843 ἀρκοῦσαν
1705 2808 1766 2844 τὴν
1783 2810 1818 2842 ἐξ
