1915 3094
129 107 197 140 1223

633 113 682 143 DE
709 113 971 145 PROCESSIONE
993 116 1024 145 S.
1045 117 1236 149 SPllll'l'US.

1684 117 1755 150 1236

123 172 243 199 ἐκείνου
258 173 408 207 πρόοδον;
420 173 454 200 Ὤ
466 173 523 209 -τῆς
538 173 691 209 ἀμαθείαςί
709 174 750 201 ὅτι
767 173 854 209 τούτῳ
877 173 914 208 τῷ

967 176 1096 203 satiatum
1111 176 1187 205 sit.0
1199 176 1350 213 inscitiam_!
1361 185 1422 204 cum
1435 176 1547 204 ﬂaccido
1564 177 1615 204 isto
1623 168 1654 205 ac
1670 177 1753 205 debili

125 218 218 253 σαθρῷ
229 219 277 246 καὶ
290 219 394 246 εὖτελεῖ
408 219 480 254 λόγῳ
494 219 544 254 τὴν
562 219 723 255 θαυμαστὴν
746 220 850 256 ταύτην
873 221 912 247 οἰ-

123 265 242 300 κοδομὴν
252 266 300 300 τῆς
311 265 450 300 θεολογίας
461 265 626 301 ἀνατρέπειν
640 265 762 299 νομίζεις
772 285 780 293 .
793 265 914 301 Τοιούτῳ

123 311 235 342 πάντως
251 313 459 347 ἐπιχειρήματι,
476 313 572 346 Φὼτιε,
587 313 634 339 καὶ
643 313 667 339 οἱ
680 313 733 348 πρὸ
750 312 797 338 σοῦ
815 313 848 348 τῇ
865 312 913 339 τοῦ

128 357 191 384 Υίοῦ
209 358 256 384 τοῦ
282 358 351 385 Θεοῦ
371 359 598 394 πεπολεμηκότες
624 358 744 394 θεότητι,
770 358 913 393 φαίνονται

125 404 291 439 χρήσασθαι,
309 404 341 431 Et
366 406 437 438 Θεὸς
448 405 577 438 τέλειος,
595 405 756 438 φάσκοντες,
768 406 784 431 ό
799 404 912 438 Πατὴρ,

124 451 154 476 τι
174 450 233 484 χρὴ
257 451 306 477 καὶ
327 451 381 477 τὸν
404 451 473 478 Υίὸν
500 451 620 478 τέλειον
638 451 712 478 Θεὸν
733 451 913 483 πιστεύεινς

131 497 278 524 Ἐλάνθανε
301 498 356 532 γὰρ
378 498 490 530 αὐτοὺς,
510 497 547 529 ὡς
575 497 747 532 ἀληθέστατα
765 497 839 532 παρὰ
863 497 913 531 τῆς

132 544 296 578 Ἑκκλησίας
311 544 463 576 δοξάζοιτο,
476 543 523 570 καὶ
538 544 619 578 μόνον
642 543 771 578 ἀληθινὸν
787 542 854 569 Θεὸν
867 543 913 569 τὸν

125 592 233 626 Πατέρα
248 592 294 617 καὶ
309 591 414 618 τέλειον
428 589 515 617 εἶναι’
531 591 611 617 τοῦτο
625 590 730 624 δ’ὄμως
748 590 797 616 οὐκ
815 589 914 616 ἐκϐάλ-

123 636 180 662 λειν
194 637 240 663 τὸν
263 637 327 663 Υἱὸν
353 637 403 671 τῆς
423 637 566 673 Πατρικῆς
591 637 700 671 ἐκείνης
719 636 912 671 κληρονομίας,

125 683 186 710 καθ’
201 683 234 718 ἢν
251 684 340 711 πάντα
357 683 414 718 ἔχει
431 683 466 710 τὰ
481 684 528 710 τοῦ
546 683 652 717 [Ιατρὸς
669 683 706 714 ὡς
722 683 834 713 ἐκεῖνος.
855 681 913 708 Μό-

123 737 169 754 νου
184 730 239 764 ἄρα
256 729 360 755 τελείου
386 729 454 756 Θεοῦ
482 729 559 761 ὁντος
585 737 615 755 τε
636 729 685 755 καὶ
710 727 913 763 πιστευομένου

123 776 170 801 τοῦ
186 775 302 809 Πατρὸς,
315 776 362 801 καὶ
376 775 390 801 ὁ
407 775 471 806 Υἱὸς
487 775 552 807 Θεὸς
567 775 670 806 τέλειος
686 775 747 801 ὲστί
763 783 793 800 τε
808 774 856 801 καὶ
871 773 915 800 λέ-

123 829 212 853 γεται.
222 821 259 846 Τὸ
275 820 332 846 ἴσον
347 821 374 846 δὲ
393 822 503 854 φρονεῖν
519 820 608 854 ἔξεστι
624 820 671 847 καὶ
685 820 749 855 περὶ
763 820 811 846 τοῦ
826 819 912 847 Ilva-.3-

127 874 212 900 ματος
228 866 276 892 τοῦ
292 866 382 900 ἁγίου,
403 866 436 892 Ὶι
458 867 527 900 αὑτὴ
544 866 599 902 γὰρ
614 865 652 900 τῷ
674 865 786 901 ἀριθμῷ
803 865 850 892 καὶ
864 865 912 900 μία

124 913 220 947 θεότης
235 913 291 944 τοῖς
310 913 384 947 τρισὶ
407 912 496 947 κοινὴ,
510 911 572 938 καθ’
594 913 625 946 ἣν
646 912 763 938 ἕκαστον
777 911 832 938 τῶν
847 920 914 946 προ-

125 959 224 985 σώπων
241 959 287 984 καὶ
312 958 393 993 μόνος
417 958 484 989 Θεὸς
510 958 558 984 καὶ
577 958 682 989 τέλειος
706 957 912 992 δογματίζεται,

123 1005 175 1031 οὐκ
188 1003 306 1037 ὲΕωθοῦν
319 1004 368 1038 τῆς
382 1004 508 1038 θεότητος
521 1003 646 1038 θάτερον,
658 1003 755 1038 ὥσπερ
769 1003 833 1038 παρ’
848 1004 914 1038 ἡμῖν

125 1051 152 1077 εἴ
165 1059 206 1082 τις
224 1051 305 1085 μόνος
320 1046 354 1085 ἦν
369 1050 498 1081 πλούσιος
514 1050 578 1080 τοὺς
594 1049 692 1081 ἄλλους
710 1050 830 1086 πένητας
843 1047 914 1076 είναι

124 1097 175 1123 οὐκ
191 1095 410 1130 ἀμφιϐάλλομεν,
427 1095 530 1121 ἐκείνου
548 1095 612 1125 παρ’
628 1095 716 1129 ἐαυτῷ
731 1095 795 1126 τοὺς
812 1094 914 1130 θησαυο

127 1143 191 1176 ροίις
205 1142 379 1176 κατέχοντος,
392 1141 441 1167 καὶ
459 1141 555 1176 μηδενὶ
578 1141 772 1172 κοινωνοῦντος
790 1141 844 1168 τῶν
864 1149 913 1167 τα-

124 1189 241 1219 λάντων.
257 1187 326 1214 ἀλλὰ
343 1185 516 1221 πανταχόθεν
532 1186 707 1219 συλλέγοντος
733 1185 779 1212 τὸν
802 1187 913 1221 χρυσὸν,

125 1235 172 1260 καὶ
190 1232 302 1268 μείζους
320 1232 450 1259 ἑκάστοτε
470 1231 518 1262 τὰς
534 1230 679 1266 ἀποθήκας
694 1231 847 1263 ποιοῦντος.
859 1232 915 1267 οὐχ

126 1279 226 1312 οὕτως,
251 1276 273 1306 ὦ
297 1278 380 1305 δεινοὶ
411 1277 598 1312 συλλογισταὶ,
615 1276 699 1312 φαίην
725 1277 758 1304 ἂν
785 1277 854 1312 πρὸς
868 1277 915 1304 τὸν

127 1325 278 1360 Ἀρειον,ἢ
298 1325 362 1356 τοὺς
379 1324 414 1351 τὰ
439 1324 521 1359 ὃμοια
543 1323 737 1357 νενοσηκότας,
756 1323 771 1349 ὁ
787 1323 853 1354 Θεὸς
868 1323 916 1350 καὶ

127 1370 221 1406 Πατὴρ
234 1370 279 1395 τὸν
291 1369 342 1404 τῆς
360 1368 488 1402 θεότητος
505 1368 623 1395 πλοῦτον
646 1367 712 1402 παρ’
727 1367 818 1402 ἑαυτῷ
833 1376 915 1394 συνα-

126 1416 237 1450 θροίσας
263 1415 353 1448 ὀλίγου
377 1414 450 1445 τινὸς
478 1413 614 1449 μετέδωκε
632 1413 671 1448 τῷ
688 1413 757 1448 Υίῷ,
778 1412 915 1448 φθονήσας

127 1465 192 1494 ἴσως
207 1463 278 1490 κατά
292 1462 342 1497 τὴν
359 1463 500 1498 ἡμετέραν
531 1462 692 1496 σκαιότητα,
710 1462 726 1497 ἢ
744 1462 915 1496 ἀδυνατήσας

965 226 1129 257 argumento
1157 223 1349 250 admirabilem
1373 224 1444 250 hanc
1469 224 1612 260 theologia:
1634 230 1756 252 structu-

966 275 1023 295 ram
1049 268 1190 296 dimovere
1221 270 1334 304 putas?
1359 269 1416 297 Hoc
1438 277 1549 305 prorsus
1580 275 1751 305 argumento,

965 314 1058 347 Pltoti,
1082 320 1146 341 ante
1158 320 1184 342 te
1198 315 1258 342 Filii
1289 315 1337 343 Dei
1364 316 1537 343 divinitatem
1559 322 1752 350 oppugnantes

966 360 1004 388 uti
1016 360 1065 387 visi
1081 365 1154 389 sunt.
1172 360 1202 388 Si
1217 361 1286 388 Deus
1301 362 1441 396 perfectus.
1459 361 1593 394 dicentes,
1604 361 1687 388 Pater
1703 366 1752 392 ext,

964 407 1028 441 quid
1035 415 1100 440 opus
1112 413 1147 434 est
1159 412 1182 434 et
1198 407 1298 434 Filium
1306 409 1450 443 perfectum
1468 408 1552 435 Deum
1567 416 1620 435 esse
1629 407 1753 434 credere?

965 451 1096 486 Fttgiebal
1111 452 1184 478 enim
1199 452 1275 487 ipsos
1301 461 1382 487 quam
1414 453 1559 480 verissime
1576 453 1610 480 ab
1632 452 1753 480 Ecclesia

965 497 1064 529 teneri,
1081 497 1169 524 solum
1185 505 1280 525 verum
1303 499 1388 526 Deum
1408 499 1528 531 Patrem,
1551 503 1578 526 et
1603 499 1753 534 perfectum

964 550 1037 574 esse,
1056 543 1108 569 hoc
1122 543 1302 571 nihilominus
1319 552 1372 571 non
1388 544 1649 572 deturbare-Filium
1663 548 1753 579 pator-

964 596 999 615 na
1015 588 1060 615 illa
1078 588 1249 622 lmrt-ditatc,
1264 597 1318 624 qua
1339 590 1430 617 omnia
1457 589 1546 617 Patris
1566 598 1644 625 teque
1667 595 1751 625 atque

965 634 1009 661 ille
1026 635 1157 669 possidet.
1183 634 1264 662 Solus
1279 636 1370 670 itaque
1385 635 1524 670 perfectus
1544 636 1617 663 Deus
1631 643 1693 663 cum
1717 637 1752 663 sit

965 685 993 707 et
1008 684 1151 715 reputetur
1165 681 1256 714 Pater,
1283 680 1368 708 Filius
1382 689 1493 716 quoque
1512 681 1585 708 Deus
1614 682 1753 716 perfectus

965 729 1006 752 est
1025 730 1052 752 ct
1073 725 1192 758 dicitur;
1215 726 1288 761 quod
1313 727 1462 754 tenendutn
1480 727 1561 754 etiam
1577 731 1619 754 est
1641 727 1675 754 de
1690 727 1754 762 Spi-

966 771 1019 796 ritu
1039 774 1146 798 sancto.
1167 770 1268 798 Eadem
1286 771 1360 798 enim
1389 779 1505 798 numero
1521 775 1549 799 et
1573 780 1627 799 una
1657 772 1750 799 Deitas

968 814 1055 842 tribus
1069 817 1225 843 communis
1239 821 1293 846 est.
1308 817 1459 844 secundum
1473 825 1553 852 quam
1581 825 1754 852 unaquzequc

966 866 1082 893 persona
1097 864 1126 887 et
1137 863 1211 888 soltts
1229 860 1300 888 Deus
1316 867 1344 888 et
1362 861 1503 896 perfectus
1519 862 1686 892 decernitur.
1697 870 1752 888 non

964 904 1113 933 excludens
1124 906 1207 933 alium
1220 914 1234 933 a
1247 907 1408 935 divinitate:
1427 908 1658 942 quemadmodum
1682 909 1753 942 apud

964 957 1015 978 nos
1029 950 1051 977 si
1065 951 1128 984 quis
1141 951 1216 978 solus
1231 957 1306 979 esset
1321 953 1409 986 dives,
1441 954 1509 980 alios
1533 961 1667 989 pauperes
1690 962 1753 982 esse

965 1004 1020 1023 non
1034 996 1204 1030 dubitamus,
1224 1006 1286 1025 cum
1300 998 1347 1026 ille
1360 1000 1431 1034 apud
1443 1007 1474 1027 se
1499 999 1643 1028 thesauros
1667 1000 1755 1028 conti-

965 1047 1040 1074 neat,
1066 1051 1118 1070 nec
1142 1043 1188 1071 ulli
1215 1043 1318 1071 talenta
1341 1045 1539 1077 communicet,
1566 1046 1613 1073 scd
1634 1045 1703 1073 locis
1719 1053 1752 1072 ex

965 1088 1092 1117 omnibus
1103 1097 1200 1116 aurum
1221 1091 1390 1126 recolligens,
1414 1091 1535 1126 quotidie
1548 1092 1669 1120 auctiora
1686 1093 1750 1119 red-

965 1135 1012 1162 dat
1030 1136 1202 1170 repositoria.
1218 1136 1277 1164 Non
1296 1137 1332 1164 ita
1343 1142 1394 1170 est,
1408 1145 1424 1164 ο
1435 1138 1508 1165 acuti
1532 1138 1750 1173 syllogismorum

966 1182 1133 1215 inventores.
1151 1183 1344 1218 responderem
1361 1184 1394 1212 ad
1412 1184 1517 1216 Arium,
1537 1185 1594 1212 sive
1615 1185 1648 1211 ad
1669 1184 1754 1212 simili

966 1228 1062 1256 morbo
1076 1229 1220 1262 detentos;
1236 1237 1302 1262 non,
1320 1230 1444 1264 inquam,
1462 1230 1533 1258 Deus
1547 1235 1574 1258 et
1589 1231 1670 1258 Pater
1681 1231 1752 1258 divi-

965 1273 1061 1302 nitatis
1077 1275 1222 1303 thesauros
1238 1275 1265 1303 in
1281 1276 1432 1311 semetipso
1449 1276 1620 1312 complexus,
1641 1279 1753 1312 paulum

966 1320 1104 1355 quidpiam
1114 1329 1146 1348 ex
1159 1321 1213 1348 illis
1220 1320 1290 1349 Filio
1301 1322 1524 1356 communicavit,
1537 1323 1653 1350 fortasse
1665 1328 1754 1350 motus

965 1366 1125 1398 invidentia,
1143 1375 1202 1401 quae
1217 1372 1305 1394 vestra
1320 1372 1361 1396 est
1375 1369 1497 1401 vesania,
1516 1373 1564 1396 aut
1577 1369 1674 1397 volens
1693 1377 1753 1396 eam

965 1413 1169 1441 communicare
1179 1422 1233 1442 non
1248 1415 1347 1450 potuit,
1357 1415 1404 1442 sed
1415 1416 1496 1442 totius
1507 1416 1633 1451 essentia:
1646 1416 1725 1443 et_di\
1733 1415 1755 1442 i-

966 1459 1059 1486 nitatis
1075 1459 1150 1486 illum
1168 1461 1328 1495 participem
1344 1460 1421 1494 facit,
1441 1461 1543 1496 datque
1567 1461 1604 1488 illi
1629 1461 1751 1488 omnium

127 1508 268 1543 βουληθεὶς
286 1507 461 1542 μεταδοῦναι,
476 1507 534 1533 ἀλλ’
550 1507 614 1542 ὅλης
628 1507 679 1542 τῆς
692 1507 787 1539 οὐσίας
801 1509 848 1534 καὶ
865 1507 914 1542 τῆς

968 1505 1126 1538 maximum,
1142 1511 1170 1532 ut
1185 1506 1254 1534 Deus
1268 1507 1406 1542 perfectus
1422 1508 1470 1540 sit,
1482 1512 1509 1535 et
1523 1508 1605 1535 simul
1616 1516 1677 1535 cum
1693 1509 1751 1543 ipso

126 1556 254 1588 θεότητος
270 1554 352 1580 αὑτὸν
369 1553 514 1588 καθίστησι
540 1553 681 1586 κοινωνὸν,
705 1553 753 1580 καὶ
777 1553 869 1579 δίδωσι
885 1553 916 1578 τὸ

127 1602 237 1628 πάντων
266 1600 360 1635 μεῖζον
384 1599 470 1634 αὐτῷ,
487 1599 532 1626 ἵνα
549 1600 615 1632 Θεὸς
665 1599 769 1631 τέλειος
799 1599 846 1626 καὶ⁸
869 1599 917 1634 δη-

128 1647 258 1683 μιουργδς
275 1645 337 1682 μετ’
352 1645 435 1672 αὑτοῦ
452 1645 507 1672 τῶν
523 1646 663 1673 ἁπάντων·
683 1645 735 1672 κᾶν
750 1646 916 1682 διαρρηγνυ-

129 1695 176 1721 σοε
192 1695 257 1725 τοὺς
281 1693 328 1720 δύο
352 1692 537 1727 δημιουργοὺς
568 1693 635 1728 ἡμῖν
662 1692 851 1727 ἐπιφέροντες,
867 1692 916 1719 καὶ

127 1741 293 1776 φοϐούμενοι
320 1741 413 1775 φόϐον,
426 1741 495 1767 ὅπου
511 1739 562 1767 οὐκ
577 1739 636 1766 ἔστι
662 1739 756 1773 φόϐος.
781 1739 916 1773 Διαιρείτε

127 1790 181 1823 γὰρ
197 1787 259 1815 κατ’
272 1787 368 1814 οὐσίαν
385 1787 432 1814 τοῦ
457 1786 564 1822 Πατρὸς
587 1786 633 1812 τὸν
652 1785 717 1812 Υἱὸν
734 1785 852 1817 ἁσεῦὦς,
868 1785 917 1811 καὶ

127 1834 176 1868 τὴν
193 1833 284 1860 αὐτῶν
301 1833 383 1869 φῷσιν
402 1833 448 1859 καὶ
471 1832 598 1867 δύναμιν,
614 1831 630 1866 ἢ
654 1831 702 1866 οὑχ
719 1830 818 1866 ὁμοίαν
842 1830 917 1856 τίθε-

128 1880 188 1912 σθε,
202 1880 217 1915 ἢ
234 1879 416 1914 διαφέρουσαν
432 1879 471 1913 τῷ
486 1877 686 1914 ἀριθμῷ,ὥστε
714 1877 760 1904 δύο
786 1877 915 1908 δυνατοὺς

127 1927 143 1960 ἢ
158 1926 258 1960 σοφοὺς
270 1925 427 1961 ὀνομάζειν.
442 1925 525 1951 Τουτὶ
547 1924 575 1950 δὲ
592 1925 624 1950 ὲκ
643 1923 697 1950 τῶν
712 1925 855 1959 ἡμετέρων
867 1925 916 1957 οὐχ

126 1972 223 1997 ἕπεται
237 1971 337 2004 λόγων.
355 1970 411 2004 Τὴν
429 1969 516 2004 αὐτὴν
531 1970 598 2004 γὰρ,
615 1969 652 2000 ὡς
667 1969 784 2004 ἔφημεν,
800 1968 852 2003 πρὸ
871 1977 916 2003 μι-

129 2017 195 2052 κροῦ
214 2016 253 2051 τῷ
270 2015 381 2052 ἀριθμῷ
398 2015 525 2050 δύναμιν,
540 2015 588 2041 καὶ
605 2014 734 2048 θεότητα,
754 2015 802 2041 καὶ
821 2015 917 2050 σοφίαν

129 2065 158 2089 ὲν
175 2063 280 2097 ἀμφοῖν
303 2060 504 2094 θεολογοῦντες,
529 2060 573 2087 διὰ
596 2060 675 2086 τοῦτο
691 2061 805 2091 εἰκότως
828 2061 916 2095 δήπου

128 2109 177 2135 καὶ
200 2109 250 2135 ἕνα
276 2107 477 2142 συμπεραίνειν
492 2106 523 2133 οὐ
538 2106 724 2141 κατοκνοῦμεν
738 2106 915 2141 δημιουργόν,

129 2155 247 2182 Τοιαῦτα
265 2154 299 2182 ἄν
316 2163 371 2186 τις,
388 2149 410 2180 ὦ
424 2153 518 2187 ἄνδρες
534 2153 653 2188 Κρῆτες.
671 2152 738 2188 πρὸς
753 2153 798 2179 τὸν
813 2152 916 2179 Φωτίου

967 1558 1059 1578 rerum
1081 1551 1203 1578 omnium
1226 1553 1365 1584 conditor,
1389 1553 1453 1581 licet
1464 1553 1670 1588 dirumpamini,
1686 1553 1756 1580 duos

966 1597 1047 1624 nobis
1059 1602 1229 1632 opponentes
1257 1603 1407 1632 creatores,
1425 1605 1450 1626 et
1465 1603 1620 1626 metuentes
1636 1603 1752 1630 metum,

967 1645 1013 1672 ubi
1030 1650 1119 1673 metus
1135 1653 1188 1673 non
1204 1651 1257 1673 est.
1268 1645 1394 1673 Dividitis
1407 1646 1480 1673 enim
1490 1645 1643 1673 secundum
1658 1653 1753 1672 essen-

968 1691 1032 1718 tiam
1051 1690 1134 1726 impie
1151 1690 1251 1718 Filium
1278 1699 1293 1718 a
1308 1691 1400 1724 Patre,
1415 1697 1441 1718 et
1459 1699 1556 1718 eorum
1570 1696 1696 1718 naturam
1726 1695 1754 1718 et

967 1741 1129 1772 potestatem
1141 1743 1188 1765 aut
1204 1737 1366 1765 dissimilem
1383 1742 1430 1765 aut
1444 1745 1558 1765 nurnero
1580 1737 1753 1765 diﬂerentem

967 1783 1122 1818 supponitis
1137 1791 1242 1818 ;quare
1258 1789 1285 1811 et
1301 1785 1370 1811 duos
1396 1789 1532 1819 potentes,
1556 1785 1679 1819 duosque
1709 1792 1754 1812 sa-

968 1830 1073 1864 pientes
1103 1831 1259 1865 appellatis.
1289 1832 1361 1865 quod
1389 1838 1421 1858 ex
1451 1831 1557 1858 nostris
1575 1830 1751 1858 sermonibus

968 1884 1022 1904 non
1039 1877 1230 1911 consequitur.
1244 1876 1374 1904 Eamdem
1386 1877 1472 1909 enim,
1492 1881 1522 1904 ut
1534 1876 1612 1912 paulo
1629 1881 1692 1904 ante
1712 1876 1755 1903 di-

968 1923 1071 1953 ximus.
1085 1927 1250 1957 potestatem
1269 1930 1395 1955 numero.
1411 1928 1438 1950 et
1458 1923 1589 1950 deitatem
1604 1927 1630 1950 et
1645 1923 1754 1957 sapien-

969 1969 1034 1996 tiam
1054 1969 1221 2004 inlutrisqtte
1234 1974 1401 2000 asserentes.
1420 1974 1633 2004 proptereaque,
1651 1969 1690 1996 uti
1707 1977 1756 2004 par

967 2016 1110 2048 est,ctiam
1124 2023 1208 2043 unum
1221 2015 1387 2043 concludere
1402 2017 1560 2043 Creatorem
1578 2015 1690 2042 minime
1707 2023 1755 2042 ne<

967 2062 1105 2096 gligimus.
1126 2061 1159 2088 Et
1173 2062 1230 2089 [nec
1242 2062 1364 2095 quidem,
1382 2069 1399 2089 ο
1418 2061 1468 2089 viri
1486 2061 1644 2092 Cretenses,
1676 2062 1754 2095 quis-

969 2109 1040 2144 piam
1061 2108 1161 2136 dixerit
1183 2108 1217 2136 ad
1242 2109 1412 2136 imbecillum
1429 2108 1523 2136 Photii
1542 2109 1730 2143 syllogismum
1746 2118 1752 2140 ς

968 2153 1087 2189 perfecte
1097 2154 1170 2182 enim
1188 2153 1321 2189 Spiritum
1337 2162 1370 2182 ex
1390 2155 1469 2183 Patre
1488 2155 1618 2190 progredi
1633 2155 1750 2182 creden-

127 2202 200 2228 εἴποι
226 2200 332 2236 ἀδρανῆ
359 2199 553 2234 συλλογισμόν.
570 2199 687 2230 Τελείως
701 2199 730 2225 τὸ
751 2199 864 2233 Πνεῦμα
882 2198 914 2224 ὲκ

971 2206 1023 2232 tes,
1044 2200 1223 2228 nihilominus
1244 2200 1326 2227 etiam
1351 2207 1382 2228 ex
1398 2200 1469 2228 Filio
1495 2208 1620 2228 asserere
1637 2208 1691 2228 non
1710 2207 1756 2227 re-

127 2247 173 2273 τοῦ
193 2246 298 2281 ῐΙατρὸς
317 2245 501 2281 προέρχεσθαι
513 2244 699 2277 πιστεύοντες,
714 2245 787 2279 ὅμως
804 2247 856 2272 κάκ
869 2243 915 2271 τοῦ

130 2292 194 2319 Υὶοῦ
212 2292 296 2318 ταυτδ
314 2292 405 2325 λέγειν
419 2291 470 2317 οὐκ
486 2290 666 2325 ὰνανεύομεν.
677 2291 714 2316 Τὸ
728 2290 750 2316 δ’
766 2291 832 2325 ἡμῖν
846 2290 916 2317 ἑπά-

129 2347 187 2371 γειν
199 2338 236 2369 ὡς
247 2336 345 2373 ἀτελὴς
361 2338 414 2372 ἄρα
429 2338 445 2372 ἡ
463 2337 496 2363 ὲκ
508 2338 554 2363 τοι.
574 2336 680 2371 (lupo;
693 2336 741 2362 τοῦ
759 2336 917 2371 ῐΙνεύματος

129 2383 253 2418 πρόοδος,
278 2383 396 2417 ἀμαθῶν
420 2384 481 2408 ἐστι
496 2383 574 2417 λόγος
600 2382 766 2418 ἀνθρώπων,
788 2383 836 2410 καὶ
861 2383 916 2409 τῶν

130 2429 304 2463 σεμνοτάτων
319 2428 412 2463 ἀρχῶν
433 2428 482 2462 τῆς
500 2427 641 2461 θεολογίας
665 2428 801 2463 ἀπείρων·
819 2428 916 2464 ὥσπερ

130 2474 162 2500 ἂν
171 2474 246 2505 είτις
258 2473 417 2506 ἁποιράσκοι
430 2474 475 2499 τὸν
491 2473 555 2500 Υἰὸν
570 2472 641 2500 εἶναι
651 2474 754 2510 δοτῆρα
768 2474 816 2501 τοῦ
831 2474 917 2501 Πνεῦ-

131 2528 227 2554 ματος,
240 2519 301 2546 ἐπεὶ
317 2519 428 2550 τελείως
442 2519 542 2546 δίδοται
561 2519 637 2555 παρὰ
653 2520 701 2547 τοῦ
727 2521 845 2556 ΙΙατρὸς,
867 2521 917 2548 καὶ

130 2564 256 2592 ἐντεῦθεν
281 2565 328 2591 δύο
355 2564 473 2598 δοτῆρας
484 2560 645 2600 ’προπετῶς
663 2567 857 2601 συμπτεραίνοι,
874 2568 916 2593 ὅτι

129 2611 229 2646 ἐπίσης
240 2611 280 2645 τῷ
290 2610 378 2645 lla.sz
388 2610 480 2636 δίδωσι
498 2611 526 2636 τὸ
538 2610 650 2646 Πνεῦμα
662 2613 709 2638 καὶ
726 2614 740 2639 ὁ
753 2612 829 2644 Υἱός.
842 2613 914 2639 Ἀλλ’

130 2658 253 2690 ἁςντείποι
266 2657 299 2683 ἂν
314 2657 328 2683 ὁ
343 2656 484 2687 Βασίλειος
504 2656 543 2691 τῷ
565 2657 680 2691 τοιούτῳ
698 2658 766 2694 πρὸς
786 2658 916 2694 Ἀμφιλό-

132 2712 191 2739 χιον
201 2704 273 2730 οὓτω
290 2704 388 2738 λέγων·
400 2705 452 2730 Διὰ
461 2703 548 2730 τοῦτο
557 2703 693 2737 διδόντος
707 2706 781 2733 αὐτὸ
790 2707 841 2733 τοῦ
856 2709 914 2734 Πα-

969 2244 1088 2274 nuimus.
1118 2245 1222 2273 lnl‘erre
1255 2253 1336 2280 porro
1360 2246 1451 2279 nobis,
1476 2246 1538 2273 ideo
1566 2246 1755 2280 imperlecttlm

968 2300 1028 2320 esse
1059 2300 1091 2319 ex
1117 2292 1197 2319 Patre
1221 2291 1342 2326 Spiritus
1368 2299 1555 2327 progressum,
1593 2292 1757 2319 inscitorum

969 2339 1120 2372 hominum,
1135 2342 1162 2365 et
1178 2338 1205 2364 in
1217 2345 1298 2373 quam
1319 2338 1436 2366 maxime
1467 2339 1630 2366 reverendis
1651 2339 1758 2366 theolo-

967 2385 1036 2421 gicis
1069 2383 1215 2420 principiis
1250 2384 1436 2418 inexpertium
1464 2385 1661 2413 sermocinatio
1702 2391 1754 2413 est.

968 2431 1205 2464 Quemadmodum
1224 2432 1246 2459 si
1274 2432 1336 2465 quis
1365 2436 1475 2467 negaret
1511 2431 1608 2458 Filium
1633 2433 1757 2459 datorem

968 2487 1030 2506 esse
1049 2479 1180 2514 Spiritus,
1203 2480 1274 2514 quod
1290 2479 1410 2514 perfecte
1426 2478 1507 2505 datur
1522 2485 1536 2505 a
1552 2477 1644 2509 Patre,
1676 2477 1757 2505 inde-

967 2520 1020 2562 que
1036 2526 1104 2554 duos
1118 2526 1227 2554 datores
1236 2525 1380 2554 temerarie
1395 2525 1544 2553 concludat
1560 2533 1567 2555 ;
1585 2524 1660 2559 quod
1675 2532 1754 2558 aeque

968 2576 1050 2606 atque
1063 2571 1143 2598 Pater
1158 2572 1241 2598 etiam
1261 2571 1348 2598 Filius
1369 2571 1500 2605 Spiritum
1525 2570 1582 2597 dat.
1609 2570 1662 2596 Sctl
1692 2569 1756 2596 huic

966 2616 1293 2644 contratlixeritBasilius
1307 2617 1340 2644 ad
1365 2615 1589 2651 Amphilochium
1618 2615 1654 2641 ita
1680 2615 1753 2641 scri-

968 2662 1035 2689 bens
1051 2671 1058 2689 :
1070 2661 1212 2695 Propterea
1225 2663 1303 2689 dante
1316 2661 1391 2689 illum
1407 2662 1499 2690 Putre.
1532 2661 1621 2688 Filius
1635 2660 1756 2687 eumdem

968 2709 1016 2735 dat
1029 2717 1082 2735 una
1102 2709 1209 2736 datiane
1224 2714 1248 2736 ct
1268 2718 1320 2736 una
1341 2709 1564 2743 suppeditatione.

130 2751 211 2783 ερὲς,
229 2753 245 2777 ὸ
257 2750 323 2783 Υίὸς
340 2750 413 2777 αὐτὸ
427 2749 533 2777 δίδωσι
551 2749 605 2784 μιᾷ
624 2750 718 2784 δόσει,
729 2751 778 2778 καὶ
788 2752 843 2787 μιᾷ
859 2755 998 2791 χορηγίᾳ.

167 2797 204 2823 Ε’.
230 2796 312 2823 Ἀλλὰ
342 2796 405 2831 μὴν,
432 2793 453 2822 ὦ
477 2796 584 2831 ἄνδρες,
602 2798 748 2834 μέμνημαί
774 2808 836 2826 τινα
859 2800 914 2826 τῶν

132 2843 216 2877 ἁγίων
233 2843 328 2876 μόνον
339 2842 393 2868 τοῦ
413 2845 586 2877 Πνευμητος
607 2846 738 2879 χορηγύν
765 2847 818 2873 τὸν
847 2848 916 2874 Υἱὸν

295 2891 429 2920 ΡΑΤιιοῑ..
447 2892 492 2922 Gn
528 2891 623 2921 ουν.

1005 2801 1035 2828 ν.
1053 2801 1145 2836 Atqui,
1159 2808 1176 2828 ο
1190 2801 1252 2831 viri,
1266 2801 1320 2836 jam
1335 2801 1360 2828 in
1372 2800 1530 2828 memoriam
1542 2799 1616 2827 venit
1628 2804 1754 2828 sanctum

970 2847 1170 2882 nescioquem,
1193 2847 1277 2874 solum
1306 2847 1420 2882 Spiritus
1443 2847 1561 2872 datorem
1590 2845 1689 2873 Filium
1703 2845 1755 2874 do-

1494 2893 1532 2922 39
