1915 3094
172 130 240 162 1229

680 131 929 162 PIIlLOTHEUS
959 131 1276 163 SELYMBRIENSIS.

1722 129 1789 163 1210

170 187 342 222 6ta'léyav1at
361 188 577 220 κατανοοῦντεςῖ
591 188 715 223 Ἀνδράσι
731 188 786 223 γὰρ
798 187 886 221 λόγων
900 189 954 222 ὴμο

1016 189 1219 222 ιηρτιιιΙεηιίιιηι
1250 187 1390 216 audaciam
1425 187 1556 220 refrenet,
1585 186 1650 214 dum
1678 194 1728 214 nos
1761 192 1790 214 et

173 233 276 267 μένοις,
289 232 337 258 καὶ
354 233 444 268 κρίσει
462 233 516 260 τῶν
531 233 618 267 λόγων
635 233 746 268 ἀκριϐεῖ
759 233 807 259 ἐπὶ
821 233 851 259 τὺ
867 233 956 259 ταῦτα

172 278 312 305 πιστεύειν
327 278 451 313 ἥκουσιν.
471 278 542 305 Ἀλλ’
551 280 625 313 ὅμως
638 279 715 306 οὖδὶν
728 279 890 306 ἀναστέλλει
905 279 956 312 τὴν

172 323 227 351 τῶν
239 324 345 351 πολλῶν
356 325 403 351 καὶ
415 325 552 352 ἀσυνέτων
563 325 665 360 τόλμην
677 324 769 357 κακῶς
782 325 874 359 λέγειν
884 325 956 360 ἡμᾶς

174 369 221 396 καὶ
238 371 288 404 τὴν
305 370 406 401 πίστιν,
418 371 455 401 ὼς
470 371 576 405 ἔμοιγε,
597 368 620 398 ὦ
643 372 737 406 ἄνδρες
757 372 873 406 Κρῆτες,
891 371 956 398 πολ-

175 415 215 440 λοι
231 416 300 442 εἰσιν
318 416 347 442 ὲν
372 416 439 451 ὑμῖν
463 417 551 451 δῆλοι,
566 418 591 444 οἳ
616 417 679 443 καθ’
703 418 824 452 ἑκάστην
851 417 957 452 ἡμέραν

177 461 330 488 διατελοῦσι
345 462 418 497 τάμὰ
434 463 619 499 διασύροντες,
634 462 697 490 οὔτε
709 463 760 499 τὴν
773 463 844 498 ὲμὴν
858 464 958 495 ειδότες

176 507 300 542 γνώμην,
363 508 433 541 φιλῶ
449 509 512 540 τοὺς
528 509 680 544 ὁμογενεῖς,
696 509 757 535 οὔτε
774 510 838 540 τοὺς
852 509 957 542 λόγους,

177 553 297 587 εέρῄσοω
314 555 341 580 δὲ
357 555 405 581 σὺν
421 555 490 589 Θεῷ,
512 552 551 585 οἷς
569 555 595 581 τί
610 564 640 581 τε
665 555 776 590 ἰσχυρὸν
800 556 845 582 καὶ
861 556 888 582 τί
913 564 960 581 σα-

177 599 241 633 θρὸν
255 601 283 626 ὲν
298 601 354 631 τοῖς
371 601 529 636 λεγομένοις
543 602 661 637 δύναμαι
675 603 786 637 γνῶναι.
800 603 830 629 Ei
844 603 866 629 δ’
879 603 961 637 ἀφέν-

176 653 221 676 τες
237 645 287 680 τὴν
301 646 405 681 πλάνην
422 647 586 674 ἀκούσονται
603 649 657 674 τῶν
670 649 744 683 ἐμῶν
760 649 859 682 λόγων,
873 649 960 675 εἷσον-

177 699 233 722 ται,
246 691 284 722 ὼς
298 691 381 726 ἔγωγ’
395 693 492 728 ἐχθρὸς
515 694 565 728 μὲν
582 694 681 727 οὐδενὶ,
697 695 773 729 φίλος
786 695 813 721 δὲ
831 695 910 730 μόνον
927 697 959 730 τῇ

177 736 312 772 εὐσεϐείᾳ,
377 747 450 770 τινες
474 739 657 774 πολεμοῦντες
685 741 841 774 ὲμπιπλῶσι
871 741 961 776 μάχης

176 782 227 816 τὴν
243 783 407 819 οἰκουμένην
433 785 480 811 καὶ
511 785 661 820 σχίσματος
689 785 856 820 ἐπισφαλοῦς
878 787 962 813 πᾶσιν

177 828 279 856 ἔθνεσι.
291 829 361 860 Τοὺς
374 831 514 863 τοιούτους
530 831 596 865 ἐγὼ,
607 828 629 858 ὦ
642 831 738 867 ἄνδρες
753 832 874 867 Κρῆτες,
885 830 962 867 οἴμαι

177 875 232 900 δεῖν
246 875 306 910 μετ’
327 876 438 911 ἀγάπης
451 877 584 912 ιλέγχειν,
600 878 727 913 δεόμενος
743 879 831 904 αὐτῶν
846 879 963 913 ἀποσχέ-

180 919 242 946 σθαι
260 922 308 955 τῆς
326 921 443 957 πλάνης,
462 924 508 950 καὶ
535 925 583 958 τῆς
605 925 681 958 σφῶν
700 925 837 960 σωτηρίας
853 926 963 952 ἀντιλα-

179 966 285 999 ϐέσθαι,
302 963 340 994 ὧν
353 968 416 999 τοὺς
431 968 481 1003 μὲν
503 969 684 1004 πειθομένους
701 970 843 1004 θαυμάζω,
858 971 922 1002 τοὺς
939 971 962 997 δ’

180 1012 395 1046 ἀνθισταμένους
412 1015 612 1050 παραιτοῦμαι,
636 1016 674 1050 τῷ
703 1016 858 1051 ’Λποστόλῳ
873 1016 963 1043 πειθό-
978 1028 983 1031 ι

181 1066 270 1092 μενος.
290 1059 440 1094 Βουλοίμην
455 1059 476 1086 δ’
491 1060 524 1087 ἂν
540 1062 614 1096 ἡμᾶς
628 1062 690 1093 τοὺς
705 1062 897 1097 ἀκροωμένους
909 1063 963 1089 τῶν

181 1105 322 1139 προτέρων
337 1105 418 1133 εἶναι.
437 1106 554 1141 ’Δνδρῶν
570 1107 625 1144 γὰρ
639 1107 672 1134 ἂν
686 1108 807 1135 συνετῶν
821 1108 963 1143 ἐποιήσατ’

180 1150 270 1184 ἔργον,
287 1151 509 1187 διαλλαττόμενοι
535 1155 566 1188 τῇ
592 1154 718 1189 ἀληθείᾳ,
736 1154 783 1181 καὶ
811 1154 850 1189 τῷ
877 1154 964 1190 λοιπῷ

183 1195 290 1230 σώματι
303 1197 354 1230 τῆς
373 1197 535 1232 Ἐχκλησίας
550 1198 587 1229 ὡς
607 1198 675 1233 μέλη
693 1199 865 1233 διαιρεθέντα
884 1207 966 1225 συνα-

182 1242 321 1276 πτόμεναι.
337 1243 398 1269 Τότ”
419 1243 514 1277 ἔγνωτ’
529 1244 573 1276 ἂν,
595 1244 634 1276 ὡς
655 1244 737 1279 ἔγωγ’
760 1245 825 1279 ὑμῖν
848 1245 965 1279 χρηστὸς

184 1287 347 1322 σύμϐουλος,
364 1289 412 1316 καὶ
436 1290 490 1316 τῶν
514 1290 595 1325 ιερῶν
621 1290 708 1324 λόγων
732 1291 782 1325 τῆς
799 1291 917 1322 πίστεως
932 1292 965 1326 τῇ

183 1333 230 1359 τοῦ
246 1333 313 1360 Θεοῦ
332 1334 425 1370 χάριτι
441 1335 536 1366 πιστὸς
552 1336 705 1370 οἰκονόμος,
720 1336 809 1362 οὐδενὶ
827 1336 877 1370 μὲν
894 1337 967 1363 οὐδε-

184 1381 227 1412 νὸς
245 1380 331 1407 κακοῦ
348 1381 488 1415 πρόξενος,
504 1383 640 1417 σωτηρίας
653 1382 679 1409 δὲ
694 1382 817 1416 αἰωνίου,
831 1383 855 1409 εἰ
869 1383 915 1409 καὶ
930 1382 967 1417 μὴ

184 1427 293 1461 θερμῶς
312 1426 358 1452 καὶ
381 1427 476 1461 ἀξίως,
493 1428 729 1463 ἀντιποιούμενος,
743 1429 790 1454 καὶ
805 1429 862 1460 τοῖς
876 1428 967 1460 ἄλλοις

185 1474 213 1498 ιν
242 1472 354 1508 Χριστῷ
371 1473 510 1508 ἀδελφοῖς,
525 1474 599 1505 ὅπως
625 1474 730 1500 ἐκείνου
754 1474 894 1505 τεύξονται
919 1473 967 1500 τοῦ

979 853 999 881 Β

1007 239 1127 261 nostram
1143 233 1223 261 [idem
1240 233 1371 260 conviciis
1387 232 1579 267 proscindunt,
1605 232 1687 259 sieuti
1711 232 1789 264 mihi,

1007 287 1023 307 o
1038 280 1089 306 viri
1104 280 1259 311 Cretenses,
1287 279 1414 314 permulti
1443 279 1514 305 inter
1537 286 1586 305 vos
1602 278 1791 308 innotescunt,

1007 326 1051 360 qui
1072 326 1185 360 singulis
1208 325 1303 352 diebus
1328 332 1388 352 mea
1413 325 1595 356 insectantur,
1621 331 1712 358 neque
1731 323 1792 349 ani-

1009 380 1082 398 mum
1112 380 1200 399 meum
1225 376 1299 398 recte
1314 370 1491 406 accipientes.
1507 377 1561 404 quo
1584 377 1644 397 cum
1666 377 1725 396 mea
1742 377 1790 395 na-

1010 419 1083 445 tione
1113 426 1204 444 amore
1220 417 1371 450 devineior,
1398 424 1487 451 neque
1514 423 1669 446 sermones,
1687 415 1794 442 dicatur

1010 463 1145 498 siquidem
1161 471 1221 490 cum
1248 462 1313 493 Deo.
1341 463 1441 498 quibus
1467 462 1488 489 si
1513 461 1577 495 quid
1605 461 1724 488 validum
1748 465 1794 486 aut

1009 509 1070 536 leve
1107 514 1134 536 et
1162 509 1253 536 debile
1297 509 1368 536 inter
1399 507 1593 535 disserendum
1631 506 1795 537 oecurreiit,

1010 564 1119 591 possum
1144 556 1306 590 diiudicare.
1324 555 1401 588 Quod
1435 555 1457 582 si
1486 555 1592 588 ejurato
1619 560 1712 581 errore
1740 560 1797 579 ser-

1011 611 1107 631 mones
1118 611 1194 631 meos
1208 603 1374 633 audiverim.
1391 610 1433 630 nzc
1459 602 1496 628 illi
1525 602 1603 636 plane
1619 603 1794 635 cognoscent,

1012 658 1055 676 me
1072 649 1137 676 nulli
1154 656 1265 683 prorsus
1285 648 1438 678 inimicum,
1463 647 1509 674 sed
1526 645 1713 673 tantummodo
1723 644 1796 671 veri-

1013 696 1076 723 tatis
1103 695 1222 722 amicum
1252 702 1323 726 esse,
1351 701 1431 728 quam
1458 692 1580 720 nonnulli
1605 696 1798 726 oppugnantes

1013 747 1149 769 terrarum
1180 740 1274 767 orbem
1303 740 1465 766 universum
1494 738 1587 764 litibus
1618 737 1742 772 implent,
1771 739 1799 762 et

1013 787 1167 815 schismatis
1195 786 1338 820 periculosi
1369 785 1525 812 nationibus
1559 783 1687 810 omnibus
1713 789 1797 808 causa

1014 838 1087 861 sunt.
1110 830 1164 859 llos
1178 839 1238 867 ego,
1255 839 1271 858 ο
1287 830 1335 858 viri
1350 831 1507 861 Cretenses,
1527 837 1587 856 cum
1600 835 1691 855 amore
1706 827 1799 854 redar-

1014 879 1137 914 guendos
1155 886 1216 909 esse
1232 885 1303 910 reor,
1320 884 1436 904 exorans
1451 881 1479 903 ιιι
1500 883 1623 902 errorem
1647 874 1797 908 deponant,

1014 925 1182 959 propriaeque
1198 923 1294 950 salutis
1305 930 1398 949 curam
1427 922 1563 948 hat-eant:
1580 927 1659 955 quos,
1681 919 1702 947 si
1720 918 1798 946 audi-

1013 970 1113 1002 verim,
1130 969 1220 1001 laudo,
1237 969 1259 995 si
1274 973 1369 995 contra
1384 975 1444 994 sese
1459 966 1650 1001 opposuerim,
1665 964 1799 992 ohediens

1014 1015 1144 1051 Apostolo
1157 1015 1260 1042 devito.
1277 1013 1457 1047 Percuperem
1477 1019 1541 1039 vero
1564 1018 1621 1042 vos,
1648 1010 1797 1041 auditores,

1015 1071 1046 1091 ex
1064 1070 1159 1090 eorum
1187 1068 1302 1088 numero
1320 1068 1392 1092 esse,
1412 1060 1457 1094 qui
1475 1059 1563 1094 primo
1590 1057 1650 1085 loco
1673 1054 1797 1083 collocati

1016 1113 1079 1136 sunt
1097 1116 1103 1135 :
1120 1108 1160 1135 sic
1176 1108 1249 1135 enim
1264 1106 1385 1133 virorum
1413 1105 1587 1140 prudentium
1604 1103 1710 1130 facinus
1724 1109 1799 1128 com-

1016 1153 1180 1185 mitteretis,
1215 1153 1323 1180 veritati
1359 1151 1537 1183 reconciliati,
1566 1154 1593 1176 et
1618 1149 1722 1182 reliquo
1750 1147 1801 1173 Ec-

1016 1201 1108 1228 clesiae
1136 1199 1244 1234 corpori
1271 1199 1310 1226 uti
1345 1197 1467 1224 membra
1497 1202 1620 1231 separata
1649 1193 1799 1229 conjuncti.

1017 1246 1085 1273 Tum
1098 1246 1223 1280 equidem
1241 1244 1423 1280 agnosceretis
1442 1251 1485 1270 me
1509 1250 1553 1269 res
1566 1241 1684 1276 optimas
1698 1247 1798 1268 consu‘

1017 1292 1082 1324 lere,
1110 1292 1228 1326 ﬁdeique
1256 1298 1349 1318 sacros
1373 1297 1515 1317 sermones
1539 1296 1593 1315 non
1625 1287 1726 1321 absque
1754 1285 1801 1312 Dei

1018 1339 1102 1373 gratia
1124 1337 1239 1365 ﬁdeliter
1255 1337 1433 1372 pertractare,
1457 1335 1523 1362 nulli
1545 1341 1642 1361 noxam
1672 1332 1799 1363 afferens,

1018 1384 1065 1411 sed
1097 1384 1212 1410 salutem
1244 1383 1458 1418 sempiternam.
1490 1381 1541 1408 etsi
1571 1387 1625 1406 non
1656 1377 1801 1405 admodum

1019 1429 1106 1457 calide
1120 1429 1266 1464 digneque,
1283 1435 1442 1463 procurans,
1463 1431 1489 1454 et
1506 1427 1567 1453 aliis
1584 1427 1611 1453 in
1626 1425 1735 1452 Christo
1749 1423 1804 1450 ira-

1021 1476 1118 1508 tribus,
1145 1480 1185 1510 ut~
1203 1475 1304 1501 bonum
1327 1473 1392 1500 illud
1426 1473 1556 1508 consequi
1598 1471 1723 1507 possint,
1743 1477 1804 1504 per-

185 1518 268 1543 καλοῦ
287 1518 495 1553 ὑποτιθέμενος,
513 1519 543 1545 οὗ
567 1521 712 1554 μετασχεῖν
729 1520 803 1554 ἡμᾶς
813 1520 918 1553 γένοιτο
932 1521 964 1555 τῇ

1018 1520 1193 1547 arcommoda
1225 1527 1384 1554 suggerens,
1402 1518 1480 1552 cujus
1504 1517 1651 1552 participes
1675 1523 1726 1543 nos
1745 1514 1803 1542 ﬁeri

185 1564 232 1589 τοῦ
249 1563 367 1598 Χριστοῦ
383 1564 485 1600 χάριτι,
498 1562 520 1599 ᾧ
533 1565 597 1597 δόξα
612 1566 723 1600 πρέπει.
747 1566 845 1600 Ἀμήν.

1017 1565 1117 1593 Christi
1135 1565 1220 1600 gratia
1244 1565 1387 1597 concedat,
1406 1564 1448 1591 cui
1469 1563 1555 1599 gloria
1577 1563 1666 1590 decet.
1685 1563 1785 1588 Amen.

389 1646 1799 1661 W

865 1733 990 1756 smcueo
1011 1733 1065 1756 xw
1087 1725 1122 1766 (?)

233 1815 596 1899 PHILOTHEI
658 1815 1186 1900 SELYll‘llilllENSlS
1253 1815 1761 1901 ARGHIEI’ISCilPI

896 1961 1088 2001 ORATIO

483 2067 552 2122 IN
601 2065 939 2123 SANCTUM
976 2065 1499 2123 AGATHONICUM

767 2178 884 2210 (Codices
895 2179 976 2205 (ἕνωεί
990 2178 1107 2210 Noniani,
1118 2187 1144 2211 p.
1157 2180 1197 2205 551
1205 2180 1226 2211 ,)

226 2329 286 2355 Τῶν
309 2326 392 2353 πάλαι
411 2324 502 2358 σοφῶν
528 2325 575 2351 καὶ
596 2323 720 2359 ρητόρων
733 2323 782 2358 τῆς
801 2323 964 2358 Ἐκκλησξας

1062 2324 1135 2350 Inter
1150 2323 1278 2358 antiquos
1299 2321 1475 2357 philosophos
1494 2327 1522 2348 et
1540 2320 1670 2347 Eeclesim
1684 2322 1808 2346 oratore:

191 2376 237 2402 καὶ
251 2375 343 2407 ἄκρων
360 2373 388 2398 ὲν
403 2371 494 2405 λόγοις
510 2370 624 2405 μηδενός
638 2378 681 2396 πω
695 2369 791 2396 ἑαυτὸν
808 2369 862 2395 οὐδ’
881 2370 972 2395 ὁπωσ-

189 2422 263 2449 τιοῦν
285 2419 467 2448 ἐκδεδωκότος
497 2417 722 2451 διεξοδικώτερον
747 2417 774 2446 ὲς
800 2415 897 2449 λόγους
923 2416 970 2442 καὶ

190 2467 370 2502 ἀγωνίσματα
387 2464 433 2491 τοῦ
450 2464 610 2497 στεφανίτου
624 2462 763 2497 μάρτυρος
781 2461 972 2495 ’Λγιιθονικου¹

191 2513 343 2548 φιλοτίμως
356 2511 423 2546 ὁμοῦ
437 2511 485 2537 καὶ
503 2509 733 2545 μεγαλοπρεπῶς,
755 2508 822 2535 ἀλλά
840 2510 902 2543 σιγῇ
919 2517 974 2534 πα-

193 2558 386 2593 ραδραμόντων
402 2558 435 2584 τὰ
457 2557 570 2592 μνήμης
585 2556 633 2583 καὶ
659 2555 798 2589 θαύματος
813 2555 875 2587 ἀξια
892 2555 974 2589 μέχρι

191 2605 239 2639 τῆς
251 2604 342 2639 δεῦρο,
358 2603 418 2638 ἥκω
439 2602 487 2629 τοῦ
510 2603 602 2635 λέγειν
626 2600 718 2633 αὐτὸς,
731 2601 755 2626 el
773 2601 820 2628 καὶ
841 2600 889 2634 τὴν
905 2601 974 2634 ἐμὴν

192 2652 255 2684 περὶ
276 2650 372 2683 λόγους
402 2649 479 2683 ἰσχὺν
499 2646 558 2675 οἶδα
581 2647 676 2682 σαφῶς
690 2647 773 2680 ἔγγὺς
787 2646 896 2673 ἰοῦσαν·
913 2646 971 2672 οὐδὲ

192 2694 305 2729 μετρίας
327 2694 378 2728 τῆς
402 2694 494 2726 ἀξίας,
512 2693 581 2720 ἀλλὰ
605 2691 697 2726 πολλῷ
712 2692 749 2726 τῷ
767 2693 858 2727 μέτρῳ
878 2691 973 2726 πόρρω

194 2748 255 2766 που.
273 2739 376 2772 Μηδεὶς
397 2739 419 2765 δ’
437 2739 514 2773 ὑμῶν
527 2739 707 2774 προπέτειαν,
722 2735 745 2764 ὣ
761 2738 906 2772 παρόντες,
924 2745 975 2763 κα-

191 2785 284 2819 ταγνῷ
298 2785 345 2812 τοῦ
360 2785 496 2820 παρόντος
519 2787 732 2821 ἐγχειρήματος,
749 2786 773 2811 ει
787 2784 834 2810 καὶ
849 2783 975 2818 ἐργώδης

193 2833 206 2857 ό
221 2831 298 2866 λόγος
311 2832 357 2858 καὶ
369 2832 486 2867 χαλεπὸς
501 2832 660 2866 διενεγκεῖν.
677 2831 754 2858 Ἐπεὶ
767 2830 815 2858 οὖν
828 2830 876 2865 οὐχ
890 2830 973 2857 ἕνεκα

1022 2370 1142 2404 aliosque
1183 2368 1292 2396 dicendi
1320 2368 1434 2403 peritos,
1469 2368 1559 2394 nullus
1583 2366 1610 2393 in
1635 2365 1809 2394 sermonibus

1023 2421 1070 2443 aut
1097 2415 1293 2444 certaminibus
1322 2414 1418 2442 fortior
1436 2414 1553 2445 exstitit.
1578 2417 1711 2441 coronato
1735 2419 1809 2438 mar-

1025 2468 1082 2498 tyre
1100 2461 1282 2497 Agathonico;
1311 2461 1358 2488 sed
1383 2460 1448 2488 dum
1475 2461 1565 2487 (περιοτὶ
1593 2467 1635 2486 res
1656 2464 1807 2486 memoratu

1026 2509 1122 2544 dignas
1138 2509 1192 2535 huc
1210 2515 1296 2542 usque
1321 2508 1430 2534 silentio
1457 2507 1659 2542 prmterierunt,
1680 2512 1730 2539 ego
1749 2504 1808 2531 illas

1024 2555 1213 2582 celebraturus
1237 2554 1344 2580 adsum.
1366 2552 1422 2581 Etsi
1444 2561 1487 2580 me
1513 2560 1608 2588 parum
1633 2553 1807 2586 eloquentem

1025 2609 1076 2628 nec
1096 2601 1170 2628 hisce
1203 2600 1284 2627 rebus
1310 2599 1433 2626 dicendis
1452 2604 1558 2634 aptum,
1587 2598 1639 2624 imo
1658 2597 1735 2624 valde
1760 2595 1809 2622 im-

1026 2653 1118 2682 parem
1132 2646 1217 2681 probe
1232 2645 1373 2676 noverim;
1395 2645 1486 2671 nullus
1510 2651 1574 2670 vero
1589 2644 1660 2670 inter
1675 2649 1733 2673 vos,
1761 2649 1809 2668 au-

1025 2691 1136 2723 ditores,
1157 2691 1238 2726 hujus
1255 2690 1387 2725 propositi
1405 2690 1586 2717 temeritatem
1607 2687 1806 2718 criminabitur,

1026 2738 1090 2765 licet
1105 2737 1182 2765 labor
1196 2738 1232 2764 sit
1246 2744 1380 2764 onerosus
1395 2741 1421 2763 et
1439 2736 1561 2770 perfectu
1576 2734 1691 2761 ditiieilis
1709 2742 1716 2761 :
1735 2733 1807 2768 quod

1027 2784 1049 2812 si
1067 2784 1149 2819 igitur
1161 2792 1215 2811 non
1230 2791 1307 2811 vanae
1324 2783 1415 2818 gloriae
1432 2781 1594 2816 cupiditate,
1620 2788 1670 2807 nec
1683 2779 1809 2815 volupta-

1029 2836 1082 2858 tem
1108 2830 1226 2866 aliquant
1256 2829 1319 2857 inde
1338 2834 1478 2863 capturus,
1498 2828 1546 2855 sed
1562 2828 1598 2854 ob
1613 2827 1804 2854 necessitatem
