1915 3094
172 181 202 212 ῙΞ
213 182 238 213 »3

698 186 841 218 ORATIO
865 189 903 219 IN
926 190 954 220 S.
980 191 1269 223 AGATHONICUM.

1721 193 1798 224 12Ίῖ

166 249 216 274 της
233 240 399 276 θεωροῦντες
416 242 500 278 αὐτὴν
517 243 555 274 ὡς
572 243 670 271 ἄσυλον
688 246 735 271 καὶ
752 246 857 281 ἀσφαλῆ
875 247 951 273 ὲπαι-

1003 257 1062 276 rum
1089 256 1256 278 armatorum
1283 250 1408 278 virtutem
1436 258 1467 278 ac
1494 251 1702 284 fortitudinem;
1722 253 1790 279 taleis

167 286 243 313 νοῦσί
255 295 285 313 τε
301 288 347 314 καὶ
364 287 532 323 θαυμάζουσι
545 296 551 304 ·
568 292 614 318 καὶ
629 291 814 331 (ευλακτήριον
829 295 876 319 καὶ
892 294 954 320 σκέ-

169 339 222 365 πην
237 332 338 359 ὠσανεὶ
357 333 479 369 ισχύονσι
495 335 529 361 τὰ
547 335 630 369 ὲγγύς
647 344 698 362 που
716 337 841 372 πέλματα
858 347 887 364 τε
906 339 953 364 καὶ

168 376 306 412 φρούρια·
330 378 398 413 πρὸς
419 379 525 411 τούτοις
547 381 625 412 πᾶσι,
649 382 696 407 καὶ
717 382 884 417 ὁπλοφόρους
907 384 953 409 καὶ

170 422 311 458 μαχίμους
327 423 442 458 ἄνδρας,
461 426 562 457 καλοὺς
579 427 716 461 κάγαθούς
728 435 735 443 ·
753 428 889 460 τοιούτους
907 430 953 455 καὶ

167 468 361 502 τηλικούτους,
381 469 418 501 ὥς
436 471 482 506 ἐπὶ
499 472 614 503 ἀσπίδας
632 473 678 499 καὶ
697 473 760 508 δόρυ
779 475 807 500 ἐν
825 475 953 510 πολέμοις

167 514 215 540 καὶ
231 515 329 549 μάχαις
344 515 489 549 τεθνάναι,
506 518 552 544 ἐὰν
569 518 715 553 βαρϐάρων
736 519 774 555 μὴ
789 521 953 554 περιγένων-

166 568 211 585 ται
234 560 310 592 ἴσως,
332 561 384 589 ὑπὸ
406 563 526 598 πλήθους
548 566 697 599 στρατιᾶς’
722 566 789 600 μόνη
812 566 866 601 γὰρ
887 567 952 601 περὶ

166 606 256 640 τυχῶν
266 627 273 638 ,
289 607 328 639 ὡς
342 607 407 640 ἔπος
422 610 510 636 εἰπεῖν
520 630 527 642 ,
543 610 560 645 ἢ
577 610 674 646 κομιδὴ
690 611 718 638 ὲν
733 611 837 646 ὀλίγαις
853 613 952 648 ἄνδρας

166 650 275 678 δύναται
297 653 409 687 τρέφειν
431 655 568 688 ἀγαθοὺς,
588 656 660 683 ὅπλα
682 658 884 693 μεταχειρίζειν
907 659 952 684 καὶ

168 695 247 729 μόνα,
263 697 308 723 διὰ
322 698 384 729 τοὺς
401 701 522 733 συνεχεῖς
540 700 685 736 πολέμους,
701 701 767 728 ὥσθ’
779 703 793 729 ὃ
809 704 892 737 φησιν
907 705 952 730 Αἶ-

168 741 282 776 σχύλος,
303 742 407 779 Ἐρμῆς
432 745 517 772 ταῦτα
542 746 660 781 εὐλόγως
687 749 840 783 συνήγαγεν
855 758 862 766 ·
889 749 952 776 οὕτε

169 788 281 820 τούτους
305 789 396 816 ὅπλων
417 790 578 825 ἀποστερεῖν
601 790 657 820 οἷόν
678 802 707 820 τε
730 794 802 821 δεῖν’
825 795 886 821 οὔτε
908 795 953 822 τὸν

168 833 255 868 Ἀρην
277 834 330 866 ἔξω
352 834 467 869 τιθέναι,
489 837 534 863 τὸν
556 837 675 874 πόλεμον
697 839 808 874 δηλαδή.
824 840 906 867 Ὅθεν
928 842 952 868 εί

166 877 259 913 ἔτυχον
277 880 415 914 περιόντες
430 881 553 917 Ὄμηρος
575 884 622 909 καὶ
641 883 762 916 Ἡσίοδος
774 904 781 916 ,
802 885 886 919 μόνας
904 887 952 917 τας

155 922 210 967 ’δύο
224 924 335 957 ταύτας,
349 925 462 958 δικαίως
476 924 551 953 εἶπον
566 928 671 963 ἀνδρῶν
685 929 759 964 ἔχειν
772 931 868 965 φορὰν,
884 931 953 964 ἁγα-

167 969 220 995 Θῶν
237 970 287 1004 μὲν
305 971 448 1006 κοσμῆσαι
460 973 560 1005 ῐππους
578 975 624 1000 καὶ
641 975 742 1011 ἀνέρας
760 977 927 1008 ἀσπιδιώτας
943 986 950 993 ’

167 1017 278 1050 ἀγαθῶν
304 1018 333 1045 δὲ
362 1019 412 1054 τῆς
440 1019 538 1055 τέχνης
566 1021 695 1056 εὑρέσθαι
721 1022 844 1057 τέρματα
871 1023 952 1050 τάσδε

168 1061 241 1097 σαφῆ
252 1071 259 1078 ·
275 1063 312 1094 ὠς
326 1063 382 1090 ἐστι
397 1073 428 1098 γε
443 1065 498 1091 τῶν
514 1067 707 1100 ἀτοπωτάτων,
726 1068 750 1095 εί
766 1069 878 1103 κοσμεῖν
894 1069 951 1095 ἑθέ-

167 1107 257 1139 λοντες
272 1108 372 1140 ταύτας
388 1109 421 1137 τὰ
438 1110 521 1138 πλείω
537 1112 584 1138 καὶ
600 1112 718 1147 κρείττω
733 1113 781 1140 καὶ
799 1113 883 1148 μείζω
901 1122 952 1140 πα-

167 1153 266 1188 ρίημεν
279 1162 285 1168 ·
301 1153 372 1190 ἅπερ
388 1156 442 1182 είσὶ
456 1156 542 1182 ταῦτα
555 1165 562 1172 ·
579 1156 674 1192 ὥσπερ
691 1158 724 1185 ἂν
740 1159 766 1185 εῐ
779 1167 822 1190 τις
837 1158 951 1194 μέγεθος

169 1201 298 1234 στρατιᾶς
313 1201 438 1235 ἀγγεῖλαι
455 1203 628 1238 βουλόμενος,
642 1201 698 1231 οἷον
712 1204 761 1239 τῆς
775 1204 891 1240 Ἀχαιῶν
905 1205 951 1231 ἐπὶ

167 1244 268 1280 Τροίᾳ·
285 1246 300 1281 ἥ
315 1247 363 1280 τῆς
380 1247 482 1282 Ξέρξου
499 1249 541 1275 ἐπ’
556 1249 717 1284 Ἀθηναίοις,
733 1248 793 1277 εῐτα
809 1251 882 1284 λέγει
902 1260 950 1285 μυ-

168 1292 241 1326 ρίους
259 1293 275 1328 ἢ
293 1293 459 1329 δυσμυρίους
485 1294 597 1326 ὁπλίτας
616 1295 697 1327 ἰδεῖν,
717 1295 808 1322 ἵππων
824 1295 853 1322 δὲ
872 1295 950 1330 τόσην

167 1338 214 1364 καὶ
229 1339 312 1374 τόσην
322 1360 330 1372 ,
346 1339 406 1366 οὐδὲ
423 1340 568 1366 πολλοστὸν
585 1341 667 1375 μέρος
683 1341 730 1367 τοῦ
747 1341 846 1372 παντὸς
862 1340 957 1381 λέγων.

166 1383 194 1408 ὲν
208 1381 247 1414 οἷς
263 1383 407 1418 θαυμάζει,
424 1385 511 1411 καίτοι
527 1385 572 1411 καὶ
582 1385 631 1421 τὴν
642 1385 695 1412 τῶν
709 1385 858 1418 ’Δθηναὶων
874 1386 950 1412 πόλιν

166 1429 312 1464 εὐδαίμονα
328 1432 383 1461 τοῖς
401 1431 525 1464 ποιηταῖς
543 1430 616 1464 ἔδοξε
635 1433 814 1465 προσειπεῖν,
832 1431 872 1458 ὅτι
889 1432 950 1463 ταῖς

167 1476 220 1502 τῶν
241 1476 416 1503 ἐνοικούντων
439 1477 633 1511 ἀνδραγαθίαις
655 1478 817 1512 ἐκοσμεῖτο,
841 1475 949 1512 ἦπούγε

167 1521 299 1556 λαμπρῶς
313 1522 412 1553 ταύτας
428 1523 477 1553 τὰς
493 1523 678 1557 προσηγορίας
695 1524 828 1558 προσήκει
842 1531 848 1537 ·
869 1523 948 1557 μόναι

168 1567 222 1601 γὰρ
242 1568 298 1597 τοῖς
319 1567 425 1598 πολλοῖς
445 1567 553 1593 δοκοῦσι
574 1568 628 1594 τῶν
650 1568 758 1594 πάντων
778 1568 870 1595 καινόν
890 1576 950 1595 τινα

167 1613 266 1646 τρόπον
282 1613 393 1644 ταύταις
410 1614 466 1644 ταῖς
484 1613 578 1648 δχθαις
594 1614 735 1649 ὁρίζεσθαι
748 1622 756 1629 ·
773 1614 803 1640 οὐ
822 1614 888 1647 ξύλα
904 1615 950 1641 καὶ

166 1659 257 1690 λίθους
273 1659 318 1685 καὶ
332 1659 427 1694 τέχνην
440 1660 575 1685 τεκτόνων
590 1660 636 1685 καὶ
649 1659 696 1686 τὸν
710 1659 765 1686 τῶν
780 1659 892 1694 ἀψύχων
906 1661 951 1687 κό-

169 1713 265 1740 σμων·
288 1705 344 1731 ἀλλ’
358 1705 458 1740 ἄνδρας
480 1705 584 1737 εἰδότας
609 1707 658 1741 μὲν
681 1705 779 1737 σώζειν
800 1707 898 1738 αὐτοὺς
922 1707 951 1732 ἐν

168 1751 294 1786 πολέμοις
312 1751 359 1778 καὶ
377 1752 477 1786 μάχαις
490 1760 496 1766 ·
514 1751 618 1783 εἰδότας
633 1751 660 1778 δὲ
678 1752 855 1787 παράδειγμα
871 1752 951 1778 καθε-

168 1797 263 1823 στάναι
279 1798 333 1827 τοῖς
349 1796 440 1827 ἄλλοις
455 1796 509 1822 τῶν
524 1796 670 1830 βελτίστων
682 1816 689 1828 ,
706 1797 734 1823 ὲν
749 1798 806 1828 τοῖς
821 1796 952 1828 τοιούτοις

167 1845 270 1880 καιροῖς
284 1845 331 1870 καὶ
346 1845 499 1879 πράγμασι.
516 1844 586 1878 Πρὸς
599 1844 627 1870 δὲ
638 1843 744 1876 τούτοις
758 1845 806 1872 καὶ
819 1845 872 1878 πρὺ
885 1845 951 1871 πάν.

166 1901 229 1923 των,
248 1891 381 1926 τηροῦσαι
398 1891 535 1925 φαίνονται
554 1888 633 1919 αὗται
649 1891 676 1918 αἱ
693 1891 783 1922 πόλεις
800 1892 848 1918 καὶ
866 1891 951 1918 θείων

166 1939 271 1972 ἀνδρῶν
284 1938 398 1969 κανόνας
414 1938 460 1964 καὶ
474 1937 600 1971 δόγματα
613 1945 619 1953 ·
634 1937 674 1963 ἔτι
687 1936 715 1963 δὲ
731 1937 862 1972 βασιλέων
876 1936 951 1963 εὗσε-

167 1985 222 2010 6ὦν
238 1985 336 2018 νόμους
346 2003 354 2014 ,
372 1984 419 2010 καὶ
437 1983 526 2016 σοφῶν
543 1982 646 2017 ἀνδρῶν
662 1982 821 2017 Λυκούργου
839 1982 887 2008 καὶ
903 1982 951 2008 Σό-

167 2031 261 2061 λωνος,
275 2030 322 2056 ’καὶ
337 2030 435 2059 παντὸς
450 2029 532 2056 ἄλλου
548 2027 691 2063 νομοθέτου
706 2028 772 2062 παρ’
784 2025 825 2059 οἷς
839 2029 952 2061 γεγόνα-

167 2086 210 2103 σιν
223 2077 338 2110 διάφορα
348 2096 355 2109 ,
370 2076 404 2102 τά
427 2083 456 2101 τε
471 2074 612 2109 Ῥωμαϊκὰ
625 2074 673 2100 καὶ
688 2074 842 2108 ἑπαρχικά’
856 2074 902 2100 καὶ
918 2073 952 2099 τὰ

167 2122 297 2149 κάλλιστα
319 2121 373 2147 τῶν
396 2119 559 2155 προχείρων,
584 2119 691 2154 ξυνάμα
712 2119 772 2150 ταῖς
796 2118 952 2153 βασιλικαῖς

169 2169 276 2202 νεαραῖς
293 2168 430 2193 πολιτείαν
447 2167 496 2200 μὲν
511 2165 659 2200 ἀξιόχρεων
674 2164 712 2199 τῷ
727 2165 802 2199 νόμῳ
818 2165 932 2199 σχοῦσαι
943 2185 950 2197 ,

167 2215 318 2249 ἀξιόχρεων
335 2212 428 2248 σχεδὸν
444 2211 473 2238 δι
493 2211 540 2238 καὶ
560 2209 744 2245 δικαστηρίων
760 2210 849 2237 αὐτῶν
868 2219 950 2236 σπου-

1004 295 1076 322 enim
1100 303 1162 323 cum
1181 297 1247 328 sint,
1274 300 1319 323 aut
1347 295 1481 324 Barbaros
1494 297 1613 329 vincere,
1639 302 1685 324 aut
1709 305 1790 332 super

1004 341 1099 376 clypeo
1127 346 1175 368 aut
1195 341 1285 375 jaculo
1313 343 1444 369 connnori
1486 343 1512 369 in
1543 343 1652 369 animo:
1676 343 1787 370 habent.

1006 385 1069 412 Sola
1082 386 1155 413 enim
1173 386 1216 412 illa
1233 395 1265 412 ex
1282 391 1320 413 tot
1333 386 1395 413 aliis
1421 387 1499 414 viros
1524 393 1653 414 strenuos
1672 392 1699 414 et
1719 388 1790 414 alere

1005 435 1032 457 et
1046 431 1130 458 armis
1145 432 1319 459 assuciacere
1342 432 1415 459 valet
1435 433 1470 459 ob
1488 433 1596 460 assidua
1622 433 1702 464 bella,
1718 437 1746 460 et
1762 437 1791 460 ut

1004 476 1138 512 Eschylo
1165 482 1245 511 teste,
1262 478 1416 506 Mercurius
1440 479 1493 506 rite
1513 486 1561 506 cos
1578 479 1715 505 adunavil.
1732 477 1794 505 Non

1004 523 1077 550 enitn
1094 523 1111 550 ii
1123 528 1185 550 sunt
1198 524 1245 557 qui
1264 524 1387 559 neglecto
1400 532 1539 551 armorum
1557 531 1608 551 usu
1624 523 1748 556 Martem,
1765 525 1790 551 id

1004 572 1046 595 est
1056 569 1154 596 bellum
1167 569 1192 596 in
1203 569 1328 597 exsilium
1341 575 1431 605 agant.
1442 569 1521 597 Certe
1533 570 1554 597 si
1568 570 1701 597 Homerus
1710 575 1790 604 atque

1005 614 1138 643 Hesiodus
1153 616 1186 643 ad
1202 617 1283 644 vitam
1297 617 1428 648 redirent,
1445 618 1493 645 llas
1508 618 1576 645 duas
1586 618 1657 644 solas
1669 618 1789 645 virorum

1005 661 1111 688 feraces
1125 669 1185 689 esse
1198 667 1225 689 et
1251 663 1362 690 altrices
1378 670 1512 697 equorum
1528 664 1691 691 etmilitum-
1705 671 1790 695 agim-

1004 711 1123 738 scerenl,
1153 711 1179 733 ιιι
1202 714 1254 734 nec
1281 707 1372 735 minus
1397 708 1498 735 artium
1526 708 1640 735 eximias
1652 708 1790 738 Cullrit'es.

1004 751 1096 784 Quare
1118 752 1140 779 si
1163 759 1210 780 eas
1225 752 1336 780 laudare
1351 753 1487 785 volumus,
1513 761 1556 780 res
1573 754 1672 780 multas
1691 754 1792 789 quibus

1004 797 1142 825 excellunt
1168 798 1280 826 silentio
1310 800 1456 834 prmterire
1482 799 1532 827 fas.
1556 807 1617 826 non-
1635 804 1687 827 est.
1706 799 1790 832 Quod

1006 844 1076 871 idem
1093 844 1196 872 {areret
1211 845 1255 879 qui
1272 845 1410 872 exercitus
1427 846 1652 880 magnitudinem,
1665 851 1694 873 ιιι
1708 846 1788 873 Achi-

1006 896 1099 915 vorum
1113 894 1208 916 contra
1222 889 1344 924 Trojam,
1362 889 1460 917 Xerxis
1485 894 1580 917 contra
1609 890 1791 916 Atheuienses

1004 935 1157 967 celebrans,
1172 935 1205 962 de
1223 936 1314 962 decem
1332 940 1379 962 aut
1397 936 1494 971 viginti
1523 936 1644 962 millibus
1663 936 1791 970 loquere-

1004 985 1059 1012 tur,
1084 982 1206 1016 equitum
1226 989 1342 1008 numero
1356 981 1459 1014 addito,
1478 983 1573 1012 totius.
1588 989 1668 1016 quem
1687 982 1790 1012 luudui,

1002 1027 1110 1054 numeri
1130 1031 1234 1061 partem
1265 1035 1347 1054 unam
1371 1028 1414 1054 vix
1440 1027 1606 1062 attingenr:
1633 1035 1789 1062 quanquam

1002 1077 1089 1106 poetae
1100 1073 1194 1100 urbem
1205 1073 1413 1100 Atheniensium
1427 1073 1530 1101 felicem
1539 1077 1632 1108 utpote
1642 1073 1789 1100 incolarum

1001 1118 1164 1146 fortitudine
1189 1118 1347 1154 praeclaram
1370 1119 1508 1153 appellare
1530 1123 1632 1146 amant.
1659 1118 1716 1146 lmo
1745 1119 1789 1145 illa

1002 1165 1068 1192 urbs
1095 1164 1169 1192 omni
1195 1164 1306 1192 laudum
1333 1172 1434 1199 genere
1465 1165 1600 1192 cumulari
1626 1165 1709 1200 digna
1737 1170 1789 1195 est.

1001 1209 1134 1244 siquidem
1148 1217 1192 1236 res
1207 1216 1291 1236 ttovas
1304 1216 1403 1244 easque
1425 1209 1566 1244 plurimas,
1584 1210 1638 1236 huc
1663 1215 1791 1245 apporta-

1000 1256 1053 1287 vit;
1072 1262 1126 1281 non
1148 1254 1261 1289 lignum,
1280 1262 1333 1281 non
1361 1254 1474 1289 lapides,
1500 1263 1555 1282 non
1579 1255 1790 1283 architectorum

1001 1305 1087 1327 artem
1101 1299 1344 1331 ornamentariam.
1368 1301 1416 1327 sed
1443 1300 1518 1328 viros
1535 1301 1603 1336 ipsis
1620 1301 1646 1328 in
1670 1302 1743 1329 bl-llo
1762 1307 1791 1329 et

999 1346 1099 1381 pugnis
1114 1345 1255 1374 salvandis
1270 1345 1387 1374 idoneos
1406 1351 1434 1374 et
1456 1347 1501 1380 qui
1519 1347 1627 1374 cwteris
1656 1348 1682 1374 in
1707 1348 1789 1375 rebus

1001 1392 1122 1420 honestis
1151 1396 1179 1419 et
1205 1392 1337 1427 praeclare
1369 1392 1448 1420 factis
1473 1400 1523 1428 pro
1545 1394 1706 1428 exetnplati,
1737 1394 1789 1421 illis

1000 1439 1152 1473 praesertim
1172 1439 1354 1473 temporibus,
1377 1447 1438 1466 esse
1463 1445 1584 1474 possint.
1613 1439 1670 1467 liuc
1685 1440 1790 1467 accedit

999 1484 1073 1518 quod
1099 1483 1158 1511 istae
1180 1484 1263 1511 urbes
1282 1485 1404 1511 virorum
1428 1484 1583 1511 divinorum
1611 1490 1746 1519 praecepta
1764 1491 1791 1511 et

1000 1528 1117 1563 regulas,
1150 1535 1244 1563 regum
1279 1529 1386 1563 piorutu
1414 1533 1442 1556 et
1467 1530 1632 1563 sapientium
1670 1529 1788 1564 Lycurgi

1001 1581 1033 1600 ac
1061 1573 1173 1602 Solonis
1206 1577 1234 1600 et
1258 1573 1446 1609 cujuscunque
1480 1574 1645 1609 legislutoris
1682 1575 1789 1609 imperii

1002 1622 1049 1645 aut
1074 1618 1280 1654 provinciarum
1309 1618 1384 1653 leges
1411 1618 1507 1645 stricte
1540 1619 1697 1646 observant.
1724 1618 1790 1646 lude

1002 1664 1075 1691 enim
1089 1665 1162 1692 sicut
1176 1672 1208 1692 ex
1225 1664 1408 1698 imperatoriis
1423 1665 1537 1692 novellis
1554 1665 1656 1700 optima
1675 1673 1790 1700 quaeque

1002 1715 1132 1745 excerpta
1146 1710 1175 1737 in
1192 1710 1433 1738 administratione
1457 1719 1488 1738 ac
1515 1711 1708 1746 jnrisdictione
1730 1711 1789 1738 ubi-

1001 1765 1055 1793 que
1068 1757 1245 1790 adhibebant,
1268 1763 1377 1785 ettamSI
1403 1765 1459 1785 non
1498 1759 1581 1785 rebus
1604 1758 1704 1792 ubique
1729 1766 1789 1792 pro-

1002 1803 1091 1838 spetis
1104 1807 1157 1830 ete
1170 1802 1306 1831 sententia
1320 1803 1470 1830 ﬂuentibus
1486 1808 1639 1831 uterentur.
1662 1803 1695 1830 Et
1712 1809 1788 1838 pater

1001 1849 1111 1884 quidem
1142 1844 1244 1884 egregii
1272 1856 1306 1876 ac
1342 1849 1507 1876 nobilissimi
1539 1849 1702 1884 Agathonici
1738 1849 1788 1876 fuit

1002 1894 1177 1929 Asclepiades
1193 1893 1336 1928 praefectus
1360 1902 1392 1921 ac
1408 1894 1480 1922 [ilius
1500 1893 1635 1929 Hippasii,
1654 1894 1700 1928 qui
1724 1899 1789 1921 tunc

1003 1940 1149 1976 plurimum
1173 1940 1199 1967 iu
1225 1940 1307 1967 domo
1332 1940 1509 1974 imperatoria
1535 1939 1672 1974 pollebat;
1703 1945 1788 1967 mater

1002 1985 1101 2012 deinde
1110 1986 1225 2020 Agatha,
1235 1985 1343 2019 generis
1354 1989 1380 2012 et
1391 1993 1496 2012 morum
1509 1985 1650 2012 nobilitate
1661 1986 1787 2020 insignis;

1002 2035 1079 2066 pater
1103 2031 1186 2066 igitur
1212 2031 1343 2066 religione
1365 2031 1491 2063 Gracus;
1510 2037 1598 2058 mater
1616 2031 1659 2065 pia
1674 2040 1706 2058 ac
1726 2040 1789 2058 vero.

1002 2077 1168 2104 Christiana.
1190 2075 1239 2104 His
1265 2077 1348 2112 igitur
1365 2076 1525 2110 parentibus
1549 2081 1630 2104 natus
1646 2081 1787 2111 pastquam

1002 2126 1125 2148 sanctum
1140 2122 1273 2156 baptisma
1286 2121 1463 2156 suscepisset,
1477 2129 1563 2148 annos
1574 2121 1693 2156 quinque
1709 2128 1788 2148 natus

1004 2168 1165 2202 praeceptori
1196 2167 1325 2199 traditur,
1358 2167 1466 2194 litteras
1501 2174 1595 2194 sacras
1621 2166 1786 2194 educendos.

1004 2213 1069 2242 lude
1084 2205 1241 2241 G'rmcorum
1259 2213 1384 2240 doctrina
1399 2212 1523 2239 imbutus
1540 2212 1576 2239 ita
1594 2216 1622 2238 ut
1642 2212 1747 2239 litteras
1762 2217 1789 2238 ct

166 2261 292 2292 δάζουσαι
315 2259 386 2294 ἔχειν
405 2258 466 2285 ὅσον
484 2257 514 2283 τδ
535 2257 574 2288 είς
596 2256 682 2288 αὐτὰς
702 2253 781 2291 ἧκον,
801 2257 830 2283 τὸ
852 2256 951 2283 δίκαιον

1006 2259 1117 2293 pingere
1130 2262 1157 2285 et
1171 2261 1260 2293 legere
1276 2257 1387 2288 valeret,
1401 2257 1439 2284 rei
1456 2256 1566 2284 militari
1598 2256 1653 2292 jam
1685 2256 1786 2283 studet.

168 2304 293 2339 πανταχῆ
312 2304 364 2331 κᾶν
380 2304 432 2330 ὑπὸ
447 2303 497 2338 τῆς
517 2303 625 2337 εὐροίας
646 2301 797 2333 παίζωνται
810 2321 817 2333 ,
835 2303 882 2328 καὶ
901 2302 953 2334 ἐξω

167 2351 213 2378 τοῦ
230 2350 325 2386 καιροῦ
342 2351 462 2376 πίπτωσι
480 2350 526 2375 καὶ
543 2349 581 2384 μὴ
599 2348 771 2382 βουλόμεναι.
791 2348 884 2382 Πατὴρ
903 2347 953 2382 μὲν

167 2397 205 2431 τῷ
227 2397 344 2432 γενναίῳ
366 2396 412 2423 καὶ
434 2396 583 2430 θαυμαστῷ
603 2393 769 2428 ’Δγαθονίκῳ
788 2393 953 2428 Ἀσκληπιά-

167 2445 225 2479 δης,
247 2443 366 2478 ἔπαρχος
385 2443 434 2476 τὴν
455 2441 546 2473 ἀξίαν,
568 2440 626 2472 υίὸς
643 2439 786 2466 Ίππασίου
808 2439 855 2465 τοῦ
877 2446 953 2472 τηνι-

167 2489 255 2516 καῦτα
277 2488 425 2523 δυναμένου
447 2488 476 2513 ὲν
497 2485 655 2520 βασιλεῦσι·
678 2485 770 2520 μήτηρ
793 2485 821 2511 δὲ
837 2484 951 2518 ’Δγάθη,

168 2536 282 2570 εὐγενής
292 2543 298 2549 '
314 2535 328 2561 ὀ
345 2535 393 2568 μὲν
406 2534 461 2568 γὰρ
472 2533 573 2567 Ἕλλην
585 2530 618 2567 ἧν
631 2531 681 2565 τὴν
695 2531 844 2566 θρησκείαν
855 2550 862 2563 ,
880 2531 896 2565 ἡ
911 2531 950 2564 δὲ,

167 2581 281 2616 εἰσεὸὴς
299 2580 345 2606 καὶ
362 2579 544 2614 φιλόχριστος.
564 2578 612 2604 Ἐκ
627 2577 730 2604 τούτων
746 2576 792 2604 οὖν
810 2576 951 2611 προελθὼν

166 2627 214 2654 τοῦ
233 2627 304 2653 θείου
325 2625 511 2660 βαπτίσματος
531 2622 709 2657 καταξιοῦται
722 2631 728 2638 ·
749 2623 811 2649 ἐπεὶ
831 2623 860 2649 δὲ
881 2623 951 2657 πέμ-

169 2682 234 2705 πτος
247 2673 341 2708 χρόνος
356 2672 452 2698 ἀνύετο
464 2671 561 2706 τούτῳ,
575 2670 773 2706 γραμματιστῇ
789 2669 902 2699 δίδοται,
917 2669 950 2695 τὰ

169 2719 229 2753 ιερὰ
243 2718 394 2753 γράμματα
409 2716 615 2744 notaacnota“
628 2723 635 2731 '
651 2715 712 2742 ὅθεν
726 2715 774 2742 καὶ
790 2714 950 2749 Ἑλληνικῆς

169 2765 292 2794 παιδείας
304 2763 472 2798 γευσάμενος
485 2762 532 2788 καὶ
545 2760 738 2791 ἀπολελαυκὼς
750 2760 820 2787 ὥστε
833 2760 949 2794 γράφειν

168 2811 215 2837 καὶ
231 2807 428 2842 ἀναγινώσκειν
445 2807 552 2841 εὐφυῶς
568 2807 615 2833 καὶ
632 2806 803 2837 ἀπταίστως,
820 2806 854 2830 τα
874 2805 948 2830 πολε-

170 2855 238 2890 μικὰ
251 2853 440 2881 ὲκπαιδιύεται
454 2853 579 2888 ἀρίστη..
600 2852 676 2879 Ἐπεὶ
690 2851 713 2878 δ’
725 2851 773 2885 οὐχ
789 2847 828 2881 εἷς
845 2850 948 2876 πολλῶι

168 2899 238 2928 εἶναι
261 2899 346 2927 ὲδόκει
360 2918 367 2932 ,
388 2898 448 2926 οὐδὲ
469 2899 517 2933 τῆς
539 2897 656 2934 ἐσχάτης
680 2897 786 2932 μοίρας,
809 2896 877 2922 ἀλλὰ
898 2896 946 2931 τῆς

1007 2304 1035 2331 ln
1051 2303 1180 2331 omnibus
1199 2308 1291 2330 autem
1308 2303 1412 2337 vulgari
1425 2303 1516 2329 studio
1533 2301 1643 2329 functus
1665 2306 1718 2333 est,
1742 2302 1788 2328 sed

1007 2349 1110 2384 primas
1129 2354 1221 2384 partes
1237 2349 1326 2376 tenuit
1341 2349 1368 2375 in
1387 2348 1498 2376 civitate
1514 2347 1788 2381 administranda,_in

1005 2396 1214 2430 quibuscunque
1233 2395 1352 2430 negotiis
1376 2394 1550 2429 peragendis,
1574 2394 1602 2421 in
1627 2394 1709 2421 rebus
1730 2393 1789 2421 bel-

1006 2441 1077 2472 licis.
1094 2448 1149 2476 quo
1168 2440 1268 2468 factum
1281 2444 1324 2467 est
1342 2444 1372 2467 ut
1385 2440 1573 2472 concionibus,
1592 2439 1662 2470 foro.
1675 2439 1789 2466 theatris

1005 2487 1156 2523 saepissime
1169 2486 1347 2519 interfuerit;
1357 2494 1419 2513 cum
1433 2486 1506 2513 enim
1521 2485 1629 2520 regibus
1645 2485 1785 2512 familiari-

1006 2538 1047 2562 ter
1072 2537 1206 2565 uteretur,
1248 2531 1403 2567 principum
1436 2539 1544 2566 quoque
1567 2531 1786 2558 consiliarioruui

1004 2579 1124 2607 amicitia
1143 2578 1289 2614 gaudebat,
1301 2577 1417 2604 militum
1431 2577 1557 2609 ducibus,
1574 2575 1786 2610 magistratibus,

1004 2626 1160 2660 potentibus
1180 2623 1275 2652 amicis
1290 2631 1356 2651 usus
1371 2627 1422 2650 est.
1441 2623 1542 2657 Ingenii
1567 2622 1640 2649 enim
1662 2620 1787 2648 acumine

1003 2670 1178 2698 Themistocli
1203 2675 1285 2704 atque
1304 2668 1438 2696 Alcibiadi
1464 2666 1679 2701 comparandus,
1697 2665 1786 2700 pluri-

1004 2725 1063 2745 mos
1088 2721 1116 2744 et
1141 2716 1200 2750 ipse
1217 2716 1349 2743 barbaros
1375 2713 1462 2746 fudit;
1488 2720 1570 2748 quem
1600 2712 1621 2739 si
1651 2711 1787 2738 lloiiierus

1002 2762 1125 2793 vidisset,
1139 2766 1168 2788 et
1193 2761 1292 2788 bonum
1310 2759 1497 2786 consiliarium
1517 2762 1545 2784 et
1569 2757 1683 2784 militem
1705 2763 1785 2790 egre-

1001 2809 1074 2843 gium
1087 2806 1283 2841 proclamasset
1295 2809 1324 2831 ut
1336 2805 1361 2831 in
1374 2803 1456 2830 Iliade
1470 2807 1551 2837 atque
1563 2801 1681 2834 Odyssea
1695 2800 1786 2827 fortis-

1002 2852 1085 2878 simos
1103 2857 1225 2885 quosque
1243 2849 1397 2877 Graccrum
1415 2847 1538 2874 carmine
1558 2850 1690 2881 perpetuo
1708 2845 1783 2873 cele-

1002 2896 1099 2923 bravit.
1120 2896 1194 2923 Licet
1207 2896 1281 2922 enim
1298 2894 1330 2921 dc
1348 2893 1416 2921 bene
1438 2893 1518 2920 factis
1534 2893 1620 2927 deque
1636 2891 1785 2919 virtutibus
