1915 3094
199 135 264 168 1241

907 136 1099 167 ADDENDA.

1744 135 1813 165 12".)

199 195 345 234 μετριότης
369 193 448 228 ἡμῶν
471 193 678 228 διασκεψαμένη
697 194 732 221 τὰ
749 194 814 229 περὶ
828 194 931 220 τούτων
943 195 973 228 τῇ

1030 191 1148 219 civitatis
1170 191 1290 225 episcopi
1312 198 1344 218 ex
1363 196 1519 218 sanctorum
1538 191 1646 218 Patrum
1668 192 1812 219 traditione

197 242 244 269 καὶ
254 242 314 276 ίερᾷ
324 241 428 276 μεγάλῃ
440 240 602 275 ουνόδῳΙτῶν
612 241 633 267 le
639 241 764 274 ρωτάτων
772 241 923 275 ἀρχιερέων
930 241 978 267 καὶ

196 287 368 322 ὑπερτίμων,
383 285 480 318 διέγνω
496 285 543 311 καὶ
558 286 726 322 ἀπεφήνατο.
742 285 780 317 ὡς
796 286 828 311 ἂν
843 286 914 312 κατὰ
929 285 977 320 τὴν

195 333 325 366 διαταγὴν
339 332 388 366 τῆς
405 332 486 365 ἁγίας
510 331 557 357 καὶ
579 332 771 366 οίκουμενικῆς
783 332 811 358 ὲν
826 332 977 366 Χαλκηδόνι

198 378 317 408 συνόδου,
326 377 537 412 διαγορευούσης
551 376 650 402 οὑτωσὶ
670 376 739 403 κατὰ
762 377 838 411 ῥῆμα
850 378 878 403 έν
891 377 977 411 ὀγδόῳ

196 423 281 457 αὐτῆς
298 422 391 448 κανόνι
408 430 416 437 ·
436 431 446 447 ι
469 423 498 448 Ol
516 421 642 456 κληρι-κοὶ
666 421 721 447 τῶν
751 422 904 457 πτωχείων,
929 423 977 448 καὶ

199 468 400 503 μοναστηρίων,
414 467 466 494 ὑπὸ
482 467 531 501 τὴν
555 467 680 499 ἐξουσίαν
694 467 748 494 τῶν
762 468 791 495 ὲν
805 468 910 503 ἑκάστῃ
925 469 976 494 πό-

196 515 236 541 λει
251 514 408 540 ἐπισκόπων
421 513 493 540 κατὰ
506 512 554 548 τὴν
569 513 624 539 τῶν
640 513 725 546 ἁγίων
741 514 870 549 Πατέρων
890 513 978 548 παρά-

195 561 269 586 δοσιν
293 560 507 594 διαμενέτωσαν,
521 559 567 585 καὶ
593 560 630 594 μὴ
649 560 718 585 κατὰ
746 559 893 586 αὐθάδειαν
908 560 977 594 ἀφη-

196 607 331 632 νιάτωσαν
342 605 389 631 τοῦ
400 605 561 631 ἐπισκόπου·
572 605 596 631 ol
607 605 635 630 δὲ
650 604 803 639 τολμῶντες
815 605 977 638 ἀνατρέπειν

195 653 245 686 τὴν
258 650 386 685 τοιαύτην
398 650 578 682 διατύπωσιν,
595 651 619 677 εἰ
635 651 686 686 μὲν
699 648 754 676 εἷεν
769 650 907 685 κληρικοὶ,
920 651 977 682 τοῖς

195 698 249 724 τῶν
264 697 399 730 κανόνων,
415 697 623 723 ὑποκείσθωσαν
639 697 800 730 ἐπιτιμίοις,
814 698 838 722 εἰ
851 689 879 722 δὲ
896 697 978 731 μονά-

197 743 302 773 ζοντες,
316 742 332 776 ἢ
347 741 448 773 λαῑκοὶ,
462 740 585 767 ἔστωσαν
611 741 809 775 ἀκοινώνητοι·
830 751 839 768 ι
858 741 906 776 ἔχῃ
931 742 977 768 καὶ

196 789 209 813 ό
232 787 363 822 δηλωθεῖς
382 786 589 820 θεοφιλέστατος
615 786 765 819 ἐπίσκοπος
780 787 809 813 ἐν
823 787 863 822 τῷ
892 787 976 822 Ἀγίῳ

199 833 276 866 Ὀρει
302 833 382 859 παντὶ
407 832 496 859 πάντα
512 832 545 858 τὰ
568 832 751 867 ἀρχιερατικὰ
774 832 857 859 αὑτοῦ
873 832 974 864 δίκαια,

1032 242 1221 271 permaneant.
1241 244 1291 264 nec
1318 237 1351 264 ab
1372 237 1500 271 episcopo
1520 245 1552 264 ex
1574 237 1700 272 superbia
1721 237 1812 264 disce-

1031 282 1110 314 dant;
1131 283 1196 309 illud
1222 290 1285 310 vero
1306 287 1437 309 statutum
1464 283 1574 309 eludere
1601 287 1810 317 praesumentes,

1032 328 1054 355 si
1077 328 1167 355 clerici
1187 328 1297 359 fuerint,
1311 335 1446 354 canonum
1468 327 1558 362 pomis
1577 327 1749 360 suhjaceant;
1771 327 1813 353 sin

1031 374 1169 406 monachi,
1185 378 1232 400 aut
1248 373 1322 404 laici.
1335 381 1350 400 a
1368 373 1485 400 lidelium
1507 373 1699 399 communione
1720 373 1814 406 sejun-

1031 424 1138 454 gantur.
1153 428 1161 444 ι
1176 418 1324 445 Conservet
1337 426 1418 452 porro
1431 418 1558 452 praefatus
1572 418 1626 444 Deo
1638 418 1814 445 charissimns

1031 465 1176 499 episcopus
1190 465 1216 490 in
1233 468 1289 491 toto
1305 465 1390 491 Sacro
1405 464 1494 491 Monte
1507 463 1668 498 episcopalia
1683 471 1729 490 sua
1741 465 1810 498 jura,

1030 519 1090 546 quae
1105 511 1139 538 ab
1152 511 1279 537 omnibus
1297 511 1469 545 pontificibus
1485 510 1511 536 in
1526 510 1649 536 ecclesiis
1663 510 1720 537 suis
1732 517 1812 536 exer-

1031 562 1136 589 centur,
1155 561 1181 583 et
1202 558 1259 591 ipse
1278 564 1327 591 pro
1347 556 1459 583 arbitrio
1479 563 1530 583 suo
1548 561 1687 588 exerceat,
1702 557 1813 584 neruine

1030 603 1057 630 in
1084 604 1167 630 Sacro
1196 603 1285 631 Monte
1309 603 1459 630 obsistente
1483 606 1531 628 aut
1557 602 1732 630 reclamante.
1758 603 1810 630 Sed

1031 650 1088 676 hac
1098 649 1200 680 omnia,
1212 652 1307 682 utpote
1323 648 1459 683 legitimus
1473 647 1547 674 Sacri
1563 648 1661 675 Montis
1679 648 1809 682 pontifex,

1031 694 1109 721 faciat
1122 694 1197 728 juxta
1211 700 1351 720 sacrorum
1365 700 1500 720 canonum
1519 697 1660 724 tenorem;
1677 700 1727 720 nos
1739 693 1811 720 enim

1031 740 1103 767 illius
1122 740 1241 775 regionis
1257 747 1301 766 res
1319 739 1398 774 plane
1413 743 1492 766 notas
1510 739 1654 773 habemus;
1673 739 1719 766 diu
1737 741 1810 767 enim

1031 786 1066 812 ibi
1091 785 1219 812 viximus.
1242 785 1307 812 lude
1329 789 1358 811 et
1379 785 1473 820 synodi
1500 786 1609 812 nomine
1633 791 1759 813 monetur
1783 791 1812 814 ut

1030 832 1142 859 Sacrum
1173 832 1291 859 Montem
1319 831 1424 864 libere,
1458 835 1538 866 prout.
1564 831 1700 864 voluerit,
1727 833 1810 860 veluti

196 879 302 913 ὅσαπερ
319 878 426 912 ἔχουσιν
443 878 468 903 οἱ
483 878 622 911 ἀρχιερεῖς
639 877 739 909 πάντες
757 878 785 903 ἐν
800 878 860 908 ταῖς
888 878 973 904 αὐτῶν

1031 878 1170 912 proprium
1201 876 1388 911 episcopatum
1419 877 1517 907 adeat,
1542 881 1569 904 et
1596 877 1622 903 in
1652 876 1710 911 ipso
1733 885 1809 904 sacra

197 924 378 958 ἐκκλησίαις,
406 924 455 950 καὶ
480 923 604 958 διενεργῇ
631 922 717 949 ταῦτα
745 923 912 954 ἀκωλύτως,
941 923 978 957 μὴ

197 969 330 1004 εὑρίσκων
347 968 422 1003 παρά
436 976 507 998 τινος
524 968 694 1002 ὲμποδισμὺν
714 968 768 994 τῶν
791 969 820 995 ὲν
836 968 874 1003 τῷ
894 969 978 1003 ’Δγίῳ

199 1015 286 1048 Ὀρει,
303 1014 371 1048 μήτε
389 1013 546 1048 ἀνάκρισιν,
567 1012 636 1040 ἀλλὰ
653 1013 762 1048 πράττῃ
786 1014 873 1040 micat
890 1014 978 1040 πάντα

196 1062 234 1091 ὡς
250 1061 360 1095 γνήσιος
387 1059 531 1094 ἀρχιερεὺς
549 1059 597 1086 τοῦ
621 1058 713 1094 ’Δγίου
731 1059 830 1094 Ὄρους
845 1060 916 1086 κατὰ
928 1059 978 1095 τὴν

195 1106 249 1132 τῶν
266 1105 345 1140 ἱερῶν
368 1105 489 1131 κανόνων
509 1104 687 1137 διατύπωσιν,
702 1105 750 1132 καὶ
765 1104 855 1136 καθὼς
872 1103 943 1131 οἶδεν
960 1106 976 1140 ἡ

198 1151 342 1185 μετριότης
365 1150 456 1185 ἡμῶν,
479 1149 566 1181 οὕτως
586 1151 645 1176 ἐκεῖ
658 1151 692 1177 τὰ
706 1151 820 1177 τοιαῦτα
833 1151 975 1185 γινόμενα,

195 1197 242 1222 ἐπὶ
257 1196 340 1222 πολὺν
355 1196 450 1231 χρόνον
466 1196 525 1222 ἐκεῖ
550 1195 715 1230 διατρίψασα
728 1197 775 1222 καὶ
790 1195 879 1227 καλῶς
895 1196 976 1230 γινώ-

196 1251 300 1268 σκουσα
312 1241 398 1268 ταῦτα
410 1249 417 1257 ·
430 1241 505 1267 ἔνθεν
517 1249 559 1267 τοι
571 1241 617 1267 καὶ
630 1241 777 1273 συνοδικῶς
789 1242 976 1276 παρακελεὺει

195 1295 250 1317 ται,
273 1286 420 1317 ἀκωλύτως
446 1285 618 1320 είσέρχεσθαι
641 1285 736 1312 τοῦτον
761 1286 801 1317 εἰς
826 1286 856 1312 τὸ
879 1286 974 1321 Ἀγιον

197 1332 288 1367 Ὄρος,
303 1333 382 1358 ὁπότε
400 1332 535 1366 βούλεται,
550 1331 588 1362 ὡς
604 1331 672 1358 ίδίαν
697 1331 861 1368 ἐπισκοπὴν,
873 1333 919 1359 καὶ
935 1333 974 1360 ἱε-

197 1381 323 1415 ρουργεῖν
346 1381 375 1406 ὲν
394 1379 479 1413 αὐτῷ,
497 1380 564 1406 ὅπου
582 1380 628 1405 καὶ
653 1380 697 1405 ὅτε
714 1379 849 1414 βούλεται,
863 1381 974 1414 κρατεῖν

194 1436 222 1452 τε
237 1427 286 1460 τὴν
302 1424 486 1460 ποιμαντικῆν
501 1425 609 1460 ῥάϐδον,
626 1424 721 1459 ὥσπερ
732 1426 761 1451 ὲν
779 1426 860 1452 παντὶ
874 1425 971 1460 τούτῳ,

193 1472 264 1497 οὓτω
277 1472 324 1496 καὶ
341 1472 369 1496 ὲν
384 1471 444 1500 ταῖς
457 1469 589 1504 Καρέαις,
603 1470 650 1495 καὶ
666 1471 885 1504 μνημονεύεσθαι
897 1471 974 1506 πρῶ-

1029 923 1120 955 faciat,
1136 923 1181 949 ubi
1201 930 1234 950 ac
1253 923 1362 957 quando
1379 922 1499 955 libuerit,
1514 926 1540 949 et
1558 924 1692 956 pastorale
1710 922 1809 957 pedum

1028 973 1114 1004 gerat,
1130 973 1160 995 ut
1173 976 1222 1003 per
1237 975 1345 995 omnem
1361 972 1494 1000 montem,
1507 968 1546 995 sic
1559 968 1640 995 etiam
1653 967 1762 1000 Carene;
1782 972 1811 994 ut

1028 1014 1113 1048 ipsius
1140 1021 1237 1040 nomen
1263 1018 1325 1040 ante
1350 1013 1480 1040 antistitis
1502 1013 1654 1040 vocitetur:
1669 1018 1697 1040 ut
1715 1012 1810 1040 Carcte

1027 1068 1103 1087 suam
1126 1065 1241 1094 occupet
1262 1060 1365 1092 sedem,
1380 1068 1461 1094 quam
1487 1067 1502 1085 ει
1531 1059 1665 1094 principio
1681 1063 1711 1085 ut
1733 1059 1809 1086 Sacri

1028 1106 1126 1133 Montis
1150 1106 1270 1140 pontifex
1293 1109 1482 1140 occupaverat.
1498 1104 1690 1132 Ordinationes
1711 1105 1808 1132 deinde

1027 1151 1084 1179 ﬁeri
1105 1159 1153 1186 pro
1172 1152 1282 1186 antiqua
1302 1151 1500 1178 consuetudine
1521 1159 1528 1177 :
1549 1151 1670 1177 ordinari
1691 1158 1755 1178 vero
1781 1152 1806 1178 in

1026 1197 1129 1233 magnis
1146 1196 1319 1224 monasteriis
1330 1196 1430 1223 debere
1447 1197 1480 1222 ab
1496 1196 1618 1230 ipsorum
1634 1197 1806 1231 prmsulibus,

1026 1247 1052 1270 ct
1069 1242 1175 1269 caeteris
1193 1241 1339 1276 episcopis,
1355 1246 1382 1269 et
1398 1242 1432 1268 ιιι)
1447 1241 1513 1276 ipsis
1522 1241 1673 1268 examinari
1692 1246 1721 1268 et
1737 1242 1805 1268 desi~

1025 1289 1101 1323 gnari
1115 1293 1142 1316 et
1155 1289 1190 1315 ita
1205 1288 1239 1315 ab
1252 1287 1380 1323 episcopo
1391 1287 1563 1314 ordinatione
1579 1287 1732 1322 promoveri
1751 1287 1807 1314 cle-

1026 1335 1108 1362 ricos.
1125 1333 1202 1366 Quod
1219 1340 1283 1361 vero
1296 1333 1328 1360 ad
1343 1337 1486 1360 extraneas
1502 1332 1582 1360 sedes
1596 1338 1622 1359 et
1641 1333 1804 1360 monasteria

1024 1385 1139 1412 spectat,
1153 1387 1214 1407 cum
1230 1379 1354 1414 praesulis
1368 1379 1526 1406 assensione
1544 1379 1726 1411 ordinandus;
1738 1378 1805 1412 ipse.

1025 1433 1079 1453 uno
1086 1426 1178 1458 verbo,
1186 1425 1350 1460 episcopalia
1362 1425 1422 1459 jura
1431 1426 1457 1451 in
1469 1430 1525 1452 toto
1537 1425 1624 1452 Monte
1631 1432 1708 1452 sacro
1716 1425 1803 1452 libere

1024 1473 1171 1504 exercebit,
1188 1472 1215 1498 in
1237 1479 1291 1506 quo
1317 1479 1405 1505 neque
1423 1471 1457 1498 ab
1480 1471 1613 1502 antistite.
1628 1476 1675 1498 aut
1695 1471 1730 1498 ab
1751 1471 1804 1498 alio

195 1525 239 1542 τον
263 1515 353 1547 αὐτὸν,
371 1515 465 1541 ἔπειτα
485 1514 531 1540 τὸν
557 1515 674 1549 πρῶτον,
688 1516 762 1550 ἔχειν
776 1525 806 1542 τε
822 1518 869 1543 καὶ
892 1518 923 1543 τὸ
942 1518 972 1544 ὲν

1026 1524 1188 1552 quocunque
1204 1517 1394 1552 impediendus
1409 1522 1459 1543 est.
1475 1516 1569 1549 Quoad
1586 1517 1682 1544 deinde
1696 1517 1804 1552 presby-

193 1563 253 1593 ταῖς
271 1561 392 1596 Κορέαις
407 1560 489 1586 αὑτοῦ
503 1560 635 1595 κὰθισμα,
647 1561 727 1595 εἴπερ
743 1560 800 1596 εἶχε
814 1562 893 1588 τοῦτο
907 1563 969 1588 ἀνέκ

194 1607 278 1633 καοεν
304 1606 357 1637 πᾶς
375 1605 520 1640 ἀρχιερεὺς
535 1605 581 1631 τοῦ
604 1605 697 1638 Ἀγίου
715 1606 824 1640 Ὄρους.
849 1607 904 1638 Τὰς
923 1607 973 1640 μέν

192 1662 233 1680 τοι
265 1653 432 1687 χειροτονίας
459 1651 592 1685 γίνεσθαι,
620 1652 711 1683 καθώς
750 1653 807 1678 ἐστι
837 1652 970 1688 σύνηθες·

194 1698 352 1732 ἐκλέγεσθαι
370 1697 420 1732 μὲν
442 1698 505 1728 τοὺς
521 1698 779 1732 χειροτονουμένους
803 1698 832 1724 ἐν
849 1700 907 1730 ταῖς
926 1708 973 1734 με⁸

192 1743 288 1778 γάλαις
309 1744 403 1778 μοναῖς
420 1742 496 1777 παρά
509 1751 538 1769 τε
561 1742 616 1769 τῶν
631 1743 847 1778 καθηγουμένων
870 1744 970 1777 αὐτῶν,

193 1789 239 1815 καὶ
253 1788 307 1814 τῶν
328 1787 430 1814 λοιπῶν
448 1787 551 1821 ἱερέων,
569 1788 614 1813 καὶ
632 1787 829 1822 δοκιμάζεσθαι
845 1789 909 1824 παρ’
922 1790 971 1815 αὑ-

191 1834 256 1865 τῶν,
279 1835 325 1860 καὶ
353 1834 564 1868 μαρτυρεῖσθαι,
584 1834 631 1860 καὶ
659 1833 731 1860 οὕτω
758 1836 971 1869 χειροτονεῖσθαι

192 1879 268 1915 παρὰ
279 1879 326 1905 τοῦ
342 1880 512 1919 ἐπισκόπους
530 1880 599 1910 τοὺς,
607 1879 633 1906 δὲ
647 1881 676 1906 ὲν
687 1881 741 1911 τοῖς
755 1881 807 1913 ἔξω
822 1881 971 1916 καθίσμασι

192 1928 240 1953 καὶ
262 1927 319 1956 τοῖς
343 1925 457 1956 κελλίοις
483 1926 697 1961 χειροτονεῖσθαι
715 1927 762 1952 καὶ
778 1927 875 1958 αὐτοὺς
903 1929 971 1963 παρ’

190 1973 272 1999 αὑτοῦ
295 1973 363 2007 μετὰ
380 1973 426 1999 καὶ
445 1972 574 2006 εἰδήσεως
597 1972 644 1999 τοῦ
665 1973 785 2008 πρώτου,
807 1974 855 2000 καὶ
879 1974 972 2005 ἁπλῶς

190 2020 280 2046 πᾶσαν
310 2019 508 2054 ἀρχιερατικὴν
532 2019 633 2054 πρᾶξιν
651 2020 698 2046 καὶ
716 2020 798 2046 αὑτὸν
821 2020 971 2055 διενεργεῖν

189 2063 335 2095 ἀκωλύτως
361 2065 390 2090 έν
412 2064 452 2099 τῷ
477 2064 561 2099 ’Δγίῳ
584 2065 662 2100 Ὀρει
686 2066 777 2098 παντὶ,
791 2067 838 2092 καὶ
854 2066 892 2101 μὴ
906 2068 971 2094 ἀνα-

189 2111 330 2145 κρίνεσοαι
348 2112 414 2145 μήτε
432 2111 507 2145 παρὰ
520 2110 566 2137 τοῦ
583 2111 702 2146 πρώτου,
720 2112 789 2147 μήτε
813 2113 879 2148 παρ’
888 2113 968 2139 ἄλλου

188 2156 270 2187 τινός.
291 2157 356 2190 Περὶ
369 2156 420 2190 μέν
443 2164 485 2181 τοι
500 2155 554 2182 τῶν
569 2157 812 2191 χειροτονουμένων
825 2158 903 2192 παρὰ
915 2158 969 2183 τῶν

1024 1568 1096 1589 teros
1114 1570 1128 1589 a
1148 1561 1240 1589 Serbis
1256 1562 1405 1593 ordinatos,
1419 1562 1544 1589 hortatur
1556 1567 1647 1589 DOSIra
1665 1562 1803 1589 humilitas

1024 1608 1203 1643 praesentibus
1214 1607 1351 1642 synodicis
1371 1607 1521 1639 lilteris,ne
1535 1608 1607 1635 Atho
1625 1609 1725 1635 montis
1747 1617 1800 1635 mo-

1024 1654 1118 1681 nachis
1137 1658 1348 1686 accenseantur,
1360 1653 1446 1680 donec
1462 1654 1579 1688 delegati
1598 1654 1683 1680 nostri
1702 1661 1802 1681 reversr

1022 1701 1088 1730 sint.
1106 1700 1271 1731 nuntiantes,
1288 1704 1379 1726 utrum
1402 1699 1495 1726 unioni
1534 1699 1722 1730 adharrentes,
1739 1706 1795 1725 san-

1023 1746 1152 1773 ctissimas
1168 1750 1267 1772 nostrae
1281 1745 1327 1772 Dei
1342 1752 1446 1780 magna:
1460 1745 1586 1772 Ecclesiae
1598 1750 1719 1780 pareant.
1735 1745 1802 1772 Tum

1022 1792 1094 1821 enim
1109 1792 1180 1827 quod
1193 1792 1270 1819 decet
1283 1791 1426 1819 faciemus.
1437 1791 1498 1819 llrec
1511 1792 1602 1819 omnia
1616 1792 1697 1827 igitur
1708 1800 1802 1819 serun-

1022 1841 1086 1866 dum
1099 1838 1255 1866 mandatum
1269 1842 1391 1864 nostrum
1404 1837 1460 1864 ﬁeri
1474 1845 1586 1864 necesse
1599 1841 1649 1864 est.
1660 1836 1698 1864 Ne
1711 1841 1801 1864 autem

1022 1885 1080 1920 ipse
1095 1885 1170 1911 nullo
1188 1891 1300 1918 prorsus
1316 1883 1507 1918 impedimento
1520 1883 1560 1910 vel
1578 1883 1656 1910 obice
1677 1891 1803 1911 coercea-

1022 1936 1076 1962 tur,
1091 1929 1139 1957 sed
1156 1935 1254 1956 cuncta
1272 1929 1356 1956 libere
1376 1936 1454 1963 agere
1473 1929 1570 1963 possit,
1586 1929 1803 1956 cxcounnunica-

1023 1978 1104 2004 tionis
1123 1983 1230 2011 pueuam
1254 1976 1306 2003 hoc
1323 1976 1381 2010 ipso
1401 1975 1608 2010 pronuntiamus
1626 1980 1719 2002 contra
1739 1983 1801 2002 eum

1021 2021 1067 2057 qui
1088 2021 1206 2057 legitima
1225 2021 1310 2056 ipsius
1325 2021 1385 2055 jura
1405 2028 1567 2055 quacunque
1584 2020 1689 2047 ratione
1707 2020 1802 2047 laedere

1021 2067 1146 2095 voluerit.
1162 2067 1201 2094 Ad
1219 2067 1299 2101 hujus
1314 2067 1393 2093 [idem
1413 2067 1493 2093 missa
1512 2071 1552 2092 est
1569 2066 1622 2092 Deo
1639 2066 1801 2093 charissimo

1020 2114 1134 2141 Hierissi
1160 2114 1230 2140 sacri
1258 2113 1356 2140 Montis
1379 2114 1508 2147 episcopo
1529 2113 1657 2148 synodica
1681 2120 1800 2147 praesens

1019 2159 1179 2187 certilicatio
1201 2165 1228 2186 et
1252 2159 1399 2186 declaratio
1424 2166 1439 2185 a
1465 2158 1560 2191 nobis,
1586 2166 1680 2185 mense
1702 2158 1801 2193 Aprili,

188 2202 305 2236 Σέρὸων,
319 2201 538 2235 παρακελεύεται
560 2202 576 2236 ἠ
597 2202 740 2236 μετριότης
755 2203 833 2237 ἡμῶν
847 2203 892 2229 διὰ
918 2204 965 2230 τοῦ

1026 2210 1095 2232 texto
1109 2205 1265 2232 indictionis
1280 2204 1348 2230 6876
1363 2204 1438 2231 anni.

188 2248 319 2283 ταρόντος
352 2247 535 2281 σιγι).λιώδους
565 2248 738 2283 γράμματος,
767 2250 804 2283 μὴ
831 2249 956 2284 δέχεσθαι
968 2252 1067 2283 αὐτοὺς
1091 2251 1219 2278 τινὰτῶν
1236 2250 1412 2285 Ἀγιορειτῶν
1433 2251 1504 2277 κατὰ
1527 2251 1558 2276 τὸ
1586 2251 1683 2285 παρὸν,
1699 2250 1751 2281 ἕως
1765 2251 1800 2277 ἂν

186 2297 209 2322 ol
228 2297 293 2331 παρ’
307 2296 385 2332 ήμῶν
410 2297 539 2332 πρέσϐεις
567 2297 767 2328 ἀποσταλέντες
793 2298 851 2323 ἐκεῖ
881 2298 1099 2334 ὑποστρέψωσιν,
1124 2298 1169 2324 ίνα
1195 2297 1317 2332 γνῶμεν,
1331 2297 1410 2332 εῐπερ
1433 2296 1578 2332 ἡνώθησαν
1593 2298 1640 2324 καὶ
1658 2296 1799 2323 ὑπείκουσι

185 2343 217 2376 τῇ
234 2342 379 2377 καθ’ήμᾶς
406 2342 546 2378 ἁγιωτάτῃ
561 2341 608 2368 τοῦ
633 2342 700 2368 Θεοῦ
724 2343 831 2378 μεγάλῃ
843 2343 1006 2380 Ἐκκλησίᾳ,
1019 2345 1066 2370 καὶ
1087 2343 1148 2370 τότε
1165 2344 1279 2378 γένηται
1302 2345 1332 2369 τὸ
1354 2343 1413 2369 δέον
1426 2350 1433 2358 ·
1459 2344 1614 2376 ὀφείλουσιν
1640 2342 1687 2370 οὖν
1712 2344 1798 2370 ταῦτα

186 2389 274 2415 πάντα
300 2389 424 2423 γίνεσθαι
443 2390 512 2416 κατὰ
531 2390 580 2424 τὴν
605 2389 746 2422 παροῦσαν
763 2391 964 2424 παρακέλευσιν
988 2392 1037 2425 τῆς
1061 2390 1141 2425 ἡμῶν
1163 2390 1354 2425 μετριότητος.
1372 2389 1454 2416 Ὥστε
1477 2390 1504 2416 δὲ
1532 2391 1635 2425 μηδένα
1657 2390 1798 2425 εὑρίσκειν

185 2435 264 2461 αὑτὸν
291 2435 470 2470 ιμποδισμὺν,
484 2435 500 2470 ἢ
527 2436 680 2469 ἀνάκρισιν,
693 2435 762 2461 ἀλλὰ
776 2436 865 2463 πάντα
891 2438 978 2463 ποιεῖν
1001 2437 1160 2470 ἀκωλύτως,
1175 2438 1222 2463 καὶ
1241 2437 1324 2472 βάρος
1349 2437 1489 2471 ἐπιτιμίου
1505 2436 1662 2472 ἀφορισμοῦ
1678 2436 1798 2471 ὲκφωνεί

185 2483 254 2518 αὓτη
276 2483 347 2509 κατὰ
363 2483 409 2509 τοῦ
435 2477 670 2518 βουληϐησομέιου
695 2483 866 2519 διενοχλῆσαι
890 2485 965 2520 αὐτῷ
981 2485 1011 2511 τὸ
1041 2485 1152 2512 σύνολον
1169 2485 1216 2511 ὲπί
1238 2493 1291 2511 τινι
1315 2484 1368 2511 τῶν
1389 2485 1545 2520 ἀνηκόντων
1571 2485 1645 2519 αὐτῷ
1673 2483 1795 2511 δικαίων.

186 2531 231 2562 Εἰς
251 2530 303 2566 γὰρ
329 2529 378 2564 τὴν
407 2529 472 2564 περὶ
489 2529 585 2556 τούτου
608 2531 760 2564 ἀσφάλειαν
776 2531 940 2558 ἀπολέλυται
954 2532 992 2566 τῷ
1006 2532 1206 2567 θεοφιλεστάτῳ
1223 2532 1368 2567 ἐπισκόπῳ
1384 2532 1515 2568 Ἰερισσοῦ
1529 2535 1575 2560 κατ.
1592 2532 1683 2566 ’Δγίου
1699 2531 1797 2566 Ὄρους

186 2578 232 2604 καὶ
251 2577 267 2612 ἡ
289 2576 414 2610 παροῦσα
442 2577 569 2612 συνοδικὴ
582 2577 728 2611 διάγνωσις
738 2580 786 2605 καὶ
799 2579 936 2614 ἀπόφασις
947 2580 996 2616 τῆς
1013 2580 1092 2615 ἡμῶν
1119 2581 1295 2615 μετριότητος
1312 2579 1384 2607 κατὰ
1412 2581 1486 2616 μῆνα
1505 2580 1659 2615 ’Δπρίλλιον
1673 2581 1722 2614 τῆς
1744 2579 1798 2605 En.-

186 2623 323 2658 σταμένης
340 2623 423 2658 ἕκτης
438 2623 602 2654 ίνδικτιῶνος
615 2623 660 2650 τοῦ
673 2623 768 2656 ,ςωος’
781 2624 868 2656 ἔτους.

225 2667 258 2694 Ἦ
273 2669 417 2703 μετριότης
431 2669 521 2704 ἡμῶν,
537 2669 628 2702 καθὼς
638 2670 756 2704 εἴρηται,
772 2671 855 2697 πολὺν
870 2671 965 2705 χρόνον

185 2715 213 2740 ἐν
230 2713 269 2747 τῷ
286 2713 370 2748 ’Δγίῳ
387 2715 465 2748 Ὄρει
490 2714 665 2749 διατρίψασα,
678 2715 770 2746 καθὼς
786 2715 833 2741 καὶ
847 2716 872 2741 οἱ
885 2725 965 2751 περι-

185 2762 262 2790 όντες
275 2759 315 2786 ἔτι
330 2759 385 2786 τῶν
407 2759 582 2796 ’Δγιορειτῶν
599 2759 790 2795 γινώσκουσιν,
802 2760 871 2787 οἶδεν
884 2763 965 2797 ἀκρι-

185 2803 239 2835 ϐῶς
255 2804 305 2838 τὴν
322 2805 380 2831 ἐκεῖ
397 2805 483 2838 τάξιν,
501 2805 546 2832 καὶ
559 2806 600 2833 ὅτι
615 2806 675 2833 τότε
690 2806 761 2838 τινὲς
775 2805 829 2832 τῶν
841 2805 963 2834 δυνατῶν

1055 2671 1198 2700 llumililas
1221 2678 1324 2705 nostra,
1347 2679 1376 2701 ut
1394 2673 1497 2701 dictum
1518 2677 1571 2704 est,
1591 2672 1636 2699 diu
1660 2673 1685 2698 in
1706 2672 1796 2699 Monte

1018 2715 1102 2744 Sacro
1117 2724 1292 2748 commorata,
1310 2723 1338 2745 ut
1353 2718 1443 2745 Sancti
1460 2717 1558 2744 Montis
1573 2717 1722 2744 monarhos
1739 2725 1794 2744 non

1016 2761 1096 2797 fugit.
1109 2763 1220 2790 istarum
1235 2771 1325 2790 rerum
1338 2769 1436 2791 statum
1450 2764 1532 2798 probe
1542 2764 1632 2795 novit;
1643 2763 1711 2791 bene
1722 2764 1794 2791 enim

1016 2810 1117 2836 scimus
1145 2810 1216 2843 quod
1250 2810 1352 2842 aliquot
1383 2817 1511 2844 proceres
1542 2809 1705 2844 cpiscopalia
1733 2811 1794 2846 jura
