3936 6050
202 324 3600 378 Μ

199 350 3613 409 bu?

1877 383 3612 409 πή

1524 538 1841 582 EXEUNTE
1889 542 2168 586 SECULO
2218 546 2280 585 ΧῙ

340 704 888 886 HUGO
981 711 1645 891 ABBAS
1736 718 3504 916 FLAVINIAGENSIS.

875 1163 1956 1305 CHRONICON
2070 1170 2943 1315 HUGONIS.

241 1468 460 1538 (Edidit
516 1470 839 1527 novissime
897 1470 1146 1529 domnus
1202 1473 1447 1544 Psnrz,
1506 1474 1888 1534 Monumenta
1944 1476 2279 1538 Germanice
2330 1480 2640 1556 historica,
2690 1487 2899 1560 Seript.
2936 1492 3074 1545 tom.
3110 1491 3252 1564 VIII,
3315 1510 3368 1567 p.
3428 1500 3577 1569 278.)

1507 1692 2318 1856 PROOEMIUM.

869 1949 1233 2012 HUGONIS
1288 1952 1549 2025 AETAS,
1610 1951 1930 2025 PATRIA,
1985 1952 2384 2034 NATALES,
2449 1960 2603 2022 RES
2664 1962 2975 2028 GESTAE.

287 2343 580 2435 qni-enisi
595 2342 835 2435 prolixet
855 2344 961 2402 sed
975 2358 1179 2435 rerum
1198 2346 1281 2403 ad
1306 2335 1627 2405 historiam
1655 2348 1861 2405 seculi
1889 2350 1943 2410 A
1968 2349 2080 2418 git.
2091 2349 2263 2408 Forte
2303 2355 2442 2412 tunc
2480 2357 2538 2413 et
2569 2358 2818 2417 Jarento
2866 2361 3051 2423 abbas
3083 2368 3396 2431 Divionem
3426 2378 3615 2435 redie-

209 2431 515 2492 undecimi
520 2433 896 2506 facientium
920 2434 1090 2505 capia
1116 2434 1399 2506 insignis,
1424 2436 1584 2507 quod
1592 2438 1731 2508 jam
1752 2436 1860 2494 lec-

216 2519 447 2581 toribus
475 2523 698 2581 nostris
712 2525 1115 2595 proponimus,
1141 2525 1349 2582 auctor
1377 2526 1553 2597 Hugo
1576 2539 1650 2582 ea:
1664 2527 1861 2596 fami-

217 2610 309 2667 lia
336 2623 472 2682 qua
499 2611 591 2667 cel
614 2611 1039 2682 imperatorum
1069 2612 1298 2670 Ottonis
1325 2614 1440 2671 ῙΙῙ
1463 2615 1523 2671 et
1557 2615 1861 2671 Uhuonra-

218 2699 283 2757 di
312 2701 388 2758 II
410 2701 818 2771 cognationem
864 2700 1192 2773 afectabat
1222 2703 1513 2760 oriundus
1562 2702 1661 2775 (l),
1706 2718 1861 2761 anno

217 2792 354 2844 406.5
379 2789 459 2860 (2)
505 2788 759 2846 Virduni
780 2791 855 2860 (3)
876 2791 987 2846 aut
1003 2792 1066 2847 in
1086 2789 1316 2848 ricinia
1336 2791 1465 2861 ejus
1485 2792 1652 2849 urbis
1681 2794 1861 2851 natus

217 2876 317 2934 est.
341 2877 505 2934 Puer
524 2874 564 2934 ά
587 2877 892 2948 Rodulplio
914 2878 1125 2935 abbate
1144 2880 1208 2935 in
1226 2882 1655 2938 monasterium
1673 2883 1739 2939 S.
1773 2883 1862 2941 Vi-

217 2965 340 3021 toni
370 2966 533 3036 quod
562 2966 687 3022 tum
705 2967 772 3023 in
799 2966 1136 3024 suburbano
1182 2968 1432 3025 Virduni
1446 2970 1709 3040 ﬂorebat
1726 2971 1863 3028 ads-

212 3052 371 3110 citus
400 3052 463 3109 et
488 3053 709 3112 litteris
755 3055 877 3112 tam
922 3056 1116 3113 sacris
1146 3071 1329 3126 quam
1357 3058 1644 3130 profanis
1673 3058 1860 3117 imbu-

214 3141 311 3199 tus
333 3141 590 3213 (4),mo.'c
617 3142 1012 3201 obedientiam
1043 3146 1248 3203 sancto
1294 3147 1494 3204 Vitono
1522 3152 1578 3204 et
1602 3150 1859 3223 Rodulfo

211 3228 421 3287 abbati
439 3231 748 3303 professus
767 3234 871 3290 est.
898 3233 1058 3292 Lites
1079 3235 1237 3291 inter
1255 3235 1656 3294 sacerdotium
1676 3238 1736 3292 et
1752 3239 1858 3294 im-

199 3320 451 3390 perium
470 3322 688 3377 exorta
715 3335 778 3378 eo
807 3322 1062 3393 tempore
1088 3324 1153 3380 in
1188 3323 1338 3381 bella
1366 3325 1578 3396 aperta
1622 3339 1857 3383 exarse-

208 3408 359 3464 rant
376 3408 439 3464 et
461 3408 683 3480 ubique
696 3423 803 3481 per
827 3408 1210 3469 Germaniam
1230 3414 1325 3469 Ita
1336 3414 1600 3484 [iamque
1613 3429 1858 3485 grassa-

213 3493 453 3552 bantur.
478 3496 600 3555 Nec
616 3511 689 3554 ea
717 3498 827 3555 abe
855 3499 1251 3572 Lotharingia
1271 3501 1542 3573 superior
1571 3505 1857 3562 immunis

212 3586 380 3654 erat;
394 3586 493 3657 cui
499 3600 569 3643 us
584 3587 841 3658 episcopi
856 3588 1220 3660 Egilbertus,
1238 3591 1665 3661 Herimannus,
1687 3593 1857 3648 Theo-

214 3672 474 3745 dericus,
496 3674 644 3732 Pibo
665 3689 795 3732 cum
814 3679 978 3748 regis
984 3678 1351 3749 fidelitatem
1369 3680 1695 3751 servarent,
1724 3682 1859 3737 Gre-

206 3765 418 3836 gorius
455 3764 574 3821 VII
603 3764 687 3821 ad
722 3779 816 3823 eos
842 3767 1281 3838 impugnandos
1310 3770 1457 3827 etin
1486 3783 1630 3828 suas
1656 3772 1857 3842 partes

214 3849 537 3910 trahendos
557 3851 872 3912 abbatibus
889 3856 1183 3927 pracipue
1204 3856 1465 3931 Rodulfo
1502 3859 1857 3917 Virdunensi

216 3940 610 3998 etJarentone
637 3938 986 4000 Dicionensi
1006 3958 1151 4003 usus
1173 3946 1277 4002 est.
1308 3946 1389 4002 Et
1420 3946 1721 4006 Rodulfus
1733 3950 1859 4019 qui-

211 4027 346 4085 dem
380 4028 472 4087 bis
499 4030 734 4088 Roman
746 4032 1056 4104 profectus
1073 4047 1254 4105 papae
1283 4033 1641 4104 legationem
1668 4052 1859 4100 susce-

204 4118 326 4189 pit;
362 4132 519 4176 anno
558 4125 696 4177 4080
728 4119 950 4180 litteris
981 4120 1258 4195 Gregorii
1291 4124 1361 4181 al
1384 4126 1507 4183 alis
1540 4127 1858 4188 Herimart

205 4220 355 4265 nm
379 4207 704 4266 Metensem
725 4210 1057 4283 episcopum
1083 4212 1150 4267 in
1168 4213 1297 4284 ﬁde
1330 4214 1610 4272 Ecclesia
1628 4217 1860 4277 stabili-

203 4297 314 4368 oit,
340 4297 400 4352 et
416 4310 575 4355 anno
595 4301 734 4356 1085
756 4300 975 4357 iterum
1003 4301 1190 4358 Roma
1208 4301 1405 4359 reduce
1440 4304 1859 4366 Theoderitum

220 4383 653 4444 Virdunensem
682 4384 969 4459 Gregorio
996 4389 1385 4447 reconciliare
1412 4393 1725 4466 sperabat;
1757 4398 1862 4455 sed

207 4473 401 4532 Roma
429 4475 677 4534 interim
705 4476 780 4534 ab
823 4479 1114 4537 Heinrico
1161 4482 1438 4552 occupata
1479 4482 1537 4539 et
1576 4481 1859 4557 Gregorio

204 4561 541 4621 salernum
561 4565 806 4638 fugato,
855 4567 1246 4627 Theodericus
1296 4570 1618 4629 Clementis
1652 4573 1861 4644 partes

210 4652 654 4725 amplectendas
679 4656 903 4716 statuit
924 4658 983 4715 et
999 4658 1334 4733 Rodulfum
1365 4659 1485 4717 loco
1513 4660 1714 4720 cedere
1742 4675 1861 4722 coe-

506 4833 586 4907 (1)
611 4834 802 4911 Genus
832 4835 943 4911 hoe
973 4837 1157 4911 fuisse
1192 4837 1317 4911 ipse
1344 4839 1564 4898 tradit:

735 4905 871 4964 Otto
901 4910 975 4965 III
1005 4905 1343 4982 imperator.

281 5021 669 5082 Chuonradus
698 5025 746 5081 II
781 5024 915 5097 imp.
1406 5029 1781 5088 Chrothildis.

800 5097 1100 5170 Raynerus
1151 5149 1223 5169 ν
1264 5099 1453 5158 .Dada
1486 5101 1556 5157 de
1585 5106 1781 5158 monte

508 5285 854 5363 Fredericus
928 5289 1224 5363 Qerardus
1296 5290 1597 5363 Reynperus
1671 5290 1852 5363 Hugo.

568 5356 769 5415 laicus.
893 5372 904 5383 ·
957 5358 1157 5416 laicus.
1338 5356 1554 5430 junior.

207 5440 316 5519 sed
349 5442 693 5519 fabulosum
713 5448 1069 5519 progeniem,
1114 5448 1231 5519 jam
1272 5463 1425 5507 unus
1476 5450 1857 5511 Chuonradus

203 5512 408 5572 Ottoni
435 5515 509 5571 III
545 5516 646 5573 ﬁlii
678 5512 1134 5593 loco'ascript'us
1163 5519 1442 5578 ostendit.

447 5612 711 5684 PATROL.
761 5615 969 5680 CLIV.

116 5788 340 5981 o"°

1969 2440 2076 2495 rat
2092 2462 2111 2497 .-
2131 2442 2228 2497 τίν
2251 2441 2535 2514 Gregorio
2542 2446 3108 2524 familiarissimus,
3127 2461 3235 2526 qui
3248 2464 3617 2534 papaejussu

1971 2541 2102 2584 cum
2146 2531 2294 2587 aliis
2346 2534 2563 2604 legatis
2608 2537 2919 2597 Robertum
2966 2531 3349 2606 Wiscardum‘
3369 2531 3615 2612 Romam

1970 2621 2348 2691 arcessierat,
2396 2625 2714 2696 posteaque
2754 2629 2932 2701 fugae
2987 2630 3264 2705 Gregorii
3291 2641 3615 2702 Salernum

1970 2720 2155 2798 comes
2178 2710 2404 2781 factus,
2455 2713 2515 2769 et
2541 2713 2615 2770 ab
2652 2730 2715 2771 eo
2761 2717 3151 2780 C’olimbriam
3189 2726 3421 2798 legatus
3462 2733 3608 2790 erat.

1975 2796 2095 2891 Qui
2123 2811 2327 2891 rerum
2378 2802 2737 2891 conditione.
2754 2812 3068 2879 perspecta
3108 2796 3369 2891 Rodulfr
3409 2822 3615 2879 auctor

1951 2885 2205 2956 fuitut,
2257 2888 2513 2945 Virduno
2544 2892 2773 2963 relicto,
2808 2909 2933 2952 una
2970 2912 3103 2955 cum
3139 2885 3448 2965 monachis
3486 2910 3615 2968 suis

1954 2975 2227 3046 primum
2257 2976 2678 3036 Flaviniacum
2722 2984 2937 3040 villam
2969 2987 3021 3042 S.
3062 2989 3257 3048 Vitoni
3284 2993 3348 3049 in
3380 2996 3614 3055 territo-

1964 3064 2059 3119 rio
2099 3066 2365 3123 Tullensi
2399 3068 2598 3137 sitam,
2634 3069 2846 3127 deinde
2882 3075 3191 3134 Dieionem
3226 3080 3606 3153 demigraret.

1967 3151 2247 3208 Abbatem
2276 3154 2431 3211 inter
2459 3157 2725 3227 reliquos
2744 3160 2805 3215 et
2828 3162 3002 3232 Hugo
3028 3169 3281 3236 secutus,
3308 3151 3612 3232 underice-

1965 3240 2113 3296 sima
2159 3241 2357 3299 aetatis
2386 3257 2542 3300 anno
2585 3251 2751 3302 notos
2790 3248 2993 3305 afﬁnes
3035 3253 3281 3322 patriam
3306 3262 3379 3313 ‘et
3414 3259 3611 3318 nidum

1968 3342 2081 3398 quo
2115 3344 2182 3386 eo
2227 3330 2412 3387 luerat
2446 3347 2508 3389 eo
2538 3336 2737 3391 animo
2762 3336 3034 3408 reliquit,
3072 3344 3373 3416 utcorpus
3395 3353 3454 3404 et
3493 3351 3613 3406 ani-

1968 3430 2114 3472 mam
2146 3423 2442 3490 totamque
2475 3422 2862 3479 substantiam
2888 3442 3049 3484 suam
3074 3431 3172 3486 Dei
3204 3447 3413 3506 causae,
3441 3451 3610 3507 quam

1967 3507 2501 3595 putsbatgaudcns
2518 3511 2849 3584 devoveret,
2871 3521 2929 3570 et
2954 3516 3006 3571 in
3037 3518 3161 3588 ejus
3192 3523 3431 3580 servitio
3448 3526 3613 3595 quid-

1968 3594 2105 3664 quid
2142 3595 2349 3651 virium
2385 3602 2538 3654 esset
2571 3599 2846 3668 juvenilis
2875 3607 3140 3676 corporis
3170 3594 3611 3681 expendendum

1885 3710 1939 3772 Β
1970 3688 2353 3754 prmoptaret.
2396 3686 2517 3751 Quo
2526 3688 2681 3758 fidei
2686 3690 2932 3762 fervere
2952 3697 3269 3755 Jarcntoni
3284 3701 3615 3770 plurimum

1966 3772 2427 3834 commendatus.
2454 3774 2529 3832 ab
2551 3776 2728 3833 initio
2752 3782 2961 3850 gratia
2985 3784 3043 3839 et
3062 3782 3464 3847 benecolentiz
3484 3791 3613 3861 ejus

1964 3875 2131 3931 usus,
2153 3875 2292 3918 mea:
2321 3865 2646 3935 postquam
2688 3879 2813 3923 una
2857 3882 2988 3926 cum
3015 3871 3226 3930 abbate
3262 3878 3321 3932 et
3354 3880 3613 3953 reliquis

1951 3948 2270 4021 fratribus
2299 3953 2657 4010 monasterio
2687 3955 3040 4015 Dioionensi
3071 3960 3457 4023 obedientiam
3474 3948 3614 4039 ξυνο-

1963 4038 2157 4108 misit,
2202 4040 2271 4096 in
2300 4041 2641 4098 societatem
2686 4043 2822 4101 rites
2849 4045 2910 4102 et
2933 4048 3317 4109 consiliorum
3346 4038 3615 4116 adscitus

1965 4128 2158 4219 estita
2176 4128 2245 4183 ut
2258 4141 2407 4199 cum,
2427 4129 2771 4219 Theoderici
2787 4133 3048 4205 episcopo
3064 4140 3304 4210 mortuo,
3316 4143 3615 4219 Rodulfus

1966 4214 2147 4272 abbas
2168 4229 2322 4272 anno
2345 4221 2483 4273 4092
2512 4218 2839 4277 Virdunum
2850 4223 3093 4294 rediret,
3111 4228 3285 4299 Hugo
3296 4214 3615 4293 Jarentoni

1966 4304 2384 4363 adharendum
2417 4305 2724 4364 statueret.
2769 4311 2939 4368 Inter
2975 4313 3132 4371 siros
3153 4317 3348 4388 igitur
3377 4322 3612 4393 ponti/Z-

1966 4393 2201 4451 ciarum
2226 4394 2498 4465 partium
2510 4396 2846 4468 pracipuos
2868 4400 3085 4471 quibus
3102 4404 3369 4465 innotuit
3392 4412 3607 4484 noster,

1966 4483 2278 4554 Hugonem
2298 4483 2569 4540 abbatem
2595 4486 2876 4545 Cluniaci
2897 4490 3248 4553 Jarentonis
3268 4510 3454 4556 comes
3471 4483 3615 4559 eisi?

1971 4570 2141 4641 tavit,
2171 4572 2229 4627 et
2255 4572 2499 4644 Hugoni
2519 4574 2958 4649 archiepiscopo
2991 4580 3374 4653 Lugdunensi
3396 4588 3463 4645 in
3483 4590 3612 4647 tan-

1972 4660 2094 4717 tum
2111 4660 2371 4732 placuit,
2394 4662 2468 4719 ut
2482 4660 2557 4720 ab
2586 4677 2649 4720 eo
2671 4663 2734 4721 in
2759 4667 3109 4728 ministrum
3133 4676 3491 4748 assumptus,
3516 4691 3612 4737 ne-

2042 4837 2268 4912 (2)_Fol.
2304 4843 2423 4912 137,
2457 4839 2793 4912 anno_l(_)96,
2828 4842 2882 4899 cl.
2930 4860 2966 4900 x
3006 4846 3129 4903 Kal.
3177 4849 3308 4905 Dec.
3355 4864 3415 4907 se
3463 4865 3613 4912 anno

1969 4909 2163 4984 aetatis
2193 4910 2489 4984 3‘2»Vi_vere
2512 4910 2760 4984 scribit:
2797 4916 2949 4984 quod
2984 4916 3032 4971 si
3058 4918 3183 4975 dies
3202 4919 3503 4979 natalitius
3531 4909 3613 4981 in;

1971 4985 2062 5067 ter
2093 4979 2369 5067 (1.351531.
2398 4982 2647 5067 ⁸Βεευλθει.
2698 4979 2985 5067 Kalendas
3030 4988 3335 5048 Ianuarias
3380 4979 3607 5067 incidit,

1971 5066 2120 5108 anno
2152 5055 2290 5108 1064
2320 5057 2517 5108 natum
2552 5053 2732 5110 fuisse
2762 5062 3015 5126 oportet.

2045 5158 2120 5231 (3)
2152 5158 2403 5215 Patriam
2437 5165 2606 5217 vocat
2635 5175 2683 5216 a.
2722 5164 2877 5219 1085.

2043 5256 2120 5329 (4)
2144 5257 2368 5313 Praeter
2401 5257 2581 5329 Biblia
2618 5272 2781 5313 sacra
2821 5264 2876 5314 et
2908 5261 3115 5321 Patres
3144 5272 3389 5326 noverat
3411 5267 3613 5326 classi-

1970 5342 2071 5408 eps
2095 5328 2395 5408 auctores;
2415 5328 2901 5408 lauglatSenecsm
2918 5332 3325 5408 debeneﬂciis,
3345 5340 3609 5408 Gregorii

1969 5397 2637 5481 iioralia,_s_.‘Benedie_ti
2670 5402 2950 5481 regulam,
2973 5397 3359 5481 Ambrosium,
3386 5397 3612 5479 Au'gus-

1967 5471 2174 5544 tinum,
2210 5469 2525 5542 'Isidorum,
2563 5469 2964 5533 Fortunatum.

3275 5632 3304 5692 1
