3936 6050
318 206 388 273 41
1246 166 1619 269 HUGONIS
1662 204 2018 268 ABBATIS
2063 192 2742 271 FLAVINIACENSIS

3645 213 3732 276 12

308 344 497 418 gotiis
540 336 957 412 adhiberetur,
1009 338 1299 413 tantaque
1347 342 1478 413 ejus
1524 316 1960 409 familiaritate
1987 341 2043 400 A
2074 339 2170 397 tus
2189 337 2292 398 est.
2308 341 2658 414 .Annisfere
2678 342 2874 422 tribus
2898 341 3117 414 quibus
3152 341 3408 402 abbatix
3432 345 3730 419 prafuit,

311 445 459 491 usus
488 432 595 501 est,
618 430 696 487 'ut
713 444 843 487 eum
860 429 979 487 sibi
998 428 1412 487 indissolubili
1432 429 1667 488 vinculo
1679 429 1960 499 junctum

308 520 571 593 putaret.
618 519 851 575 Talium
878 520 1146 576 virorum
1176 519 1439 589 exemplo
1461 518 1760 575 excitatus
1791 518 1848 572 et
1872 530 1961 573 re-

315 620 448 664 rum
473 617 733 676 quarum
757 604 1065 675 particeps
1088 603 1306 676 factus
1335 604 1468 661 erat
1481 602 1789 675 gravitate
1815 616 1961 659 com-

312 694 505 751 motus
531 693 780 763 juvenis
812 691 1079 750 historia
1099 692 1423 750 scribenda
1463 692 1724 761 accessit,
1760 705 1821 748 eo
1848 692 1960 748 sci-

315 783 457 839 licet
476 782 694 850 animo,
711 782 783 838 ut
798 783 855 838 si
869 780 1208 852 ipsefortia
1225 781 1441 837 audire
1456 777 1734 850 nequiret
1748 778 1962 835 saltem

311 871 582 927 virorum
604 868 872 939 fortium
906 867 1045 924 bene
1074 868 1211 924 acta
1239 866 1581 938 exploraret
1604 867 1660 922 et
1679 863 1961 922 oblivioni

314 957 570 1027 eriperet
600 958 676 1025 (5)
715 955 1021 1013 C’ltronica
1055 955 1246 1026 igitur
1276 954 1698 1011 concinnandx
1723 965 1960 1024 operam

318 1044 500 1114 dedit,
525 1057 650 1115 qua
676 1056 774 1099 res
788 1044 993 1114 gestas
1022 1042 1164 1099 inde
1189 1056 1228 1098 a
1263 1041 1494 1099 Christi
1512 1040 1852 1100 Nativitate
1880 1040 1963 1095 ad

313 1146 427 1188 sua
463 1145 652 1202 usque
688 1132 946 1200 tem120ra
984 1129 1329 1199 deduceret;
1355 1130 1415 1185 et
1439 1127 1729 1186 subsidiis
1754 1141 1961 1199 quam-

308 1220 594 1291 plurimis
637 1219 931 1288 congestis
965 1219 1130 1274 ci-rca
1159 1230 1383 1273 annum
1433 1222 1570 1272 4090
1613 1218 1688 1287 (6)
1718 1229 1961 1272 manum

313 1309 475 1378 operi
532 1306 811 1363 admovit.
863 1305 1104 1362 Duobus
1152 1319 1300 1375 quos
1359 1305 1720 1376 conscripsit
1762 1303 1954 1372 libris,

301 1396 507 1466 priore
545 1395 866 1452 historiam
904 1394 985 1450 ad
1015 1393 1264 1450 initium
1301 1393 1506 1450 sxculi
1544 1408 1616 1458 xl,
1653 1392 1840 1450 altero
1881 1392 1963 1449 ad

312 1496 427 1539 sua
450 1497 640 1554 usque
668 1483 928 1553 tempora
958 1481 1227 1551 deduxit,
1252 1482 1321 1538 in
1347 1482 1689 1538 universum
1720 1480 1961 1553 quidem

313 1571 635 1642 temporum
675 1571 942 1627 ordinem
984 1571 1238 1639 secutus,
1281 1571 1386 1627 sed
1423 1584 1555 1627 cum
1581 1570 1760 1641 coepto
1792 1582 1961 1640 opere

309 1658 586 1716 subsidia
609 1658 840 1728 passim
864 1658 1207 1726 crescerent,
1233 1658 1444 1715 sedula
1466 1658 1786 1728 diligentia
1814 1656 1959 1714 scri-

303 1747 415 1821 pta
434 1746 785 1815 retractare,
812 1747 1031 1802 omissa
1053 1745 1290 1815 addere,
1303 1746 1673 1817 paginarum
1692 1746 1960 1817 margini

311 1836 484 1891 notas
506 1834 788 1904 adiicere,
815 1834 972 1896 folia
1002 1834 1244 1905 integra
1273 1835 1535 1891 inserere
1560 1848 1678 1890 non
1704 1833 1954 1891 destitit.

307 1921 603 1980 Subsidia
641 1922 856 1992 quibus
888 1923 1157 1993 primum.
1188 1936 1333 1979 usus
1380 1922 1485 1991 est,
1530 1921 1961 1993 Lotliaringica

310 2010 544 2068 scilicet
584 2012 643 2066 et
676 2009 1087 2080 Burgundica,
1148 2022 1221 2066 ex
1256 2023 1420 2081 penu
1461 2009 1844 2067 abbatiarmn
1887 2010 1954 2067 S.

327 2098 521 2156 Vitoni
553 2098 612 2154 et
635 2099 1019 2155 Divionensis
1048 2099 1383 2168 acceperit;
1410 2100 1543 2156 alia
1572 2113 1618 2155 e.
1637 2114 1698 2171 g.
1742 2099 1961 2156 catalo-

307 2189 378 2259 gi
428 2186 1007 2258 archiepiscoporum
1055 2187 1540 2257 Lugdunensium
1588 2188 1648 2244 et
1677 2185 1961 2259 episcopo-

311 2289 447 2331 rum
478 2274 1072 2345 Qlaromontanorum
1112 2275 1318 2344 postea
1363 2276 1777 2345 accesserunt;
1820 2274 1962 2333 ulti-

311 2377 404 2419 mo
427 2363 546 2419 loco
574 2362 1067 2419 Flaviniacensia
1094 2362 1475 2434 marginibus
1500 2364 1560 2420 et
1580 2365 1834 2436 paginis
1872 2366 1963 2421 in-

310 2451 490 2508 sertis
536 2450 750 2507 addita
797 2449 1045 2519 constat,
1095 2464 1226 2506 cum
1274 2451 1399 2523 ipse
1428 2452 1568 2521 jam
1609 2453 1965 2511 monasterii

311 2540 493 2597 istius
531 2539 799 2609 regimen
845 2539 1214 2610 suscepisset.
1265 2542 1435 2596 Anno
1483 2546 1622 2596 409.5
1674 2542 1773 2597 vel
1825 2547 1963 2598 4096

313 2627 552 2685 ineunte
572 2641 706 2683 cum
725 2626 972 2682 Jarento
995 2625 1069 2683 ab
1096 2625 1331 2683 Urbano
1347 2641 1511 2700 papa
1520 2642 1634 2699 pro
1651 2630 1963 2687 restituen-

316 2716 392 2772 da
422 2715 707 2772 Ecclesia
736 2714 1099 2770 auctoritate
1119 2714 1177 2769 et
1201 2716 1672 2773 reconciliandis
1724 2715 1965 2774 Williel.

312 2815 404 2859 mo
422 2817 560 2873 rege
577 2802 635 2857 et
653 2800 901 2858 Roberto
926 2801 1070 2857 duce
1074 2802 1397 2874 fratribus
1416 2804 1485 2859 in
1503 2804 1965 2862 Nortmanniam

313 2895 373 2951 et
396 2894 681 2966 Angliam
708 2892 1063 2962 mitteretur,
1087 2894 1262 2963 Hugo
1293 2892 1563 2949 abbatem
1588 2907 1763 2951 suum
1791 2893 1963 2951 comi-

314 2983 476 3040 tatus
525 2982 628 3040 est.
676 2983 762 3038 Re
808 2980 1007 3038 autem
1045 2981 1275 3053 infecta
1319 2996 1452 3039 cum
1489 2982 1740 3039 Jarento
1784 2983 1965 3053 atque

312 3073 489 3143 Hugo
515 3069 800 3139 redirent,
826 3071 891 3126 in
912 3071 1071 3126 mari
1101 3044 1447 3140 tempestate
1475 3070 1685 3128 valida
1708 3071 1790 3128 ad
1814 3044 1965 3129 υἱον·
1994 3044 2043 3107 C

315 3160 395 3217 tis
421 3160 739 3217 discrimen
738 3158 1022 3230 producti
1045 3158 1282 3214 tandem
1296 3160 1556 3230 Bajocas
1570 3157 1968 3229 pervenerunt

319 3247 424 3305 ubi
454 3248 651 3319 Hugo,
682 3246 879 3303 morbo
908 3247 1163 3303 violento
1181 3260 1508 3318 oppressus.
1535 3248 1753 3304 iterum
1772 3262 1965 3306 necem

310 3337 417 3393 vix
463 3336 671 3393 evasit.
723 3336 997 3393 Sanatus
1042 3335 1258 3405 tamen,
1312 3337 1630 3407 postquam
1714 3337 1963 3394 Jarento

312 3424 687 3481 concordiam
708 3422 867 3480 inter
899 3422 1217 3481 Robertum
1236 3424 1441 3481 ducem
1469 3426 1528 3480 et
1537 3425 1811 3498 fratrem
1833 3428 1964 3497 ejus

318 3512 610 3582 restituit,
680 3525 804 3568 una
870 3525 997 3568 cum
1072 3510 1286 3568 abbate
1351 3512 1554 3570 ducem
1623 3514 1965 3586 Hierosoly-

309 3615 469 3659 mam
506 3600 735 3657 iturum
765 3613 956 3656 mense
982 3599 1316 3670 Septembri
1352 3615 1410 3657 a.
1465 3606 1602 3657 4096
1648 3616 1836 3674 usque
1884 3601 1966 3660 ad

317 3690 563 3746 Pontem
593 3689 782 3746 Arlix
807 3688 1124 3746 comitatus
1154 3690 1259 3758 est,
1307 3690 1367 3745 et
1397 3691 1710 3747 Divionem
1744 3691 1958 3760 redux,

312 3779 645 3849 Haganone
672 3777 1192 3848 Augustodunensi
1223 3778 1484 3848 episcopo
1512 3779 1755 3835 auctore
1784 3778 1837 3835 et
1869 3793 1962 3837 ca-

313 3867 545 3924 nonicis
579 3867 874 3935 laicsque
902 3865 1277 3937 eligentibus,
1309 3865 1615 3923 abbatiam
1652 3866 1963 3925 Flavinia-

312 3970 536 4015 censem
563 3956 861 4027 suscipere
881 3955 1192 4012 consensit.
1225 3955 1310 4012 Ab
1340 3956 1592 4026 Hugone
1638 3957 1961 4028 archiepis-

311 4059 446 4118 copo
472 4045 582 4101 vix
601 4058 757 4116 xgre
787 4043 1072 4101 dimissus
1110 4045 1204 4113 (7).
1258 4044 1357 4101 die
1402 4050 1472 4099 22
1516 4045 1865 4103 Novembris
1899 4061 1955 4103 a.

313 4140 450 4192 4090
472 4133 891 4191 Flaviniacum
912 4133 1186 4203 intravit,
1217 4133 1276 4188 et
1285 4133 1531 4205 postera
1552 4133 1649 4190 die
1662 4148 1964 4192 consecra-

389 4293 464 4363 (5)
501 4297 562 4348 A.
602 4296 624 4349 Δι
644 4299 758 4350 ιοο.

387 4363 1778 4457 iurastis:intraremus.soricinaerat
1823 4367 1920 4457 du}

2117 4363 2522 4457 ίὶάἧὶὴῖὶισέεὶὶέἰ
2537 4363 2603 4449 re.

314 4440 520 4490 auctor
573 4439 771 4507 a.1006
824 4436 1006 4489 abbas
1050 4435 1772 4507 Flaviniacensiselectus
1825 4445 1956 4507 est;

313 4520 416 4560 nec
446 4518 574 4573 qua)
604 4506 674 4559 de
710 4505 839 4572 fuga
872 4518 974 4559 sua
999 4509 1055 4558 et
1081 4504 1412 4559 obedientia
1437 4506 1633 4562 abbati
1657 4504 1959 4565 Divionené

313 4575 360 4631 si
392 4574 659 4650 praestita
691 4574 894 4644 tradit,
925 4574 1310 4650 multisauuis
1336 4581 1467 4644 post
1501 4592 1550 4631 a.
1580 4576 1716 4632 108:5
1737 4579 1956 4650 scripta

312 4644 488 4729 sunt;
522 4644 617 4729 foll.
655 4649 721 4699 97
751 4651 884 4729 post
915 4660 964 4699 a.
1006 4648 1157 4729 1080,
1193 4645 1288 4700 fol.
1326 4652 1426 4729 120
1459 4650 1588 4729 post
1646 4651 1802 4729 1087,
1843 4644 1952 4729 .li'ol.

312 4720 415 4772 124
463 4721 593 4786 post
646 4730 694 4769 a.
745 4720 887 4788 1090
927 4720 1231 4788 exaratum
1280 4724 1406 4788 est;
1459 4722 1720 4773 nostrum
1778 4720 1958 4788 igitur

309 4787 463 4842 circa
498 4801 548 4841 a.
587 4789 725 4841 1090
755 4786 1047 4841 scribendi
1080 4786 1307 4842 initium
1342 4787 1551 4844 fecisse
1579 4786 1871 4845 existimo.

382 4858 460 4928 (7)
491 4856 1391 4928 iArchiepiscopusritaiscribit:
1433 4859 1605 4928 cujus
1643 4859 1957 4918 sedulitati

306 4927 685 4984 credebamus
714 4941 890 4983 immo
909 4927 1091 4999 cujus
1114 4927 1327 4999 lingua
1353 4942 1470 4984 vox
1497 4927 1703 4986 nosh'a
1724 4932 1871 4987 erat.

380 4998 622 5079 (8)0"?
651 4999 867 5079 Aprilis
895 4996 1233 5079 tumulatus
1278 5012 1369 5079 ep.
1420 4999 1728 5072 Rodull‘us,
1781 5001 1835 5057 d.
1890 5004 1954 5059 l0

306 5067 526 5140 Aprilis
554 5067 718 5138 Ηυξό
751 5069 1063 5125 Flaviniaci
1094 5070 1316 5125 aderat.

375 5156 453 5225 (9)
485 5158 615 5212 Haec
658 5156 944 5227 prodeunt
996 5171 1067 5211 ex
1114 5155 1329 5212 litteris
1378 5158 1669 5214 Laurentii
1722 5160 1950 5217 abbatis

304 5227 357 5281 S.
400 5226 1135 5309 Vitonineicpulsihguibus
1190 5228 1428 5309 scriptis
1476 5229 1944 5309 adversariorum

301 5312 558 5365 suorum,
597 5297 846 5353 fortasse
884 5298 1142 5368 Ilugonis
1189 5298 1378 5370 ipsius
1437 5301 1751 5370 respondet
1791 5302 1945 5370 apud

301 5367 517 5440 Mabill.
549 5368 604 5423 in
629 5368 829 5440 Annal.
860 5370 1068 5424 Bened.
1097 5374 1137 5424 t.
1166 5370 1228 5433 V,
1258 5385 1310 5440 p.
1336 5369 1587 5438 685,col.
1614 5375 1664 5439 1,
1695 5371 1944 5439 Quidli-

299 5368 517 5423 Mabill.
549 5368 604 5423 in
629 5368 829 5423 Annal.
860 5370 1068 5424 Bened.
1097 5374 1137 5424 t.
1166 5368 1228 5433 V,
1258 5385 1310 5440 p.
1336 5368 1587 5438 685,cdl.
1614 5375 1664 5439 1,
1695 5368 1942 5439 Quidli-

298 5439 701 5524 chardus)_.....'
721 5439 993 5524 adimere
1005 5440 1347 5524 prasumit,
1373 5440 1642 5524 dans‘v'el
1660 5441 1942 5524 auferens

296 5522 355 5567 a.
370 5524 438 5583 p.
460 5524 518 5581 p.
544 5511 602 5566 rt.
636 5508 929 5580 abbatias,
963 5508 1184 5580 quibus
1214 5510 1362 5577 vult,
1396 5510 1683 5579 qualibus
1718 5508 1852 5569 vult
1885 5514 1945 5570 et

2068 427 2244 486 rebus
2274 432 2527 502 agendis
2574 447 2812 504 operam
2861 433 3029 491 dedit
3069 433 3130 490 et
3162 435 3229 491 in
3271 448 3414 505 opus
3461 436 3736 494 ecclesiae

2073 516 2187 573 duo
2235 518 2433 576 millia
2476 520 2802 578 solidorum
2842 521 3163 593 expendit;
3215 521 3321 579 sed
3385 523 3737 595 Haganone

2071 605 2334 677 episcopo
2365 606 2690 666 dixcesano
2716 623 2772 666 a.
2806 615 2946 667 4098
2982 610 3284 681 defuncto,
3326 611 3733 684 Norgaudum

2068 707 2457 751 successorem
2485 697 2902 755 adversarium
2929 699 3140 756 nactus
3169 699 3275 755 est.
3312 700 3477 756 Anno
3499 705 3638 756 4099
3662 701 3725 757 d.

2068 789 2138 838 28
2166 782 2377 840 Martii
2416 785 2719 858 Rodulfus
2765 786 2948 843 abbas
2991 785 3182 857 obiit;
3224 789 3504 845 morienti
3542 790 3732 861 Hugo

2070 870 2287 927 aderat
2311 873 2368 928 et
2400 875 2744 943 passionem
2788 874 3163 931 Dominicam
3211 875 3375 946 legit,
3448 876 3730 935 defuncti

2069 972 2185 1028 que
2214 959 2415 1030 funus
2478 962 2806 1019 Virdunum
2850 962 3197 1033 prosecutus
3259 964 3349 1020 est
3396 964 3490 1035 (8).
3517 964 3729 1022 Mense

2066 1048 2399 1119 Septembri
2427 1051 2557 1120 ejus
2586 1052 2733 1107 anni
2761 1052 3107 1110 Flaviniaco
3137 1052 3408 1123 excessit,
3449 1040 3728 1112 inimicis

2067 1136 2375 1195 monac/iis
2394 1139 2755 1209 quibusdam
2775 1141 2835 1197 et
2858 1140 3181 1212 Norgaudo
3210 1142 3401 1199 locum
3448 1141 3630 1214 dedit,
3668 1144 3734 1199 et

2053 1224 2308 1297 frustra
2324 1240 2439 1297 per
2466 1227 2718 1299 aliquod
2761 1229 2987 1302 tempus
3024 1231 3184 1302 apud
3231 1229 3623 1303 Norgaudum
3667 1233 3734 1289 et

2071 1313 2379 1385 Hugonem
2399 1316 2907 1389 archiepiscopum
2922 1332 3038 1389 pro
3057 1319 3260 1375 reditu
3276 1319 3587 1376 laboravit.
3605 1322 3730 1376 An-

2067 1403 2135 1459 ni
2186 1407 2211 1459 4
2221 1408 2321 1460 400
2388 1404 2570 1461 initio
2627 1406 2847 1463 iterum
2931 1407 3000 1463 in
3064 1408 3349 1479 Angliam
3412 1408 3727 1480 profectus

2068 1490 2172 1560 est,
2222 1504 2417 1549 mense
2457 1494 2721 1571 Augusto
2785 1495 3157 1553 adversariis
3213 1496 3343 1553 suis
3407 1495 3725 1552 Flavinia-

2068 1578 2334 1636 censibus
2348 1581 2603 1652 frustra
2623 1583 2841 1639 iterum
2863 1583 3098 1641 litteras
3117 1584 3367 1655 scripsit
3383 1584 3445 1640 et
3458 1584 3724 1655 Septem-

1988 1697 2039 1758 B
2071 1664 2429 1758 bridemum
2450 1671 2699 1758 exeunte
2727 1685 2766 1727 a
2797 1671 3014 1743 legatis
3027 1671 3339 1743 ponti/teis
3366 1672 3435 1728 in
3470 1672 3724 1729 concilio

2082 1755 2388 1813 Valentino
2413 1757 2667 1815 abbatix
2682 1760 3018 1829 restitutus,
3044 1759 3467 1817 Flaviniacum
3494 1760 3715 1820 rediit.

2066 1843 2192 1900 Sed
2216 1844 2356 1902 tunc
2381 1859 2612 1916 quoque
2637 1846 2939 1919 offensum
2951 1848 3236 1918 fratrum
3284 1847 3569 1916 animum,
3602 1847 3716 1917 qui

2069 1931 2375 1990 abbatiam
2399 1934 2749 1993 Divionensi
2772 1935 3212 2006 subjiciendum
3249 1935 3721 2007 suspicabantur

2068 2019 2187 2077 sibi
2226 2022 2552 2079 conciliare
2593 2023 2882 2095 nequivit,
2934 2024 3024 2080 ita
3070 2023 3142 2079 ut
3184 2023 3510 2095 Norgaudo
3557 2035 3718 2079 anno

2073 2121 2205 2173 4404
2241 2118 2498 2176 alterius
2526 2118 2764 2178 abbatis
2800 2120 3201 2178 constituendi
3240 2120 3399 2177 locus
3450 2120 3718 2188 daretur,

2071 2205 2323 2275 Hugone
2349 2207 2530 2277 ejecta
2557 2208 2615 2264 et
2623 2208 2878 2280 frustra
2898 2210 3145 2265 Romam
3175 2207 3533 2279 appellante.

2143 2294 2287 2351 Hac
2304 2294 2525 2352 ultima
2543 2295 2838 2367 suntqux
2858 2297 2929 2353 de
2948 2310 3010 2354 se
3041 2299 3164 2368 ipse
3196 2296 3471 2368 scripsit;
3512 2295 3721 2353 Divia-

2071 2395 2144 2437 ne
2185 2382 2380 2453 igitur
2420 2396 2552 2440 cum
2587 2385 2912 2441 Jarentone
2956 2386 3193 2442 stetisse
3236 2384 3496 2455 videtur,
3544 2396 3725 2455 quem

2071 2482 2256 2526 unum
2289 2473 2551 2528 omnium
2590 2473 2924 2530 amicorum
2962 2473 3328 2530 constantem
3368 2474 3429 2530 et
3473 2471 3724 2544 ﬁdelem

2071 2556 2190 2614 sibi
2211 2560 2491 2629 expertus
2496 2561 2736 2632 fuerat.
2776 2560 3020 2618 Librum
3051 2575 3227 2618 suum
3252 2575 3366 2631 per
3392 2561 3549 2617 vices
3572 2572 3725 2630 pas-

2070 2645 2204 2716 sim,
2229 2646 2397 2703 nullo
2418 2647 2628 2704 ordine
2647 2648 2883 2705 servato
2920 2650 2979 2705 et
2990 2648 3181 2720 prout
3204 2650 3443 2705 animus
3447 2646 3721 2719 ferebat,

2074 2746 2262 2804 usque
2283 2734 2363 2790 ad
2391 2748 2613 2792 annum
2637 2741 2775 2793 4402
2792 2737 3098 2807 produxit.
3132 2735 3289 2804 Quid
3318 2736 3389 2793 de
3416 2737 3544 2807 ipso
3580 2749 3729 2792 auc-

2075 2821 2194 2877 tore
2206 2823 2413 2892 postea
2433 2823 2632 2880 actum
2658 2826 2745 2881 sit
2761 2824 3106 2896 dubitatur;
3131 2825 3355 2883 certum
3377 2824 3572 2881 tamen
3598 2837 3730 2881 esse

2072 2910 2311 2968 videtur
2350 2924 2482 2967 eum
2501 2912 2789 2984 partibus
2811 2914 3066 2971 ecclesia
3095 2928 3133 2970 a
3171 2913 3390 2983 quibus
3440 2912 3564 2969 tam
3616 2906 3729 2969 diu

2073 2998 2321 3056 steterat
2336 3000 2735 3069 renuntiasse,
2768 3001 3118 3058 Divionensi
3143 3002 3503 3058 monasterio
3531 3015 3727 3059 exces—

2074 3088 2244 3156 sisse,
2293 3086 2368 3145 ab
2418 3087 2631 3146 abbate
2674 3090 3026 3147 Divionensi
3054 3090 3642 3160 excommunicatwm,
3667 3091 3733 3147 et

2075 3189 2206 3231 cum
2252 3189 2309 3233 a.
2356 3180 2485 3233 4444
2529 3176 2872 3235 Ricbardus
2941 3178 3331 3235 Virdunensis
3394 3178 3721 3249 episcopus,

2073 3264 2354 3322 Heinrici
2378 3266 2683 3335 Vassecla,
2702 3265 3197 3324 abbatemSancti
3224 3267 3418 3323 Vitoni
3429 3265 3725 3323 Paschali

2061 3350 2307 3424 ﬁdelem
2332 3358 2388 3409 et
2433 3354 2653 3411 iterum
2695 3355 2777 3411 ad
2838 3355 3225 3412 Jarentonem
3276 3352 3726 3425 profugientem

2073 3442 2352 3512 ejecisset,
2378 3442 2446 3498 in
2471 3442 2601 3512 ejus
2624 3443 2812 3500 locum
2831 3443 2905 3500 ab
2944 3444 3206 3515 episcopo
3248 3456 3371 3500 esse
3434 3441 3724 3499 substitu-

2074 3530 2199 3587 tum
2230 3528 2354 3602 (9);
2376 3530 2536 3602 quod
2562 3531 2803 3601 quidem
2843 3532 2911 3588 in
2947 3533 3076 3588 viro
3117 3530 3387 3589 ardentis
3426 3528 3618 3587 animi
3664 3531 3727 3586 et

2069 3631 2302 3675 summa
2330 3619 2569 3690 injuria
2594 3618 2826 3691 afecto,
2862 3617 3002 3676 bene
3029 3619 3193 3677 credi
3217 3618 3429 3691 potest,
3473 3617 3580 3675 etsi
3618 3631 3719 3673 no-

2068 3721 2203 3763 men
2232 3707 2504 3778 Hugonis
2532 3707 2692 3764 baud
2718 3708 2948 3780 apertei
2966 3708 3259 3766 ndicetur.
3317 3707 3482 3773 Quod
3508 3707 3564 3763 si
3591 3708 3720 3777 ipse

2055 3796 2201 3868 fuit
2233 3809 2409 3867 quem
2457 3797 2822 3855 Laurentius
2866 3796 3050 3855 abbas
3078 3798 3145 3855 S.
3208 3796 3401 3853 Vitoni
3473 3795 3725 3865 Rodat}!

2068 3898 2368 3943 successor
2471 3885 2723 3953 innuit,
2818 3885 3075 3945 abbatix
3183 3882 3373 3942 tribus
3482 3882 3722 3939 tantum

2070 3973 2248 4031 annis
2333 3972 2603 4046 pra/uit,
2696 3975 3018 4032 Laurentio
3119 3972 3324 4031 exsule
3423 3984 3538 4042 per
3612 3971 3718 4027 Ri-

2070 4062 2361 4120 chardum
2455 4062 2728 4120 revocato
2810 4066 2975 4135 (10).
3112 4064 3251 4125 Quae
3347 4061 3459 4129 qui
3547 4057 3714 4116 circa

2069 4166 2294 4210 annum
2369 4158 2508 4211 4440
2599 4152 2863 4210 tradidit
2885 4196 2901 4221 ,
2956 4147 3318 4208 Laurentius
3372 4147 3718 4206 Leodiensis

2111 4312 2352 4369 uomodo
2379 4312 2526 4368 vult.
2555 4310 2633 4366 In
2660 4307 2878 4379 quibus
2906 4307 3014 4379 'est
3054 4306 3169 4379 ille
3195 4306 3305 4377 qui
3341 4305 3417 4364 ab
3464 4305 3718 4379 abbatia

2729 4382 2907 4449 tatus,
2944 4377 3017 4435 ab
3047 4378 3297 4435 ecclesia
3333 4377 3708 4449 Divionensi,

2071 4468 2169 4511 cui
2184 4452 2433 4522 jubente
2460 4447 2704 4522 domino
2733 4464 2838 4506 suo
2880 4447 3087 4522 abbate
3128 4449 3439 4522 Raditka
3481 4447 3715 4522 profes-

2069 4519 2291 4583 sionem
2303 4522 2484 4593 fecit,
2518 4521 2836 4592 fugitivus,
2867 4520 2942 4577 ab
2971 4519 3183 4593 abbate
3214 4519 3569 4593 Divionensi
3610 4532 3715 4593 ex-

2070 4589 2554 4664 communicatus,
2581 4589 2829 4664 fvirgam
2863 4592 3228 4662 pastoralem
3275 4590 3500 4664 quain
3537 4589 3709 4664 ater-

2068 4679 2211 4721 num
2259 4659 2705 4744 verbera-nctus;
2719 4659 3047 4744 suscipere
3078 4659 3497 4744 ρνίρειῷηρξῑιη
3520 4659 3714 4744 us

2059 4731 2909 4812 prxsumptionisparticipes’
2919 4748 2982 4791 se
2993 4731 3284 4812 fecerunt
3308 4731 3409 4788 illi
3440 4731 3547 4812 qui
3587 4731 3715 4812 tam

2066 4802 2293 4877 infami
2310 4802 2593 4876 “persona—9
2639 4802 2848 4877 curam
2880 4802 3718 4877 pastoralemcommiserunt

2060 4874 2250 4947 et'qui
2277 4874 2343 4932 se
2362 4877 2419 4933 ei
2447 4876 2734 4932 committi
2756 4874 3023 4947 perpessi
3047 4874 3227 4947 sunt._
3246 4874 3361 4947 Qui
3402 4875 3542 4947 ipse
3570 4884 3713 4947 quog

2063 4942 2177 5073 que
2203 4948 2413 5004 contra
2468 4960 2561 5029 eos
2607 4946 2717 5030 qui
2756 4942 3052 5027 ‘Ro—manx
3105 4945 3363 5027 ecclesiis
3420 4942 3717 5024 resistunt

2090 5017 2283 5073 tbrnm
2312 5016 2776 5073 auctoritatibus
2801 5016 3099 5073 munitum
3129 5015 3400 5073 confecit.
3431 5013 3488 5069 et
3520 5012 3712 5069 credi-

2090 5017 2283 5075 ibrnm
2312 5012 2776 5074 auctoritatibus
2801 5016 3099 5073 munitum
3129 5015 3400 5084 confecit,
3431 5013 3488 5069 et
3520 5012 3712 5084 credi-

2057 5102 2190 5146 mus
2219 5090 2369 5160 quia
2405 5088 2593 5157 modo,
2633 5088 2827 5160 juxta
2872 5086 3032 5160 quod
3066 5082 3284 5160 rustici
3327 5082 3709 5160 dquntucui-f

2060 5152 2398 5240 ιταοηίζψᾳε
2429 5152 2588 5240 lem
2607 5152 2838 5240 fidlem,
2871 5152 3071 5240 ilium.
3097 5158 3316 5240 libram
3366 5152 3716 5240 sane???“

2057 5230 2441 5286 etc.—Liber
2473 5227 2583 5286 iste
2625 5244 2654 5284 a
2706 5229 3012 5286 Laurentio
3057 5227 3329 5285 laudatus
3376 5227 3705 5285 Cbronicon

2057 5304 2318 5358 nostrum
2349 5301 2531 5357 fuisse
2562 5300 2812 5357 videtur.

2125 5425 2232 5495 (10)
2268 5424 2562 5480 Laurentii
2594 5424 2665 5481 de
2706 5425 2918 5483 Leodio
2966 5421 3331 5480 continuatio
3388 5423 3701 5479 Gestorum

2050 5514 2459 5584 epiSCOporum
2505 5513 2971 5571 Virduucnsium.
