3940 6048
165 192 229 257 18
1326 185 1827 253 CHRONICON.
1865 223 1938 235 —
1968 184 2378 251 PRCEMIUM

3477 190 3549 253 14

167 326 456 385 Gestorum
507 326 972 385 Virdunensium
1017 325 1415 394 continuator,
1461 336 1525 380 se
1581 321 1799 380 librum
1829 323 1885 384 A
1913 322 2208 392 ciliorum,
2259 322 2521 394 epistola
2564 322 2823 380 Henrici
2861 321 2969 391 IV,
3030 324 3276 394 Agnetis
3338 325 3554 382 matris

163 429 318 474 suum
342 416 522 473 valde
547 416 827 485 invitum,
858 415 963 473 sed
980 415 1105 472 viri
1127 412 1493 471 venerabilis
1521 412 1801 482 Hugonis

160 504 425 561 monachi
465 506 533 562 δ’.
599 504 798 560 Vitoni
838 504 1032 559 nimia
1070 502 1373 560 instantia
1418 500 1800 572 compulsum,

162 592 405 651 scribere
444 593 779 665 proﬁtetur.
806 593 940 650 Non
983 591 1312 663 defuerunt
1346 590 1453 662 qui
1498 591 1808 660 Hugonem

164 683 335 739 istum
360 683 631 739 nostrum
659 694 785 738 esse
813 680 1120 752 putarent.
1168 681 1292 737 Nec
1336 679 1482 737 atas
1531 677 1670 734 tunc
1709 690 1812 733 su-

162 769 446 841 perstitis,
475 767 710 826 scilicet
736 774 808 825 7s
830 781 1118 824 annorum
1149 766 1425 836 obstaret,
1452 765 1513 822 et
1526 764 1811 835 aliquan-

170 860 279 915 tam
296 857 623 926 succurrit,
649 856 811 929 quod
838 856 1091 928 scriptor
1117 870 1326 913 nomen
1371 853 1609 912 abbatis
1660 854 1812 909 Lau-

168 946 345 1004 rentio
373 944 686 1016 subrogati
725 946 919 1002 tacere
961 944 1172 1014 voluit,
1226 944 1286 1000 et
1331 942 1488 1014 quod
1534 940 1813 1011 Hugonis

174 1035 386 1093 librum
416 1036 651 1093 novisse
676 1035 933 1092 videtur.
965 1035 1103 1099 Qua
1131 1034 1186 1090 si
1207 1033 1300 1089 ita
1330 1045 1392 1088 se
1424 1029 1661 1100 habent,
1690 1031 1813 1085 Hu-

168 1136 364 1193 gonem
386 1122 532 1194 post
575 1120 815 1178 abbatis
854 1120 1177 1177 Laurentii
1206 1117 1468 1175 riditum
1508 1115 1815 1173 abbatiam

173 1210 473 1269 abdicasse
494 1210 554 1268 et
595 1210 736 1267 vita
781 1209 970 1266 tantis
992 1207 1281 1280 procellis
1330 1205 1584 1277 agitata
1629 1217 1814 1261 annos

174 1300 372 1356 ultimo
398 1300 468 1357 in
493 1299 635 1356 nido
674 1297 776 1356 cui
793 1312 941 1370 puer
970 1296 1282 1354 coaluerat
1308 1295 1512 1367 quiete
1549 1294 1815 1365 exegisse

172 1387 400 1460 opinari
431 1388 647 1445 liceret.
678 1387 927 1445 Sedhac
951 1400 1164 1443 revera
1183 1383 1567 1457 ignorantur.

237 1478 309 1534 In
333 1475 485 1533 libro
505 1476 830 1548 superstite
849 1476 987 1532 ante
1012 1474 1271 1531 ommnia
1311 1473 1611 1543 insignem
1651 1468 1815 1529 inde-

168 1566 511 1638 fessamque
536 1579 745 1621 curam
763 1578 886 1635 qua
924 1563 1200 1621 subsidia
1237 1563 1399 1633 operi
1438 1560 1816 1632 amplissima

1915 408 2063 481 eius,
2130 409 2457 467 Mathildis
2518 412 2851 480 comitissa,
2920 411 3169 481 aliaque
3241 413 3549 469 nonnulla.

1921 498 2143 564 Quibus
2171 500 2261 556 ita
2289 513 2433 556 usus
2461 500 2565 568 est,
2596 500 2670 555 ut
2695 513 2765 557 ea
2792 499 2889 555 vel
2931 502 3269 571 excerperet
3307 502 3401 556 vel
3435 515 3557 557 ma—

1917 589 2148 644 ximam
2169 589 2405 658 partem
2433 588 2530 644 vel
2553 588 2792 659 integra
2823 589 3128 659 exscripta
3156 604 3281 646 una
3310 603 3441 645 cum
3478 590 3560 647 iis

1919 688 2053 748 qua
2076 677 2203 747 ipse
2222 689 2489 761 prasens
2515 676 2758 733 viderat
2779 676 2875 733 vel
2901 676 2975 733 ab
3005 677 3152 733 aliis
3214 691 3416 734 rerum
3444 677 3562 735 tes-

1924 763 2082 822 tibus
2116 765 2397 821 audierat
2425 764 2695 822 historia
2711 779 2833 822 sua
2860 765 3190 835 insereret;
3216 765 3321 822 sed
3369 766 3564 822 textus

1923 853 2295 925 negligenter
2346 867 2496 923 sape
2543 853 2944 925 transcriptus
2989 854 3099 924 (I2)
3136 855 3383 925 plenam
3450 853 3566 911 sibi

1912 942 2100 1014 ﬁdem
2130 940 2298 998 haud
2317 942 2612 999 conciliat.
2660 942 2939 999 Ordinem
2995 944 3273 1014 temporis
3313 945 3381 1000 in
3435 943 3567 999 uni-

1922 1044 2158 1087 versum
2189 1030 2429 1101 quidem
2455 1031 2690 1087 secutus
2719 1039 2823 1099 est,
2857 1031 2962 1087 sed
2988 1045 3103 1086 non
3128 1045 3269 1088 raro
3291 1032 3383 1087 vel
3401 1031 3568 1102 copia

1921 1133 2126 1177 rerum
2155 1119 2444 1177 abductus
2494 1120 2588 1176 vel
2629 1121 2827 1176 animo
2871 1133 2974 1175 suo
3018 1121 3336 1190 indulgens
3386 1121 3573 1177 latius
3668 1126 3683 1133 ‘

1924 1208 2324 1279 exspatiatur.
2363 1208 2422 1264 et
2449 1221 2579 1265 cum
2592 1208 2868 1279 plurima
2886 1221 3087 1265 recens
3131 1209 3371 1280 reperta
3416 1209 3573 1264 auti-

1920 1298 2125 1367 quiori
2157 1297 2349 1353 textui
2378 1296 2683 1366 insereret,
2718 1295 3052 1367 librumque
3067 1311 3181 1367 per
3210 1297 3404 1352 multa
3436 1297 3574 1352 tem-

1910 1399 2129 1458 porum
2157 1386 2485 1442 intervalla
2525 1385 2847 1456 sapissime
2892 1385 3268 1454 retractaret,
3321 1398 3428 1440 nec
3484 1385 3570 1440 ta-

1926 1488 2054 1531 men
2082 1475 2379 1544 integrum
2419 1487 2632 1531 rursus
2671 1472 3115 1530 describendum
3161 1472 3419 1543 curaret,
3460 1487 3578 1529 non

1913 1564 2059 1636 ﬁeri
2076 1563 2321 1634 poterat
2346 1564 2497 1634 quin
2521 1564 2895 1640 narationem
2922 1564 3092 1633 copia
3135 1575 3335 1620 rerum
3388 1562 3575 1633 refer-

178 1655 435 1725 undique
454 1654 839 1725 conquisivit,
861 1653 920 1710 et
943 1653 1203 1710 addendi
1235 1648 1692 1721 corrigendique
1713 1662 1817 1738 pe-A
1844 1678 1898 1738 Β
1929 1654 2051 1710 tam
2078 1652 2183 1709 sed
2216 1652 2567 1722 aqua’itate
2601 1652 2661 1707 et
2679 1651 3118 1723 perspicuitate
3166 1651 3461 1708 carentem
3490 1665 3580 1708 re-

174 1757 345 1801 renne
370 1743 803 1812 studiumjwre
826 1742 1163 1799 laudamus.
1199 1741 1292 1797 Ad
1314 1753 1529 1796 manus
1559 1740 1615 1795 ei
1646 1736 1823 1794 erant
1846 1736 1883 1738 “
1930 1741 2250 1812 linqueret.
2284 1741 2424 1797 dum
2454 1756 2499 1797 e.
2531 1755 2592 1811 g.
2616 1742 2798 1797 unius
2821 1741 3203 1811 ejusdemque
3229 1740 3352 1797 tiri
3390 1738 3583 1797 obitus

179 1831 311 1889 libri
337 1831 678 1904 chartaque
700 1832 761 1888 et
782 1830 1043 1902 epistola
1073 1828 1400 1887 tabulariis
1421 1828 1481 1884 et
1514 1825 1820 1884 bibliothe-

177 1922 258 1978 cis
288 1920 780 1989 Virdunensibus,
812 1917 1293 1986 Divionensibus,
1329 1914 1822 1989 Lugdunensibus

180 2010 510 2085 desumpta,
542 2022 791 2080 quorum
813 2009 867 2064 ei
887 2008 1058 2079 copia
1080 2019 1119 2063 a
1142 2006 1403 2077 Rodulfo
1424 2005 1484 2061 et
1499 2003 1826 2061 Jarentone

180 2097 489 2156 abbatibus
516 2100 699 2168 atque
726 2097 979 2168 Hugoue
998 2094 1441 2165 archiepiscopo
1471 2092 1657 2165 facta
1697 2091 1833 2149 erat

181 2186 389 2259 quibus
416 2186 674 2257 denique
701 2184 1196 2242 Flaviniacensia
1218 2182 1611 2251 accesserunt,
1661 2180 1828 2238 scili-

182 2276 266 2333 cet
282 2275 659 2346 Hieronymi,
685 2274 985 2345 Prosperi,
1009 2272 1204 2330 Idatii
1240 2271 1491 2328 Victoris
1520 2271 1831 2327 Tununen-

184 2366 284 2431 sis,
320 2363 499 2420 Beda
547 2362 617 2419 de
657 2375 767 2419 sex
812 2360 1108 2429 atatibus,
1154 2357 1483 2429 Reginonis
1515 2357 1829 2425 Chronica,

183 2451 450 2508 Ethicus
468 2465 599 2508 eum
618 2450 939 2507 itinerario
961 2447 1269 2517 Antonini,
1297 2447 1561 2517 Orosius,
1609 2445 1827 2514 Victor,

197 2540 464 2609 Vitensis,
490 2538 798 2607 Jordanis,
843 2535 1136 2605 Nennius,
1159 2535 1549 2603 Fortunatus,
1622 2531 1839 2604 Grego-

184 2627 309 2685 rius
356 2628 747 2693 Turonensis,
810 2624 991 2683 Gesta
1048 2626 1107 2680 et
1166 2622 1429 2692 catalogi
1486 2621 1843 2693 pontiﬁcum

191 2718 594 2777 Romanorum.
623 2714 853 2784 Isidori
888 2713 1300 2784 Etgmologia,
1340 2711 1482 2767 Vita
1499 2712 1617 2769 SS.
1655 2712 1843 2768 Sanc-

194 2805 297 2861 tini
322 2803 572 2861 inedita.
607 2782 932 2872 Mansueti,
964 2782 1315 2869 Maximini,
1343 2798 1845 2856 Pulchroniiine-

202 2893 342 2962 dita,
392 2891 801 2965 Sigismundi,
852 2888 1246 2957 Chrothildis,
1293 2888 1450 2958 Lupi
1520 2886 1840 2955 Trecensis,

193 2981 441 3050 Antidii,
494 2978 866 3049 Leodegarii,
902 2977 1200 3046 Prajecti,
1244 2975 1470 3045 Boniti,
1525 2974 1840 3044 Lamberti,

197 3070 339 3142 Lupi
358 3068 740 3138 Senonensis,
775 3066 1028 3135 Goerici,
1053 3064 1411 3133 Balthilds,
1443 3065 1691 3134 Agerici
1724 3063 1847 3120 ine-

197 3159 342 3230 dita,
389 3157 672 3228 Carilefi,
715 3154 1062 3226 Magdalvei
1118 3152 1369 3221 inedita,
1419 3151 1742 3209 translatio
1772 3152 1840 3208 S’.

202 3245 502 3320 Gargonii,
532 3246 949 3316 Fredegarius,
986 3244 1166 3304 Gesta
1217 3243 1607 3311 ﬂaucorum,
1658 3240 1848 3297 Pauli

197 3336 447 3395 Diaconi
474 3335 755 3392 Historia
794 3331 1321 3406 Langobardorum
1369 3330 1429 3387 et
1467 3328 1648 3388 Gesta
1697 3329 1849 3399 epis-

197 3439 462 3499 coporum
490 3423 862 3480 Metensium.
890 3420 1251 3494 genealogia
1289 3419 1658 3486 C'arolorum,
1702 3417 1847 3475 Ein-

196 3514 375 3572 hardi
420 3514 553 3570 Vita
577 3512 803 3582 Caroli,
837 3511 1102 3569 Annales
1126 3507 1476 3576 Petaviani,
1511 3506 1842 3575 Einhardi,

192 3603 536 3671 Fuldenses,
594 3599 900 3659 Vedastini
951 3600 1393 3671 Lugdunenses,
1462 3595 1729 3664 fortasse
1791 3594 1851 3649 et

193 3692 700 3760 Flaviniacenses,
727 3690 954 3748 Adonis
981 3688 1335 3754 Chronicon,
1359 3686 1680 3742 Hincmari
1698 3685 1846 3755 epis-

194 3782 315 3839 tola
346 3782 420 3838 de
476 3781 611 3837 Vita
656 3778 945 3838 Sanctini
988 3778 1193 3834 etVita
1239 3774 1522 3847 Remigii.
1574 3772 1846 3830 Bertarii

195 3869 378 3930 Gesta
403 3872 806 3942 episcoporum
846 3867 1284 3924 Virdunensum
1298 3878 1431 3921 cum
1451 3861 1846 3921 continuatio-

193 3958 394 4029 nibus,
422 3957 749 4016 Flodoardi
778 3955 1058 4014 Annales.
1096 3954 1409 4021 Richerus,
1458 3951 1600 4009 Vita
1628 3950 1845 4008 Deode-

194 4049 315 4106 rici
353 4045 640 4105 Metensis
685 4044 939 4114 inedita,
973 4042 1292 4112 Simeonis,
1344 4040 1590 4112 Rodulﬁ
1633 4038 1846 4097 Glabri

192 4137 477 4195 Historia
496 4134 722 4193 et'Vita
754 4132 1053 4192 Wilhelmi
1072 4130 1476 4200 Divionensis,
1515 4129 1846 4186 Chronicon

190 4227 261 4284 «ς’.
288 4224 551 4296 Benigni
570 4222 931 4291 Divionesis,
971 4219 1104 4276 Vita
1125 4217 1369 4276 Roberti
1402 4215 1632 4274 obbatis
1656 4216 1846 4275 Casa-

194 4312 335 4381 Dei,
367 4311 633 4382 catalogi
663 4309 1066 4382 episcoporum
1104 4306 1587 4373 Arvernensium,
1619 4305 1847 4362 archie-

1933 1830 2045 1901 (13)
2076 1829 2267 1887 tribus
2295 1831 2364 1887 in
2396 1831 2539 1887 locis
2556 1829 2843 1901 refertur.
2903 1829 3194 1887 Caternm
3240 1830 3338 1886 vir
3380 1829 3581 1886 doctus

1932 1922 1992 1978 et
2016 1922 2260 1978 sedulus
2288 1923 2490 1978 minus
2520 1922 2760 1991 sagacis
2790 1922 2983 1977 animi
3004 1921 3165 1992 fuit,
3206 1919 3584 1978 mirabilium

1933 2009 2229 2079 credulus,
2240 2010 2439 2082 falsis
2468 2022 2702 2079 quoque
2742 2008 3082 2066 rumoribus
3112 2009 3330 2079 patens
3378 2008 3489 2080 (14)
3531 2009 3591 2065 et

1934 2097 2001 2154 in
2035 2097 2418 2168 disponendis
2445 2097 2883 2169 rebusfallens,
2911 2098 3137 2168 loquax
3159 2111 3589 2169 nonnunquam

1938 2185 1998 2243 et
2012 2188 2182 2257 justo
2210 2185 2535 2256 verbosior,
2566 2186 2923 2257 scripsitqve
2943 2187 3126 2256 prout
3149 2187 3449 2258 expectari
3490 2201 3589 2257 po-

1942 2274 2103 2331 terat
2128 2276 2327 2331 animo
2356 2276 2425 2332 in
2451 2275 2643 2332 hostes
2673 2275 2954 2331 Ecclesia
2984 2276 3143 2331 irato
3175 2275 3281 2331 sed
3307 2275 3585 2344 candido,

1942 2377 2048 2420 nec
2077 2363 2381 2420 hominum
2408 2377 2531 2420 sua
2547 2364 2754 2434 partis
2784 2365 2938 2419 vitia
2969 2363 3198 2429 tacuit;
3229 2364 3443 2419 etcum
3474 2378 3590 2418 nou

1945 2452 2136 2508 solum
2162 2453 2226 2507 in
2257 2452 2337 2508 iis
2365 2466 2497 2522 qua
2527 2453 2751 2521 tempus
2781 2466 2954 2507 suum
2984 2452 3439 2519 antecesserunt,
3495 2451 3590 2505 do-

1949 2539 2235 2597 cumentis
2265 2540 2438 2595 hodie
2458 2539 2703 2596 abolitis
2746 2540 2935 2608 nisus,
2981 2539 3253 2610 quadam
3300 2541 3592 2595 memoria

1952 2628 2137 2700 digna
2166 2629 2501 2685 servaverit
2524 2629 2628 2685 sed
2657 2629 2726 2684 in
2771 2629 3029 2684 historia
3063 2629 3160 2684 sui
3216 2628 3492 2698 temporis
3538 2630 3594 2684 et

1938 2717 2239 2789 pracipue
2270 2716 2680 2787 Lotharingia
2703 2716 2968 2787 plrrima
3011 2716 3237 2773 cateris
3291 2717 3593 2787 incognita

1944 2805 2300 2877 prodiderit,
2318 2806 2519 2878 primo
2547 2807 2741 2877 operis
2768 2806 3005 2874 editori,
3036 2806 3142 2876 qui
3171 2805 3389 2862 librum
3413 2807 3591 2862 histo-

1953 2893 2053 2949 riae
2076 2894 2491 2951 ecclesiasticae
2524 2894 2813 2950 undecimi
2858 2894 3182 2964 praesertim
3214 2895 3412 2951 saeculi
3469 2897 3591 2950 thc-
3684 2922 3687 2931 η

1955 2996 2188 3039 saurum
2219 2982 2732 3054 incomparabilem
2745 2983 3121 3053 pradicavit.
3155 2985 3222 3039 in
3250 2986 3589 3040 universum

1954 3072 2193 3143 quidem
2219 3087 2336 3128 non
2365 3071 2784 3143 astipulamur,
2835 3071 2972 3127 dum
3020 3071 3410 3135 Lambertum,
3452 3075 3594 3128 Ber-

1957 3160 2241 3229 tholdum,
2277 3161 2336 3216 et
2367 3161 2751 3229 Bernoldmn,
2801 3161 3063 3231 ejusdem
3112 3162 3211 3216 avi
3259 3161 3589 3231 historicos,

1954 3250 2198 3321 Hugoni
2213 3251 2508 3323 praferre
2527 3264 2643 3305 non
2670 3248 3031 3318 dubitamus,
3072 3249 3176 3306 sed
3222 3264 3351 3306 eum
3408 3250 3596 3306 tamen

1954 3338 2025 3394 de
2056 3338 2314 3395 historia
2340 3339 2553 3410 optime
2578 3341 2857 3395 meritum
2879 3339 2935 3394 el
2956 3338 3096 3393 bono
3112 3352 3262 3410 sape
3286 3340 3597 3409 cum/ruc-

1956 3428 2021 3484 tu
2047 3428 2459 3484 consulendum
2490 3428 3187 3499 prq/itemur.—Annum
3210 3420 3419 3483 noster
3466 3442 3597 3484 cum

1954 3518 2102 3573 aliis
2132 3517 2576 3587 Lotharingisa
2609 3516 2706 3573 die
2736 3517 3187 3573 Incarnationis
3234 3516 3288 3571 d.
3328 3523 3397 3571 23
3436 3515 3597 3573 illar-

1956 3606 2032 3663 tii
2059 3606 2158 3661 vel
2171 3606 2381 3677 potius
2409 3619 2448 3661 a
2475 3606 2773 3662 Paschate
2794 3605 3077 3662 inchoare
3096 3606 3333 3662 videtur
3353 3610 3484 3676 (15).

2022 3694 2238 3765 Stglus
2263 3694 2584 3763 dilucidus,
2609 3709 2797 3751 sermo
2820 3695 2885 3750 in
2912 3695 3222 3766 rhythmos
3266 3694 3597 3765 aliquando

1950 3784 2270 3843 resolvitur
2289 3785 2421 3856 (16),
2447 3784 2605 3854 quod
2624 3786 2687 3840 in
2704 3782 3101 3854 compluribus
3123 3785 3328 3840 saculi
3360 3800 3418 3838 χι
3452 3784 3599 3839 scri-

1948 3872 2217 3945 ptoribus
2242 3873 2565 3945 ﬁeerijam
2593 3871 3046 3929 observavimus.

2025 3962 2196 4019 Liber
2242 3963 2519 4033 Hugonis
2560 3960 2839 4034 difficilis
2881 3960 3048 4030 lectu,
3099 3961 3419 4018 Laurentio
3469 3964 3607 4018 Leo-

1955 4051 2149 4107 diensi
2167 4050 2441 4122 fortasse
2467 4050 2631 4105 haud
2659 4050 2898 4119 ignotus
2919 4049 3100 4119 fuit;
3144 4049 3212 4104 at
3255 4053 3318 4106 in
3365 4054 3602 4108 univer-

1953 4153 2084 4198 sum
2134 4139 2385 4195 latuisse
2445 4137 2568 4193 dici
2611 4138 2812 4206 potest
2855 4152 3038 4207 usque
3082 4138 3222 4192 dum
3268 4152 3323 4193 a.
3382 4144 3513 4195 16ὅῖ
3554 4155 3600 4197 a

1958 4228 2242 4299 Philippo
2277 4224 2464 4283 Labbe
2492 4227 2640 4282 tomo
2668 4228 2707 4282 Ῑ
2727 4227 2905 4283 Nora
2946 4225 3326 4283 Bibliotheca
3365 4244 3603 4286 manus-

1958 4318 2283 4390 criptorum
2320 4316 2480 4387 typis
2513 4314 2767 4386 prodiit.
2833 4316 2983 4371 Usus
3035 4316 3126 4371 est
3168 4317 3357 4371 editor
3410 4317 3605 4375 codice

183 4401 575 4475 piscoporwn
632 4397 1140 4470 Lugdunensium,
1197 4396 1419 4453 οΙιιινιίε
1471 4396 1540 4464 δ’,
1628 4393 1843 4463 Vitam)
1876 4390 1930 4451 D
1961 4405 2333 4478 autographa
2363 4404 2603 4477 collegii
2630 4404 2747 4474 sui,
2779 4404 3013 4461 scilicet
3045 4404 3603 4464 Claromoutauiso-

193 4492 617 4558 Divionenses,
640 4486 1124 4546 Flaviniacenses
1160 4484 1296 4556 (11),
1335 4482 1571 4540 decreta
1609 4482 1670 4539 et
1704 4483 1849 4554 epis-

198 4579 340 4637 tola
356 4579 716 4652 pontiﬁcum
745 4578 1169 4644 Romanorum,
1205 4574 1606 4645 episcoporum
1654 4572 1715 4628 et
1745 4570 1853 4629 cle-

195 4672 470 4727 ricorum
497 4666 719 4736 multa,
762 4665 1131 4723 collectiones
1176 4675 1485 4731 canonum,
1535 4661 1682 4719 Acta
1728 4673 1856 4718 con-

277 4782 399 4855 (11)
444 4782 758 4839 Memorato
823 4778 1134 4837 armarium
1190 4776 1676 4847 Rothomagense.
1756 4774 1851 4831 fol.

274 4925 511 5008 (19)}?!-
548 4922 771 5008 Νίεριρί
803 4924 852 4979 ιι
886 4919 1292 5008 dictitari?
1314 4917 1864 5008 .elisuzisisiiaet

204 4993 345 5068 quae
375 4993 457 5053 ibi
489 4995 685 5070 monui
721 4996 891 5066 Legg.
926 4999 973 5070 ιγ.
1013 4994 1083 5064 II,
1114 5005 1366 5070 canones
1416 4993 1855 5070 Lateranenses,

200 5061 256 5139 θ’,
320 5071 478 5139 1078,
541 5067 641 5139 fol.
690 5061 989 5139 102,303,
1037 5061 1321 5135 epistolas
1369 5061 1859 5133 quamplurimum

197 5136 346 5211 nota
373 5136 658 5211 temporis
690 5136 1025 5211 destitutas.

274 5210 397 5284 (13)
430 5207 658 5284 Bodulfl
680 5207 936 5284 abbatis.
980 5279 1021 5284 __
1057 5278 1067 5284 _
1285 5279 1293 5284 Δ
1521 5275 1604 5284 ΛΗ
1701 5273 1712 5284 θ

274 5274 396 5353 (14)
429 5281 491 5338 Ε.
520 5296 576 5352 g.
614 5279 943 5353 Conradum
966 5279 1021 5353 _ll
1055 5274 1747 5353 imperatorempttonis
1791 5274 1862 5329 lll

195 5347 388 5409 sum
465 5347 641 5418 facit;
691 5349 976 5408 Wilbelmi
1008 5347 1389 5418 'l‘rujcclensis
1441 5347 1661 5401 obitum
1716 5358 1866 5401 anno

204 5426 358 5481 1076
387 5423 516 5481 loco
548 5420 951 5481 1080ascribil
978 5438 992 5487 ;
1018 5433 1205 5487 neque
1244 5430 1338 5472 res
1368 5420 1866 5473 annoruml077—

202 5500 360 5554 1079
386 5495 559 5565 jusoo
593 5493 799 5551 ordine
831 5492 1029 5548 refert.
1068 5487 1395 5546 Alexandro
1415 5487 1671 5547 secundo
1701 5501 1865 5561 papae

1960 4495 2199 4554 cietatis
2229 4495 2374 4550 Jesu
2404 4494 2562 4566 quod
2591 4494 2731 4551 tunc
2759 4492 3028 4549 Parisiis
3051 4493 3327 4563 ﬂorebat,
3373 4496 3433 4550 et
3484 4497 3605 4552 tex-

1964 4586 2087 4641 tum
2113 4598 2290 4657 quem
2318 4582 2483 4639 dedit
2511 4584 2578 4639 in
2606 4582 2951 4639 universum
2981 4580 3118 4638 bene
3146 4586 3458 4653 expressit,
3503 4585 3607 4641 sed

1961 4673 2252 4731 nonnulla
2279 4686 2394 4729 non
2412 4686 2518 4729 suo
2547 4671 2666 4728 loco
2675 4671 2885 4743 posuit
2913 4671 3079 4727 haud
3093 4685 3290 4742 pouca
3314 4672 3464 4728 lectu
3485 4673 3605 4744 dif-

1967 4789 2357 4847 Alexandrum
2410 4787 2649 4843 tertium
2682 4787 3027 4858 Asuccessise
3081 4787 3173 4842 fol.
3229 4793 3313 4857 95,
3373 4788 3602 4858 scribit,

1967 4861 2104 4919 folio
2138 4858 2405 4931 sequenti
2440 4863 2599 4914 recte
2632 4856 2960 4915 Alexandro
2984 4856 3319 4927 Gregorium
3344 4860 3439 4914 Vll
3482 4856 3608 4916 suc-

1965 4934 2214 4991 cessisse
2247 4931 2448 4986 refert.

2041 5004 2152 5075 (15)
2177 5000 2495 5075 concilium
2528 4999 2844 5056 Romanum
2877 5015 2925 5055 a.
2954 5003 3101 5075 1074
3128 5000 3368 5075 ascribit
3393 5000 3490 5057 fol.
3516 5007 3603 5058 97.

1969 5071 2512 5146 qubd’celebralum
2543 5075 2635 5146 est
2663 5074 2911 5146 exeunte
2952 5071 3265 5146 Februario
3314 5086 3365 5127 a.
3430 5078 3607 5146 1075;

1968 5141 2250 5202 cometam
2281 5158 2432 5199 anno
2466 5144 2602 5198 1065
2633 5141 2975 5212 apparuisse
3006 5141 3267 5211 ascribit,
3293 5143 3448 5212 quod
3482 5145 3610 5198 Ber-

1972 5217 2182 5273 noldus
2215 5215 2306 5271 die
2336 5214 2544 5291 Ix‘llal.
2580 5210 2738 5291 Mqii,
2782 5210 3393 5291 scriptorﬁnnali‘um
3437 5214 3611 5291 Bone-

1971 5292 2353 5344 venlanorum
2384 5286 2477 5342 die
2510 5298 2600 5340 xv:
2642 5283 2765 5338 Kal.
2795 5283 2943 5352 Maii,
2989 5283 3241 5341 Adamus
3286 5285 3611 5341 Brcmcnsis

1974 5361 2065 5430 ΙΙΙ,
2101 5363 2186 5429 r50,
2221 5357 2537 5430 circadies
2568 5353 2823 5430 PaSChaa,
2858 5354 2954 5410 alii
2990 5357 3198 5413 diebus
3229 5356 3612 5414 seduenlibus

1974 5446 2024 5486 a.
2052 5425 2206 5499 1066,
2234 5428 2517 5499 accidisse
2550 5425 2827 5499 referunt.

2047 5501 2159 5575 (16)
2193 5495 2272 5556 Cf.
2308 5513 2367 5563 ,e.
2401 5513 2457 5572 ς.
2492 5495 2589 5554 fol.
2618 5500 2704 5568 52,
2739 5500 2824 5570 δῦ,
2860 5499 2946 5571 74,
2990 5501 3074 5556 96.
