3936 6050
169 229 248 293 25

1434 231 1937 298 CHRONICON.
1970 269 2048 283 —
2077 235 2232 302 LIB.
2278 208 2324 302 II

3503 241 3580 305 26

130 368 308 440 ‘trus
329 364 438 436 (3t)
462 363 770 426 descendit
796 369 1181 444 Antiochiam,
1203 377 1261 430 et
1279 387 1382 446 per
1395 373 1486 430 bis
1509 372 1817 446 septenos“
1850 365 1908 428 A
1938 371 2125 430 brium
2141 372 2732 446 reSpirarelicuisset,
2748 373 2870 434 sola
2887 373 2970 433 illi
2993 389 3092 435 sua
3117 373 3368 448 vexatio,
3402 391 3475 436 ne
3495 377 3586 438 ta-

167 470 352 512 aunos
375 455 792 515 Antiochenam
820 458 1077 517 fundavit
1103 466 1164 517 et
1189 463 1341 518 rexit
1362 463 1703 531 aecclesiam,
1742 463 1820 519 ita

172 548 232 602 ut
265 547 824 616 cognominarentur
855 550 1101 620 primum
1137 551 1457 608 Antioch'se
1491 551 1822 609 Christiani.

171 633 322 691 Hinc
346 635 607 692 secundo
630 651 779 694 anno
801 636 1047 708 Claudii,
1071 639 1270 696 Vincio
1293 644 1348 694 et
1369 640 1652 703 Cornelio.
1673 640 1828 696 Asia-

171 722 297 779 tico
319 727 375 779 et
403 723 635 782 Silvano
659 725 1020 798 consulibus,
1046 729 1281 786 Romam
1309 729 1670 800 venit,etqui
1697 731 1829 800 post

183 810 478 869 Christum
502 819 557 870 et
585 829 688 886 per
709 814 1001 872 Christum
1025 831 1088 872 ea
1102 823 1202 889 put
1223 823 1313 874 est
1333 819 1605 890 corporis
1633 816 1834 874 mccle-

177 899 304 969 sise,
333 903 606 960 Romanis
629 904 888 974 arcibus,
918 905 1193 963 vexillum
1229 907 1424 964 intulit
1467 905 1838 980 praedicatio-

179 989 271 1046 nis
295 989 620 1062 divinae(cf.
647 991 998 1066 Gestapont.
1025 997 1240 1068 Rom).
1269 998 1351 1053 lbi
1380 997 1615 1053 fundata
1641 994 1841 1060 mccle,

179 1077 288 1146 sia,
305 1079 674 1150 evangelium
693 1083 905 1139 Christi
922 1085 1602 1155 Romanisannunciavit,
1621 1089 1678 1140 ct
1696 1099 1840 1155 prae-

182 1165 435 1223 dicando
469 1169 1278 1244 prmdicationemque-signis
1326 1174 1722 1230 conﬁrmando
1771 1174 1838 1228 25

183 1255 350 1311 annis
377 1256 1038 1332 ipsiusUrbispapatum
1063 1263 1273 1317 tenuit.
1300 1262 1618 1318 Mirabatur
1640 1264 1839 1330 Roma,

183 1344 335 1414 quod
371 1360 481 1400 non
518 1345 830 1419 didicerat,
868 1349 1147 1405 unitatem
1183 1350 1234 1406 in
1267 1352 1547 1406 Triuitate
1580 1355 1636 1406 et
1658 1349 1841 1405 Trini-

178 1435 360 1488 tatem
379 1432 432 1488 in
453 1434 682 1490 unitate
699 1437 964 1492 venerari
982 1437 1194 1494 debere
1213 1457 1227 1505 ;
1245 1439 1346 1494 sed
1368 1439 1657 1510 frequenti
1675 1437 1842 1492 mira-

175 1520 440 1578 culorum
463 1523 845 1580 attestatione
861 1525 928 1580 ad
947 1524 1210 1582 ultimum
1227 1527 1430 1582 didicit
1453 1528 1637 1584 unica)
1661 1525 1841 1582 Trini-

187 1610 297 1664 tati
331 1611 510 1667 corda
543 1615 606 1667 et
635 1611 785 1668 colla
819 1614 1185 1684 submittere.

1935 461 2010 520 lia
2045 463 2295 521 ulterius
2325 471 2723 536 prsesumeret,
2750 465 3113 523 intellectum
3144 467 3424 526 dedisset.
3467 467 3580 526 Sed

1938 552 2068 622 quia
2105 567 2304 623 magus
2332 554 2476 610 obiit
2508 559 2566 609 et
2596 555 2944 626 dampnatus
2982 555 3037 610 in
3080 555 3368 627 profundo
3417 555 3578 628 putei

1941 640 2154 709 abyssi,
2184 644 2414 698 utNero
2430 643 2744 713 ‘sperabat,
2798 658 2909 699 non
2947 642 3290 704 resurrexit,
3331 643 3583 700 destitu-

1941 730 2064 782 tum
2097 743 2159 782 se
2185 728 2333 784 idem
2365 732 2512 786 Nero
2535 731 2738 788 videns
2763 731 2975 788 solatio
3007 737 3124 788 tam
3161 729 3348 788 ﬁdelis
3390 731 3579 802 amici,

1946 816 2250 886 apostolos
2273 818 2392 882 Dei,
2411 818 2560 876 hunc
2579 821 2774 876 crucis
2799 820 3105 892 supplicio,
3141 819 3302 876 illum
3337 821 3582 892 dampna

1923 903 2028 960 -vit
2053 907 2342 963 sententia
2365 908 2599 978 capitali
2623 914 2672 964 3.
2703 909 2986 966 Kalendas
3005 909 3230 980 Julii,5.
3261 910 3420 980 feria,
3449 905 3583 966 luna

1947 996 2036 1062 23,
2073 994 2143 1049 ab
2174 994 2284 1050 inc.
2324 1010 2372 1051 a.
2405 999 2494 1064 72,
2539 1013 2686 1054 anno
2726 1015 2753 1054 a
2795 999 3062 1070 passione
3093 1003 3180 1068 39,
3225 998 3582 1070 Vespasiano

1950 1081 2170 1152 septies
2199 1087 2257 1138 et
2285 1083 2411 1138 Tito
2442 1085 3002 1152 sexiesconsulibus,
3063 1087 3401 1158 Olympiade
3457 1090 3580 1143 212.

2021 1171 2157 1226 Post
2181 1173 2415 1226 Petrum
2439 1173 2538 1228 abi
2549 1189 2649 1244 pso
2662 1175 2836 1229 Petro
2860 1180 3238 1232 consecratus
3261 1175 3584 1232 :ecclesiam

1952 1259 2262 1326 regendam
2295 1261 2553 1332 suscepit
2572 1261 2834 1317 Clemens
2863 1262 3174 1334 episcopus
3198 1261 3578 1334 (Gestapont.

1951 1347 2162 1418 Rom),
2191 1354 2251 1404 ut
2276 1349 2396 1420 ipse
2418 1351 2624 1406 beatus
2647 1351 2910 1406 Clemens
2935 1354 3190 1408 testatur
3214 1351 3284 1407 de
3306 1367 3367 1408 se
3391 1351 3444 1406 in
3465 1351 3584 1423 epi-

1951 1435 2098 1490 stola
2129 1438 2343 1493 Jacob)
2370 1439 2535 1494 fratri
2566 1439 2784 1495 Domini
2819 1439 3010 1510 missa,
3047 1440 3246 1495 dicens
3275 1440 3468 1512 (epist,
3502 1439 3587 1494 in-

1950 1528 2102 1597 terp.
2128 1527 2332 1582 Ruﬁno
2354 1527 2532 1584 Mansi
2557 1545 2594 1597 r,
2619 1529 2708 1599 9i)
2736 1548 2746 1582 :
2785 1529 3154 1598 Clementem,
3191 1528 3401 1599 inquit,
3431 1528 3588 1586 nunc

1949 1614 2116 1673 nobis
2135 1617 2342 1672 ordino
2363 1618 2710 1688 episcopum,
2734 1619 2830 1674 cui
2850 1619 2964 1676 soli
2984 1631 3124 1674 mere
3133 1616 3586 1688 pradicationis

250 1699 667 1756 Destinaverat
694 1705 886 1758 autem
920 1702 1070 1758 idem
1103 1704 1326 1776 primus
1356 1708 1558 1776 pastor
1583 1710 1644 1761 et
1671 1719 1838 1776 apos-
1868 1716 1921 1776 Β
1951 1705 2011 1760 et
2027 1705 2307 1762 doctrina
2327 1705 2673 1762 cathedram
2697 1707 2886 1776 ira/lo,
2913 1705 3270 1778 quinti/etab
3294 1705 3472 1762 initio
3492 1719 3589 1763 us-

187 1787 345 1844 tolizs
369 1790 584 1845 Petrus
615 1791 799 1848 totius
828 1791 1153 1849 occidentis
1185 1797 1375 1850 terras
1405 1809 1639 1850 vomere
1671 1795 1836 1851 verbi

183 1878 590 1950 proscindere,
627 1880 842 1936 semina
877 1881 1160 1938 doctrinae
1190 1882 1367 1939 sulcis
1399 1884 1674 1939 mentium
1713 1899 1837 1939 cre-

180 1966 339 2037 dere,
379 1971 440 2024 ut
476 1973 675 2040 posset
707 1969 1036 2042 manipulos
1070 1972 1296 2041 frugum
1334 1972 1727 2044 centuplicato
1761 1974 1838 2030 fe-

179 2070 320 2112 nore
354 2057 413 2112 in
447 2071 582 2113 area
617 2057 836 2114 Domini
873 2059 1162 2114 venientis
1197 2061 1701 2130 reconsignarc,et
1734 2060 1837 2117 eli-

176 2159 321 2214 gens
353 2146 518 2202 viros
548 2146 603 2200 in
635 2146 747 2202 ﬁde
782 2149 1082 2218 probatos,
1119 2153 1392 2220 potentes
1439 2149 1494 2204 in
1545 2164 1724 2220 opere
1774 2153 1831 2205 et

181 2248 476 2303 sermone,
511 2235 804 2306 patientes
835 2235 887 2290 in
919 2236 1320 2305 tribulatione,
1374 2237 1729 2308 longanimcs
1777 2239 1831 2294 in

184 2337 305 2394 spe,
340 2323 616 2379 eruditos
647 2323 702 2378 in
744 2324 1011 2380 omnibus
1061 2341 1190 2396 quae
1240 2327 1375 2381 fecit
1429 2327 1699 2382 dominus
1745 2328 1834 2382 Jc-

178 2427 296 2483 sus,
333 2411 557 2468 direxit
591 2413 718 2468 urbi
770 2414 1112 2470 Metensium
1165 2420 1431 2472 sanctum
1479 2415 1830 2472 Clementem

177 2501 458 2558 Romanae
505 2501 588 2556 rei
642 2501 892 2573 publicae1
947 2503 1268 2574 patritium,
1319 2520 1485 2560 suum
1539 2519 1675 2560 vero
1723 2505 1836 2561 dis-

179 2589 461 2662 cipulum,
503 2594 561 2645 et
613 2595 878 2648 sanctum
930 2592 1308 2661 Mansuetum,
1362 2591 1557 2648 inclita
1611 2594 1836 2650 Scotto-

186 2694 304 2735 rum
343 2679 630 2751 progenie
660 2683 1024 2750 generatum,
1058 2680 1170 2736 ﬁde
1211 2684 1270 2736 et
1320 2681 1584 2736 doctrina
1639 2682 1838 2754 ρι’ωοὶ-

185 2783 382 2839 puum,
418 2767 550 2824 urbi
581 2767 929 2825 Tullensium
965 2769 1409 2840 (Vitellians);
1434 2771 1628 2826 Remis
1662 2770 1837 2826 etiam

185 2856 403 2912 direxit
435 2861 673 2913 sanctos
703 2857 925 2913 Sixtum
955 2861 1132 2928 atque
1164 2857 1459 2928 Sinicium,
1505 2858 1840 2915 Catalaunis

186 2952 452 3002 sanctum
484 2945 827 3015 Memmium,
859 2945 1128 3002 Treveris
1148 2961 1399 3018 quoque,
1435 2961 1564 3019 qum
1605 2954 1696 3004 est
1729 2963 1843 3004 me-

1949 1808 2065 1868 gue
2084 1795 2353 1866 adﬁnem
2374 1809 2557 1852 comes
2579 1795 2642 1852 in
2663 1795 2932 1852 omnibus
2937 1795 3096 1868 fuit,
3121 1809 3193 1852 ac
3201 1809 3310 1866 per
3320 1795 3426 1852 liae
3436 1793 3591 1852 neri-

1949 1884 2128 1939 tatem
2151 1885 2331 1942 totius
2350 1899 2490 1941 mea
2509 1883 2554 1916 1°
2582 1885 2840 1956 agnovit.
3031 1952 3039 1956 _

2019 1973 2158 2044 (F01.
2183 1971 2312 2045 11’.)
2337 1973 2484 2039 Quid
2508 1978 2701 2030 autem
2723 1978 2922 2030 contra
2949 1973 3059 2030 hoc
3091 1973 3456 2031 sentiendum
3487 1974 3582 2045 sit,

1948 2062 2097 2133 quod
2133 2069 2271 2118 sunt
2295 2063 2553 2118 nonnulli
2581 2064 2678 2134 qui
2700 2068 2986 2120 conantur
3018 2069 3306 2133 astruere,
3335 2067 3460 2136 post
3487 2065 3588 2122 Pe-

1943 2154 2098 2206 trum
2120 2150 2448 2220 suscepisse
2475 2151 2671 2207 Linum
2695 2151 3088 2224 gubernacula
3113 2153 3390 2208 Romanae
3411 2151 3593 2208 eccle-

1945 2238 2046 2294 siae
2077 2241 2134 2292 ct
2168 2238 2304 2293 Lino
2337 2237 2558 2292 Clctuzn
2610 2239 2992 2306 successisse,
3039 2238 3359 2294 videamus.
3439 2238 3590 2294 Dicit

1941 2327 2233 2382 Johannes
2258 2342 2400 2398 papa
2427 2327 2690 2384 scribens
2715 2327 3004 2382 universis
3027 2327 3318 2398 episcopis
3342 2341 3442 2396 per
3465 2325 3591 2382 Gal-

1947 2412 2079 2468 liam
2105 2418 2164 2468 ct
2187 2414 2544 2469 Germaniam
2566 2432 2577 2466 :
2602 2414 3593 2484 SiPetrusprincepsapostolorum

1946 2503 2254 2574 adjutores
2270 2503 2389 2559 sibi
2410 2502 2632 2558 ascivit
2658 2504 2870 2558 Linum
2900 2503 2958 2558 et
2985 2502 3234 2570 Ole/um,
3261 2515 3375 2557 non
3397 2501 3594 2558 tamen

1935 2593 2230 2665 potestate
2253 2593 2552 2664 pontificii
2577 2592 2811 2661 ligandi
2829 2592 2921 2648 cel
2938 2591 3201 2648 solvendi
3222 2604 3490 2648 normam
3506 2591 3592 2648 eis

1949 2681 2226 2748 tradidit,
2257 2683 2363 2738 sed
2387 2681 2708 2738 successori
2737 2695 2840 2737 suo
2885 2675 3193 2750 Ole-menti,
3239 2681 3346 2751 qui
3398 2679 3594 2736 sedem

1951 2770 2335 2841 apostolicam
2354 2771 2496 2842 post
2521 2784 2651 2826 eum
2699 2770 2755 2825 et
2785 2767 3142 2840 potestatem
3191 2767 3596 2840 pontiﬁcalem

1953 2858 2223 2916 tradente
2248 2859 2367 2918 sibi
2399 2859 2562 2916 beato
2592 2859 2771 2915 Petro
2799 2859 2994 2914 tenere
3016 2859 3384 2930 promeruit;
3412 2859 3598 2916 Linus

1953 2948 2014 3005 ct
2051 2948 2252 3006 Ulctus
2278 2948 2712 3006 ministrabant
2737 2948 3058 3016 exteriora,
3079 2947 3360 3020 princeps
3397 2948 3599 3004 autem

189 3033 440 3134 tropolis
471 3038 528 3133 et
561 3049 670 3090 una
704 3034 776 3091 de
809 3034 1503 3134 primatibus‘cailiarum
1536 3041 1596 3093 et
1623 3037 1675 3092 ei
1709 3036 1846 3093 vici-
1879 3071 1928 3134 Ο
1955 3038 2351 3108 apostolorum
2381 3038 2597 3095 Petrus
2645 3035 2812 3092 verba
2857 3036 2918 3092 et
2957 3037 3216 3134 oratio-ni
3260 3034 3592 3134 insistebat.

189 3137 271 3180 nte
303 3122 570 3179 Coloniae
601 3127 838 3179 sanctos
868 3123 1019 3180 misit
1046 3123 1416 3194 Eucherium,
1443 3124 1736 3181 Valerium
1762 3130 1849 3181 at-

187 3227 294 3284 que
332 3213 678 3269 Maternum.
715 3211 858 3283 (Fol.
899 3212 1012 3284 11.)
1045 3214 1182 3269 Cum
1203 3213 1491 3270 hisrtalii
1525 3214 1691 3270 multi
1731 3215 1849 3270 fue-

183 3304 343 3372 runt,
381 3300 480 3373 qui
512 3299 908 3357 occidentales
963 3301 1240 3356 tenebras
1294 3301 1414 3356 veri
1475 3301 1620 3358 solis
1667 3301 1850 3357 clare-

187 3394 391 3446 scente
426 3389 588 3446 radio
621 3389 694 3445 ab
725 3389 927 3446 eodem
959 3388 1220 3461 principe
1249 3388 1646 3461 apostolorum
1691 3381 1847 3445 missi

187 3477 586 3551 dispulerant,
610 3482 672 3533 et
694 3493 898 3534 nomen
926 3477 1161 3548 Christi,
1183 3477 1335 3548 quod
1362 3477 1605 3534 necdum
1633 3477 1686 3533 in
1709 3478 1852 3535 locis

189 3567 304 3624 illis
326 3567 738 3639 splenducrat,
767 3567 878 3623 ﬁde
899 3572 958 3623 et
985 3567 1456 3637 magnanimitate
1474 3567 1724 3638 praediti,
1755 3583 1850 3639 po-

187 3657 325 3728 pulo
363 3655 670 3712 increduio
703 3654 1192 3726 praedicaverunt.
1228 3657 1354 3726 ipse
1377 3657 1568 3714 Romae
1602 3657 1845 3713 verbum

188 3745 282 3800 Dei
317 3744 596 3814 docebat,
631 3747 689 3799 et
725 3759 949 3800 murum
980 3743 1345 3800 inﬁdelitatis
1373 3743 1628 3815 impulsu
1663 3759 1850 3802 zevan-

187 3833 324 3904 gelii
364 3833 688 3904 quatiebat,
729 3831 1052 3902 turrimque
1086 3831 1446 3888 confusionis
1468 3837 1526 3888 et
1552 3832 1847 3890 idolatriae

196 3923 299 3994 piae
313 3921 709 3978 confessionis
723 3925 780 3976 et
805 3919 1177 3976 credulitatis
1199 3920 1510 3992 dejicicbat
1535 3921 1738 3991 ariete,
1766 3921 1845 3978 ibi

195 4025 254 4068 se
287 4025 598 4083 opponens
629 4013 687 4065 ct
737 4009 1044 4066 continens
1092 4009 1338 4080 obicem,
1387 4009 1485 4065 ubi
1533 4009 1848 4066 violentior

195 4099 384 4156 hostis
419 4098 788 4168 incubuerat,
825 4097 990 4167 cujus
1013 4098 1382 4170 subvertere,
1411 4097 1644 4154 Christo
1675 4097 1843 4170 duce,

195 4187 500 4244 nitebatur
533 4186 916 4268 tyrannidem.
1711 4226 1717 4231 .

266 4278 356 4334 Ad
384 4277 530 4332 tanti
558 4276 738 4348 igitur
759 4275 1022 4348 pastoris
1045 4274 1311 4332 solatium
1327 4277 1384 4330 et
1409 4274 1849 4346 praedicationis

200 4371 576 4437 augmentum
611 4365 847 4435 Paulus,
884 4369 1012 4436 post
1048 4365 1229 4421 multa
1261 4364 1503 4434 viarum,
1539 4363 1758 4421 laboris
1787 4367 1844 4420 et

198 4455 408 4512 inediae
439 4452 720 4526 pericula,
755 4453 986 4510 vinctus
1016 4455 1248 4510 Romam
1283 4453 1534 4508 mittitur
1565 4467 1715 4508 anno
1741 4453 1848 4508 Ne-

199 4543 362 4600 ronis
382 4542 624 4600 caesaris
646 4542 925 4609 secundo,
959 4543 1050 4598 ab.
1077 4541 1195 4598 inc.
1213 4543 1371 4596 Dom.
1397 4545 1485 4611 61,
1510 4541 1846 4620 apassione

202 4634 287 4700 28,
313 4628 637 4686 indictione
661 4631 711 4699 4,
739 4627 968 4685 Silvano
989 4632 1046 4684 et
1069 4626 1312 4684 Paulino
1341 4626 1700 4696 consulibus,
1735 4641 1848 4683 non

209 4717 360 4788 quod
383 4716 570 4774 Judaei
594 4722 650 4773 et
675 4715 928 4787 gentiles
948 4716 1027 4772 ita
1051 4715 1364 4786 voluerint,
1391 4714 1492 4771 sed
1528 4715 1661 4786 quia
1693 4715 1851 4772 Chri-

205 4804 964 4876 stus,utaiteressetalteri
990 4803 1222 4874 solatio,
1249 4803 1328 4859 ita
1353 4803 1766 4874 praeordinavit
1793 4807 1850 4859 et

204 4893 404 4952 voluit.
433 4895 532 4950 His
550 4893 797 4950 tonitrui
822 4892 957 4949 ﬁliis
981 4892 1110 4964 quis
1133 4895 1510 4963 repugnaret,
1547 4891 1678 4962 quis
1703 4891 1855 4948 obsi-

204 4988 388 5039 steret
409 4984 434 5038 2
456 4983 664 5053 Symon
687 4986 816 5038 erat
839 4979 934 5036 ille
959 4995 1178 5050 magus,
1205 4979 1300 5052 qui
1326 4977 1486 5036 solus
1509 4979 1743 5034 veritati
1768 4994 1856 5036 re-

206 5084 466 5144 pugnare
488 5069 817 5138 videretur,
842 5067 935 5125 cui
960 5067 1008 5125 si
1035 5072 1163 5140 post
1187 5065 1545 5136 triumphum
1578 5066 1859 5138 apostoli-

204 5174 338 5216 cum
367 5163 428 5216 et
459 5172 580 5215 sum
603 5155 954 5229 dejectionis
974 5154 1325 5212 ctinauditse
1343 5152 1634 5226 superbiae
1649 5155 1862 5224 obpro-

1958 3127 2023 3180 Et
2059 3131 2190 3197 post
2221 3139 2402 3197 pauca
2438 3145 2450 3181 :
2501 3127 2715 3182 Linum
2743 3125 2802 3180 et
2837 3124 3068 3182 Clctum
3094 3123 3288 3182 nichil
3312 3138 3600 3195 umquam

1961 3215 2212 3287 legimus
2231 3216 2422 3285 egisse
2439 3228 2512 3271 ea:
2521 3213 3210 3286 pontiﬁcaliministerio
3225 3211 3594 3284 potestatioe,

1959 3303 2064 3360 sed
2091 3303 2382 3374 quantum
2412 3307 2498 3361 eis
2527 3317 2566 3360 a
2589 3302 2752 3359 beato
2774 3302 2952 3359 Petro
2971 3299 3448 3374 praecipiebatur,
3469 3299 3600 3357 tan-

1961 3392 2085 3448 tum
2115 3390 2390 3462 agebant.
3397 3447 3404 3454 ,

2035 3479 2204 3536 Linus
2235 3479 2432 3550 igitur,
2466 3469 2700 3535 natione
2729 3477 2910 3534 Italus
2941 3476 3192 3547 regionis
3217 3476 3459 3546 Tusciae,
3503 3489 3601 3548 pa-

1963 3572 2050 3624 tre
2083 3567 2391 3636 Erculano,
2425 3567 2730 3624 ordinatus
2760 3582 2790 3623 a
2823 3568 3016 3636 Petro,
3050 3564 3198 3622 sedit
3223 3565 3436 3635 Romae,
3471 3563 3599 3636 ipso

1960 3657 2135 3712 Petro
2166 3657 2418 3726 vivente,
2455 3671 2504 3712 a.
2542 3662 2628 3726 11,
2662 3671 2734 3712 m.
2767 3660 2820 3726 3,
2855 3655 2909 3710 b.
2944 3657 3028 3712 12.
3066 3652 3264 3710 Cletus
3285 3653 3480 3722 etiam,
3506 3666 3603 3710 na-

1962 3747 2118 3804 tione
2142 3749 2453 3816 Romanus,
2481 3745 2551 3802 de
2575 3746 2814 3816 regione
2836 3745 2976 3800 Vico
2999 3743 3256 3812 Patricii,
3276 3746 3442 3814 patre
3455 3741 3603 3798 Emi-

1959 3825 2133 3898 liano,
2167 3827 2473 3884 ordinatus
2498 3827 2570 3882 ab
2601 3826 2726 3896 ipso
2758 3827 2954 3895 Petro,
3000 3824 3124 3895 ipso
3163 3823 3396 3880 vivente
3447 3820 3602 3878 sedit

1961 3931 2012 3972 a.
2047 3921 2134 3986 12,
2171 3932 2242 3973 m.
2277 3922 2329 3986 1,
2365 3915 2418 3971 d.
2452 3921 2536 3971 11.
2571 3916 2729 3970 Inter
2753 3913 2975 3970 Clctum
2999 3927 3140 3983 ergo
3164 3918 3222 3968 et
3247 3911 3599 3968 Clementem

1958 4008 2356 4077 conputantur
2389 4004 2514 4060 dies
2543 4007 2614 4060 20
2646 4001 2849 4073 (Gesta
2873 4000 3140 4074 pontif.).

2031 4093 2297 4162 Suscepit
2333 4092 2529 4161 igitur,
2566 4094 2627 4146 ut
2660 4090 2880 4146 dictum
2913 4092 3024 4158 est,
3075 4085 3439 4145 sacerdotale
3486 4085 3604 4144 offi-

1959 4181 2110 4238 cium
2145 4180 2408 4236 Clemens
2441 4179 2653 4236 tertius
2683 4194 2712 4235 a
2747 4180 2921 4233 Pttl‘O
2950 4191 3018 4232 eo
3066 4177 3316 4245 vivente,
3366 4174 3601 4232 natione

1959 4271 2274 4338 Romanus,
2301 4269 2372 4324 de
2415 4265 2651 4336 regione
2699 4265 2856 4321 Celio
2888 4269 3104 4334 monte,
3159 4268 3324 4335 patre
3365 4263 3597 4320 Fausto.

1961 4357 2121 4416 Sedit
2151 4357 2316 4414 annis
2350 4360 2433 4426 11,
2470 4354 2767 4412 mensibus
2813 4358 2865 4423 2,
2913 4352 3120 4409 diebus
3165 4357 3200 4409 2
3246 4349 3290 4384 ίί
3329 4383 3401 4394 -
3450 4365 3600 4409 anno

1878 4422 1928 4482 D
1959 4449 2098 4504 Dom
2153 4446 2265 4502 inc.
2300 4449 2388 4515 70,
2419 4422 2647 4516 imperii
2680 4455 2910 4514 quoque
2955 4440 3203 4498 Neronis
3244 4443 3331 4510 11,
3387 4439 3606 4512 Vespa-

1963 4535 2126 4592 siano
2159 4533 2467 4606 quinquies
2496 4537 2554 4588 et
2574 4531 2699 4588 Tito
2722 4527 3310 4602 quaterconsulibus.
3347 4529 3469 4584 Non
3495 4526 3603 4584 fuit

1959 4639 2033 4680 ex
2057 4629 2192 4680 tunc
2213 4629 2273 4678 et
2295 4636 2446 4678 nunc
2468 4620 2520 4675 in
2547 4619 2697 4677 omni
2718 4620 3102 4676 Romanorum
3127 4616 3468 4689 pontiﬁcum
3510 4629 3605 4672 ca-

1962 4711 2217 4780 thalogo,
2253 4710 2349 4780 qui
2384 4709 2439 4764 in
2472 4707 2588 4764 vita
2621 4721 2723 4764 sua
2755 4707 2962 4778 viginti
2997 4705 3252 4776 quinque
3280 4703 3445 4762 annis
3477 4703 3604 4760 fun-

1960 4795 2577 4868 etussacerdotioipso
2600 4810 2878 4851 annorum
2903 4808 3143 4850 numero
3155 4792 3603 4863 equipararetur

1965 4887 2226 4961 pontiﬁci
2260 4885 2463 4958 primo.
2490 4887 2592 4941 ilic
2623 4883 2802 4954 igitur
2827 4884 3036 4940 beatus
3059 4880 3316 4962 pontifex
3339 4877 3497 4934 Petri
3519 4877 3602 4934 in-

1967 4977 2213 5034 stitutus
2241 4973 2543 5044 regimine,
2575 4972 2669 5028 cui
2700 4985 2928 5042 semper
2959 4969 3268 5026 adheserat
3287 4969 3345 5022 et
3369 4965 3496 5036 ejus
3518 4965 3602 5022 in-

1967 5062 2242 5122 dividuus
2265 5075 2460 5118 comes
2484 5061 2692 5130 fuerat,
2721 5063 3024 5133 postquam
3047 5055 3311 5126 Symonis
3333 5053 3482 5124 magi
3506 5053 3604 5110 de-

1969 5153 2276 5210 liramenta
2306 5151 2678 5220 cognoverat,
2708 5151 2767 5202 et
2799 5147 3122 5218 spreverat,
3148 5143 3303 5215 quod
3326 5141 3605 5212 magister

1565 5251 1802 5308 VARIIE
1843 5250 2137 5310 LECTION
2143 5249 2243 5308 ES.

275 5355 300 5391 ⁵
328 5356 573 5426 septem.
606 5365 758 5412 corr.
795 5354 1068 5424 septenos
1096 5363 1144 5410 c.
1222 5353 1266 5390 ιο
1294 5345 1578 5407 doctrinae
1609 5349 1852 5409 excidit.

1995 5349 2036 5385 ιι
2067 5361 2117 5402 a.
2152 5350 2204 5417 9,
2236 5358 2310 5400 m.
2341 5344 2394 5413 2,
2428 5357 2502 5398 m.
2539 5344 2592 5410 2,
2626 5338 2682 5396 d.
2716 5340 2788 5396 to
2815 5336 2882 5396 in
2907 5333 2975 5394 G'.
2999 5334 3164 5409 poni.

1930 5444 2018 5503 Ε.

1930 5446 2018 5503 ΛΕ.

283 5549 399 5623 (3t)
430 5549 516 5608 Cf.
545 5547 735 5607 Vitam
762 5545 857 5605 SS.
889 5543 1160 5606 Eucharii
1188 5541 1405 5604 Valerii
1435 5542 1710 5611 Materni;
1740 5446 2009 5604 AS315.
2039 5543 2166 5601 Jan.
2193 5539 2266 5610 ll,
2296 5537 2423 5596 918.
