3940 6048
312 244 388 310 27
849 295 855 301 α
1265 263 1633 330 HUGONIS
1671 263 2023 329 ABBATIS
2064 266 2744 336 FLAVINIACENSIS
3627 279 3707 340 28

314 397 454 444 suus
474 381 794 464 inceperat,
816 391 1112 454 destinare
1135 395 1359 456 scilicet
1378 400 1505 458 orbi
1530 400 1774 460 occiduo
1808 416 1954 474 prae-
1983 400 2038 461 Α
2068 416 2190 461 rem
2222 400 2494 463 instituit.
2531 403 2672 478 (Fol.
2696 402 2824 479 12’.)
2844 407 2962 465 Non
2988 407 3141 480 quod
3160 407 3276 479 jam
3297 414 3436 469 tunc
3457 408 3707 470 Melden-

317 473 613 535 dicat-ores
626 482 894 541 veritatis
910 485 1168 555 idoneos,
1188 489 1573 558 quatinuslux
1588 473 1950 563 praedicatio-

315 563 404 620 nis
446 568 724 636 gentibus
753 573 1112 644 splenderet,
1149 581 1213 633 ut
1246 579 1571 649 perficeret,
1608 579 1955 638 omnimodis

313 658 669 723 procurabat
702 660 795 731 (cf.
833 679 917 735 ep.
954 667 1322 737 Hinomari).
1354 670 1496 741 (Pol.
1540 670 1624 739 12)
1676 670 1816 725 Hinc
1865 675 1954 727 est

314 743 468 811 quod
503 753 769 804 sanctum
800 752 1116 811 Dionisium
1148 755 1455 813 destinavit
1502 757 1813 814 Galliarum
1858 776 1957 832 po-

314 830 484 901 pulis,
546 836 643 905 qui
692 840 1062 909 praedicando
1103 848 1158 899 et
1209 845 1610 916 praedicationi
1661 830 1956 905 miraculis

317 918 485 978 fidem
501 924 693 982 dando
709 929 1238 1001 Parisius,Domino
1256 935 1798 1008 ducente,pervenit
1816 938 1948 1009 (32),

316 1012 505 1068 socios
530 1015 581 1068 ei
609 1032 775 1084 quam
795 1019 993 1089 plures
1012 1022 1297 1095 adhibuit,
1334 1026 1491 1081 viros
1520 1027 1574 1081 in
1602 1027 1726 1097 lege
1758 1027 1951 1085 divina

315 1102 685 1173 exercitatos,
713 1121 926 1175 genere
953 1110 1196 1180 nobiles,
1225 1127 1489 1169 sermone
1516 1116 1809 1185 facundos,
1840 1117 1950 1173 fide

312 1190 658 1269 pl‘LBCipUQS,
686 1199 743 1248 et
772 1187 965 1263 gratia
980 1199 1078 1253 Dei
1108 1199 1326 1269 plenos.
1357 1203 1436 1258 Ex
1461 1204 1549 1259 his
1582 1205 1688 1260 fuit
1715 1210 1951 1263 sanctus

314 1276 619 1334 Sanctinus
644 1281 784 1350 (Vit.
811 1285 1138 1355 .S'anctz‘ni),
1166 1289 1539 1347 Meldensium
1557 1297 1612 1347 et
1632 1293 1952 1349 Virdunen-

311 1363 458 1419 sium
495 1376 695 1436 pastor
729 1373 964 1443 primus,
1005 1376 1097 1445 qui
1133 1380 1382 1447 egregia:-
1412 1381 1737 1438 nobilitatis
1782 1388 1951 1440 ortus

310 1455 628 1527 natalibus,
664 1474 791 1514 cum
845 1464 1086 1531 praefato
1134 1466 1447 1523 Galliarum
1498 1470 1759 1540 apostolo
1808 1472 1952 1529 ﬁnes

311 1542 479 1610 petiit
513 1545 731 1614 Calliae,
769 1549 1000 1607 futurus
1033 1552 1266 1610 lucerna
1302 1556 1526 1624 fulgens
1578 1558 1630 1613 in
1679 1559 1945 1629 ecclesia,

311 1643 437 1698 quze
473 1646 581 1688 non
614 1636 1012 1693 occultaretur
1043 1642 1252 1709 modio,
1287 1644 1386 1698 sed
1422 1649 1646 1701 luceret
1682 1649 1949 1705 omnibus

2068 507 2162 550 ses
2187 493 2335 551 viam
2357 495 2626 552 veritatis
2650 500 3062 566 agnoscerent.
3089 497 3185 569 qui
3211 512 3408 556 omnes
3429 501 3709 559 teneban-

2067 586 2163 639 tur
2186 584 2411 641 astricti
2436 584 2659 655 laqueis
2683 584 2991 657 idolatriae,
3017 586 3119 643 sed
3138 592 3202 645 ut
3220 602 3326 659 per
3341 587 3707 649 ﬁdelemser-

2067 686 2195 727 vum
2230 688 2394 729 suum
2425 673 2765 744 dignaretur
2797 673 2914 731 illis
2946 676 3222 733 Dominus
3244 677 3475 748 aperire
3498 684 3706 751 portas

2058 758 2327 830 justitiae,
2361 776 2504 832 quas
2536 762 2784 832 ingressi
2809 762 3102 821 credendo
3123 764 3313 837 ipsius
3337 765 3703 825 divinitatem

2065 847 2573 921 ethumanitatem,
2593 850 3015 909 confiterentur
3028 852 3241 909 nomini
3256 854 3403 925 ejus,
3426 856 3700 926 quoniam

2067 935 2251 993 bonus
2302 938 2567 1009 quoniam
2603 938 2657 994 in
2691 939 2963 998 saeculum
2994 940 3391 1001 misericordia
3421 945 3567 1017 ejus.

2137 1027 2352 1083 Beatus
2389 1026 2585 1097 itaque
2618 1027 2924 1084 Sanctinus
2958 1031 3198 1099 paratus
3228 1030 3297 1086 ad
3332 1032 3525 1090 omnia
3577 1050 3704 1106 pro-

2064 1113 2383 1172 Salvatoris
2405 1117 2634 1172 nomine
2656 1117 3013 1187 sustinenda,
3041 1133 3145 1174 nec
3172 1120 3705 1194 reformidansgen-

2060 1202 2252 1260 tilium
2284 1205 2596 1261 furentium
2628 1205 2812 1261 minas
2840 1208 2897 1261 et
2922 1207 3186 1275 verbera,
3213 1209 3453 1266 eandem
3498 1211 3700 1268 urbem

2063 1307 2398 1361 aggressus,
2435 1293 2567 1363 quia
2598 1292 2652 1347 in
2683 1293 2921 1349 Domino
2954 1298 3078 1351 erat
3115 1295 3324 1352 ﬁducia
3357 1296 3499 1369 ejus,
3527 1300 3705 1357 insta-

2065 1380 2162 1436 bat
2204 1378 2738 1451 praadicationibus,
2796 1382 3021 1451 rigabat
3068 1390 3290 1442 mentes
3341 1386 3701 1448 audientium

2062 1469 2232 1539 aquis
2262 1468 2333 1525 de
2362 1475 2566 1524 Ventrc
2593 1468 2824 1526 "Iesus
2850 1472 3236 1542 manantibus,
3268 1478 3327 1529 et
3359 1473 3443 1530 sic
3474 1474 3702 1535 instans

2063 1561 2372 1627 oportune,
2401 1557 2752 1628 importune,
2781 1557 3023 1615 docebat
3048 1563 3357 1618 eosJovem
3371 1562 3697 1636 despicere,

2062 1645 2393 1713 Saturnum,
2420 1647 2763 1703 Mercurium
2788 1651 2842 1702 et
2868 1648 3195 1719 Neptunum
3217 1654 3273 1705 et
3297 1651 3486 1708 omnia
3507 1652 3703 1710 demo-

316 1720 766 1793 superimposita
811 1728 1179 1785 candelabro.
1229 1732 1483 1789 Tradidi:
1527 1736 1676 1792 enim
1714 1742 1943 1809 patrum
1978 1757 2030 1816 Β
2063 1749 2194 1790 num
2219 1749 2328 1790 non
2355 1734 2594 1799 deorum
2621 1738 3702 1809 POI‘tentaabliCOl‘O,Statuasconﬂ‘in'

311 1810 582 1864 memoria
599 1827 727 1868 eum
752 1831 922 1871 unum
942 1819 1116 1873 fuisse
1136 1820 1206 1875 de
1220 1825 1287 1875 72
1303 1823 1624 1895 discipulis,
1642 1834 1699 1882 et
1715 1827 1766 1882 in
1783 1843 1944 1884 omna

309 1893 671 1969 deputatum,
702 1907 760 1957 ut
785 1918 991 1973 aquam
1023 1906 1284 1964 lavandis
1313 1893 1562 1981 pedibus
1594 1893 1650 1968 et
1684 1917 1948 1974 manibus

311 1981 727 2055 discipulorum
754 1994 1025 2061 preberet
1047 2000 1102 2049 et
1122 1996 1358 2053 linteum
1377 2006 1610 2069 pararet
1635 2003 1940 2060 Salvator-i.

380 2074 623 2131 Sanctus
655 2078 850 2149 itaque
879 2084 1181 2152 Dyonisius
1214 2091 1270 2140 ut
1304 2089 1459 2142 venit
1513 2090 1790 2161 Parisius,
1842 2108 1944 2164 per

308 2159 568 2219 diversas
596 2171 789 2234 partes
809 2184 945 2225 suos
971 2171 1181 2226 direxit
1211 2176 1398 2231 socios
1422 2177 1491 2233 ad
1517 2178 1684 2235 dolos
1728 2178 1944 2237 diaboli

311 2248 695 2309 destruendos
727 2260 781 2310 et
817 2259 1064 2328 populos
1103 2263 1339 2318 Domino
1388 2265 1780 2334 adquirendos
1832 2274 1940 2343 (ep.

308 2338 593 2412 1117710771.).
622 2344 930 2401 Sanctinus
951 2347 1125 2416 igitur
1150 2351 1279 2420 quia
1304 2354 1682 2422 praaminebat
1701 2338 1946 2428 pruden-

310 2424 385 2479 tia
402 2429 775 2499 ctpudicilia,
796 2450 821 2487 a
853 2434 1475 2509 beatissimoDyonisio
1507 2424 1765 2514 zeleetus,
1793 2462 1946 2503 sum-

308 2526 458 2569 mum
481 2518 704 2587 accepit
725 2523 1139 2593 sacerdotium,
1167 2530 1226 2581 et
1248 2535 1626 2587 consecratus
1650 2532 1702 2587 in
1727 2534 1945 2605 episco-

304 2613 462 2672 pum,
499 2603 781 2664 divinitus
812 2614 1193 2669 constituitur
1226 2615 1279 2669 in
1315 2613 1499 2673 lucem
1535 2603 1778 2692 populis
1808 2638 1943 2693 gen-

306 2689 448 2746 tium
482 2692 624 2762 (Vit.
657 2697 981 2770 Sanctini).
1140 2764 1163 2772 ί

382 2780 481 2835 Cui
512 2782 685 2838 etiam
719 2785 787 2840 ad
818 2787 1089 2845 solatium
1124 2790 1339 2850 laberis
1369 2799 1423 2851 et
1461 2797 1629 2852 ollicii
1665 2800 1943 2870 praefatus

308 2866 618 2936 Dyonisius
647 2874 992 2931 Antoninum
1026 2877 1185 2934 dedit
1218 2881 1404 2939 virum
1440 2866 1704 2943 sanctum
1738 2893 1793 2943 et
1848 2890 1944 2946 bo-

311 2968 463 3025 num,
500 2957 554 3013 in
587 2974 701 3029 quo
733 2961 1053 3021 declaravit
1080 2968 1231 3024 Deus
1264 2970 1466 3041 ingens
1493 2973 1645 3030 beati
1668 2976 1774 3032 viri
1810 2978 1942 3033 San-

2060 1836 2216 1893 gere,
2251 1829 2308 1878 et
2340 1823 2471 1893 quia
2507 1824 2560 1878 in
2594 1825 2679 1881 eis
2712 1841 2823 1881 non
2848 1825 3040 1897 aliqua
3066 1827 3357 1901 divinitas,
3386 1830 3490 1886 sed
3511 1834 3700 1889 omnis

2061 1910 2280 1966 inesset
2320 1912 2547 1969 falsitas
2579 1919 2637 1968 et
2671 1913 2991 1971 ludiﬁcatio
3032 1914 3388 1988 demoniaca,
3415 1919 3700 1979 doctrinae

2059 1998 2348 2055 cvidentis
2372 2000 2586 2056 indicio
2609 2000 2965 2058 declarabat.
2994 1992 3106 2058 Nec
3122 2008 3611 2077 poterantgentes
3625 2010 3697 2066 ad

2058 2086 2160 2142 hec
2185 2088 2497 2158 quidquam
2522 2089 2946 2161 contradicere,
2972 2106 3103 2147 cum
3129 2093 3697 2155 novitativerborum

2058 2177 2447 2231 attestaretur
2478 2179 2815 2245 magnitudo
2850 2179 3165 2251 signorum,
3202 2186 3260 2237 et
3291 2198 3435 2240 nova
3469 2185 3692 2243 faceret

2057 2263 2152 2331 qui
2185 2278 2331 2319 nova
2366 2264 2732 2335 przedicaret.
2771 2268 2930 2325 Unde
2960 2269 3173 2326 factum
3222 2277 3314 2327 est
3364 2276 3425 2329 ut
3474 2279 3529 2329 et
3583 2274 3696 2347 ipsi

2057 2351 2423 2421 susciperent
2450 2355 2687 2410 verbum
2708 2356 2949 2425 Domini,
2975 2363 3033 2413 et
3057 2364 3345 2429 pastorem
3373 2361 3699 2418 doctorem-

2058 2453 2166 2509 que
2194 2455 2360 2497 suum
2387 2442 2616 2499 beatum
2640 2444 2848 2515 virum,
2871 2460 3038 2516 quem
3055 2447 3366 2518 aliquando
3382 2452 3700 2523 exprobra-

2059 2527 2235 2596 tione,
2272 2529 2545 2588 irrisionc
2577 2537 2636 2588 et
2666 2532 2994 2602 adjectione
3027 2535 3261 2606 dignum
3286 2538 3696 2608 judicaverant

2058 2617 2077 2687 (
2100 2610 2533 2692 l'z't'Sanctini),
2562 2637 2710 2677 nunc
2737 2629 3156 2682 venerarentur
3169 2630 3224 2681 et
3240 2626 3593 2697 excolerent,
3612 2627 3696 2700 ip-

2056 2704 2181 2762 sius
2214 2708 2479 2765 manibus
2499 2711 2821 2779 gauderent
2847 2713 3133 2784 baptismo
3157 2714 3311 2771 ablui
3334 2719 3389 2771 et
3413 2714 3693 2772 erismate

2028 2790 2260 2852 'sancto
2312 2798 2529 2869 inungi.
2577 2802 3006 2858 llumiliabatur
3070 2804 3323 2862 Gallicus
3370 2805 3695 2863 cothurnus

2057 2884 2398 2942 substratus
2415 2888 2601 2943 sancti
2624 2889 2729 2944 viri
2761 2890 3025 2961 pedibus,
3051 2891 3417 2949 etGallorum
3438 2892 3698 2950 cervico-

2058 2973 2205 3029 sitas
2234 2974 2444 3032 divinaa
2476 2976 2690 3033 dudum
2726 2979 2995 3033 veritatis
3024 2979 3223 3047 ignara
3244 2978 3314 3035 ad
3343 2981 3697 3053 baptismum

307 3044 449 3099 ctini
480 3048 747 3105 meritum
782 3066 885 3122 per
930 3056 1178 3125 egregiae
1209 3062 1262 3112 et
1312 3058 1564 3118 insolita
1587 3065 1944 3134 operationis
1976 3086 2025 3148 ρ
2054 3069 2114 3121 et
2144 3065 2564 3122 confessionem
2599 3065 2846 3121 nominis
2878 3065 3088 3121 Christi
3137 3066 3436 3125 humiliata
3485 3070 3698 3128 devote

308 3132 670 3207 miraculum,
701 3143 760 3196 ut
788 3143 1009 3212 patebit
1038 3144 1090 3199 in
1123 3151 1437 3216 posterum.
1482 3151 1549 3205 Et
1582 3132 1712 3222 quia
1747 3154 1946 3211 decre-

308 3227 471 3278 verat
504 3226 654 3281 Deus
692 3228 1001 3287 mirificare
1047 3237 1308 3291 sanetum
1356 3252 1543 3309 suum,
1594 3240 1868 3310 dirigitur
1915 3259 1945 3298 a

310 3307 483 3367 beato
507 3312 778 3382 Dyonisio
804 3318 874 3373 Ca
887 3324 1112 3376 rnotum
1138 3338 1265 3379 cum
1299 3307 1543 3396 praefato
1567 3307 1852 3387 socio—suo
1875 3331 1945 3387 ad

309 3395 749 3458 illuminandum
783 3407 1079 3478 populum,
1117 3411 1211 3480 qui
1246 3395 1485 3469 sedebat
1521 3414 1856 3474 intenebris
1888 3424 1945 3475 et

310 3486 514 3542 umbra
545 3491 767 3559 mortis,
803 3495 932 3563 quia
968 3497 1019 3552 ei
1050 3496 1137 3554 sol
1161 3498 1409 3567 justitiae
1432 3518 1540 3559 non
1566 3503 1813 3577 luxerat,
1852 3522 1948 3563 ne-

313 3588 421 3644 que
443 3575 822 3647 splenduerat
845 3583 895 3637 ei
919 3583 1017 3640 lux
1040 3587 1324 3645 veritatis.
1355 3589 1478 3656 Quo
1494 3593 1700 3649 beatus
1716 3575 1950 3666 hicper-

311 3663 566 3735 veniens,
594 3666 825 3725 dolebat
845 3673 1115 3743 populum
1134 3675 1419 3736 idolatriae
1433 3695 1562 3736 esse
1588 3663 1868 3753 deditum,
1889 3688 1946 3740 et

311 3758 569 3843 armatus
600 3755 710 3812 fide
741 3764 955 3817 sanctae
969 3763 1289 3835 Trinitatis,
1310 3772 1726 3841 contempnens
1750 3787 1950 3843 super-

306 3832 545 3897 vacuam
579 3850 796 3902 sectam
828 3849 1150 3922 principum
1184 3832 1358 3911 terrae
1390 3860 1446 3911 et
1491 3858 1674 3914 minas
1722 3873 1944 3931 eorum,

310 3928 869 3997 praedicabatJesum
887 3939 1076 3996 turbis
1102 3940 1552 4001 incredulorum.
1580 3928 1949 4006 Fundebatur

310 4016 648 4107 prtedicatio
669 4022 867 4093 juncta
891 4026 1228 4101 virtutibus,
1245 4036 1300 4085 et
1322 4032 1738 4102 praelustratus
1759 4039 1948 4107 gratia

309 4100 501 4161 divina
522 4106 744 4165 feroces
765 4113 1067 4181 gentilium
1089 4122 1311 4174 mentes
1324 4100 1579 4177 salutari
1605 4124 1950 4185 mitescebat

2061 3155 2430 3214 convolabat.
2457 3153 2891 3224 Dejiciebantur
2913 3169 3027 3211 arae
3052 3155 3398 3227 daemonum,
3424 3162 3485 3214 et
3503 3174 3531 3215 a
3548 3174 3698 3217 novo

2057 3244 2391 3316 adoptionis
2426 3241 2638 3314 p0pulo
2667 3238 2934 3298 aeeclesia
2966 3243 3310 3315 aedificatur,
3342 3250 3401 3303 et
3447 3261 3477 3303 a
3525 3249 3697 3305 beato

2058 3331 2329 3389 Sanctino
2360 3331 2414 3386 in
2439 3331 2656 3387 honore
2688 3330 2785 3385 Dei
2829 3336 3228 3389 consecratur.

2129 3419 2495 3477 Domicianus
2516 3421 2655 3473 tunc
2670 3418 2912 3473 Romani
2931 3418 3408 3490 imperiitenebat
3423 3423 3691 3495 insignia,

2059 3508 2308 3565 luxuriae
2332 3506 2586 3575 deditus,
2605 3505 2847 3561 avaritia
2866 3507 3092 3577 anxius,
3111 3522 3287 3579 opere
3302 3510 3574 3582 crudelis,
3592 3511 3688 3583 qui

2060 3596 2421 3667 majestatem
2448 3593 2804 3666 imperialem
2828 3594 2999 3651 nimia
3015 3596 3366 3654 crudelitate
3379 3598 3691 3670 polluerat.

2060 3686 2167 3752 Qui
2188 3684 2344 3741 velut
2370 3683 2459 3740 leo
2483 3684 2672 3755 inpast
2685 3698 2749 3739 us
2766 3687 3098 3740 sanctorum
3114 3683 3451 3757 sanguinem
3465 3688 3694 3759 sitiens,

2061 3773 2368 3831 secundam
2404 3777 2532 3844 post
2562 3774 2844 3828 Neronem
2879 3772 2933 3828 in
2979 3773 3339 3832 Christianos
3384 3791 3701 3848 persequu-

2062 3862 2271 3918 tionem
2306 3861 2583 3918 excitavit
2617 3859 2737 3931 (fol.
2776 3862 2883 3931 l3),
2916 3865 2972 3917 et
3004 3876 3105 3932 per
3142 3868 3205 3918 15
3238 3877 3439 3934 annos,
3484 3864 3702 3935 quibus

2061 3953 2377 4007 Romanum
2413 3949 2716 4019 imperium
2752 3948 3011 4005 indebite
3034 3951 3240 4022 tenuit,
3267 3950 3347 4007 ita
3372 3967 3489 4008 rem
3514 3953 3705 4025 publi:

2061 4054 2184 4096 eam
2215 4038 2463 4108 attrivit,
2500 4040 2560 4092 ut
2596 4035 2790 4093 nullus
2820 4036 2921 4092 illo
2950 4037 3245 4094 crudelior
3292 4039 3346 4094 i'n
3392 4041 3543 4096 omni
3594 4042 3702 4098 Ro-

2062 4142 2360 4183 manorum
2383 4127 2798 4197 imperatorum
2823 4124 3427 4183 inveniaturnumero.
3448 4129 3531 4185 Ad
3547 4145 3703 4186 com-

313 4187 595 4251 doetrina.
630 4197 979 4271 Factumque
1009 4206 1116 4274 est,
1152 4214 1504 4277 cooperante
1525 4210 1577 4265 ei
1612 4211 1802 4269 divina
1836 4216 1953 4271 cle-
1981 4227 2032 4287 D
2062 4216 2419 4287 probandam
2444 4227 2579 4282 erga
2605 4213 2841 4269 deorum
2868 4212 3157 4270 culturam
3172 4229 3332 4272 suam
3351 4216 3699 4287 sacrilegam

316 4281 548 4351 mentia,
573 4288 630 4338 ut
649 4285 1036 4346 Carnotenses
1059 4293 1207 4348 viam
1226 4296 1448 4350 Domini
1473 4306 1874 4372 agnoscerent,
1892 4307 1952 4359 et

314 4363 666 4438 lenejugum
702 4373 921 4429 Domini
952 4379 1233 4448 subjectis
1280 4363 1645 4440 voluntatum
1695 4363 1953 4448 humeris

315 4450 467 4509 ferre
497 4468 605 4511 non
639 4456 1054 4519 detrectarent.
1091 4465 1253 4531 Quod
1289 4469 1494 4525 beatus
1540 4472 1851 4543 Dyonisius
1898 4493 1953 4534 a-

317 4538 835 4616 nimadvertens,et
849 4550 1096 4618 gratiam
1112 4554 1353 4613 virtutis
1366 4556 1576 4615 divinae
1590 4538 1929 4622 collaudans

316 4625 620 4699 ipsumque
653 4631 959 4704 plurimum
996 4638 1050 4695 in
1087 4655 1263 4712 opere
1293 4644 1732 4715 praedicationis
1760 4629 1955 4711 valere

310 4714 700 4789 perpendens,
726 4720 1102 4782 Meldensium
1127 4714 1354 4787 civibus
1369 4736 1664 4802 pastorem
1686 4738 1958 4797 etdocto-

2065 4302 2427 4359 devotionem
2451 4306 2498 4355 5.
2528 4315 2676 4356 anno
2702 4301 3700 4375 regnisuitemplumsinelignorum

2064 4390 2442 4447 ammixlioue
2473 4390 2828 4460 construxit,
2857 4391 3011 4461 quod
3033 4392 3331 4448 Pantheon
3356 4393 3696 4465 appellavit.

2065 4482 2240 4536 Tanta
2274 4478 2466 4535 elatus
2490 4482 2581 4534 est
2615 4478 2911 4550 superbia,
2948 4482 3007 4535 ut
3042 4479 3211 4536 deum
3235 4495 3298 4537 se
3328 4481 3701 4540 etdominum

2067 4565 2349 4639 appellari
2378 4566 2643 4636 jusserit.
2677 4566 2777 4622 Hic
2801 4566 3171 4640 audiens(ep.
3199 4569 3468 4637 Hirtam.)
3494 4570 3702 4626 famam

2067 4655 2222 4712 beati
2254 4654 2503 4726 Dyonisii
2539 4654 2594 4709 in
2628 4654 3001 4711 destruendis
3034 4655 3207 4713 idolis
3238 4662 3298 4713 et
3348 4656 3575 4729 populis
3626 4658 3702 4715 ad

2070 4743 2361 4799 Christum
2392 4740 2824 4812 convertendis,
2860 4741 3116 4813 lyctores
3151 4744 3205 4800 in
3258 4744 3471 4803 Gallias
3521 4744 3699 4816 misit,

1676 4820 1911 4892 VARUS
1951 4839 2350 4896 LECTIONES.

312 4902 354 4937 ¹²
385 4906 475 4964 ita
503 4923 561 4980 α,
594 4918 784 4970 mente
809 4914 1021 4974 Labbe.

1892 5002 2113 5061 ΝΟΤΛΕ.

278 5134 285 5141 .
316 5089 495 5173 ...(32)
521 5091 883 5173 Narrationis
906 5113 1173 5173 magnam,
1195 5118 1416 5173 partem
1443 5108 1555 5163 sibi
1579 5109 1859 5168 delibavit
1883 5130 1955 5170 ex

313 5158 603 5246 Hinemari
625 5164 886 5246 epistola
916 5158 1279 5246 adkarolum
1311 5158 1945 5246 ’iinpéi-Ziiaxv'éiﬁ'al'sié

310 5227 615 5325 33:82:33:
623 5227 711 5325 ta,
721 5237 1097 5325 qu‘m'ntegra
1122 5227 1328 5299 existat
1341 5227 1939 5325 ἰνενὲέίῃοῖιξίξ

310 5296 832 5390 epistolam
846 5296 1184 5390 llincmarus
1198 5296 1943 5390 rebep‘ii'viii'iﬂiﬁilaiﬁ

310 5365 589 5460 §anctini,
623 5385 790 5460 quam
816 5373 938 5460 ipse
963 5365 1942 5460 jpgeni'sdééﬁiipsiéfi'ié'éﬁi‘iéil

311 5434 786 5525 niunculi'anuos
825 5434 1932 5525 wgnaelmgjué'éihiis"s.'santiiiiii.

336 5518 376 5560 π
410 5506 528 5564 loco
556 5506 675 5568 sibi
701 5515 1007 5574 commisso
1031 5506 1510 5583 caldariae—ME:
1521 5506 1599 5585 ἷι
1613 5506 1754 5600 ﬁt;
1763 5506 1940 5589 ἶθῖ

2060 5117 2292 5187 scripta
2301 5116 2737 5241 Ῑτιθφιιηζέρθφισ
2762 5116 3049 5199 delenda
3066 5120 3195 5176 vita
3216 5119 3275 5176 et
3291 5119 3526 5202 actibus
3545 5120 3705 5179 beati

2060 5186 2342 5243 Sanctini
2370 5198 2564 5245 rever:
2598 5227 2610 5240 .
2647 5186 2869 5242 Revera
2902 5190 3269 5245 llincmarum
3300 5190 3703 5245 taleslitteras

2055 5186 2342 5243 Sancum
2370 5186 2610 5258 reperit.
2647 5186 2869 5242 Revera
2902 5189 3269 5245 llincmarum
3300 5190 3703 5249 taleslitteras

2057 5256 2127 5332 ad
2160 5255 3053 5332 Karolum__scripsissedisertis
3086 5260 3283 5332 verbis
3314 5262 3525 5332 probat
3571 5262 3698 5332 Flo-

2054 5326 2311 5401 doardus
2339 5325 2571 5401 inllist.
2590 5325 2760 5401 litem.
2785 5328 2877 5401 lIl_,
2908 5333 3015 5401 187;
3039 5343 3154 5384 non
3173 5325 3498 5388 audiendus
3522 5331 3703 5401 igitur

2051 5402 2142 5474 est
2164 5394 2382 5451 Calmet
2405 5395 2529 5451 Hist
2573 5394 2940 5474 de__Lorraine
2963 5394 3008 5468 I,
3030 5415 3085 5471 p.
3113 5404 3199 5470 32,
3226 5401 3323 5472 qui
3353 5415 3454 5459 eas
3487 5394 3698 5474 su'ppo-

2050 5465 2195 5521 sitas
2227 5478 2360 5523 esse
2391 5471 2608 5523 censet.
2641 5468 2703 5523 K.
