3936 6050
184 272 259 332 ~29
1421 262 1928 331 OHRONICON.
1960 300 2037 311 -
2068 264 2222 328 LIB.
2268 266 2314 327 Ι.
3376 352 3383 357 λ
3491 254 3568 324 ao

182 399 278 473 qui
304 411 428 457 eum
461 398 763 458 inventum
786 402 843 457 et
876 399 1355 474 comprehensum
1386 402 1487 458 aut
1519 399 1691 457 idolis
1732 414 1819 457 sa-
1847 398 1903 459 A
1932 397 2367 458 Brittannicam.
2403 396 2583 457 Gallia
2616 412 2755 456 vero
2786 392 3205 468 Lugdunensis,
3240 394 3416 455 ducta
3465 408 3570 470 per

183 489 439 547 criﬁcare
469 494 772 562 cogerent,
807 495 902 548 aut
936 490 1180 548 diversis
1211 490 1514 563 suppliciis
1542 490 1815 546 affectum

182 578 534 636 occiderent.
563 580 719 646 Quos
742 580 838 636 ubi
857 581 1064 637 beatus
1082 581 1391 651 Dyonisius
1418 580 1560 636 ﬁnes
1576 579 1820 634 Parisio-

184 683 306 725 rum
326 669 797 741 appropinquare
821 671 1125 743 comperit,
1149 671 1481 728 Sanctinum
1507 673 1562 726 et
1582 668 1819 724 Antoni-

184 772 312 813 num
344 758 413 813 ad
446 772 509 813 se
532 759 808 815 accersiri
841 760 1133 815 mandavit
1167 761 1312 831 (Vit.
1358 758 1819 828 .S'anctim‘),qui-

183 846 287 901 bus
315 845 755 916 praedicationis
777 849 1017 904 tradens
1038 849 1308 919 oﬂicium,
1334 848 1650 905 ammonuit
1676 851 1734 902 ut
1764 846 1817 901 in

182 932 289 989 ﬁde
317 933 464 989 ﬂrmi
506 936 916 1007 persisterent,
961 941 1018 992 et
1076 941 1135 993 ut
1192 938 1533 1008 quantotius
1581 938 1817 993 Romam

184 1027 560 1094 properantes
594 1040 624 1079 a
657 1024 909 1095 priesule
942 1027 1101 1083 sedis
1154 1026 1496 1097 apostolicae
1545 1040 1819 1095 coepera-

184 1118 334 1167 tores
364 1111 529 1167 verbi
563 1115 623 1167 et
655 1114 926 1170 doctores
958 1120 1325 1186 expeterent,
1362 1115 1493 1185 quia
1530 1114 1583 1169 in
1629 1127 1819 1167 messe

185 1199 354 1254 multa
388 1200 634 1256 sationis
658 1202 964 1259 Dominieze
998 1204 1251 1273 epcrarii
1290 1203 1566 1275 perpauci
1598 1206 1816 1268 essent,

186 1287 277 1357 qui
300 1301 515 1343 semem
540 1290 704 1344 verbi
728 1290 909 1347 sulcis
930 1292 1207 1347 mentium
1225 1292 1555 1354 crederent,
1588 1304 1824 1360 [)l‘:DSCl’-

185 1374 280 1430 tim
312 1390 441 1430 cum
473 1382 530 1431 et
564 1377 817 1448 ipsejam
853 1380 921 1434 ad
954 1380 1161 1450 gaudia
1196 1380 1414 1434 Domini
1458 1380 1544 1435 sui
1591 1378 1824 1432 festina-

187 1468 290 1532 ret,
323 1468 377 1519 et
416 1466 744 1522 mercedem
776 1467 990 1523 laboris
1031 1473 1085 1523 et
1138 1469 1335 1524 oneris
1374 1485 1402 1524 a
1444 1469 1535 1539 pio
1586 1466 1823 1521 Domino

188 1552 293 1607 sibi
325 1552 451 1608 dari
486 1559 864 1626 praeoptaret.

256 1641 669 1698 Consummato
702 1645 884 1713 igitur
917 1660 1019 1716 per
1044 1647 1302 1717 martyrii
1352 1646 1595 1718 palmam
1653 1646 1823 1700 beato

1932 488 2163 559 longum
2197 493 2252 545 et
2288 506 2391 560 per
2424 492 2735 559 augustum
2780 489 2944 557 ﬂexa,
2991 486 3393 558 Aquitanicam
3437 499 3569 558 pro-

1932 578 2178 633 vinciam
2214 579 2580 649 semicingit;
2617 580 2789 635 habet
2821 577 2864 609 ²⁴
2898 579 2969 633 ab
3001 576 3227 632 oriente
3260 574 3567 645 Belgicam,

1929 681 1959 721 a
1991 666 2231 722 meridie
2266 672 2487 738 partem
2523 667 2835 739 provinciae
2856 664 3267 733 Narbonensis,
3296 677 3405 733 qua
3431 664 3570 717 Are-

1930 754 2017 809 las
2042 756 2151 811 sita
2178 762 2285 825 est,
2309 762 2364 810 et
2394 773 2548 811 mare
2573 756 2789 811 Gallico
2806 759 2863 809 et
2886 753 3143 809 Rhodani
3179 753 3391 809 ﬂumen
3425 750 3574 807 acci-

1932 843 2107 914 pitur.
2138 846 2528 901 Narbonensis
2552 845 2845 916 provincia
2868 843 2913 876 ²⁵
2937 844 3106 898 habet
3136 844 3207 897 ab
3231 841 3456 896 oriente
3481 838 3575 895 AI-

1932 947 2033 1003 pes
2068 933 2280 1003 Cotias,
2310 936 2381 989 ab
2399 934 2706 989 occidente
2729 932 3097 1004 Hyspaniam,
3127 946 3153 986 a
3180 929 3361 986 circio
3398 928 3573 999 Aqui-

1928 1028 2164 1099 taniam,
2202 1045 2229 1085 a
2265 1030 2684 1100 septemtrione
2710 1029 3172 1098 Lugdunensem,
3206 1027 3277 1081 ab
3303 1025 3573 1096 aquilone

1932 1117 2171 1172 Galliam
2204 1119 2488 1187 Belgicam
2510 1119 2574 1187 ’3,
2601 1136 2628 1173 a
2655 1118 2893 1173 meridie
2917 1132 3072 1172 mare
3088 1115 3388 1182 Gallicum,
3410 1111 3563 1184 quod

1931 1209 2020 1261 est
2057 1206 2207 1261 inter
2241 1208 2559 1262 Sardiniain
2594 1212 2650 1261 et
2686 1207 2907 1261 insulas
2930 1205 3223 1259 Baleares.
3262 1201 3573 1272 Aquitania

1934 1293 2105 1349 habet
2132 1312 2158 1350 a
2187 1296 2364 1351 circio
2380 1312 2693 1351 ocecauum
2722 1296 2814 1365 qui
2841 1292 3220 1363 Aquitanicus
3244 1291 3409 1347 sinus
3433 1289 3570 1345 dici-

1934 1386 2030 1438 tur
2057 1385 2162 1443 ;ob
2185 1399 2399 1440 occasu
2428 1384 2752 1454 Hispanias,
2778 1399 2805 1437 a
2831 1380 3247 1453 septemtrione
3269 1383 3324 1434 et
3343 1379 3573 1434 oriente

1935 1472 2371 1539 Lugdunensem
2396 1474 2459 1543 ’7,
2487 1475 2555 1529 ab
2579 1488 2718 1528 euro
2750 1476 2806 1527 et
2849 1470 3088 1526 meridie
3132 1469 3567 1523 Narbonensem

1916 1562 2287 1631 provinciam
2316 1562 2617 1632 contingit.
2649 1560 2949 1617 Provincia
2974 1563 3166 1613 autem
3186 1557 3350 1626 juxta
3367 1570 3573 1626 papam

1936 1648 2226 1717 Pelagium
2251 1655 2409 1705 certa
2432 1656 2518 1705 est
2543 1666 2670 1721 quae
2696 1651 2869 1705 habet
2892 1649 3090 1703 decem
3114 1646 3203 1701 vel
3232 1644 3277 1677 ³⁸
3308 1643 3574 1700 undecim

186 1730 471 1801 Dyonisio,
498 1746 551 1786 a.
587 1734 659 1788 ab
684 1732 791 1789 inc.
828 1735 986 1791 Dom.
1018 1739 1107 1804 97,
1144 1751 1169 1790 a
1208 1736 1476 1806 passione
1502 1740 1693 1791 autem
1734 1737 1821 1801 64,
1856 1756 1907 1815 Β
1937 1738 2209 1793 civitates
2235 1742 2291 1793 et
2318 1756 2488 1795 unum
2516 1755 2727 1809 regem,
2754 1737 3075 1792 ettotidem
3100 1735 3352 1789 minores
3385 1736 3577 1802 potes-

185 1818 370 1875 :etatis
399 1822 594 1876 autem
626 1821 761 1890 ejus
783 1837 931 1879 anno
961 1824 1201 1880 circiter
1232 1829 1315 1895 90,
1369 1825 1593 1895 imperii
1641 1823 1827 1879 Domi-

185 1906 329 1962 ciani
358 1910 602 1966 caesaris
624 1911 929 1982 ingruente
960 1928 1109 1968 anno
1144 1916 1208 1967 16
1238 1914 1344 1986 (ep.
1384 1915 1666 1984 Hincm.).
1695 1914 1829 1967 San-

186 1996 374 2053 ctinus
387 2002 448 2054 et
469 2000 792 2057 Antoninus
816 2003 1125 2079 przeceptis
1150 2004 1408 2073 magistri
1425 2006 1829 2075 obtemperan-

185 2088 289 2154 tes,
326 2100 457 2142 cum
493 2090 965 2160 pcrscquutionis
996 2092 1251 2162 procella
1287 2093 1604 2148 detonante
1640 2092 1830 2163 predi-

186 2173 369 2230 cando
400 2176 473 2231 dc
510 2177 637 2233 loco
661 2179 733 2233 ad
756 2178 943 2235 locum
970 2187 1321 2250 cogerentur
1341 2183 1635 2251 secedere,
1661 2196 1830 2235 vene-

187 2268 319 2318 runt
351 2264 408 2319 in
445 2265 816 2346 ﬂues‘Gallize
851 2268 1115 2339 Belgicae,
1150 2275 1205 2325 et
1240 2271 1512 2341 przeduce
1530 2270 1713 2339 gratia
1750 2269 1831 2324 di-

189 2351 335 2423 vina,
373 2369 747 2425 quocumque
797 2358 1127 2427 veniebant,
1183 2360 1393 2415 Christi
1440 2359 1831 2429 loquebantur

190 2443 499 2512 magnalia.
541 2444 763 2513 Belgica
789 2445 832 2479 ³³
862 2453 1055 2503 autem
1109 2448 1287 2504 Gallia
1334 2464 1467 2519 pars
1507 2453 1592 2505 est
1636 2449 1831 2505 Gallize

188 2530 304 2600 (fol.
342 2537 441 2588 1'2a
471 2535 491 2602 )
518 2533 673 2590 dicta
708 2550 735 2589 a
764 2535 1000 2591 civitate
1034 2553 1162 2607 quae
1196 2537 1383 2605 Belgis
1425 2536 1661 2607 dicitur,
1707 2554 1833 2608 qua)

193 2626 277 2676 est
306 2622 580 2677 Treveris
605 2623 717 2694 (33)
744 2624 846 2696 [ΟΥ.
876 2625 1104 2681 Bicher.
1132 2628 1173 2695 Ι,
1200 2626 1272 2696 1].
1302 2625 1483 2681 Gallia
1508 2640 1837 2682 vereacan-

196 2709 333 2765 dore
368 2711 572 2782 populi
607 2713 897 2783 appellata
923 2721 1035 2783 est,
1068 2714 1198 2783 gala
1228 2714 1270 2747 ¹⁴
1299 2715 1447 2770 cnim
1494 2714 1579 2770 lac
1621 2715 1843 2789 dicitur

199 2796 364 2868 [Ῑδὶἁ.
393 2814 477 2854 ετ.
501 2799 644 2868 XIV,
670 2800 847 2871 4.25].
875 2803 1098 2859 Montes
1118 2803 1267 2857 enim
1293 2808 1351 2857 et
1395 2804 1552 2872 rigor
1594 2783 1736 2873 ωαξὶῖ
1770 2783 1848 2882 ab;

197 2900 256 2942 ea
283 2890 453 2958 parte
476 2887 622 2943 solis
652 2889 918 2945 ardorem
952 2890 1290 2947 excludunt.
1328 2894 1482 2947 lianc
1514 2891 1584 2945 ab
1618 2875 1840 2946 oriente

198 2974 427 3046 Alpium
456 2976 594 3045 juga
623 2980 885 3047 tuentur,
921 2979 993 3033 ab
1042 2994 1256 3035 occasu
1290 2981 1555 3036 Oceanus
1597 2979 1856 3059 includth

194 3062 238 3096 ¹⁸
260 3079 289 3120 a
318 3064 563 3121 meridie
579 3080 806 3137 preteru
818 3046 911 3138 pta
926 3068 1209 3138 Pyrenaei,
1229 3083 1258 3124 a
1275 3046 1689 3145 septemtrione
1705 3046 1865 3145 Elige-1

196 3154 248 3208 ni
273 3153 495 3210 ﬂuenta
528 3158 585 3209 et
620 3156 944 3212 Germania.
966 3158 1143 3227 Cujus
1166 3158 1403 3214 inicium
1432 3141 1695 3228 Belgica;
1716 3141 1845 3213 linis

197 3256 338 3299 vero
360 3247 454 3298 est
478 3243 808 3313 Aquitania.
835 3246 930 3301 Est
958 3244 1002 3277 ¹⁶
1024 3250 1215 3302 autem
1238 3246 1397 3317 regio
1418 3245 1586 3317 gleba
1604 3246 1767 3302 uberi
1788 3252 1848 3303 et

200 3329 483 3401 pabulosa
515 3335 574 3387 et
615 3332 683 3388 ad
732 3348 897 3389 usum
948 3334 1322 3392 animantium
1368 3340 1522 3406 apta,
1559 3340 1618 3391 ut
1655 3336 1845 3393 ferunt

199 3420 293 3489 qui
322 3420 473 3477 situs
497 3425 786 3479 terrarum
811 3422 1272 3495 descripserunt,
1298 3424 1629 3481 ﬂuminibus
1649 3428 1705 3480 et
1732 3426 1851 3481 t‘ou-

198 3509 363 3566 tibus
386 3508 626 3580 irrigua,
654 3512 889 3582 perfusa
913 3510 955 3543 ³⁷
981 3511 1210 3569 duobus
1234 3513 1455 3582 magnis
1480 3513 1671 3569 ﬂuviis
1705 3514 1850 3569 Rhe-

199 3611 270 3654 no
294 3601 358 3654 et
390 3598 685 3655 Rhodano.
724 3600 1011 3671 Cisalpina
1045 3606 1236 3657 autem
1272 3601 1451 3657 Gallia
1483 3605 1570 3657 est
1612 3601 1765 3657 circa
1807 3599 1850 3634 ¹⁸

203 3689 403 3761 Alpes,
439 3690 804 3761 transalpina
836 3697 1002 3749 trans
1035 3692 1209 3764 Alpes
1235 3696 1441 3769 contra
1481 3693 1849 3764 septemtrio-

203 3792 353 3847 nem,
388 3778 611 3834 Rhaetia
646 3778 689 3811 1'
715 3779 881 3849 juxta
915 3781 1173 3837 Rhenum
1219 3781 1318 3851 )ib.
1373 3782 1483 3852 26).
1537 3781 1846 3852 Aquitania

205 3871 398 3923 autem
434 3868 505 3923 ab
549 3867 807 3938 obliquis
845 3870 1012 3941 aquis
1051 3869 1238 3940 Ligeri
1280 3871 1549 3939 ﬂuminis,
1589 3871 1685 3940 qui
1721 3884 1861 3930 eam.

204 3970 350 4028 pene
383 3956 440 4011 in
473 3957 671 4011 orbem
701 3956 903 4027 cingit,
946 3961 1032 4014 est
1083 3959 1369 4029 appellata
1421 3960 1534 4027 (34)
1586 3958 1685 4029 (ib.
1732 3958 1845 4028 27).

210 4041 406 4098 Gallos
439 4042 636 4114 itaque
667 4050 876 4100 natura
908 4045 1129 4101 feroces
1152 4051 1208 4100 et
1240 4045 1285 4077 ²⁰
1307 4045 1565 4101 acriores
1598 4060 1728 4101 esse
1768 4046 1849 4100 in-

206 4132 375 4202 genio
400 4134 607 4188 natura
640 4132 937 4189 climatum
973 4135 1129 4205 facit,
1161 4133 1421 4191 rEthicus
1452 4134 1626 4190 situm
1651 4133 1848 4191 Galliae

210 4220 551 4277 describens
600 4225 853 4290 quatuor
902 4222 1029 4292 ejus
1072 4222 1281 4279 asserit
1334 4237 1466 4278 esse
1522 4222 1849 4293 provincias

213 4308 546 4381 [dimices],
582 4310 820 4389 Galliam
857 4311 1143 4382 Belgicam
1168 4314 1224 4367 et
1252 4310 1490 4368 Galliam
1514 4311 1853 4382 Lugdunen-

213 4413 351 4468 sem,
386 4398 821 4454 Narbonensem
857 4413 1087 4470 quoque
1120 4398 1477 4470 provinciam
1508 4402 1566 4454 et
1617 4399 1854 4470 Aquita-

1938 1828 2093 1879 tates
2118 1828 2223 1881 sub
2245 1842 2324 1896 sc,
2353 1832 2407 1883 et
2437 1843 2609 1883 unum
2640 1826 3176 1897 inetrOpolitanum,
3210 1822 3265 1875 et
3301 1819 3580 1887 suifraga-

1940 1928 2079 1969 ncos
2100 1914 2295 1971 decem
2324 1916 2409 1971 vel
2439 1917 2699 1973 undecim
2724 1916 3031 1987 episcopos
3067 1913 3322 1983 judices;
3348 1909 3414 1965 ad
3443 1922 3579 1979 quo~

1942 2017 2064 2057 rum
2084 2002 2362 2073 judicium
2386 2006 3012 2075 omnes‘episcoporuin
3038 2007 3096 2057 et
3120 2000 3492 2056 sacerdotum
3512 2010 3578 2052 ac

1942 2094 2243 2149 civitatum
2277 2110 2464 2151 causa:-
2520 2096 2863 2149 referantur.
2935 2094 3069 2147 Post
3121 2087 3577 2146 destructionem

1944 2197 2172 2253 quoque
2205 2183 2596 2238 Wandalieam
2631 2196 2757 2251 quae
2792 2183 2909 2235 fere
2942 2184 3129 2234 totum
3177 2173 3580 2249 pessumdedit

1942 2271 2266 2327 occidentis
2286 2275 2343 2325 et
2366 2271 2610 2327 orientis
2626 2269 2949 2340 imperium,
2969 2270 3077 2323 Leo
3094 2282 3235 2338 papa
3254 2263 3581 2336 provincias

1944 2361 2265 2415 distribuit.
2291 2363 2461 2415 Juxta
2484 2360 2788 2415 modernos
2810 2374 2945 2413 vero
2964 2356 3254 2412 Gallorum
3274 2351 3579 2424 provinciae

1944 2453 2077 2505 sunt
2120 2455 2202 2504 17.
2250 2448 2437 2503 Prima
2482 2448 2652 2503 sedes
2692 2446 3003 2501 Galliarum
3048 2442 3448 2513 Lugdunensis
3488 2442 3578 2495 est

1944 2553 2071 2593 cum
2124 2537 2314 2592 tribus
2379 2536 2501 2591 suis
2546 2535 2880 2606 provinciis,
2928 2535 2982 2603 2)
3033 2528 3465 2597 Rotomagensi,
3527 2528 3580 2595 3)

1946 2623 2441 2705 TuronensiJetji)
2478 2621 2813 2705 Senomensi,
2864 2620 2916 2689 5)
2956 2619 3181 2688 Belgica
3230 2616 3412 2688 prima
3456 2628 3583 2684 quae

1948 2694 2409 2793 cst-Trevirich)
2438 2694 2660 2793 Bel-gica
2689 2695 2963 2787 secunda,
2994 2722 3120 2777 qua)
3143 2710 3231 2761 est
3256 2703 3510 2772 Rbemis,
3529 2701 3587 2771 '7)

1951 2782 2249 2867 Germ-maia
2284 2791 2507 2870 prima;
2564 2782 3003 2867 ﬁngentiacum,
3052 2796 3106 2864 8)
3158 2791 3459 2849 Germania
3502 2804 3589 2845 se-

1950 2889 2158 2958 cunda,
2191 2888 2446 2969 Colonia,
2483 2888 2536 2969 9)
2568 2887 2820 2972 Maxima.
2843 2890 3256 2968 Sequanorum,
3288 2878 3586 2947 Vcsontio,

1962 2978 2042 3064 ἔρ)
2072 2967 2249 3064 Alpes
2281 2963 2469 3048 Grata}
2499 2963 3076 3063 i0",,fiat-clnt'zisia,4.1)
3109 2968 3449 3027 Viennensis
3500 2966 3587 3064 12)

1902 3048 2356 3136 ι”ἓςὶιι-ἷδοηὲηεὶς
2410 3048 2637 3136 prima;
2677 3048 2766 3133 13)
2837 3059 3230 3118 Narbonensis
3312 3055 3587 3123 secunda,

1959 3154 2272 3225 Aquensis,
2301 3154 2383 3225 14)
2406 3152 2708 3223 Aquitania
2736 3152 2939 3223 prima,
2962 3148 3272 3217 Bituriges,
3300 3145 3388 3216 15)
3420 3142 3593 3213 Aqui—

1960 3243 2116 3299 tania
2169 3242 2447 3311 secunda,
2502 3240 2842 3310 Burdegala,
2903 3242 2966 3294 16
3030 3238 3207 3309 Alpes
3272 3233 3587 3300 Maritimae,

1959 3333 2349 3401 Ebredunum,
2386 3337 2450 3387 17
2500 3332 2713 3385 Novem
2764 3328 3077 3401 Populana,
3125 3324 3302 3381 Anxia
3351 3320 3594 3394 (notitia

1955 3420 2163 3491 prae).
2186 3420 2254 3474 La
2289 3419 2579 3491 provincia
2605 3418 2783 3487 igitur
2809 3416 3052 3485 Belgicae
3078 3414 3277 3486 prima:
3301 3411 3442 3467 urbs
3464 3412 3589 3465 erat

1962 3508 2147 3580 posita
2182 3508 2235 3563 in
2269 3507 2518 3564 conﬂnio
2541 3506 2827 3562 Neustrize
2849 3508 2905 3560 et
2932 3502 3253 3560 Austrasize
3275 3499 3594 3555 Virdunum

1961 3598 2208 3665 nomine,
2245 3611 2413 3668 quam
2444 3595 2665 3665 antiqui
2689 3600 2749 3649 et
2771 3593 2943 3650 etiam
2969 3590 3229 3647 moderni
3254 3589 3453 3645 urbem
3474 3585 3597 3642 Cla-

1960 3701 2162 3742 vorum
2197 3689 2633 3742 consueverunt
2664 3682 2981 3755 appellare.
3024 3677 3480 3749 Ethymologiam
3505 3690 3602 3730 au-

1962 3781 2078 3829 tem
2110 3774 2356 3830 nominis
2386 3773 2555 3842 hujus
2591 3772 2741 3842 quod
2774 3773 2861 3827 est
2904 3771 3044 3826 urbs
3095 3768 3421 3834 Clavorum,
3475 3762 3600 3834 ipsa

1962 3863 2127 3919 nobis
2151 3878 2276 3933 qua)
2301 3861 2420 3917 sola
2443 3860 2873 3931 praeteritarum
2898 3872 3091 3915 rerum
3108 3857 3278 3911 habet
3297 3851 3601 3910 scientiam

1961 3952 2214 4022 signavit
2237 3950 2575 4020 antiquitas,
2600 3948 2754 4020 quod
2781 3947 3004 4004 scilicet
3030 3947 3102 4002 ob
3125 3944 3180 4001 id
3206 3944 3285 3998 ita
3311 3942 3383 3999 sit
3408 3937 3605 4011 appel'

1968 4040 2105 4110 lata,
2139 4040 2291 4110 quod
2311 4055 2339 4095 a
2362 4038 2653 4111 lapidibus
2671 4035 3056 4109 praemaximis
3080 4035 3234 4090 ferro
3250 4030 3603 4103 plumboque

1958 4129 2278 4199 compactis
2299 4133 2357 4183 et
2380 4126 2668 4183 consertis
2689 4124 2906 4195 ingenti
2944 4137 3084 4180 cura
3123 4118 3388 4177 etstudio
3402 4117 3478 4172 sit
3510 4129 3607 4169 ex-

1964 4221 2172 4273 tructa.
2211 4218 2325 4272 Cur
2354 4220 2546 4271 autem
2578 4217 2785 4269 vocata
2809 4212 2881 4267 sit
2902 4210 3293 4278 Verodunum,
3322 4220 3453 4263 cum
3485 4204 3586 4261 diu

1962 4307 2083 4362 tius
2118 4305 2172 4360 in
2198 4303 2511 4375 scripturis
2536 4301 2952 4372 quesisscmus,
2982 4300 3092 4354 hoc
3114 4296 3298 4353 solum
3323 4293 3490 4351 nobis
3511 4308 3605 4349 oc-

1964 4408 2203 4453 currere
2224 4392 2433 4465 potuit.
2461 4390 2612 4461 quod
2632 4404 2760 4445 cum
2785 4388 3075 4444 delectum
3095 4384 3336 4441 militem
3360 4397 3464 4456 per
3487 4380 3608 4438 Gal-

212 4464 384 4543 niam.
421 4488 507 4542 Et
525 4486 763 4542 Galliam
791 4464 1022 4558 quidem
1049 4464 1335 4558 Belgicam
1361 4487 1504 4544 dicit
1525 4488 1596 4544 ab
1628 4464 1853 4544 oriente
1884 4464 1935 4524 D
1966 4484 2076 4541 lias
2094 4464 2282 4539 Julius
2299 4484 2519 4551 ageret,
2542 4478 2788 4535 Vcrolus
2805 4478 3035 4549 quidam
3052 4473 3387 4546 praedictam
3404 4472 3605 4527 urbem

214 4575 431 4631 habere
462 4575 703 4631 limitem
734 4576 916 4632 Rheni
958 4576 1212 4633 ﬂuminis
1235 4576 1354 4633 et“
1376 4577 1755 4646 Germaniam,
1783 4577 1854 4632 ab

215 4679 356 4720 euro
386 4663 565 4734 Alpes
598 4663 884 4721 Penninas
910 4665 976 4735 ²²,
1003 4680 1033 4721 a
1063 4666 1306 4723 meridie
1338 4666 1693 4738 provmciam
1716 4667 1855 4719 Nar-

221 4753 559 4821 bonensem,
596 4752 668 4807 ab
700 4767 912 4809 occasu
957 4754 1419 4823 Lugdunensem,
1464 4768 1493 4807 a
1540 4752 1722 4809 circio
1761 4766 1856 4807 oc-

217 4856 461 4898 eeanum
495 4840 941 4912 Brittannicum,
981 4856 1010 4897 a
1057 4840 1102 4874 ’³
1149 4841 1568 4913 septemtrione
1609 4838 1854 4896 insulam

1967 4575 2359 4644 obpugnatam
2393 4569 2450 4623 in
2479 4567 2645 4623 fedus
2677 4564 2923 4637 recepit,
2955 4580 2984 4619 a
3012 4578 3123 4634 quo
3144 4568 3204 4617 et
3225 4574 3430 4617 nomen
3454 4574 3608 4615 sum-

1970 4661 2106 4732 psit,
2144 4664 2206 4715 ut
2239 4659 2551 4715 vocaretur
2574 4653 2943 4710 Verodunum
2977 4650 3144 4721 quasi
3167 4646 3604 4714 Verolidunum,

1969 4750 2124 4806 sicut
2151 4751 2208 4803 et
2242 4746 2312 4801 ab
2344 4744 2609 4813 Augusto
2637 4741 2795 4797 Edua
2827 4743 3033 4797 vocata
3097 4741 3188 4794 est
3237 4733 3608 4804 Augustodu-

1966 4840 2122 4893 num.
2148 4836 2357 4889 Postea
2382 4843 2518 4887 vero
2539 4842 2570 4884 ο
2594 4828 2789 4884 littera
2818 4830 3040 4883 mutata
3061 4824 3118 4880 in
3140 4837 3187 4893 θ,
3215 4822 3368 4878 dicta
3390 4822 3476 4875 est
3508 4818 3612 4874 Ve'

1575 4960 1812 5019 VARIIE
1852 4958 2252 5018 LECTIONES.

288 5060 331 5133 ιε
367 5059 505 5133 Belg
521 5058 663 5133 iam
690 5057 946 5133 manu
971 5059 1037 5133 δη
1066 5061 1277 5133 codice-
1321 5061 1365 5095 ιι
1384 5062 1522 5133 jam
1549 5059 1821 5133 daem-
1856 5055 2246 5133 3'_inclg.qu
2271 5051 2543 5133 ᾀσιειτιθῑιε
2582 5047 2765 5133 Eat
2790 5050 2987 5133 ante?!
3005 5056 3124 5133 res
3138 5040 3609 5133 eae-.3139!!-

218 5113 501 5189 ἀσιεέξιῆιῗ
521 5113 544 5129 ’
568 5113 622 5162 ⁷1⁸
647 5113 804 5184 ναίω-ἐ
827 5113 938 5186 Ir."
978 5113 1032 5164 ίδ
1061 5113 1531 5189 ιῖἱιέὸῖέίσίεἳᾶᾗί.
1552 5113 1663 5164 ’⁷³⁸
1683 5113 1987 5187 δί’ὰθιεια.
2063 5113 2411 5181 “'deletmn.
2488 5119 2533 5153 "
2563 5117 2770 5189 addito
2796 5118 2837 5171 A
2870 5113 3614 5189 Appenipascorrigjtau-

218 5203 363 5274 ator.
443 5200 488 5233 "
516 5199 790 5257 deletum.
869 5199 913 5233 ³⁸
941 5199 996 5256 h.
1034 5202 1303 5260 deletum.
1386 5202 1429 5236 ³⁸
1460 5217 1566 5274 pro
1598 5201 1870 5258 deletum.

224 5272 435 5329 Graiae.

1948 5182 1993 5229 5°
2019 5194 2295 5252 deletum.
2370 5189 2414 5222 ’⁷
2444 5190 2485 5244 L
2519 5187 2791 5245 deletum.
2871 5182 3038 5240 1"vel
3066 5183 3338 5242 deletam.
3386 5182 3461 5217 '”
3487 5182 3530 5239 ἱ.
3561 5193 3610 5237 θ.

1818 5363 2038 5449 None.

301 5488 420 5629 (33;
440 5502 499 5558 ᾳ.
526 5501 572 5545 θ.
588 5479 652 5537 Τ.
679 5489 891 5550 desunt
925 5485 980 5541 in
1011 5482 1254 5566 Isidoro,

304 5562 398 5629 (34
452 5559 591 5627 Quae
620 5565 714 5621 hic
734 5567 793 5620 et
825 5556 971 5614 intra
1004 5556 1073 5611 de
1105 5558 1253 5628 Aqui

304 5547 420 5630 (34)
441 5547 591 5627 Ὠιιω
620 5547 714 5621 hic
734 5567 793 5620 et
825 5556 971 5614 intra
1004 5556 1073 5611 de
1105 5553 1412 5628 Aquitania
1454 5549 1728 5620 leguntur
1778 5547 1871 5605 iis-

1979 5474 2110 5531 dem
2142 5470 2339 5530 verbis
2372 5466 2525 5539 apud
2548 5465 2891 5539 Herigejum
2923 5464 3064 5520 Gest
3125 5477 3256 5536 epp.
3309 5458 3481 5519 Leod.
3531 5460 3617 5516 41.

1979 5546 2048 5602 Μ.
2084 5544 2146 5599 G.
2183 5543 2277 5599 SS.
2312 5536 2704 5596 inveniuntur.
2741 5536 2805 5591 Κ.
3444 5563 3453 5573 .
