3940 6048
298 230 364 300 at
1254 232 1624 303 HUGONIS
1666 176 2023 295 ABBATIS
2056 222 2737 288 FLAVINIACENSIS
3619 227 3695 285 32

300 366 608 440 redunum,
640 373 705 428 ut
727 371 978 429 testatur
1001 370 1355 427 Fortunatus
1378 368 1510 442 (35).
1532 365 1938 425 Modernivero
1968 359 2025 421 A
2056 357 2259 416 ﬁcatas
2293 356 2586 429 quondam
2610 360 2666 413 et
2704 353 2827 413 suis
2858 353 3222 428 temporibus
3268 352 3496 416 dirutas
3532 370 3698 429 repa-

302 469 332 513 a
363 457 751 516 viridantibus
775 459 979 530 pratis,
1005 457 1095 516 vel
1119 459 1272 530 quod
1299 458 1463 530 quasi
1489 472 1716 528 semper
1730 455 1936 523 vireat,

304 544 509 603 dicunt
540 562 665 603 eam
699 547 1041 617 Virdunum,
1076 548 1235 618 quasi
1268 548 1453 605 viride
1484 547 1719 603 dunum.
1764 541 1943 600 llas"0

303 641 497 693 autem
530 651 731 694 omnes
758 638 1157 708 conjectiones
1195 638 1455 693 {Ethicus
1510 636 1565 690 in
1612 646 1944 703 cosmogra-

307 725 438 796 pliia
471 726 809 797 excludens,
844 727 898 782 in
933 727 1237 783 ltincrario
1271 726 1465 783 mundi
1496 728 1666 781 vocat
1696 738 1821 779 eam
1853 721 1945 777 Vi-

311 815 623 885 rodunum,
676 818 750 872 ob
796 816 1050 873 virorum
1098 816 1331 872 fortium
1381 814 1723 871 industriam
1774 811 1943 885 longe

309 898 545 973 lateque
576 904 950 960 celebratam.
985 904 1143 960 Situs
1167 904 1329 959 urbis
1363 902 1546 973 ipsius
1576 901 1695 972 ipsa
1730 900 1819 956 sui
1850 914 1946 971 po-

313 991 530 1049 sitione
564 994 948 1064 delectabilis,
982 1009 1148 1064 quam
1180 993 1527 1065 przcterlluit
1557 994 1707 1049 Mosa
1739 989 1949 1047 ﬂuvius

312 1081 433 1153 ipsa
470 1084 556 1139 sui
593 1084 902 1140 fertilitate
932 1088 988 1139 et
1012 1083 1386 1139 viridantium
1416 1086 1708 1152 pratorum
1740 1078 1951 1150 grami-

314 1184 418 1225 nea
457 1171 703 1242 planieie
732 1169 1546 1242 joeundusﬂ’z’t.Samum).
1589 1170 1739 1224 Gens
1788 1166 1951 1224 urbis

320 1258 505 1329 ipsius
536 1261 735 1327 effera,
761 1260 943 1317 cultui
979 1262 1283 1316 demonum
1325 1259 1541 1329 dedita,
1581 1258 1765 1314 totius
1810 1256 1955 1313 veri'

319 1347 462 1402 tatis
496 1347 715 1416 ignara.
751 1349 956 1404 Nullus
986 1349 1053 1404 ad
1085 1363 1205 1402 eam
1240 1347 1506 1403 veritatis
1555 1361 1744 1417 praeco
1787 1361 1956 1403 vene-

312 1438 426 1503 rat,
476 1451 603 1491 cum
650 1439 827 1493 urbes
879 1439 933 1491 in
980 1438 1231 1493 circuitu
1279 1436 1502 1507 positas
1560 1435 1790 1492 divinus
1838 1437 1954 1506 jam

316 1523 598 1594 splendor
630 1526 970 1581 irradiasset
1002 1526 1243 1596 (fol.13).

387 1613 468 1669 Ad
504 1614 648 1669 banc
682 1629 822 1683 ergo
856 1615 1057 1671 urbem
1096 1631 1225 1670 cum
1261 1615 1422 1671 socio
1456 1614 1956 1685 pcrveniensbea-

2054 451 2354 516 raverunt,
2391 450 2591 505 sedem
2624 446 2797 502 habet
2824 443 3223 516 requietionis.
3257 443 3420 511 Quod
3444 445 3699 517 qualiter

2054 534 2125 592 de
2156 536 2279 608 ipso
2301 535 2426 606 ejus
2451 534 2853 593 sacratissimo
2875 547 3124 605 corpore
3145 532 3449 605 acciderit,
3471 535 3702 592 cumvi-

2051 623 2263 680 delicct
2311 623 2534 697 prOprii
2584 622 2800 679 laboris
2845 621 2899 678 in
2938 622 3095 691 jurbe
3140 620 3417 679 Meldensi
3462 636 3699 681 cursum

2050 712 2564 783 consummaverit,
2600 725 2849 782 sequens
2873 725 3063 768 sermo
3094 725 3200 768 suo
3232 708 3291 767 in
3341 708 3472 770 loco
3509 709 3701 769 decla-

2053 802 2225 857 rabit.

2127 892 2342 946 Beatus
2374 888 2571 960 itaque
2595 888 2903 945 Sanetinus
2927 887 3130 945 videns
3145 886 3420 959 populum
3439 886 3702 946 civitatis

2058 978 2304 1035 multum
2329 979 2431 1034 sed
2458 977 2745 1034 idolatriae
2768 990 2970 1034 errore
2992 980 3275 1033 caecatum
3300 976 3424 1047 (fol.
3446 977 3558 1048 14),
3575 991 3703 1051 pre-

2060 1066 2263 1124 videns
2293 1067 2467 1123 etiam
2501 1066 2555 1121 in
2589 1066 2798 1137 spiritu
2832 1065 3048 1122 ostium
3080 1080 3346 1135 magnum
3380 1071 3441 1122 et
3462 1066 3705 1124 evidens

2062 1157 2173 1212 sibi
2206 1161 2471 1227 apertum
2504 1155 2560 1211 in
2582 1155 2842 1225 Domino,
2876 1154 3225 1211 deliberavit
3257 1169 3386 1211 cum
3420 1155 3579 1213 socio
3602 1154 3705 1212 ali-
3788 1198 3793 1204 .

2065 1245 2405 1316 quantulum
2430 1232 2709 1300 remorari
2733 1244 2787 1299 in
2807 1244 2930 1299 loco
2947 1243 3091 1315 ipso.
3121 1244 3238 1299 Non
3255 1247 3380 1300 erat
3396 1243 3705 1302 hoctrans-

2063 1336 2227 1405 gredi
2254 1341 2541 1406 praecepta
2567 1333 2852 1403 magistri,
2887 1334 2936 1388 si
2969 1337 3027 1388 et
3060 1332 3204 1389 istos
3235 1331 3599 1405 lucrifacere,
3642 1337 3703 1391 et

2067 1424 2335 1479 mandata
2380 1422 2640 1492 magistri
2693 1422 2779 1478 sui
2837 1420 3089 1477 ﬁdeliter
3137 1427 3329 1492 posset
3363 1422 3701 1495 adimplere.

2065 1513 2293 1567 Poucns
2320 1525 2460 1580 ergo
2490 1525 2648 1580 spem
2680 1524 2840 1565 suam
2868 1508 2923 1563 in
2947 1509 3205 1578 Domino,
3243 1512 3300 1565 et
3333 1524 3395 1566 se
3427 1509 3510 1565 illi
3557 1524 3707 1567 com-

2069 1602 2325 1669 mittens,
2360 1600 2537 1655 corde
2567 1597 2824 1653 contrito
2873 1602 2933 1653 et
2977 1597 3281 1653 bumiliato
3333 1597 3707 1675 progreditur

310 1704 408 1756 tus
440 1702 749 1758 Sanctinus
774 1702 869 1772 (cf.
895 1703 1134 1760 ,Βιη-ίαγ.
1159 1719 1207 1759 c.
1235 1704 1309 1774 ‘2),
1336 1707 1394 1758 ct
1418 1703 1618 1758 videns
1641 1716 1841 1757 omnes
1870 1702 1948 1755 in.

2112 1690 2139 1744 d
2175 1688 2468 1759 pepulum,
2506 1686 2750 1759 replicat
2778 1690 2916 1743 Jesu
2951 1686 3164 1742 Christi
3186 1687 3585 1757 mvangelium.
3612 1688 3710 1743 Mi-

302 1788 638 1845 liabitantes
692 1790 979 1847 idolatriae
1011 1792 1242 1847 deditos
1273 1796 1329 1846 et
1383 1792 1602 1862 absque
1638 1792 1749 1846 Deo
1790 1805 1948 1859 vero,

302 1877 458 1933 humi
523 1884 855 1949 prostratus
905 1883 1255 1951 precabatur
1318 1882 1499 1935 Deum
1560 1878 1844 1935 attentius
1892 1883 1954 1934 ut

320 1965 533 2036 populo
557 1967 779 2022 sedenti
816 1968 868 2023 in
905 1969 1138 2037 regione
1166 1970 1383 2025 umbrae
1416 1969 1617 2024 mortis
1646 1968 1837 2024 lumen
1869 1982 1957 2023 os-

318 2054 587 2110 tenderet
620 2056 907 2113 veritatis.
936 2057 980 2112 Ο
1003 2058 1189 2113 oratio
1221 2059 1336 2113 Deo
1365 2061 1529 2126 grata
1564 2062 1622 2112 et
1654 2056 1951 2127 Speciosa!

320 2142 613 2213 spccciosa
650 2144 901 2215 inquam,
940 2146 1087 2201 facta
1120 2149 1288 2201 estet
1319 2145 1516 2201 suavis
1549 2146 1602 2199 in
1637 2150 1954 2215 conspectu

305 2229 510 2298 gloria}
535 2233 740 2286 summi
765 2233 886 2287 Dei.
914 2235 1027 2288 llcc
1055 2235 1336 2289 subvecta
1358 2233 1609 2299 geminis
1629 2233 1755 2301 alis,
1782 2231 1957 2288 dilec-

315 2318 499 2375 tionis
533 2320 628 2375 Dci
655 2320 929 2376 videlicet
963 2328 1020 2376 et
1056 2322 1323 2391 proximi,
1352 2321 1535 2376 libero
1568 2321 1764 2377 volatu
1796 2320 1956 2376 celos

307 2407 479 2476 petiit
503 2414 560 2463 et
587 2408 639 2463 in
672 2415 987 2479 conSpcctu
1009 2410 1418 2480 Redemptoris
1445 2411 1589 2466 facta
1619 2414 1709 2466 est
1736 2414 1795 2465 ut
1820 2409 1957 2464 thus

307 2496 440 2551 miri
475 2496 693 2553 odoris.
732 2500 813 2553 An
848 2514 957 2553 non
997 2499 1141 2554 facta
1174 2504 1266 2555 est
1314 2499 1502 2555 fumus
1555 2499 1684 2554 boni
1736 2498 1954 2569 odoris,

305 2597 437 2641 cum
471 2585 541 2642 de
579 2600 745 2642 manu
781 2586 974 2656 angeli
1010 2586 1656 2667 teneptisjt‘hu‘ribulum
1682 2587 1956 2643 ascendat

312 2670 505 2730 fumus
538 2678 883 2743 aromatum,
920 2689 1047 2745 quae
1082 2661 1217 2745 sunt
1249 2661 1545 2737 oriititlnes
1583 2676 1961 2733 sanctorum?

304 2762 364 2816 et
398 2761 453 2816 in
488 2762 822 2833 Apocalipsi
863 2756 1075 2833 viginti
1126 2776 1377 2834 quatuor
1408 2764 1863 2839 senioresstpnr
1898 2764 1958 2839 in

307 2854 630 2920 conspectu
666 2850 893 2920 throni,
931 2855 1196 2930 tenentes
1238 2850 1461 2933 ppialas
1494 2866 1702 2907 aureas
1761 2836 1958 2933 plenas

307 2936 848 3007 odoramentorum,
893 2927 1038 3019 meo;
1071 2927 1229 3023 sunt:
1256 2927 1566 3029 orationes;
1588 2927 1962 3029 sanctoque)?

317 3027 426 3084 Sed
456 3026 570 3098 jam
607 3027 897 3085 orationis
926 3016 1096 3098 hVUjus
1130 3016 1354 3085 fructus
1386 3016 1727 3100 videamus,
1806 3037 1825 3106 ξ

381 3118 503 3173 Jani
539 3117 612 3172 ab
644 3118 909 3174 oratione
943 3125 1188 3188 uterque
1237 3122 1591 3187 surrexerat,
1643 3098 1773 3174 cum
1806 3098 1958 3175 'eép‘é

312 3203 512 3261 vident
550 3204 604 3259 in
642 3220 751 3261 una
786 3207 1013 3263 arbore.
1051 3221 1178 3275 quae
1211 3206 1386 3262 ramis
1414 3220 1593 3277 opaca
1645 3211 1702 3262 et
1763 3206 1960 3262 altitu-

313 3292 446 3350 dine
483 3308 746 3363 procera,
785 3293 886 3349 sed
921 3293 1179 3350 cultibus
1197 3293 1518 3351 daemonum
1542 3298 1667 3350 erat
1696 3295 1957 3365 profana-

313 3383 394 3449 ta,
435 3380 569 3450 quia
602 3380 877 3437 videlicet
909 3381 987 3436 ibi
1036 3382 1288 3452 gentiles
1337 3383 1620 3439 rusticani
1661 3383 1871 3439 Faunis
1900 3383 1959 3438 et

322 3468 544 3539 Satyris
574 3474 705 3525 vota
740 3468 1042 3526 solvebant
1076 3474 1133 3525 et
1184 3485 1345 3526 sacra
1383 3470 1780 3540 celebrabant,
1834 3476 1960 3527 tres

320 3557 661 3613 consedisse
696 3558 1015 3627 columbas,
1052 3558 1452 3628 signiﬁcantes
1494 3559 1692 3629 utique
1751 3559 1960 3615 divinze

323 3657 457 3699 esse
488 3642 809 3701 voluntatis
840 3645 966 3717 ipso
1000 3646 1053 3701 in
1092 3645 1219 3702 loco
1248 3646 1463 3702 trinum
1495 3650 1551 3701 et
1586 3661 1759 3702 unum
1782 3647 1960 3702 Deum

322 3731 654 3804 praedicari.
707 3734 785 3788 De
843 3734 938 3789 Dei
991 3748 1132 3803 ergo
1183 3734 1270 3789 ﬁsi
1317 3734 1736 3803 misericordia,
1795 3734 1963 3805 cujus

319 3822 483 3874 tanta
518 3820 573 3876 in
609 3821 838 3877 futuros
870 3822 1201 3894 adaptionis
1233 3822 1384 3879 ﬁlios
1423 3822 1817 3893 prmvidebant
1868 3825 1963 3880 be-

327 3907 554 3977 neﬁcia,
590 3907 697 3979 ipsi
732 3909 936 3965 intimo
966 3911 1162 3967 cordis
1194 3910 1403 3967 affectu
1436 3910 1806 3967 multimodas
1833 3926 1962 3982 ege-

318 4000 458 4052 runt
491 3996 735 4066 gratias,
761 4001 818 4052 ct
844 4001 904 4054 ut
940 3998 995 4053 in
1028 3998 1214 4055 servis
1240 3998 1362 4055 suis
1382 3997 1814 4069 gloriﬁcaretur
1834 4013 1963 4072 pre-

310 4095 378 4139 ce
410 4084 727 4154 poscebant
758 4083 1094 4141 humillima.

390 4170 576 4227 Locus
612 4170 812 4243 igitur,
839 4173 893 4227 in
929 4162 1045 4243 quo
1072 4173 1143 4229 ad
1165 4173 1342 4229 Deum
1376 4173 1673 4246 praemissa
1700 4175 1805 4232 fuit
1835 4192 1962 4232 ora-

311 4257 414 4328 tio,
451 4273 614 4315 mons
639 4263 768 4315 erat
791 4260 941 4317 situs
971 4260 1041 4316 ad
1067 4262 1602 4332 septemtrionalem
1627 4263 1850 4335 plagam
1874 4276 1963 4321 ur'

318 4344 431 4414 bis,
465 4346 561 4415 qui
592 4347 649 4402 in
676 4362 780 4403 suo
809 4349 1107 4404 cacumine
1138 4364 1209 4405 ex
1238 4355 1376 4406 tunc
1411 4346 1601 4421 gestat
1634 4351 1957 4408 aecclesiam

2069 1783 2273 1834 rantur
2304 1776 2360 1832 in
2393 1791 2461 1832 eo
2490 1775 2775 1831 vilitatem
2809 1775 3063 1845 habitus,
3098 1774 3439 1844 dignitatem
3483 1775 3705 1847 vultus,

2068 1866 2352 1923 sermonis
2386 1864 2731 1934 facundiam,
2769 1861 3181 1920 miraculorum
3223 1863 3532 1920 efﬁcatiam
3558 1881 3573 1931 ;
3604 1878 3711 1922 nec

2065 1960 2259 2011 tamen
2309 1958 2553 2026 possunt
2605 1953 2827 2019 auiiro,
2879 1951 3032 2023 quod
3081 1952 3331 2008 debeant
3401 1952 3711 2012 demonum

2066 2045 2263 2101 cultus
2323 2044 2597 2114 abjicere,
2652 2042 2869 2111 ﬁguras
2907 2041 3144 2096 deorum
3196 2055 3429 2097 suorum
3476 2056 3707 2113 aureas,

2071 2138 2402 2204 argenteas,
2420 2145 2797 2200 marmoreas,
2812 2144 3060 2200 gypseas
3072 2134 3131 2185 et
3149 2128 3372 2198 ligneas
3387 2145 3490 2186 con
3502 2130 3714 2203 fringe-

2069 2238 2151 2291 re,
2187 2226 2245 2277 et
2280 2236 2413 2278 aras
2442 2222 2808 2276 subvertere.
2863 2216 3004 2285 Quis
3055 2218 3273 2273 referat
3320 2218 3593 2290 quotiens
3638 2220 3711 2275 ab

2072 2310 2190 2366 illis
2245 2325 2437 2377 eesus,
2475 2307 2746 2378 quotiens
2778 2307 3090 2377 injuriatus
3118 2308 3188 2361 ab
3223 2308 3364 2362 urbe
3396 2307 3714 2364 semivivus

2069 2398 2367 2472 projectus
2399 2398 2519 2453 sit?
2550 2395 2716 2453 Solus
2748 2396 2856 2451 hoc
2889 2394 3050 2451 novit
3102 2394 3403 2465 inspector
3451 2396 3714 2453 interno-

2068 2504 2216 2559 rum,
2244 2487 2359 2558 qui,
2396 2486 2528 2558 quia
2564 2485 2671 2542 fuit
2702 2484 2873 2541 testis
2905 2497 3181 2556 penarum
3206 2489 3266 2540 et
3289 2484 3571 2555 laborum,
3601 2485 3718 2543 fac-

2068 2583 2164 2633 tus
2186 2580 2272 2633 est
2300 2574 2502 2631 militis
2527 2573 2612 2630 sui
2639 2573 2768 2644 pius
2789 2578 3194 2629 remunerator
3216 2577 3275 2628 et
3298 2572 3542 2643 largitor
3562 2588 3714 2646 pra:-

2060 2666 2333 2745 gniorum.
2372 2664 2712 2733 Augebatur
2749 2668 2942 2717 tamen
2995 2676 3271 2719 numerus
3319 2661 3707 2733 credentium,

2056 2736 2242 2837 :etf'éle:
2259 2753 2352 2809 die
2384 2753 2438 2807 in
2465 2752 2615 2808 diem
2650 2751 2875 2807 meritis
2900 2765 3201 2807 servorum
3245 2764 3477 2808 suorum
3518 2748 3714 2807 multi-

2069 2842 2399 2915 plica’batur
2430 2840 2691 2898 :ccclesia
2729 2839 3195 2909 ﬁdelium,error
3239 2838 3545 2909 gentilium
3581 2839 3714 2897 des-

2004 2998 2017 3007 κ
2052 2933 2399 3016 διοιτυεξῠριωι,
2430 2934 2486 2985 et
2512 2929 2655 2986 ﬁdes
2687 2932 2884 2985 sancta
2912 2927 3126 2997 ubique
3147 2927 3492 2999 docebatur,
3522 2927 3713 2998 gratia

1814 3010 1831 3015 ..
1886 3010 1941 3029 ιε

1811 3037 1825 3047 κ.
1882 3044 1939 3062 ι..

1808 3066 1823 3077 ι.
1879 3072 1936 3090 ι.

1806 3093 1823 3107 υ
1874 3092 1951 3122 ι..

2112 3010 2954 3101 βνῑῖξιηξοοηόοηξιὺθιιινβιὶη
2977 3014 3287 3071 credentes
3310 3015 3563 3087 Spiritus
3586 3029 3718 3074 san-

2112 3096 2158 3133 t!
2180 3104 2488 3133 nausa...“
2529 3104 3067 3133 m..n:..1:,m|mni....
3122 3103 3274 3133 πηιςν
3305 3103 3552 3133 “mima-
3588 3110 3686 3133 οη...

2069 3096 2158 3164 ί)ὗῖ
2177 3096 2490 3165 chrismata
2528 3104 3086 3177 multiplicabantur.
3120 3103 3278 3159 Felix
3304 3103 3556 3163 acclesia
3588 3110 3717 3162 tan-

2069 3196 2114 3253 ti
2150 3196 2402 3268 pastoris
2426 3194 2707 3265 rcgimine
2739 3192 2907 3262 digna
2937 3210 2951 3259 ;
2987 3191 3396 3249 illustrabatur
3417 3193 3568 3250 enim
3614 3193 3717 3251 mi-

2070 3284 2287 3342 raculis
2317 3288 2492 3354 atque
2525 3281 2827 3339 doctrinis.
2867 3279 3146 3337 Omnibus
3177 3279 3366 3336 omnia
3392 3280 3579 3341 factus
3599 3286 3711 3352 est,

2072 3379 2134 3430 ut
2155 3388 2307 3430 omn.
2328 3388 2355 3428 s
2381 3371 2756 3427 lucrifaceret
2824 3368 2927 3435 Qui
2957 3368 3066 3425 etsi
3098 3367 3411 3439 injuriatus
3438 3372 3525 3424 est
3578 3368 3715 3427 dum

2072 3461 2423 3534 praedicaret
2457 3458 2774 3528 Christum,
2808 3456 3060 3513 libenter
3092 3456 3382 3513 tolerabat
3412 3456 3573 3514 illata
3602 3457 3713 3514 sibi

2069 3553 2381 3619 tormenta,
2410 3547 2724 3619 obpropria
2740 3551 2797 3602 et
2823 3545 3133 3601 irrisioncs
3149 3544 3452 3616 malorum,
3481 3549 3544 3601 ut
3566 3559 3714 3616 quos

2071 3641 2530 3711 perscquutores
2563 3635 2919 3707 patiebatur,
2952 3633 3102 3689 tllios
3126 3634 3366 3713 faceret,
3389 3637 3447 3691 et
3473 3633 3714 3691 Domino

2072 3726 2344 3783 reddent
2378 3724 2618 3793 animas,
2647 3737 2792 3793 quas
2815 3721 3082 3778 diabolus
3106 3722 3428 3779 conabatur
3458 3720 3707 3779 auferre.

2142 3813 2531 3884 Cumquejam
2556 3810 2656 3869 Dei
2696 3811 3040 3882 disponente
3079 3810 3386 3867 clementia
3423 3807 3619 3881 plures
3641 3824 3716 3868 ex

2071 3904 2180 3972 his,
2215 3902 2313 3973 qui
2370 3899 2684 3971 aliquando
2718 3900 2947 3954 fuerant
2980 3912 3118 3955 vasa
3160 3898 3262 3956 iraa
3295 3897 3349 3954 in
3386 3897 3709 3970 interitum,

2072 3992 2426 4049 ﬁerentvasa
2446 3987 2863 4044 misericordiae
2879 4001 2981 4059 per
2999 3986 3271 4059 baptismi
3286 3992 3714 4044 sacramentum

2070 4081 2276 4138 videns
2303 4077 2623 4137 aecclesiam
2660 4075 2913 4133 ﬁdelium
2937 4074 2993 4131 in
3024 4090 3093 4132 eo
3127 4089 3276 4144 esse,
3316 4078 3376 4131 ut
3427 4074 3715 4147 proﬁcere

2066 4170 2182 4241 jam
2212 4170 2334 4241 ipsa
2362 4183 2461 4240 per
2485 4166 2688 4223 semeti
2699 4180 2859 4237 psam
2884 4169 3108 4237 posset,
3130 4168 3189 4220 et
3213 4163 3428 4221 timens
3451 4179 3522 4221 ne
3547 4164 3715 4222 siali-

2074 4262 2292 4330 quanto
2318 4256 2541 4313 diutius
2565 4254 2640 4311 ibi
2687 4258 3101 4324 remoraretur,
3147 4251 3425 4323 injunetae
3447 4253 3559 4310 sibi
3582 4255 3718 4311 obe-

2073 4347 2310 4404 dientize
2365 4345 2582 4415 legatio
2623 4341 3353 4413 cassaretur,cont‘ortatis
3378 4342 3435 4399 in
3476 4343 3715 4402 Domino

313 4432 721 4504 apostolorum
754 4436 910 4490 Petri
946 4440 1002 4490 et
1034 4436 1195 4492 Pauli
1230 4437 1456 4495 nomine
1495 4443 1553 4495 et
1606 4440 1829 4497 meritis
1886 4442 1958 4499 ab
1989 4424 2040 4485 D
2075 4435 2631 4504 fratribus,etsuum
2651 4433 2902 4489 reditum
2920 4432 3206 4489 maturius
3224 4430 3719 4504 promittensaﬁ‘u-

318 4520 447 4593 ipso
478 4521 606 4577 viro
636 4522 737 4577 Dei
770 4523 1113 4580 dedicatam.
1141 4524 1278 4591 Quae
1302 4528 1670 4584 consecratio
1698 4529 1843 4584 facta
1867 4534 1956 4586 est

313 4622 464 4665 anno
525 4608 809 4666 incarnati
853 4612 1024 4667 Verbi
1070 4617 1158 4683 98,
1201 4613 1475 4670 videlicet
1515 4616 1604 4671 13°
1641 4617 1957 4675 Domiciani

312 4696 554 4755 cmsaris
586 4711 757 4762 anno,
790 4698 1031 4769 Trojano
1059 4699 1280 4771 septies
1317 4705 1374 4758 et
1420 4702 1663 4760 Maximo
1706 4705 1958 4762 consuli-

315 4784 442 4840 bus.
480 4785 540 4840 ln
565 4799 678 4855 qua
710 4785 884 4840 etiam
916 4786 1127 4843 atrium
1168 4788 1485 4860 benedixit,
1518 4793 1576 4845 et
1607 4790 1957 4849 cimiterium

318 4870 706 4928 Virdunensis
731 4872 1011 4930 aecclcsiae
1032 4888 1162 4931 esse
1183 4877 1511 4947 constituit,
1536 4876 1633 4932 ubi
1658 4878 1779 4950 ipse
1802 4880 1957 4937 dom-

316 4972 429 5016 nus
456 4975 587 5016 cum
618 4960 1060 5019 successoribus
1092 4963 1210 5019 suis
1235 4964 1583 5037 praesulibus
1604 4960 1839 5037 sanctis,
1861 4983 1958 5024 ex-

311 5046 506 5116 ceptis
529 5046 637 5116 bis,
673 5047 770 5117 qui
803 5048 911 5104 sibi
943 5049 1168 5106 dicatas
1199 5051 1480 5108 ecclesias
1511 5054 1799 5123 corporali
1828 5055 1957 5111 illu-

321 5135 514 5189 strant
540 5136 872 5206 praesentia,
895 5136 987 5194 vel
1013 5138 1107 5209 qui
1133 5130 1230 5195 eas
1244 5138 1696 5209 mdiﬁcaverunt,
1714 5145 1811 5198 aut
1828 5142 1958 5198 aedi-

2075 4529 2294 4594 turum,
2319 4522 2653 4579 valedicens
2677 4521 2784 4591 eis,
2810 4527 2867 4576 et
2896 4521 3309 4577 commendans
3331 4534 3433 4577 eos
3454 4519 3713 4592 Domino,

2070 4613 2188 4671 illis
2209 4627 2339 4669 eum
2366 4610 2854 4684 persequentibus
2877 4624 3007 4666 cum
3032 4608 3304 4680 lacrimis,
3331 4610 3565 4666 Romam
3581 4623 3718 4680 pro-

2071 4702 2260 4758 fectus
2291 4699 2622 4772 est(E,zist.
2708 4698 3049 4755 Hincmam'.
3132 4697 3276 4770 (Fol.
3323 4698 3429 4753 14..
3461 4695 3573 4767 )Et
3619 4711 3719 4755 ve-

2070 4790 2299 4847 nientes
2328 4788 2383 4844 in
2418 4786 2995 4857 Italiam,Antoninus
3014 4784 3201 4841 valida
3225 4786 3383 4842 febre
3401 4789 3720 4858 correptus

2068 4882 2177 4945 est,
2205 4878 2259 4933 in
2283 4876 2450 4945 cujus
2470 4874 2773 4945 obsequiLs
2798 4875 3005 4930 beatus
3027 4873 3338 4931 Sanctinus
3364 4888 3467 4945 per
3490 4872 3719 4944 aliquot

2069 4966 2193 5022 dies
2214 4965 2575 5029 immoratus;
2602 4961 2846 5018 consilio
2870 4965 2930 5017 et
2950 4976 3237 5019 consensu
3259 4962 3522 5032 ejusdem
3560 4963 3715 5019 beati

2067 5050 2340 5109 Antonini
2365 5065 2435 5107 ne
2450 5047 2768 5122 preceptio
2793 5049 2947 5105 beati
2962 5049 3219 5121 Dyonisii
3244 5064 3609 5122 quacumque
3623 5066 3720 5108 oc-

2063 5140 2295 5198 casione
2324 5137 2728 5210 impediretur,
2763 5150 3046 5208 peragere
3069 5142 3305 5210 ceptum
3347 5137 3468 5193 iter
3522 5137 3722 5211 dispo.

1670 5270 1907 5328 VARUE
1950 5269 2348 5329 LECTIONES.

376 5356 424 5392 ³ο
470 5358 589 5418 Has
604 5390 657 5400 —
678 5359 1035 5421 celebratam
1055 5368 1107 5421 2.

1897 5435 2125 5495 NOTE.

311 5496 427 5571 (as)
457 5496 538 5557 lib
565 5498 660 5556 iu.
691 5513 745 5557 ε.
777 5503 865 5558 ao.
