3940 6048
249 206 335 268 as
824 179 833 183 ’
1218 213 1586 280 HUGONIS
1608 236 1609 239 ~
1629 214 1898 277 ABBAT

2021 206 2699 284 FLAVINIACENSIS
3587 220 3661 291 34

245 340 396 396 suit.
422 341 491 396 Et
524 342 891 400 sufﬁcienter
919 346 1141 402 exeniis
1163 351 1222 405 et
1244 348 1722 406 honestislinteis
1745 348 1899 421 prin-
1928 346 1983 407 A
2014 347 2120 405 hoc
2143 350 2199 406 in
2222 350 2349 408 loco
2382 353 2735 426 scriptorum
2767 356 3464 431 dissonantiam,virtutis
3492 363 3665 434 hujus
3764 411 3775 421 ,

246 428 372 500 cipi
406 428 613 487 domus
637 431 959 504 derelictis,
998 435 1164 506 petiit
1198 442 1255 492 ot
1288 453 1393 508 per
1426 440 1600 494 Deum
1640 441 1900 494 obtesta-

242 520 356 573 tus
385 522 474 574 est
510 523 595 587 ut,
631 519 675 576 si
702 522 1028 579 Antoninus
1058 526 1515 597 convalesceret,
1566 527 1774 582 exinde
1818 526 1900 580 illi

244 605 800 665 habundantissime
831 611 1215 685 ministraret,
1248 614 1297 670 si
1326 630 1471 671 vero
1498 615 1614 671 vita
1667 615 1904 671 decede-

246 699 369 766 ret,
403 695 817 754 honestissime
851 700 1130 771 sepeliret
1161 722 1172 756 :
1207 708 1266 759 et
1302 703 1386 759 sic
1434 704 1569 773 iter,
1618 704 1770 774 quod
1813 718 1904 758 co-

243 790 445 854 perat,
474 799 754 856 peragere
782 788 1029 844 studuit.

324 872 398 927 Et
424 888 555 929 cum
581 874 697 944 jam
732 875 1044 933 Sanctinus
1075 877 1218 934 lines
1248 881 1635 935 Romanorum
1658 880 1902 950 contigit

251 961 551 1018 Antonius
582 962 701 1017 vita
736 963 1012 1021 decessit.
1050 965 1227 1031 Quem
1264 968 1533 1039 princeps
1557 969 1784 1037 domus,
1820 983 1905 1023 re-

248 1049 442 1104 tentis
474 1051 742 1107 emnibus
773 1068 903 1122 qua:
935 1053 1045 1109 sibi
1078 1057 1479 1111 commendata
1507 1057 1563 1112 in
1585 1056 1712 1125 ejus
1738 1059 1907 1113 obse-

245 1137 410 1205 quiis
440 1137 672 1194 fuerant
705 1141 961 1198 catabuli
996 1143 1085 1199 sui
1119 1144 1173 1198 in
1201 1159 1317 1215 quo
1346 1145 1611 1201 animalia
1663 1145 1789 1214 ejus
1824 1145 1907 1214 ja-

251 1225 478 1281 cebant
511 1242 651 1284 axes
682 1228 918 1300 levavit,
950 1235 1007 1286 et
1034 1232 1087 1286 in
1139 1232 1347 1288 fossam
1394 1234 1491 1290 ubi
1536 1239 1799 1289 stercora
1847 1239 1906 1288 et

246 1313 442 1371 urinae
467 1315 799 1373 animalium
822 1316 1157 1375 deﬂuebant
1178 1335 1308 1376 eum
1335 1322 1602 1392 projecit,
1637 1325 1693 1377 et
1738 1322 1908 1378 «lesu-

244 1416 365 1472 per
404 1417 542 1460 axes
598 1406 843 1462 remisit.
892 1408 1029 1474 Quze
1084 1409 1275 1464 omnia
1332 1410 1541 1466 beatus
1600 1411 1907 1466 Sanctinus

240 1494 522 1564 cumjam
557 1494 840 1553 intrasset
872 1497 1017 1555 fines
1048 1500 1457 1572 Romanorum,
1497 1516 1599 1572 per
1629 1501 1904 1572 Spiritum

244 1586 520 1638 sanctum
554 1586 851 1656 cognovit,
886 1592 947 1643 et
978 1604 1107 1644 cum
1150 1603 1351 1660 magna
1402 1590 1774 1646 festinatione
1822 1604 1909 1645 re-

241 1684 460 1727 versus
489 1673 561 1727 ad
596 1673 827 1730 domum
854 1675 907 1730 in
942 1691 1051 1746 qua
1097 1678 1443 1734 Antoninum
1488 1677 1776 1748 jacentem
1823 1678 1908 1733 di-
1935 1705 1988 1764 B

238 1757 515 1827 miserat,
547 1760 693 1817 ﬂens
723 1766 780 1817 et
815 1763 1021 1820 dolens
1052 1766 1316 1836 pervenit
1347 1770 1402 1822 et
1441 1767 1762 1837 principem
1808 1766 1906 1822 do-

240 1861 384 1903 mus
412 1847 797 1918 interogavit:
837 1851 947 1909 Ubi
968 1852 1071 1922 est,
1100 1853 1391 1924 inquiens;
1423 1855 1755 1911 Antoninus
1769 1855 1908 1927 fra-

238 1940 523 1994 termeus
544 1937 948 1997 laris-simus?
977 1941 1030 1997 Is
1060 1946 1252 1997 autem
1297 1941 1448 1998 ﬁctis
1487 1943 1803 2011 gemitibus
1841 1961 1905 2001 ac

238 2024 524 2095 suspiriis
575 2025 844 2083 simulata
894 2029 1190 2085 mestitia:
1240 2028 1517 2088 Mortuus
1537 2031 1642 2100 est,
1679 2030 1901 2101 inquit:

235 2125 433 2183 quem
464 2112 535 2169 de
550 2114 705 2171 milii
726 2129 767 2172 a
789 2117 844 2172 te
858 2119 1183 2176 commissis
1200 2118 1615 2176 honestissime
1634 2121 1900 2191 sepelivi.

242 2201 359 2256 Cui
396 2202 744 2260 Sanctinus:
778 2203 1078 2276 Mentiris,
1117 2207 1196 2262 ait
1213 2208 1321 2279 ﬁli
1342 2207 1608 2279 diaboli;
1648 2210 1716 2265 in
1760 2210 1906 2265 ster-

235 2290 585 2359 quilinium
594 2294 915 2365 projecisti
935 2309 1065 2352 eum
1079 2298 1275 2352 cirum
1287 2298 1559 2353 sanctum
1577 2300 1637 2353 et
1645 2298 1897 2369 justum.

236 2377 331 2433 Et
352 2392 514 2436 nunc
540 2382 677 2437 veni
705 2396 931 2441 mecum
952 2384 1033 2440 ad
1059 2384 1329 2442 catabuli
1361 2386 1567 2455 locum,
1618 2388 1684 2442 in
1732 2401 1905 2457 quem

224 2465 559 2538 prqiecisti
591 2483 739 2526 eum.
768 2472 821 2528 ls
850 2478 1040 2529 autem
1076 2473 1285 2529 timore
1309 2473 1636 2545 perculsus,
1671 2490 1784 2530 non
1811 2479 1899 2532 est

239 2568 433 2612 ausus
455 2558 631 2613 reniti
658 2560 794 2628 quin
827 2575 957 2617 cum
988 2575 1055 2618 eo
1079 2561 1305 2617 veniret
1330 2563 1401 2618 ad
1433 2563 1618 2619 locum
1651 2563 1747 2618 ubi
1770 2579 1900 2618 eum

243 2643 602 2715 proiecerat.
638 2648 708 2702 Et
742 2648 1005 2706 levantes
1038 2650 1170 2707 inde
1209 2665 1369 2721 axes,
1413 2651 1724 2707 Sanctinus
1770 2667 1900 2708 cum

244 2730 510 2790 lacrimis
550 2750 696 2792 voce
748 2752 951 2808 magna
1002 2738 1273 2795 clamavit
1335 2740 1566 2796 dicens:
1613 2741 1904 2797 Antonine

246 2820 469 2891 frater,
506 2824 575 2879 in
595 2828 832 2883 nomine
863 2827 1087 2884 domini
1107 2830 1300 2886 nostri
1346 2828 1491 2887 Jesu
1537 2829 1771 2887 C'Izristi
1788 2843 1902 2902 pro

244 2910 425 2980 cujus
452 2914 691 2969 nomine
716 2915 776 2969 et
801 2929 995 2972 amore
997 2931 1223 2988 passus
1244 2917 1335 2975 est
1343 2918 1506 2989 glori
1516 2932 1648 2975 osus
1667 2919 1904 2990 martyr

243 2998 603 3070 Dyonisius,
630 3015 830 3074 surge,
874 3004 933 3060 et
964 3007 1359 3077 perﬁciamus
1406 3008 1596 3062 simul
1637 3006 1902 3063 obedien-

245 3085 404 3142 tiam
432 3102 619 3158 qnam
675 3090 864 3148 isdem
897 3094 1199 3164 gloriosus
1238 3096 1454 3166 pastor
1504 3096 1565 3150 et
1611 3097 1902 3167 magister

245 3175 453 3232 noster
480 3181 869 3236 communiter
888 3180 1058 3239 nobis
1078 3185 1373 3255 praecepit.
1407 3185 1474 3238 Et
1508 3184 1702 3239 statim
1728 3185 1903 3240 Anto-

254 3263 430 3320 ninus
463 3271 724 3324 stercore
767 3270 1083 3327 obvolutus
1130 3272 1409 3329 surrexit.
1455 3272 1634 3337 Quem
1696 3273 1903 3328 beatus

254 3350 570 3410 Sanctinus
599 3356 671 3411 de
703 3358 959 3413 catabuli
995 3360 1149 3415 fossa
1183 3360 1466 3431 extraxit,
1500 3364 1559 3416 et
1582 3359 1903 3430 diligentis-

253 3440 403 3496 sime
434 3441 599 3514 lavit,
634 3449 694 3500 et
722 3446 954 3502 mundis
986 3462 1051 3503 ac
1083 3448 1344 3504 honestis
1377 3450 1639 3505 vestibus
1688 3450 1896 3506 induit.

250 3529 465 3601 Sicque
492 3532 806 3591 oll‘erentes
836 3537 1073 3592 Domino
1105 3538 1454 3594 sacrificium
1508 3538 1716 3607 laudis,
1770 3555 1899 3595 cum

246 3620 376 3672 tota
402 3620 614 3677 mentis
636 3623 957 3680 intentione
982 3630 1044 3681 et
1065 3625 1430 3681 lacrimarum
1454 3628 1899 3697 compunctione

248 3708 629 3767 eucharistize
644 3712 913 3783 corporis
935 3714 1311 3783 etsanguinis
1329 3714 1542 3770 Christi
1562 3716 1897 3786 participati

249 3798 502 3852 sunt.Et
526 3799 884 3872 accipientes
906 3801 1098 3858 cibum
1122 3803 1437 3860 confortati
1479 3809 1632 3860 sunt.
1682 3806 1749 3859 Et
1787 3805 1900 3860 iter

250 3889 510 3955 emptum
543 3889 976 3960 aggredientes,
1012 3893 1247 3947 Romam
1283 3893 1601 3949 auxiliante
1658 3894 1899 3949 Domino

251 3980 670 4043 pervenerunt.
695 3978 836 4049 (Fol.
862 3978 976 4049 15.)
999 3981 1238 4050 Jamque
1260 3981 1429 4037 beato
1447 3981 1739 4038 Clemente
1754 3998 1900 4038 mar-

250 4062 407 4131 tyrio
438 4070 745 4134 coronato,
782 4066 837 4121 in
869 4067 1071 4123 eadem
1104 4069 1243 4125 sede
1297 4073 1432 4139 post
1475 4069 1815 4126 Anacletum
1854 4069 1898 4103 ’1

245 4156 520 4221 quartum
586 4167 617 4209 a
670 4153 842 4211 beato
882 4157 1056 4212 Petro
1113 4158 1438 4214 Evaristum
1490 4163 1896 4215 consecratum

245 4240 584 4309 pontiﬁcem
620 4241 989 4315 invenerunt,
1025 4245 1118 4302 cui
1149 4260 1252 4317 per
1281 4246 1490 4315 omnia,
1517 4245 1895 4304 sicutbeatus

243 4328 559 4399 Dyonisius
580 4330 864 4403 jusscrat,
895 4339 1063 4390 actus
1094 4338 1151 4389 et
1184 4335 1445 4405 martyrii
1475 4334 1600 4404 ejus
1630 4336 1893 4392 ordinem

243 4424 655 4476 narraverunt.

315 4506 483 4563 Libet
515 4508 612 4564 hic
641 4508 1072 4582 aliquantisper
1103 4512 1401 4569 immorari
1449 4514 1713 4585 partibus
1761 4530 1894 4585 pru-

239 4592 480 4667 dentiae,
518 4613 688 4669 quam
722 4605 922 4672 patres
970 4600 1153 4657 nostri
1204 4605 1262 4656 et
1317 4601 1610 4673 przccipue
1654 4601 1891 4657 moralis

243 4681 454 4741 doctor
487 4688 832 4746 Ambrosius
864 4689 1147 4747 definiunt
1184 4690 1406 4746 versari
1442 4690 1495 4745 iu
1525 4691 1647 4746 veri
1697 4690 1892 4760 cogni-

249 4771 421 4843 tione,
453 4781 515 4832 et
543 4778 807 4835 scientiae
838 4778 1121 4850 plenioris
1147 4779 1528 4850 cupiditatem
1563 4779 1884 4836 infundere.

239 4861 561 4921 Prudentia
611 4866 845 4939 quidem
899 4873 992 4925 est
1039 4869 1215 4925 Deum
1262 4868 1413 4924 scire
1460 4868 1637 4924 Deum
1683 4868 1889 4924 timere

237 4951 538 5024 Deumque
571 4956 895 5026 requirere.
923 4958 1057 5013 Haec
1082 4962 1172 5014 est
1192 4957 1315 5013 veri
1339 4955 1618 5026 cognitio.
1646 4956 1887 5012 Accedit

235 5044 299 5096 et
318 5041 588 5101 scientiae
611 5044 897 5115 plenioris
916 5044 1232 5118 cupiditas,
1257 5046 1425 5116 cujus
1449 5053 1541 5102 est
1572 5045 1886 5102 trimodum

235 5129 643 5201 intelligentia:
665 5147 870 5204 genus,
905 5138 968 5190 ut
993 5134 1041 5190 si
1076 5134 1131 5189 in
1156 5133 1332 5190 dictis
1358 5135 1640 5205 majorum
1664 5133 1885 5203 aliquid

232 5215 601 5278 diversitatis
632 5221 950 5293 inveneris,
978 5222 1033 5278 in
1068 5222 1190 5279 veri
1218 5222 1671 5292 investigatione
1694 5238 1886 5280 verse-

230 5304 335 5376 ris,
363 5309 429 5362 ut
450 5307 527 5364 sit
550 5307 656 5365 tibi
680 5309 736 5365 in
761 5309 852 5366 his
877 5309 1136 5368 discendi
1160 5314 1218 5366 et
1239 5310 1503 5367 imitandi
1527 5311 1880 5383 reverentia,

229 5408 345 5451 non
387 5394 724 5469 disputandi
768 5398 1005 5456 astutia.
1060 5400 1176 5457 Nos
1216 5398 1395 5470 igitur
1435 5398 1882 5459 considerantes

1932 3053 1981 3116 C

2014 452 2205 494 arcem
2253 446 2569 509 teneamus,
2615 450 2673 499 et
2724 460 2835 500 non
2894 448 3110 503 nostris
3134 448 3509 519 ﬁsi'viribus,
3559 450 3661 507 scd

2013 526 2321 596 scripturae
2350 544 2531 586 sacra:
2566 530 2693 586 fulti
2726 534 3196 605 auctoritatibus,
3223 537 3313 591 cui
3340 538 3555 593 veritas
3582 539 3660 593 fa-

2012 619 2164 683 veat,
2204 617 2437 672 Christo
2460 620 2575 674 Deo
2610 620 2900 690 przeduce,
2928 622 3246 679 videamus.
3296 624 3562 693 Legimus
3603 626 3656 681 in

2012 704 2216 773 gestis,
2247 705 2535 763 invenisse
2562 708 2793 765 beatum
2818 711 3150 767 Sauctinum
3180 713 3232 766 in
3259 714 3395 769 sede
3420 715 3655 769 Romani

2017 792 2411 863 pontilicatus,
2428 811 2555 851 cum
2572 797 2825 853 venisset
2841 799 3073 855 Romam
3095 816 3163 856 ex
3182 806 3477 872 praecepto
3505 803 3657 858 beati

2016 879 2285 951 Dyonisii,
2341 896 2543 952 papam
2592 885 2952 954 Anacletum,
3007 889 3240 944 natione
3291 890 3536 945 Grecum
3588 891 3659 947 (le

2017 965 2275 1022 Athenis.
2310 969 2401 1024 cui
2432 976 2598 1027 actus
2629 976 2687 1026 et
2720 974 2978 1043 martyrii
3013 976 3139 1045 ejus
3162 981 3329 1046 gesta
3361 976 3648 1034 retulerit.

2016 1053 2179 1119 Quod
2214 1069 2381 1124 quam
2414 1056 2489 1111 sit
2522 1059 2832 1114 absurdem
2864 1061 3031 1117 facile
3065 1063 3414 1133 advertitur,
3451 1064 3500 1120 si
3552 1067 3660 1122 Ro-

2018 1155 2313 1199 manorum
2346 1145 2679 1214 pontiﬁcum
2708 1149 3004 1204 successio
3047 1155 3106 1205 et
3154 1153 3414 1222 martyrii
3474 1153 3659 1224 ipsius

2021 1230 2174 1284 beati
2204 1232 2457 1300 Dyonisii
2486 1234 2767 1291 terminus
2796 1236 3139 1307 inspiciatur
3172 1255 3275 1309 per
3309 1240 3659 1298 indictionos

2017 1322 2073 1373 et
2099 1333 2297 1374 annos.
2326 1321 2547 1376 Prefuit
2571 1323 2721 1377 enim
2740 1324 2904 1393 juxta
2932 1325 3509 1397 lidemhystoriarum
3528 1330 3661 1385 bea-

2019 1410 2116 1461 tus
2143 1408 2354 1462 Petrus
2390 1410 2516 1464 urbi
2548 1411 2815 1466 Romanae
2848 1426 2897 1466 a.
2931 1417 3018 1482 2“,
3055 1429 3124 1468 m.
3160 1418 3213 1484 2,
3244 1415 3298 1470 d.
3330 1421 3383 1485 8,
3439 1416 3493 1470 in
3535 1417 3658 1487 qui—

2020 1494 2147 1562 bus,
2175 1500 2238 1550 ut
2262 1498 2534 1566 superius
2560 1499 2803 1555 relatum
2829 1506 2918 1557 est
2942 1502 3047 1556 sub
3070 1517 3139 1557 eo
3164 1504 3308 1557 rexit
3335 1504 3656 1561 zecclesiam

2020 1582 2211 1653 Linus,
2244 1586 2408 1640 annis
2440 1590 2525 1657 11,
2568 1587 2862 1644 mensibus
2902 1594 2953 1659 3,
3007 1590 3213 1646 diebus
3257 1596 3341 1646 12.
3397 1591 3554 1647 Obiit
3602 1599 3652 1649 9.

2021 1670 2257 1727 Kalend.
2297 1673 2588 1731 Octobris.
2612 1676 2711 1732 Cui
2747 1692 2875 1732 mox
2910 1680 3196 1734 successit
3228 1679 3446 1750 Cletus,
3470 1682 3658 1738 etsub

2019 1761 2194 1816 Petro
2227 1762 2375 1817 rexit
2401 1762 2721 1819 tecelesiam
2751 1766 2919 1821 annis
2939 1772 3005 1823 12
3028 1781 3223 1823 mense
3250 1773 3297 1836 1,
3321 1768 3528 1825 diebus
3569 1774 3653 1839 11,

2018 1848 2174 1903 Obiit
2207 1853 2258 1905 6.
2295 1850 2415 1906 Kal.
2452 1852 2556 1907 Mai
2582 1851 2785 1922 (Gesta
2803 1856 2955 1925 pont
2983 1855 3173 1924 Rom.)
3204 1858 3350 1912 Ecce
3373 1857 3486 1928 jam
3523 1872 3658 1930 pou--

2016 1936 2276 1993 tilicatus
2298 1939 2456 1994 Petri
2482 1953 2668 1995 annus
2690 1945 2776 2009 23,
2806 1957 3035 1999 menses
3059 1946 3090 1997 4
3111 1949 3171 1999 et
3193 1944 3417 2001 dies23.
3437 1947 3658 2011 Quibus

2017 2024 2223 2081 diebus
2254 2026 2304 2081 si
2334 2027 2727 2097 adjungantur
2753 2030 2889 2086 item
2919 2030 3045 2087 dies
3064 2035 3149 2094 20,
3180 2033 3274 2102 qui
3299 2034 3656 2091 interserun-

2017 2114 2114 2168 tur
2148 2119 2272 2184 post
2306 2116 2525 2172 obitum
2558 2118 2705 2172 Cleti
2738 2124 2871 2174 ante
2895 2120 3318 2176 ordinationem
3345 2122 3656 2180 Clementis

2017 2201 2160 2257 ﬁunt
2194 2206 2280 2273 43,
2318 2203 2353 2258 i.
2388 2220 2436 2260 e.
2470 2207 2685 2261 mensis
2715 2214 2774 2262 et
2815 2207 2939 2263 dies
2988 2212 3073 2277 13,
3135 2224 3379 2279 quorum
3430 2212 3654 2268 dierum

2014 2288 2222 2347 ultimo
2255 2291 2347 2347 die
2379 2300 2760 2350 consecratus
2789 2300 2879 2350 est
2911 2295 3174 2353 Clemens
3202 2310 3232 2352 a
3262 2298 3455 2354 Petro.
3493 2299 3656 2364 Quod

2016 2385 2205 2433 autem
2231 2379 2368 2435 alibi
2394 2381 2676 2437 scribitur
2718 2383 2980 2440 Clemens
3016 2384 3164 2439 idem
3206 2385 3425 2441 rexisse
3455 2387 3657 2444 :ecclo-

2015 2465 2445 2537 siamzannisll,
2480 2470 2784 2539 alibivero
2817 2472 2982 2527 annis
3014 2478 3063 2541 9,
3100 2473 3393 2529 mensibus
3431 2480 3483 2545 2,
3538 2476 3657 2531 dic-

2016 2555 2122 2611 bus
2148 2560 2199 2619 2,
2229 2560 2537 2627 utrumque
2560 2573 2759 2613 verum
2784 2573 2917 2613 esse
2940 2574 3051 2615 non
3075 2561 3410 2631 ambigitur,
3448 2564 3578 2632 quia
3594 2568 3651 2619 ct

2014 2645 2122 2700 sub
2152 2645 2324 2701 Petro
2354 2646 2505 2701 sedit
2534 2661 2682 2703 anno
2715 2653 2762 2715 1,
2800 2648 3095 2705 mensibus
3124 2652 3178 2718 8,
3201 2649 3405 2706 diebus
3431 2656 3518 2719 225,
3542 2666 3654 2722 quo

2014 2734 2399 2789 numeroanni
2428 2734 2498 2790 23
2530 2735 2881 2806 prtesulatus
2913 2737 3070 2792 Petri
3125 2752 3252 2793 cum
3280 2739 3578 2795 mensibus
3595 2744 3653 2794 ot

2015 2822 2225 2878 diebus
2258 2823 2617 2892 colliguntur
2645 2826 2834 2880 exacti
2859 2844 2873 2892 ;
2895 2830 2949 2880 et
2981 2831 3111 2897 post
3134 2827 3289 2881 Petri
3314 2829 3536 2883 obitum
3557 2842 3654 2884 an-

2013 2913 2104 2968 nis
2127 2919 2178 2983 9,
2207 2914 2504 2970 mensibus
2526 2919 2578 2983 2,
2604 2916 2810 2972 diebus
2825 2920 2878 2972 2.
2896 2917 3037 2986 (Fol.
3059 2917 3146 2987 1:5)
3161 2917 3652 2975 SeditAnacletus

2014 3002 2182 3057 annis
2217 3004 2281 3056 14
2313 3003 2611 3058 mensibus
2645 3009 2711 3058 10
2741 3004 2946 3060 diebus
2974 3011 3025 3059 7.
3063 3005 3217 3060 Obiit
3243 3009 3291 3061 3.
3328 3006 3461 3062 ldus
3490 3007 3647 3077 Julii,

2014 3094 2068 3145 et
2106 3091 2363 3145 cessavit
2395 3091 2767 3162 episcopatus
2817 3091 3020 3148 diebus
3068 3096 3153 3147 14.
3214 3094 3372 3148 Sedit
3423 3110 3652 3165 quoque

2013 3179 2321 3235 Euaristus
2350 3179 2514 3235 annis
2545 3184 2595 3249 9,
2624 3194 2849 3235 menses
2877 3186 2931 3249 7,
2968 3181 3092 3236 dics
3114 3186 3185 3245 2;
3216 3181 3393 3251 igitur
3423 3183 3652 3252 quando

2012 3269 2224 3323 Petrus
2245 3269 2724 3324 occubuitannus
2764 3274 2891 3324 erat
2930 3271 3090 3325 Dom.
3128 3270 3343 3326 incarn.
3379 3273 3655 3342 721³,ᾳυί-

2013 3356 2329 3427 busjuncti
2361 3363 2395 3413 9
2428 3358 2593 3413 anuis
2645 3358 2957 3415 Clementis
2991 3359 3205 3414 faciunt
3249 3364 3334 3417 81.
3369 3360 3469 3415 His
3518 3375 3655 3431 quo-

2014 3458 2125 3513 que
2155 3445 2336 3499 additi
2373 3444 2633 3501 Anacleti
2665 3447 2793 3500 anni
2833 3450 2900 3501 14
2929 3447 3069 3502 ﬁunt
3102 3451 3188 3515 95,
3222 3447 3471 3503 Euaristi
3515 3463 3655 3518 quo-

2014 3547 2124 3601 que
2157 3534 2355 3589 Oliunt
2398 3537 2518 3589 104.
2571 3535 2810 3590 Duobus
2857 3549 2999 3603 ergo
3050 3536 3347 3591 mensibus
3396 3537 3554 3593 Petri
3594 3542 3654 3593 et

2010 3620 2220 3677 diebus
2250 3627 2282 3678 8
2311 3622 2493 3678 additi
2526 3628 2559 3678 2
2589 3638 2817 3679 menses
2854 3624 3170 3679 Clementis
3193 3624 3395 3680 etdies
3416 3628 3467 3695 2,
3500 3640 3654 3681 men-

2012 3724 2108 3766 ses
2137 3711 2313 3766 etiam
2349 3712 2608 3768 Anaclcti
2644 3717 2709 3768 10
2737 3716 2794 3766 et
2828 3713 2953 3768 (lies
2980 3718 3033 3783 7,
3069 3713 3195 3768 dies
3229 3714 3652 3784 quoque14in-

2012 3803 2104 3854 ter
2130 3800 2557 3856 Anaclelum‘et
2603 3801 2955 3869 Euaristum,
3009 3802 3222 3871 quibus
3275 3802 3651 3874 episcopatus

2011 3889 2282 3959 cessavit,
2315 3905 2419 3945 nec
2451 3904 2563 3945 non
2596 3894 2653 3946 et
2686 3890 2939 3946 Euaristi
2971 3904 3198 3946 menses
3224 3896 3278 3961 7,
3331 3890 3455 3947 dies
3490 3897 3524 3948 2
3574 3892 3652 3949 fa-

2010 3976 2193 4047 ciunt,
2226 3993 2457 4034 menses
2486 3983 2550 4034 19
2575 3983 2634 4034 et
2666 3980 2790 4034 dies
2813 3982 2899 4048 33,
2926 3984 2986 4034 et
3013 3994 3197 4036 annus
3224 3979 3314 4036 hic
3347 3980 3647 4050 inseritur,

2010 4069 2069 4120 et
2099 4065 2180 4121 sic
2215 4066 2359 4122 ﬁunt
2391 4067 2521 4121 anni
2555 4072 2675 4135 105,
2706 4081 2938 4123 menses
2968 4072 3019 4137 9,
3055 4067 3180 4123 dies
3226 4071 3293 4122 33
3342 4082 3527 4138 usque
3575 4068 3647 4124 all

2007 4155 2229 4211 obitum
2263 4155 2535 4223 Euaristi,
2569 4156 2665 4226 qui
2698 4161 2785 4212 est
2815 4159 2865 4210 6.
2904 4155 3024 4211 Kal.
3055 4157 3327 4211 Novemb.
3380 4156 3646 4213 Secundo

2008 4248 2202 4300 autem
2233 4244 2483 4301 Euaristi
2507 4259 2654 4300 anno
2677 4250 2916 4301 sanctus
2938 4244 3243 4315 Dyonisius
3288 4259 3492 4316 passus
3525 4249 3640 4316 est,

2006 4336 2064 4388 et
2098 4337 2265 4388 sexto
2296 4334 2369 4388 ab
2398 4331 2523 4401 ejus
2555 4332 2821 4403 passione
2856 4347 3003 4389 anno
3042 4337 3280 4389 sanctus
3332 4334 3645 4391 Sanctinus

2004 4423 2241 4491 Romam
2274 4423 2454 4492 venit,
2489 4422 2583 4493 qui
2617 4426 2743 4478 erat
2774 4422 2845 4478 ab
2877 4422 2987 4477 inc.
3024 4423 3179 4478 Dom.
3219 4426 3339 4480 103.
3374 4424 3496 4478 Iam
3555 4438 3646 4480 er-

2002 4526 2077 4581 go
2112 4511 2425 4568 Anacletus
2460 4511 2708 4581 obicrat,
2737 4510 2853 4579 jam
2886 4510 3059 4567 etiam
3096 4512 3402 4567 Euaristus
3434 4511 3485 4568 ei
3514 4526 3641 4568 suc-

2003 4605 2279 4656 cesserat.
2317 4599 2613 4666 Quomodo
2644 4614 2783 4669 ergo
2813 4599 3032 4655 invenit
3059 4615 3211 4669 eum,
3248 4599 3641 4671 quijamobie-

2002 4690 2128 4744 rat?
2159 4691 2364 4746 Restat
2398 4689 2594 4760 igitur,
2628 4695 2689 4745 ut
2724 4688 2903 4760 priori
2934 4688 3241 4744 sentcntiae
3294 4688 3437 4745 fides
3483 4688 3641 4744 adbi-

2001 4779 2229 4850 beatur,
2293 4794 2420 4848 quae
2474 4778 2724 4835 veritate
2792 4778 3058 4847 subnixa,
3132 4792 3242 4834 non
3312 4776 3636 4851 dubitatur,

2001 4869 2152 4939 quod
2184 4883 2312 4925 cum
2349 4870 2425 4925 ita
2459 4883 2586 4925 esse
2616 4882 2912 4924 sacrarum
2961 4866 3381 4939 scripturarum
3438 4863 3641 4923 docea-

2001 4971 2129 5012 mur
2163 4956 2535 5026 auctoritate,
2572 4955 2896 5027 prudentiae
2927 4954 3146 5011 virtute
3162 4952 3438 5008 munitiet
3458 4951 3641 5009 scien-

1999 5045 2097 5101 tiaa
2147 5044 2423 5116 plenioris
2454 5044 2783 5101 doctrinam
2817 5042 3031 5112 nancti,
3064 5046 3365 5098 teneamus
3412 5057 3633 5113 verum,

2000 5132 2153 5203 quod
2187 5147 2293 5189 nos
2325 5132 2545 5193 docuit.
2578 5134 2648 5189 ad
2684 5131 2836 5203 quod
2872 5129 3341 5200 investigandum
3376 5129 3502 5202 ipsa
3535 5146 3639 5188 nos

1995 5220 2280 5277 virtutum
2312 5221 2717 5293 principalium
2749 5219 2934 5292 prima
2977 5219 3252 5275 animavit
3302 5218 3631 5291 prudentia.

1994 5310 2181 5381 Igitur
2265 5311 2571 5369 redeamus
2637 5309 2709 5366 ad
2777 5307 3103 5382 superiora,
3173 5313 3234 5364 et
3319 5307 3453 5380 quia
3540 5322 3639 5364 an-

1994 5414 2128 5457 num
2177 5416 2290 5473 quo
2341 5398 2661 5458 secundum
2722 5397 2893 5455 ﬁdem
2942 5397 3333 5470 hystoriarum
3396 5395 3633 5455 Romam

1607 5497 1845 5555 VARIE
1880 5497 2283 5559 LECTIONES.

299 5565 406 5637 "q.
430 5579 485 5624 ι.
517 5566 572 5622 b.
604 5567 668 5623 P.
699 5568 763 5625 E.
789 5567 1157 5630 ὀπισθονωο
1191 5574 1243 5628 2.
