3936 6050
273 189 356 253 85

1556 192 2054 257 CHRONICON.
2094 229 2164 239 —
2198 190 2349 254 LIB.
2399 191 2447 254 Ι.

3615 182 3704 248 86

290 327 509 386 venerii
540 332 826 398 tenemus,
855 340 1023 398 quem
1046 326 1223 383 etiam
1242 322 1380 382 sede
1412 327 1589 383 Roma
1617 327 1924 396 invenerit,
1958 328 2015 387 A
2044 339 2205 397 Spem
2233 329 2437 396 pastor
2466 323 2722 395 eligitur,
2755 337 2787 372 ρ
2807 325 2830 377 ⁸.
2864 326 2924 379 ut
2946 320 3029 379 eis
3050 334 3303 393 praeesse
3326 319 3702 391 dignaretur,

291 422 355 473 ut
386 431 527 489 pace
558 416 811 473 omnium
844 415 1168 486 loquamur,
1200 416 1408 486 'paucis
1438 416 1834 487 expediamus.

365 506 577 561 Beatus
608 504 918 560 Sanctinus
948 504 1119 575 (Vita
1147 504 1455 574 Sanctini)
1504 504 1639 561 dum
1688 517 1932 572 occupa-

292 592 448 647 tione
483 592 710 647 itineris
739 596 798 646 et
830 591 1248 661 przedieatione
1280 590 1657 646 Virdnnensis
1688 589 1931 645 novellae

293 679 674 751 plantationis
703 685 760 734 et
792 679 1128 734 infirmitate
1165 679 1305 734 socii
1361 679 1448 734 sui
1505 677 1928 747 retardaretur,

294 767 625 823 Euaristum
656 781 861 839 papam
893 772 925 822 9
952 766 1015 833 3’,
1044 768 1158 836 jam
1194 782 1342 822 anno
1384 766 1823 836 pontiﬁcantem
1853 765 1935 819 in-

293 857 472 925 venit,
509 871 540 910 a
572 871 685 926 quo
717 856 892 913 etiam
925 871 1054 911 cum
1100 855 1298 909 debito
1350 855 1571 909 honore
1619 858 1934 924 susceptus

295 950 353 1000 et
386 946 514 1001 loco
544 945 804 1001 maxima
839 944 1236 999 venerationis
1268 943 1524 1011 habitus,
1560 942 1834 1013 replicuit
1857 942 1936 997 la-

299 1033 460 1089 boris
489 1034 769 1103 assumpti
800 1047 1029 1088 causam
1064 1031 1322 1100 magistri
1359 1032 1448 1086 sui
1485 1032 1635 1087 beati
1681 1031 1934 1101 Dyonisii

295 1136 424 1177 esse
463 1121 874 1183 obedientiam.
914 1121 966 1174 in
1006 1120 1519 1177 consummatione
1552 1135 1763 1175 cursus
1813 1119 1938 1187 ejus

301 1210 648 1265 Gallicanam
682 1209 1006 1263 aecclesiam
1041 1223 1301 1276 magnam
1334 1209 1453 1278 pati
1490 1209 1935 1279 praedicatorum

296 1297 616 1368 penuriam,
653 1311 715 1351 se
748 1297 821 1351 ob
870 1296 976 1350 hoc
1028 1296 1234 1351 missos
1284 1295 1606 1364 advenisse,
1659 1299 1717 1350 ut
1772 1295 1939 1351 verbi

297 1386 595 1441 ministros
625 1385 854 1454 aliquos
886 1384 1145 1439 mitteret
1188 1384 1488 1440 aacclesize.
1545 1387 1675 1439 Haec
1734 1384 1939 1455 magis-

299 1480 451 1531 trum
484 1474 686 1529 ultima
720 1473 829 1529 sibi
861 1472 1094 1528 dedisse
1128 1474 1418 1542 mandata,
1466 1478 1526 1529 ut
1581 1488 1940 1529 consumma~

298 1562 474 1618 tionis
509 1576 628 1617 sum
661 1563 915 1616 Romano
947 1561 1202 1625 pontiﬁci
1238 1562 1629 1616 innotesceret
1653 1561 1934 1629 ordinem,

2046 420 2344 483 magnates
2377 414 2593 484 quique
2623 417 2682 468 et
2715 411 2922 482 vulgus
2956 411 3349 482 promiscuum
3381 412 3586 479 rogant
3635 415 3705 464 et

2047 503 2383 573 impetrant.
2419 501 2641 557 Gaudet
2673 506 2837 573 pater
2884 500 2954 555 de
3001 513 3241 555 numero
3290 498 3704 569 centuplicato

2048 590 2341 663 filiorum,
2377 589 2596 645 letatur
2640 589 2695 643 in
2752 588 3061 643 devotione
3125 586 3359 656 civium,
3420 589 3478 642 et
3541 585 3705 656 quod

2050 682 2365 750 rogabatur
2409 678 2648 750 implere
2696 693 2804 733 non
2853 682 3133 733 moratur.
3182 679 3542 747 Preparatur
3589 690 3710 731 aec—

2045 769 2218 825 clcsia
2255 766 2669 837 regenerandis
2710 767 2876 822 novis
2927 765 3183 820 ﬁdelium
3226 764 3479 836 populis,
3529 779 3692 834 rege-

2047 860 2327 913 nerantur
2361 856 2558 926 plures
2590 854 2854 910 manibus
2888 852 3075 909 sancti
3103 852 3387 908 antistitis
3412 853 3694 908 lavachro

2048 946 2309 1002 salutari.
2346 947 2740 1000 Destruuntur
2770 942 2984 1013 templa
3018 942 3324 997 demonum
3348 946 3406 996 et
3424 940 3696 1012 delubra,

2049 1034 2402 1103 dejiciuntur
2443 1033 2618 1103 idola,
2666 1038 2725 1088 et
2776 1032 2908 1102 quia
2954 1031 3136 1102 prima
3181 1046 3291 1087 non
3338 1030 3696 1093 sufﬁciebat.

2050 1138 2194 1178 nova
2224 1122 2531 1178 ediﬁcatur
2561 1122 2823 1178 mcclesia
2860 1121 3000 1175 mira
3033 1120 3245 1176 civium
3278 1120 3589 1176 devotione
3637 1124 3699 1175 et

2052 1211 2333 1266 industria
2358 1226 2467 1281 qua
2510 1211 2835 1266 accelerata
2884 1213 3288 1281 praeparantur
3334 1208 3699 1265 dedicationi

2050 1299 2400 1367 necessaria,
2433 1303 2489 1353 et
2524 1314 2553 1353 a
2584 1300 2755 1353 beato
2790 1297 3063 1369 pontiﬁce
3097 1297 3154 1351 in
3187 1297 3403 1353 honore
3448 1297 3546 1351 Dei
3600 1311 3702 1365 ge-

2050 1387 2281 1442 nitricis
2310 1391 2367 1441 et
2401 1386 2654 1456 Virginis
2682 1390 3065 1441 consecratus
3092 1400 3141 1440 a.
3182 1387 3343 1440 Dom.
3402 1385 3512 1441 inc.
3570 1387 3698 1455 104,

2053 1473 2149 1542 qui
2174 1477 2299 1528 erat
2330 1488 2357 1528 a
2383 1473 2647 1543 passione
2682 1473 2835 1527 beati
2871 1472 3124 1543 Dyonisii
3153 1477 3208 1542 7,
3253 1470 3415 1527 Gallo
3463 1475 3520 1527 et
3564 1472 3705 1527 Bra-

2054 1562 2165 1617 dua
2198 1563 2557 1631 consulibus,
2593 1561 2916 1632 Olimpiade
2942 1567 3067 1631 220,
3102 1567 3161 1618 et
3203 1566 3390 1617 mater
3429 1560 3701 1618 aecclesia

295 1655 351 1706 et
384 1656 443 1707 ut
480 1651 624 1720 ipse,
657 1650 825 1719 cujus
864 1653 993 1704 erat
1041 1650 1305 1705 ecclesiis
1355 1649 1685 1720 providere,
1740 1664 1941 1719 opera-
1970 1672 2024 1732 Β
2054 1652 2111 1705 in
2142 1667 2251 1721 qua
2284 1652 2353 1707 sit
2386 1652 2556 1707 sedes
2587 1650 2942 1722 episcopalis
2971 1650 3373 1707 constituitur.

297 1740 416 1794 rios
456 1739 735 1807 dirigeret
788 1740 854 1794 ad
905 1738 1283 1793 excolendam
1335 1737 1647 1793 Dominicz‘e
1695 1738 1941 1793 sationis

296 1826 735 1896 agriculturam.
773 1825 930 1881 Unde
964 1840 1093 1881 cum
1130 1826 1338 1881 beatus
1382 1826 1642 1896 pontifex
1690 1826 1945 1894 gratula-

300 1919 461 1970 retur
495 1915 549 1969 in
582 1914 818 1969 Domino
851 1920 907 1968 et
943 1914 1012 1969 ad
1066 1914 1286 1982 agenda
1343 1930 1469 1984 qua}
1528 1916 1838 1985 petebatur
1883 1928 1944 1969 se

296 2019 468 2074 supra
524 2018 585 2058 se
646 2004 799 2059 votis
853 2003 1123 2058 omnibus
1189 2003 1555 2071 extenderet,
1611 2015 1945 2071 moramque

299 2092 352 2145 in
388 2090 650 2146 faciendo
688 2090 804 2161 pati
839 2090 1114 2158 nesciret,
1152 2091 1415 2145 decrevit
1446 2096 1638 2145 tamen
1682 2095 1943 2146 sanctum

298 2178 483 2234 virum
517 2178 852 2247 aliquandiu
887 2193 1080 2233 secum
1115 2179 1369 2233 retinere
1391 2178 1459 2233 ad
1487 2178 1945 2234 consolationem

300 2266 389 2322 sui
444 2271 499 2321 et
549 2266 967 2322 recreationem
1020 2266 1237 2322 laboris
1285 2272 1344 2321 et
1399 2267 1650 2321 itineris.
1716 2269 1782 2320 At
1826 2267 1947 2336 ipse

306 2355 509 2426 paucis
542 2354 750 2410 diebus
798 2355 948 2424 apud
1004 2370 1133 2409 eum
1185 2360 1534 2421 remoratus,
1587 2354 1738 2408 inter
1782 2361 1947 2423 grata

302 2448 516 2499 mutuae
556 2442 1050 2499 confabulationis
1101 2442 1402 2509 solamina,
1469 2442 1605 2511 quid
1636 2442 1809 2497 etiam
1845 2456 1948 2512 per

299 2546 402 2587 eos
436 2532 631 2587 divina
673 2532 861 2602 egerit
901 2531 1111 2600 gratia,
1146 2536 1204 2585 et
1238 2529 1526 2600 quomodo
1568 2530 1793 2586 novella
1830 2531 1950 2585 Vir-

300 2621 578 2677 dunensis
602 2621 979 2677 fructificaret.
1000 2619 1286 2687 (ecclesia,
1316 2619 1613 2674 humiliter
1628 2620 1942 2675 referebat.

302 2711 463 2765 Unde
516 2710 612 2764 ille
663 2712 779 2764 Deo
831 2723 901 2763 ex
953 2709 1155 2763 intimo
1206 2709 1403 2763 cordis
1451 2708 1663 2763 affectu
1725 2708 1949 2776 gratias

302 2813 502 2867 agens,
539 2798 731 2854 socios
761 2798 811 2852 ei
843 2802 899 2851 et
943 2802 1361 2867 cooperatores
1412 2797 1570 2851 verbi
1623 2802 1745 2851 tres
1792 2795 1949 2851 viros

308 2888 565 2958 probatae
613 2885 990 2941 auctoritatis
1039 2885 1218 2949 dedit,
1269 2900 1511 2954 quorum
1562 2885 1789 2939 nomina
1840 2884 1950 2941 etsi

302 2990 412 3030 non
444 2976 726 3030 habemus
760 2974 814 3028 in
860 2975 1120 3043 scriptis,
1170 2974 1300 3042 quia
1362 2977 1553 3028 tamen
1608 2973 1767 3027 missi
1816 2977 1950 3029 sunt

302 3078 413 3119 non
447 3068 695 3119 tacetur.
730 3063 1002 3117 Novimus
1038 3067 1227 3117 tamen
1258 3064 1488 3117 beatum
1514 3063 1763 3117 Maurum
1792 3076 1951 3131 pres-

303 3154 591 3224 byterum,
624 3152 719 3222 qui
751 3153 801 3205 ei
835 3151 1122 3207 successit
1150 3151 1200 3205 in
1226 3150 1606 3220 pontiﬁcatus
1629 3151 1850 3219 ordine,
1880 3165 1951 3204 ex

298 3258 496 3299 eorum
531 3242 778 3309 collegio
808 3245 866 3295 et
902 3256 1143 3295 numero
1179 3240 1372 3295 fuisse.

371 3333 597 3386 Interea
630 3329 894 3385 {ecclesia
933 3328 1210 3397 ﬁdciium,
1247 3344 1374 3397 quae
1411 3334 1540 3383 erat
1565 3327 1717 3398 apud
1752 3327 1957 3382 Virdu.

285 3435 454 3487 tuum,
482 3420 785 3473 crescebat
815 3422 871 3470 et
893 3418 1344 3471 confortabatur
1369 3422 1427 3471 et
1448 3418 1747 3471 doctorem
1787 3432 1951 3471 suum

301 3509 531 3565 devotis
552 3512 609 3561 et
629 3507 747 3577 ipsa
776 3506 1082 3560 devotione
1107 3506 1410 3575 suspensis
1433 3505 1637 3559 animis
1657 3504 1953 3575 praestola-

300 3599 492 3653 batur.
523 3597 644 3650 Jam
676 3596 745 3650 ad
780 3610 880 3649 eos
919 3595 1061 3648 fama
1094 3594 1163 3649 de
1198 3593 1650 3649 resuscitatione
1694 3594 1948 3648 defuncti

297 3691 665 3758 pervenerat,
702 3699 827 3753 qua:
863 3698 956 3738 res
985 3698 1086 3737 eos
1122 3682 1175 3736 in
1212 3682 1321 3737 ﬁde
1358 3683 1454 3737 Dei
1489 3687 1543 3735 et
1586 3696 1783 3737 amore
1838 3698 1951 3737 ma-

297 3775 467 3846 gistri
500 3772 899 3829 vehementius
929 3770 1297 3828 accenderat.
1334 3771 1471 3826 Pius
1505 3786 1733 3841 quoque
1759 3776 1946 3841 pater,

300 3863 433 3919 dum
466 3867 889 3917 rememoratur
922 3875 1236 3931 suspensos
1261 3860 1329 3915 ad
1357 3876 1519 3916 suum
1541 3860 1949 3916 reditnmﬁlio-

298 3967 425 4009 rum
460 3951 699 4017 animos,
735 3949 1107 4005 Meldensium
1141 3949 1367 4004 scilicet
1416 3955 1474 4002 et
1498 3948 1943 4003 Virdunensium

295 4055 472 4096 ——sex
498 4038 648 4094 enim
674 4037 937 4106 annijam
969 4052 1111 4107 pene
1146 4036 1364 4092 evoluti
1409 4041 1576 4090 erant
1613 4051 1640 4090 a
1676 4036 1946 4105 passione

299 4128 796 4199 beatiDyonisiiet
823 4130 1026 4183 sextus
1044 4126 1164 4196 ipse
1184 4140 1370 4180 annus
1395 4122 1766 4196 pontiﬁcatus
1791 4125 1942 4180 beati

295 4217 550 4274 Euaristi
587 4217 693 4274 fuit
725 4223 967 4272 octavus
986 4247 1072 4284 —,
1097 4213 1506 4269 benedictione
1550 4213 1844 4283 postulata
1886 4217 1941 4267 et

298 4311 540 4378 accepta
564 4306 684 4377 (fol.
720 4306 826 4375 16),
854 4304 1078 4361 Meldim
1110 4304 1300 4359 redire
1317 4302 1625 4357 deliberat.
1648 4304 1726 4355 Ne
1752 4307 1941 4356 tamen

1983 3023 2032 3084 C

2126 1740 2223 1795 His
2262 1740 2514 1810 expletis
2564 1740 2784 1810 plebem
2831 1745 3024 1795 monet
3082 1744 3140 1795 et
3187 1738 3531 1809 diligentius
3581 1740 3703 1795 ins-

2054 1828 2201 1884 truit
2241 1828 2607 1883 documentis
2669 1827 3047 1897 salutaribus,
3105 1827 3342 1882 ﬁrmans
3388 1840 3488 1883 eos
3529 1828 3706 1883 bene-

2056 1916 2436 1985 dictionibus,
2472 1920 2531 1970 et
2564 1916 2649 1971 sic
2683 1915 2909 1970 Meldim
2942 1916 3312 1985 regreditur;
3352 1915 3449 1971 ubi
3492 1915 3705 1986 praedi-

2057 2004 2274 2060 cationi
2307 2008 2366 2059 et
2398 2004 2618 2059 sanctis
2649 2004 2925 2075 Operibus
2956 2004 3232 2060 insistens
3275 2005 3467 2075 (epist.
3513 2004 3703 2061 Hinc-

2053 2092 2263 2163 marz‘),
2296 2106 2424 2148 cum
2459 2092 2829 2161 cognovisset
2862 2092 3161 2148 imminere
3193 2092 3345 2148 diem
3375 2093 3707 2148 vocationis

2059 2196 2198 2249 sum,
2236 2180 2465 2236 litteras
2495 2180 2886 2236 exortatorias
2921 2187 2980 2236 et
3021 2179 3445 2236 consolatorias
3484 2181 3701 2236 direxit

2060 2268 2194 2323 ﬁliis
2261 2268 2644 2324 Virdnnensis
2706 2268 2987 2324 aacclesiae
3037 2269 3208 2339 (Vita
3257 2267 3584 2339 Sanctini),
3647 2268 3705 2323 in

2062 2357 2291 2426 quibus,
2328 2357 2461 2425 quia
2495 2371 2675 2428 prope
2705 2361 2863 2412 esset
2899 2356 3128 2413 vocatio
3161 2356 3285 2427 ejus
3317 2360 3372 2412 et
3407 2356 3558 2428 quod
3589 2372 3709 2412 am-

2060 2444 2214 2515 plius
2244 2444 2443 2500 faciem
2479 2444 2606 2513 ejus
2634 2461 2744 2500 non
2779 2452 2978 2501 essent
3008 2445 3188 2501 visuri
3219 2446 3509 2516 praedixit,
3551 2450 3612 2501 et
3642 2450 3711 2501 ut

2062 2535 2317 2588 Maurum
2351 2534 2757 2603 presbyterum
2789 2534 2975 2589 virum
3010 2534 3063 2588 in
3110 2533 3219 2589 ﬁde
3257 2534 3607 2590 catholicum
3649 2539 3709 2589 et

2062 2621 2485 2689 doctissimum,
2523 2621 2633 2676 sibi
2664 2636 3067 2679 successorem
3099 2621 3381 2692 eligerent
3401 2623 3623 2678 monuit
3645 2627 3707 2678 et

2062 2709 2362 2780 praecepit.
2405 2708 2493 2763 Illi
2528 2710 2713 2780 primo
2747 2710 2872 2766 viso
2905 2711 3116 2766 nuncio
3148 2726 3279 2766 cum
3312 2710 3529 2767 litteris
3569 2725 3712 2781 gau-

2062 2792 2297 2864 debant,
2333 2804 2392 2852 et
2425 2796 2882 2854 consolabantur
2914 2813 2976 2855 se
3008 2804 3207 2855 mutuo
3242 2799 3297 2854 in
3321 2803 3588 2870 respectu
3609 2813 3711 2870 pa-

2062 2891 2249 2942 terno.
2308 2887 2412 2941 Ubi
2456 2902 2595 2941 vero
2647 2888 2717 2943 de
2760 2888 3012 2958 pastoris
3072 2887 3428 2943 resolutione
3477 2892 3537 2944 et
3600 2903 3706 2944 sua

2064 2974 2448 3030 destitutione
2480 2976 2627 3031 facta
2663 2982 2749 3032 est
2799 2977 3035 3045 mentio,
3082 2976 3140 3031 ﬁt
3177 2978 3375 3032 statim
3403 2976 3624 3033 clamor
3647 2982 3704 3033 et

2064 3065 2261 3121 luctus
2292 3065 2564 3121 omnium.
2603 3067 2721 3122 Vox
2751 3070 2874 3121 erat
2909 3082 3019 3121 una
3053 3067 3392 3122 dolentium.
3422 3064 3706 3121 Dolebant

2065 3154 2214 3207 enim
2245 3152 2378 3221 quia
2403 3153 2747 3210 amittebant
2766 3160 2988 3225 patrem
3006 3155 3391 3225 karissimum,
3412 3158 3708 3225 pastorem

2067 3240 2453 3305 mitissimum,
2491 3248 2546 3295 et
2604 3242 2657 3297 vi
2684 3242 2904 3297 doloris
2934 3242 3137 3299 attrita
3176 3248 3234 3298 et
3259 3243 3539 3314 depressa
3582 3241 3709 3296 acie

2067 3330 2278 3385 mentis
2318 3330 2577 3398 cogitare
2610 3331 2702 3385 vix
2737 3336 3025 3400 poterant,
3061 3333 3191 3401 quia
3227 3346 3379 3387 mors
3410 3330 3461 3386 ei
3501 3330 3590 3385 via
3634 3328 3708 3384 ad

2064 3416 2333 3492 patriam,
2370 3418 2467 3472 ubi
2502 3417 2631 3472 ﬁnis
2664 3418 2925 3474 laborum
2976 3425 3031 3474 et
3084 3419 3394 3475 retributio
3447 3418 3710 3489 praemio—

2065 3520 2190 3559 rum
2223 3510 2612 3561 aeternorum:
2653 3508 2801 3561 unde
2842 3508 2928 3563 eis
2972 3513 3130 3563 tanto
3183 3507 3390 3564 melius
3425 3505 3707 3578 opitulari

2065 3598 2119 3647 et
2158 3594 2469 3648 subvenire
2499 3594 2743 3664 valeret,
2781 3600 2996 3665 quanto
3026 3596 3273 3652 vicinius
3301 3598 3439 3666 Deo,
3463 3594 3556 3650 cui
3584 3608 3709 3650 ser-

2061 3682 2266 3749 vierat,
2304 3682 2355 3735 in
2392 3697 2504 3751 quo
2544 3689 2904 3754 speraverat,
2950 3699 3116 3755 quem
3149 3686 3456 3742 confessus
3488 3684 3703 3753 fuerat,

2063 3769 2335 3839 deposito
2367 3772 2632 3841 corporis
2661 3788 2858 3841 onere,
2891 3773 3221 3830 adhereret.
3260 3773 3427 3829 Fides
3467 3771 3704 3843 quidem

2061 3858 2199 3912 ﬁere
2238 3860 2604 3929 prohibebat,
2650 3861 2751 3915 sed
2782 3862 3060 3929 gemitum
3100 3862 3490 3933 extorquebat
3529 3860 3706 3916 affec-

2059 3952 2176 4002 tus.
2219 3946 2339 4001 Illic
2373 3962 2514 4015 ergo
2549 3950 2775 4019 positus
2806 3966 2913 4007 nos
2942 3951 3294 4008 humillimas
3324 3965 3529 4007 servos
3560 3965 3704 4007 suos

2059 4033 2150 4090 hic
2185 4042 2424 4092 orantes
2453 4038 2748 4108 exaudiat,
2781 4040 3101 4096 :ecclesiam
3140 4041 3291 4096 inter
3341 4039 3538 4097 mundi
3577 4044 3705 4097 tur-

2060 4124 2224 4179 bines
2257 4125 2634 4183 ﬂuctuantem
2667 4128 2777 4184 sibi
2810 4129 3196 4200 commissam,
3231 4145 3336 4186 suo
3377 4129 3577 4186 labore
3627 4129 3703 4186 ad

2058 4212 2114 4267 id
2150 4213 2302 4282 quod
2335 4218 2428 4270 est
2460 4222 2796 4286 provectam
2831 4217 2949 4288 (fol.
2990 4217 3098 4289 16),
3136 4223 3301 4287 regat
3330 4223 3386 4273 et
3404 4222 3698 4291 protegat,

2058 4300 2424 4372 ﬁliorumque
2459 4320 2662 4375 preces
2691 4311 2750 4362 et
2782 4306 3052 4363 lacrimas
3084 4307 3178 4362 Dei
3211 4308 3399 4378 patris
3444 4306 3698 4363 omnium

300 4409 481 4450 novos
511 4392 842 4464 adeptionis
869 4392 1019 4447 ﬁlios
1045 4407 1188 4461 quos
1211 4390 1438 4445 Christo
1463 4404 1563 4459 per
1586 4404 1791 4458 aquam
1810 4390 1943 4460 bap-
1974 4378 2026 4439 D
2057 4391 2398 4460 conspectui
2429 4392 2654 4450 offerat.

300 4481 554 4537 tismatis
586 4480 827 4535 Virduni
862 4484 1309 4548 regeneraverat
1363 4476 1692 4531 invisitatos
1737 4483 1945 4547 priete-

298 4569 573 4638 riret,illo
597 4568 938 4638 quantotius
963 4568 1073 4623 iter
1104 4566 1487 4631 accelerat,ut
1519 4565 1831 4621 relictisibi
1856 4582 1945 4623 so-

295 4658 424 4728 ciis,
462 4672 607 4729 quos
638 4658 709 4712 ab
748 4656 1071 4728 apostolica
1104 4654 1244 4711 sedc
1278 4657 1644 4726 perceperat,
1680 4654 1945 4725 ipseMel-

296 4747 412 4804 dim
442 4747 681 4815 rediret,
717 4750 777 4801 et
807 4760 943 4801 suas
976 4760 1134 4815 oves,
1172 4743 1383 4814 quibus
1406 4747 1607 4813 pastor
1649 4748 1706 4798 et
1747 4749 1944 4800 rector

294 4835 606 4893 institutus
629 4836 838 4903 fuerat,
865 4838 1115 4903 regeret.
1141 4833 1395 4901 Cumque
1417 4830 1657 4887 Virduni
1682 4832 1946 4890 advenis-

294 4930 407 4995 set,
434 4939 465 4981 a
498 4924 779 4980 fratribus
809 4926 1014 4979 devote
1045 4920 1387 4992 suscipitur,
1429 4935 1458 4975 a
1480 4919 1707 4977 civibus
1740 4926 1942 4977 contra

2128 4479 2366 4548 Legitur
2395 4495 2533 4538 sane
2576 4484 2632 4539 in
2674 4484 3104 4555 antiquioribus
3143 4485 3271 4555 ejus
3317 4484 3500 4555 gestis
3557 4484 3698 4556 (36),

2058 4569 2209 4638 quod
2245 4584 2375 4626 cum
2410 4570 2611 4627 Meldis
2637 4571 2903 4643 redisset,
2941 4577 3243 4643 tyrannum
3279 4573 3697 4644 increpaverit,

2058 4658 2210 4727 quod
2245 4672 2339 4713 res
2370 4659 2638 4716 ecclesiae
2669 4660 3026 4731 diripuisset,
3062 4665 3119 4717 et
3165 4662 3241 4717 ob
3300 4661 3357 4717 id
3400 4660 3560 4716 illum
3608 4660 3698 4718 ira

2058 4748 2343 4818 praecipiti
2370 4748 2676 4819 fervidum,
2702 4749 2897 4819 gladio
2921 4750 3232 4807 adauctum
3258 4751 3490 4807 beatum
3503 4749 3698 4808 virum

2058 4834 2191 4890 vita
2224 4836 2622 4893 transmissise
2645 4843 2964 4909 perpetuae.
2993 4843 3249 4911 Apparet
3272 4839 3451 4896 etiam
3474 4837 3699 4894 nuncin

2058 4922 2185 4994 ipso
2213 4924 2320 4979 viri
2356 4924 2676 4981 beatissimi
2706 4926 2919 4997 capite,
2953 4927 3103 4984 sicut
3138 4927 3386 4986 relatum
3401 4928 3579 4984 estab
3600 4926 3699 4984 his

1653 5017 1890 5073 VARl/E
1930 5019 2329 5076 LECTIONES.

1880 5159 2100 5219 NOTAE.

362 5093 408 5127 ³²
452 5095 522 5149 1x
547 5094 663 5165 jam
697 5106 847 5153 anno
878 5093 944 5148 in
976 5092 1094 5149 loco
1121 5104 1259 5149 raso

363 5261 477 5336 (36)
513 5261 755 5336 Calmet,
779 5262 949 5336 Hist.
983 5261 1351 5336 (lammina
1376 5260 1500 5336 l,p,
1533 5261 1605 5336 32
1649 5260 1705 5314 in
1749 5273 1941 5336 mona-

291 5330 478 5392 sterio
509 5335 562 5389 S.
596 5330 790 5389 Vitoni
830 5332 1018 5387 Vitam
1042 5332 1296 5388 Sanctini
1323 5334 1451 5401 post
1475 5346 1525 5387 a.
1550 5335 1654 5386 952
1685 5330 1942 5386 conscri-

292 5411 452 5480 ptam
482 5419 548 5480 se
581 5403 1080 5480 legissetestatur
1109 5402 1401 5480 incedice
1439 5416 1691 5480 saec..er
1720 5401 1942 5480 _insc_r_i-

293 5471 397 5549 pte
428 5496 438 5530 :
464 5471 709 5549 Incipit
727 5476 857 5549 Vita
873 5477 945 5549 ῥ’.
968 5471 1942 5549 Samtimpra’mt'pcntiﬂcisurbis

295 5542 633 5612 "Clavorum.
668 5545 1147 5621 Postgloriasmn
1165 5542 1416 5605 caelestis
1450 5542 1713 5603 uictoria:
1734 5542 1943 5604 trimu-

2091 5261 2250 5335 lmm,
2284 5265 2397 5335 etc.
2435 5262 2581 5335 Quin
2612 5263 2756 5319 hanc
2789 5265 2974 5321 Vitam
3006 5267 3170 5335 Hugo
3199 5268 3332 5321 ante
3362 5265 3564 5322 oculos
3596 5263 3694 5321 ha-

2038 5277 2250 5387 gmmp,
2284 5277 2397 5342 etc.
2435 5277 2581 5345 uuln
2613 5277 2756 5343 hanc
2795 5277 2974 5321 Vitam
3007 5277 3170 5335 ungo
3199 5277 3332 5347 ante
3362 5277 3564 5322 oculos
3596 5277 3694 5347 na-

2097 5339 2266 5401 uerit,
2314 5348 2412 5388 Vix
2440 5334 2695 5390 dubitari
2744 5350 2914 5407 posse
2996 5337 3166 5392 robat
3200 5351 3385 5408 ipsms
3431 5342 3694 5392 narratio

2051 5417 2181 5459 cum
2206 5403 2350 5459 Vitae
2371 5406 2735 5462 compendio.
2763 5406 2917 5462 quod
2940 5351 3156 5462 Gallice
3181 5407 3340 5462 dedit
3371 5406 3688 5462 Calmetus.

2051 5417 2181 5479 cum
2206 5403 2350 5479 Vitae
2371 5403 2917 5479 compendio,'quod
2940 5403 3159 5479 Gallice
3181 5403 3340 5464 dedit
3371 5406 3688 5479 calmetus,

2050 5473 2283 5550 collata,
2318 5476 2389 5530 At
2421 5473 2536 5550 non
2567 5477 2689 5550 hac
2722 5473 2933 5550 Gesta,
2981 5478 3082 5534 sed
3124 5477 3218 5534 illa
3265 5480 3338 5535 ab
3381 5473 3693 5550 Hincmaro

2051 5546 2384 5619 conscripta
2416 5548 2747 5622 antiquiora
2779 5546 2976 5609 fuisse.
3010 5563 3179 5613 nemo
3208 5563 3319 5613 non
3350 5548 3509 5609 videt
