3936 6050
321 220 399 281 39
1278 219 1563 283 HUGON
1569 221 1642 281 IS
1684 213 2039 281 ABBATIS
2084 211 2759 275 FLAVINIACENSIS
3649 215 3736 276 40

324 350 665 423 martyrium
700 354 842 409 Non.
874 354 997 408 Jan.
1038 350 1137 408 ilic
1168 353 1474 409 constituit
1512 361 1572 409 ut
1617 358 1649 407 7
1698 349 1969 406 ebdoma-
1997 346 2054 406 A
2084 358 2283 400 manos
2306 343 2631 414 largissime
2656 346 2930 407 refecerit
2951 355 3010 405 et
3046 318 3335 408 barbaros
3368 350 3595 408 crebris
3629 338 3743 407 full

325 440 415 497 dis
445 447 579 497 ante
623 442 835 513 pascha
864 441 1144 511 jejunium
1177 441 1511 496 cclcbretur
1541 439 1659 511 (fol.
1698 436 1803 508 17’)
1831 442 1889 492 ct
1913 436 1967 490 in

324 533 496 586 nocte
518 530 735 586 natalis
757 530 978 585 Domini
1001 530 1198 585 missae
1220 529 1596 587 celebrentur
1611 531 1666 582 et
1686 525 1973 585 Gloriam

326 619 578 677 excelsis
606 621 726 675 Deo
758 624 1090 675 caneretur.
1129 619 1286 674 Obiit
1313 622 1361 672 3.
1392 619 1524 673 Idus
1544 617 1757 671 Januar
1778 612 1841 667 ³⁷.
1869 612 1969 669 Cui

330 710 620 767 successit
651 710 866 779 Yginus
899 710 1135 765 natione
1166 710 1382 764 Grecus
1414 722 1481 762 ex
1514 704 1877 776 phylosopho
1901 702 1971 757 de

332 799 595 869 Athenis,
630 798 783 854 sedit
815 813 865 853 a.
899 801 950 869 4,
986 814 1057 853 m.
1095 802 1146 867 3,
1181 797 1236 851 d.
1268 800 1318 851 8.
1356 798 1455 850 llic
1486 794 1705 849 clerum
1745 806 1974 863 compo-

332 889 451 944 suit
485 893 544 943 et
591 887 894 944 distribuit
941 886 1159 955 gradus
1206 883 1665 940 ecclesiasticos.
1717 881 1873 937 Obiit
1917 884 1967 935 3.

332 977 465 1033 idus
496 979 711 1032 Januar
740 975 803 1030 ⁸⁸.

404 1068 566 1121 Auno
598 1066 669 1119 ab
703 1065 813 1119 inc.
850 1065 1007 1119 Dom.
1048 1065 1151 1117 142
1185 1060 1400 1131 [Br-sna].
1428 1059 1750 1116 Antoninus
1774 1071 1975 1126 cogno-

337 1158 529 1210 mento
560 1153 697 1209 Pius
729 1167 857 1207 cum
894 1150 1027 1205 filiis
1057 1148 1292 1206 Aurelio
1325 1154 1382 1204 et
1420 1148 1591 1204 Lucio
1624 1147 1888 1216 regnavit
1920 1159 1969 1199 a.

331 1246 420 1305 22,
457 1257 526 1295 m.
563 1244 611 1296 4.
648 1241 802 1307 Pius,
837 1239 1067 1294 natione
1101 1238 1299 1305 Italus,
1337 1252 1409 1292 ex
1438 1243 1604 1307 patre
1636 1234 1860 1303 Ruﬁno,
1890 1234 1973 1288 fra

330 1337 422 1385 ter
436 1329 717 1397 Pastoris,
737 1328 806 1384 de
820 1328 1060 1383 civitate
1079 1326 1338 1396 Aquileia
1357 1325 1728 1396 (Gestapont.
1760 1323 1971 1393 Rom.),

332 1417 480 1474 sedit
519 1423 647 1488 post
677 1418 919 1488 Yginum
948 1430 998 1471 a.
1036 1420 1122 1483 19,
1161 1430 1232 1470 m.
1268 1416 1318 1483 4,
1355 1416 1409 1469 (Ι.
1444 1418 1492 1468 3.
1531 1413 1685 1468 Obiit
1735 1417 1785 1467 5.
1841 1411 1976 1467 ldus

329 1506 467 1563 Julii
499 1505 544 1539 ³⁹
574 1507 693 1575 Hic,
729 1505 935 1574 angelo
961 1508 1250 1572 monente,
1277 1502 1537 1573 precepit
1562 1500 1858 1556 Dominico
1883 1499 1976 1554 die

334 1596 545 1667 pascha
566 1593 873 1650 celebrari.
902 1594 1059 1647 Inter
1081 1591 1240 1647 Pium
1266 1597 1325 1646 et
1348 1591 1649 1645 Anicetum
1667 1588 1720 1643 d.
1738 1593 1825 1644 29.
1848 1587 1977 1643 Ani-

2085 434 2299 489 minum
2333 433 2548 490 ictibus
2579 435 2822 492 territos
2855 437 2909 492 in
2944 439 3132 510 fugam
3166 438 3543 497 converterit.
3580 438 3735 504 Quo-

2085 537 2208 577 rum
2242 527 2407 591 terga
2438 523 2735 592 cedentes,
2771 525 3130 583 incruentam
3165 529 3468 585 victoriam
3504 528 3734 598 potenti

2084 610 2298 666 Christi
2332 626 2596 666 meruere
2632 613 2866 669 auxilio.
2903 616 3019 671 Sub
3054 632 3168 686 quo
3220 619 3534 689 Ilyrenaeus
3593 615 3739 685 Lug-

2085 698 2361 755 dunensis
2383 700 2698 771 episcOpus
2720 701 2931 758 claruit
2955 709 3015 759 et
3031 704 3340 775 Dionysius
3364 705 3736 762 Viennensis.

2083 787 2219 842 Post
2255 802 2420 857 quem
2454 789 2717 857 regnavit
2757 790 2959 847 [Iclius
2999 794 3274 849 Pertinax
3323 792 3621 849 mensibus
3680 796 3738 847 6.

2088 874 2210 941 Quo
2242 876 2518 931 defuncto
2549 878 2810 947 regnavit
2846 878 3097 937 Severus
3128 896 3287 937 anno
3316 882 3389 937 ab
3422 881 3534 937 inc.
3568 881 3739 936 Dom.

2088 968 2206 1019 198.
2241 965 2502 1034 regnavit
2535 981 2584 1021 a.
2622 970 2707 1021 18.
2744 967 2962 1037 Victor,
2999 969 3232 1025 natione
3250 971 3406 1041 Afer,
3435 975 3601 1041 patre
3638 969 3744 1024 Fe-

2087 1049 2220 1121 lice,
2259 1052 2410 1108 sedit
2443 1069 2492 1109 a.
2530 1058 2616 1126 12,
2641 1070 2713 1110 m.
2736 1061 2787 1126 2,
2816 1057 2871 1113 d.
2902 1061 2968 1112 10
2990 1056 3369 1129 (Gestapont.
3398 1057 3613 1128 Rom).
3638 1056 3743 1112 llic

2086 1141 2417 1211 constituit,
2448 1142 2597 1197 sicut
2621 1148 2681 1197 et
2703 1144 2859 1215 Pius,
2886 1150 2946 1200 ut
2975 1146 3187 1215 pascha
3213 1145 3306 1201 die
3328 1144 3627 1202 Dominico
3646 1160 3745 1201 ce-

2087 1227 2418 1284 lebraretur
2450 1245 2501 1285 a.
2537 1234 2620 1285 14.
2660 1231 2793 1288 luna
2825 1233 2994 1303 primi
3032 1234 3249 1291 mensis
3294 1248 3480 1305 usque
3529 1234 3600 1291 ad
3647 1239 3743 1292 21.

2086 1316 2345 1385 ejusdem
2376 1318 2612 1375 mensis.
2645 1320 2799 1375 Obiit
2834 1326 2882 1377 5.
2916 1321 3034 1376 Kal.
3074 1323 3214 1391 Aug.

2159 1406 2322 1481 Anno
2379 1407 2451 1461 ab
2510 1407 2619 1462 inc.
2682 1408 2843 1463 Dom.
2875 1413 2996 1464 206.
3052 1409 3435 1481 Zepherinus,
3501 1412 3746 1468 natione

2086 1478 2398 1563 Romanus,
2435 1500 2602 1565 patre
2636 1496 2924 1568 Abundio,
2956 1496 3111 1553 sedit
3134 1478 3191 1553 a.
3238 1502 3325 1570 18,
3360 1478 3433 1553 m.
3470 1503 3522 1570 6,
3559 1499 3618 1556 d.
3649 1503 3741 1556 10.

2091 1580 2316 1636 Obiit7.
2344 1582 2464 1638 Kal.
2510 1582 2669 1655 Sept.

332 1690 521 1754 cetus,
558 1683 790 1738 natione
817 1683 1011 1752 Syrus,
1042 1686 1204 1751 patre
1222 1680 1501 1747 Iohanne,
1530 1679 1599 1734 dc
1622 1678 1762 1733 Vico
1787 1676 1976 1733 Emisa
2007 1703 2060 1762 Β
2163 1673 2323 1762 Anno
2354 1671 2425 1726 ab
2458 1671 2568 1727 inc.
2601 1673 2761 1728 Dom.
2794 1677 2899 1729 216
2933 1673 3150 1746 [BEDA].
3194 1674 3521 1732 Antoninus
3569 1670 3753 1732 Cara-

329 1772 397 1843 ‘°,
432 1786 481 1827 a.
516 1777 602 1840 11,
636 1786 707 1826 m.
745 1773 795 1840 4,
828 1771 881 1825 d.
920 1774 950 1825 3
991 1770 1206 1841 [8120A].
1246 1768 1401 1824 Obiit
1441 1766 1557 1823 Kal.
1596 1766 1701 1821 Mai
1742 1765 1803 1820 “.
1861 1766 1977 1821 Sub

337 1875 450 1931 quo
479 1860 818 1930 Policarpus
849 1859 1084 1913 Romam
1126 1856 1383 1925 veniens,
1438 1855 1652 1911 multos
1701 1855 1773 1910 ab
1816 1855 1979 1910 here-

337 1948 450 2004 tica
484 1948 614 2004 labe
647 1947 933 2003 Valentini
965 1952 1023 2001 et
1054 1946 1335 2002 Cerdonis
1367 1944 1697 2013 castigavit.

409 2038 570 2091 Anno
599 2036 671 2091 ab
703 2035 815 2090 inc.
851 2036 1007 2090 Dom.
1046 2037 1166 2089 104.
1197 2035 1421 2089 Marcus
1448 2031 1771 2087 Antoninus
1792 2031 1979 2086 Verus

337 2139 466 2180 cum
499 2124 678 2178 fratre
712 2122 949 2178 Aurelio
987 2123 1300 2178 Commodo
1332 2120 1595 2190 regnavit
1630 2134 1677 2174 a.
1712 2123 1799 2190 29,
1827 2134 1898 2174 m.
1930 2124 1976 2175 1.

339 2214 578 2269 Fotinus
613 2212 1013 2282 Lugdunensis
1033 2216 1090 2266 et
1114 2213 1316 2267 Justus
1339 2209 1682 2265 Viennensis
1703 2208 1980 2278 martyrio

338 2304 695 2355 coronantur
725 2298 786 2353 ⁴².
821 2298 1178 2368 Polycarpus
1209 2297 1485 2368 martyrio
1507 2301 1845 2352 coronatur.
1880 2294 1983 2349 Ve-

340 2402 404 2443 ro
434 2391 642 2457 quater
672 2390 732 2441 et
764 2387 1058 2453 Quadrato
1091 2386 1423 2456 Aproniano
1451 2389 1511 2439 et
1551 2383 1729 2440 Paulo
1775 2397 1983 2439 consu-

339 2476 494 2531 libus
527 2476 635 2531 sub
672 2480 752 2529 An
780 2481 930 2529 ceto.
968 2473 1173 2543 (Gesta
1193 2474 1386 2544 pom.)
1423 2476 1481 2528 1n
1526 2473 1706 2527 Gallia
1754 2486 1984 2542 quoque

339 2564 505 2619 multi
533 2578 637 2634 pro
662 2563 894 2618 Christo
918 2562 1093 2617 occisi
1118 2567 1271 2617 sunt.
1302 2563 1580 2617 Anicetus
1608 2560 1985 2632 papaconsti-

341 2652 451 2709 tuit
486 2658 542 2707 ut
577 2652 830 2708 clericus
862 2667 1085 2707 comam
1120 2666 1230 2707 non
1267 2653 1537 2707 nutriret.
1567 2651 1723 2706 Obiit
1748 2656 1829 2704 11.
1858 2647 1978 2704 Kal.

338 2742 474 2796 Julii
506 2740 570 2795 ⁸³.
604 2742 759 2795 Inter
790 2742 1093 2795 Anicetum
1126 2743 1182 2794 ct
1218 2741 1523 2795 Sotherum
1556 2740 1608 2794 d.
1636 2744 1723 2793 21.
1752 2738 1980 2809 Sother,

342 2830 576 2885 natione
609 2832 953 2900 Campanus,
985 2844 1059 2883 ex
1093 2833 1257 2899 patre
1283 2829 1623 2891 Concordio,
1650 2828 1719 2882 de
1744 2828 1983 2883 civitate

342 2919 574 2988 Fundis,
612 2932 760 2974 anno
791 2920 862 2972 ab
896 2919 1009 2972 inc.
1046 2918 1204 2972 Dom.
1244 2922 1363 2986 168,
1399 2917 1568 2972 Marci
1592 2916 1860 2972 Antonini
1887 2916 1986 2971 Ve-

347 3007 395 3061 ri
424 3014 484 3061 et
518 3006 738 3063 Aurelii
771 3005 1063 3061 Commodi
1094 3010 1146 3060 9.
1180 3006 1435 3076 suscepit
1469 3004 1859 3075 gubernacula
1886 3005 1986 3059 Ro-

342 3110 525 3152 mamn
556 3096 846 3163 ecclesiae,
884 3094 1037 3149 sedit
1073 3110 1120 3149 a.
1158 3100 1208 3163 9,
1245 3110 1315 3148 m.
1351 3100 1404 3162 7,
1458 3096 1511 3150 d.
1565 3100 1651 3150 21.
1706 3095 1803 3149 llic
1852 3109 1986 3149 con-

342 3186 533 3240 stituit
569 3192 630 3241 ut
660 3185 814 3241 nulla
852 3184 1128 3239 monacha
1166 3183 1374 3252 pallam
1406 3188 1693 3239 sacratam
1720 3186 1984 3251 tangeret

340 3288 446 3330 nec
476 3275 769 3331 incensum
794 3274 849 3327 in
874 3272 1117 3327 ecclesia
1146 3278 1411 3341 poneret.
1435 3272 1590 3327 Obiit
1618 3277 1698 3327 10.
1721 3271 1838 3327 Kal.
1858 3271 1981 3326 Mai.

337 3363 573 3419 “Inter
606 3365 909 3418 Sotherum
942 3369 1001 3415 et
1041 3361 1413 3416 Eleutherum
1463 3362 1517 3416 d.
1571 3366 1658 3416 21.
1704 3363 1866 3415 Anno
1916 3361 1987 3415 ab

342 3450 456 3507 inc.
494 3454 653 3506 Dom.
692 3456 813 3505 177.
849 3449 1213 3517 Eleutherus,
1252 3449 1483 3504 natione
1528 3451 1766 3519 Crecus,
1822 3455 1986 3520 patre

344 3539 629 3609 Abundio,
666 3540 735 3594 dc
766 3539 983 3609 oppido
1016 3538 1301 3608 Nicopoli,
1332 3538 1479 3593 sedit
1514 3553 1562 3593 a.
1598 3544 1682 3605 15,
1720 3556 1789 3593 ιη.
1826 3542 1878 3607 3,
1925 3539 1980 3594 d.

341 3634 391 3687 2.
420 3630 524 3684 Hic
546 3628 856 3685 constituit
886 3626 1122 3681 utnulla
1147 3641 1280 3682 esca
1303 3643 1331 3681 a
1358 3626 1704 3682 Christianis
1722 3626 1984 3697 repudia-

345 3724 511 3774 retur
535 3730 664 3787 qua
690 3714 1056 3771 rationabilis
1079 3720 1136 3769 et
1160 3714 1405 3771 humana
1427 3720 1517 3770 est
1545 3715 1647 3782 ;ad
1672 3730 1839 3785 quem
1862 3715 1986 3772 mis-

343 3821 405 3863 sa
439 3804 689 3877 epistola
723 3804 932 3859 Lucius
962 3803 1271 3859 Britanniae
1302 3818 1404 3858 rex
1432 3808 1494 3859 ut
1520 3804 1884 3860 Christianus
1906 3805 1985 3860 ef-

346 3895 621 3951 ficeretur
653 3892 948 3962 impetrat.
988 3892 1148 3947 Obiit
1178 3898 1210 3947 7
1240 3891 1361 3946 Kal.
1397 3891 1548 3946 Junii
1588 3890 1649 3947 “.
1702 3893 1985 3948 Defuncto

344 3982 659 4040 Commodo
722 3983 902 4036 fratre
978 3980 1307 4035 Antoninus
1372 3980 1744 4036 Commodum
1804 3979 1984 4038 ﬁlium

342 4087 512 4129 suum
532 4073 867 4127 consortem
889 4069 1050 4139 regni
1076 4068 1233 4139 facit,
1264 4067 1361 4138 qui
1385 4069 1654 4138 regnavit
1682 4075 1809 4140 post
1835 4086 1986 4126 mor-

341 4166 458 4217 tem
490 4159 679 4233 patris
708 4158 875 4215 annis
909 4162 994 4214 15.
1022 4158 1197 4227 Cujus
1217 4157 1262 4190 ‘3
1294 4164 1554 4229 tempore
1574 4160 1985 4215 Marcomanni-

342 4264 473 4307 cum
508 4248 723 4305 bellum
747 4247 843 4303 Dei
865 4251 1056 4303 actum
1079 4251 1169 4302 est
1192 4246 1576 4317 providtntia.
1598 4247 1733 4302 Nam
1757 4249 1985 4304 cumin-

340 4338 744 4396 surrexissent
761 4336 817 4390 in
836 4337 1122 4391 Romanos
1143 4340 1348 4405 gentes
1372 4336 1635 4391 barbarae
1663 4336 1960 4407 innumera

340 4426 443 4484 bili
471 4423 867 4492 multitudine,
891 4423 945 4477 id
972 4427 1060 4478 est
1086 4422 1491 4491 Marcomanni,
1518 4422 1723 4493 Quadi,
1744 4426 1986 4482 Wanda-
2014 4411 2066 4472 D

2016 3054 2065 3117 C

2090 1760 2238 1816 calla
2261 1761 2522 1830 regnavit
2546 1776 2595 1817 a.
2615 1767 2666 1818 7.
2694 1763 2829 1818 Post
2856 1762 3007 1818 hunc
3032 1764 3321 1819 Macrinus
3353 1779 3401 1819 a.
3439 1770 3490 1834 1,
3516 1769 3579 1819 ct
3611 1769 3745 1836 post

2091 1861 2220 1903 eum
2252 1849 2477 1905 Marcus
2510 1849 2781 1907 Aurelius
2803 1850 3121 1921 imperator
3143 1866 3172 1907 a
3204 1856 3252 1908 4.
3287 1855 3449 1908 Anno
3471 1852 3599 1908 "ab
3624 1853 3744 1909 inc.

2091 1936 2250 1992 Dom.
2280 1942 2403 2008 292,
2431 1939 2624 1994 Severi
2653 1954 2702 1995 a.
2735 1942 2785 2010 4,
2813 1941 3117 2009 questione
3147 1941 3342 1996 habita
3373 1941 3444 1997 de
3468 1941 3750 1998 observa-

2094 2026 2251 2081 tione
2276 2028 2506 2097 paschae
2527 2028 2722 2084 Victor
2751 2029 3042 2084 Romanus
3074 2043 3241 2101 papa,
3276 2029 3585 2085 Narcissus
3622 2029 3753 2085 Ihe-

2094 2114 2402 2185 rosolimaa,
2438 2115 2761 2171 Policrates
2790 2116 3199 2188 Ephesiorum,
3253 2119 3553 2188 Iiyreneus
3601 2118 3753 2188 Lug-

2093 2202 2436 2259 dunensium
2457 2204 2673 2259 litteris
2692 2205 3007 2261 ediderunt
3035 2204 3287 2276 qualiter
3321 2205 3552 2278 paschae
3589 2210 3751 2263 esset

2094 2293 2544 2349 observandum.

2166 2385 2329 2435 Anno
2359 2382 2431 2435 ab
2462 2370 2570 2436 inc.
2607 2383 2765 2437 Dom.
2815 2386 2937 2446 210.
2992 2383 3099 2438 sub
3145 2383 3356 2439 Severo
3404 2383 3751 2454 martyrium

2095 2468 2248 2524 beati
2283 2469 2526 2540 ilyrcnei
2559 2484 2689 2524 cum
2721 2469 2842 2525 soci
2871 2484 2899 2525 s
2929 2476 3119 2526 actum
3154 2475 3241 2525 est
3282 2470 3521 2542 (fol.18).

2167 2559 2328 2612 Anno
2360 2559 2431 2612 ab
2464 2558 2571 2613 inc.
2605 2559 2763 2612 Dom.
2799 2562 2923 2627 221,
2960 2564 3016 2613 1°
3069 2573 3217 2614 anno
3273 2560 3443 2614 Marci
3499 2559 3747 2630 Aurelii,

2096 2645 2377 2714 Calixtus,
2405 2645 2638 2701 natione
2655 2647 2965 2716 Romanus,
2994 2650 3158 2717 patre
3187 2647 3465 2715 Domicio,
3499 2647 3569 2703 de
3601 2648 3751 2705 urbe

2094 2735 2535 2802 Ravennatium,
2568 2734 2721 2789 sedit
2751 2747 2801 2789 a.
2837 2741 2891 2804 0,
2924 2749 2995 2788 m.
3032 2739 3082 2804 2,
3119 2735 3173 2790 (ἰ.
3208 2740 3274 2790 10
3322 2735 3526 2806 (Gesta
3573 2738 3748 2809 prmi.

2095 2824 2307 2893 Rom.).
2327 2824 2546 2877 Corona
2559 2829 2649 2878 tus
2663 2827 2752 2878 est
2773 2822 3047 2892 martyrio
3063 2824 3169 2879 sub
3186 2824 3578 2881 Alexandro2.
3612 2826 3672 2882 Id
3683 2842 3752 2883 us

2096 2913 2388 2982 Octobris,
2412 2911 2474 2966 3°
2499 2912 2810 2967 Alexandri
2838 2927 3009 2968 anno.
3043 2912 3143 2968 Cui
3163 2914 3449 2970 .uccessit
3480 2915 3753 2972 Urbanus

2096 3001 2328 3057 natione
2363 3004 2705 3071 Campanus,
2744 3006 2907 3072 patre
2937 3002 3236 3058 Pontiano.
3286 3002 3447 3059 Sedit
3477 3018 3526 3059 a.
3569 3008 3623 3073 7,
3670 3019 3746 3059 m.

2097 3096 2183 3161 10,
2219 3091 2271 3147 d.
2308 3092 2404 3156 20;
2439 3090 2585 3146 obiit
2612 3095 2661 3147 9.
2701 3091 2818 3145 Kal.
2851 3091 3004 3146 Junii
3036 3091 3097 3147 ⁸⁸.
3136 3095 3292 3148 Inter
3337 3093 3631 3150 Urbanum
3690 3101 3752 3150 et

2095 3179 2436 3235 Pontianum
2470 3180 2524 3234 d.
2562 3184 2647 3233 3).
2683 3180 3023 3249 Pontianus,
3060 3182 3293 3236 natione
3311 3182 3621 3251 Romanus,
3659 3195 3756 3253 pa-

2094 3271 2185 3323 tre
2218 3268 2548 3339 Calpurnio,
2586 3267 2736 3322 sedit
2771 3283 2821 3323 a.
2856 3273 2910 3339 9,
2944 3284 3015 3323 m.
3053 3272 3103 3339 5,
3140 3270 3194 3325 d.
3235 3273 3285 3324 2.
3336 3270 3657 3327 Pontianus
3703 3269 3753 3303 "

2095 3358 2204 3413 sub
2237 3358 2537 3412 Maximino
2568 3357 2821 3413 fustibus
2854 3372 3028 3413 cesus
3057 3358 3329 3414 occubuit
3363 3362 3412 3413 3.
3447 3358 3567 3414 Kal.
3605 3359 3745 3415 Nov.

2093 3446 2378 3501 Defuncto
2416 3446 2672 3515 Aurelio,
2731 3460 2881 3502 anno
2927 3449 3083 3502 Dom.
3136 3446 3245 3503 inc.
3300 3450 3405 3503 228
3454 3447 3747 3503 successit

2094 3535 2421 3590 Alexander
2454 3535 2683 3607 [ΒεοΑ];
2719 3535 2978 3605 regnavit
3013 3551 3063 3591 a.
3086 3540 3166 3591 13.
3204 3537 3362 3592 inter
3403 3536 3749 3592 Pontianum

2092 3629 2152 3680 et
2172 3626 2488 3681 Antherum
2511 3623 2565 3679 d.
2592 3628 2671 3680 10.

2166 3712 2402 3771 Anno“0
2461 3713 2687 3784 imperii
2745 3711 3058 3769 Alexandri
3112 3719 3227 3783 13°,
3284 3713 3356 3770 ab
3411 3713 3525 3769 inc.
3583 3713 3747 3769 Dom.

2091 3810 2217 3875 236,
2251 3803 2569 3859 indictione
2603 3807 2686 3871 15,
2720 3808 2926 3872 epacta
2960 3808 3011 3873 9,
3053 3817 3322 3859 concurr.
3377 3806 3429 3872 6,
3487 3801 3753 3860 secundo

2094 3908 2243 3949 anno
2275 3892 2648 3963 pontificatus
2674 3891 2938 3947 Pontiani
2990 3906 3173 3963 papae,
3227 3891 3591 3948 celebratum
3653 3897 3756 3949 est

2093 3981 2304 4053 pascha
2323 3980 2568 4051 primum
2584 3980 2735 4036 sicut
2753 3981 3030 4037 hactenus
3044 3986 3354 4036 servatura
3375 3979 3562 4036 nobis.
3606 3979 3753 4036 Nam

2095 4085 2280 4141 usque
2313 4068 2384 4125 ad
2418 4070 2474 4125 id
2509 4074 2739 4140 tempus
2767 4069 3194 4125 observabatur
3223 4068 3279 4124 in
3325 4070 3410 4123 14.
3464 4067 3601 4124 luna
3659 4081 3755 4124 se-

2094 4160 2345 4217 cundum
2381 4173 2595 4213 morem
2626 4157 2957 4213 Judeorum.
3156 4166 3164 4175 '

2169 4250 2331 4303 Anno
2364 4247 2435 4302 ab
2468 4246 2578 4303 inc.
2615 4248 2774 4302 Dom.
2807 4249 2930 4301 241.
2975 4245 3282 4302 ordinatus
3335 4248 3425 4301 est
3472 4250 3554 4301 11.
3619 4245 3747 4301 Kal.

2096 4336 2428 4393 Decembris
2448 4336 2761 4405 Antherus,
2780 4335 3015 4391 natione
3030 4336 3268 4403 Crecus,
3286 4340 3455 4405 patre
3479 4333 3749 4391 Romulo.

2098 4426 2259 4482 Sedit
2293 4441 2364 4481 m.
2404 4431 2455 4496 1,
2491 4424 2546 4482 d.
2584 4431 2687 4490 17;
2719 4425 2863 4481 obiit
2898 4424 2940 4457 “
2971 4427 3020 4480 4.
3074 4425 3216 4479 Non.
3255 4424 3490 4486 Ianuar.
3540 4424 3755 4495 (Gesta

343 4514 405 4582 li,
444 4514 744 4583 Sarmatae,
778 4512 948 4568 Suevi
981 4518 1037 4566 et
1081 4511 1267 4566 omnis
1310 4525 1455 4581 pene
1494 4512 1816 4585 Germania,
1847 4522 1905 4571 et
1928 4516 1983 4573 in
2083 4516 2253 4587 pont.
2316 4515 2508 4586 Rom.)
2565 4515 2704 4571 Post
2772 4512 3164 4569 Alexandrum
3236 4512 3577 4568 Maximinus
3658 4524 3756 4569 re-

343 4603 679 4671 Quadorum
713 4614 899 4671 usque
927 4600 1069 4655 fines
1089 4613 1438 4670 progressus
1456 4600 1748 4657 Romanus
1767 4606 1986 4660 exerci-

340 4697 437 4750 tus
469 4696 711 4763 pr0pter
741 4704 1021 4760 aquarum
1042 4690 1341 4760 penuriam
1365 4692 1602 4761 gravius
1640 4691 1771 4748 sitis
1814 4709 1983 4765 quam

340 4780 529 4838 hostis
561 4780 885 4838 sustineret
918 4778 1240 4850 periculum
1266 4780 1334 4835 ad
1360 4780 1783 4839 invocationem
1809 4787 1987 4841 nomi-

340 4871 431 4927 nis
466 4870 703 4940 Christi,
737 4883 907 4940 quam
938 4868 1132 4924 subito
1162 4867 1378 4925 milites
1402 4883 1606 4940 magna
1651 4871 1779 4928 fidei
1822 4888 1986 4931 cons-

344 4960 529 5016 tantia
561 4960 847 5031 fecerunt,
878 4962 1041 5015 tanta
1074 4956 1160 5014 vis
1187 4958 1513 5030 pluviarum
1538 4962 1753 5034 erupit,
1786 4969 1851 5019 ut
1878 4966 1985 5021 Ro-

2094 4618 2275 4675 gnare
2304 4618 2476 4660 orsus
2508 4602 2726 4675 [Beas],
2763 4602 3230 4675 persecutionem
3265 4601 3443 4657 movit
3475 4600 3529 4655 iu
3582 4588 3755 4657 Chri-

2096 4693 2337 4760 stianos,
2361 4707 2390 4748 a
2415 4707 2528 4763 quo
2553 4691 2869 4748 Pontianus
2883 4697 2942 4747 et
2959 4692 3252 4747 Antherus
3267 4688 3544 4761 martyrio
3576 4703 3755 4747 coro-

2096 4786 2341 4850 nantur;
2372 4781 2755 4851 regnavitque
2787 4779 3128 4836 Maximinus
3160 4796 3209 4835 a.
3247 4784 3298 4851 3,
3352 4784 3410 4836 et
3441 4784 3570 4852 post
3612 4792 3749 4837 eum

2096 4874 2419 4930 Gordianus
2440 4885 2490 4925 a.
2513 4874 2564 4926 6.
2590 4871 2703 4926 Sub
2724 4869 2767 4902 ⁵³
2791 4868 3079 4925 Gordiano
3101 4868 3432 4926 Florentius
3463 4870 3753 4927 Viennen-

2095 4965 2178 5022 sis
2198 4962 2512 5035 episcopus
2525 4959 2757 5017 claruit.
2783 4960 2926 5016 Post
2946 4972 3117 5031 quem
3146 4959 3414 5030 regnavit
3442 4958 3754 5032 Philippus

1715 5106 1949 5161 VARUE
1992 5106 2390 5165 LECTIONES.

342 5216 387 5250 ³⁷
417 5216 522 5292 Ob.
557 5219 609 5271 3.
635 5215 885 5292 _I_d:_.lan2
918 5215 985 5292 in
1008 5230 1209 5292 ptem.
1243 5214 1289 5249 ³⁸
1321 5217 1425 5272 Ob.
1465 5222 1514 5292 3,
1550 5219 1631 5292 id.
1663 5220 1792 5292 Jan.
1826 5219 1894 5276 in
1920 5222 2139 5292 mergi.
2176 5220 2221 5254 ³³
2250 5220 2354 5276 Ob.
2415 5223 2466 5274 ὅ.
2526 5217 2607 5274 Id.
2668 5216 2926 5292 Juliijn
2976 5231 3167 5292 marg.
3205 5216 3543 5292 _‘°___invisa
3590 5229 3748 5275 corr.

342 5288 519 5368 emjsa
545 5284 808 5368 c._“__0l_).
837 5285 967 5368 Kal.
1006 5284 1797 5368 Mai.'z'umq_rg._"1"o_tinus
1819 5284 2415 5368 —__cor6nantur__ir§
2456 5302 2648 5368 marg.
2710 5288 2756 5321 "
2801 5290 3062 5368 _O_b._11.
3108 5284 3243 5368 'Kal.
3297 5287 3747 5368 Jlii_::n_marg.

338 5360 383 5393 “
416 5359 522 5435 Ob.
556 5361 642 5414 10.
680 5356 780 5435 Kal
835 5358 959 5435 Mai.
996 5362 1063 5417 in
1089 5373 1284 5435 mare.
1313 5359 1361 5435 ξε
1384 5356 1498 5435 ξρι).
1531 5365 1583 5435 7.
1618 5361 1736 5435 Ka_l_.
1769 5363 1923 5435 Junii
1956 5365 2024 5419 in
2047 5377 2239 5435 marg.
2274 5361 2318 5395 ‘°
2378 5360 2555 5435 Cujus
2580 5356 2651 5402 '—
2680 5361 2898 5435 auxilio
2927 5362 2994 5419 in
3022 5362 3299 5435 "largiare
3325 5360 3464 5419 add.
3500 5357 3545 5393 ⁸⁷
3578 5356 3749 5435 Anno

338 5460 407 5506 τ-
436 5430 869 5506 observandum
895 5431 969 5506 {at
989 5429 1361 5506 marg.__add._
1382 5429 1429 5464 ⁸⁸
1458 5447 1512 5488 o.
1546 5433 1579 5486 4
1609 5432 1760 5506 91K.
1790 5434 1829 5506 I_.
1861 5435 1930 5490 in
1952 5448 2146 5506 marg.
2179 5429 2225 5468 τ’
2251 5429 2568 5493 Pontianus
2596 5466 2667 5476 —
2693 5434 2831 5492 Nov.
2860 5434 2932 5493 in
2970 5429 3172 5506 marg:
3232 5432 3279 5467 ⁵ο
3324 5434 3491 5490 Anno
3534 5462 3605 5473 —
3647 5432 3751 5488 Ju-

340 5503 584 5561 deorum
612 5502 682 5563 tu
702 5515 895 5577 mare.
929 5501 973 5536 ⁵³
999 5517 1052 5560 ο.
1083 5500 1138 5560 42
1170 5503 1234 5559 N.
1265 5502 1306 5557 ι.
1336 5502 1405 5561 in
1426 5514 1620 5574 mare.
1651 5501 1696 5536 ⁵³
1727 5500 1845 5562 Sub
1873 5500 2161 5567 —clariiit
2188 5507 2257 5568 in
2301 5520 2494 5580 mare.
