3940 6048
148 268 208 331 41
1375 249 1876 317 CHRONICON.
1906 289 1984 300 —
2012 253 2170 318 LIB.
2206 255 2251 319 l.

3440 261 3520 324 4⁸2

149 416 262 459 cum
283 399 397 457 ﬁlio
426 395 711 469 Phylippo
751 410 801 450 a.
838 392 1025 465 [Anc],
1079 392 1181 446 llic
1231 387 1453 461 primus
1511 387 1766 469 omnium
1796 388 1853 448 A
1884 386 2261 462 (Gestapont.
2291 393 2478 463 Rom).
2500 392 2605 449 IIic
2632 392 2941 451 constituit
2964 400 3026 452 ut
3055 398 3091 449 2
3110 397 3425 467 presbiteri
3458 404 3518 456 et

150 466 545 554 imperatorum
585 466 945 533 christianus
968 473 1096 541 fuit,
1130 475 1188 527 et
1207 476 1238 526 3
1261 469 1389 540 ejus
1413 483 1562 524 anno
1586 466 1770 524 mille-

150 571 306 629 simus
332 582 520 623 annus
544 567 735 622 Romae
767 564 931 621 urbis
958 561 1232 633 expletus
1253 564 1364 617 est.
1399 558 1561 615 Unde
1601 572 1769 617 coro-

152 663 265 714 nata
291 658 435 713 urbe
455 669 587 711 cum
621 652 1094 723 sollempnizaret
1117 648 1369 721 populus
1388 649 1681 705 Romanus
1708 653 1767 704 et

151 745 409 804 sacriﬁcia
432 744 785 812 celebraret,
820 741 1141 813 imperator
1168 754 1300 796 cum
1332 738 1450 795 filio
1498 744 1557 794 et
1589 753 1769 795 coevo

152 835 246 893 sibi
286 833 496 890 Pontio
524 832 696 903 (Acta
725 830 977 899 Pontii?,
1013 828 1195 886 nobili
1229 832 1286 883 et
1331 828 1582 897 ingenuo
1615 828 1765 899 viro,

153 923 362 981 occulte
392 927 588 978 tamen
605 919 948 989 christiano,
975 918 1334 990 procedebat
1361 916 1431 972 ad
1461 917 1765 989 templum.

154 1013 249 1069 Sed
277 1027 306 1067 a
336 1013 512 1067 beato
527 1008 735 1067 Pontio
758 1012 1071 1065 revocatus
1090 1011 1147 1062 et
1164 1005 1453 1063 doctrinis
1501 1005 1771 1083 ecclesia;

154 1102 299 1157 sticis
322 1101 604 1169 imbutus,
640 1097 975 1169 baptizatus
990 1099 1078 1152 est
1105 1109 1236 1151 cum
1263 1094 1400 1151 filio.
1436 1094 1542 1161 Qui
1564 1096 1772 1151 beatus

152 1190 370 1247 Pontius
398 1190 476 1245 ob
510 1188 618 1244 hoc
651 1188 785 1258 quia
817 1187 1107 1241 Romanos
1140 1185 1526 1255 imperatores
1540 1183 1772 1240 Christo

150 1279 372 1336 credere
403 1278 625 1345 docuit,
643 1275 905 1347 martyrii
937 1289 1210 1331 coronam
1236 1273 1519 1345 suscepit,
1547 1275 1772 1345 Corpus
1800 1276 1813 1285 “

151 1370 259 1439 ejus
285 1368 641 1424 translatum
675 1365 996 1437 postlonga
1025 1369 1288 1436 tempora
1313 1378 1465 1420 nunc
1487 1362 1774 1433 condigne

153 1457 453 1529 requiescit
484 1461 544 1512 et
572 1459 887 1512 veneratur
919 1454 975 1510 in
1001 1453 1354 1510 monasterio
1405 1452 1556 1524 quod
1579 1453 1775 1509 Tome-

153 1549 251 1605 rias
275 1547 516 1605 dicitur.
550 1544 855 1616 Philippus
880 1542 926 1576 ⁸⁸
947 1544 1268 1616 imperator
1299 1543 1353 1598 in
1392 1542 1483 1598 die
1523 1543 1771 1614 paschm,

153 1639 196 1694 id
214 1642 297 1694 est
323 1639 381 1693 in
408 1637 592 1708 ipsius
625 1634 861 1706 vigiliis,
881 1650 1010 1692 cum
1036 1633 1315 1691 voluisset
1339 1632 1774 1690 communicare

1882 484 1913 534 3
1947 479 2173 536 diaconi
2196 480 2536 552 episcopum
2570 483 2624 537 in
2648 482 2799 538 omni
2832 482 2961 540 loco
2991 499 3101 540 non
3151 485 3517 543 desererent.

1884 567 2040 623 Obiit
2073 573 2121 624 3.
2158 569 2302 625 Non.
2334 570 2546 641 Martii,
2568 571 2834 642 sepultus
2863 577 2913 629 8.
2952 572 3071 629 Kal.
3110 573 3266 646 Sept.
3298 573 3515 647 [Bson].

1880 658 2041 712 Inter
2073 658 2308 714 Lucium
2332 665 2389 715 et
2416 660 2768 732 Stephanum
2803 661 2858 717 (1.
2892 665 2981 725 25.
3017 661 3213 719 Gallus
3247 678 3378 720 cum
3401 663 3519 720 filio

1882 746 2199 803 Volusiano
2232 748 2493 818 regnavit
2520 764 2570 805 a.
2596 754 2739 819 2,m.
2777 752 2827 806 4.
2854 750 3182 823 Stephanus
3205 753 3516 823 Romanus,

1888 840 2054 906 patre
2076 835 2263 907 Jobio,
2296 851 2346 891 a.
2371 840 2431 906 6,
2454 852 2524 893 m.
2561 843 2613 908 6,
2646 838 2777 897 (1.2.
2816 839 2918 896 Ηῑο
2967 840 3277 898 constituit
3330 845 3392 897 ut
3434 856 3520 898 sa-

1879 924 2152 981 cerdotes
2174 929 2233 980 et
2255 925 2444 982 levitas
2476 931 2673 984 vestes
2687 943 2883 985 sacras
2897 929 2951 984 in
2972 929 3269 986 cotidiano
3286 946 3389 987 usu
3408 945 3519 987 non

1881 1014 2160 1069 haberent
2194 1014 2403 1086 (Gesta
2410 1016 2577 1087 pom.
2607 1018 2794 1089 Rom).
2819 1018 3157 1075 Decollatus
3181 1024 3268 1076 est
3294 1022 3403 1076 sub
3416 1018 3521 1075 Va-

1883 1102 2104 1158 leriano
2134 1107 2190 1157 et
2222 1102 2481 1160 Gallieno
2512 1106 2562 1160 4.
2591 1106 2902 1177 Non.Aug.
2938 1111 2995 1162 et
3021 1109 3277 1165 cessavit
3293 1108 3520 1180 episco-

1884 1193 2054 1264 patus
2085 1192 2139 1247 (Ι.
2172 1194 2260 1248 22.

1955 1282 2116 1336 Anno
2148 1281 2259 1337 inc.
2284 1284 2444 1337 Dom.
2476 1285 2599 1337 261.
2636 1288 3027 1352 regnaverunt
3079 1283 3426 1341 Valerianus
3459 1291 3519 1340 et

1884 1369 2157 1426 Calienus
2196 1385 2247 1426 a.
2298 1374 2364 1427 15
2417 1370 2613 1443 [ΒεοΑ]
2665 1370 3008 1429 Valerianus
3061 1373 3115 1427 in
3163 1372 3522 1429 christianos

1885 1459 2341 1529 persequutione
2362 1464 2651 1516 commota
2685 1460 2881 1515 statim
2912 1457 2956 1493 ⁵⁷
2979 1477 3009 1516 a
3059 1463 3274 1533 Sapore
3324 1462 3523 1517 Persa-

1887 1562 2010 1603 rum
2033 1562 2172 1618 rege
2203 1548 2442 1620 capitur
2473 1548 2592 1621 (fol.
2655 1550 2784 1621 18).'
2825 1554 2882 1605 et
2917 1549 3233 1607 luminibus
3279 1550 3523 1607 orbatus

1888 1636 2101 1692 misera
2127 1636 2415 1694 servitute
2446 1638 2812 1694 consenescit
2840 1638 3062 1711 [Ano.];
3097 1639 3177 1694 ita
3211 1643 3273 1695 ut
3324 1640 3522 1711 Sapori

152 1727 416 1784 misteriis
449 1741 479 1782 a
512 1724 762 1780 Fabiano
793 1738 938 1796 papa
960 1723 1059 1795 qui
1083 1722 1485 1795 pontificatum
1505 1736 1776 1794 suscepe-
1802 1748 1857 1807 Β
1886 1742 2098 1797 equum
2130 1728 2470 1784 ascendenti
2503 1727 2739 1784 dorsum
2804 1743 2908 1800 pro
2968 1728 3225 1785 scabello
3268 1733 3521 1800 pararet.

152 1822 226 1872 rat
252 1831 407 1872 anno
439 1815 590 1870 dom.
609 1814 828 1871 incarn.
854 1817 976 1885 241,
998 1827 1113 1869 non
1136 1812 1302 1885 prius
1324 1817 1414 1868 est
1433 1811 1769 1884 permissus,

153 1905 243 1961 nisi
254 1904 647 1961 conﬁteretur
666 1904 905 1974 peccata
928 1916 1032 1959 sua
1064 1906 1121 1957 et
1146 1902 1302 1957 inter
1316 1900 1645 1974 penitentes
1661 1903 1776 1957 sta-

152 2000 245 2063 ret,
275 1998 339 2050 et
364 2009 470 2065 per
491 1992 873 2066 penitentiam
888 1990 1094 2064 culpas
1118 2006 1246 2061 quae
1264 1990 1335 2047 de
1349 2004 1419 2046 eo
1436 1989 1683 2062 pluriine
1700 1990 1777 2045 fe-

152 2086 418 2141 rebantur
440 2082 713 2139 dilueret.
752 2084 824 2137 At
856 2081 955 2137 ille
987 2082 1142 2152 quod
1176 2097 1205 2137 a
1239 2080 1545 2137 sacerdote
1590 2081 1777 2136 fuerat

150 2176 486 2246 imperatum
510 2172 765 2228 libenter
796 2171 1076 2242 suscepit,
1127 2171 1381 2226 divinum
1443 2175 1659 2225 metum
1722 2174 1778 2224 et

151 2262 305 2318 fidem
341 2260 645 2331 religionis
676 2259 1072 2332 plcnissnmam
1088 2260 1268 2316 rebus
1283 2261 1341 2315 et
1374 2258 1653 2330 operibus
1669 2256 1778 2314 sibi

152 2351 333 2408 inesse
366 2350 773 2421 comprobans.
794 2348 975 2418 Hujus
1007 2348 1308 2405 humilitas
1357 2350 1524 2403 tanto
1556 2347 1784 2403 morda-

152 2440 261 2496 cius
286 2444 586 2495 tumorem
639 2452 838 2508 regum
869 2442 1210 2495 nostrorum
1256 2437 1510 2509 impetit,
1566 2441 1785 2507 quanto

156 2528 487 2599 religiosius
520 2528 694 2583 illein
723 2534 839 2585 tam
855 2532 1061 2584 tenera
1083 2526 1126 2559 ⁸⁴
1157 2526 1593 2584 christianitate
1626 2526 1787 2596 peni-

156 2620 387 2674 tentiam
409 2616 456 2650 “
492 2618 844 2689 susceperit,
880 2631 1050 2689 quam
1080 2615 1123 2648 5‘
1139 2616 1235 2672 isti
1267 2617 1324 2671 in
1358 2620 1586 2672 matura
1605 2613 1788 2671 eccle-

157 2707 228 2763 sia
255 2707 300 2739 “
333 2712 394 2763 et
425 2706 473 2739 “
505 2721 610 2779 per
640 2705 683 2739 “
713 2707 913 2762 orbem
937 2705 981 2738 ⁸⁴
1020 2705 1260 2762 dilatata
1295 2720 1400 2761 nec
1424 2704 1623 2760 audire
1654 2718 1790 2761 con-

158 2797 429 2853 sentiunt.

222 2887 384 2943 Anno
407 2886 519 2942 inc.
547 2886 705 2941 Dom.
730 2889 834 2941 257
866 2883 1076 2940 Decius
1123 2882 1425 2954 imperium
1472 2879 1787 2952 assumpsit

161 2976 303 3046 quod
327 2974 525 3031 tenuit
557 2990 607 3029 a.
656 2978 708 3043 1,
762 2989 835 3028 ιη.
869 2977 899 3028 3
952 2971 1173 3043 [Br-:m;
1224 2971 1463 3041 Rscmo]
1519 2971 1619 3027 His
1664 2968 1710 3002 ⁵⁸
1759 2973 1789 3024 3

159 3065 450 3120 mensibus
478 3062 639 3120 Decii
664 3061 812 3118 adde
838 3061 1109 3117 Antonini
1151 3060 1236 3115 Pii
1277 3064 1329 3130 3,
1383 3060 1552 3116 Marci
1616 3062 1793 3114 Anto-

159 3154 263 3210 nini
296 3160 355 3223 1,
381 3151 529 3209 Helii
562 3151 889 3208 Pertinacis
909 3150 1031 3222 6,fit
1065 3164 1250 3205 annus
1270 3149 1366 3219 qui
1405 3148 1497 3204 hic
1532 3148 1787 3219 ponitur.

160 3241 455 3312 Remanet,
490 3257 564 3296 m.
600 3243 624 3297 1
662 3246 721 3297 et
752 3239 806 3296 d.
834 3245 902 3298 28
926 3238 1290 3311 supranotati
1332 3238 1587 3292 Antbero
1646 3251 1792 3309 papa

160 3332 437 3401 martyrio
468 3333 770 3397 coronato,
817 3329 1107 3386 Fabianus
1156 3325 1498 3395 succedens,
1556 3327 1792 3382 natione

160 3420 473 3490 Romanus,
506 3420 679 3474 Patre
704 3419 879 3474 Fabio
911 3418 1062 3475 sedit
1098 3432 1147 3472 a.
1185 3420 1271 3487 13,
1323 3430 1397 3471 m.
1461 3418 1545 3471 11.
1590 3413 1796 3484 (Gesta

148 3510 307 3579 perat.
342 3508 536 3578 Rom).
575 3509 730 3564 Inter
762 3508 1081 3563 Antherum
1112 3510 1172 3561 et
1220 3504 1532 3560 Fabianum
1583 3502 1640 3561 d.
1703 3507 1791 3561 13.

161 3598 370 3655 Decius
389 3595 574 3653 multa
597 3599 933 3653 sanctorum
965 3594 1119 3650 milia
1170 3593 1486 3649 interfecit.
1545 3592 1797 3649 Fabiano

162 3703 303 3760 papa
326 3689 445 3745 sub
474 3686 650 3743 Decio
682 3686 961 3755 martyrio
982 3687 1363 3742 coronatol3.
1397 3683 1517 3739 Kal.
1548 3684 1799 3740 Februa-

163 3779 228 3834 rii
255 3777 518 3836 cessavit
545 3776 922 3848 episcopatus
941 3773 997 3831 d.
1020 3779 1073 3830 7.

231 3871 399 3925 Anno
431 3865 584 3922 dom.
620 3864 734 3921 inc.
771 3867 894 3936 254,
922 3879 1036 3935 quo
1055 3868 1321 3936 tempore
1342 3862 1558 3920 claruit
1580 3863 1798 3934 Lupici-

167 3972 274 4015 nus
299 3955 674 4025 Viennensis,
708 3953 968 4011 succedit
1003 3953 1305 4010 Cornelius
1333 3953 1569 4008 natione
1600 3953 1803 4008 Roma-

169 4061 294 4120 nus,
328 4048 499 4119 patre
517 4045 778 4101 Romano
801 4041 988 4116 [Anc].
1025 4042 1185 4098 Sedit
1219 4056 1269 4098 a.
1304 4048 1355 4115 5,
1378 4043 1432 4098 (1.
1471 4047 1520 4097 3.
1559 4034 1805 4098 Corona-

168 4142 262 4193 tus
288 4132 339 4169 ⁸⁸
367 4140 457 4192 est
482 4136 594 4192 sub
623 4133 817 4191 Decio.
854 4132 956 4188 llic
981 4138 1219 4203 rogatus
1251 4148 1280 4188 a
1341 4131 1551 4188 Lucina
1588 4130 1803 4187 levavit

171 4240 420 4299 corpora
441 4227 782 4281 sanctorum
813 4220 1207 4293 apostolorum
1243 4240 1257 4288 ;
1285 4226 1342 4278 et
1376 4220 1539 4277 Pauli
1573 4220 1805 4291 quidem

172 4317 259 4371 via
283 4313 543 4384 Ostcnsi,
591 4311 689 4369 ubi
744 4309 1074 4368 decollatus
1123 4315 1233 4381 est,
1288 4310 1480 4382 posuit
1532 4315 1617 4367 18.
1681 4308 1801 4366 Kal.

172 4404 465 4462 Octobris.
502 4404 661 4458 Inter
693 4399 1020 4458 Cornelium
1043 4404 1104 4455 et
1125 4400 1362 4456 Lucium
1395 4399 1448 4455 d.
1484 4402 1569 4455 35.
1629 4400 1808 4470 Cujus

176 4501 440 4565 tempore
461 4491 721 4548 surrexit
743 4490 971 4546 heresis
1003 4489 1452 4546 Novatianorum
1496 4505 1524 4547 a
1559 4490 1809 4562 quodam

172 4583 619 4653 Novatoqniex.
666 4625 678 4639 .
724 4623 736 4637 .
785 4623 798 4637 .
849 4578 1198 4637 .ecclesiam
1229 4579 1603 4637 ordinacione
1632 4580 1812 4637 Nova-

178 4673 322 4733 tiani
351 4672 580 4730 etDeus
612 4668 940 4728 Cornelium
990 4669 1328 4726 intronizari
1390 4669 1696 4740 voluisset,
1740 4671 1812 4725 ab

173 4760 425 4821 ecclesia
454 4761 705 4820 recessit
731 4764 792 4817 et
842 4759 1093 4816 heresim
1138 4759 1226 4815 sui
1284 4758 1531 4815 nominis
1579 4757 1809 4815 statuit.

174 4856 436 4912 Preerat
457 4859 599 4910 tunc
621 4849 955 4921 Carthagini
988 4849 1307 4922 Cyprianus
1349 4852 1569 4921 martyr
1600 4848 1816 4921 primas

175 4944 413 5004 Alricaa
443 4944 543 5017 qui
570 4941 860 5015 superfuit
885 4937 1152 4996 Cornelio
1200 4954 1380 5011 usque
1428 4939 1500 4996 ad
1553 4944 1816 5012 tempora

174 5034 376 5092 domui
408 5034 565 5092 Lucii
589 5047 776 5105 papae,
801 5034 859 5087 et
891 5032 1204 5087 coronatus
1226 5030 1311 5085 est
1343 5030 1545 5085 eodem
1579 5027 1671 5084 die
1705 5043 1818 5098 quo

172 5122 486 5181 Cornelius
515 5120 924 5195 persecutione
952 5116 1244 5174 Valeriani
1278 5118 1554 5188 martyrio
1596 5116 1660 5174 ⁸⁸.
1716 5117 1820 5173 Lu-

170 5214 310 5271 cius
336 5212 649 5283 Romanus,
686 5215 851 5284 patre
868 5207 1133 5278 Porilrio,
1166 5208 1321 5265 sedit
1353 5224 1401 5265 (ι.
1440 5215 1491 5282 3,
1527 5226 1598 5267 m.
1635 5216 1665 5266 3
1707 5213 1741 5270 d
1767 5213 1816 5270 3.

1887 1817 2050 1873 Unde
2086 1816 2332 1873 territus
2355 1814 2628 1873 Galienus
2672 1831 2871 1888 pacem
2923 1816 3197 1874 ecclesiis
3245 1815 3519 1873 reddidit.

1890 1905 2085 1977 [83m]
2100 1948 2113 1961 .

1963 1998 2143 2051 Anno.
2171 1995 2281 2051 inc.
2309 1997 2467 2051 Dom.
2493 1999 2617 2052 276.
2645 1994 2921 2052 Claudius
2959 1995 3220 2066 regnavit
3256 2011 3287 2051 a
3340 2001 3388 2066 1,
3453 2012 3525 2051 in.

1889 2083 2244 2156 9.[Rscnvo].
2281 2083 2381 2139 His
2406 2081 2451 2116 ⁵⁸
2482 2089 2515 2140 9
2548 2083 3007 2140 mensibusadde
3039 2086 3072 2138 4
3103 2083 3424 2155 Volusiani,
3464 2083 3523 2138 fit

1892 2188 2077 2231 annus
2099 2173 2194 2244 qui
2218 2173 2313 2229 hic
2348 2177 2711 2243 numeratur,
2773 2177 2833 2228 et
2884 2177 3138 2229 remanet
3200 2188 3273 2229 m.
3326 2178 3375 2229 1.
3430 2171 3531 2229 Cui

1894 2263 2181 2320 successit
2214 2261 2565 2319 Aurelianus
2597 2277 2648 2318 a.
2684 2267 2735 2335 5,
2787 2276 2860 2319 m.
2927 2267 2978 2319 δ.
3023 2263 3125 2318 Hic
3180 2262 3537 2319 christianos

1896 2352 2292 2424 persequitur.
2330 2352 2448 2410 Sub
2471 2354 2581 2408 hoc
2607 2366 2819 2423 passus
2848 2356 2937 2408 est
2970 2352 3261 2421 Benignus
3311 2354 3532 2422 martyr

1894 2456 2025 2498 cum
2059 2441 2248 2498 sociis.
2284 2442 2407 2507 Quo
2438 2444 2672 2497 mortuo
2701 2441 2935 2497 Tacitus
2973 2444 3177 2511 regnat
3248 2453 3479 2495 menses
3504 2445 3535 2494 Ο

1899 2532 2074 2603 [Bson
2110 2548 2124 2598 ;
2158 2529 2419 2599 Haemo].
2453 2530 2553 2585 His
2573 2529 2619 2562 "
2648 2529 2824 2585 etiam
2858 2527 3006 2586 adde
3036 2533 3069 2585 6
3126 2528 3446 2598 Aureliani,
3473 2528 3531 2583 1ἷ1

1899 2633 2103 2689 annus,
2138 2622 2435 2674 remanent
2469 2620 2538 2674 88
2571 2616 2978 2673 diesFloriani.
3000 2616 3101 2672 His
3125 2616 3301 2686 junge
3331 2614 3539 2673 28dics

1900 2706 1997 2777 qui
2022 2722 2198 2778 supra
2234 2710 2658 2776 remanserunt,
2694 2706 2841 2762 ﬁunt
2872 2705 2992 2777 108,
3044 2720 3274 2761 menses
3310 2709 3341 2759 3
3373 2709 3432 2760 et
3472 2711 3540 2761 18

1901 2796 2044 2851 dies.
2068 2796 2229 2852 Adde
2253 2796 2586 2868 superﬂuos
2607 2800 2641 2852 2
2661 2810 2905 2865 menses,
2935 2796 3082 2851 fiunt
3105 2810 3176 2850 m.
3213 2798 3243 2849 5
3274 2799 3334 2849 et
3362 2793 3416 2849 d.
3452 2797 3535 2850 18.

1900 2886 1966 2940 Et
2015 2889 2145 2957 post
2177 2900 2307 2942 eum
2351 2885 2651 2942 Florianus
2695 2884 2819 2941 dies
2848 2883 3154 2955 88[BEDA];
3194 2888 3325 2955 post
3371 2897 3539 2954 quem

1904 2975 2167 3045 regnavit
2193 2974 2418 3031 Probus
2441 2989 2487 3030 a.
2510 2979 2561 3045 5,
2590 2990 2660 3029 m.
2684 2976 2733 3029 4.
2772 2974 2870 3029 His
2904 2971 2950 3007 ⁸ο
2983 2972 3131 3028 adde
3177 2976 3211 3028 6
3266 2971 3446 3027 Taciti
3484 2978 3541 3025 ct

1903 3069 1933 3120 5
1967 3064 2342 3136 supradictos
2373 3061 2658 3135 [Rscmo],
2694 3062 2758 3117 ﬁt
2798 3076 3002 3133 annus,
3063 3065 3363 3117 remanent
3389 3075 3542 3115 men-

1903 3169 1997 3211 ses
2016 3160 2067 3210 3.

1976 3246 2140 3300 Anno
2171 3244 2244 3299 ab
2276 3243 2387 3299 inc.
2414 3244 2571 3298 Dom.
2607 3245 2730 3312 264,
2748 3240 3036 3297 Valeriani
3069 3244 3127 3296 et
3149 3239 3367 3296 Calieni
3398 3252 3448 3294 a.
3490 3246 3543 3310 3,

1906 3347 2021 3404 quo
2049 3329 2095 3365 ⁸1
2127 3338 2391 3404 tempore
2424 3329 3060 3402 Simplidesepiscopus
3077 3328 3547 3385 Viennensiscls.

1907 3421 2025 3478 ruit
2058 3419 2223 3492 [Ano]
2258 3421 2471 3491 Xystus
2524 3416 3221 3490 Grecus,eprylosopho
3241 3416 3549 3472 ordinatus

1910 3514 1994 3567 11.
2022 3509 2143 3565 Kal.
2180 3512 2325 3579 Aug,
2364 3512 2426 3565 A.
2461 3513 2512 3580 1,
2546 3523 2621 3563 m.
2656 3510 2743 3579 11,
2770 3507 2901 3563 (1.5.
2933 3508 3151 3564 Passus
3173 3509 3260 3563 est
3301 3507 3410 3562 sub
3444 3506 3549 3562 Va-

1912 3599 2135 3655 leriano
2160 3604 2211 3656 8.
2240 3599 2377 3654 Idus
2405 3601 2651 3666 August.
2691 3596 2893 3669 (Gesta
2916 3595 3087 3669 pont.
3114 3596 3329 3667 Rom.)
3390 3595 3550 3650 Inter

1911 3690 2150 3761 Xystum
2182 3692 2241 3744 et
2265 3687 2599 3758 Dionysium
2632 3686 2686 3743 d.
2723 3691 2773 3742 5.
2798 3685 2864 3741 ⁶².
2897 3686 3206 3756 Dionysius
3236 3699 3307 3740 ex
3359 3700 3552 3740 mona-

1911 3781 2021 3837 cho
2037 3778 2207 3849 cujus
2230 3777 2668 3849 generationem
2693 3774 2956 3832 invenire
2972 3790 3080 3832 non
3121 3775 3306 3848 potui,
3341 3773 3493 3831 sedit
3519 3792 3547 3829 (ι

1912 3873 1965 3939 6,
2000 3883 2074 3924 m.
2109 3871 2163 3938 2,
2188 3867 2243 3923 d.
2280 3870 2330 3923 4.
2365 3866 2651 3936 Regnavit
2682 3865 2863 3922 Carus
2887 3878 3017 3921 cum
3042 3862 3179 3919 ﬂliis
3229 3864 3437 3919 Carino
3494 3868 3551 3918 et

1917 3955 2267 4013 Numeriano
2298 3971 2349 4011 a.
2380 3959 2432 4010 2.
2459 3954 2560 4011 Cui
2585 3953 2875 4011 successit
2898 3951 3292 4009 Diocletianus
3322 3954 3554 4008 annoab

1919 4045 2029 4101 inc.
2053 4047 2211 4100 Dom.
2247 4042 2614 4114 2901mm];
2659 4041 2923 4112 regnavit
2953 4057 3003 4098 a.
3066 4046 3151 4098 20.
3201 4055 3330 4098 cum
3386 4041 3556 4095 Maxi-

1921 4134 2110 4191 miano
2123 4139 2183 4189 et
2207 4132 2571 4201 Constantio,
2588 4135 2649 4187 et
2669 4136 2797 4202 post
2816 4134 3061 4187 mortem
3089 4129 3434 4185 Diocletiani
3449 4129 3557 4183 Ma-

1920 4224 2210 4280 ximianus
2230 4237 2360 4279 cum
2393 4221 2627 4278 Severo.
2665 4219 2893 4276 Galerio
2913 4225 2973 4275 et
3002 4218 3308 4275 Maximino
3336 4216 3554 4290 [Beas].

1922 4312 2231 4384 Dionysius
2262 4326 2408 4384 papa
2428 4309 2767 4382 parrochias
2789 4311 2846 4366 et
2863 4309 3124 4366 dioceses
3154 4307 3557 4378 constituit,et
3642 4352 3648 4358 .

1922 4403 2291 4477 presbyteris
2321 4400 2605 4458 ecclesias
2636 4398 2795 4456 dedit
2831 4398 3035 4471 (Gesta
3046 4399 3215 4472 pont.
3250 4399 3560 4470 Πρω.)Ευί

1925 4481 2210 4551 successit
2245 4489 2407 4547 Felix
2436 4491 2750 4561 Romanus,
2772 4493 2939 4562 patre
2971 4488 3310 4545 Constantio
3342 4489 3494 4546 sedit
3508 4504 3557 4545 a.

1924 4586 1979 4654 4,
2011 4598 2085 4638 m.
2111 4586 2163 4651 3,
2198 4581 2253 4636 d.
2292 4584 2341 4637 1.
2378 4579 2534 4635 Obiit
2568 4583 2618 4635 3.
2645 4578 2768 4635 Kal.
2826 4580 2954 4635 .Iun.
3020 4577 3338 4635 Constituit
3387 4592 3563 4649 supra

1927 4671 2239 4731 memorias
2270 4673 2589 4741 martyrum
2623 4669 2834 4725 missas
2856 4667 3163 4725 celebrari.
3231 4665 3567 4724 Euticianus

1926 4765 2169 4832 Tuscus,
2206 4763 2374 4832 patre
2406 4756 2641 4827 Marino,
2677 4757 2749 4813 de
2770 4756 3007 4813 civitate
3031 4755 3227 4827 Lunis,
3253 4754 3408 4812 sedit
3435 4769 3487 4810 a.
3512 4758 3561 4823 1,

1930 4869 2003 4923 m,
2039 4857 2091 4922 1,
2124 4850 2180 4905 d.
2218 4852 2268 4904 1.
2305 4846 2421 4903 Sub
2450 4844 2498 4878 ⁸³
2528 4844 2838 4901 Aureliano
2879 4844 2973 4901 hic
3021 4844 3300 4916 martyrio
3327 4856 3567 4900 corona-

1928 4947 2027 4997 tus
2058 4944 2109 4997 8.
2154 4936 2255 4994 Kal
2289 4938 2433 5007 Aug.
2471 4935 2526 4991 in
2557 4933 2846 4992 cimiterio
2878 4933 3085 4991 Calixti
3130 4933 3438 5007 sepelitur,
3472 4932 3567 5004 qui

1931 5029 2104 5087 etiam
2133 5029 2259 5102 ipse
2291 5029 2395 5082 342
2428 5028 2718 5097 martyres
2738 5038 3023 5081 manusua
3051 5023 3342 5097 sepelivit,
3376 5029 3572 5080 etces—

1934 5120 2080 5178 savit
2113 5119 2493 5191 episcopatus
2524 5116 2650 5173 dies
2666 5118 2717 5171 8.
2742 5115 3052 5173 Constituit
3078 5130 3254 5187 super
3271 5115 3457 5172 altare
3477 5116 3573 5171 be-

1935 5211 2124 5272 nedici
2159 5210 2356 5278 fruges
2387 5206 2534 5263 faba:
2573 5208 2630 5262 et
2693 5219 2836 5262 uvas.
2881 5205 3053 5261 Gaius
3082 5205 3362 5277 Dalmata,
3406 5213 3574 5279 patre

1539 5340 1774 5396 νΑΒιΑζ
1818 5339 2211 5397 LECTIONES.

248 5458 628 5531 "Philippus
656 5451 1162 5534 —-__comprobans
1218 5451 1288 5507 in
1333 5465 1526 5534 marg.
1577 5452 1716 5511 “ea:
1735 5456 2079 5534 conjgctggra
2116 5451 2468 5534 suppletum.
2522 5447 2566 5481 ⁸¹
2613 5447 2712 5534 IIis
2734 5481 2811 5534 ἶ.
2840 5450 3224 5534 supranotati
3267 5452 3330 5534 {et
3381 5465 3574 5523 marg.

171 5537 220 5569 “
271 5522 606 5590 Coronatus
634 5557 706 5567 —
727 5522 1020 5594 Valeriani
1051 5522 1120 5578 in
1147 5535 1341 5594 marg.

1430 5522 1611 5580 "eoa:
1666 5522 1908 5584 erasa“
1964 5522 2254 5582 Ilismni.
2309 5529 2332 5578 1
2394 5522 2463 5578 in
2506 5534 2606 5577 ma

2734 5517 2811 5594 ⁸ος
2838 5517 2942 5577 llis
2980 5520 3124 5576 -—d.
3161 5526 3228 5580 18
3264 5524 3331 5580 in
3382 5517 3576 5594 Μανίᾳ.

171 5537 220 5569 ⁸⁸
271 5534 606 5612 Coronatus
634 5557 706 5567 —
729 5532 1020 5580 Valeriam
1051 5532 1120 5578 τη
1147 5535 1359 5604 πιανθ..
1430 5532 1470 5606 τ’
1494 5537 1611 5580 eoa:
1666 5540 1841 5584 erasa
1863 5532 1908 5560 "
1964 5532 2065 5582 His
2088 5556 2151 5565 ιη
2182 5539 2254 5579 m.
2309 5532 2332 5578 1
2394 5532 2463 5578 in
2506 5532 2699 5623 marg.
2734 5532 2780 5552 ·’
2838 5532 2936 5577 ms
2980 5532 3124 5605 ἦα.
3161 5532 3228 5580 18
3264 5532 3331 5580 in
3382 5538 3420 5578 π

168 5608 217 5639 ⁸⁸
254 5605 363 5661 His
392 5634 461 5644 —-
483 5606 514 5658 3
553 5614 621 5656 ιιι
648 5609 839 5667 marg.
873 5592 918 5626 ⁶¹
947 5593 1145 5660 Quo—
1176 5592 1387 5650 clarmt
1421 5608 1489 5651 ιη
1534 5610 1726 5668 marg.
1796 5597 1840 5629 ⁸³
1871 5598 2057 5653 XXXV
2133 5609 2283 5653 corr.
2308 5593 2353 5649 V
2380 5592 2580 5651 codex.
2707 5592 2823 5647 Sub
2852 5595 2972 5646 ~~8
3010 5607 3076 5649 m
3130 5597 3420 5663 margine.

506 5699 767 5761 PATROL.
799 5690 1011 5756 CLIV.

3310 5694 3346 5733 (ι)
