3940 6048
339 256 416 321 ,3
582 272 584 275 -
1297 245 1664 315 HUGONIS
1706 242 2059 314 ABBATIS
2102 241 2783 347 FLAVINIACENSIS
3660 253 3738 322 44

341 393 499 464 Gaio,
533 407 605 450 ex
637 405 848 462 genere
880 386 1223 446 Diocletiani
1247 401 1297 443 a.
1335 392 1419 459 11,
1456 401 1535 442 m.
1577 389 1630 455 4,
1666 384 1719 440 (1.
1758 383 1981 441 12Mar-
2011 384 2060 443 A
2095 382 2321 453 potitus
2354 396 2456 455 per
2485 383 2767 441 vexillum
2804 392 3024 442 sanctae
3057 385 3261 443 Crucis
3299 388 3512 446 celitus
3538 390 3619 448 illi
3645 409 3738 450 os-

337 483 490 554 tyrio
513 486 830 538 coronatus
861 481 951 534 est
984 480 1068 534 11.
1107 476 1372 532 Kal.Mai.
1414 475 1594 546 Hujus
1618 472 1981 544 temporibus

337 571 519 640 viguit
537 574 775 625 sanctus
792 567 1192 623 Sebastianus.
1215 566 1372 620 inter
1391 563 1590 620 Gaium
1615 567 1674 619 et
1700 559 1982 618 Marcelli-

341 674 474 716 num
495 658 620 715 dies
652 661 734 713 11.
768 655 1138 712 Marcellinus
1193 655 1509 720 Romanus,
1559 653 1732 707 Patre
1791 648 1982 718 Preje-

339 753 435 803 cto
462 746 505 779 “
541 761 590 802 a.
624 751 677 816 9,
713 760 785 800 m.
822 749 872 815 4,
909 744 964 800 (1.
1003 749 1087 799 17.
1115 745 1274 797 Inter
1309 739 1702 796 Marcellinum
1752 744 1812 794 et
1843 738 1984 793 Mar-

339 835 551 891 cellum
576 834 700 891 dies
721 839 806 890 25.
835 831 1140 888 Marcellus
1157 832 1471 900 Romanus,
1493 831 1658 900 patre
1673 826 1984 883 Benedicto

341 925 411 980 de
435 925 534 980 Via
571 924 727 995 Lata,
764 937 813 978 a.
855 927 906 976 6.
943 936 1016 976 m.
1049 926 1102 989 7,
1138 920 1194 975 (1.
1225 922 1310 975 25.
1363 916 1759 974 Diocletianus
1809 915 1986 986 impe-

342 1019 505 1068 rator
534 1012 605 1068 ad
630 1011 990 1068 consortium
1024 1007 1250 1079 imperii
1297 1006 1701 1061 Maximianum
1753 1003 1981 1072 ascivit,

342 1100 636 1164 Valerium
661 1105 720 1156 et
755 1098 1156 1154 Constantium
1189 1109 1425 1152 cesares
1443 1094 1598 1151 fecit.
1623 1093 1726 1148 Hic
1750 1091 1982 1148 adorari

341 1205 404 1246 se
431 1189 605 1259 jussit
633 1189 886 1244 utDeum
916 1183 1201 1259 [HIERON].
1227 1183 1602 1240 Constantius
1626 1195 1795 1237 cesar
1814 1180 1980 1250 juxta

344 1279 627 1348 Lingonas
660 1281 730 1333 6O
757 1276 914 1331 milia
940 1274 1388 1331 Alamannorum
1422 1271 1520 1342 qui
1552 1269 1978 1327 rebellaverant

339 1365 653 1422 interfecit.
685 1367 851 1419 Anno
873 1367 938 1420 18
953 1362 1112 1432 regni
1128 1359 1472 1417 Diocletiani
1494 1359 1873 1430 persequutio
1887 1373 1983 1414 no-

339 1471 407 1511 va
438 1455 617 1525 cepit,
650 1460 711 1509 et
743 1467 938 1508 mense
972 1451 1175 1506 Martio
1205 1451 1259 1505 in
1285 1450 1492 1505 diebus
1547 1448 1776 1520 pascha
1825 1447 1980 1520 quod

340 1544 445 1600 fuit
479 1549 528 1599 5.
557 1543 675 1598 Kal.
729 1541 950 1613 Aprilis
996 1540 1285 1596 universa)
1341 1538 1609 1595 ecclesiae
1682 1538 1980 1592 subversae

342 1637 497 1688 sunt.
521 1629 807 1686 Vicesimo
832 1632 1043 1699 autem,
1068 1628 1124 1683 id
1147 1626 1460 1683 estultimo
1498 1640 1648 1682 anno
1682 1624 1979 1695 regni,qui

2101 474 2350 541 tensum,
2382 476 2624 529 matrem
2658 489 2821 530 suam
2850 474 3004 530 misit
3047 474 3446 533 Hicrosolimis
3479 479 3550 534 ad
3611 496 3738 551 per-

2106 559 2449 628 quirendum
2483 561 2696 632 lignum
2731 563 3103 634 dominicum,
3141 564 3291 635 quod
3327 565 3738 625 etiaminvenit

2092 653 2150 703 et
2184 649 2270 704 sic
2289 651 2476 706 secari
2510 651 2642 707 fecit
2679 666 2782 724 per
2813 652 3084 722 medium,
3121 658 3185 708 ut
3233 657 3290 708 et
3351 670 3582 711 crucem
3635 657 3733 713 de-

2096 736 2576 810 ferretadﬁlium,
2601 742 2904 796 etcruce'm
2931 740 3344 811 Hierosolymis
3375 752 3732 816 reservaret,

2095 827 2342 897 sapienti
2377 843 2479 884 usa
2510 829 2781 899 concilio,
2814 834 2875 885 ut
2901 829 2995 885 ubi
3031 832 3220 886 fuerat
3247 833 3525 890 membris
3559 833 3736 890 domi-

2095 915 2238 971 nicis
2262 920 2458 988 aptata
2475 933 2578 988 per
2601 915 2974 989 supplicium,
3003 918 3121 974 illic
3138 918 3466 988 gloriﬁcata
3493 936 3736 979 venera-

2096 1007 2308 1060 retura
2344 1005 2589 1078 p0pulis.
2652 1005 2999 1062 Melchiades
3031 1008 3167 1062 Afer
3216 1008 3366 1064 sedit
3391 1012 3584 1067 Romae
3637 1026 3734 1068 an-

2093 1094 2182 1149 nis
2209 1098 2242 1150 4
2271 1095 2478 1165 (Gesta
2510 1096 2676 1169 pont.
2705 1097 2896 1165 Rom.)
2931 1113 2944 1160 ;
2981 1110 3093 1166 quo
3121 1095 3165 1128 ⁸⁵
3194 1101 3457 1169 tempore
3515 1099 3732 1156 claruit

2093 1183 2429 1241 Paschalius
2458 1185 2802 1241 Viennensis
2834 1186 3162 1256 epiSCOpus.
3195 1188 3296 1243 Hic
3330 1189 3729 1246 constituitut

2093 1273 2288 1330 nullus
2318 1274 2411 1329 die
2439 1266 2729 1330 dominico
2752 1280 2852 1331 aut
2884 1280 2933 1330 5.
2971 1275 3114 1331 feria
3140 1276 3450 1347 jejunaret.
3489 1277 3647 1333 Obiit
3669 1283 3718 1332 3.

2096 1362 2228 1418 [dus
2260 1362 2592 1418 Decembris
2623 1366 2678 1417 et
2703 1364 2954 1418 cessavit
2979 1364 3355 1434 episcopatus
3371 1365 3499 1421 dies
3535 1369 3621 1422 17.

2167 1453 2330 1507 Anno
2364 1451 2514 1506 dom.
2552 1451 2664 1506 inc.
2700 1455 2820 1507 315.
2858 1451 3140 1508 Silvester
3198 1452 3511 1522 Romanus,
3564 1459 3734 1525 patre

2094 1539 2319 1610 Rufino,
2372 1539 2596 1595 sedita.
2659 1542 2749 1610 22,
2784 1555 2857 1595 m.
2893 1546 2978 1610 10,
3042 1541 3095 1596 d.
3145 1545 3228 1594 11.
3263 1543 3362 1598 Hic
3419 1543 3730 1598 constituit

2096 1629 2308 1685 crisma
2323 1629 2553 1699 confici,
2569 1634 2624 1684 et
2645 1629 3000 1701 baptizatum
3014 1630 3367 1700 conﬁrmari,
3385 1630 3731 1687 dalmaticas

340 1726 468 1776 erat
502 1719 715 1774 tertius
737 1732 921 1773 annus
940 1715 1499 1787 persequutionisab
1523 1715 1632 1771 inc.
1667 1715 1828 1768 Dom.
1854 1714 1979 1783 310)
2009 1737 2066 1799 Β
2103 1719 2366 1790 precepit
2403 1718 2561 1774 indui
2597 1723 2654 1774 et
2698 1718 3048 1775 sacrificium
3080 1733 3267 1790 panno
3298 1719 3452 1774 lineo
3493 1719 3732 1776 involvi.

344 1807 742 1863 Diocletianus
775 1815 834 1861 et
893 1805 1266 1861 Maximianus
1309 1802 1614 1860 Mediolani
1665 1815 1980 1873 purpuram

343 1897 760 1968 deposuerunt.
835 1893 1232 1950 Diocletianus
1285 1893 1551 1948 moritur.
1607 1890 1982 1946 Maximianus

342 1984 496 2054 apud
530 1984 836 2040 Massiliam
888 1982 1135 2053 fugiens,
1173 1982 1305 2037 dum
1329 1995 1546 2050 genero
1590 1995 1695 2036 suo
1744 1978 1984 2036 insidias

347 2078 533 2145 parat,
551 2070 1209 2142 strangulatusinteriit.
1231 2071 1805 2138 Constantiuscesar,
1824 2067 1984 2124 Clau-

345 2163 424 2216 dii
458 2161 829 2232 imperatoris
853 2175 1030 2232 nepos
1060 2175 1133 2214 ex
1166 2158 1304 2228 ﬁlia,
1369 2162 1534 2230 pater
1597 2157 1982 2225 Constantini,

345 2251 526 2308 tertio
558 2266 708 2307 anno
743 2250 1216 2322 perscquutionis
1244 2249 1410 2319 obiit,
1437 2249 1527 2303 vir
1545 2262 1785 2304 summae
1803 2247 1985 2303 civili-

346 2341 484 2396 tatis
507 2346 567 2395 et
599 2337 1300 2410 mansuetudinismenx].
1322 2336 1784 2393 EtMaximianus
1815 2337 1985 2392 etSe-

343 2444 520 2485 verus
533 2443 683 2485 casa
694 2443 784 2484 res
810 2428 943 2484 facti
959 2433 1113 2483 sunt.
1133 2426 1355 2497 (fol19).
1382 2426 1758 2482 Maximianus
1780 2430 1982 2495 stupra

346 2532 449 2575 sua
514 2517 966 2573 Christianorum
1027 2515 1586 2588 persequutionibus
1636 2514 1980 2571 accumulat.

346 2608 522 2679 Cepta
549 2605 728 2663 semel
762 2604 1427 2677 persequutioeﬂ‘crbuit
1461 2617 1646 2673 usque
1678 2603 1748 2658 ad
1771 2604 1985 2658 7.Con-

343 2693 882 2764 stantiniprincipis
899 2693 1238 2760 annum;ita
1257 2691 1404 2746 infra
1434 2706 1606 2748 unum
1623 2705 1878 2746 mensem
1919 2695 1982 2746 17

342 2781 496 2837 milia
529 2787 848 2852 martyrum
882 2781 1039 2852 passi
1073 2781 1469 2836 inveniuntur.

412 2874 573 2926 Anno
605 2872 676 2925 ab
708 2870 816 2924 inc.
855 2871 1138 2924 Dom.310
1165 2868 1377 2940 (Gesta
1396 2869 1550 2940 pom
1599 2870 1812 2940 Rom),
1843 2870 1985 2924 Con-

343 2958 658 3029 stantinus,
692 2958 1012 3013 Constantii
1037 2972 1109 3013 ex
1138 2958 1352 3012 Helena
1403 2955 1578 3028 filius,
1612 2956 1670 3011 in
1697 2957 1982 3012 Brittania

345 3049 662 3120 imperator
693 3051 927 3103 creatus
948 3052 997 3102 5.
1034 3048 1177 3102 Non.
1215 3046 1340 3116 Mai,
1387 3046 1648 3116 regnavit
1681 3060 1730 3101 a.
1765 3050 1851 3116 30,
1906 3063 1978 3102 Ill.

342 3142 425 3193 10.
463 3137 563 3194 His
585 3135 731 3192 adde
766 3141 795 3191 3
829 3150 1055 3191 menses
1079 3135 1174 3205 qui
1228 3149 1403 3206 supra
1437 3139 1861 3204 remanserunt,
1920 3136 1984 3191 ﬁt

342 3241 549 3295 annus,
586 3229 844 3281 remanet
870 3225 1088 3281 mensis
1118 3223 1323 3296 [Rga].
1353 3225 1468 3279 Sub
1492 3225 1599 3280 hoc
1625 3224 1678 3278 S.
1717 3225 1985 3294 Agricius

340 3316 643 3370 confessor
672 3318 727 3369 et
763 3313 1074 3384 episcopus
1107 3312 1469 3369 Trevirensis
1536 3312 1771 3380 claruit,
1815 3314 1983 3384 cujus

343 3417 645 3460 successor
661 3402 767 3458 fuit
788 3401 844 3456 S.
862 3401 1204 3457 Maximinus
1219 3401 1238 3470 (
1244 3401 1425 3461 Gesta
1425 3401 1593 3473 pont.
1618 3403 1830 3471 Rom).
1848 3404 1984 3458 Post

343 3489 697 3560 Marcellum,
714 3490 898 3561 primo
911 3505 1060 3546 anno
1076 3491 1754 3561 Constantini,Eusebius
1768 3492 1986 3548 Greeus

342 3595 416 3635 ex
445 3578 672 3635 medico
696 3579 850 3634 sedit
867 3579 1062 3634 Romae
1085 3578 1386 3634 mensibus
1407 3583 1459 3633 7.
1484 3579 1600 3634 Sub
1623 3578 1730 3634 hoc
1750 3579 1983 3634 inventa

343 3673 437 3724 est
467 3683 613 3725 crux
642 3667 887 3723 Domini.
925 3667 1081 3722 Obiit
1113 3671 1162 3722 5.
1212 3668 1352 3722 Non.
1400 3666 1552 3737 Οοι.,
1598 3672 1658 3722 et
1727 3668 1980 3722 cessavit

339 3757 719 3829 episcopatus
744 3755 1152 3827 dies7[BsnA].
1192 3755 1697 3811 lnterMarcellum
1731 3760 1786 3810 et
1811 3756 1985 3810 Eusc-

345 3844 500 3902 bium
533 3844 656 3900 dies
678 3848 769 3900 20.
803 3844 1022 3910 Quarto
1044 3859 1192 3900 anno
1232 3843 1704 3915 persequutionis
1762 3844 1985 3898 Maxen-

340 3934 481 4003 tius,
536 3933 792 3989 Herculii
826 3933 1150 3988 Maximiani
1208 3933 1379 4002 filius,
1456 3933 1648 3987 Romae
1700 3936 1985 4000 angustus

340 4021 675 4094 appellatus
705 4027 821 4078 est.
844 4023 1054 4077 Contra
1084 4037 1251 4093 quem
1276 4019 1986 4092 pugnavitConstantinus

345 4115 396 4166 6.
431 4109 659 4182 imperii
695 4111 782 4168 sui
808 4125 977 4182 anno,
1011 4114 1068 4166 et
1101 4111 1255 4181 apud
1287 4110 1518 4164 Romam
1560 4108 1870 4165 interfecto
1891 4124 1982 4180 eo,

346 4199 549 4254 urbem
575 4199 818 4270 recepit.
840 4199 1073 4269 Helena,
1102 4202 1289 4254 mater
1308 4196 1691 4267 Constantini,
1715 4198 1986 4255 christia-

343 4288 603 4358 nissima,
649 4286 829 4344 lilium
847 4287 1312 4360 proficiscentem
1333 4285 1402 4340 ad
1421 4285 1634 4341 bellum
1662 4301 1985 4358 prosequu-

345 4382 423 4446 ta,
485 4376 555 4432 de
593 4377 837 4434 civitate
874 4376 1242 4433 Trevirorum
1316 4389 1447 4430 cum
1500 4373 1683 4431 multo
1704 4376 1982 4432 comitatu

2096 1808 2360 1863 Secundo
2391 1807 2570 1877 igitur
2598 1822 2748 1863 anno
2772 1813 3079 1878 postquam
3115 1808 3530 1864 Constantinus
3561 1824 3732 1880 supe-

2097 1900 2225 1952 rato
2256 1896 2542 1952 Maxentio
2574 1902 2840 1967 tyranno,
2898 1897 3224 1951 Maximiani
3279 1896 3530 1953 Herculii
3593 1897 3734 1969 ﬁlio,

2096 1986 2307 2041 Urbem
2331 1985 2573 2056 recepit,
2603 1985 3072 2056 persequutionis
3098 1999 3246 2040 anno
3287 1990 3374 2055 10,
3427 2000 3530 2056 per
3559 1986 3737 2042 Silve-

2098 2074 2206 2130 stri
2224 2089 2385 2145 papae
2402 2073 2858 2144 predicationem
2876 2075 2945 2130 ad
2973 2073 3142 2130 fidem
3177 2075 3391 2130 Christi
3417 2089 3739 2132 conversus

2097 2167 2208 2233 est,
2233 2163 2443 2218 etfecit
2475 2162 2689 2232 Romae,
2724 2163 2821 2219 ubi
2881 2163 3214 2234 baptizatus
3259 2168 3370 2232 est,
3426 2162 3728 2219 basilicam

2100 2250 2251 2306 beati
2282 2251 2561 2307 Johannis
2593 2251 2867 2322 baptista:
2890 2266 3018 2322 qua:
3037 2251 3368 2323 appellatur
3408 2253 3739 2308 Constanti-

2098 2339 2264 2394 niana
2289 2339 2508 2411 [Bsnx].
2536 2341 2655 2395 Hoc
2672 2337 2716 2371 °°
2738 2344 2829 2395 est
2888 2339 3267 2410 privelegium
3302 2355 3416 2411 quo
3455 2339 3740 2396 Silvester

2099 2427 2592 2499 papainterventu
2634 2428 2864 2485 Helene
2889 2433 3154 2498 augustae
3187 2444 3290 2500 per
3314 2429 3606 2499 Agricium
3640 2444 3740 2501 pa-

2097 2518 2410 2573 triarcham
2440 2518 2837 2574 Trevirensem
2859 2519 3065 2575 ditavit
3098 2518 3426 2589 ecclesiam,
3446 2520 3597 2590 quod
3628 2521 3740 2576 Vo-

2101 2607 2362 2663 lusianus
2379 2607 2859 2678 archiepiscopus
2893 2608 3138 2664 rescribi
3164 2608 3340 2677 jussit
3370 2611 3510 2680 (37):
3534 2609 3738 2664 «Sicut

2099 2696 2153 2752 in
2181 2695 2514 2765 gentilitate
2537 2697 2770 2768 propria
2802 2698 3040 2767 virtute,
3073 2699 3288 2754 sortire
3320 2703 3376 2754 et
3437 2713 3586 2754 nunc
3601 2699 3738 2754 Tre-

2094 2785 2204 2840 viri
2237 2785 2454 2856 primas
2484 2787 2698 2855 'super
2730 2785 2922 2841 Gallos
2949 2785 3310 2856 spiritualem
3346 2787 3737 2844 etGermanos

2096 2874 2442 2944 prioratum,
2478 2888 2646 2943 quem
2677 2874 2789 2928 tibi
2822 2889 2942 2944 prae
2957 2875 3225 2930 omnibus
3249 2875 3448 2929 harum
3475 2876 3740 2944 gentium

2093 2963 2391 3034 episcopis
2413 2963 2468 3017 in
2485 2961 2796 3034 primitivis
2807 2962 2874 3017 ch
2885 2961 3139 3018 ristianaa
3167 2961 3465 3030 religionis
3479 2965 3742 3019 doctori-

2096 3053 2204 3108 bus
2225 3050 2773 3120 scilicetEuchario,
2791 3049 3020 3106 Valerio
3041 3055 3102 3105 et
3131 3051 3406 3118 Materno,
3436 3065 3538 3120 per
3561 3051 3742 3107 bacu-

2097 3140 2397 3197 lumsuum
2428 3142 2602 3210 caput
2645 3139 2911 3195 ecclesiae
2953 3141 3164 3194 Petrus
3202 3138 3477 3208 signavit‘
3519 3140 3738 3195 haben-

2096 3229 2253 3300 dum,
2274 3243 2436 3286 suam
2451 3227 2872 3299 quodammodo
2890 3227 3154 3283 minuens
3172 3227 3537 3298 dignitatem,
3569 3232 3634 3283 ut
3683 3234 3747 3285 te

2098 3317 2440 3390 participem
2475 3318 2710 3373 faceret.
2756 3315 3478 3386 QuomodoegoSilvester
3524 3331 3738 3374 servus

2097 3406 2222 3475 ejus
2236 3406 2720 3474 successioneque
2734 3404 3005 3474 indignus
3017 3418 3119 3476 per
3152 3405 3548 3461 Patriarcham
3567 3407 3738 3475 Agri-

2096 3495 2248 3550 cium
2264 3507 2553 3550 renovans
2567 3492 2869 3563 confirmo,
2891 3492 2963 3548 ad
2978 3493 3257 3549 honorem
3285 3494 3529 3550 domina)
3570 3493 3740 3550 Hele-

2097 3598 2183 3639 (ιω
2198 3587 2460 3651 augustae
2473 3581 2733 3652 ejusdem
2748 3581 3091 3653 metropolis
3106 3582 3410 3651 indigenae,
3428 3597 3596 3652 quam
3613 3582 3744 3654 ipsa

2100 3671 2237 3726 felix
2268 3684 2371 3742 per
2400 3671 2728 3741 apostolum
2766 3672 3036 3727 Mathiam
3061 3687 3088 3727 a
3139 3672 3335 3728 Iudaea
3390 3670 3741 3728 translatum

2095 3761 2429 3830 ceterisque
2462 3760 2728 3830 reliquiis
2761 3759 2984 3815 Domini
3021 3759 3322 3830 magnifice
3352 3761 3562 3816 ditavit
3609 3775 3744 3832 spe-

2096 3846 2448 3917 cialiterque
2481 3847 2769 3919 provexit.
2798 3847 2981 3916 Hujus
3014 3847 3304 3918 privilegii
3352 3846 3497 3902 cleri
3547 3848 3741 3904 novici

2096 3933 2271 3991 emuli
2317 3935 2722 3991 communione
2765 3934 3133 4004 dirimantur,
3199 3934 3467 4005 quoniam
3507 3935 3746 3991 anathe-

2098 4026 2251 4077 mate
2285 4021 2650 4079 maculantur
2677 4019 2741 4078 °".
2777 4042 2806 4074 »
2833 4023 2986 4078 Fecit
3019 4026 3080 4077 et
3103 4021 3274 4077 aliam
3295 4023 3465 4077 beato
3488 4021 3738 4078 Petroin

2097 4110 2316 4183 templo
2339 4110 2624 4182 Apollinis
2645 4110 2769 4180 (fol.
2799 4110 2924 4182 19’),
2951 4125 3055 4166 nec
3097 4125 3206 4165 non
3229 4115 3287 4166 et
3348 4109 3517 4166 aliam
3556 4111 3737 4166 beato

2097 4199 2297 4267 Paulo,
2332 4213 2546 4270 corpus
2569 4199 2876 4269 utriusque
2908 4213 3024 4255 azre
3040 4200 3276 4270 cyprico
3297 4198 3670 4257 circumdans
3703 4206 3738 4256 5

2098 4288 2275 4360 pedes
2304 4301 2508 4356 grosso
2549 4286 2780 4359 (Ibid.).
2843 4288 3002 4343 Fecit
3054 4287 3352 4344 basilicam
3396 4289 3452 4344 in
3512 4287 3736 4360 palatio

2098 4376 2408 4432 Sororiano
2439 4391 2566 4446 quae
2598 4376 3065 4447 cognominatur,
3117 4377 3215 4433 ubi
3248 4377 3319 4434 de
3349 4376 3504 4447 ligno
3536 4377 3737 4434 crucis

337 4445 592 4535 egressa,
627 4465 967 4536 Bysontium
987 4463 1162 4532 venit,
1189 4469 1247 4518 et
1272 4461 1630 4519 ineclesiola
1649 4463 1837 4519 sancti
1861 4464 1984 4520 Ste-
2013 4445 2066 4504 D
2097 4464 2319 4519 Domini
2341 4445 2561 4537 posuit.
2612 4445 2918 4521 Basilicam
2967 4445 3142 4521 etiam
3178 4445 3415 4523 sanctae-
3455 4466 3736 4536 martyris

344 4552 515 4623 phani
544 4553 599 4608 in
617 4559 810 4610 monte
836 4555 946 4609 sita
965 4553 1135 4623 jugcs
1157 4550 1402 4606 fundens
1433 4550 1712 4623 lacrimas;
1731 4556 1791 4607 et
1813 4551 1981 4623 longa

339 4642 562 4697 ducens
589 4642 828 4712 jejunia,
865 4657 970 4713 pro
1003 4639 1193 4697 salute
1245 4638 1344 4693 filii
1381 4639 1622 4711 [aures']
1661 4641 1884 4696 Domini
1925 4646 1980 4697 et

342 4730 500 4785 beati
533 4730 808 4803 Stephani
846 4744 1017 4802 prece
1050 4727 1322 4800 pulsabat
1353 4727 1692 4784 humillima.
1735 4731 1803 4784 Et
1851 4731 1981 4801 quia

336 4817 500 4876 locus
531 4818 627 4875 ille
660 4825 784 4875 erat
818 4816 1214 4890 permodicus,
1243 4821 1443 4872 votum
1468 4818 1626 4875 vovit
1651 4818 1722 4874 de
1755 4833 1983 4890 repara-

339 4908 496 4964 tione
529 4913 586 4963 et
612 4907 988 4979 ampliatione
1020 4919 1184 4960 novae
1234 4903 1524 4975 ecclesia,
1562 4906 1714 4977 quod
1737 4912 1793 4962 et
1846 4908 1980 4963 fecit

339 4997 598 5067 dirigens
624 4994 1017 5053 cementarios
1049 4999 1107 5048 et
1139 5007 1432 5065 expensas
1452 4994 1523 5048 ad
1555 4995 1980 5054 ediﬁcationem

338 5085 598 5142 basilicae
612 5084 950 5151 condignas.
972 5083 1386 5140 Constantinus
1403 5083 1720 5155 imperator
1737 5087 1978 5144 victoria

2097 4557 2274 4624 Agnae
2296 4569 2369 4609 ex
2393 4565 2600 4623 rogatu
2633 4553 2902 4610 ﬁlizesuae
2923 4554 3080 4623 fecit,
3113 4560 3173 4610 et
3192 4554 3734 4626 baptisteriumibi-

2094 4641 2223 4698 dem
2257 4643 2356 4699 ubi
2389 4647 2448 4698 et
2481 4643 2777 4715 baptizata
2795 4649 2884 4700 est
2906 4657 3076 4700 soror
3099 4644 3226 4714 ejus
3240 4643 3575 4699 Constantia
3596 4657 3732 4699 cum

2094 4731 2209 4788 filia
2247 4736 2523 4803 Augusta.
2557 4733 2715 4789 Fecit
2739 4733 3108 4789 etbasilicam
3125 4734 3296 4789 beato
3323 4731 3561 4804 martyri
3584 4731 3729 4789 Lau-

2095 4821 2284 4877 rentio
2308 4821 2401 4877 via
2419 4822 2734 4892 Tyburtina
2751 4822 2803 4876 in
2825 4836 2963 4891 agro
2984 4822 3226 4877 Verano.
3261 4821 3569 4878 Basilicam
3584 4836 3727 4892 quo-

2093 4924 2204 4980 que
2236 4910 2326 4965 via
2360 4910 2806 4966 Lavicanainter
2837 4910 2982 4964 duos
3014 4907 3211 4968 lauros
3237 4911 3423 4967 beatis
3453 4910 3724 4980 martyri-

2094 5001 2202 5056 bus
2235 4999 2567 5056 Marcellino
2597 5003 2655 5054 et
2685 5001 2878 5064 Petro,
2896 5006 2953 5053 et
2970 4997 3330 5056 mausoleum
3356 4999 3452 5056 ubi
3481 5004 3731 5056 matrem

2095 5104 2256 5145 suam
2291 5089 2482 5161 posuit
2534 5089 2587 5142 in
2648 5087 3008 5158 sarcOphago
3059 5103 3368 5161 purpureo.
3424 5087 3732 5146 Basilicam

1686 5211 1920 5268 VARUS
1963 5213 2358 5271 LECTIONES.

401 5310 444 5343 ⁸⁸
475 5308 670 5384 Pie_ct_o
702 5320 747 5384 ις.
781 5305 826 5336 ⁸⁵
865 5320 980 5376 quo
1031 5337 1097 5346 —
1155 5305 1496 5384 episcopus
1524 5308 1596 5384 in
1645 5311 1938 5384 margine,
1999 5312 2044 5345 ⁶⁶
2083 5313 2203 5368 Hoc
2247 5310 2424 5379 jussit
2461 5309 2528 5367 in
2581 5311 2871 5382 margine.
2936 5311 2980 5342 ⁸⁷
3031 5295 3197 5366 Elii.
3265 5313 3418 5384 quod
3462 5313 3732 5371 Volusia-

331 5395 442 5437 nus
475 5376 949 5448 archiepiscopus
983 5376 1232 5434 rescribi
1260 5376 1440 5447 juséit
1470 5376 1797 5449 hicrepetz‘l
1815 5395 1865 5438 ο.

1913 5478 2133 5536 ΝΟΤΕ.

401 5549 512 5618 (37)
543 5546 797 5602 CfGesta
830 5547 1207 5603 Treverorum
1235 5561 1284 5599 c.
1323 5551 1405 5600 19.
