3940 6048
181 324 254 387 45
1034 291 1045 302 ’
1441 324 1737 389 CHRONl

2025 365 2058 376 —
2084 331 2239 394 LIB.
2288 331 2333 394 Ι.
3504 346 3581 408 46

182 475 404 531 quoque
439 460 495 516 in
529 462 774 519 civitate
804 460 966 518 Ostia
989 459 1156 531 juxta
1191 467 1423 533 portum
1447 461 1610 517 urbis
1630 462 1823 517 Romae
1852 460 1909 520 A
1941 461 2161 533 bilium,
2197 468 2254 519 et
2286 465 2338 521 in
2367 468 2561 523 Iesum
2596 468 2888 526 Christum
2924 471 3104 529 ﬁlium
3155 474 3282 543 ejus
3322 478 3574 549 unicum,

183 550 480 606 beatorum
514 550 917 624 apostolorum
950 551 1111 606 Petri
1144 555 1200 607 et
1236 551 1399 607 Pauli
1431 555 1488 607 et
1522 551 1706 607 sancti
1730 552 1824 605 Jo-

181 638 380 694 bannis
455 640 750 712 baptistze.
810 642 952 695 Item
1033 639 1203 696 aliam
1292 640 1477 697 sancti
1546 640 1823 697 Johannis

182 728 449 799 baptista;
478 729 535 784 in
567 729 808 785 civitate
841 728 1173 786 Albanensi.
1212 732 1354 785 ltem
1387 729 1557 786 aliam
1590 729 1644 784 in
1680 730 1824 786 urbe

181 816 411 887 Neapoli
454 816 676 891 [Bson].
722 818 881 874 Idem
932 818 1351 876 Constantinus
1405 820 1728 889 Drepanam
1782 817 1827 851 ⁸⁸

181 905 458 975 By'thiniia
480 906 781 962 civitatem
808 907 863 962 in
886 908 1163 964 honorem
1190 908 1464 977 martyris
1488 907 1720 964 Luciani
1747 908 1823 962 ibi

176 994 389 1050 conditi
416 995 751 1053 instaurans
781 1011 855 1053 ex
884 996 1166 1053 vocabulo
1204 996 1409 1052 matris
1442 1011 1561 1054 suae
1585 997 1827 1053 Heleno-

185 1082 350 1154 polim
414 1085 795 1157 nuncupavit.
834 1085 1147 1143 Constituit
1200 1085 1419 1157 templa
1469 1100 1824 1157 paganorum

180 1171 388 1228 claudi.
419 1173 519 1229 Hic
543 1176 814 1231 statuens
833 1175 1035 1231 urbem
1061 1173 1310 1231 nominis
1333 1173 1419 1230 sui
1458 1174 1512 1229 in
1563 1174 1821 1245 Trachia,

185 1261 738 1334 Constantinopolim
763 1262 1102 1336 appellavit,
1123 1278 1293 1334 quam
1308 1261 1582 1335 e‘tlsedem
1598 1263 1823 1334 imperii

182 1355 233 1403 et
260 1350 443 1406 totius
466 1351 719 1408 Orientis
740 1356 916 1424 caput
938 1367 1070 1408 esse
1095 1351 1303 1409 voluit.
1332 1351 1487 1407 Fecit
1513 1351 1688 1407 etiam
1714 1351 1827 1423 pri-

184 1438 452 1510 vilegium
485 1445 705 1497 sancta:
737 1442 1005 1498 Romana
1035 1440 1301 1498 ecclesiae
1334 1441 1485 1512 quod
1517 1441 1822 1497 constituit

186 1528 348 1584 beato
372 1544 539 1601 papm
563 1529 846 1587 Silvestro
869 1535 926 1586 et
952 1530 1223 1587 omnibus
1245 1530 1687 1588 successoribus
1700 1530 1827 1599 ejus

185 1616 553 1687 pontiﬁcibus
581 1634 768 1691 usque
801 1620 857 1675 in
904 1624 1277 1693 perpetuum,
1306 1622 1363 1675 et
1412 1619 1626 1691 optulit
1681 1619 1822 1674 illud

182 1722 347 1777 super
364 1723 583 1780 corpus
600 1709 755 1766 beati
778 1710 937 1766 Petri
962 1710 1236 1782 apostoli.
1256 1709 1422 1776 Quod
1445 1709 1538 1765 hic
1563 1709 1821 1765 inserere

1938 551 2239 609 Dominum
2270 559 2556 622 nostrum,
2587 563 2783 614 creata
2820 565 2951 616 sunt
2985 562 3195 633 omnia,
3223 569 3279 619 et
3318 565 3374 621 in
3408 569 3582 639 spiri-

1936 642 2059 695 tum
2108 647 2371 699 sanctum
2413 643 2705 702 dominum
2736 650 2793 702 et
2825 648 3248 707 viviﬁcatorem
3283 653 3575 713 universae

1939 734 2246 787 creaturae.
2264 733 2621 790 NosPatrem
2636 739 2695 790 et
2711 735 2913 792 Filium
2928 744 2985 792 et
3013 739 3288 810 Spiritum
3314 748 3577 801 sanctum

1937 819 2299 876 conﬁtemur.
2338 821 2416 877 ita
2450 827 2510 877 ut
2537 822 2888 880 inTrinitate
2904 828 3162 897 perfecta
3183 829 3257 884 sit
3279 829 3582 901 plenitudo

1940 906 2265 963 divinitatis
2300 913 2359 964 et
2392 909 2585 966 unitas
2620 913 2948 983 potestatis,
2982 916 3156 971 Pater
3198 918 3368 983 Deus,
3406 919 3583 977 Filius

1938 996 2110 1066 Deus,
2136 997 2387 1067 Spiritus
2412 1003 2652 1055 sanctus
2668 1001 2819 1056 Deus
2838 1006 2924 1066 ;et
2943 1009 3252 1079 tresunum
3271 1010 3582 1066 sunt.Tres

1939 1084 2137 1155 itaque
2164 1100 2449 1158 persona),
2468 1088 2566 1144 sed
2594 1104 2703 1145 una
2733 1096 3024 1162 potestas;
3044 1108 3171 1149 nam
3187 1110 3415 1167 semper
3435 1099 3586 1155 Deus

1939 1188 2001 1229 se
2023 1173 2207 1229 edidit
2233 1190 2306 1231 ex
2328 1190 2387 1232 se
2412 1176 2565 1247 quod
2591 1192 2821 1250 semper
2844 1186 2969 1236 erat
2994 1182 3282 1251 gignenda
3299 1186 3366 1240 ad
3386 1186 3580 1243 secula

1939 1264 2200 1320 verbum.
2218 1265 2285 1319 Et
2312 1264 2542 1335 quando
2561 1267 2765 1323 eodem
2790 1269 2916 1326 solo
2941 1287 3058 1327 sua.»
3077 1272 3378 1343 sapientiae
3402 1277 3579 1331 verbo

1940 1352 2270 1408 universam
2306 1355 2574 1411 formavit
2597 1360 2950 1428 creaturam,
2975 1375 3105 1416 eum
3127 1375 3196 1415 eo
3217 1367 3341 1416 erat
3368 1368 3578 1419 cuncta

1939 1457 2045 1497 suo
2077 1442 2329 1501 archano
2351 1459 2708 1517 componens
2734 1447 3075 1503 ministerio.
3097 1450 3278 1518 igitur
3302 1453 3579 1521 perfectis

1937 1529 2195 1587 celerum
2226 1531 2549 1588 virtutibus
2580 1538 2636 1588 et
2675 1534 2964 1591 universis
2993 1540 3162 1591 terrae
3188 1539 3464 1609 materiis,
3487 1540 3579 1610 pio

1938 1618 2238 1690 sapientia:
2268 1625 2410 1677 nutu
2446 1622 2515 1677 ad
2540 1622 2847 1692 imaginem
2872 1629 2928 1679 et
2954 1624 3395 1683 similitudinem
3417 1643 3577 1685 suam

1940 1708 2187 1780 primum
2212 1710 2282 1765 de
2307 1710 2443 1765 limo
2468 1715 2643 1768 terrze
2670 1712 2894 1782 ﬁngens
2920 1715 3223 1785 hominem,
3244 1715 3393 1771 hunc
3419 1732 3582 1788 para-

183 1811 283 1853 non
307 1796 670 1868 pigebit.Est
695 1804 890 1856 autem
913 1799 1242 1871 hujusmodi
1271 1798 1701 1871 (Decret.):«ln
1726 1813 1823 1854 no-
1850 1820 1907 1883 Β
1939 1796 2069 1853 diso
2102 1798 2296 1867 posuit
2330 1798 2668 1871 voluptatis.
2702 1799 2879 1867 Quem
2923 1802 3201 1871 antiquus
3247 1817 3492 1875 serpens
3521 1810 3578 1859 et

186 1885 325 1941 mine
355 1891 577 1943 sanctze
608 1893 667 1944 et
692 1887 1007 1946 individuus
1028 1888 1348 1959 Trinitatis,
1374 1887 1567 1944 Patris
1592 1887 1818 1944 scilicet

185 1979 237 2029 et
268 1973 393 2030 Filii
425 1980 487 2032 et
519 1975 773 2048 Spiritus
803 1979 1009 2035 sancti.
1037 1979 1360 2050 Imperator
1382 1992 1565 2036 caesar
1588 1976 1820 2034 Flavius

185 2065 612 2137 Constantinus,
641 2067 694 2122 in
732 2067 965 2124 Christo
993 2069 1129 2125 Iesu
1160 2084 1271 2125 una
1305 2082 1377 2124 ex
1409 2068 1609 2124 eadem
1642 2066 1822 2122 Trini-

185 2153 317 2209 tatis
346 2169 599 2225 persona
633 2155 929 2213 salvatore
961 2156 1194 2214 domino
1224 2158 1341 2213 Deo
1372 2163 1574 2213 nostro
1610 2155 1816 2226 ﬁdelis,

186 2248 542 2313 mansuetus,
564 2245 866 2315 maximus,
894 2245 1206 2315 beneﬁcus,
1234 2244 1661 2313 Alemannicus,
1681 2245 1824 2299 Brit-

184 2332 423 2402 tanicus,
452 2334 728 2401 Hunicus,
757 2334 904 2405 pius,
934 2334 1089 2403 felix,
1110 2334 1300 2390 victor
1321 2338 1376 2389 et
1402 2334 1821 2405 triumphator,

187 2434 406 2492 semper
441 2426 745 2492 angustus,
778 2423 1142 2480 sanctissimo
1173 2438 1240 2479 ac
1289 2423 1625 2479 beatissimo
1668 2422 1818 2492 patri

188 2508 462 2566 Silvestro
482 2510 644 2566 urbis
664 2512 860 2567 Romae
881 2511 1156 2583 episcopo
1177 2516 1235 2567 et
1263 2526 1449 2583 papae,
1471 2515 1527 2566 et
1552 2511 1821 2566 omnibus

182 2598 299 2668 ejus
331 2601 786 2656 successoribus
818 2601 915 2672 qui
950 2601 1003 2656 in
1037 2601 1176 2657 sede
1209 2601 1363 2656 beati
1387 2601 1546 2656 Petri
1571 2598 1819 2671 apostoli

183 2688 395 2743 sessuri
416 2692 555 2744 sunt
580 2704 764 2759 usque
779 2689 835 2745 in
852 2689 962 2746 ﬁne
976 2689 1159 2746 seculi
1175 2688 1569 2761 pontiﬁcibus,
1589 2703 1694 2745 nec
1708 2704 1819 2744 non

181 2776 348 2832 etiam
383 2777 658 2834 omnibus
688 2778 1186 2835 reverentissimis
1218 2782 1275 2834 et
1310 2779 1427 2833 Deo
1470 2777 1820 2833 amabilibus

180 2865 477 2923 catholicis
495 2866 790 2939 epiSCOpis
812 2867 1117 2938 eidemque
1137 2871 1527 2924 sacrosanctae
1549 2867 1819 2922 Romanae

179 2953 437 3012 ecclesiae
470 2970 577 3027 per
606 2957 751 3013 hanc
783 2959 1038 3013 nostram
1069 2956 1427 3028 imperialem
1450 2955 1821 3013 constitutio-

178 3058 297 3099 nem
323 3043 613 3114 subjectis
636 3046 691 3101 in
716 3046 986 3102 universo
1007 3046 1150 3102 orbe
1172 3049 1489 3116 terrarum,
1517 3059 1737 3101 necnon
1761 3048 1816 3100 et

181 3134 430 3203 posteris
452 3150 657 3191 eorum
681 3134 912 3191 cunctis
936 3134 1287 3207 postfuturis
1310 3134 1675 3206 temporibus
1695 3148 1823 3189 con-

178 3221 650 3293 stitutis,gratia,
678 3239 808 3294 pax,
834 3223 1129 3295 gaudium,
1147 3222 1581 3294 longanimitas,
1599 3222 1823 3278 miseri-

179 3310 393 3383 cordia,
410 3326 441 3366 a
467 3313 584 3368 Deo
598 3315 764 3384 patre
784 3313 1183 3383 omnipotente
1197 3315 1436 3370 etJesus
1451 3312 1679 3368 Christo
1703 3310 1821 3366 ﬁlio

176 3400 298 3470 ejus
343 3407 406 3457 et
460 3401 681 3474 Spiritu
712 3406 917 3457 sancto
951 3400 1006 3457 in
1037 3401 1309 3458 omnibus
1340 3401 1510 3458 vobis
1541 3400 1663 3472 (fol.
1706 3400 1818 3470 20).

175 3489 332 3555 Quod
345 3488 574 3561 equalis
585 3489 843 3547 salvator
859 3496 914 3544 et
931 3489 1268 3562 redemptor
1285 3488 1822 3547 nosterJesustri-

175 3581 314 3648 stus,
341 3577 611 3635 altissimi
637 3579 825 3650 patris
850 3577 1023 3649 ﬁlius,
1052 3594 1155 3650 per
1174 3594 1311 3636 suos
1332 3583 1567 3637 sanctos
1591 3582 1822 3649 aposto-

176 3666 257 3722 los
279 3668 522 3724 Petrum
541 3672 600 3723 et
621 3667 883 3738 Paulum,
902 3668 1330 3724 interveniente
1345 3675 1591 3739 patrono
1620 3672 1821 3723 nostro

175 3756 454 3812 Silvestro
478 3772 704 3814 summo
726 3757 1002 3828 pontiﬁce
1024 3764 1084 3814 et
1108 3757 1427 3814 universali
1459 3771 1625 3828 papa,
1652 3755 1822 3811 mira-

177 3845 372 3903 biliter
401 3846 639 3919 operari
671 3847 945 3916 dignatus
976 3851 1086 3917 est,
1116 3846 1335 3918 liquida
1356 3844 1693 3902 narratione
1719 3859 1822 3916 per

175 3934 343 4006 hujus
372 3939 594 3992 nostra;
623 3934 943 4008 imperialis
970 3935 1412 3992 constitutionis
1453 3934 1719 4006 paginam
1748 3934 1821 3990 ad

179 4024 531 4093 agnitionem
555 4025 808 4081 omnium
824 4024 1465 4097 populorum-universo
1480 4024 1622 4079 orbe
1635 4027 1822 4080 terra-

179 4128 297 4169 rum
329 4114 561 4172 studuit
596 4128 921 4187 propagare
950 4118 1148 4170 nostra
1176 4112 1643 4170 mansuetissima
1670 4127 1824 4169 sere-

179 4202 349 4274 nitas,
378 4202 631 4274 primum
664 4203 897 4273 quidem
928 4201 1099 4258 ﬁdem
1133 4205 1411 4273 nostram,
1442 4216 1611 4273 quam
1639 4214 1670 4256 a
1692 4215 1822 4273 pre-

179 4289 292 4347 lato
320 4296 663 4348 exortatore
691 4294 895 4348 nostro
926 4291 1208 4349 Silvestro
1237 4291 1551 4349 universali
1584 4306 1729 4363 papa
1760 4294 1821 4346 et

179 4378 452 4450 pontiﬁce
481 4381 677 4437 edocti
710 4395 930 4453 sumus,
966 4381 1167 4440 intima
1197 4381 1395 4438 cordis
1448 4380 1819 4437 confessione

178 4469 248 4525 ad
261 4469 639 4527 instruendas
653 4471 904 4527 omnium
919 4474 1147 4527 mentes
1159 4471 1613 4542 proferentes,et
1630 4469 1708 4526 ita
1724 4468 1822 4525 de-

1939 1886 2218 1957 antiquus
2243 1888 2433 1944 hostis
2457 1888 2689 1945 invidus
2714 1888 3000 1959 diabolus,
3028 1905 3129 1961 per
3152 1892 3580 1948 amarissimum

1939 1975 2075 2046 ligni
2094 1976 2261 2033 vetiti
2274 1981 2534 2047 gustum,
2552 1977 2780 2034 exulem
2797 1980 2868 2033 ab
2884 1978 3104 2034 eisdem
3119 1979 3309 2036 effecit
3324 1982 3578 2050 gaudiis.

1936 2080 2122 2136 coque
2153 2065 2402 2138 expulso
2426 2081 2534 2122 non
2562 2066 2774 2122 desunt
2800 2082 2902 2122 sua
2932 2082 3216 2124 venenosa
3242 2067 3440 2125 multis
3467 2085 3581 2126 mo-

1935 2153 2026 2209 dis
2055 2154 2347 2225 protelare
2364 2153 2578 2225 jacula,
2599 2155 2810 2211 utavia
2827 2155 3097 2212 veritatis
3119 2155 3428 2213 humanum
3451 2160 3582 2215 abs—

1938 2243 2391 2314 trahensgenus,
2410 2243 2692 2300 idolorum
2712 2242 2982 2313 culturae,
2999 2249 3287 2302 creaturae
3303 2245 3578 2303 videlicet

1934 2338 2126 2388 etnon
2143 2332 2420 2403 creatori,
2441 2333 2735 2389 deservire
2751 2334 3020 2389 suadent.
3040 2333 3325 2399 Quatinus
3343 2349 3448 2407 per
3470 2336 3578 2393 hoc

1933 2437 2034 2477 eos
2058 2437 2202 2493 quos
2219 2422 2342 2478 suis
2363 2422 2615 2477 valuerit
2635 2422 2867 2477 irretire
2882 2422 3137 2493 insidiis,
3155 2438 3353 2479 secum
3369 2428 3576 2479 eteruo

1934 2510 2142 2566 alliciat
2194 2510 2617 2566 concremando
2667 2510 2971 2581 supplicio.
3010 2510 3118 2565 Sed
3171 2511 3323 2566 Deus
3379 2516 3578 2567 noster

1935 2599 2205 2654 miserius
2236 2599 2541 2670 plasmatis
2571 2598 2678 2667 sui,
2714 2598 2974 2668 dirigens
3005 2604 3243 2656 sanctos
3285 2616 3425 2657 suos
3452 2616 3581 2672 pro-

1936 2688 2163 2758 phetas,
2194 2701 2296 2758 per
2329 2701 2474 2757 quos
2506 2686 2698 2743 lumen
2733 2687 2944 2745 futurae
2974 2688 3132 2757 vitae,
3160 2687 3472 2746 adventum
3497 2690 3579 2747 vi-

1935 2775 2147 2833 delicet
2166 2775 2268 2831 ﬁlii
2289 2776 2380 2831 sui
2408 2776 2623 2832 domini
2649 2778 2836 2833 nostri
2859 2777 2957 2832 Dei
2977 2781 3034 2833 et
3060 2777 3375 2834 salvatoris
3394 2780 3576 2836 nostri

1933 2867 2068 2921 Jesu
2105 2865 2317 2922 Christi
2352 2866 2730 2937 adnuncians,
2753 2866 2909 2921 misit
2942 2867 3188 2923 eundem
3219 2868 3577 2939 unigenitum

1937 2954 2113 3011 ﬁlium
2145 2970 2311 3011 suum
2345 2960 2401 3010 ct
2437 2955 2740 3026 sapientia:
2774 2955 3015 3012 verbum
3043 2955 3164 3026 (fol.
3194 2956 3322 3027 20’).
3351 2956 3457 3023 Qui
3485 2957 3580 3012 dr-

1937 3043 2227 3099 scendens
2258 3044 2328 3100 dc
2364 3043 2508 3100 celis
2538 3050 2778 3115 propter
2810 3048 3070 3100 nostram
3102 3043 3373 3115 salutem,
3410 3049 3582 3100 natus

1936 3132 2006 3188 de
2040 3133 2262 3204 Spiritu
2302 3138 2506 3189 sancto
2530 3137 2590 3187 et
2613 3133 2784 3188 Maria
2808 3133 3054 3203 virgine,
3079 3134 3319 3189 verbum
3342 3148 3479 3189 caro
3503 3134 3580 3188 fa-

1934 3225 2093 3277 ctum
2125 3227 2217 3278 est
2247 3228 2305 3276 et
2340 3222 2621 3278 habitavit
2648 3222 2704 3277 in
2730 3222 2916 3292 nobis,
2944 3237 3047 3279 nec
3071 3221 3258 3278 amisit
3285 3220 3435 3293 quod
3461 3221 3580 3278 fue-

1936 3316 2045 3382 rat,
2080 3312 2180 3367 sed
2213 3312 2370 3383 cepit
2400 3326 2531 3368 esse
2564 3311 2717 3383 quod
2750 3327 2857 3367 non
2911 3316 3058 3381 erat,
3097 3311 3393 3382 perfectus
3429 3312 3581 3367 Deus

1934 3405 1991 3455 et
2026 3401 2226 3466 homo;
2262 3404 2323 3456 ut
2358 3403 2512 3457 Deus
2535 3400 2844 3472 perﬁcieus
2869 3400 3175 3469 mirabilia,
3204 3404 3263 3455 ut
3290 3399 3459 3455 homo
3483 3400 3583 3455 liu-

1936 3504 2137 3546 manas
2169 3490 2472 3545 sustinens
2504 3489 2829 3561 passiones.
2858 3490 2940 3543 Ita
2974 3503 3172 3545 verum
3206 3487 3491 3544 hominem
3524 3493 3579 3543 et

1935 3594 2134 3634 verum
2192 3579 2370 3635 Deum
2434 3578 2775 3650 predicante
2826 3581 2993 3649 patre
3043 3582 3246 3633 nostro
3303 3576 3583 3633 Silvestro

1936 3682 2160 3724 summo
2215 3666 2493 3739 pontiﬁce
2548 3665 2949 3735 intelligimus,
2984 3671 3043 3721 ut
3088 3681 3286 3722 verum
3316 3667 3493 3722 Deum
3523 3672 3582 3721 et

1936 3770 2137 3812 verum
2172 3756 2463 3813 hominem
2499 3756 2676 3812 fuisse
2708 3770 2820 3811 non
2844 3756 3218 3824 abnegemus.
3245 3754 3352 3820 Qui
3374 3752 3579 3811 electis

1936 3848 2004 3901 12
2029 3844 2316 3917 apostolis
2332 3844 2631 3901 miraculis
2655 3858 2851 3900 coram
2871 3843 2956 3899 eis
2976 3847 3033 3899 et
3058 3843 3356 3899 innumera
3384 3844 3577 3915 p0|lllll

1937 3933 2312 3991 multitudine
2344 3933 2696 3990 coruscavit.
2728 3932 3084 3988 Conﬁtemur
3117 3932 3360 3988 eundem
3395 3931 3580 3987 Domi-

1939 4038 2070 4078 num
2092 4027 2357 4079 nostrum
2381 4021 2674 4078 dominum
2691 4020 2981 4077 Christum
3004 4025 3061 4075 et
3087 4020 3366 4091 implesse
3391 4019 3575 4088 legem

1934 4116 1991 4167 et
2026 4111 2363 4183 prophetas,
2400 4124 2654 4181 passum,
2690 4108 3053 4178 cruciﬁxum,
3081 4107 3401 4165 secundum
3425 4108 3579 4163 Scri-

1936 4203 2140 4272 pturas
2174 4199 2357 4256 tercia
2391 4198 2483 4254 die
2503 4214 2532 4255 a
2559 4198 2806 4253 mortuis
2831 4196 3185 4266 surrexisse,
3214 4199 3577 4267 assumptum

1936 4290 1992 4345 in
2026 4288 2413 4361 cmlos,atque
2438 4287 2737 4344 sedentem
2769 4286 2840 4341 ad
2874 4285 3174 4341 dexteram
3206 4283 3418 4355 Patris,
3448 4283 3580 4340 inde

1904 4384 2242 4435 .venturum
2270 4376 2534 4447 judicare
2566 4375 2731 4431 vivos
2754 4381 2814 4431 et
2840 4378 3140 4439 mortuos;
3167 4372 3333 4442 cujus
3354 4372 3580 4444 imperii

1936 4482 2048 4523 non
2073 4466 2183 4522 erit
2212 4466 2361 4522 ﬁnis.
2392 4466 2522 4522 llaec
2539 4468 2630 4520 est
2654 4462 2800 4519 ﬁdes
2820 4466 3022 4521 nostra
3043 4460 3366 4517 orthodoxa
3396 4476 3425 4517 a
3451 4462 3583 4518 bea-

179 4572 326 4616 mum
368 4557 770 4616 misericordia
811 4559 910 4616 Dei
961 4574 1139 4631 super
1159 4534 1276 4617 nos
1303 4534 1569 4618 diffusam
1602 4573 1822 4615 annun-
1851 4534 1904 4595 D
1936 4557 2160 4613 tissimo
2181 4554 2464 4611 Silvestro
2486 4567 2707 4610 summo
2733 4552 3006 4624 pontiﬁce
3030 4549 3198 4607 nobis
3230 4548 3473 4622 prolata.
3504 4550 3583 4605 ld-

177 4647 415 4705 ciantes.
441 4647 624 4705 Nosse
647 4647 799 4706 enim
821 4663 924 4706 vos
944 4648 1231 4719 volumus,
1256 4649 1410 4705 sicut
1433 4663 1538 4720 per
1568 4648 1823 4705 anterio-

182 4750 303 4792 rem
326 4739 587 4795 nostram
609 4751 834 4795 sacram
858 4738 1279 4810 pragmaticam
1296 4738 1615 4810 jussionem
1648 4736 1823 4807 signi-

176 4824 493 4899 ﬁcavimus,
508 4842 616 4885 nos
635 4841 667 4883 a
690 4826 940 4885 culturis
963 4825 1275 4899 idolorum,
1293 4826 1620 4885 simulacris
1644 4825 1821 4884 mutis

171 4919 234 4971 et
254 4917 622 4988 manufactis,
652 4915 956 4975 diabolicis
985 4916 1512 4989 compositionibus
1541 4921 1717 4987 atque
1749 4917 1821 4972 ab

172 5007 444 5066 omnibus
477 5007 706 5066 Satanae
740 5006 967 5080 pompis
996 5006 1331 5077 recessisse,
1356 5012 1416 5062 et
1438 5006 1509 5062 ad
1535 5007 1821 5077 integram

169 5094 627 5156 cbristianorum
662 5095 855 5167 ﬁdem,
880 5111 1009 5168 qum
1040 5101 1130 5153 est
1159 5096 1259 5153 lux
1290 5110 1426 5153 vera
1460 5100 1518 5151 et
1550 5095 1668 5152 vita
1695 5109 1823 5166 per-

176 5192 372 5257 petua,
389 5187 751 5258 pervenisse,
767 5184 1255 5257 credentesjuxta
1280 5184 1337 5241 id
1362 5185 1515 5257 quod
1541 5199 1645 5241 nos
1668 5185 1821 5241 idem

175 5274 458 5334 almiﬁcus
488 5291 754 5335 summus
783 5280 953 5347 pater
976 5280 1034 5332 et
1068 5277 1275 5333 doctor
1307 5280 1509 5331 noster
1540 5275 1824 5331 Silvester

173 5364 477 5437 instruxit,
512 5366 761 5424 credere
792 5365 851 5421 in
883 5366 1062 5421 Deum
1087 5372 1315 5437 patrem
1339 5364 1820 5436 omnipotentem,

173 5455 451 5514 factorem
484 5456 597 5515 celi
629 5462 688 5514 et
713 5462 912 5529 terra,
933 5455 1249 5514 visibilium
1275 5455 1528 5512 omnium
1553 5461 1613 5511 et
1636 5454 1804 5511 invisi

1934 4647 2092 4703 circo
2122 4650 2459 4701 exortamur
2494 4656 2718 4699 omnem
2751 4640 3029 4713 populum
3060 4644 3119 4695 et
3151 4639 3415 4696 diversas
3445 4653 3581 4709 gen-

1934 4735 2078 4791 tium
2092 4733 2359 4790 nationes
2373 4732 2518 4799 hanc
2543 4730 2712 4787 ﬁdem
2729 4738 2952 4800 tenere,
2968 4727 3165 4786 colere
3179 4732 3236 4783 ct
3252 4727 3576 4800 predicare,

1934 4828 1990 4881 et
2026 4824 2084 4879 in
2115 4827 2335 4879 sancta:
2383 4819 2684 4876 Trinitatis
2732 4820 2960 4876 nomine
3009 4817 3256 4888 gratiam
3306 4815 3580 4889 baptismi

1935 4913 2237 4985 consequi,
2268 4916 2326 4968 et
2359 4910 2651 4967 dominum
2684 4910 2881 4965 Iesum
2916 4907 3206 4963 Christum
3234 4904 3580 4963 salvatorem

1936 5008 2218 5072 nostrum,
2238 5000 2476 5072 quicum
2491 5001 2664 5055 Patre
2686 5002 2742 5055 et
2770 4997 2987 5070 Spiritu
3012 5000 3211 5053 sancto
3234 5010 3338 5068 per
3360 4992 3580 5050 inﬁnita

1938 5093 2077 5150 vivit
2111 5095 2169 5148 et
2203 5096 2405 5160 regnat
2442 5087 2661 5157 secula,
2696 5102 2865 5158 quem
2900 5084 3179 5142 Silvester
3215 5083 3588 5141 beatissimus

1940 5188 2104 5254 pater
2127 5186 2327 5237 noster
2345 5176 2692 5236 universalis
2715 5175 2977 5249 predicat
3000 5174 3279 5247 pontifex,
3298 5172 3474 5231 corde
3488 5171 3584 5228 de-

1938 5277 2075 5327 voto
2107 5269 2372 5341 adorare,
2408 5269 2538 5340 Ipse
2570 5265 2720 5324 enim
2752 5264 3024 5320 dominus
3054 5265 3204 5321 Deus
3236 5268 3437 5320 noster
3485 5262 3587 5318 mi—

1940 5367 2136 5417 sertus
2152 5359 2285 5415 mihi
2303 5355 2621 5431 peccaturi,
2639 5353 2861 5410 nostris
2879 5368 3019 5410 suos
3034 5358 3272 5410 sanctos
3287 5351 3585 5424 apostolos

1939 5451 2012 5507 ad
2042 5447 2396 5506 visitandum
2432 5461 2539 5502 nos
2567 5449 2626 5499 et
2662 5443 2851 5499 lumen
2880 5443 2971 5498 sui
2999 5440 3331 5516 Splendoris
3356 5439 3581 5498 infulsit

1550 5570 1785 5627 νΑΒιΑῖ
1827 5565 2225 5625 LECTIONES.

240 5632 285 5681 ⁸⁸
312 5647 606 5719 depravan
632 5659 681 5702 ε.
