3936 6050
277 292 355 359 47
1242 282 1610 351 HUGONIS
1652 278 2002 347 ABBATIS
2044 276 2720 343 FLAVINIACENSIS
3594 280 3681 349 48

282 429 450 488 nobis
473 434 535 487 et
556 428 963 486 abstractuma
979 422 1239 481 tenebris
1252 422 1322 479 ad
1340 436 1533 479 veram
1551 435 1713 479 suam
1728 418 1916 476 lucem
1947 417 2005 478 A
2039 414 2107 472 ad
2125 414 2309 487 ipsum
2326 414 2618 487 presulem
2633 415 2783 486 veni,
2802 415 2998 486 ibique
3013 415 3435 475 abrenuncians
3447 418 3681 478 Satanae

280 526 339 577 et
370 519 721 591 agnitionem
772 518 860 574 sui
905 515 1150 572 nominis
1181 527 1267 568 me
1302 512 1635 584 pervenisse
1663 507 1921 580 gratula-

280 610 436 666 mini.
466 612 603 666 Nam
626 624 755 666 cum
779 607 994 663 dudum
1017 604 1206 661 valida
1234 601 1522 673 squaloris
1552 601 1713 671 lepra
1736 602 1918 654 totam

282 699 390 755 mei
424 698 689 771 corporis
720 696 1025 752 invasisset
1049 707 1303 761 carnem,
1326 697 1383 747 et
1410 689 1720 748 multorum
1747 685 1922 741 medi-

282 803 484 844 corum
517 786 987 844 convenientium
1021 798 1159 839 cura
1186 781 1584 849 adhiberetur,
1621 775 1758 832 nihil
1793 790 1922 844 pro-

284 877 390 932 fuit
420 876 489 931 ad
524 876 791 932 salutem.
823 873 903 930 Ad
930 875 1049 929 lucc
1075 871 1433 927 advenerunt
1458 866 1797 924 sacerdotes
1822 866 1922 919 Ca-

284 965 470 1036 pitolii
496 965 761 1020 dicentes
786 962 921 1017 mihi
941 962 1154 1018 debere
1170 959 1383 1015 fontem
1400 956 1524 1012 fleri
1542 956 1596 1010 in
1613 952 1916 1025 Capitolio,

280 1059 339 1109 et
372 1053 648 1126 compleri
693 1053 843 1108 hunc
894 1051 1261 1105 innocentum
1312 1044 1609 1115 sanguine,
1644 1047 1703 1097 et
1747 1042 1804 1096 in
1853 1055 1923 1095 eo

282 1140 508 1197 calente
538 1146 727 1197 totum
762 1154 849 1194 me
883 1152 1053 1210 posse
1083 1134 1365 1192 mundari.
1393 1135 1460 1189 Et
1484 1129 1803 1188 secundum
1828 1144 1922 1184 eo-

284 1246 407 1286 rum
438 1230 592 1286 dicta
626 1228 961 1299 aggregatis
1005 1225 1275 1298 pluribus
1325 1220 1748 1289 innocentibus,
1787 1218 1921 1274 dum

282 1316 784 1387 vellentsacrilegi
812 1328 1165 1387 paganorum
1193 1312 1535 1368 sacerdotes
1558 1324 1659 1365 eos
1682 1307 1919 1365 mactari

280 1412 337 1462 et
369 1423 442 1463 ex
461 1422 663 1463 eorum
688 1406 968 1475 sanguine
995 1405 1209 1459 fontem
1238 1400 1474 1472 repleri,
1499 1412 1747 1455 cernens
1772 1412 1923 1454 sere-

282 1496 434 1553 nitas
465 1501 661 1552 nostra
697 1493 969 1550 lacrimas
1001 1497 1247 1548 matrum
1281 1504 1503 1553 eorum,
1531 1488 1665 1543 ilico
1687 1484 1923 1542 exorrui

281 1585 526 1654 facinus,
564 1584 952 1651 misertusque
986 1595 1206 1649 earum,
1243 1578 1511 1650 pr0prios
1546 1576 1662 1632 illis
1692 1572 1922 1630 restitui

281 1672 451 1743 filios,
479 1672 752 1740 datisque
783 1669 1066 1725 vehiculis
1089 1672 1145 1723 et
1173 1667 1337 1722 donis
1358 1664 1662 1723 concessis
1690 1663 1759 1718 ad
1795 1676 1925 1733 pro-

2039 504 2261 577 pompis
2283 510 2339 560 et
2364 505 2640 577 operibus
2661 506 2808 576 ejus,
2824 509 2879 561 et
2900 505 3187 562 universis
3213 506 3384 563 idolis
3410 523 3577 565 manu
3602 510 3683 565 fa-

2034 594 2167 664 ctis,
2190 594 2433 652 credere
2449 610 2537 650 me
2552 594 2668 650 dixi
2693 595 2746 649 in
2772 596 2947 650 Deum
2972 600 3194 667 patrem
3219 596 3679 669 omnipotentem

2037 685 2315 740 factorem
2348 683 2481 740 coeli
2515 690 2574 740 et
2603 688 2799 754 terrze,
2829 684 3144 741 visibilium
3178 691 3235 741 et
3271 686 3678 759 invisibilium,

2032 778 2090 829 et
2126 773 2178 828 in
2210 775 2403 829 Iesum
2438 773 2728 830 Christum
2777 773 3009 830 unicum
3064 774 3358 830 dominum
3412 780 3681 832 nostrum

2035 863 2128 932 qui
2165 865 2336 917 natus
2366 866 2451 917 est
2484 862 2554 917 de
2585 861 2804 933 Spiritu
2852 866 3054 918 sancto
3098 877 3168 918 ex
3225 863 3397 919 Maria
3431 864 3677 934 virgine,

2034 953 2350 1021 spontanea
2377 949 2676 1005 voluntate
2709 964 2902 1005 coram
2938 951 3089 1005 omni
3126 952 3338 1022 populo
3370 952 3680 1009 confessus

2034 1053 2181 1093 sum.
2220 1038 2649 1109 Benedictoque
2703 1039 2859 1094 fonte
2910 1038 3030 1093 illic
3072 1053 3160 1095 me
3207 1038 3357 1094 trina
3390 1041 3681 1096 mersione

2036 1127 2187 1183 unda
2212 1126 2423 1183 salutis
2446 1126 2796 1198 purificavit.
2823 1127 3137 1197 Positoque
3162 1143 3249 1183 me
3274 1128 3328 1182 in
3353 1128 3530 1184 fontis
3549 1143 3683 1198 gre-

2035 1216 2169 1286 mio,
2223 1230 2451 1271 manum
2501 1230 2591 1292 me
2641 1215 2711 1271 de
2759 1214 2910 1271 coelo
2954 1215 3388 1285 contingentem
3422 1217 3683 1289 propriis

2034 1303 2221 1361 oculis
2255 1303 2393 1373 vidi,
2423 1305 2494 1359 de
2527 1318 2638 1375 qua
2674 1304 2924 1361 mundus
2953 1319 3260 1375 exurgens,
3296 1306 3367 1361 ab
3399 1306 3554 1361 omni
3590 1322 3681 1363 me

2036 1394 2215 1464 lepra}
2246 1392 2521 1463 squalore
2555 1393 2891 1450 mundatnm
2921 1394 3258 1463 cognoscite
3282 1394 3402 1464 (fol.
3424 1393 3550 1467 21’).
3580 1396 3686 1452 Le-

2034 1487 2286 1553 vatoque
2320 1497 2407 1538 me
2439 1482 2510 1537 de
2542 1482 2859 1539 venerabili
2888 1483 3043 1539 fonte
3069 1483 3388 1554 indutoque
3413 1485 3682 1540 vestibus

2037 1569 2302 1627 candidis
2336 1572 2698 1643 septiformis
2723 1572 2975 1642 Spiritus
3000 1573 3184 1628 sancti
3212 1573 3264 1627 in
3288 1572 3686 1643 consignatio-

2038 1675 2165 1715 nem
2201 1659 2486 1729 adhibuit,
2524 1661 2675 1716 beati
2706 1660 2999 1717 crismatis
3048 1661 3315 1718 unctione
3359 1665 3416 1718 ct
3460 1667 3682 1719 sancta:

281 1761 404 1831 pria
466 1759 598 1816 illas
644 1775 844 1816 omnes
884 1758 1209 1829 gaudentes
1268 1754 1674 1811 relaxavimus.
1709 1752 1920 1807 Eadem
1954 1781 2008 1840 Β
2035 1750 2230 1806 crucis
2262 1748 2477 1805 vexillo
2511 1764 2693 1805 meam
2729 1749 2975 1805 frontem
3010 1749 3218 1819 linivit,
3253 1751 3453 1807 dicens
3486 1770 3498 1805 :
3537 1775 3563 1798 α
3598 1751 3682 1804 Si-

282 1849 459 1917 igitur
500 1852 796 1905 transacta
833 1847 927 1903 die
964 1851 1249 1903 nocturno
1287 1844 1457 1900 nobis
1496 1844 1648 1898 facto
1688 1839 1921 1896 silentio

280 1939 414 1993 dum
441 1938 624 1993 somni
649 1943 880 2008 tempus
902 1936 1260 2003 advenisset,
1284 1935 1494 1989 adsunt
1520 1929 1770 2003 apostoli
1796 1944 1924 1984 san-

277 2026 357 2082 cti
375 2028 651 2083 Petruset
670 2025 887 2081 Paulus
902 2022 1317 2080 dieentcsmihi
1339 2041 1350 2075 :
1372 2019 1558 2087 «Quia
1574 2018 1811 2089 flagitiis
1826 2032 1924 2089 po-

279 2115 451 2172 suisti
477 2116 804 2185 terminum,
824 2114 1241 2170 eteﬂ‘usionem
1280 2109 1579 2180 sanguinis
1601 2106 1925 2164 innocentis

276 2204 539 2274 orruisti,
574 2204 735 2259 missi
771 2219 969 2259 sumus
990 2218 1019 2257 a
1049 2202 1280 2256 Christo
1303 2199 1534 2255 domino
1560 2202 1759 2253 nostro
1782 2196 1922 2251 dare

276 2293 385 2348 tibi
418 2294 689 2349 sanitatis
742 2290 1145 2363 recuperando
1197 2287 1527 2345 consilium.
1566 2284 1711 2341 Audi
1746 2285 1923 2353 igitur

280 2382 494 2436 monita
510 2387 734 2451 nostra,
751 2385 810 2435 et
836 2380 921 2436 fac
941 2392 1300 2449 quazcnnque
1325 2375 1649 2430 indicamus
1671 2373 1800 2428 tibi.
1818 2371 1923 2426 Sil-

276 2476 475 2526 vester
505 2471 819 2542 episc0pus
850 2467 1110 2525 civitatis
1138 2468 1209 2523 ad
1242 2470 1494 2521 montem
1530 2462 1815 2533 Seraptim
1842 2462 1923 2517 fu-

278 2559 443 2628 giens
472 2558 967 2630 persequutiones
1024 2561 1173 2624 tuas,
1211 2555 1265 2610 in
1306 2552 1572 2610 cavernis
1620 2566 1748 2607 cum
1798 2550 1921 2605 suis

275 2647 509 2704 clericis
543 2648 827 2703 latebram
864 2647 1038 2701 fovet.
1065 2646 1226 2699 Hunc
1251 2659 1381 2699 cum
1407 2641 1477 2697 ad
1501 2646 1559 2695 te
1583 2639 1917 2709 adduxeris,

278 2737 402 2807 ipse
436 2735 539 2791 tibi
575 2736 855 2808 piscinam
890 2733 1099 2789 salutis
1129 2732 1425 2800 ostendet,
1464 2729 1518 2784 in
1550 2744 1659 2799 qua
1694 2728 1830 2783 dum
1863 2730 1921 2782 te

279 2824 455 2880 tertio
480 2823 771 2893 merserit,
797 2822 983 2879 omnis
1001 2828 1112 2876 ate
1137 2821 1313 2891 leprze
1338 2817 1612 2874 valetudo
1636 2816 1917 2886 diffugict.

245 2913 438 2980 ~Quod
475 2927 603 2968 cum
638 2912 853 2968 factum
890 2910 1084 2980 fuerit,
1120 2909 1265 2964 hanc
1311 2905 1777 2963 vicissitudinem
1822 2908 1921 2960 tuo

277 3001 914 3073 Salvatoricompensa,
944 3003 1003 3054 ut
1034 3012 1233 3053 omnes
1266 3010 1368 3069 per
1390 3002 1576 3051 totum
1599 2995 1797 3051 orbem
1819 3001 1919 3049 tuo

270 3090 438 3161 jussu
462 3090 731 3148 ecclesiae
758 3092 1185 3145 restaurentur.
1206 3088 1279 3141 'l‘e
1303 3089 1495 3141 autem
1520 3084 1708 3155 ipsum
1736 3083 1791 3139 in
1814 3084 1919 3138 hac

275 3187 442 3252 parte
459 3179 789 3252 purifica,ut
809 3178 1012 3233 relicta
1028 3175 1179 3231 omni
1196 3172 1615 3246 superstitione
1633 3171 1918 3228 idolorum

275 3270 576 3325 Dominum
596 3269 790 3323 vivum
812 3271 868 3322 et
894 3280 1118 3335 verum,
1146 3263 1243 3334 qui
1269 3261 1430 3319 solus
1448 3262 1705 3317 estDeus
1721 3274 1915 3329 verus,

275 3359 482 3414 adores
510 3366 566 3411 et
598 3355 777 3426 colas,
812 3359 873 3411 ut
909 3354 979 3410 ad
1029 3353 1157 3422 ejus
1188 3350 1547 3407 voluntatem
1582 3349 1853 3419 attingas.
1890 3372 1914 3396 ιι

274 3449 577 3516 Exurgens
599 3449 793 3501 autem
825 3459 854 3499 a
891 3456 1111 3498 sommo
1143 3440 1412 3512 protinus
1439 3439 1605 3508 juxta
1632 3437 1686 3494 id
1713 3437 1865 3508 quod
1891 3454 1920 3493 a

275 3535 496 3592 sanctis
526 3532 809 3606 apostolis
842 3531 1177 3587 admonitus
1211 3544 1338 3585 sum
1373 3527 1590 3600 peregi,
1613 3527 1924 3583 advocato-

276 3639 386 3696 que
419 3623 621 3687 codcm
646 3622 929 3694 prccipno
951 3624 1009 3675 et
1034 3618 1340 3689 magnifico
1365 3621 1530 3688 patre
1555 3620 1615 3671 et
1640 3614 1926 3671 illumina-

272 3719 435 3769 ctorc
466 3717 672 3768 nostro
706 3710 987 3766 Silvestro
1014 3705 1330 3764 universali
1357 3720 1523 3777 papa,
1551 3704 1739 3759 omnia
1767 3719 1795 3759 a
1822 3718 1922 3759 san

273 3800 648 3873 tisapostolis
663 3802 939 3872 percepta
956 3798 1009 3852 in
1025 3797 1200 3853 verba
1217 3795 1928 3865 dixi,percunctatusque—

275 3905 401 3948 sum
426 3905 577 3961 eum,
604 3889 702 3960 qui
726 3886 1020 3944 essentdii
1038 3886 1131 3942 isti
1146 3887 1358 3941 Petrus
1372 3882 1792 3951 etPaulus(fol.
1810 3886 1920 3952 21).

276 3980 376 4037 Ille
410 3994 548 4036 vero
567 3993 677 4035 non
697 3993 798 4035 eos
822 3991 959 4033 vere
983 3977 1126 4032 deos
1150 3975 1342 4030 dictos
1365 3973 1465 4042 ait,
1495 3972 1599 4028 sed
1622 3971 1925 4043 apostolos

276 4068 598 4126 Salvatoris
649 4066 863 4123 domini
919 4064 1106 4121 nostri
1147 4065 1283 4119 Jcsu
1313 4062 1547 4118 Christi.
1585 4062 1650 4116 Et
1690 4076 1920 4119 rursum

277 4158 640 4228 interrogare
670 4157 933 4228 cepimus
972 4153 1219 4210 eundem
1264 4150 1658 4208 beatissimum
1692 4165 1918 4223 papam,

275 4253 470 4304 utrum
494 4261 693 4303 eorum
717 4245 997 4314 imagines
1014 4243 1204 4314 pictas
1225 4242 1489 4311 haberet,
1509 4245 1656 4296 utex
1673 4240 1919 4311 picturis

277 4337 641 4395 disceremus
674 4336 781 4391 llOS
813 4349 947 4391 esse
982 4348 1127 4405 quos
1155 4347 1242 4387 me
1276 4329 1558 4387 revelatio
1613 4329 1914 4385 docuerat.

273 4429 426 4483 Tunc
461 4425 645 4482 isdem
675 4422 1029 4481 venerabilis
1062 4426 1228 4493 pater
1277 4418 1554 4489 imagines
1600 4417 1917 4474 eorundem

1953 3142 2001 3202 Ο

2036 1844 2174 1908 gnat
2209 1843 2265 1893 te
2297 1838 2574 1895 Dominus
2600 1838 2792 1909 sigillo
2818 1839 2948 1894 fidei
2976 1855 3095 1896 suae
3120 1839 3173 1895 in
3200 1840 3429 1895 nomine
3456 1840 3676 1910 Patris,

2037 1934 2096 1983 et
2126 1927 2273 1998 Filii,
2308 1932 2363 1982 et
2400 1927 2655 1999 Spiritus
2686 1929 2870 1984 sancti
2907 1928 2961 1983 in
2994 1929 3434 1999 consignatione
3460 1927 3626 1995 fidei;
3651 1954 3677 1977 ιι

2036 2021 2402 2087 cunctusque
2434 2016 2631 2073 clerus
2665 2017 2968 2088 respondit
2990 2037 3001 2071 :
3027 2041 3051 2065 ιι
3078 2020 3274 2073 Amen.
3308 2037 3335 2069 ι)
3368 2019 3435 2072 Et
3463 2018 3683 2088 adjecit

2035 2104 2270 2177 presul:
2303 2130 2329 2153 α
2352 2108 2468 2162 Pax
2499 2105 2626 2161 tibi.
2654 2129 2679 2153 ιι
2716 2106 2907 2162 Primo
2941 2106 3137 2177 itaque
3168 2111 3299 2178 post
3336 2112 3680 2178 perceptum

2036 2195 2187 2250 sacri
2209 2195 2578 2265 baptismatis
2596 2196 2932 2266 mysterium
2947 2200 3004 2250 et
3023 2199 3152 2267 post
3169 2196 3530 2252 curationem
3551 2210 3684 2252 cor-

2036 2285 2195 2355 poris
2228 2283 2336 2339 mei
2366 2297 2393 2338 a
2430 2283 2703 2354 squalore
2737 2284 2916 2355 lepra?
2949 2284 3153 2353 agnovi
3198 2300 3308 2340 non
3342 2299 3468 2341 esse.
3501 2284 3681 2341 alium

2034 2374 2213 2427 Deum
2248 2371 2356 2427 nisi
2386 2373 2616 2428 Patrem
2648 2376 2705 2428 et
2739 2373 2942 2428 Filium
2975 2379 3033 2427 et
3067 2373 3343 2445 Spiritum
3388 2377 3679 2445 sanctum,

2035 2477 2205 2532 quem
2240 2461 2619 2518 beatissimus
2643 2465 2809 2533 pater
2833 2461 3116 2518 Silvester
3140 2462 3423 2535 predicat,
3448 2463 3684 2519 trinita-

2033 2557 2150 2606 tem
2182 2551 2238 2605 in
2274 2551 2519 2621 unitate,
2555 2550 2838 2606 unitatem
2874 2550 2927 2605 in
2968 2551 3255 2608 trinitate.
3293 2553 3430 2608 Nam
3479 2566 3684 2608 omnes

2034 2640 2111 2695 dii
2147 2640 2405 2709 gentium
2457 2655 2603 2710 quos
2650 2640 2931 2697 hactenus
2979 2639 3156 2711 colui,
3189 2641 3453 2697 demonia
3500 2656 3680 2713 opera

2034 2743 2203 2783 manu
2238 2729 2531 2784 hominum
2565 2729 2714 2783 facta
2748 2729 3221 2800 comprobantur.
3250 2730 3474 2785 Etenim
3499 2744 3679 2800 quan-

2034 2822 2150 2873 tam
2184 2821 2537 2888 potestatcm
2584 2815 2733 2871 idem
2766 2817 3029 2873 Salvator
3060 2816 3332 2888 apostolo
3365 2833 3471 2874 suo
3502 2819 3681 2875 Petro

2034 2904 2347 2961 contulerit
2374 2905 2429 2960 in
2449 2904 2599 2960 cmlo
2614 2910 2674 2960 et
2689 2905 2743 2960 in
2758 2910 2939 2977 terra,
2956 2905 3315 2963 lucidissime
3337 2908 3505 2962 nobis
3525 2907 3679 2963 idem

2037 2993 2388 3051 venerabilis
2414 2998 2580 3065 pater
2604 2994 2808 3065 edixit,
2834 2993 2969 3050 dum
2994 2994 3220 3052 fidelem
3240 3011 3369 3053 eum
3395 2996 3448 3053 in
3473 3011 3577 3053 sua
3599 2997 3683 3052 in-

2039 3082 2432 3152 terrogatione
2457 3083 2757 3139 inveniens
2770 3082 2915 3138 dixit
2934 3103 2945 3137 :
2968 3085 3083 3140 «Tu
3108 3099 3171 3140 es
3192 3087 3403 3142 Petrus
3422 3089 3479 3141 et
3503 3100 3683 3157 super

2033 3173 2179 3228 hanc
2218 3177 2438 3243 petram
2471 3172 2756 3229 edificabo
2807 3172 3115 3231 ecclesiam
3166 3188 3370 3245 meam,
3405 3179 3462 3230 et
3497 3179 3682 3247 portae

2036 3260 2206 3317 inferi
2239 3274 2349 3315 non
2382 3259 2784 3332 prmvalebunt
2813 3262 3093 3319 adversus
3123 3278 3271 3333 eam,
3299 3267 3355 3318 et
3393 3263 3497 3318 tibi
3529 3263 3683 3319 dabo

2035 3348 2233 3406 claves
2258 3350 2419 3420 regni
2437 3349 2714 3421 celorum,
2733 3355 2788 3405 et
2809 3351 3199 3422 quodcunque
3214 3350 3487 3421 ligaveris
3503 3366 3685 3423 super

2040 3444 2253 3495 terram
2271 3439 2381 3493 erit
2398 3437 2640 3509 ligatum
2653 3444 2712 3494 et
2735 3440 2789 3494 in
2813 3439 3061 3509 coelis,et
3083 3440 3468 3512 quodcunque
3492 3441 3686 3497 solve-

2037 3528 2118 3585 ris
2156 3543 2333 3601 super
2355 3533 2573 3584 terram
2604 3528 2719 3585 erit
2751 3529 3005 3585 solutum
3037 3534 3093 3585 et
3131 3530 3182 3585 in
3210 3530 3395 3586 cmlis.
3422 3550 3451 3582 »
3477 3530 3683 3586 Mirum

2036 3618 2144 3675 hoc
2162 3622 2251 3674 est
2269 3616 2435 3673 valde
2459 3621 2516 3673 et
2539 3616 2858 3687 gloriosum
2878 3618 2933 3673 in
2959 3626 3116 3674 terra
3144 3618 3324 3689 ligare
3342 3624 3401 3675 et
3424 3618 3679 3689 solvere,

2036 3710 2093 3762 et
2125 3707 2180 3762 in
2201 3706 2328 3763 celo
2351 3704 2592 3776 ligatum
2615 3711 2673 3763 et
2698 3705 2952 3763 solutum
2977 3722 3125 3763 esse.
3143 3709 3210 3763 Et
3236 3707 3370 3765 dum
3394 3704 3515 3765 haec
3541 3723 3685 3779 pra:-

2040 3795 2268 3852 dicante
2303 3796 2640 3852 beatissimo
2673 3795 2952 3852 Silvestro
2984 3811 3361 3866 agnoscerem
3383 3802 3441 3853 et
3468 3797 3683 3853 benefi-

2036 3884 2144 3941 ciis
2161 3884 2345 3955 ipsius
2371 3884 2524 3940 beati
2540 3883 2941 3955 Petriintegre
2957 3899 3045 3941 me
3059 3885 3294 3942 sanitati
3310 3885 3576 3958 corporis
3591 3900 3683 3942 re-

2036 3970 2887 4044 stitutum,utilejudicavimus
2902 3989 3011 4031 una
3029 3990 3159 4032 cum
3175 3975 3441 4032 omnibus
3459 3976 3683 4032 nostris

2037 4061 2293 4134 satrapis
2322 4066 2381 4117 et
2412 4061 2685 4118 universo
2718 4067 2920 4119 senatu
2952 4070 3009 4117 et
3044 4068 3259 4119 cuncto
3310 4062 3526 4135 populo
3569 4064 3681 4120 Ro-

2037 4165 2218 4206 manae
2241 4149 2441 4220 gloriae
2466 4156 2521 4206 et
2546 4150 2788 4223 imperio
2802 4152 3163 4224 subjacente,
3183 4158 3242 4209 ut
3263 4153 3412 4210 sicut
3430 4153 3485 4209 in
3501 4154 3683 4210 terris

2035 4239 2289 4297 vicarius
2323 4237 2423 4293 filii
2457 4239 2677 4294 Domini
2730 4240 2966 4297 videtur
3009 4256 3136 4297 esse
3185 4242 3562 4313 constitutus,
3597 4242 3679 4299 ita

2034 4328 2208 4383 etiam
2239 4331 2296 4382 et
2321 4327 2627 4398 pontifices
2650 4328 2745 4399 qui
2771 4328 2955 4400 ipsius
2978 4329 3260 4401 principis
3280 4329 3680 4403 apostolorum

2033 4416 2191 4473 vices
2213 4420 2443 4486 gerunt,
2472 4417 2836 4488 principatus
2858 4422 3211 4489 potestatem
3234 4418 3484 4491 amplius
3505 4434 3680 4491 quam

277 4514 678 4588 apostolorum
714 4528 817 4586 per
850 4512 1151 4569 diaconem
1186 4524 1353 4565 suum
1386 4506 1606 4564 exiberi
1633 4506 1913 4579 precepit.
1948 4505 2003 4567 D
2034 4511 2266 4562 terrena
2297 4509 2517 4561 nostrae
2559 4505 2878 4577 imperialis
2919 4507 3302 4565 mansuetudo
3335 4508 3679 4565 serenitatis

276 4604 456 4671 Quam
486 4604 619 4660 dum
655 4602 973 4673 aspicerem
1006 4604 1065 4655 et
1095 4613 1295 4653 eorum
1329 4611 1475 4667 quos
1510 4595 1563 4650 in
1606 4609 1808 4652 somno
1838 4594 1919 4651 vi-

279 4693 478 4749 deram
512 4692 798 4763 figuratos
847 4690 901 4744 in
953 4688 1096 4760 ipsis
1146 4685 1495 4755 imaginibus
1554 4684 1913 4756 aspexissem

278 4781 493 4854 vultus,
531 4779 751 4852 ingenti
801 4778 1056 4835 clamore
1105 4790 1299 4831 coram
1350 4774 1618 4830 omnibus
1664 4774 1918 4846 satrapis

276 4872 419 4929 meis
451 4871 762 4928 confessus
793 4883 918 4924 sum
950 4881 1053 4923 eos
1085 4880 1214 4921 esse
1250 4878 1397 4935 quos
1438 4864 1493 4919 in
1527 4878 1729 4919 somno
1761 4863 1919 4919 vide-

278 4976 421 5017 ram.
450 4961 534 5016 Ad
558 4960 679 5015 haec
706 4956 914 5013 indixit
939 4954 1312 5011 beatissimus
1336 4953 1639 5024 Silvester,
1658 4952 1806 5008 idem
1825 4968 1918 5024 pa-

280 5056 371 5106 ter
395 5055 619 5119 noster,
640 5047 799 5104 urbis
820 5044 1362 5115 Romaeepiscopus,
1383 5042 1547 5098 nobis
1562 5042 1917 5115 paenitentize

281 5146 511 5213 tempus
543 5137 693 5192 intra
728 5132 1005 5207 palatium
1038 5136 1301 5188 nostrum
1332 5133 1719 5187 Lateranense
1752 5131 1808 5185 in
1835 5131 1919 5200 je-

271 5228 435 5297 junio
468 5231 524 5283 et
558 5224 772 5293 cilicio,
800 5228 859 5278 ut
884 5221 1069 5278 omnia
1092 5236 1220 5292 quze
1243 5236 1272 5277 a
1297 5220 1465 5277 nobis
1489 5220 1659 5292 impie
1684 5224 1917 5291 peracta

277 5322 453 5387 atque
479 5313 695 5385 injuste
719 5311 1004 5384 disposita
1033 5312 1281 5381 fuerant,
1306 5309 1542 5380 vigiliis,
1562 5308 1815 5379 jejuniis,
1842 5308 1923 5362 la-

276 5404 546 5461 oriiniset
569 5401 937 5458 orationibus
953 5401 1103 5473 apud
1120 5401 1415 5457 dominum
1439 5403 1703 5455 nostrum
1724 5400 1919 5455 Jesum

279 5495 571 5551 Christum
623 5491 981 5550 Salvatorem
1016 5491 1181 5547 nobis
1213 5489 1416 5545 donari
1449 5489 1914 5560 impetraremus.

278 5583 493 5639 Deinde
529 5598 632 5654 per
663 5597 865 5639 manus
896 5580 1318 5652 impositionem
1352 5577 1700 5634 clericorum
1734 5592 1922 5647 usque

2031 4597 2245 4652 habere
2276 4595 2531 4666 videtur,
2555 4609 2891 4652 concessam
2934 4611 2964 4652 a
3007 4596 3176 4653 nobis
3218 4606 3535 4670 nostroque
3568 4597 3680 4653 im-

2030 4685 2193 4756 perio
2223 4684 2543 4754 obtineant,
2580 4682 2865 4753 eligentes
2898 4685 3064 4742 nobis
3111 4685 3299 4758 ipsum
3351 4686 3673 4758 principem

2030 4773 2428 4846 apostolorum
2446 4773 2538 4829 vel
2556 4773 2683 4844 ejus
2698 4773 3158 4831 vicariosflrmos
3179 4777 3332 4848 apud
3354 4777 3530 4832 Deum
3544 4790 3675 4834 esse

2028 4868 2328 4937 patronos.
2356 4862 2425 4918 Et
2448 4862 2601 4919 sicut
2633 4867 2723 4918 est
2746 4870 2941 4919 nostra
2965 4868 3201 4922 terrena
3232 4863 3552 4937 imperialis
3575 4879 3676 4937 po-

2032 4960 2053 5009 t
2089 4954 2208 5008 ntia
2238 4953 2364 5023 ejus
2396 4956 2821 5009 sacrosanctam
2872 4953 3185 5009 Romanam
3226 4953 3537 5011 ecclesiam
3573 4955 3676 5011 de-

2030 5042 2322 5099 crevimus
2355 5040 2640 5097 honorare
2690 5044 2747 5096 et
2789 5040 3038 5112 amplius
3071 5058 3239 5113 quam
3272 5047 3539 5100 nostrum
3573 5042 3676 5099 im-

2030 5131 2253 5203 perium
2286 5135 2345 5185 et
2377 5135 2671 5185 terrenum
2709 5144 2945 5199 regnum
2978 5130 3176 5187 sedem
3214 5132 3672 5189 sacratissimam

2033 5219 2184 5275 beati
2221 5219 2377 5273 Petri
2410 5218 2667 5287 gloriose
2689 5219 2971 5291 exaltare,
2990 5221 3318 5278 tribuentes
3339 5220 3391 5277 ei
3419 5226 3677 5293 potesta-

2034 5318 2147 5364 tem
2181 5312 2239 5363 et
2269 5304 2470 5376 glorize
2494 5306 2837 5377 dignitatem
2862 5314 3037 5380 atque
3066 5310 3325 5380 vigorem
3356 5313 3413 5368 et
3442 5310 3677 5368 honori-

2032 5397 2322 5454 ficentiam
2355 5396 2711 5467 imperialem
2737 5402 2911 5470 atque
2936 5399 3320 5457 decernentes
3343 5400 3666 5472 sancimus,

2031 5492 2095 5544 ut
2111 5485 2499 5558 principatum
2513 5487 2770 5558 cptineat
2787 5492 2905 5544 tam
2922 5502 3094 5561 super
3108 5491 3140 5543 4
3153 5489 3465 5562 precipuas
3480 5488 3670 5561 sedes,

2035 5574 2949 5649 Antiochenam,Alexandrinam,
2968 5578 3674 5651 Constantinopolitanam
