3940 6048
201 323 274 387 49
1448 317 1948 381 CHRONICON.
1984 355 2060 368 -
2090 321 2245 387 LlB.
2292 326 2337 390 I.
3519 335 3598 398 50

200 462 254 526 et
280 459 828 523 Jerosolimitanam.
881 475 1167 535 quamque
1207 459 1390 516 eciam
1435 470 1614 529 super
1643 469 1843 513 omnes
1867 460 1927 525 Α
1958 470 2068 528 que
2091 457 2161 515 de
2186 462 2445 532 presenti
2476 464 2876 523 contradimus
2898 464 3175 538 palatium
3218 474 3479 528 nostrum
3496 471 3597 529 La-

201 557 464 614 universo
493 557 637 613 orbe
669 560 956 611 terrarum
990 552 1085 608 Dei
1147 550 1534 608 ecclesiasEt
1573 546 1840 621 pontifex

201 647 288 719 qui
326 661 431 717 pro
465 643 929 716 temporeipsius
950 646 1343 699 sacrosanctm
1362 640 1633 695 Romanas
1648 633 1841 693 eccle-

202 735 293 793 size
324 735 614 801 extiterit,
647 732 861 790 celsior
890 736 949 788 et
976 732 1249 803 princeps
1280 724 1840 786 cunctissacerdoti-

202 824 304 881 bus
318 823 502 880 totius
520 821 716 879 mundi
741 821 979 889 existat,
1002 824 1060 875 et
1084 819 1211 889 ejus
1249 816 1474 889 judicio
1488 829 1750 887 quaequae
1765 812 1835 869 ad

199 911 415 970 cultum
448 912 548 968 Dei
580 908 1260 967 etfideichristianorum
1304 904 1688 962 stabilitatem
1708 917 1839 975 pro-

200 999 451 1058 curanda
468 1000 706 1070 fuerint,
724 998 1106 1070 disponantur
1120 995 1243 1067 (fol.
1258 988 1366 1065 2‘2).
1382 996 1609 1051 Justum
1625 991 1837 1063 quippe

200 1093 284 1145 est
318 1093 378 1146 ut
414 1088 522 1145 tibi
558 1088 651 1144 lex
667 1091 864 1145 sancta
882 1090 1057 1158 caput
1091 1088 1287 1141 teneat
1314 1082 1700 1156 principatus,
1740 1079 1837 1137 ubi

202 1176 740 1247 sanctarumlegam
765 1176 1069 1232 institutor
1093 1173 1360 1230 Salvator
1386 1176 1588 1228 noster
1604 1172 1838 1227 beatum

201 1268 429 1324 Petrum
466 1265 800 1338 apostolum
842 1263 1207 1336 apostolatus
1258 1262 1527 1333 cptinere
1574 1257 1838 1332 prccepit

199 1355 721 1412 cathedramubiet
770 1354 962 1410 erucis
994 1350 1317 1424 patibulum
1336 1350 1635 1407 sustinens
1654 1347 1840 1404 beata:

201 1444 401 1501 mortis
425 1443 673 1515 sumpsit
692 1443 984 1515 poculum,
1015 1442 1225 1513 suique
1250 1438 1517 1510 magistri
1543 1442 1601 1493 et
1621 1435 1840 1492 domini

202 1533 456 1589 imitator
499 1534 811 1605 apparuit;
843 1537 902 1588 et
934 1531 1041 1587 tibi
1072 1534 1280 1602 gentes
1315 1544 1419 1602 pro
1467 1525 1837 1585 confessione

204 1621 409 1676 Christi
462 1621 712 1678 nominis
740 1619 888 1679 colla
952 1620 1211 1690 flectant,
1259 1618 1357 1675 ubi
1398 1630 1597 1673 carum
1634 1614 1842 1671 doctor

206 1709 413 1767 Paulus
444 1709 853 1767 extensocollo
885 1726 989 1782 pro
1023 1710 1250 1767 Christo
1278 1706 1555 1778 martyrio
1575 1710 1844 1762 estcoro-

1954 550 2281 621 teranensc,
2300 554 2449 623 quod
2469 556 2739 611 omnibus
2755 555 2810 611 in
2829 560 2951 612 toto
2972 557 3114 613 orbe
3138 560 3431 615 terrarum
3456 576 3583 631 prc-

1952 636 2139 694 fertur
2168 642 2344 711 atque
2374 643 2587 699 eminet
2606 643 2869 715 palatiis;
2889 644 3097 703 deinde
3122 646 3407 719 diadema,
3432 649 3588 706 vide-

1950 724 2084 782 licet
2142 743 2417 786 coronam
2467 733 2681 803 capitis
2740 734 2945 803 nostri,
3001 735 3290 806 simulque
3354 736 3585 808 frigium

1948 827 2054 869 nec
2087 830 2195 871 non
2212 821 2268 872 et
2286 820 2746 891 superumerale,
2763 820 3038 881 videlicet
3064 822 3249 880 lorum
3268 839 3382 895 quo
3406 824 3584 898 impe-

1950 901 2092 959 riale
2116 906 2328 962 assolet
2362 907 2694 965 circundari
2717 909 2950 981 collum,
2969 926 3170 968 verum
3204 912 3586 972 etclamidem

1950 1007 2299 1063 purpuream
2324 999 2499 1067 atque
2532 998 2786 1055 tunicam
2821 999 3153 1056 coccineam
3176 1003 3232 1057 et
3284 1002 3589 1061 omniaim-

1951 1080 2190 1152 perialia
2249 1083 2583 1143 indumenta
2635 1091 2691 1144 et
2724 1090 3597 1166 omnemproccssionemimpe-

1951 1169 2113 1227 rialis
2142 1172 2414 1230 culminis
2428 1189 2531 1231 seu
2554 1179 2610 1231 et
2638 1175 2982 1245 dignitatem
3002 1177 3391 1251 imperialium
3409 1183 3594 1253 presi-

1950 1258 2212 1316 dentium
2244 1262 2504 1332 equitum
2531 1282 2545 1331 ;
2580 1266 2953 1323 conferentes
2982 1267 3157 1323 etiam
3190 1270 3248 1323 et
3273 1269 3595 1341 imperialia

1951 1353 2207 1421 sceptra,
2239 1351 2408 1408 simul
2442 1358 2612 1409 conta
2638 1359 2813 1424 atque
2858 1355 3020 1425 signa
3045 1356 3251 1413 blanda
3283 1361 3340 1413 ct
3391 1360 3583 1416 omnia

1951 1436 2179 1496 diversa
2194 1446 2531 1498 ornamenta
2565 1442 2884 1515 imperialia
2906 1446 2961 1500 et
2985 1444 3230 1515 gloriam
3253 1450 3472 1504 nostra:
3499 1463 3596 1521 po-

1955 1528 2210 1585 testatis.
2227 1529 2399 1587 Viros
2413 1531 2527 1587 ctia
2538 1546 2587 1587 m
2605 1533 3110 1591 reverentissimos
3122 1534 3368 1593 clericos
3381 1535 3594 1595 diversi

1955 1616 2178 1674 ordinis
2208 1619 2395 1676 eidem
2420 1625 2805 1678 sacrosancta}
2848 1623 3117 1679 Romanae
3176 1621 3447 1682 ecclesiae
3476 1639 3596 1683 ser-

1955 1707 2182 1765 vientes
2213 1706 2354 1765 illud
2371 1709 2621 1780 culmen,
2658 1710 3148 1782 singularitatem,
3187 1713 3509 1783 potentiam
3534 1717 3592 1771 et

203 1802 364 1855 natus
397 1817 413 1865 ;
448 1797 566 1856 illic
599 1814 780 1871 usque
815 1800 871 1855 in
898 1797 1065 1856 finem
1091 1802 1337 1871 querant
1379 1796 1702 1865 doctorem,
1739 1792 1837 1849 ubi
1873 1816 1926 1881 Β
1959 1794 2409 1866 przecellentiam
2427 1799 2641 1856 habere
2662 1800 2970 1871 sancimus,
3011 1799 3181 1870 cujus
3200 1798 3595 1874 amplissimus

203 1890 461 1944 sanctum
485 1888 737 1960 quiescit
767 1887 1027 1946 doctoris
1065 1902 1281 1960 corpus
1311 1892 1400 1953 ;et
1432 1885 1507 1942 ibi
1571 1885 1738 1957 proni
1782 1888 1838 1938 et

204 1976 485 2033 humiliati
513 1976 754 2035 celestis
771 1978 926 2049 regis
940 1976 1155 2034 domini
1172 1976 1485 2033 salvatoris
1498 1973 1684 2030 nostri
1699 1974 1836 2030 Jesu

205 2065 410 2123 Christi
448 2065 801 2123 famulentur
839 2066 1043 2137 ofﬁcio,
1072 2066 1167 2123 ubi
1191 2063 1845 2138 superhiterreniregis

207 2155 562 2211 serviebant.
585 2156 812 2212 Interea
845 2170 1018 2212 nosse
1042 2154 1310 2211 volumus
1324 2169 1547 2211 omnem
1567 2151 1843 2225 populum

211 2244 608 2300 universarum
632 2245 891 2314 gentium
924 2247 980 2299 et
998 2244 1297 2300 nationum
1324 2247 1626 2315 pertotum
1644 2243 1842 2298 orbem

214 2336 493 2389 terrarum
525 2333 921 2390 construxisse
952 2347 1059 2389 nos
1082 2333 1233 2389 intra
1279 2332 1556 2404 palatium
1582 2335 1842 2387 nostrum

210 2423 588 2478 Lateranense
616 2422 805 2479 eidem
838 2421 1116 2480 salvatori
1174 2426 1380 2477 nostro
1436 2420 1668 2477 domino
1728 2421 1845 2501 Deo

206 2512 329 2566 Jesu
362 2510 599 2567 Christo
630 2511 935 2569 ecclesiam
967 2526 998 2567 a
1044 2509 1456 2579 fundamentis,
1489 2514 1550 2566 ct
1611 2513 1677 2565 12
1739 2524 1843 2565 nos

210 2598 405 2656 sciatis
437 2598 509 2656 de
536 2598 663 2670 ejus
699 2598 1422 2657 fundamentissecundum
1456 2612 1757 2654 numerum
1780 2601 1848 2653 12

209 2687 595 2760 apostolorum
609 2689 1082 2760 cophinosterrae
1097 2693 1351 2745 onustos
1374 2686 1633 2759 prOpriis
1648 2699 1848 2756 aspor-

213 2780 358 2833 tasse
389 2776 651 2834 humeris
679 2794 695 2843 ;
714 2791 883 2848 quam
899 2780 1333 2837 sacrosanctam
1348 2774 1658 2831 eccleSiam
1672 2778 1850 2846 caput

210 2864 263 2920 et
285 2865 837 2923 verticemomnium
858 2865 1243 2923 ecclesiarum
1288 2865 1339 2920 in
1395 2864 1666 2920 universo
1706 2863 1848 2919 orbe

214 2960 499 3010 terrarum
516 2953 651 3025 dici,
670 2954 782 3011 coli
797 2958 854 3010 et
872 2954 1134 3011 venerari
1150 2959 1208 3010 et
1223 2952 1515 3025 predicari
1532 2952 1845 3021 sancimus,

210 3044 358 3100 sicut
381 3059 489 3116 per
509 3042 622 3100 alia
654 3042 1191 3116 nostraimperialia
1236 3044 1473 3099 decreta
1508 3042 1844 3098 statuimus.

205 3134 650 3191 Construximus
681 3134 857 3190 etiam
889 3132 1175 3190 ecclesias
1220 3134 1524 3189 beatorum
1568 3131 1727 3187 Petri
1786 3135 1844 3187 et
1887 3181 1927 3197 ﬁ

205 3221 363 3278 Pauli
384 3222 715 3294 principum
739 3221 1160 3293 apostolorum,
1178 3236 1323 3293 quas
1356 3236 1500 3277 auro
1516 3225 1574 3276 et
1601 3222 1847 3291 argento

208 3309 719 3383 locupletavimus,
756 3309 854 3368 ubi
884 3314 938 3366 et
967 3309 1363 3368 sacratissima
1388 3323 1849 3381 corumcorpora

211 3414 339 3456 cum
373 3414 583 3471 magno
605 3400 826 3457 honore
850 3400 1137 3457 reconden
1150 3404 1259 3469 tes,
1293 3398 1763 3470 thecasipsorum
1779 3412 1853 3453 ex

207 3488 454 3559 electro,
500 3489 594 3546 cui
619 3487 775 3547 nulla
809 3487 1525 3546 fortitudoelementorum
1560 3485 1847 3558 prcvalet,

204 3581 621 3641 construentes
656 3596 671 3645 ;
704 3592 936 3634 crucem
952 3591 1025 3633 ex
1039 3592 1183 3634 auro
1201 3576 1513 3648 purissimo
1538 3579 1592 3630 et
1608 3574 1852 3645 gemmis

207 3667 491 3738 preciosis
521 3682 624 3740 per
654 3666 915 3737 singulas
948 3681 1150 3723 eorum
1195 3666 1396 3721 thecas
1436 3678 1753 3735 posuimus,
1791 3666 1850 3720 et

204 3756 391 3813 clavis
434 3756 630 3812 aureis
688 3755 1053 3825 confiximus,
1095 3754 1192 3825 qui
1244 3769 1348 3826 pro
1406 3752 1851 3821 concinnatione

210 3843 583 3901 luminarium
608 3843 827 3916 praedia
843 3843 1268 3899 contulimuset
1293 3842 1470 3898 rebus
1490 3841 1737 3897 diversis
1751 3854 1851 3896 eas

207 3932 546 4003 ditavimus,
580 3937 642 3988 et
674 3946 778 4004 per
807 3934 1065 3988 nostram
1115 3930 1502 4003 imperialium
1528 3929 1851 4002 jussionem

208 4025 569 4078 sacramtam
601 4020 657 4077 in
680 4021 906 4076 oriente
921 4025 980 4076 et
1002 4020 1304 4077 occidente
1329 4034 1499 4091 quam
1533 4020 1585 4074 in
1623 4023 1855 4091 septen-

208 4109 453 4167 trionali
482 4114 539 4165 et
574 4107 939 4166 meridionali
992 4108 1181 4181 plaga,
1216 4108 1488 4165 videlicet
1519 4109 1573 4163 in
1631 4107 1850 4177 Iudaea,

208 4198 610 4269 Grecia,Asia,
633 4198 854 4268 Tracia,
888 4197 1101 4264 Africa,
1127 4197 1291 4254 Italia
1335 4196 1423 4253 vel
1489 4196 1740 4253 diversis
1774 4195 1855 4251 in-

208 4286 379 4357 sulis,
415 4291 677 4344 nostram
712 4286 1041 4357 largitatem
1058 4286 1574 4349 eisconcessimus,
1612 4300 1677 4342 ea
1694 4299 1854 4358 pror-

211 4389 313 4433 sus
350 4374 577 4431 ratione
602 4378 666 4432 ut
698 4388 804 4447 per
833 4388 1037 4431 manus
1085 4374 1407 4431 beatissimi
1442 4374 1626 4445 patris
1667 4371 1853 4430 nostri

214 4462 483 4520 Silvestri
509 4462 805 4536 pontificis
837 4476 1359 4533 successorumque
1388 4460 1515 4532 ejus
1538 4459 1854 4518 omniadis-

1954 1890 2151 1941 noster
2185 1890 2420 1943 senatus
2442 1887 2675 1946 videtur
2706 1887 2888 1959 gloria
2913 1889 3204 1962 adornari,
3223 1888 3280 1947 id
3310 1893 3401 1948 est
3419 1892 3598 1964 patri-

1955 1972 2082 2029 cios
2109 1979 2283 2045 atque
2307 1976 2583 2033 consules
2614 1977 2779 2049 effici,
2806 1993 2914 2034 nec
2938 1992 3047 2036 non
3079 1981 3136 2035 et
3169 1980 3389 2038 ceteris
3412 1980 3593 2050 digni-

1956 2062 2706 2135 tatibusimperialibuseos
2725 2067 3161 2138 promulgantes
3207 2068 3493 2126 decorari.
3525 2070 3593 2127 Et

1955 2151 2107 2208 sicut
2129 2157 2373 2211 ornatur
2388 2155 2709 2227 imperialis
2725 2156 2956 2227 milicia,
2975 2157 3054 2212 ita
3070 2162 3130 2213 et
3143 2156 3363 2215 clerum
3378 2163 3597 2216 sanctas

1956 2242 2223 2299 Romanae
2263 2242 2529 2304 ecclesiae
2577 2244 2771 2300 ornari
2806 2244 3200 2316 decernimus,
3226 2251 3283 2302 et
3319 2247 3590 2319 quemad-

1958 2330 2189 2387 modum
2214 2331 2536 2402 imperialia
2574 2332 2760 2390 oﬂlcia
2813 2333 3043 2392 diversa
3092 2335 3588 2394 cubiculariorum

1957 2418 2331 2477 ostiariorum
2354 2427 2411 2477 ct
2436 2422 2689 2478 omnium
2721 2424 3134 2480 excubitorum
3174 2429 3477 2495 ornantur,
3512 2424 3593 2482 ita

1956 2512 2013 2562 et
2036 2513 2292 2565 sanctam
2317 2511 2627 2566 Romanam
2651 2510 2959 2566 ecclesiam
3010 2511 3278 2567 deroravi
3322 2511 3595 2570 volumus

1957 2601 2017 2651 et
2050 2600 2111 2653 ut
2144 2597 2498 2669 amplissime
2531 2598 2850 2670 pontificali
2872 2598 3082 2656 decore
3098 2599 3463 2672 praefulgeat.
3490 2602 3593 2658 De-

1957 2684 2252 2741 cernimus
2279 2691 2336 2742 et
2371 2687 2479 2743 hoc
2513 2686 2745 2744 clericis
2766 2686 3026 2757 ejusdem
3074 2693 3295 2747 sancta
3326 2688 3596 2748 Romanae

1958 2772 2247 2844 ecclesiae,
2282 2790 2355 2830 ex
2379 2774 2814 2833 linteaminibus
2832 2776 3249 2833 candidissimo
3274 2776 3591 2836 decoreeo—

1960 2876 2085 2918 rum
2111 2863 2374 2920 decorari
2408 2878 2592 2935 equos
2624 2869 2679 2920 ct
2716 2866 2793 2920 ita
2809 2866 3097 2936 equitare,
3135 2870 3190 2921 et
3216 2866 3367 2923 sicut
3394 2871 3597 2926 noster

1960 2954 2200 3009 senatus
2232 2952 2632 3013 calciamentis
2667 2958 2851 3009 utitur
2880 2970 3011 3011 cum
3067 2954 3374 3025 udonihus,
3416 2956 3472 3012 id
3505 2959 3595 3013 est

1959 3040 2209 3098 candido
2241 3040 2572 3098 linteamine
2604 3040 2938 3113 illustrari;
2967 3048 3030 3099 ut
3061 3043 3214 3099 sicut
3245 3042 3485 3101 celestia
3518 3045 3599 3101 ita

1960 3133 2017 3184 et
2051 3131 2286 3185 terrena
2334 3129 2709 3186 decorentur.
2745 3130 2870 3187 Ρνεθ
2912 3130 3183 3187 omnibus
3208 3130 3600 3189 autemlicen-

1921 3219 1930 3233 ‘
1962 3217 2572 3290 tiamtribuentesipsi
2598 3218 2966 3275 sanctissimo
2988 3219 3362 3291 patrinostro
3386 3220 3597 3279 Silves-

1962 3310 2076 3377 tro,
2114 3306 2281 3363 urbis
2313 3308 2505 3363 Romae
2538 3307 2816 3379 episcopo
2837 3312 2895 3363 et
2925 3323 3105 3380 papae,
3136 3310 3193 3363 et
3214 3308 3484 3366 omnibus
3503 3310 3599 3381 qui

1965 3398 2094 3467 post
2117 3409 2248 3451 eum
2267 3394 2668 3452 insuccessum
2716 3397 3019 3468 perpetuis
3035 3398 3400 3468 temporibus
3430 3396 3602 3455 adve-

1962 3482 2153 3539 nerint
2180 3483 2539 3540 heatissimis
2551 3484 2943 3556 pontificibus,
2960 3500 3069 3558 pro
3092 3487 3311 3542 honore
3324 3491 3384 3542 et
3412 3485 3601 3556 gloria

1964 3571 2403 3629 Christidomini
2428 3573 2614 3629 nostri
2635 3574 2689 3628 in
2713 3573 2916 3630 eadem
2936 3589 3138 3643 magna
3181 3574 3278 3630 Dei
3311 3573 3599 3632 catholica

1961 3669 2021 3716 et
2034 3676 2061 3716 a
2074 3659 2354 3731 postolica
2372 3660 2615 3717 ecclesia
2632 3677 2703 3717 ex
2718 3662 2938 3718 nostris
2962 3662 3202 3733 inclitis,
3220 3677 3390 3734 quem
3409 3662 3597 3735 placa-

1965 3756 2058 3806 tus
2073 3749 2569 3821 prOprioconsilio
2586 3750 2871 3807 clericare
2895 3751 3143 3808 voluerit
3186 3757 3244 3808 et
3270 3752 3325 3808 in
3359 3766 3601 3809 numero

1969 3837 2379 3908 religiosorum
2411 3838 2760 3896 clericorum
2779 3839 3167 3909 dinumerare,
3205 3840 3453 3897 nulloex
3485 3854 3604 3896 om-

1964 3928 2135 3984 nibus
2151 3943 2456 4000 presumeu
2468 3932 2522 3984 te
2537 3944 2603 3985 su
2611 3943 2679 4000 pe
2691 3929 2792 3984 rbe
2809 3942 3001 3999 agerc.
3020 3929 3393 3986 Decrevimus
3407 3929 3604 4001 itaque

1962 4020 2023 4073 et
2054 4017 2159 4073 hoc
2194 4019 2255 4072 ut
2286 4016 2437 4072 idem
2473 4016 2826 4073 Venerabilis
2882 4022 3050 4089 pater
3094 4023 3291 4074 noster
3324 4017 3604 4075 Silvester

1963 4119 2221 4163 summus
2240 4106 2496 4177 pontifex
2528 4105 2620 4162 vel
2660 4121 2860 4163 omnes
2902 4108 3028 4178 ejus
3075 4122 3455 4164 successores
3483 4106 3605 4163 dia-

1965 4194 2149 4264 dema,
2186 4192 2462 4250 videlicet
2486 4209 2762 4250 coronam
2783 4211 2855 4250 ex
2881 4195 3075 4266 capite
3090 4200 3311 4265 nostro,
3328 4194 3484 4265 quod
3508 4194 3593 4251 illi

1962 4282 2385 4352 concessimus,
2404 4297 2476 4338 ex
2496 4298 2638 4338 auro
2663 4283 2977 4355 purissimo
2991 4287 3048 4339 et
3062 4282 3307 4353 gemmis
3322 4283 3607 4356 preciosis

1966 4371 2049 4428 uti
2082 4372 2333 4428 debeant
2365 4376 2420 4427 et
2463 4372 2516 4427 in
2544 4387 2651 4428 suo
2680 4372 2873 4443 capite
2896 4372 2967 4427 ad
2993 4371 3220 4428 laudem
3252 4372 3350 4429 Dei
3375 4388 3480 4445 pro
3509 4373 3608 4429 ho-

1965 4475 2104 4516 nore
2138 4459 2293 4517 beati
2324 4460 2482 4516 Petri
2505 4464 2741 4531 gestare
2774 4460 2895 4532 (fol.
2932 4460 3039 4531 23).
3076 4461 3204 4532 Ipse
3235 4476 3376 4518 vero
3402 4462 3607 4518 beatus

215 4553 526 4623 ponantur.
553 4550 813 4608 Gaudeat
861 4550 1059 4622 itaque
1084 4567 1190 4608 una
1214 4551 1515 4607 nobiscum
1538 4550 1726 4606 omnis
1759 4565 1854 4621 ρο·
1883 4549 1936 4609 D
1968 4563 2110 4621 papa
2143 4564 2314 4621 supra
2330 4564 2602 4606 coronam
2631 4549 2972 4621 clericatus,
3006 4565 3175 4621 quam
3210 4550 3362 4619 gerit
3396 4550 3465 4606 ad
3481 4550 3601 4621 glo-

214 4638 390 4711 pulus
410 4645 473 4697 et
493 4639 757 4710 gentium
789 4639 1058 4696 nationes
1090 4639 1146 4694 in
1167 4641 1439 4696 universo
1498 4640 1639 4696 orbe
1672 4642 1855 4694 terra-

219 4743 367 4799 rum,
399 4741 550 4800 quos
578 4733 919 4786 exortamus
944 4742 1146 4784 omnes
1172 4735 1236 4783 ut
1297 4728 1412 4784 Deo
1463 4734 1521 4783 et
1574 4727 1853 4784 salvatori

218 4822 419 4874 nostro
445 4818 583 4874 Jcsu
619 4816 849 4874 Christo
870 4815 1181 4874 immensas
1203 4830 1310 4872 una
1328 4816 1856 4886 nobiscumgratias

215 4904 508 4976 referatis,
545 4904 819 4976 quoniam
848 4904 969 4977 ipse
1000 4906 1151 4962 Deus
1173 4905 1228 4961 in
1253 4903 1394 4961 celis
1440 4905 1690 4977 desuper
1709 4908 1767 4961 et
1802 4905 1856 4961 in

217 4999 381 5050 terra
404 4993 678 5051 deorsum
713 5010 727 5059 ;
756 4992 853 5065 qui
885 5008 990 5051 nos
1005 5008 1106 5066 per
1128 5008 1264 5051 suos
1286 4998 1527 5051 sanctos
1558 4992 1857 5066 apostolos

210 5082 468 5140 visitans
495 5087 765 5140 sanctum
801 5083 1134 5155 baptismtis
1152 5087 1580 5140 sacramentum
1599 5082 1859 5155 percipe-

209 5185 275 5227 re
289 5170 498 5242 jussit,
514 5170 857 5242 etcorporis
871 5172 1123 5227 sanitate
1144 5171 1351 5242 dignos
1365 5169 1528 5227 effeci
1543 5170 1686 5239 t(fol.
1724 5170 1854 5243 ρξε’).

211 5261 328 5316 Pro
364 5272 475 5332 qua
510 5258 1046 5333 concedimusipsis
1062 5259 1580 5332 sanctisapostolis
1612 5261 1862 5319 dominis

210 5348 386 5418 meis,
422 5352 479 5405 et
511 5363 615 5421 per
641 5361 744 5405 eos
774 5347 951 5404 etiam
977 5349 1150 5405 beato
1178 5347 1459 5405 Silvestre
1478 5349 1630 5420 patri
1659 5354 1862 5408 nostro

212 5451 448 5493 summo
479 5435 819 5510 pontitlciet
835 5435 1145 5493 universali
1170 5437 1334 5493 urbis
1366 5426 1563 5494 Romae
1598 5454 1778 5511 papae,
1803 5443 1860 5494 et

218 5524 493 5581 omnibus
516 5524 647 5595 ejus
676 5523 1123 5581 successoribus
1152 5524 1532 5596 pontificibus
1564 5526 1863 5599 quiusque

212 5613 272 5673 in
316 5613 422 5672 line
450 5612 651 5672 mundi
679 5612 737 5669 in
770 5612 909 5670 sede
933 5612 1087 5671 beati
1118 5613 1278 5673 Petri
1310 5617 1482 5672 erunt
1516 5615 1755 5687 sessuri,
1782 5620 1866 5672 at-

1966 4638 2109 4694 riam
2126 4638 2277 4694 beati
2297 4638 2474 4709 Petri,
2495 4638 2729 4694 omnino
2750 4638 2870 4710 ipsa
2885 4654 2957 4696 ex
2971 4654 3114 4705 auro
3135 4653 3249 4693 non
3281 4643 3371 4696 est
3388 4653 3597 4711 passus

1969 4727 2050 4783 uti
2067 4742 2301 4783 corona.
2329 4727 2583 4796 Frigium
2597 4743 2735 4783 vero
2749 4727 2999 4784 candido
3017 4727 3209 4783 nitore
3234 4726 3601 4799 Splendidam

1968 4815 2459 4872 resurrectionem
2508 4815 2853 4873 dominicam
2905 4816 3236 4887 designans,
3268 4815 3605 4885 ejussacra-

1965 4904 2189 4961 tissime
2224 4903 2429 4987 vertici
2464 4905 2731 4961 manibus
2756 4906 2980 4961 nostris
3039 4903 3455 4976 imposuimus:
3490 4908 3606 4962 sta-

1968 4996 2204 5050 tuentes
2225 4992 2427 5049 eodem
2460 4994 2629 5065 frigio
2662 5010 2861 5051 omnes
2899 4993 3027 5064 ejus
3085 5006 3467 5051 successores
3489 4994 3605 5051 sin-

1966 5081 2251 5152 gulariter
2310 5082 2393 5138 uti
2441 5082 2495 5139 in
2550 5082 3025 5155 processionibus
3085 5082 3155 5138 ad
3226 5080 3608 5140 imitationem

1970 5171 2194 5243 imperii
2236 5173 2447 5229 nostri.
2480 5172 2639 5228 Unde
2685 5176 2744 5228 ut
2790 5186 2901 5226 non
2952 5170 3195 5227 vilescat
3249 5170 3598 5243 pontificalis

1971 5277 2138 5334 apex,
2190 5261 2290 5318 sed
2333 5263 2517 5331 magis
2566 5260 2813 5332 amplius
2902 5275 3073 5331 quam
3112 5262 3335 5317 terreni
3384 5261 3612 5334 imperii

1972 5351 2228 5422 dignitas
2254 5354 2315 5407 et
2336 5349 2540 5420 glorias
2595 5348 2855 5421 potentia
2914 5348 3255 5420 decoretur,
3304 5363 3443 5407 ecce
3490 5354 3604 5405 tam

1976 5440 2252 5512 palatium
2276 5445 2538 5495 nostrum
2555 5442 2615 5493 ut
2650 5435 2957 5509 pr.elatum
2974 5426 3087 5509 est,
3105 5452 3394 5510 quamque
3412 5438 3606 5495 Roma

1974 5528 2139 5585 urbis
2166 5532 2223 5584 et
2258 5540 2460 5583 omnes
2490 5525 2671 5583 [taliae
2691 5541 2796 5584 seu
2821 5526 3272 5585 occidentalium
3313 5527 3615 5597 regionum

1981 5615 2315 5689 provincias
2334 5614 2455 5671 loca
2473 5618 2532 5671 et
2549 5615 2823 5673 civitates
2838 5616 3105 5689 sepefato
3132 5613 3466 5671 beatissimo
3480 5629 3620 5689 pon-
