3940 6048
285 216 357 287 δι
1188 196 1603 291 ἨυροΝιε
1646 220 1918 284 ABBAT

2064 217 2728 284 s‘LAVINIACENSIS
3090 280 3093 281 ν
3612 226 3690 289 5‘2

288 356 763 435 tiﬁciuniversali
797 372 963 434 papae
978 354 1130 435 patri
1160 357 1667 429 nostroSilvestro
1721 360 1926 415 contra
1957 354 2009 419 A
2044 352 2197 427 apud
2230 353 2610 414 Arelatenses
2641 358 2747 414 600
2771 358 3023 428 patrum,
3085 354 3303 415 Marino
3343 356 3472 431 ejus
3522 356 3688 418 urbis

290 446 497 505 dentes
513 451 688 521 atque
708 447 1107 522 relinquentes
1119 451 1246 521 ejus
1269 448 1360 506 vel
1378 462 1786 506 successorum
1801 446 1927 517 ejus

289 536 624 608 pontificum
650 538 1005 610 potestatiet
1036 537 1274 608 ditiOni,
1294 537 1454 594 firma
1486 534 1772 608 imperiali
1795 549 1927 591 cen-

290 641 421 682 sura
458 642 562 698 per
595 628 737 684 banc
762 632 1016 685 nostram
1067 628 1378 685 divinalem
1404 640 1629 683 sacram
1682 628 1737 680 et
1799 641 1928 697 pra-

286 715 599 786 gmaticum
633 716 1017 774 constitutum
1052 716 1420 773 decernimus
1480 714 1922 786 disponendum,

289 810 463 874 atque
498 805 607 859 sub
627 805 756 875 jure
782 809 999 861 sancta}
1023 807 1292 861 Romanae
1338 803 1602 860 ecclesiae
1662 803 1927 859 concedi-

291 907 416 950 mus
439 893 914 964 permanendum.
946 894 1107 949 Unde
1167 907 1487 962 congruum
1522 893 1924 965 perspeximus

290 986 553 1038 nostrum
570 981 872 1054 imperium
889 986 947 1037 et
971 980 1133 1051 regni
1162 985 1514 1052 potestatem
1539 980 1924 1037 orientalibus

287 1070 593 1126 transferri
626 1075 686 1127 et
713 1070 1091 1127 transmutari
1126 1069 1461 1139 regionibus
1485 1069 1614 1125 etin
1648 1070 1924 1126 Bizautiaa

291 1158 601 1229 provinicze
635 1159 689 1214 in
720 1158 939 1230 optimo
971 1157 1098 1215 loco
1123 1158 1336 1214 nomini
1396 1163 1595 1215 nostro
1625 1159 1923 1215 civitatem

287 1246 544 1304 edificari
569 1251 626 1302 ct
654 1252 917 1304 nostrum
947 1247 1065 1303 illic
1089 1248 1367 1305 constitui
1400 1248 1727 1319 imperium,
1747 1264 1920 1319 quum

288 1335 381 1389 ubi
416 1336 777 1408 principatus
809 1336 1184 1393 sacerdotum
1219 1340 1276 1392 et
1315 1337 1674 1393 christianiae
1695 1336 1925 1408 religio-

286 1423 374 1480 nis
402 1429 575 1495 caput
610 1426 679 1481 ab
706 1425 1057 1497 imperatore
1109 1425 1313 1482 celesti
1367 1425 1756 1483 constitutum
1810 1431 1919 1496 est,

279 1512 498 1582 justum
524 1527 638 1569 non
669 1518 759 1570 est
793 1519 857 1570 ut
881 1514 1000 1570 illic
1036 1514 1358 1586 imperator
1406 1518 1679 1571 terrenus
1710 1516 1921 1571 habeat

286 1605 663 1672 potestatem.
697 1602 831 1659 Haec
863 1617 1003 1659 vero
1050 1603 1239 1660 omnia
1288 1618 1416 1675 quae
1474 1618 1575 1676 per
1630 1604 1775 1660 hanc
1826 1618 1923 1660 no-

283 1691 463 1745 stram
495 1689 851 1762 imperialem
880 1706 1101 1748 sacram
1134 1696 1190 1748 et
1218 1707 1319 1764 per
1352 1692 1464 1747 alia
1527 1692 1801 1748 divinalia
1827 1692 2009 1779 de-B

285 1782 450 1834 creto
482 1778 984 1852 statuimusatqne
1006 1782 1439 1852 confirmamus,
1458 1796 1642 1852 usque
1668 1782 1723 1836 in
1750 1782 1917 1837 finem

289 1868 483 1924 mundi
510 1867 732 1925 illibata
755 1874 811 1924 et
845 1871 1189 1927 inconcussa
1236 1870 1627 1941 permanenda
1661 1870 1923 1926 decerni-

286 1970 431 2013 mus.
468 1956 629 2015 Unde
663 1972 857 2014 coram
880 1960 998 2015 Deo
1024 1960 1152 2015 vivo
1184 1974 1281 2029 qui
1305 1975 1409 2014 nos
1432 1973 1676 2028 regnare
1710 1974 1924 2030 praece-

285 2045 372 2116 pit
403 2050 462 2100 et
485 2061 678 2101 coram
713 2062 839 2117 ejus
863 2047 1356 2118 terribilijudicio
1409 2048 1776 2104 obtestamur
1820 2062 1923 2120 per

285 2132 393 2190 hoc
424 2138 686 2191 nostrum
710 2135 1012 2207 imperiale
1035 2136 1424 2193 constitutum
1467 2151 1666 2192 omnes
1696 2152 1924 2194 succes-

284 2236 451 2279 sores
482 2228 714 2281 nostro;
737 2224 1124 2295 imperatores
1147 2229 1204 2280 et
1221 2229 1468 2281 cunctos
1488 2225 1804 2296 optimates
1833 2242 1922 2282 sa-

286 2316 487 2382 trapas
520 2317 575 2366 et
603 2312 1020 2385 amplissimum
1046 2320 1307 2370 senatum
1334 2318 1393 2369 et
1444 2313 1776 2370 universum
1826 2330 1923 2387 po-

286 2397 481 2469 pulum
517 2398 571 2454 in
603 2403 729 2455 toto
755 2394 895 2457 orbe
916 2404 1208 2458 terrarum
1240 2417 1392 2457 nunc
1450 2407 1509 2457 et
1530 2401 1584 2457 in
1622 2406 1918 2473 posterum

283 2487 516 2544 cunctis
539 2494 700 2545 retro
728 2490 1094 2562 temporibus
1126 2491 1368 2562 imperio
1401 2495 1606 2547 nostro
1628 2491 1922 2561 subjaccn-

288 2580 423 2646 tem,
458 2576 601 2635 nulli
626 2592 826 2634 eorum
859 2594 1093 2650 quoquo
1126 2580 1295 2637 modo
1317 2580 1496 2636 licere
1555 2580 1678 2637 hzec
1710 2597 1837 2651 qua}
1889 2597 1919 2637 a

283 2665 451 2723 nobis
491 2667 1090 2739 imperialisanctioue
1121 2676 1512 2726 sacrosanctae
1546 2671 1816 2727 Romamn
1831 2686 1922 2727 cc-

283 2752 477 2813 clesize
507 2756 887 2814 veloznnibus
910 2758 1035 2827 ejus
1066 2758 1443 2829 pontificibus
1471 2773 1754 2815 concessa
1786 2764 1919 2816 sunt

284 2843 566 2912 refragari
595 2850 694 2900 aut
719 2846 1088 2917 confringere
1119 2845 1211 2902 vel
1243 2847 1299 2902 in
1321 2861 1608 2917 quoquam
1642 2848 1922 2911 convelle-

284 2946 362 2987 re.
398 2931 454 2987 Si
485 2933 614 3003 quis
636 2938 850 3004 autem,
887 2935 1044 3006 quod
1070 2950 1182 2991 non
1215 2935 1529 3001 credimus,
1567 2935 1622 2991 in
1680 2937 1788 2992 hoc
1838 2942 1920 2993 te-

279 3025 535 3078 merator
558 3024 654 3078 aut
685 3025 1058 3096 contemptor
1085 3024 1373 3094 extiterit,
1394 3024 1614 3081 eternis
1636 3025 1847 3098 dampn
1861 3041 1918 3081 a-

2040 444 2334 516 episcopo,
2364 445 2605 502 Claudio
2638 446 2969 503 Viennensi.

2112 534 2270 589 Nono
2305 532 2485 603 igitur
2508 548 2657 589 anno
2691 537 2999 605 postquam
3063 534 3485 593 Constantinus
3510 536 3679 594 fidem

2041 620 2255 677 Christi
2282 620 2568 691 suscepit,
2591 620 2868 693 pestilens
2891 623 3130 680 morbus
3147 624 3299 680 Arrii
3325 623 3379 680 in
3396 626 3523 682 toto
3540 625 3684 682 orbe

2039 709 2418 780 diffususcst,
2458 723 2488 764 a
2519 724 2633 779 quo
2666 710 2910 767 Arriana
2970 711 3199 770 heresis
3254 712 3540 786 [HIERON].
3592 713 3677 770 Ad

2037 799 2204 870 cujus
2234 797 2534 869 perfldiam
2552 798 2970 855 destruendam
3004 800 3157 872 apud
3188 802 3407 858 urbem
3436 802 3682 860 Nicaeam

2036 889 2109 944 ab
2141 886 2468 943 Alexandro
2490 887 2529 943 I.
2567 890 2681 943 35°.
2718 902 2867 944 anno
2901 889 2972 944 ab
2996 888 3105 945 inc.
3144 891 3302 946 Dom.
3347 894 3452 947 3l9
3479 889 3544 962 τί,
3581 894 3684 949 318

2034 974 2295 1047 episcopi
2321 975 2833 1046 congregatisunt,
2868 978 3248 1049 preceptione
3276 993 3438 1051 papae
3471 977 3684 1036 Silves-

2036 1064 2136 1134 tri,
2165 1063 2261 1122 ubi
2294 1069 2354 1121 et
2385 1064 2509 1137 ipse
2538 1080 2637 1123 rex
2671 1066 3013 1123 interfuitet
3037 1066 3433 1125 hereticorum
3469 1068 3683 1126 machi-

2036 1170 2138 1212 nas
2169 1153 2414 1211 omousii
2448 1154 2821 1226 oppositione
2856 1152 3202 1213 deleverunt
3263 1154 3467 1228 (Gesta
3493 1158 3676 1230 p.13).

2037 1242 2423 1314 Congregavit
2457 1241 2502 1276 ⁷²
2532 1242 2705 1299 etiam
2730 1242 3013 1300 Silvester
3038 1259 3187 1317 papa
3236 1245 3291 1301 in
3312 1245 3469 1315 jurbe
3500 1246 3676 1303 Roma

2035 1332 2345 1390 concilium
2380 1347 2510 1390 cum
2542 1329 2787 1390 consilio
2810 1334 3043 1404 augusti
3076 1336 3164 1391 13.
3203 1333 3323 1392 Kal.
3376 1333 3513 1393 Julii
3572 1339 3680 1395 267

2034 1423 2365 1494 episcopos,
2400 1426 2458 1478 et
2490 1423 2823 1493 dampnavit
2842 1423 3053 1479 iterum
3070 1421 3403 1495 Callixtum,
3421 1424 3673 1495 Arrium,

2038 1510 2300 1568 Fotinum
2331 1516 2388 1567 et
2414 1510 2727 1567 Sabellium
2758 1514 2816 1566 et
2849 1511 3157 1568 constituit
3180 1515 3243 1568 ut
3269 1514 3679 1584 presbyterum

2037 1600 2810 1671 Arrianumresipiscentem
2832 1613 2944 1656 non
2977 1600 3347 1673 susciperent
3393 1601 3504 1658 nisi
3558 1601 3679 1675 epi-

2037 1703 2254 1761 scopus
2281 1688 2393 1746 loci
2419 1688 2754 1757 designaret
2775 1691 2835 1743 et
2864 1687 3076 1745 crisma
3111 1689 3182 1744 ab
3231 1688 3677 1762 episcopo'con-

2037 1777 2150 1847 fici,
2177 1782 2235 1833 et
2268 1782 2330 1834 ut
2355 1777 2616 1850 episcopi
2650 1777 3008 1849 baptizatum
3035 1778 3379 1850 consignent
3432 1781 3679 1852 prOpter

2035 1866 2350 1938 hereticos,
2386 1870 2442 1923 et
2467 1870 2530 1923 ut
2554 1865 2915 1938 baptizatum
2943 1880 3184 1938 puerum
3219 1867 3530 1938 presbyter
3560 1867 3673 1925 cri-

2035 1960 2220 2012 smate
2254 1954 2417 2012 liniat
2444 1960 2687 2027 propter
2709 1955 3074 2013 occasionem
3118 1956 3343 2027 mortis,
3372 1959 3430 2012 et
3454 1961 3516 2013 ut
3550 1958 3677 2013 nul-

2035 2045 2127 2102 lus
2158 2044 2346 2101 laicus
2377 2045 2595 2101 crimen
2619 2044 2834 2101 clerico
2857 2044 3065 2101 audeat
3091 2045 3324 2102 inferre.
3352 2046 3455 2103 HIC
3480 2044 3673 2118 sepul-

2035 2140 2131 2190 tus
2162 2136 2253 2191 est
2287 2134 2343 2190 in
2376 2134 2663 2191 cimiterio
2694 2133 2978 2191 Priscillae
3008 2133 3197 2206 pridie
3230 2133 3349 2190 Kal.
3405 2135 3664 2192 Januarii

2033 2238 2169 2280 vere
2183 2223 2509 2281 catholicus
2522 2227 2577 2280 et
2594 2224 2897 2281 confessor
2918 2242 2932 2291 ;
2954 2226 3010 2280 et
3026 2223 3671 2296 cessavitepiscOpatns

2035 2313 2335 2370 diebusl3
2388 2313 2697 2386 [HIEKON.].
2757 2312 3001 2370 Moritur
3054 2313 3475 2371 Constantinus
3520 2327 3670 2371 anno

2034 2402 2231 2458 aetatis
2263 2416 2383 2459 suae
2404 2404 2492 2471 65,
2528 2400 2755 2473 imperii
2781 2406 2866 2457 30.

2105 2493 2268 2547 Anno
2300 2505 2439 2547 vero
2473 2490 2545 2547 ab
2587 2490 2698 2547 inc.
2753 2491 2914 2546 Dom.
2971 2492 3066 2548 341
3116 2489 3494 2549 Constantius
3540 2507 3668 2549 cum

2033 2579 2411 2636 Constantino
2442 2583 2500 2636 et
2531 2580 2846 2636 Constante
2886 2580 3171 2637 fratribus
3205 2585 3593 2651 regnaverunt
3619 2595 3670 2638 a.

2033 2673 2122 2739 23,
2157 2684 2229 2724 m.
2262 2674 2312 2738 ὅ,
2339 2668 2505 2741 d,13.

2110 2759 2273 2813 Anno
2313 2757 2404 2813 ab.
2432 2757 2542 2813 inc.
2577 2759 2734 2814 Dom.
2771 2761 2891 2815 338.
2923 2759 3155 2830 praefuit
3188 2760 3459 2816 Romanae
3482 2759 3671 2817 eccle-

2038 2847 2139 2904 siae
2172 2846 2417 2916 Marcus,
2451 2846 2686 2903 natione
2718 2847 3029 2915 Romanus,
3058 2851 3224 2919 patre
3264 2847 3469 2905 Prisco
3505 2849 3672 2905 annis

2030 2942 2081 3003 2,
2112 2949 2182 2991 m.
2217 2939 2269 3007 7,
2306 2933 2359 2990 d.
2386 2935 2474 2991 20.
2501 2933 2656 2990 Obiit
2691 2939 2742 2991 6.
2770 2935 2910 2991 Non.
2956 2936 3191 2991 Octobr.
3230 2952 3244 3002 ;
3297 2949 3348 2991 c.
3393 2947 3445 2991 e.
3499 2935 3555 2992 d.
3611 2943 3668 2992 21

2031 3022 2316 3096 (Gestap.
2344 3023 2439 3095 Β).
2480 3022 2579 3080 Cui
2620 3023 3117 3081 suceessitJulius
3156 3024 3468 3094 Romanus,
3509 3029 3679 3096 patre

281 3077 538 3165 tionibus
555 3077 854 3181 subjaceat
874 3077 1229 3179 laedat;
1246 3077 1922 3187 ὲὶέέπὶτξίᾉέὑεῖίᾞίιῖἐιᾶ-
1952 3077 2000 3140 C
2030 3077 2497 3182 anteaante,
2531 3077 2607 3167 in.
2633 3077 2784 3182 ἐξά.
2807 3077 3129 3169 {on—ina.
3156 3077 3590 3183 attigatis“;
3618 3077 3675 3170 ἐξ

284 3211 383 3267 pes
415 3196 813 3269 apostolorum
848 3200 1004 3255 Petri
1023 3200 1459 3257 etPaulisibiin
1502 3203 1840 3274 prcsentiet
1864 3204 1917 3260 in

283 3278 401 3341 vita
414 3287 612 3343 futura
629 3289 844 3345 sentiat
860 3291 1212 3361 contrarios,
1238 3296 1294 3347 et
1325 3291 1378 3347 in
1397 3291 1623 3349 inferno
1657 3292 1919 3350 inferiori

279 3378 710 3445 concrematus,
736 3393 866 3434 cum
900 3377 1134 3435 diabolo
1166 3385 1224 3436 et
1258 3380 1530 3438 omnibus
1557 3381 1752 3455 impiis
1784 3382 1922 3438 defi-

281 3461 394 3518 ciat
418 3461 520 3534 (fol
552 3463 682 3535 23’).
712 3465 891 3535 ilujus
921 3482 1063 3523 vero
1107 3468 1427 3539 imperialis
1461 3470 1645 3526 nostri
1698 3470 1920 3527 decreti

283 3550 549 3622 paginam
585 3554 840 3626 prOpriis
872 3556 1138 3613 manibus
1172 3558 1538 3629 roborantes,
1557 3574 1735 3631 super
1758 3574 1923 3615 vene.

285 3639 470 3696 rabilc
500 3655 715 3713 corpus
766 3643 922 3699 beati
974 3645 1134 3701 Petri
1182 3647 1582 3718 apostolorum
1641 3648 1925 3721 principis

284 3727 603 3799 posuimus,
641 3730 837 3802 ibique
867 3732 1052 3789 eidem
1079 3734 1177 3789 Dei
1205 3735 1474 3808 apostolo
1505 3737 1924 3808 spopondimus

283 3831 386 3872 nos
406 3822 615 3874 cuncta
640 3818 1059 3877 inviolabiliter
1084 3824 1387 3881 custodire
1418 3842 1433 3890 ;
1458 3830 1514 3880 ct
1550 3826 1770 3882 nostris
1796 3843 1926 3884 suc-

282 3906 622 3965 cessoribus
646 3909 1102 3980 imperatoribus
1119 3912 1172 3969 in
1192 3914 1481 3971 mandatis
1515 3914 1920 3989 rclinquimus,

281 3999 340 4049 et
374 3996 714 4055 beatissimo
738 4000 891 4071 patri
927 4007 1131 4058 nostro
1173 4002 1460 4061 Silvestro
1518 4006 1761 4076 ejusque
1823 4022 1925 4079 per

285 4097 414 4139 eum
446 4085 674 4143 cunctis
706 4088 1176 4161 successoribus,
1215 4091 1445 4148 domino
1485 4094 1601 4150 Deo
1631 4099 1691 4150 et
1742 4095 1926 4152 salva-

281 4174 408 4227 tore
428 4177 631 4231 nostro
650 4176 787 4234 Jesu
813 4177 1047 4234 Christo
1068 4168 1382 4252 annuente,
1406 4182 1693 4240 tradimus
1720 4199 1924 4256 peren-

283 4259 627 4334 niteratque
644 4263 893 4341 feliciter
909 4266 1283 4337 possidenda.
1304 4271 1502 4325 Amen.
1524 4271 1809 4327 Divinitas
1826 4287 1926 4328 vos

282 4354 587 4407 conservet
623 4368 725 4423 per
759 4353 973 4411 multos
1002 4370 1202 4426 annos,
1237 4358 1590 4414 sanctissimi
1615 4364 1672 4414 et
1703 4360 1923 4416 beatis-

2031 3216 2080 3258 c.
2116 3200 2171 3257 d.
2198 3204 2284 3257 26.
2314 3202 2476 3257 Anno
2507 3200 2668 3271 regni
2702 3201 3026 3258 Constantii
3062 3204 3146 3258 13.
3177 3198 3462 3272 [Eranos].
3502 3201 3675 3259 Cons-

2034 3294 2164 3346 tans
2197 3289 2573 3360 interficitur,
2604 3294 2732 3361 post
2755 3304 2924 3360 quem
2978 3289 3356 3347 Constantius
3407 3286 3571 3347 solus
3608 3306 3684 3362 op

2031 3378 2206 3435 tinuit
2240 3378 2566 3450 imperium.
2604 3378 2814 3435 Eodem
2863 3392 3013 3435 anno
3076 3379 3345 3435 Romanae
3411 3375 3683 3436 ecclesiae

2035 3466 2435 3539 pontificatum
2460 3467 2717 3539 suscepit
2752 3466 3040 3537 Liberius,
3060 3467 3214 3524 sedit
3245 3482 3295 3523 a.
3332 3472 3384 3538 6,
3429 3482 3501 3524 m.
3537 3472 3588 3538 3,
3624 3468 3681 3525 d.

2036 3560 2068 3612 ι
2097 3554 2303 3628 (Gesta
2320 3571 2383 3628 ρ.
2420 3555 2538 3628 12.).
2574 3556 2789 3612 Dehinc
2824 3556 3095 3628 impietas
3123 3557 3365 3613 Arriana
3407 3558 3684 3614 Constan-

2035 3644 2105 3701 tii
2124 3643 2266 3701 fulta
2281 3644 2539 3716 presidio
2558 3642 2772 3715 exiliis,
2788 3645 3131 3702 carceribus
3147 3650 3207 3701 et
3222 3645 3401 3702 variis
3417 3644 3684 3701 afﬂictio-

2036 3748 2169 3791 num
2195 3732 2379 3790 modis
2411 3732 2597 3805 primo
2621 3734 3028 3804 Athanasium,
3065 3734 3274 3791 deinde
3307 3749 3506 3791 omnes
3562 3750 3674 3790 non

2037 3837 2159 3879 suae
2185 3822 2374 3894 partis
2396 3823 2720 3894 episcopos
2772 3827 3129 3895 pcrsequuta
3184 3827 3294 3880 est.
3357 3822 3670 3894 [HIERON.].

2037 3910 2390 3968 Athanasius
2417 3915 2547 3968 toto
2579 3912 2722 3968 orbe
2747 3911 2974 3982 fugiens
3006 3912 3357 3969 aMaximino
3379 3912 3683 3969 Treviren-

2036 4015 2097 4058 se
2128 4000 2472 4073 suscipitur.
2503 3998 2705 4070 (Gesta
2722 4016 2780 4073 ρ.
2810 4000 2937 4071 13.).
2970 4001 3234 4059 Liberius
3263 4016 3410 4074 papa
3431 4001 3618 4075 primo
3649 4016 3679 4056 a

2038 4089 2067 4145 (
2081 4090 2374 4146 onstantio
2388 4104 2493 4162 pro
2510 4088 2644 4146 fidei
2658 4088 3026 4147 confessione
3039 4090 3217 4147 exilio
3234 4090 3545 4161 relegatus.
3561 4092 3680 4146 lioc

2040 4179 2146 4236 fuit
2169 4194 2317 4235 anno
2341 4182 2392 4247 3,
2426 4183 2487 4234 et
2517 4178 2900 4236 substituitur
2930 4194 3060 4236 cum
3112 4179 3237 4250 ejus
3258 4179 3507 4236 consilio
3522 4178 3680 4236 Felix

2037 4266 2126 4323 vir
2162 4266 2490 4324 catholicus
2513 4271 2573 4323 et
2588 4267 2847 4326 Arrianae
2863 4268 3138 4325 hereseos
3153 4269 3545 4327 adversarius.
3572 4269 3680 4324 llic

2040 4355 2498 4413 fecitconcilium
2514 4358 2581 4414 48
2602 4355 3035 4428 episcoporum,
3051 4360 3109 4413 et
3134 4356 3347 4427 dejecit
3368 4356 3674 4415 Ursacium

285 4436 412 4494 simi
438 4443 656 4510 patres.
693 4440 899 4498 Datum
933 4443 1109 4499 Roma
1144 4446 1252 4500 sub
1291 4446 1382 4500 dic
1421 4446 1474 4502 3.
1536 4446 1921 4505 Kalendarum
1955 4450 2006 4510 Ι)
2036 4448 2097 4501 et
2128 4444 2430 4501 Valentem
2446 4445 2819 4518 presbyteros
2858 4445 3357 4503 communicantes
3396 4447 3672 4503 Constan-

284 4524 588 4597 Aprilium,
628 4527 864 4586 domino
918 4534 1122 4587 nostro
1165 4532 1358 4589 Flavio
1413 4536 1677 4604 Augusto
1715 4539 1924 4606 quater

281 4616 338 4668 et
371 4612 670 4672 Gallicano
703 4616 844 4673 viris
895 4618 1246 4677 clarissimis
1291 4622 1635 4679 consulibis.
1682 4626 1925 4681 Ambro-

282 4699 404 4758 sius
423 4701 470 4736 ⁶⁹
494 4703 549 4759 in
598 4703 750 4761 libro
785 4706 857 4762 de
883 4707 1047 4764 obitu
1072 4708 1399 4781 Theodosii,
1419 4712 1799 4769 Constantino
1813 4715 1921 4772 hoc

281 4788 336 4845 in
369 4789 591 4849 ultimis
620 4793 944 4851 consiituto
983 4796 1357 4867 baptismatis
1374 4800 1562 4869 gratia
1585 4800 1770 4857 omnia
1795 4818 1924 4875 pec-

278 4884 407 4934 cata
435 4880 748 4952 dimiserit,
786 4887 975 4940 tamen
1017 4885 1169 4956 quod
1224 4886 1445 4958 primus
1484 4889 1920 4960 «imperatorum

281 4965 556 5038 credidit,
579 4974 638 5024 ct
661 4974 794 5041 post
813 4986 873 5027 se
899 4972 1273 5030 lieriditatem
1292 4975 1424 5031 fidei
1450 4976 1811 5049 principibus
1827 4979 1922 5036 de-

280 5052 544 5126 reliquit.
578 5058 766 5128 magni
803 5059 993 5116 meriti
1018 5061 1200 5117 locum
1228 5064 1508 5135 repperit.

353 5141 519 5214 [Ano]
556 5145 718 5200 Anno
749 5145 795 5179 ⁷ο
826 5151 952 5217 post
988 5148 1098 5205 inc.
1144 5151 1305 5207 Dom.
1368 5157 1490 5210 625.
1545 5154 1597 5209 6.
1656 5154 1923 5226 Syncdus

2038 4532 2337 4602 tio.Quem
2357 4538 2561 4607 postea
2576 4532 2859 4591 Valenset
2880 4536 3168 4606 Ursatius,
3205 4534 3434 4591 favente
3464 4534 3551 4592 eis
3584 4550 3681 4591 eo-

2037 4622 2166 4680 dem
2191 4622 2532 4681 Constantio
2556 4626 2805 4695 augusto
2843 4623 3109 4703 Arriano,
3143 4622 3481 4695 dejecerunt
3524 4624 3680 4681 facto

2036 4716 2285 4772 concilio
2303 4731 2433 4772 cum
2447 4715 2743 4778 hereticis.
2760 4715 3115 4772 etLiberium
3135 4716 3206 4772 ab
3221 4715 3363 4788 ipsis
3393 4715 3650 4788 deprava
3666 4748 3684 4757 -

2034 4807 2155 4860 tum
2170 4808 2230 4860 et
2243 4805 2310 4860 ad
2326 4818 2585 4860 errorem
2600 4819 2764 4861 suum
2783 4804 3412 4875 conversum,Limenio
3426 4808 3483 4861 et
3505 4805 3672 4861 Catu-

2036 4892 2153 4949 lino
2176 4891 2533 4962 consulibus,
2554 4893 2629 4949 de
2661 4891 2840 4948 exilio
2860 4894 3095 4949 Romam
3121 4899 3569 4963 revocaverunt,
3605 4898 3669 4949 ct

2032 4979 2076 5013 ⁷³
2110 4981 2259 5038 facta
2291 4985 2384 5037 est
2416 4981 2797 5052 persequutio
2828 4981 2880 5036 in
2907 4980 3087 5052 clero,
3124 4981 3204 5038 ita
3236 4986 3302 5039 ut
3332 4981 3499 5038 multi
3529 4996 3676 5038 mar-

2036 5069 2185 5139 tyrio
2198 5066 2803 5125 coronarenturﬁelii:
2824 5084 2963 5125 vero
2975 5069 3286 5142 epiSCOpus
3306 5069 3374 5125 ha
3387 5070 3593 5127 bitavit
3620 5070 3675 5127 in

2034 5157 2252 5229 praedio
2273 5172 2397 5228 suo,
2433 5157 2529 5212 ubi
2561 5161 2619 5213 et
2643 5157 2699 5212 in
2733 5172 2874 5229 pace
2894 5157 3190 5230 quievi“.
3224 5157 3343 5214 Kal.
3390 5161 3534 5231 Aug.
3600 5159 3690 5214 Li-

1638 5305 1875 5359 VARl/E
1918 5303 2316 5361 LECTIONES.

349 5434 392 5467 ⁸⁸
424 5435 767 5495 Ambrosius
806 5441 1156 5514 --repperit
1190 5443 1257 5500 in
1283 5434 1476 5516 marg.
1521 5444 1567 5476 "°
1626 5446 1788 5500 Anno
1820 5477 1889 5486 —
1940 5445 2267 5504 Viennense
2303 5449 2372 5506 in
2396 5462 2588 5520 marg.
2614 5448 2658 5483 '“
2689 5451 3015 5507 CCCXXIIH
3060 5464 3211 5507 corr.
3269 5452 3600 5509 CCCXVIIII
3639 5467 3699 5510 c-

278 5523 323 5556 τ’
345 5522 731 5595 Congregavit
752 5558 822 5569 -
843 5529 1051 5587 diebus
1087 5534 1169 5587 l5.
1232 5532 1297 5589 in
1315 5546 1510 5603 marg.
1534 5532 1579 5565 ⁷³
1610 5538 1669 5589 et
1690 5565 1760 5573 —
1790 5534 1947 5590 Felix
1964 5537 2031 5595 in
2058 5550 2249 5609 marg.
