3936 6050
197 308 285 376 53
1465 302 1968 368 CHRONICON.
2019 342 2074 352 —-
2112 305 2262 368 LIB.
2319 308 2368 370 Ι.
3541 313 3622 374 5t

200 441 413 504 berius
442 441 644 514 itaque
694 442 1071 502 consentiens
1109 441 1452 500 Constantio
1487 444 1738 512 augusto
1764 445 1866 500 Ar-
1895 438 1952 500 A
1981 438 2200 499 cultum
2233 456 2554 502 conversus
2601 442 2960 502 christianos
3000 443 3391 516 persequitur.
3428 444 3622 504 Primo

200 533 400 603 riano,
425 548 541 592 non
566 537 790 591 tantum
811 535 1214 606 rebaptizatus
1239 540 1350 606 est,
1373 536 1475 593 sed
1501 550 1795 593 assensum
1812 537 1863 594 ei
1979 532 2108 602 ejus
2157 549 2305 592 anno
2355 535 2561 593 beatus
2609 535 2889 591 Martinus
2935 533 3205 591 milieiam
3258 535 3556 606 deserens,
3589 554 3616 593 a

197 621 487 692 praebuit,
521 627 580 679 et
607 627 809 695 postea
836 623 1069 694 prefuit
1103 625 1156 680 in
1186 630 1350 696 parte
1381 625 1548 682 annis
1569 633 1621 682 7.
1651 627 1864 685 Omnes
1981 621 2152 679 beato
2192 623 2406 679 Hilario
2454 625 2808 695 baptizatus,
2843 625 3030 681 factus
3075 629 3163 682 est
3203 625 3417 681 Christi
3452 626 3618 683 miles

197 711 346 767 anni
381 709 636 768 feliciter
657 713 711 768 in
733 713 937 769 ordine
963 714 1175 770 Liberii
1204 718 1598 772 numerantur.
1614 718 1865 774 PostLi-
1976 712 2263 782 egregius.
2299 713 2510 770 Juliani
2547 713 2757 770 blanda
2792 715 2900 771 fuit
2934 714 3330 786 persequutio,
3367 713 3616 772 iiliciens

201 799 439 856 berium
487 802 744 858 cessavit
789 802 1170 874 episcopatus
1217 803 1426 861 diebus
1473 808 1523 861 6.
1563 805 1860 863 Successit
1977 802 2158 871 magis
2191 817 2359 874 quam
2392 803 2714 875 impellens,
2743 809 2796 860 et
2842 803 3007 860 multi
3041 803 3343 860 voluntate
3378 804 3612 877 prepria

200 889 393 959 Felix,
437 891 671 947 natione
700 893 1015 954 Romanus.
1053 896 1216 963 patre
1247 896 1584 960 Anastasio;
1621 896 1775 952 sedit
1809 912 1859 953 a.
1976 895 2344 947 corruerunt.
2369 891 2632 948 Julianus
2653 907 2792 962 ergo
2823 893 2876 948 in
2908 894 3116 949 Persas
3147 893 3449 964 profectus
3480 897 3612 966 post

202 979 257 1046 l,
297 991 374 1032 m.
410 983 462 1046 3,
500 979 554 1036 d.
578 986 628 1036 2.
659 981 762 1037 llic
782 982 1105 1039 declaravit
1127 983 1526 1038 Constantium
1549 990 1863 1055 augustum
1975 980 2276 1036 victoriam
2299 997 2328 1036 a
2349 981 2658 1037 contrariis
2677 982 2946 1038 hostibus
2967 986 3295 1052 separatus,
3316 997 3345 1038 a
3363 981 3610 1054 quodam

199 1065 539 1125 hereticum
562 1073 618 1126 et
643 1071 1068 1142 rebaptizatum
1083 1071 1154 1128 ab
1171 1072 1866 1131 EusebioNichomedien-
1975 1068 2047 1124 de
2077 1070 2198 1126 suis
2226 1075 2398 1126 conto
2430 1069 2525 1126 ilia
2556 1071 2855 1143 perfossus
2884 1071 3125 1126 interiit.
3153 1072 3292 1127 Post
3325 1086 3493 1143 quem
3527 1085 3616 1130 se-

199 1170 266 1214 se
298 1157 358 1214 in
389 1159 529 1214 villa
558 1159 1026 1229 Aquilonejuxta
1052 1162 1502 1233 Niehomediam,
1530 1168 1586 1219 et
1614 1181 1718 1236 pro
1753 1165 1862 1223 hoc
1977 1160 2174 1229 quenti
2244 1159 2335 1216 die
2394 1159 2730 1216 Jovinianus
2785 1159 3240 1216 christianorum
3297 1161 3615 1232 imperator

198 1247 405 1317 capite
437 1253 754 1306 truncatur
783 1254 833 1305 3.
862 1249 998 1306 ldus
1020 1251 1348 1321 Novembr.,
1375 1256 1435 1306 et
1467 1255 1722 1311 cessavit
1745 1255 1862 1326 epi-
1973 1249 2242 1319 efficitur,
2278 1263 2447 1319 quem
2501 1249 2765 1306 Julianus
2825 1254 3090 1320 apostata
3149 1247 3360 1304 milicia
3425 1249 3609 1321 priva-

198 1340 493 1407 scopatus
552 1337 759 1394 diebus
821 1343 904 1394 38.
969 1338 1246 1410 Sepultus
1295 1344 1384 1396 est
1442 1345 1525 1396 17.
1580 1341 1700 1398 Kal.
1767 1344 1864 1398 De—
1973 1344 2157 1407 verat,
2193 1339 2324 1410 quia
2378 1339 2550 1396 idolis
2579 1339 2906 1396 sacrificare
2942 1339 3222 1395 noluisset
3256 1338 3473 1412 [Bson].
3511 1340 3615 1396 ilic

197 1425 432 1480 cembr.
1975 1427 2350 1484 Athanasium
2397 1429 2710 1484 revocavit.
2748 1431 2901 1485 Laeta
2936 1426 3062 1498 ejus
3101 1432 3157 1483 et
3190 1427 3429 1484 honesta
3460 1429 3615 1500 prin-

273 1513 662 1570 Constantius
709 1513 929 1572 Gallum
973 1531 1248 1573 caesarem
1287 1525 1558 1590 nepotem
1581 1534 1750 1577 suum
1779 1521 1860 1577 in-
1971 1517 2120 1588 cipia
2179 1533 2334 1573 mors
2368 1517 2674 1574 immatura
2705 1517 2992 1589 corrupit,
3025 1517 3271 1574 moritur
3301 1521 3351 1574 8.
3385 1516 3612 1589 imperii

201 1602 450 1658 terfecit
484 1602 814 1676 [ilrnnon..].
843 1605 1057 1661 Dehinc
1086 1604 1374 1664 Julianum
1399 1623 1672 1666 eaesarem
1698 1610 1854 1680 fecit,
1972 1620 2187 1661 mense.

198 1697 259 1746 et
294 1691 356 1746 in
392 1692 610 1748 Gallias
643 1693 877 1750 direxit.
906 1695 1195 1754 Eusebius
1215 1696 1626 1768 Vercellensis,
1653 1699 1858 1772 Dionyo
2016 1697 2203 1750 vAnno
2237 1695 2308 1751 ab
2341 1694 2743 1750 incarnatione
2775 1694 2997 1754 Domini
3028 1698 3148 1752 367.
3174 1693 3612 1753 Valentinianus

200 1782 327 1836 sius
362 1780 833 1852 Mediolanensis,
857 1788 914 1838 et
939 1784 1164 1840 Lucifer
1197 1785 1564 1843 Caralitanus
1598 1787 1858 1858 insignes
1886 1805 1940 1864 Β
1970 1784 2251 1840 successit
2282 1784 2584 1839 Joviniano
2613 1799 2741 1840 eum
2777 1784 2957 1840 fratre
2999 1783 3261 1840 Valente.
3297 1783 3508 1842 Valens
3542 1785 3614 1841 ab

200 1871 523 1927 habentur.
554 1871 856 1943 [Pnosrsn]
891 1873 1168 1929 Paulinus
1196 1875 1551 1932 Trevir-ensis
1581 1876 1635 1932 in
1666 1878 1852 1948 Frigia
1969 1873 2226 1929 Eudoxio
2240 1873 2920 1945 Nichomediaaepiscopo
2948 1873 3189 1929 Arriano
3213 1874 3615 1946 rebaptizatus

199 1959 462 2015 exulans
513 1961 783 2030 moritur,
817 1962 1160 2018 Constantio
1208 1964 1410 2020 novies
1451 1969 1507 2020 et
1538 1965 1767 2024 Juliano
1801 1975 1852 2025 2.
1968 1962 2325 2019 christianos
2355 1962 2772 2034 persequitur;
2816 1963 3078 2032 regnavit
3131 1963 3298 2019 annis
3343 1965 3610 2022 undecim

197 2047 574 2105 consulibus.
604 2050 828 2106 Lucifer
857 2049 901 2083 ⁷⁸
935 2051 1300 2110 Caralitanus
1331 2053 1465 2109 dum
1500 2055 1857 2128 rigoremju-
1970 2051 2156 2124 [A00].
2194 2049 2463 2123 Hylarius
2491 2051 2536 2086 ⁷⁷
2567 2051 2929 2108 PiclaVeDSiS
2978 2055 3031 2107 et
3080 2053 3400 2109 Nectal‘eus
3448 2053 3613 2110 Vien-

201 2137 396 2193 stitia:
445 2152 584 2208 erga
617 2138 812 2210 lapsos
839 2155 949 2196 non
980 2139 1228 2212 relaxat,
1271 2158 1301 2199 a
1336 2158 1571 2200 suorum
1604 2160 1857 2204 commu-
1967 2141 2168 2197 nensis
2213 2141 2541 2198 moriuntur
2593 2139 2809 2212 [Bsna].
2857 2140 3190 2210 Gratianus,
3224 2139 3611 2198 Valentiniani

199 2226 384 2282 nione
415 2225 665 2283 descivit
694 2227 758 2283 ⁸⁸.
1281 2271 1285 2276 .
1969 2228 2142 2299 filius,
2176 2229 2361 2286 tercio
2396 2229 2779 2286 Valentiniani
2814 2235 2874 2285 et
2903 2229 3164 2286 Valentis
3205 2245 3354 2285 anno
3387 2230 3614 2287 Ambia-

268 2315 691 2373 Priscillianus
739 2317 1106 2376 Galiiciensis
1148 2321 1462 2392 episcopus
1492 2323 1741 2380 heresim
1767 2325 1854 2381 sui
1968 2317 2057 2374 nis
2085 2318 2405 2391 imperator
2435 2319 2686 2375 efficitur
2722 2317 3030 2389 [insuam].
3069 2318 3477 2390 Athanaricus,
3512 2326 3614 2375 rex

201 2405 464 2462 nominis
495 2406 759 2462 condidit
793 2408 1070 2465 Gratiano
1101 2413 1151 2466 6.
1179 2414 1239 2465 et
1261 2411 1583 2468 Theodosio
1606 2412 1858 2469 consuli-
1967 2409 2308 2477 Gothorum,
2332 2407 2687 2463 christianos
2711 2407 3092 2479 persequitur
3112 2411 3172 2462 et
3197 2407 3412 2464 multos
3437 2407 3615 2465 inter-

201 2495 336 2550 bus.
375 2493 784 2552 Priscillianus
831 2497 886 2552 in
939 2498 1162 2569 synodo
1209 2499 1608 2569 Burdigalensi
1661 2500 1858 2574 damp-
1970 2497 2110 2566 ficit,
2142 2495 2401 2567 reliquos
2430 2495 2671 2552 sedibus
2693 2495 2950 2566 propriis
2971 2494 3171 2565 pulsos
3194 2495 3263 2551 ad
3289 2494 3475 2552 solum
3505 2497 3612 2552 Ro-

201 2583 464 2639 nandum
499 2598 561 2640 se
593 2583 928 2654 intelligens
975 2586 1045 2642 ad
1092 2588 1390 2643 Maximum
1444 2588 1853 2659 imperatorem
1967 2601 2192 2642 manum
2227 2584 2494 2656 expellit.
2531 2587 2695 2640 Anno
2743 2581 3130 2639 Valentiniani
3163 2587 3222 2638 et
3254 2582 3516 2641 Valentis
3547 2589 3604 2641 3.

203 2671 700 2742 fugit,abEvodio
719 2675 978 2745 prefecto
993 2675 1444 2746 pretoriigladio
1460 2676 1729 2735 addictus
1743 2684 1850 2735 est.
1968 2676 2248 2730 Damasus
2276 2678 2409 2744 post
2443 2671 2710 2740 Felicem,
2741 2676 2904 2744 patre
2931 2671 3198 2741 Antonio,
3221 2672 3488 2738 Romanae
3520 2687 3612 2730 ec-

204 2761 428 2818 ltacius
449 2765 508 2818 et
535 2763 804 2819 Ursatius
823 2763 1084 2835 episcopi
1106 2764 1455 2821 Priscilliani
1481 2772 1857 2826 accusatores
1966 2762 2160 2819 etesiae
2194 2761 2595 2833 pontiﬁcatum
2631 2759 2893 2832 suscepit
2927 2774 3075 2816 anno
3100 2761 3171 2816 ab
3191 2761 3302 2818 inc.
3325 2761 3484 2818 Dom.
3510 2765 3612 2819 379

201 2852 275 2908 ob
310 2865 520 2908 necem
556 2852 684 2922 ejus
714 2853 1118 2909 communione
1143 2854 1465 2924 privantur,
1489 2856 1778 2914 Archadio
1800 2863 1850 2915 2.
1966 2849 2242 2922 (Gestap.
2273 2851 2393 2918 R.).
2420 2851 2487 2906 Et
2515 2865 2643 2906 cum
2670 2849 2871 2906 eodem
2898 2848 3206 2906 ordinatus
3229 2853 3321 2906 est
3345 2849 3608 2921 Ursinus,

198 2944 257 2995 et
286 2940 506 2998 Ruﬁno
539 2940 882 2998 consulibus
914 2940 1100 3013 [Ano].
1129 2940 1396 2998 Florebat
1424 2949 1561 3001 tunc
1588 2950 1853 3016 tempore
1965 2945 2024 2996 et
2058 2941 2210 2996 facto
2241 2939 2494 2996 concilio
2524 2938 2880 2994 constitutus
2910 2942 2996 2995 est
3031 2939 3309 2995 Damasus
3367 2938 3422 2995 in
3472 2940 3610 2996 sede

197 3027 516 3086 Nectarius
547 3029 893 3086 Viennensis
923 3029 1253 3101 epiSCOpus.
1964 3028 2310 3100 apostolica,
2344 3034 2404 3085 et
2436 3027 2681 3084 Ursinus
2715 3028 2902 3084 factus
2935 3031 3023 3084 est
3056 3027 3355 3098 Neapolim
3389 3028 3611 3099 episco-

264 3117 870 3189 [813305.]Hylarius
919 3117 1283 3175 Pictavensis
1335 3135 1464 3176 cum
1517 3122 1667 3192 apud
1713 3122 1856 3178 Con-
1885 3166 1933 3227 Ο
1967 3133 2092 3190 pus.
2131 3117 2290 3174 Sedit
2323 3133 2351 3172 a
2388 3122 2474 3186 18,
2512 3132 2583 3172 m.
2620 3121 2672 3187 2,
2718 3115 2772 3172 d.
2825 3121 2875 3171 6.
2932 3116 3090 3173 Hunc
3142 3115 3500 3173 Concordius
3549 3122 3606 3173 et

264 3205 646 3227 -..A:_.-_-I:_..
679 3205 884 3227 IEL---_...
917 3221 1015 3227 ..-Α
1038 3208 1439 3227 --η-..-ι-μλξ-
1467 3211 1819 3227 _A-_A_,,-___4
1979 3210 1993 3227 Α
2022 3208 2255 3227 .I-I:----_
2289 3206 2374 3227 --λι
2413 3205 2662 3227 ρ-ιξ-ι.--
2694 3203 3265 3227 .l:---....-:_-.:.1:---
3294 3204 3359 3227 ,1-
3388 3203 3579 3227 Annis-

197 3205 651 3277 stantinOpolim
676 3205 890 3262 librum
917 3221 1021 3277 pro
1035 3221 1094 3262 se
1112 3208 1447 3264 Constantio
1467 3211 1848 3281 perrexisset,
1886 3201 1933 3227 υ
1964 3208 2258 3265 Addiscus
2289 3206 2378 3262 vel
2412 3205 2664 3262 Calistus
2690 3204 2966 3262 diacones
2987 3203 3267 3260 invidiose
3290 3204 3362 3261 de
3386 3201 3628 3262 adulte?

194 3295 263 3351 de
293 3293 483 3351 exilio
518 3293 732 3350 Gallias
757 3293 954 3362 rediit,
981 3309 1295 3364 omnesque
1321 3311 1466 3366 pene
1487 3297 1674 3355 totius
1693 3299 1854 3356 orbis
1965 3297 2032 3352 rii
2065 3296 2306 3352 crimine
2339 3299 2784 3365 accusaverunt,
2820 3308 2935 3364 quo
2963 3298 3157 3350 tamen
3211 3306 3273 3350 se
3322 3300 3607 3366 purgante

195 3382 471 3440 ecclesia:
493 3383 604 3440 sub
627 3382 855 3439 nomine
879 3382 1041 3454 pacis
1065 3382 1220 3453 regis
1243 3387 1298 3438 et
1324 3384 1699 3441 Arrianorum
1717 3400 1853 3443 con-
1964 3387 2017 3442 in
2043 3386 2266 3457 synodo
2288 3388 2394 3443 244
2415 3385 2850 3456 episcoporum,
2887 3382 2998 3455 ipsi
3024 3382 3320 3454 dampnati
3343 3386 3401 3439 et
3425 3381 3494 3439 de
3517 3397 3608 3440 ec-

197 3473 394 3530 sortio
428 3472 789 3544 polluuntur.
1963 3475 2143 3532 clcsia
2173 3473 2418 3547 projecti
2447 3472 2715 3544 laqueum
2741 3487 2909 3543 quem
2943 3471 3318 3528 intenderant
3351 3471 3609 3546 incurre-

266 3561 400 3633 (fol.
437 3561 529 3631 24)
562 3560 937 3618 Constantius
965 3574 994 3618 a
1026 3567 1111 3618 20.
1150 3562 1312 3632 regni
1347 3563 1432 3620 sui
1485 3565 1719 3620 Romam
1772 3565 1854 3620 in-
1965 3566 2118 3620 runt.
2156 3561 2337 3632 Hujus
2367 3566 2574 3630 rogatu
2606 3560 2990 3630 Hieronymus
3035 3558 3349 3630 plurimum
3403 3559 3459 3615 in
3506 3559 3606 3616 Dei

194 3652 493 3722 greditur,
530 3655 587 3706 et
634 3656 721 3708 22.
773 3665 922 3707 anno
979 3650 1236 3720 synodus
1294 3652 1445 3724 apud
1507 3653 1849 3725 Ariminum,
1964 3651 2285 3708 desudante
2319 3649 2567 3707 servicio
2597 3649 2907 3706 constituit
2942 3653 3001 3704 ut
3037 3647 3240 3719 psalmi
3283 3647 3376 3705 die
3407 3647 3607 3706 noctu-

199 3741 418 3798 deinde
451 3740 602 3811 apud
638 3739 1018 3796 Mediolanum
1054 3741 1204 3796 facta
1238 3747 1346 3809 est,
1383 3741 1437 3796 in
1471 3757 1581 3811 qua
1615 3743 1850 3813 antiqua
1965 3754 2074 3811 que
2108 3739 2161 3794 in
2195 3738 2446 3796 ecclesia
2496 3743 2868 3794 canerentur.
2903 3738 2972 3793 Et
3023 3738 3156 3807 quia
3208 3736 3607 3794 indifferenter

199 3833 305 3886 318
338 3829 751 3901 episcoporum
795 3827 937 3883 fides
959 3827 1201 3884 recitata
1226 3834 1334 3885 est.
1362 3830 1575 3887 Dehinc
1598 3831 1850 3887 omnium
1963 3829 2324 3887 canebantur
2352 3841 2423 3883 ex
2454 3829 2749 3899 praecepto
2779 3825 2963 3898 ipsius
2984 3825 3234 3896 Damasi,
3262 3825 3372 3882 hoc
3397 3826 3606 3884 beatus

201 3918 622 3989 episcoporum
641 3916 994 3972 auctoritate
1017 3916 1244 3973 heresis
1271 3919 1512 3974 Arriana
1537 3919 1850 3991 dampnata
1965 3917 2348 3988 Hieronymus
2379 3915 2466 3972 sic
2499 3914 2719 3984 divisit,
2746 3919 2812 3971 ut
2843 3913 2897 3970 in
2923 3914 3034 3970 fine
3059 3913 3261 3985 psalmi
3286 3915 3479 3970 Gloria
3512 3916 3609 3972 Pa-

203 4011 311 4063 est.
339 4005 588 4063 Moritur
624 4005 1000 4062 Constantius
1025 4020 1174 4061 anno
1197 4007 1389 4064 aetatis
1411 4022 1532 4064 suae
1552 4011 1618 4064 46
1642 4007 1847 4080 [lii-30.].
1967 4005 2061 4072 tri,
2097 4004 2237 4060 Filio
2267 4009 2327 4060 et
2357 4004 2576 4075 Spiritu
2612 4007 2818 4060 sancto
2849 4003 2922 4059 ab
2970 4003 3239 4059 omnibus
3285 4003 3602 4074 diceretur,

205 4097 340 4152 Post
372 4108 545 4166 quem
574 4093 840 4150 Julianus
869 4097 993 4150 35“!
1018 4095 1089 4149 ab
1123 4097 1386 4163 Augusto
1418 4096 1680 4165 regnavit
1712 4111 1762 4152 a.
1797 4102 1849 4167 2,
1965 4094 2306 4164 addiditque
2323 4097 2521 4164 postea
2547 4093 2702 4148 sicut
2724 4095 2848 4148 erat
2878 4092 2932 4146 in
2961 4091 3249 4163 principio
3272 4097 3332 4147 et
3354 4091 3607 4162 reliqua-

206 4197 278 4236 m.
310 4184 365 4238 8.
404 4181 506 4238 His
533 4179 578 4214 ⁷⁸
608 4180 757 4238 adde
788 4185 820 4236 6
851 4183 948 4255 qui
981 4188 1408 4253 remanserunt,
1433 4184 1493 4238 fit
1529 4200 1731 4240 ann....
1767 4201 1854 4242 re-
1965 4183 2034 4238 ad
2068 4180 2419 4238 confutanda
2452 4180 2655 4250 utique
2689 4179 2948 4235 Arrianae
2980 4178 3256 4234 hereseos
3307 4183 3604 4235 crementa

207 4275 439 4327 manent
473 4275 509 4327 2
536 4285 634 4340 m.,
668 4269 722 4326 d.
758 4275 828 4329 28
861 4271 1165 4344 [finenem].
1203 4273 1528 4342 Magnentio
1559 4274 1710 4344 apud
1744 4277 1854 4331 Au-
1966 4269 2398 4327 nefandissima.
2439 4271 2615 4325 Sexto
2637 4267 2683 4301 ⁷⁸
2706 4266 2933 4324 decimo
2967 4281 3115 4322 anno
3139 4266 3474 4338 presulatus
3502 4268 3607 4323 Da-

204 4358 607 4428 gustudunum
659 4359 978 4431 arripiente
1025 4359 1348 4432 imperium.
1386 4364 1673 4418 Constans
1714 4363 1850 4419 haut
1965 4359 2127 4430 masi,
2164 4363 2367 4416 annois
2401 4356 2658 4420 Gratiani
2691 4360 2747 4411 et
2781 4354 3192 4425 Valentiniani,
3231 4355 3487 4413 secunda
3517 4372 3608 4428 sy-

210 4447 380 4519 longe
417 4449 490 4504 ab
521 4448 793 4520 Hispania
829 4449 884 4504 in
915 4453 1114 4506 castro
1144 4440 1356 4504 Heiéna
1388 4449 1759 4522 interficitur,
1779 4453 1853 4509 ob
1964 4447 2152 4504 nodus
2212 4444 2878 4516 Constantinopolitana.
2934 4443 3092 4499 Obiit
3135 4445 3416 4501 Damasus
3460 4458 3606 4517 papa

211 4551 379 4607 quam
415 4552 537 4593 rem
577 4539 927 4618 conturbata
976 4537 1273 4608 republica
1323 4539 1632 4594 Veteranio
1674 4540 1848 4609 Missa,
1881 4525 1935 4587 D
1964 4537 2151 4610 pridie
2184 4536 2320 4592 idus
2352 4537 2680 4605 Decembr.,
2704 4540 2763 4590 et
2792 4533 3052 4590 cessavit
3079 4534 3460 4607 episcopatus
3484 4534 3610 4592 dies

213 4625 570 4698 Nepotianus
598 4627 792 4682 Romae
833 4625 1150 4696 imperator
1201 4627 1388 4684 factus
1416 4633 1528 4696 est,
1564 4627 1765 4698 Sergio
1794 4633 1850 4684 et
1964 4631 2022 4684 3|
2073 4625 2221 4697 (ἰὰ).

213 4713 485 4784 Nigriano
506 4713 849 4771 consulibus
873 4713 1178 4786 [HIERON.].
1206 4716 1513 4786 Nepotiani
1536 4722 1712 4787 caput
1735 4717 1854 4788 pilo
2035 4711 2412 4786 Temporibus
2437 4712 2615 4782 igitur
2647 4711 2872 4783 Tyberii
2905 4713 3146 4768 caesaris
3176 4726 3319 4783 gens
3343 4712 3605 4784 quaedam

213 4802 360 4860 Pisa:
391 4804 597 4860 urbem
619 4801 1406 4873 circumlatum,Vetranioni
1432 4805 1583 4876 apud
1608 4806 1854 4874 Naysum
1964 4818 2200 4874 egressa
2237 4803 2309 4858 ab
2343 4800 2533 4857 insula
2572 4801 2952 4857 Scandinavia
2999 4817 3174 4873 super
3217 4803 3436 4858 Renum
3473 4814 3610 4857 con-

125 4925 132 4930 -
213 4891 433 4961 regium
470 4891 700 4961 insigne
730 4891 1077 4948 detractum.
1112 4892 1476 4962 Magnentius
1506 4893 1659 4950 Misae
1689 4908 1857 4964 supe-
1965 4891 2379 4954 sedithita‘S.
2408 4889 2804 4961 Sigismundi).
2831 4890 2902 4945 Et
2928 4895 3189 4961 tempore
3211 4888 3604 4945 Valentiniani

213 4985 376 5036 ratus
425 4983 518 5035 est
569 4983 700 5050 post
732 4979 1100 5037 consulatum
1131 4980 1312 5051 Sergii
1346 4986 1404 5037 et
1435 4981 1709 5051 Nigriani.
1748 4983 1856 5037 Ma-
1964 4981 2033 5037 ad
2050 4981 2270 5037 Renum
2290 4993 2477 5050 usque
2494 4979 3149 5048 descendentes,castra
3167 4977 3388 5048 quzeibi
3407 4993 3609 5050 posue-

207 5067 486 5136 gnentius
503 5068 764 5138 Lugduni
790 5069 844 5123 in
872 5068 1087 5140 palatio
1113 5084 1175 5124 se
1200 5069 1516 5126 interfecit.
1546 5070 1856 5127 Decentius
1965 5065 3012 5139 runtburgas”vocaverunt,etobid
3031 5069 3383 5138 acceperunt
3399 5081 3604 5123 nomen

210 5157 392 5212 frater
422 5155 572 5226 ejus,
598 5172 767 5228 quem
800 5156 872 5213 ad
909 5157 1153 5215 tuendas
1175 5157 1387 5215 Gallias
1409 5173 1684 5215 caasarem
1713 5159 1854 5214 foce-
1965 5156 2405 5229 Burgundiones
2439 5156 2756 5228 [Faenza],
2789 5156 2884 5226 qui
2909 5160 3076 5211 antea
3104 5169 3209 5210 nec
3235 5155 3610 5213 nominaban-

210 5251 321 5317 rat,
360 5247 616 5304 Senonas
644 5246 854 5318 laqueo
884 5247 1060 5302 vitam
1094 5247 1298 5304 finivit.
1323 5249 1426 5305 Hic
1458 5248 1529 5304 ad
1563 5248 1850 5305 idolorum
1964 5251 2079 5316 tur,
2119 5245 2311 5316 ibique
2345 5244 2483 5302 nihil
2517 5243 2672 5300 aliud
2710 5243 3121 5316 presumebant
3173 5244 3279 5300 nisi
3329 5248 3606 5316 quantum

1543 5408 1794 5465 'VARIE
1836 5407 2233 5464 LECTIONES.

279 5545 329 5620 7:
352 5544 581 5620 Lucifer
609 5576 677 5587 —
707 5545 1052 5620 Viennensis
1084 5546 1397 5620 episcopus
1426 5549 1495 5605 in
1519 5561 1709 5620 marg.
1796 5547 1842 5581 ⁷⁸
1873 5547 2123 5604 descivit
2153 5545 2606 5620 corypdeseruit
2636 5561 2682 5604 c.
2751 5544 2816 5620 _“
2849 5545 2948 5603 llis
2975 5577 3045 5588 -—
3074 5545 3257 5602 finivit
3301 5548 3367 5604 in
3413 5558 3583 5616 marg

212 5614 260 5650 "'
289 5617 561 5688 Hylarius
595 5648 655 5658 —
691 5617 745 5675 d.
780 5619 813 5672 6
840 5620 908 5676 in
935 5614 1136 5692 Μαί-αἶ
1213 5617 1259 5651 ⁷⁸
1290 5614 1464 5677 Sexto
1492 5649 1559 5660 —
1590 5614 1716 5674 dies
1747 5624 1832 5677 31.
1866 5620 1934 5677 in
1957 5632 2153 5690 marg.
2237 5617 2282 5652 ⁷⁸
2312 5618 2534 5690 burgus
2560 5630 2716 5676 corr.
2751 5617 2966 5688 burgas
2996 5632 3044 5675 ο.
