3936 6050
242 235 318 300 55
1196 250 1561 317 HUGONIS
1611 250 1970 314 ABBATIS
2016 251 2699 316 FLAVINIACENSIS
3580 246 3668 310 58

246 377 448 452 precio
481 384 747 440 ementes
778 394 809 440 a
844 380 1144 443 Germanis
1175 386 1468 461 stipendia
1501 387 1887 461 accipiebant.
1921 383 1978 445 A
2011 389 2174 461 [Ano]
2210 388 2335 456 Quo
2362 386 2407 422 “
2439 393 2700 462 tempore
2730 386 3112 445 Viennensem
3152 382 3462 443 ecclesiam
3496 396 3668 455 rege.

248 469 355 527 Ubi
381 485 509 527 cum
537 470 769 529 duobus
793 474 959 531 annis
983 477 1366 549 resedissent,
1390 494 1492 551 per
1512 478 1736 548 legatos
1760 476 1895 533 invi-

252 559 355 616 tati
392 574 421 616 a
455 561 730 618 Romanis
763 568 821 619 et
855 564 1034 622 Gallis
1066 566 1160 636 qui
1189 567 1244 622 in
1270 567 1741 637 Lugdunensium
1765 582 1896 636 pro-

248 648 435 705 vincia
463 649 757 723 Cisalpina
781 652 959 710 Gallia
993 659 1218 711 comata
1254 656 1593 712 residebant
1615 655 1735 727 (fol.
1760 655 1891 728 25'),

252 736 549 796 uttributa
580 739 933 812 reipublicae
953 758 1199 800 renuere
1224 748 1485 816 possent,
1503 744 1579 799 ibi
1605 760 1735 802 cum
1759 761 1898 802 uxo-

253 825 416 883 ribus
436 831 494 884 et
519 826 721 885 liberis
733 830 879 901 jussi
906 837 1041 888 sunt
1066 832 1327 890 residere
1349 833 1515 901 (Vita
1538 834 1813 905 Sigism.),
1838 836 1897 890 et

255 914 332 971 ibi
368 924 777 974 remanserunt
826 918 1019 976 levato
1067 936 1243 993 super
1276 936 1339 979 se
1371 936 1506 993 rege
1538 923 1894 995 Gundiocho,

255 1004 351 1074 qui
386 1005 492 1062 fuit
524 1020 738 1076 genere
770 1008 1108 1066 Athanarici
1139 1012 1587 1082 persequutoris
1612 1012 1768 1082 regis
1793 1013 1902 1068 Go-

256 1093 488 1151 thorum
521 1094 699 1166 (Gem,
748 1096 883 1155 Vita
934 1099 986 1153 S.
1025 1099 1422 1173 Chrothildis).
1459 1101 1899 1158 Valentinianus

258 1188 343 1238 11.
374 1198 522 1239 anno
550 1184 711 1254 regni
737 1185 827 1242 sui
853 1185 907 1242 in
934 1187 1231 1245 Britannia
1251 1204 1574 1261 Oppressus
1601 1188 1648 1223 ⁸ο
1676 1194 1785 1260 est,
1806 1205 1903 1247 vo-

258 1271 402 1328 mitu
457 1273 753 1344 sanguinis
801 1277 1102 1334 extinctus
1143 1283 1235 1334 est
1267 1277 1573 1351 [llrznom].
1609 1279 1902 1336 Successit

258 1360 469 1418 Valens
497 1377 628 1419 cum
658 1363 931 1421 Gratiano
962 1369 1020 1422 et
1049 1364 1475 1438 Valentiniano,
1511 1367 1648 1425 filiis
1703 1368 1902 1425 fratris

260 1450 375 1520 sui,
400 1452 663 1522 regnavit
694 1451 738 1486 ”
771 1454 936 1511 annis
965 1457 1016 1526 4,
1043 1456 1139 1527 qui
1171 1462 1232 1513 et
1262 1456 1447 1527 legem
1481 1458 1581 1515 dat
1615 1461 1675 1515 ut
1708 1472 1903 1515 mona-

256 1538 349 1594 chi
381 1539 723 1612 militarent,
758 1542 1023 1600 nolentes
1061 1544 1240 1616 jussit
1294 1544 1561 1602 interﬁci.
1594 1547 1819 1604 Iustina
1856 1545 1902 1581 θ’

260 1632 477 1700 autem,
492 1630 817 1702 superioris
838 1631 1224 1690 Valentiniani
1249 1651 1415 1703 uxor,
1436 1634 1900 1693 Valentinianum

2010 480 2105 535 bat
2132 479 2458 548 Niceta,vir
2482 477 2986 550 praeclarissimus,
3006 478 3065 530 et
3087 475 3115 530 1
3124 479 3292 531 ustus
3316 473 3666 544 Lugdunen-

2010 584 2151 625 sem.
2187 568 2287 625 Hic
2320 568 2429 624 sub
2454 567 2765 624 Paschasio
2787 564 3049 621 nutritus
3062 568 3120 620 et
3143 561 3367 620 Claudii
3389 563 3661 635 episcopi

2009 658 2290 715 diaconus
2347 657 2417 712 ad
2480 658 2921 727 Lugdunensem
2974 652 3283 710 ecclesiam
3343 652 3661 722 regendam

2006 745 2333 803 translatus
2361 750 2469 803 est.
2505 744 2771 816 Synodus
2806 746 3158 815 150patrum
3180 744 3582 811 congregatur
3605 740 3660 795 in

2009 839 2154 895 urbe
2197 836 2355 905 regia
2401 837 2508 892 sub
2539 837 2784 891 Damaso
2816 847 2961 904 papa
2992 837 3053 887 et
3084 830 3361 886 Gratiano
3393 827 3662 901 principe

2006 931 2209 982 contra
2238 923 2632 981 Macedonium
2663 927 2720 979 et
2751 921 3093 978 Endoxium.
3128 916 3327 991 [leua]
3360 919 3521 973 Inter
3550 917 3663 972 Ro-

2010 1029 2207 1072 manos
2235 1019 2296 1070 et
2327 1013 2546 1070 Gothos
2578 1012 2746 1084 plura
2777 1009 3096 1068 certamina
3131 1010 3547 1064 conseruntur.

2082 1103 2386 1176 [Pnosrsn]
2423 1106 2585 1159 Anno
2614 1103 2665 1156 3.
2701 1098 2864 1169 regni
2913 1096 3219 1155 Theodosii
3270 1093 3663 1151 Athanaricus

2010 1208 2113 1249 rex
2164 1192 2505 1249 Gotthorum
2545 1204 2609 1245 se
2638 1187 2966 1245 Theodosio
2998 1185 3203 1256 tradit,
3236 1190 3298 1241 et
3329 1185 3665 1242 Constanti-

2014 1279 2271 1353 nOpolim
2294 1270 2558 1349 veniens,
2588 1292 2794 1348 magno
2812 1291 2841 1332 a
2865 1276 3127 1348 principe
3146 1273 3367 1330 honore
3383 1272 3661 1341 donatus,

2013 1377 2097 1428 13.
2124 1370 2217 1426 die
2240 1368 2485 1439 interiit,
2514 1372 2572 1424 et
2607 1366 2874 1423 Alaricus
2896 1363 3207 1434 successit,
3232 1359 3583 1419 Merabaudo
3602 1366 3667 1417 et

2012 1458 2325 1517 Saturnino
2355 1456 2714 1514 consulibus.
2743 1454 2941 1526 [Ion]
2974 1451 3289 1510 Undecimo
3317 1464 3468 1507 anno
3496 1450 3665 1521 regni

2014 1549 2104 1608 sui
2136 1549 2370 1605 Romam
2404 1547 2711 1616 ingressus
2742 1560 2874 1600 cum
2908 1542 3025 1599 filio
3057 1541 3334 1611 Honorio,
3359 1539 3522 1610 leges
3553 1538 3670 1594 Bo-

2020 1652 2320 1695 manorum
2353 1636 2581 1704 integra
2611 1633 3016 1690 emendatione
3034 1629 3315 1687 correxit.
3335 1627 3531 1701 [Beas]
3556 1627 3669 1683 Ma-

264 1731 502 1788 puerum
525 1719 595 1776 ad
611 1719 863 1778 heresim
878 1722 1256 1779 Arrianorum
1272 1724 1566 1782 declinare
1582 1727 1897 1798 persuasit,
1930 1745 1985 1807 Β
2016 1728 2223 1797 ximus,
2257 1726 2350 1782 vir
2381 1730 2657 1781 strenuus
2684 1728 2743 1779 et
2776 1727 3029 1791 augusto
3062 1719 3297 1790 dignus,
3322 1717 3435 1774 nisi
3459 1720 3666 1774 contra

262 1813 391 1864 erat
420 1808 571 1866 enim
604 1814 661 1867 et
696 1810 819 1883 ipsa
852 1812 1114 1870 Arriana.
1144 1815 1447 1887 Preceptis
1477 1830 1617 1885 ergo
1658 1817 1903 1888 impera-

261 1897 452 1969 toriis,
475 1898 735 1957 Arrianis
752 1899 1064 1959 traduntur
1081 1903 1431 1974 eeclesiae,et
1449 1905 1501 1961 in
1518 1905 1905 1963 mediolanen-

264 1986 312 2041 si
347 1986 597 2044 ecclesia
620 1987 665 2021 ⁸³
688 1990 1011 2049 Auxentius
1036 1999 1412 2064 promovetur
1428 1994 1744 2051 hereticus.
1761 1996 1903 2053 Post

262 2075 432 2147 cujus
454 2090 645 2134 seram
659 2082 903 2135 mortem
920 2081 1225 2138 Ambrosio
1246 2082 1524 2155 episcopo
1545 2083 1741 2141 divino
1762 2088 1905 2141 nutu

267 2166 617 2238 constituto,
641 2182 772 2224 cum
806 2168 861 2224 in
891 2183 1022 2225 eum
1054 2170 1213 2240 regia
1246 2171 1580 2228 desevirent
1613 2172 1903 2244 mandata,

266 2256 323 2309 et
360 2270 468 2312 una
502 2270 615 2327 quo
646 2256 875 2314 Arriani
907 2259 1285 2316 convenirent
1320 2264 1622 2332 peteretur
1664 2262 1906 2320 basilica

270 2360 373 2401 nec
407 2345 843 2418 impetraretur,
877 2347 1246 2421 populusque
1275 2350 1532 2409 civitatis
1562 2352 1905 2409 observaret

270 2435 662 2508 Ambrosium,
688 2450 759 2494 ne
789 2437 845 2494 vi
878 2441 1083 2510 raptus
1114 2440 1186 2496 ab
1216 2439 1463 2498 ecclesia
1496 2441 1670 2499 exilio
1703 2442 1910 2513 religa-

269 2526 449 2580 retur.
482 2539 808 2581 sermonem
840 2527 1064 2598 habuit,
1100 2542 1270 2599 quem
1303 2528 1373 2585 de
1402 2531 1709 2587 tradendis
1760 2531 1910 2587 basi-

263 2611 396 2670 licis
425 2616 629 2703 contra
659 2614 1011 2671 Auxentium
1047 2616 1450 2688 praetitulavit,
1473 2632 1642 2689 quem
1666 2620 1799 2689 quia
1819 2619 1910 2676 his

266 2707 488 2759 nostris
502 2702 869 2774 temporibus
882 2718 1207 2773 congruere
1222 2705 1456 2776 scimus,
1473 2707 1606 2763 huic
1629 2706 1911 2778 opusculo

266 2787 582 2847 adnectere
615 2789 952 2847 curabimus
982 2792 1115 2863 (38).
1150 2793 1326 2850 Tanta
1360 2794 1510 2850 enim
1545 2796 1752 2852 beatus
1784 2798 1913 2853 Am-

268 2877 519 2949 brosius,
553 2892 685 2935 cum
719 2878 973 2950 undique
1002 2880 1245 2936 Iustinae
1297 2882 1555 2939 Arrianze
1604 2884 1822 2953 regium
1854 2886 1911 2939 et

271 2966 428 3037 regis
460 2971 839 3039 appeteretur
870 2967 1120 3040 insidiis,
1155 2969 1209 3025 in
1243 2970 1493 3027 ecclesia
1536 2972 1636 3029 Dei
1687 2970 1914 3029 labora-

270 3054 350 3113 vit
384 3058 439 3112 et
472 3055 777 3114 desudavit
810 3055 1116 3127 industria,
1150 3062 1213 3115 ut
1244 3074 1348 3130 per
1376 3074 1506 3116 eum
1538 3060 1607 3117 ad
1643 3059 1911 3117 ultimum

273 3148 448 3202 rectas
473 3144 607 3201 fidei
629 3147 755 3201 tota
778 3144 1331 3217 subdereturltalia,
1349 3148 1501 3205 Gens
1526 3148 1703 3219 igitur
1727 3151 1915 3207 Huno-

272 3249 397 3291 rum
430 3232 528 3290 diu
552 3233 871 3290 inaccessis
891 3235 1120 3292 reclusa
1146 3237 1439 3294 montibus
1464 3236 1683 3310 [Osos],
1710 3253 1916 3310 repen-

268 3322 390 3379 tina
414 3319 577 3378 rabie
600 3322 821 3393 percita
846 3323 1067 3380 exarsit
1090 3323 1145 3380 in
1168 3326 1408 3396 Gothos,
1424 3340 1643 3397 eosque
1668 3326 1913 3398 sparsim

268 3411 652 3468 conturbatos
681 3411 754 3467 ab
785 3412 1043 3483 antiquis
1076 3414 1315 3471 sedibus
1336 3414 1521 3487 pellit.
1552 3416 1723 3473 Gothi
1751 3430 1913 3486 vero,

273 3499 522 3556 transito
538 3500 800 3557 Danubio
824 3501 1135 3571 fugientes,
1155 3519 1184 3559 a
1208 3504 1449 3561 Valente
1474 3504 1599 3561 sine
1624 3520 1915 3562 armorum

270 3586 636 3661 depositione
659 3593 793 3646 sunt
815 3590 1075 3662 suscepti
1101 3590 1317 3664 [BEDA].
1347 3593 1589 3665 Moxque
1608 3609 1711 3666 per
1733 3594 1918 3651 avari-

270 3676 421 3733 ciam
448 3677 673 3735 Maximi
699 3676 866 3735 ducis
890 3678 1037 3735 fame
1055 3680 1128 3737 ad
1152 3679 1552 3740 rebellandum
1566 3683 1775 3754 coacti,
1796 3684 1919 3739 fun-

272 3763 494 3822 duntur
527 3765 582 3822 in
612 3766 833 3838 Tracia,
867 3767 1143 3839 victoque
1175 3768 1435 3827 Valentis
1457 3771 1721 3828 exercitu
1746 3771 1918 3828 simul

274 3854 465 3911 omnia
489 3854 770 3927 caedibus,
792 3856 1077 3915 incendiis
1102 3858 1434 3930 rapinisque
1463 3859 1740 3917 fuderunt
1770 3860 1919 3932 [llis-

278 3943 456 4016 non.].
484 3946 615 4017 lpse
649 3944 988 4017 imperator,
1006 3946 1132 4003 suis
1157 3962 1343 4018 usque
1366 3947 1436 4004 ad
1462 3948 1917 4006 internecionem

274 4033 452 4106 cesis,
488 4048 618 4092 cum
651 4034 865 4105 sagitta
897 4035 1134 4093 saucius
1167 4035 1414 4107 fugeret,
1434 4041 1492 4094 et
1518 4037 1721 4095 dolore
1744 4038 1919 4096 nimio

278 4137 417 4196 sepe
440 4137 591 4196 equo
616 4122 935 4193 laberetur,
954 4124 1024 4181 ad
1047 4125 1326 4197 proximae
1338 4125 1556 4184 villulae
1579 4126 1917 4186 casellulam

274 4212 628 4287 deportatus
658 4218 752 4271 est
776 4214 993 4288 [Bson].
1017 4214 1140 4282 Quo
1164 4215 1609 4288 insequentibus
1631 4217 1915 4287 barbaris,

278 4300 513 4359 incensa
549 4302 741 4373 domo,
765 4302 1071 4375 sepultura
1094 4304 1306 4372 caruit,
1329 4305 1576 4361 eundem
1599 4305 1820 4361 habens
1841 4305 1921 4361 lo-

273 4403 405 4447 cum
435 4392 494 4445 et
528 4389 737 4446 mortis
765 4393 823 4445 et
858 4390 1141 4462 sepulcri,
1176 4406 1227 4447 a'
1263 4393 1423 4448 Dom.
1459 4395 1580 4449 377.
1605 4423 1648 4432 -
1706 4391 1923 4449 Gratia-

1945 3104 1995 3166 C

2018 1814 2368 1873 sacramenti
2404 1812 2573 1869 fidem
2596 1827 2699 1883 per
2720 1807 3089 1881 tyrannidem
3111 1806 3460 1865 emersisset
3479 1804 3546 1875 “,
3573 1820 3670 1861 eo-

2018 1906 2149 1961 dem
2179 1918 2328 1960 anno
2362 1902 2418 1958 in
2451 1900 2735 1957 Brittania
2769 1898 2988 1954 invitus
3018 1898 3090 1954 ab
3120 1894 3389 1953 exercitu
3421 1894 3671 1966 impera-

2019 2000 2114 2050 tor
2144 1998 2399 2062 ereatus,
2437 1993 2490 2047 in
2526 1989 2770 2047 Galliam
2800 1987 3057 2057 transiit,
3091 1985 3289 2058 ibique
3326 1983 3667 2041 Gratianum

2019 2088 2332 2153 augustum
2367 2080 2521 2137 dolis
2549 2079 3011 2137 circumventum
3044 2074 3307 2145 Lugduni
3347 2071 3665 2129 interfecit.

2019 2171 2180 2228 Unde
2210 2169 2254 2203 ⁸⁸
2281 2169 2654 2226 iheronimus
2687 2187 2699 2221 :
2739 2191 2764 2215 α
2798 2168 3067 2223 Cruenta)
3090 2164 3172 2221 ait
3194 2165 3399 2220 manus
3418 2160 3668 2231 ve;tigia

2024 2261 2277 2333 parietes
2323 2258 2409 2315 tui
2460 2258 2736 2327 Lugdune
2766 2254 2810 2289 ⁸⁷
2844 2258 3135 2312 testantur
3186 2258 3294 2326 (ep.
3329 2251 3439 2322 60).
3469 2273 3498 2301 ι)
3536 2251 3671 2305 Fra-

2021 2355 2287 2419 tremque
2341 2348 2469 2418 ejus
2523 2343 2992 2401 Valentinianum
3059 2339 3226 2397 Italia
3301 2336 3551 2411 expulit,
3608 2344 3667 2393 et

2019 2438 2315 2494 Victorem
2366 2434 2546 2491 filium
2590 2448 2757 2491 suum
2808 2430 3085 2499 instituit,
3121 2429 3220 2500 qui
3266 2427 3469 2485 eodem
3517 2439 3671 2483 anno

2022 2543 2135 2598 quo
2195 2525 2472 2583 Maximus
2522 2523 2756 2580 occisus
2803 2525 2895 2578 est
2941 2521 3014 2576 ab
3065 2520 3411 2590 Arbogaste.
3450 2515 3670 2588 [Βεως

2020 2616 2327 2687 Pnosrzn].

2095 2708 2256 2763 Hunc
2285 2703 2331 2737 ⁸⁸
2358 2717 2498 2773 ergo
2530 2702 2837 2758 Maximum
2880 2697 3219 2755 Ambrosius
3249 2710 3278 2753 a
3311 2695 3674 2753 communio-

2025 2796 2113 2851 nis
2131 2792 2429 2851 consortio
2450 2789 2802 2861 segregavit,
2820 2800 3155 2845 ammonens
3166 2790 3230 2843 ut
3253 2783 3421 2843 effusi
3438 2784 3674 2854 sangui-

2024 2884 2113 2942 nis
2145 2882 2359 2940 domini
2392 2881 2481 2938 sui
2511 2884 2568 2935 et
2600 2878 2753 2951 quod
2785 2882 2872 2934 est
2893 2876 3133 2946 gravius
3158 2873 3488 2931 innocentis
3512 2873 3673 2945 peni-

2025 2973 2267 3030 tentiam
2300 2974 2520 3041 ageret.
2558 2968 2667 3025 Sed
2698 2982 2828 3023 cum
2860 2965 2958 3022 ille
3000 2964 3380 3036 penitentiam
3414 2960 3671 3019 declinat

2025 3062 2319 3134 superbus
2352 3058 2584 3131 spiritu,
2603 3070 2715 3113 non
2740 3054 2928 3111 solum
2955 3053 3207 3108 futuram
3230 3050 3333 3108 sed
3356 3055 3416 3106 et
3440 3064 3676 3121 presen-

2028 3156 2143 3206 tem
2176 3148 2426 3205 salutem
2458 3145 2671 3203 amisit.
2709 3144 2920 3200 Contra
2950 3155 3124 3213 quem
3165 3137 3523 3196 Theodosius
3568 3153 3677 3210 pu-

2025 3238 2245 3310 gnavit,
2280 3242 2341 3292 et
2371 3251 2441 3292 eo
2474 3233 2810 3297 interfecto,
2837 3229 3303 3287 Valentinianum
3335 3240 3516 3297 regno
3549 3241 3670 3282 res-

2027 3328 2192 3385 tituit
2243 3324 2489 3398 [Onos.],
2526 3321 2782 3395 peractis
2830 3334 2860 3375 a
2906 3318 3240 3375 conditione
3287 3315 3483 3373 mundi
3534 3318 3678 3372 5690

2028 3417 2214 3485 annis,
2251 3414 2347 3486 qui
2402 3413 2553 3485 apud
2598 3411 2875 3466 Viennam
2933 3422 3083 3463 anno
3129 3404 3399 3476 sequenti
3448 3402 3677 3460 scelere

2030 3503 2373 3575 Arbogastis
2404 3499 2637 3559 comitis
2669 3497 3016 3555 interfectus
3038 3498 3129 3552 est
3154 3495 3311 3565 (lnar
3330 3494 3440 3565 Ep.
3468 3492 3578 3564 60).
3608 3493 3675 3548 Et

2029 3596 2099 3652 do
2130 3595 2239 3651 hoc
2267 3589 2639 3648 Jheronimus
2674 3607 2685 3642 :
2724 3611 2750 3636 ι
2775 3585 3155 3654 Adolescens,
3184 3582 3392 3653 inquit,
3421 3580 3678 3637 Valenti-

2029 3684 2237 3740 niunus
2259 3694 2407 3753 pene
2431 3692 2575 3750 puer
2598 3681 2729 3750 post
2756 3676 2970 3745 fugam,
2988 3677 3120 3745 post
3143 3670 3337 3742 exilia,
3358 3673 3492 3743 post
3511 3683 3681 3726 recu-

2032 3775 2295 3845 peratum
2326 3767 2510 3825 multo
2541 3764 2822 3835 sanguine
2856 3761 3183 3834 imperium,
3208 3760 3348 3816 haut
3376 3755 3582 3831 procul
3603 3759 3678 3814 ab

2030 3862 2173 3918 urbe
2206 3860 2479 3915 fraternae
2504 3854 2551 3889 ⁸⁹
2579 3854 2788 3910 mortis
2816 3850 3048 3909 conseia
3080 3852 3325 3906 necatus
3352 3851 3462 3917 est,
3492 3850 3551 3902 et
3585 3861 3681 3903 ea-

2030 3950 2207 4008 daver
2220 3946 2486 4005 exanime
2504 3944 2841 4001 infamatum
2866 3939 3177 4013 suspendio
3200 3937 3419 4009 [Bentl].
3441 3958 3466 3984 -
3495 3935 3679 3991 Annis

2033 4043 2092 4097 ll
2120 4035 2502 4100 Theodosius,
2528 4032 2862 4091 viventibus
2880 4028 3157 4086 Gratiano
3173 4032 3233 4083 et
3249 4023 3676 4093 Valentiniano,

2032 4128 2328 4185 Orientem
2362 4124 2538 4194 rexit,
2563 4126 2693 4195 post
2727 4123 2970 4177 mortem
3003 4131 3205 4174 eorum
3227 4120 3261 4173 6
3282 4114 3449 4172 annis
3476 4128 3684 4184 regna-

2030 4217 2133 4274 vit.
2170 4218 2364 4288 Ipsum
2395 4213 2441 4247 '°
2473 4224 2703 4283 quoque
2746 4208 3008 4282 prefatus
3057 4203 3423 4262 admirabilis
3469 4201 3683 4260 doctor

2033 4302 2379 4363 Ambrosius
2409 4302 2481 4359 ab
2519 4300 2789 4370 ingressu
2819 4294 3084 4354 ecclesia
3117 4298 3178 4351 et
3207 4308 3237 4349 a
3269 4289 3680 4350 communione

2032 4400 2532 4451 sacramentorum
2565 4379 2670 4461 pro
2702 4385 3053 4459 quibusdam
3092 4381 3435 4440 excessibus
3486 4377 3686 4452 prohi-

275 4491 385 4537 nus
412 4482 605 4536 autem
638 4491 769 4535 cum
804 4479 984 4535 fratre
1015 4479 1424 4539 Valentiniano
1456 4481 1720 4553 regnavit
1754 4482 1919 4541 annis
1949 4466 2003 4528 D
2034 4482 2201 4549 buit;
2237 4480 2390 4554 quod
2420 4479 2501 4535 ita
2529 4474 3025 4537 clementissimus
3052 4473 3374 4545 imperator
3421 4467 3680 4540 gratanti

200 4638 203 4641 ν
276 4572 328 4637 6,
355 4581 385 4622 a
420 4580 533 4639 quo
562 4564 922 4626 Theodosius
951 4566 1177 4626 electus
1210 4570 1267 4625 in
1292 4570 1615 4643 imperium,
1640 4571 1921 4629 maximas

278 4654 411 4713 illas
442 4654 732 4714 Scithicas
785 4661 1015 4729 gentes,
1051 4658 1109 4715 id
1153 4662 1243 4716 est
1293 4659 1664 4730 Alemannos,
1701 4662 1919 4733 Hunos,

280 4745 516 4816 Gothos,
552 4745 777 4818 magnis
808 4745 1123 4820 multisque
1148 4747 1366 4821 praeliis
1400 4748 1567 4805 fudit.
1605 4748 1780 4821 Cujus
1812 4751 1925 4806 vir-

278 4839 463 4892 tutem
499 4838 560 4891 et
588 4835 963 4894 concordiam
995 4851 1108 4894 non
1144 4837 1402 4894 ferentes
1425 4837 1676 4908 Arriani,
1704 4842 1833 4911 post
1857 4842 1924 4896 to

279 4935 462 4979 annos
513 4922 823 4996 ecclesias,
873 4938 1020 4997 quas
1065 4926 1121 4983 vi
1170 4929 1504 4998 tenuerant,
1538 4926 1921 4999 reliquerunt.

2035 4572 2227 4630 animo
2255 4569 2518 4642 suscepit
2548 4571 2610 4626 ut
2643 4564 2935 4640 publicam
2970 4562 3348 4636 penitentiam
3380 4572 3491 4615 non
3511 4556 3686 4612 abor-

2037 4664 2215 4718 reret.
2241 4659 2558 4716 Interfecto
2584 4660 2778 4714 autem
2816 4652 3224 4711 Valentiniano
3258 4649 3522 4719 augusta)
3564 4659 3682 4699 me-

2037 4750 2236 4807 moriae
2260 4749 2316 4804 in
2341 4744 2898 4815 annisjuvenilibus,
2916 4740 3209 4811 Eugenius
3222 4735 3482 4808 suscepit
3502 4733 3683 4804 impe-

2037 4840 2207 4908 rium,
2236 4836 2331 4908 qui
2367 4834 2498 4907 quia
2533 4834 2603 4891 de
2628 4831 2955 4903 repetenda
2979 4844 3077 4885 ara
3106 4825 3380 4885 Victoriae
3412 4838 3473 4879 se
3507 4820 3685 4879 sacri-

2040 4926 2191 4997 legio
2225 4925 2479 4995 miscuit,
2506 4921 2842 4979 Ambrosius
2874 4933 3111 4976 munera
3143 4917 3269 4987 ejus
3291 4911 3512 4986 sprevit
3535 4918 3590 4967 et
3606 4910 3680 4965 ab

1634 5053 1870 5108 VARIAS
1912 5050 2308 5107 LECTIONES.

350 5170 477 5249 f°_o.
517 5187 566 5229 e.
602 5174 667 5230 in
694 5187 885 5249 marg.
921 5174 1040 5249 “‘r.
1077 5189 1127 5231 a.
1162 5176 1318 5249 4.1m.
1344 5190 1538 5249 marg,
1570 5175 1615 5210 ⁸³
1642 5177 1867 5233 Iustina
1899 5208 1969 5217 —
2014 5175 2180 5232 Italia
2228 5177 2292 5249 έῃ
2327 5186 2529 5249 piam.
2564 5170 2609 5203 ⁸⁸
2656 5168 2921 5249 ecclesiae
2948 5180 2997 5225 σ.
3027 5165 3072 5197 ⁸⁶
3103 5165 3326 5249 Ωυο,-ς
3355 5158 3681 5249 ιῖἒηξξὲξυξ

281 5245 1265 5349 sitiem-.:<sersisate-."
1281 5248 1428 5349 ,υηαι

328 5372 333 5377 ,
359 5317 521 5371 Frnae
552 5329 600 5372 c.
630 5317 676 5349 '°
704 5318 898 5389 Ipsum
927 5347 995 5356 —
1029 5317 1375 5376 interfectus
1405 5320 1473 5376 in
1501 5334 1690 5391 marg.

727 5244 773 5278 ⁸⁸
798 5233 1120 5302 θ’ἱιθνεὶεεθι
1146 5261 1193 5304 c.
1220 5245 1265 5279 ⁸⁸
1296 5233 1546 5304 Unde:
1585 5253 1878 5304 testantur
1907 5249 1970 5304 in
2009 5261 2200 5317 nam.
2236 5245 2281 5279 ⁸⁷
2327 5233 2603 5313 ῐλιιεᾶιιιω
2635 5256 2682 5312 c,
2729 5239 2774 5273 ⁸³
2819 5240 2981 5295 Hunc
3021 5268 3087 5277 —
3132 5233 3326 5291 amisit
3375 5234 3444 5291 in
3484 5242 3678 5299 marg-

1870 5438 2093 5496 NOT/E.

359 5564 468 5635 (39)
504 5565 788 5622 Ambrosii
825 5566 1066 5638 cpistola
1100 5571 1161 5624 Sal
1199 5566 1271 5624 ad
1302 5564 1791 5623 Valentinianum.
1820 5567 2021 5623 Sermo
2053 5568 2255 5624 contra
2289 5562 2638 5622 Auxentium
2670 5562 2739 5631 ll,
2771 5564 2892 5615 863.
