3936 6050
284 246 363 310 59
1233 249 1602 317 HUGONIS
1646 251 1997 317 ABBATIS
2037 197 2721 323 FLAVINlACENSlS
3596 243 3684 310 ϐο

285 387 668 463 deprehendit
695 386 840 449 duas
863 390 1126 463 hereses,
1141 394 1200 448 et
1223 392 1298 448 ob
1320 390 1378 448 id
1420 389 1573 447 misit
1597 388 1668 447 ad
1690 387 1919 446 fidelem
1950 385 2007 450 A
2040 392 2332 468 principes
2353 392 2578 453 scilicet
2619 398 2679 451 et
2704 390 3016 466 pontifices
3066 387 3311 449 Arriano
3339 402 3501 447 caeno
3550 399 3689 446 sor-

289 478 607 552 principem
632 481 1003 553 Marcianum,
1037 484 1094 539 et
1127 482 1279 537 facta
1320 479 1782 537 collacionecum
1834 492 1924 534 eo-

288 569 417 626 dem
443 570 724 642 principe,
745 571 1045 627 convocati
1068 569 1473 643 suntepiscOpi
1488 567 1743 624 secundo
1758 566 1921 637 regni

288 657 415 729 ejus
439 673 609 728 anno,
636 660 735 730 qui
766 664 893 717 erat
923 661 1121 717 abinc.
1157 662 1315 717 Dom.
1353 659 1475 725 452,
1526 662 1586 714 et
1602 658 1813 714 factum
1833 661 1921 714 est

290 747 600 805 concilium
626 748 680 804 in
699 750 841 807 urbe
857 749 1202 815 Calcedona,
1227 753 1287 805 et
1318 746 1654 817 congregati
1671 750 1805 803 sunt
1821 746 1925 803 256

292 836 634 893 sacerdotes
662 841 722 894 et
750 837 995 895 aliorum
1038 852 1281 908 quorum
1335 836 1598 893 cucurrit
1655 848 1927 908 cyrogra—

293 924 465 999 phus,
497 928 620 995 354,
648 925 1124 997 quisimuljuncti
1155 925 1298 1000 fiunt
1319 927 1425 982 600
1446 923 1925 982 sacerdotescum

298 1026 462 1085 papze
494 1012 701 1069 Leonis
726 1014 1085 1084 cyrograpbo
1124 1017 1184 1070 et
1233 1014 1514 1070 Martiano
1547 1017 1818 1083 augusto,
1870 1014 1930 1067 et

263 1138 267 1143 ι
292 1101 872 1171 exposueruntﬁdem
906 1102 1347 1173 catholicam,ct
1376 1101 1759 1173 apostolicam
1787 1100 1932 1158 duas

294 1192 549 1255 naturas,
569 1189 623 1244 in
649 1189 987 1259 Chriso,Dei
1011 1190 1254 1247 simulet
1289 1190 1635 1257 hominis.ln
1670 1187 1930 1260 quoloco

296 1275 598 1348 piissimus
632 1277 1172 1351 princepsunacum
1199 1294 1380 1336 uxore
1422 1278 1727 1336 Pulcheria
1760 1277 1934 1348 depo-

296 1363 404 1419 sita
430 1364 585 1434 regia
621 1367 923 1437 majestate
957 1367 1126 1424 fidem
1160 1384 1317 1425 suam
1356 1370 1757 1441 exposuerunt
1799 1369 1933 1423 ante

297 1456 1079 1525 conspectumsacerdotum,
1102 1461 1159 1513 et
1179 1471 1301 1515 eam
1320 1457 1557 1529 proprio
1568 1470 1812 1530 cyrogra
1822 1455 1934 1527 pho

296 1547 678 1613 exponentes,
713 1545 1450 1615 postulaveruntsanctum
1509 1542 1821 1602 concilium
1873 1546 1938 1599 ut

301 1628 664 1699 dirigeretur
712 1634 783 1689 ad
839 1633 1239 1692 beatissimum
1293 1650 1495 1708 papam
1536 1635 1796 1691 Leonem.
1854 1628 1937 1686 lbi

2037 485 2244 542 dentes
2264 483 2845 555 perquosecclesiam
2878 497 3039 540 suam
3083 481 3193 538 sub
3230 479 3473 552 przet‘ato
3505 480 3686 535 Cons-

2035 573 2243 643 tantio,
2268 572 2824 631 JulianoetValente
2839 568 3392 644 persequutionibus
3406 580 3685 625 crescere

2035 663 2365 731 etdilatari,
2393 662 2600 719 melius
2616 662 2666 718 ei
2709 676 2841 718 esse
2889 674 3060 731 quam
3096 660 3152 715 in
3186 672 3329 731 pace
3388 654 3685 714 luxuriari

2035 751 2292 809 edocuit.
2322 752 2465 808 liinc
2492 756 2736 823 paterno
2749 751 2960 808 atl'ectu
2978 748 3114 806 filiis
3132 749 3241 806 sub
3256 747 3500 804 verbere
3517 746 3681 815 inge-

2038 841 2439 911 miscentibus,
2474 846 2533 896 et
2556 839 2921 897 auxiliumde
2960 836 3345 895 tribulatione
3391 834 3687 907 poscenti-

2040 931 2173 999 bus,
2200 930 2289 1002 pie
2319 930 2611 1001 misertus,
2634 930 2740 986 sub
2780 927 3102 985 Theodosio
3154 924 3415 997 principe
3448 921 3683 994 flagella

2039 1019 2411 1091 temperavit,
2438 1018 2668 1089 quando
2700 1017 2828 1085 ejus
2846 1015 3125 1089 principis
3146 1012 3426 1070 virtutem
3457 1025 3568 1068 non
3605 1010 3687 1066 t‘e-

2042 1113 2240 1166 rentes
2257 1109 2505 1171 Arriani,
2530 1107 2811 1164 ecclesias
2854 1122 2998 1178 quas
3023 1121 3127 1178 per
3158 1103 3543 1175 quadraginta
3581 1115 3685 1157 an-

2043 1212 2149 1254 nos
2182 1198 2235 1253 vi
2257 1201 2590 1267 tenuerant,
2616 1184 3001 1267 reliquerunt.
3037 1193 3447 1264 QuoreSpectu
3473 1189 3690 1247 divina

2047 1287 2283 1358 pietatis
2297 1287 2659 1343 exhilaratus
2674 1285 2924 1358 populus
2941 1283 3322 1352 christianus,
3364 1281 3500 1337 dum
3556 1293 3691 1336 rur-

2048 1391 2149 1433 sus
2176 1376 2307 1449 plus
2333 1392 2501 1447 seqno
2523 1377 2744 1433 nocivaa
2770 1372 3317 1445 indulgeretquieti,
3336 1374 3393 1427 et
3418 1385 3489 1427 ex
3507 1370 3693 1426 abun-

2048 1467 2206 1522 danti
2228 1470 2288 1523 et
2310 1465 2745 1537 superetlluenti
2774 1479 2966 1521 rerum
2999 1462 3166 1534 cepia
3220 1458 3570 1533 propensius
3588 1472 3693 1514 cu-

2050 1561 2138 1612 rat
2155 1554 2756 1627 corpora,securitate
2778 1553 3062 1624 deceptus
3089 1556 3200 1621 est,
3241 1554 3296 1606 et
3346 1561 3600 1605 excusso
3662 1562 3692 1603 a

2050 1644 2382 1703 cervicibus
2396 1646 2520 1701 suis
2528 1645 2668 1715 jugo
2683 1643 2874 1699 timori
2882 1657 2909 1699 s
2923 1640 3217 1711 dominici,
3259 1652 3523 1712 praeceps
3547 1638 3695 1694 tere-

308 1716 605 1817 dampnati
639 1725 774 1778 sunt
822 1723 1122 1793 Euthices,
1180 1724 1485 1781 Nestorius
1515 1730 1576 1780 ct
1622 1724 1862 1780 Dioscor

2145 1751 2226 1791 ;ur
2246 1735 2315 1791 ad
2340 1734 2584 1802 scelera,
2602 1733 2767 1789 devia
2784 1746 3028 1802 quaeque
3044 1731 3381 1787 sectabatur
3407 1731 3468 1784 et
3517 1725 3699 1783 lubri-

309 1805 576 1893 heretici.
604 1810 703 1866 Hic
724 1810 931 1869 beatus
962 1813 1072 1868 Leo
1097 1812 1252 1869 misit
1284 1813 1499 1869 multas
1548 1811 1828 1885 epistolas
1868 1811 1939 1867 de
1973 1805 2010 1807 ί
2052 1839 2141 1893 οε,
2165 1828 2512 1893 pectoreque
2535 1826 2873 1892 contempto
2908 1821 2962 1876 in
2997 1818 3274 1875 sordibus
3312 1816 3699 1874 volutabam.-

306 1891 417 1949 ﬁde
441 1894 510 1951 ad
535 1898 897 1965 Martianum,
933 1901 1003 1956 ad
1028 1901 1271 1957 Leonem
1314 1904 1647 1971 augustum,
1702 1901 1771 1956 ad
1816 1899 1937 1956 Fla-

303 1981 532 2039 vianum
602 1987 962 2060 episcopum,
1026 2004 1153 2060 quae.
1217 1991 1508 2048 habentur
1584 1991 1638 2046 in
1689 1990 1941 2047 arehivis

304 2071 576 2129 Romanae
634 2076 902 2133 ecclesiae
944 2078 1133 2151 [Anc].
1175 2082 1451 2151 Tempore
1483 2079 1528 2113 °‘
1577 2079 1847 2137 Marciani
1884 2084 1944 2134 et

305 2155 690 2217 Valentiniani
712 2164 980 2222 Ysichius
1002 2167 1345 2225 Viennensis
1381 2167 1698 2239 episcopus
1731 2164 1944 2222 claruit

306 2251 444 2315 post
476 2249 846 2325 Mamercum,
872 2255 969 2326 qui
1006 2256 1637 2326 rogationesinstituit,
1660 2254 1946 2312 etdiebus

316 2334 526 2392 Ysiehii
554 2340 804 2399 Severus
826 2348 1130 2416 presbyter
1160 2346 1230 2401 de
1264 2345 1419 2401 India
1469 2345 1743 2401 Viennam
1768 2344 1943 2401 venit.

322 2424 390 2479 Et
420 2426 743 2487 Eucherius
765 2432 1372 2502 Lugdunensisclarus
1396 2434 1660 2490 habetur.

387 2518 573 2587 Igitur
595 2518 666 2575 de
703 2521 821 2577 vita
854 2526 910 2578 et
973 2523 1296 2580 virtutibus
1345 2523 1499 2579 beati
1543 2524 1726 2594 patris
1765 2522 1949 2581 nostri

314 2606 648 2665 Pulchronii
675 2624 855 2680 pauca
887 2609 1211 2681 loquuturi,
1266 2613 1569 2683 superiora
1631 2617 1952 2684 pertracte-

316 2710 461 2764 mus,
487 2699 545 2751 et
570 2711 739 2767 quam
756 2699 953 2766 gravia
969 2714 1256 2769 quamque
1274 2700 1599 2771 periculosa
1628 2702 1953 2758 sacerdotis

312 2783 440 2852 ejus
466 2788 726 2855 tempora
746 2786 984 2857 fuerint,
1007 2788 1061 2844 in
1086 2788 1213 2858 ejus
1231 2787 1400 2844 laude
1418 2789 1489 2845 ad
1506 2789 1951 2847 aediﬁcationem

314 2872 676 2931 audientium
710 2875 971 2932 breviter
1003 2876 1362 2946 indagemus.
1398 2879 1589 2948 thue
1636 2877 1862 2950 plenius
1885 2878 1952 2935 il-

314 2961 574 3019 lucescat
597 2963 679 3021 rei
712 2965 955 3036 veritas,
988 2965 1251 3023 dicamus
1276 2981 1345 3023 ex
1380 2967 1627 3023 historia
1673 2967 1952 3025 Italorum

313 3052 583 3109 Getarum
608 3057 668 3109 et
698 3054 1084 3111 Romanorum
1111 3070 1214 3112 seu
1247 3056 1423 3114 etiam
1454 3057 1864 3113 Wandalorum
1896 3062 1956 3114 et

315 3141 657 3214 Suevorum,
691 3144 829 3213 quid
855 3144 925 3200 de
948 3143 1041 3201 his
1072 3145 1436 3217 temporibus
1467 3152 1769 3204 recenseat
1811 3147 1957 3204 anti-

314 3231 528 3304 quitas,
544 3232 681 3304 quid
700 3234 1070 3291 Jberonimus
1101 3235 1154 3290 in
1179 3235 1303 3292 suis
1325 3235 1619 3308 epistolis,
1655 3236 1791 3307 quid
1829 3252 1957 3308 pos-

318 3325 500 3377 tremo
523 3325 732 3392 gentes
754 3327 814 3379 et
836 3338 1013 3393 regna
1071 3324 1193 3380 suis
1206 3327 1566 3381 attestentur
1609 3325 1958 3397 periculiset

313 3407 710 3466 calamitatum
742 3410 1014 3468 miseriis.

389 3498 504 3556 Sub
531 3498 911 3556 Constantino
933 3501 1082 3557 enim
1115 3501 1376 3574 principe
1408 3503 1505 3575 qui
1562 3504 1955 3561 monarchiam

318 3587 543 3660 imperii
574 3587 737 3645 solus
756 3590 1007 3661 cptinuit
1029 3596 1086 3647 et
1109 3592 1257 3648 citra
1290 3591 1471 3650 ullum
1518 3593 1809 3651 hominum
1843 3599 1960 3650 sta-

316 3677 431 3733 tuit
445 3676 661 3750 templa
673 3694 992 3750 pagnorum
1009 3679 1223 3750 claudi,
1239 3681 1488 3739 ecclesia
1504 3682 1600 3738 Dei
1619 3682 1958 3753 jamdudum

319 3770 519 3838 Optata
560 3765 835 3824 libertate
857 3768 1040 3839 potita
1074 3769 1305 3826 dilatari
1348 3771 1505 3841 cepit
1544 3776 1604 3827 et
1657 3785 1956 3836 crescere;

321 3855 421 3912 sed
436 3855 571 3913 dum
594 3855 766 3914 nimis
782 3857 890 3913 Sibi
905 3858 1264 3928 aggaudetin
1294 3858 1575 3916 felicitate
1611 3874 1847 3931 germen
1880 3861 1960 3915 vi-

322 3942 544 4001 ciorum
584 3944 1000 4002 luxuriantium
1018 3947 1187 4003 nimis
1202 3947 1254 4002 in
1273 3962 1335 4003 se
1352 3946 1606 4018 neglexit
1640 3948 1954 4020 extirpare.

326 4033 477 4090 Arrii
508 4032 554 4068 ⁹⁶
578 4049 825 4107 namque
841 4035 1081 4107 perfidia
1116 4039 1335 4094 statum
1354 4037 1513 4108 pacis
1542 4037 1959 4096 ecclesiasticae

329 4124 692 4193 perturbavit
730 4128 790 4180 et
820 4124 943 4198 ipsa
980 4126 1421 4197 perturbatione
1445 4127 1519 4183 ita
1535 4128 1784 4197 gratiam
1808 4142 1963 4184 com-

326 4211 618 4269 munionis
637 4213 945 4271 catholicae
969 4214 1392 4287 pessumdedit,
1421 4220 1480 4273 ut
1499 4218 1607 4273 sub
1623 4216 1964 4272 Constantio

329 4300 850 4374 ConStantinifllio,
878 4304 1011 4360 dum
1040 4320 1143 4375 per
1192 4305 1418 4375 singula
1453 4309 1738 4377 serperet,
1774 4304 1964 4361 Arria-

328 4403 461 4444 num
485 4403 547 4445 se
583 4390 702 4446 fere
736 4395 895 4448 totus
947 4392 1262 4449 miraretur
1302 4393 1484 4449 orbis.
1536 4395 1790 4465 Sequuta
1833 4396 1966 4452 sunt

1987 3101 2036 3164 C

2054 1913 2320 1983 luxuriae,
2342 1910 2989 1981 nectimuit,distcntus
3022 1907 3405 1964 saturitateet
3447 1907 3698 1975 torpens

2053 2003 2203 2071 ocio,
2221 2000 2463 2069 inmergi
2478 1999 2786 2057 cenulenta
2801 1998 3078 2067 voragine
3095 1994 3396 2052 horribilis
3417 1998 3478 2050 et
3501 1992 3700 2049 detes-

2051 2092 2246 2147 tanda:
2261 2090 2623 2146 sodomiticaa
2661 2086 3047 2143 inmundiciae.
3066 2085 3220 2141 Vidit
3234 2086 3461 2140 Deuset
3485 2079 3695 2152 doluit,

2055 2186 2114 2237 et
2138 2176 2933 2236 adiracundiamconcitatus
2965 2180 3078 2245 est,
3114 2174 3414 2231 exarsitut
3445 2170 3698 2242 ignisira

2056 2269 2201 2339 ejus,
2229 2267 2360 2338 quia
2377 2269 2845 2338 provocaverunt
2866 2279 2996 2320 cum
3039 2262 3328 2334 quondam
3349 2261 3452 2317 filii
3494 2260 3583 2317 sui
3644 2263 3706 2315 et

2062 2356 2211 2426 ﬁliae,
2240 2370 2391 2411 nunc
2407 2359 2599 2410 autem
2621 2354 2825 2409 domus
2845 2351 3185 2407 irritatricis
3206 2354 3263 2406 et
3307 2347 3706 2420 exasperatri-

2059 2445 2144 2501 cis
2175 2444 2468 2500 Samaria.
2497 2441 2756 2511 Regebat
2788 2455 2889 2512 per
2910 2439 3268 2511 idtemporis
3289 2440 3602 2494 Romanam
3616 2451 3706 2492 ec-

2061 2533 2304 2591 clesiam
2325 2531 2723 2598 Innocentius,
2749 2534 2807 2585 et
2833 2544 2935 2600 per
2966 2530 3142 2584 urbes
3175 2525 3447 2584 Gallia-iet
3469 2526 3707 2581 Germa-

2064 2624 2172 2680 niae
2197 2621 2506 2693 pontifices
2558 2633 2752 2675 amore
2773 2617 2989 2673 Christi
3006 2618 3315 2686 ferventes,
3341 2614 3474 2685 ﬁde,
3491 2613 3707 2670 doctri-

2064 2727 2132 2768 na
2154 2708 2530 2766 etmiraculis
2563 2707 2862 2778 praecipui,
2914 2711 3205 2778 praeerant
3239 2703 3542 2762 tecclesiis.
3569 2703 3707 2759 Per-

2065 2803 2475 2873 pauctetamen
2495 2812 2592 2853 era
2607 2800 2667 2852 nt
2686 2796 2898 2866 quibus
2912 2793 3174 2866 episcom
3200 2794 3545 2865 praeessent,
3561 2790 3709 2847 mul-

2067 2895 2141 2946 tae
2157 2888 2307 2945 enim
2323 2886 2664 2958 pastoribus
2679 2899 2818 2941 vaca
2828 2885 2990 2956 bant(
3011 2884 3142 2940 Vita
3157 2882 3374 2951 Antid).
3390 2882 3639 2937 Remoru
3653 2896 3706 2935 m

2066 2974 2432 3048 metropolim
2468 2977 2710 3031 sanctus
2744 2974 2981 3043 regebat
3010 2971 3276 3029 Nicasius
3307 2970 3709 3039 ;Linguonum

2068 3066 2197 3124 urbi
2234 3069 2476 3122 sanctus
2506 3068 2759 3134 praeerat
2779 3061 3118 3119 Desiderius
3151 3077 3166 3126 ;
3225 3059 3711 3130 Crisopolitanam

2069 3147 2268 3203 sedem
2303 3144 2414 3201 ﬁde
2431 3142 2985 3213 etmagnanimitate
2999 3155 3129 3197 cum
3159 3141 3440 3196 bonorum
3466 3151 3713 3208 operum

2067 3235 2356 3293 exercitio
2407 3236 2650 3290 sanctus
2719 3230 3040 3287 adornabat
3083 3228 3378 3293 Antidius,
3416 3231 3478 3283 et
3507 3224 3716 3298 plures

2067 3330 2237 3382 erant
2267 3324 2385 3395 alii,
2403 3338 2476 3379 ex
2492 3328 2632 3379 tunc
2644 3325 2704 3377 et
2723 3334 2873 3377 nunc
2889 3318 3146 3376 lucernas
3174 3317 3441 3374 lucentes
3457 3315 3514 3372 in
3541 3315 3719 3373 domo

2068 3413 2311 3471 Domini.
2345 3411 2631 3480 Hiiigitur
2653 3409 2793 3466 licet
2815 3408 3069 3466 assiduis
3100 3405 3521 3464 monitionibus
3571 3418 3717 3461 oves

2071 3503 2180 3560 sibi
2203 3499 2462 3559 creditas
2476 3499 2837 3556 suaderenta
2880 3496 2974 3554 via
3004 3496 3103 3552 Dei
3136 3509 3251 3552 non
3274 3492 3568 3563 recedere,
3611 3507 3714 3564 po-

2068 3591 2248 3663 pulus
2266 3595 2458 3645 tamen
2474 3586 2790 3645 retroactis
2804 3584 3166 3657 temporibus
3190 3582 3437 3640 faciente
3470 3581 3713 3640 Arriana

2071 3680 2312 3752 perfidia
2347 3678 2468 3735 sine
2490 3677 2661 3745 duce,
2683 3675 2807 3733 sine
2822 3678 3073 3743 rectore,
3100 3672 3323 3742 absque
3339 3669 3716 3727 moderatore

2067 3768 2112 3803 ⁸⁷
2145 3783 2248 3840 per
2280 3782 2339 3825 se
2363 3767 2651 3822 inmatura
2680 3763 2900 3834 potitus
2922 3762 3219 3829 libertate,
3263 3759 3374 3816 etsi
3406 3759 3582 3817 verba
3610 3758 3715 3814 Dei

2070 3857 2364 3925 audiebat,
2399 3854 2622 3911 divitiis
2649 3856 2707 3909 et
2741 3850 3145 3924 voluptatibus
3181 3848 3382 3906 saeculi
3424 3852 3488 3905 ut
3532 3846 3717 3919 spinis

2071 3947 2409 4014 suffocatus,
2446 3944 2674 4000 fructus
2717 3943 3000 3998 bonorum
3038 3952 3280 4011 operum
3316 3936 3495 3994 atl‘ere
3556 3936 3721 3992 fasti-

2072 4036 2289 4093 diebat.
2324 4033 2486 4091 Unde
2533 4036 2592 4089 et
2653 4032 2841 4087 iratus
2888 4029 3167 4086 Dominus
3206 4040 3409 4083 omnes
3472 4023 3716 4082 Galliam

2073 4131 2132 4182 et
2149 4139 2298 4197 pene
2324 4126 2512 4179 totum
2532 4119 2907 4177 Occidentem
2924 4115 3361 4177 Wandalorum.
3377 4113 3715 4183 Alanorum,

2076 4217 2414 4283 Suevorum,
2449 4213 2841 4266 Sarmatorum
2873 4210 2933 4263 et
2965 4206 3264 4263 Hunorum
3286 4202 3532 4260 tradidit
3602 4201 3723 4272 gla-

2078 4303 2172 4360 dio
2195 4301 2512 4358 feriendam
2540 4298 2603 4353 ⁸⁸.
2642 4297 2753 4354 Sed
2807 4295 2851 4329 ”
2901 4294 3096 4366 querit
3152 4293 3244 4350 hic
3306 4293 3557 4349 fortasse
3612 4292 3717 4348 ali-

2080 4391 2230 4464 quis,
2256 4390 2409 4448 unde
2439 4390 2563 4445 haec
2594 4390 2726 4444 orta
2759 4384 2955 4455 fuerit,
2979 4382 3070 4439 vel
3103 4380 3256 4440 unde
3287 4394 3496 4438 nomen
3525 4383 3723 4437 traxe-

331 4482 551 4549 pestem
573 4477 830 4548 illam,ut
855 4482 1386 4550 matrem,omnium
1402 4460 1965 4554 generaveriminum,
1997 4460 2051 4523 D
2082 4460 2260 4538 runt?
2292 4479 2523 4553 [lsmom
2557 4477 2645 4532 Et.
2682 4474 2772 4544 IX,
2797 4473 2872 4544 2].
2895 4470 3513 4541 Wandelicusquoque
3529 4470 3721 4527 amnis

331 4581 458 4637 quae
492 4566 570 4623 ita
600 4567 906 4626 universos
922 4570 1783 4642 propemoduminfecerunt,ut
1823 4574 1970 4644 peri-

333 4655 625 4713 culosiora
643 4661 906 4729 tempora
926 4674 1090 4714 nemo
1113 4658 1327 4716 viderit
1359 4660 1713 4717 mortalium.
1759 4663 1969 4720 Verum

330 4744 463 4815 quia
487 4746 603 4802 Deo
620 4761 901 4818 nusquam
919 4747 1088 4804 abest
1102 4748 1451 4805 eruditionis
1464 4764 1661 4820 causa,
1686 4766 1968 4823 nusquam

332 4834 758 4892 emendationis
778 4840 995 4892 nostras
1009 4836 1326 4895 solicitude
1341 4837 1611 4909 discedit,
1629 4838 1859 4896 diversa
1889 4840 1972 4897 di-

333 4922 521 4979 versis
537 4925 1048 4996 temporibusetca
1060 4926 1180 4982 usis
1194 4926 1445 4983 remedia
1461 4927 1971 5000 providet,quibus

334 5008 689 5069 alteraretur
748 5012 990 5070 maliciaa
1041 5013 1413 5073 seminarium
1454 5018 1512 5071 et
1571 5016 1973 5071 eliminaretur

335 5098 434 5169 (fol
469 5099 577 5168 30).
615 5101 697 5158 Ad
717 5102 824 5158 hoc
856 5102 1006 5160 enim
1023 5103 1387 5160 evellendum
1416 5119 1489 5160 ex
1527 5105 1727 5161 eadem
1782 5119 1973 5161 massa

336 5187 685 5261 iniquitatis,
713 5190 971 5249 Arriana:
1027 5192 1250 5250 sevitiae
1301 5194 1654 5266 praeparavit
1677 5191 1972 5262 tribulam,

2080 4576 2170 4629 est
2192 4571 2263 4625 ab
2276 4563 2781 4624 extremistinibus
2795 4560 2994 4618 Galliae
3013 4572 3348 4631 erumpens,
3368 4558 3533 4631 juxta
3547 4569 3723 4627 quam

2079 4674 2182 4716 eos
2196 4656 2491 4713 habitasse
2522 4656 2577 4708 et
2597 4649 2960 4708 exWandalo
2982 4647 3159 4705 ﬂuvio
3179 4646 3265 4704 sic
3292 4645 3512 4703 dictum
3538 4643 3722 4702 fuisse

2081 4745 2472 4806 certissimum
2501 4746 2610 4798 est.
2648 4740 2860 4796 Lanius
2887 4751 3028 4794 vero
3046 4732 3523 4792 ﬂuviusestultra
3537 4734 3726 4791 Danu-

2084 4837 2238 4894 bium
2270 4835 2342 4890 ab
2365 4831 2546 4888 Alano
2569 4827 3026 4898 dictus,sicutet
3057 4824 3381 4881 Lemannus
3420 4821 3613 4879 dictus
3652 4825 3724 4878 ab

2082 4924 2415 4981 Alcmanno.
2451 4918 2621 4975 Suevi
2654 4930 2793 4972 vero
2825 4914 2965 4972 dicti
2985 4917 3117 4971 sunt
3148 4928 3176 4969 a
3204 4917 3399 4969 monte
3426 4910 3724 4980 Suevoqui

2085 5014 2156 5069 ab
2187 5015 2321 5069 ortu
2353 5007 2582 5065 initium
2615 5004 2934 5061 Germaniae
2950 5001 3107 5073 facit,
3130 5002 3300 5073 cujus
3319 5000 3448 5057 loca
3476 4997 3729 5056 incolue-

2086 5104 2256 5165 runt;
2292 5111 2536 5168 quorum
2570 5095 2993 5151 fuissecentum
3011 5092 3509 5163 pagosetcentum
3553 5102 3730 5160 popu-

2089 5188 2176 5245 los
2208 5185 2376 5243 multi
2410 5183 2811 5258 prodiderunt.
2847 5182 2949 5238 Est
2973 5184 3167 5237 autem
3200 5178 3396 5236 Genua
3428 5190 3566 5250 pars
3594 5175 3733 5231 Ger-

1691 5344 1926 5399 VARH']
1968 5339 2261 5397 LECTION
2268 5338 2369 5393 ES.

405 5468 451 5502 ³⁵
474 5471 755 5541 Tempore
783 5500 851 5510 --
901 5470 1149 5525 habetur
1178 5471 1245 5527 in
1265 5483 1457 5541 marg.
1490 5468 1535 5500 "
1570 5466 1721 5524 Arrii
1781 5498 1851 5506 —
1906 5462 2270 5521 cvellcndum
2299 5462 2364 5519 in
2378 5473 2568 5532 marg.
2603 5457 2648 5492 ’⁷
2693 5460 2988 5513 moratore
3008 5465 3061 5511 ε’
3088 5451 3134 5486 ’⁸
3155 5451 3256 5510 hic
3271 5452 3739 5524 plurimaarasa

334 5566 380 5599 ”
401 5567 523 5627 hac
567 5599 636 5607 —
668 5567 1059 5625 confuderunt
1098 5568 1166 5625 in
1192 5567 1467 5640 margine
1480 5567 1603 5639 fol.
1657 5569 1725 5621 30
1743 5570 1801 5621 et
1836 5563 1922 5621 30’
