3940 6048
143 291 211 359 δι
1394 266 1895 371 CHRONICON.
1933 339 2005 350 —
2037 304 2190 368 LlB.
2224 302 2274 370 ι.
3453 295 3531 362 62

144 430 359 497 manias.
392 430 694 493 Germania
726 446 864 493 vero
887 438 1096 506 gentes
1127 431 1407 508 plurimas
1451 434 1656 494 habuit
1697 434 1769 494 fe-
1795 435 1852 500 A
1880 439 2083 497 tusest
2107 438 2588 509 Occidens,et,ut
2620 435 2881 496 referunt
2908 431 3005 507 qui
3029 438 3355 507 temporum
3382 432 3533 508 ipso-

146 522 293 580 rocis
338 523 510 579 animi
540 529 599 583 et
631 538 862 596 semper
893 524 1177 597 indomiti,
1213 526 1405 583 varias
1435 526 1648 583 amictu
1679 525 1764 596 ίοθ,

143 611 457 671 discolores
490 612 686 682 armis,
710 613 924 684 linguis
956 614 1237 685 dissonas,
1262 615 1487 686 origine
1517 617 1770 673 vocabu-

144 700 316 757 lorum
363 700 637 772 incertas,
669 706 733 758 ut
764 702 1087 774 Tolosates,
1120 703 1407 774 Ansivari,
1443 704 1767 779 Quadimgi,

141 791 533 859 Marcomanni,
559 791 812 861 Bruteri,
846 792 1089 863 Camasi,
1115 793 1433 863 Blangiani,
1457 795 1765 864 Tubantes,

140 880 720 949 quorumimmanitas
734 880 1002 938 barbarie
1018 882 1072 937 in
1098 881 1239 954 ipsis
1261 882 1443 939 eciam
1469 883 1769 940 vocabulis

141 968 428 1025 horrorem
478 969 767 1038 quendam
819 969 1110 1040 signiﬁcat
1165 971 1385 1043 [Onos.]
1425 974 1596 1028 Juxta
1631 972 1770 1027 Oro-

139 1057 273 1112 sium
322 1062 584 1114 antorem
637 1057 691 1113 in
744 1059 1069 1130 Germania,
1116 1060 1211 1116 ubi
1264 1060 1436 1116 Suevi
1480 1060 1765 1130 habitant,

139 1148 259 1203 sunt
289 1151 497 1216 gentes
525 1150 612 1203 54.
646 1148 875 1219 Europa
911 1147 1083 1205 habet
1115 1149 1188 1205 ab
1228 1148 1457 1205 oriente
1508 1148 1766 1206 Alaniam

138 1234 278 1291 unde
310 1234 524 1305 Alani;
553 1234 609 1290 in
642 1235 833 1292 medio
863 1236 1117 1307 Daciam,
1154 1237 1305 1294 unde
1354 1237 1536 1304 Dani;
1570 1237 1667 1294 ubi
1709 1244 1770 1294 et

138 1323 353 1393 Gothia,
373 1324 506 1380 inde
519 1324 712 1393 Gothi;
728 1324 937 1381 deinde
953 1326 1312 1382 Germaniam
1336 1325 1764 1399 [Mummiam].

139 1413 213 1469 Ab
242 1412 347 1469 hac
379 1428 521 1482 ergo
556 1413 838 1485 populosa
872 1413 1193 1483 Germania,
1213 1418 1273 1471 ut
1302 1416 1355 1470 in
1386 1416 1634 1472 Historia
1659 1417 1769 1471 Ita-

138 1500 306 1559 lorum
322 1506 612 1573 scriptum
628 1502 961 1574 repperitur
976 1502 1126 1559 libro
1146 1505 1185 1573 l,
1202 1519 1328 1576 cap.
1348 1509 1397 1575 1,
1416 1504 1613 1562 multae
1629 1520 1767 1577 sepe

137 1594 324 1660 gentes
344 1605 601 1660 egressae
625 1598 779 1661 sunt,
797 1606 866 1648 eo
881 1592 1034 1663 quod
1058 1597 1253 1650 tantos
1272 1594 1473 1664 gignat
1496 1592 1762 1665 populos,

137 1683 367 1749 quantos
391 1679 548 1736 alere
580 1680 674 1737 vix
707 1681 941 1749 sufficit,
978 1697 1104 1752 quae
1146 1688 1203 1739 et
1254 1686 1455 1754 partes
1506 1682 1658 1740 Asim
1707 1687 1762 1739 et

139 1768 365 1824 maxime
420 1770 710 1840 Europam
761 1770 868 1825 sibi
912 1770 1243 1841 contiguam
1286 1771 1633 1827 afflixerunt.
1667 1775 1767 1829 Te-
1795 1792 1849 1853 Β

138 1860 352 1914 stanlur
384 1858 496 1913 hoc
530 1859 708 1914 urbes
735 1863 919 1915 eruta)
950 1874 1053 1929 per
1085 1858 1362 1917 illiricum
1392 1864 1451 1916 et
1481 1859 1716 1916 Galliam
1747 1877 1761 1926 ;

137 1944 281 2001 Gothi
314 1946 472 2002 enim
505 1949 563 2001 ct
595 1945 857 2002 Wandali
882 1946 1104 2017 etRugi
1129 1952 1188 2003 et
1211 1947 1405 2004 Heruli
1431 1953 1606 2019 atque
1628 1950 1765 2005 Tur-

134 2032 333 2106 cilingi,
368 2049 476 2090 nec
513 2050 625 2091 non
658 2040 719 2090 ct
748 2034 876 2091 aliae
910 2036 1135 2093 feroces
1166 2037 1435 2094 nationes
1451 2038 1523 2092 ab
1539 2052 1606 2093 ea
1632 2053 1764 2109 pro-

135 2120 370 2194 dierunt,
410 2123 535 2194 pari
567 2123 740 2179 etiam
774 2124 943 2180 modo
974 2129 1031 2180 et
1079 2124 1420 2182 Winilorum
1462 2124 1550 2196 1‘“,
1582 2126 1639 2182 id
1669 2129 1763 2183 est

138 2211 648 2282 Langobardorum,
666 2227 809 2282 gens
833 2227 862 2268 a
889 2214 1188 2270 Germanis
1208 2214 1490 2283 originem
1514 2214 1756 2286 ducens,

136 2300 192 2356 ab
209 2300 397 2356 insula
414 2315 543 2371 quae
564 2300 943 2357 Scandinavia
969 2300 1187 2358 dicitur
1211 2302 1566 2359 adventavit.
1585 2304 1760 2370 Queri

134 2390 292 2445 eciam
326 2393 533 2461 potest
567 2389 704 2461 quid
740 2404 934 2446 rerum
966 2390 1139 2447 fuerit
1171 2391 1327 2461 quod
1357 2395 1448 2447 tot
1485 2396 1544 2447 et
1582 2396 1761 2450 tantae

138 2478 443 2536 ferocitatis
470 2480 679 2549 gentes
708 2479 765 2535 in
796 2494 969 2536 unum
992 2479 1338 2549 coaluerint,
1364 2495 1493 2552 qua:
1526 2496 1587 2538 se
1619 2482 1764 2539 invi-

135 2584 235 2624 cem
267 2566 577 2625 multoties
607 2568 858 2625 diversis
889 2567 1150 2625 caedibus
1183 2570 1635 2641 populabantur.
1672 2571 1766 2627 Hi-

135 2656 286 2713 storia
344 2656 474 2712 hac
526 2655 825 2713 notissima
877 2660 963 2713 est
1018 2656 1215 2728 [Ouos.
1251 2659 1374 2729 νη]
1406 2659 1765 2715 Theodosius

137 2746 305 2801 senior
324 2748 543 2817 gentes
564 2743 890 2802 haseﬂ'eras
903 2751 961 2802 et
977 2745 1286 2803 indomitas
1305 2747 1528 2817 magnis
1546 2747 1765 2818 praeliis

138 2834 353 2904 fuderit,
378 2838 578 2892 tamen
603 2837 735 2907 post
783 2834 911 2906 ejus
944 2835 1169 2892 obitum
1200 2835 1398 2892 addita
1428 2835 1515 2893 eis
1545 2835 1613 2870 ¹⁰²
1639 2852 1767 2894 sce-

139 2921 237 2979 lera
268 2929 326 2979 et
362 2922 589 2995 praelia,
618 2921 873 2979 insolens
894 2922 1211 2980 anima..."
1240 2925 1400 2981 vitia.
1435 2924 1537 2980 Hic
1567 2940 1764 2982 curam

140 3011 400 3069 infantum
438 3010 711 3068 Archadii
741 3010 809 3045 ¹⁰³
837 3011 1113 3068 videlicet
1136 3015 1194 3067 et
1227 3012 1467 3069 Honorii
1499 3012 1565 3047 ¹⁰⁴
1594 3017 1652 3068 et
1685 3013 1768 3069 di-

1881 543 2007 586 rum
2023 527 2281 600 pericula
2297 527 2927 597 conscripserunt,non
2946 523 3050 583 fuit
3068 523 3281 581 civitas
3295 526 3394 580 aut
3409 537 3528 581 cas~

1877 621 2032 674 trum
2048 618 2104 674 in
2125 618 2329 688 Gallia,
2350 617 2503 689 quod
2528 615 2796 686 effugerit
2818 614 3275 683 indignationem
3300 627 3521 670 eorum.

1879 707 2101 764 Turmis
2123 708 2273 765 enim
2298 707 2369 763 de
2389 722 2449 763 se
2474 706 2663 772 factis,
2680 704 2889 762 fluvios
2910 703 3145 773 Padum,
3164 700 3522 769 Rhodanum,

1880 794 2160 863 Rhenum,
2195 794 2463 864 Ligerim,
2498 795 2768 861 Sennam,
2805 793 3127 848 Garonnam
3180 796 3240 847 et
3290 793 3526 847 ceteros

1879 883 2193 951 intravere,
2219 888 2279 938 et
2310 882 2494 938 navali
2534 882 2734 953 praelio
2762 880 3154 952 terrestrique
3179 881 3357 936 urbes
3381 879 3435 933 in
3464 879 3524 934 fl-

1881 972 2048 1028 nibus
2082 973 2303 1043 poSitas
2336 972 2747 1041 irrumpentes,
2781 968 3137 1025 intolerabili
3190 968 3433 1025 audacia
3466 970 3523 1023 et

1877 1061 2229 1118 crudelitate
2273 1060 2463 1116 omnia
2519 1073 2750 1130 pessum
2796 1058 3031 1113 dedere.
3069 1058 3174 1124 Qui
3222 1058 3375 1114 enim
3421 1069 3526 1128 per

1878 1150 2136 1206 Rhenum
2170 1148 2575 1217 ascenderunt,
2608 1148 2783 1203 urbes
2808 1160 2987 1217 super
3010 1146 3270 1223 Rhenum
3303 1145 3526 1216 positas

1878 1241 1979 1294 103
2004 1238 2445 1303 destruxerunt,
2472 1235 2604 1291 inde
2628 1235 2697 1290 ad
2721 1249 2821 1290 eas
2846 1248 3026 1304 super
3046 1233 3254 1289 fluvios
3286 1233 3342 1288 in
3376 1234 3524 1289 Rhe.

1880 1340 2012 1382 num
2046 1325 2466 1382 descendentes
2496 1323 2722 1394 positas
2755 1337 2818 1378 se
2865 1322 3235 1378 conferentes
3276 1326 3345 1378 75
3393 1320 3518 1392 pari

1878 1419 2038 1472 sorte
2069 1417 2533 1486 prostraverunt,
2557 1413 2662 1479 Qui
2691 1426 2828 1468 vero
2865 1426 2966 1482 per
2997 1410 3354 1479 Rhodanum,
3382 1413 3515 1476 Are,

1880 1503 2079 1575 latum,
2141 1507 2510 1573 Nemausum,
2571 1502 2878 1570 Vivariam,
2941 1499 3286 1570 Valentiam,
3334 1489 3513 1569 Diam,

1879 1591 3005 1664 Gratianopolim,Viennam,Lugdunum
3022 1588 3519 1658 Italiaequeomnia

1877 1681 2066 1737 vicina
2085 1681 2522 1745 eontriverunt;
2548 1686 2608 1736 et
2631 1679 2724 1750 qui
2753 1693 2853 1750 per
2873 1678 3090 1735 Padum
3109 1681 3168 1733 et
3194 1676 3437 1747 Ligerim
3463 1680 3524 1732 et

1879 1770 2200 1826 Garonnam
2248 1774 2307 1825 et
2363 1770 2607 1826 Sennam
2659 1766 3035 1837 reliquosque
3081 1765 3309 1836 fluvios,
3347 1763 3522 1820 simul

1877 1859 2055 1914 urbes
2083 1863 2141 1914 et
2173 1859 2360 1914 omnia
2394 1859 2512 1914 situ
2547 1857 2739 1913 vicina
2769 1858 3260 1926 consumpserunt
3299 1873 3311 1908 :
3347 1859 3404 1909 et
3440 1854 3520 1909 ita

1874 1949 2032 2002 terra
2068 1947 2325 2017 marique
2346 1961 2458 2002 uno
2482 1946 2722 2016 impetu,
2744 1958 2856 2001 uno
2888 1947 3167 2015 tempore,
3192 1944 3300 2000 sub
3324 1942 3525 2000 multis

1876 2040 2066 2091 tamen
2094 2036 2336 2105 regibus
2366 2038 2421 2091 et
2454 2034 2705 2091 ducibus
2740 2032 3006 2089 universa
3042 2031 3215 2088 simul
3248 2032 3523 2089 confude-

1875 2127 2007 2180 runt
2044 2124 2366 2195 [Pnosrnn].
2406 2122 2694 2179 Arcbadio
2727 2120 2794 2154 ¹⁰³
2815 2126 2847 2177 6
2868 2124 2927 2177 et
2960 2122 3151 2178 Probo
3182 2120 3524 2178 consulibus

1873 2212 2132 2269 Wandali
2167 2217 2225 2269 et
2260 2212 2424 2268 Alani
2472 2216 2780 2267 transeunt
2812 2211 3054 2279 Renum,
3090 2215 3150 2265 et
3180 2215 3213 2266 2
3243 2209 3364 2266 Kal.
3394 2212 3517 2266 Jan.

1874 2300 2113 2356 Galliam
2147 2301 2392 2372 ingressi
2418 2306 2572 2370 sunt,
2592 2299 2845 2355 Honorio
2866 2304 2899 2355 8
2919 2302 2978 2354 et
3008 2298 3326 2355 Theodosio
3348 2304 3523 2356 200n-

1874 2389 2100 2446 sulibus
2141 2390 2389 2461 [Onos.].
2426 2391 2590 2445 Anno
2635 2389 2707 2443 ab
2741 2389 2852 2443 inc.
2888 2390 3045 2443 Dom.
3080 2392 3201 2457 407,
3238 2388 3523 2459 imperan-

1877 2477 2035 2533 tibus
2070 2477 2321 2534 Honorio
2346 2481 2403 2534 et
2427 2476 2752 2533 Theodosio
2776 2476 3018 2545 minore,
3038 2476 3314 2532 Stilicone
3337 2479 3397 2531 et
3417 2478 3520 2532 Au-

1879 2566 2099 2623 reliano
2130 2567 2493 2635 consulibus,
2516 2580 2664 2621 anno
2696 2564 2859 2634 regni
2894 2564 3129 2619 Ilonorii
3164 2567 3233 2620 14
3259 2569 3315 2618 et
3346 2564 3521 2620 Theo-

1878 2655 2021 2711 dosii
2058 2662 2108 2725 1,
2144 2655 2463 2712 indictione
2496 2654 2826 2725 quinta,.de
2866 2653 3010 2709 mari
3057 2667 3275 2709 oceano
3324 2667 3523 2710 ascen-

1880 2744 2104 2815 dentes,
2131 2760 2244 2815 quo
2274 2744 2594 2816 pyraticam
2618 2746 2964 2799 exercentes
2988 2743 3370 2811 vagabantur,
3397 2742 3496 2798 Gal

1881 2832 1988 2889 lias
2020 2833 2299 2891 invadunt
2318 2838 2373 2890 et
2399 2834 2720 2904 Pyreneum
2745 2846 2929 2903 usque
2956 2830 3320 2902 perveniunt.
3348 2832 3524 2901 Cujus

1880 2922 2046 2979 obice
2077 2924 2145 2978 ad
2180 2925 2413 2993 tempus
2444 2920 2699 2993 repulsae
2723 2936 2827 2992 per
2850 2920 3180 2991 provincias
3204 2919 3526 2977 diffundun-

1885 3017 1996 3079 lur,
2030 3017 2088 3067 et
2122 3011 2347 3067 efferati
2394 3010 2605 3067 mentis
2640 3008 2937 3079 superbia,
2973 3008 3107 3064 dum
3155 3008 3267 3064 sibi
3310 3008 3524 3065 nullam

138 3099 426 3173 scipliuam
451 3098 651 3171 palatii
674 3100 1050 3157 commiserat
1072 3099 1215 3158 viris
1238 3100 1627 3172 peritissimis.
1656 3103 1768 3158 Ru-
1801 3147 1847 3208 (η
1878 3105 2109 3169 gentem
2127 3097 2904 3171 putantresistere,grandia
2923 3095 3521 3166 qumquemoliuntur,

139 3189 223 3208 ΩΔ-
269 3187 568 3208 _-:-.-‘-I:-
628 3186 889 3208 an:I:-_-_-
939 3188 1311 3208 ---3.I-_-A-I_-
1367 3189 1590 3208 3.---_-99
1675 3206 1715 3208 κ-
1748 3190 1762 3208 ι
1833 3185 1848 3206 Δ
1885 3190 2210 3208 -l-_-L_---_.-
2243 3190 2453 3208 n_----
2484 3193 2672 3208 4-.._--,.
2701 3183 3521 3208 --.-..A--....,.A...:l-..a.I:A:A..:

139 3189 231 3245 ﬁno
259 3187 591 3259 orientalis,
626 3186 891 3245 Stiliconi
932 3188 1315 3246 occidentalis
1365 3189 1591 3262 imperii
1618 3208 1633 3257 ;
1666 3190 1765 3247 sed
1801 3183 1848 3208 υ
1879 3190 2059 3245 etsub
2079 3203 2216 3259 rege
2241 3190 2458 3244 Crosco
2484 3193 2676 3243 terras
2697 3199 3028 3243 omnessuze
3044 3183 3523 3254 cogitantditioni

137 3278 265 3335 alius
289 3277 429 3348 sibi,
458 3277 610 3334 alius
639 3276 759 3333 filio
792 3293 899 3334 suo
922 3277 1202 3335 affectans
1229 3276 1423 3348 regale
1452 3279 1766 3352 fastigium,

138 3381 239 3422 rem
278 3365 647 3439 republicam
697 3366 979 3423 turbavit.
1036 3369 1117 3422 lta
1170 3367 1526 3439 postfhujus
1572 3383 1769 3426 necem

138 3456 537 3513 Wandalorum
585 3470 804 3524 comes,
857 3459 921 3512 ut
970 3456 1317 3513 Eucherium
1370 3456 1548 3513 filium
1601 3472 1769 3514 suum

138 3557 162 3598 a
212 3560 394 3618 puero
442 3544 895 3601 christianorum
945 3559 1143 3602 necem
1182 3544 1479 3602 sitientem
1514 3560 1769 3617 purpura

140 3632 415 3704 indueret,
452 3633 640 3689 totius
698 3633 930 3690 humani
989 3633 1225 3705 generis
1284 3634 1623 3704 sanguinem
1677 3635 1775 3690 de-

140 3722 289 3793 didit,
319 3738 460 3781 cum
493 3720 786 3779 Alaricum
845 3726 903 3779 et
953 3728 1221 3780 cunctam
1273 3722 1589 3780 Gothorum
1639 3737 1776 3794 gen-

143 3816 238 3867 tem
267 3816 596 3883 gentesque
626 3810 772 3867 alias
806 3812 1063 3882 prefatas
1094 3810 1282 3883 copiis
1311 3814 1367 3866 et
1419 3810 1643 3868 viribus
1692 3812 1775 3868 in-

142 3898 475 3956 tolerabiles
524 3898 895 3969 Halanorum,
926 3900 1245 3956 Suevorum
1276 3901 1332 3954 et
1364 3898 1773 3955 Wandalorum

144 3988 371 4059 ipsoque
404 3990 570 4044 motu
603 3986 983 4059 impulsorum
1025 3987 1524 4058 Burgundionum,
1557 3987 1627 4044 ad
1660 3992 1778 4044 ter-

147 4075 363 4133 reudam
399 4091 522 4133 rem
554 4076 846 4148 publicam
902 4075 1060 4133 ultro
1120 4075 1176 4130 in
1228 4089 1385 4131 arma
1447 4075 1776 4132 sollicitans

146 4166 464 4235 suscitavit,
493 4179 739 4237 sperans
770 4164 924 4236 quod
949 4164 1214 4221 barbarae
1234 4168 1443 4235 gentes
1469 4169 1583 4220 tam
1610 4163 1778 4221 facile

143 4253 385 4312 valerent
450 4253 752 4324 comprimi
811 4268 979 4324 quam
1019 4253 1395 4310 commoveri.
1473 4252 1611 4319 Quae
1677 4252 1776 4310 ubi

148 4342 384 4399 Honorio
435 4340 707 4398 nunciata
741 4345 898 4412 sunt,
934 4344 1223 4397 commoto
1248 4340 1511 4398 exercitu
1542 4340 1778 4397 occisus

144 4437 224 4485 est
253 4430 521 4501 Stilicho,
546 4430 780 4488 occisus
812 4434 867 4486 et
901 4429 1223 4487 Eucherius
1254 4433 1311 4486 et
1344 4430 1511 4502 pauci
1538 4445 1664 4486 cum
1689 4430 1776 4486 eis

1881 3276 2169 3345 subjicere
2201 3276 2302 3347 (Cf.
2352 3277 2488 3334 Vita
2523 3274 2782 3346 Antidii).
2818 3276 2939 3330 Rex
2969 3271 3037 3306 ¹⁰⁶
3083 3277 3279 3330 autem
3326 3287 3525 3329 eorum

1886 3364 2331 3436 potentissimus
2360 3369 2418 3421 et
2454 3364 2726 3436 princeps
2776 3364 3026 3419 Croscus
3079 3360 3208 3431 fuit,
3253 3360 3528 3432 superbia

1882 3453 2158 3521 tumidus,
2183 3468 2359 3524 opere
2378 3452 2652 3510 crudelis.
2673 3451 2895 3509 Clamat
2921 3451 3029 3507 hoc
3054 3450 3360 3507 universus
3384 3465 3529 3521 pene

1885 3541 2188 3611 Occidens,
2219 3542 2385 3598 ruina
2409 3542 2533 3612 ipsa
2553 3541 2781 3598 urbium
2804 3539 3198 3610 antiquarum,
3214 3538 3533 3594 munitissi-

1886 3645 2107 3686 marum
2126 3634 2185 3686 et
2208 3634 2659 3703 praepotentum,
2680 3644 2806 3699 quae
2832 3632 3050 3698 quanto
3074 3627 3394 3684 vicinorum
3420 3626 3529 3682 sibi

1889 3719 2200 3775 fluviorum
2267 3718 2526 3791 propiori
2579 3716 3012 3789 applaudebant
3065 3715 3528 3787 opportunitate,

1889 3811 2051 3865 tanto
2071 3807 2374 3877 graviores
2392 3811 2448 3864 et
2468 3804 2833 3864 crudeliores
2856 3805 2990 3861 illos
3013 3808 3328 3862 senserunt
3346 3804 3401 3860 in
3427 3819 3532 3862 sua

1887 3896 2260 3966 contritione,
2288 3896 2484 3965 utjam
2516 3910 2588 3951 ex
2613 3899 2780 3966 parte
2808 3893 3034 3965 impleri
3059 3893 3363 3950 videretur
3388 3893 3532 3950 illud

1888 3985 2314 4057 propheticum:
2333 3983 2756 4056 Pngnabitpro
2770 3997 2832 4039 eo
2845 3982 3006 4041 orbis
3021 3982 3320 4039 terrarum
3330 3982 3536 4039 contra

1886 4075 2219 4132 insensatos
2242 4073 2408 4145 (Sap.
2444 4088 2497 4143 v,
2532 4072 2643 4143 2|).
2668 4072 2805 4137 Quae
2836 4072 2987 4128 enim
3024 4072 3251 4127 fuerant
3276 4070 3536 4140 aliquan-

1889 4162 1962 4219 do
1995 4162 2367 4218 incitamenta
2403 4160 2669 4229 luxurias,
2699 4160 2850 4216 facta
2876 4164 3011 4216 sunt
3033 4158 3118 4215 eis
3142 4159 3392 4214 fomenta
3418 4159 3536 4214 rui-

1890 4266 1997 4321 nas,
2036 4257 2099 4307 ut
2132 4251 2185 4305 in
2219 4264 2332 4320 quo
2360 4248 2600 4319 gravius
2628 4250 3035 4319 peccaverant,
3072 4246 3127 4302 in
3158 4260 3224 4301 ea
3271 4247 3534 4303 severius

1893 4338 2259 4410 punirentur.
2296 4338 2381 4393 Ad
2413 4336 2733 4406 augendam
2794 4334 3156 4391 ferocitatem
3208 4334 3381 4390 animi
3411 4334 3537 4404 ejus

1893 4427 2141 4484 accessit
2177 4432 2236 4483 et
2266 4430 2451 4482 mater
2484 4425 2676 4496 impia,
2701 4423 2837 4479 felle
2860 4414 3269 4480 amaritudinis
3293 4427 3349 4479 et
3376 4424 3536 4480 rabie

148 4517 446 4587 satellites,
470 4520 764 4574 tantarum
791 4515 1153 4573 molitionum
1178 4520 1472 4573 auctores.
1497 4517 1781 4572 Verunta—
1809 4508 1873 4571 D'
1895 4515 2109 4572 furoris
2130 4514 2351 4586 viperei
2376 4513 2692 4570 amaricata
2710 4511 3025 4583 [Faenza],
3045 4512 3352 4582 dirumque
3374 4512 3536 4568 virus

149 4618 264 4659 men
292 4605 488 4663 occiso
516 4604 617 4662 illo
647 4604 745 4676 qui
778 4604 884 4660 fuit
921 4604 1100 4676 prima
1146 4618 1318 4661 causa
1353 4604 1657 4673 malorum,
1694 4619 1781 4660 re-

152 4693 335 4749 floruit
365 4693 698 4764 iniquitatis
730 4693 1119 4750 seminarium.
1157 4694 1295 4748 Nam
1319 4697 1453 4749 ante
1486 4691 1780 4749 biennium

152 4780 406 4839 Romanae
419 4782 768 4854 irruptionis
784 4797 912 4854 quae
927 4783 1077 4838 facta
1093 4785 1184 4838 est
1200 4796 1303 4854 per
1319 4780 1607 4838 Alaricum
1630 4781 1784 4837 exci-

154 4875 325 4928 tatum
359 4887 462 4945 per
482 4872 731 4929 eundem
757 4872 1113 4942 Stiliconem,
1130 4876 1337 4942 gentes
1354 4872 1594 4943 prefatze
1616 4873 1784 4928 Wan-

152 4958 426 5031 dalorum,
454 4961 788 5032 Alanorum,
813 4963 1131 5030 Hunorum,
1159 4962 1500 5029 Suevorum,
1525 4960 1785 5029 Burgun-

153 5047 377 5105 dionum
406 5053 465 5106 et
489 5048 804 5107 multarum
820 5049 1079 5121 gentium
1104 5054 1169 5106 ut
1191 5048 1502 5105 dicimus...
1527 5046 1649 5117 (fol.
1675 5047 1783 5118 38’)

154 5136 339 5194 Galliae
358 5139 430 5195 ab
451 5138 536 5196 eis
558 5139 882 5210 subversae,
898 5137 1203 5208 aecclesiae,
1220 5137 1399 5194 urbes
1422 5139 1669 5207 exustae,
1693 5151 1786 5208 po-

155 5224 262 5293 puli
290 5227 572 5283 trucidati
600 5231 657 5285 et
686 5241 870 5298 usque
893 5228 965 5283 ad
986 5226 1442 5283 internecionem
1470 5223 1670 5295 deleti,
1698 5225 1777 5280 fa-

157 5314 437 5373 cientibus
452 5316 710 5388 peccatis
733 5316 1179 5373 inhabitantium
1212 5330 1359 5387 pene
1391 5319 1550 5371 totus
1582 5314 1784 5371 redac-

1893 4604 2090 4659 efl'lans
2120 4608 2179 4658 et
2212 4602 2532 4673 impietatis
2555 4600 2765 4658 sibilos
2786 4600 3062 4657 emittens
3085 4600 3166 4657 ait
3185 4599 3304 4655 ﬁiio
3332 4619 3343 4654 :
3368 4601 3441 4658 Si
3462 4601 3534 4669 te,

1880 4693 2006 4765 ﬁli,
2028 4691 2238 4762 magni
2230 4692 2426 4761 ﬁcare
2447 4691 2503 4747 et
2517 4704 2726 4747 nomen
2749 4690 2916 4747 tuam
2934 4690 3199 4748 dilatare
3215 4701 3540 4758 novamque

1890 4794 2016 4838 rem
2034 4780 2531 4851 voluerisfacere,
2553 4778 2713 4851 gaod
2734 4779 2851 4836 alii
2866 4778 3314 4850 ediﬂcaeernnt,
3331 4778 3395 4832 tn
3414 4778 3539 4832 des-

1896 4868 2300 4941 trne;popnlos
2312 4881 2459 4939 gnos
2470 4868 2863 4937 superaveris,
2880 4866 3038 4924 inter
3030 4864 3541 4937 ﬁce,-incltristia«

1892 4972 1996 5015 nos
2011 4957 2289 5028 gladium
2302 4955 2671 5023 taamea'm-e,
2698 4955 2769 5011 nt
2791 4956 2899 5025 gni
2907 4955 3141 5026 faciem
3152 4967 3266 5008 non
3277 4952 3544 5009 ciderini

1893 5059 2101 5104 nomen
2122 5045 2289 5102 tuum
2309 5045 2573 5102 timeant.
2593 5044 2816 5111 Quibus
2843 5041 3237 5099 incitamentis
3260 5044 3543 5113 tyrannus

1896 5135 2072 5191 nimio
2107 5135 2300 5191 furore
2333 5148 2679 5204 succensus,
2705 5133 2964 5189 Rhenum
2998 5130 3151 5201 apud
3182 5130 3539 5200 Mogunciam

1898 5223 2206 5294 transiens,
2232 5223 2473 5280 eandem
2509 5224 2709 5278 urbem
2743 5236 2874 5276 cum
2907 5218 3122 5291 populo
3156 5220 3427 5276 vastavit.
3457 5219 3551 5289 (Cf

1897 5314 2079 5374 Gesta
2114 5314 2278 5370 Tm.
2300 5312 2389 5383 35)
2422 5311 2558 5367 Inde
2588 5308 2955 5366 Trevirorum
2979 5309 3181 5364 urbem
3203 5322 3540 5378 aggressus,

1499 5438 1737 5494 νΑῆἰῶ
1780 5436 2180 5495 LECTIONES.

218 5532 286 5565 ⁸⁸⁸
315 5535 515 5591 amicis
566 5551 613 5595 θ.
696 5537 763 5573 ³⁸³
808 5536 1148 5594 Winilorum
1194 5549 1342 5593 corr.
1393 5534 1733 5591 Windorum
1766 5549 1813 5593 ο.
1892 5534 1960 5568 ¹⁰²
1988 5534 2075 5591 eis
2105 5546 2256 5589 corr.
2291 5546 2390 5587 eas
2426 5545 2472 5588 c.
2541 5528 2609 5562 ¹⁰³
2638 5530 2964 5588 Archadius
2995 5546 3143 5589 corr.
3188 5528 3461 5584 Arehadii
3492 5542 3538 5586 ο.

160 5602 218 5635 ⁸⁸⁸
244 5616 322 5659 ea:
350 5607 683 5679 coniectura
709 5608 939 5666 addidi.
975 5606 1044 5641 ¹⁰⁸
1076 5604 1769 5664 Archadio—Theodosio
1789 5611 1823 5664 2
1844 5604 2188 5663 consulibus
2220 5602 2288 5660 in
2319 5616 2504 5675 marg.
2542 5600 2609 5633 ιοθ
2636 5602 3180 5675 Rex—punirentur
3207 5602 3274 5657 in
3297 5612 3489 5671 marg.
