3936 6050
339 271 418 339 es
1298 279 1665 348 HUGONIS
1707 277 2059 345 ABBATIS
2103 276 2787 343 FLAVINIACENSIS
3070 247 3079 257 ’
3661 282 3738 345 δι

338 410 754 472 exterminium
771 412 1031 474 civitatis
1050 418 1106 475 et
1125 413 1574 475 christianorum
1598 416 1841 476 siciebat
1855 429 1984 474 san-
2012 412 2066 476 A
2098 411 2248 472 blica
2275 415 2300 471 ?
2324 414 2525 474 hostes
2550 415 2829 474 Pannonii
2859 417 3261 475 vastaverunt.
3297 415 3522 475 Etenim
3557 417 3745 477 Assur

341 501 594 572 guinem.
629 504 799 576 (Vita
832 505 1068 577 Antidii)
1098 507 1386 564 Treverici
1437 523 1577 564 vero
1626 508 1682 564 in
1715 506 1983 563 arenario

347 591 609 649 civitatis
640 608 811 664 quem
840 595 1169 652 munierant
1200 595 1430 652 liberati
1466 600 1621 652 sunt.
1655 595 1862 653 Plures
1890 594 1988 651 de-

347 678 482 737 hinc
515 682 950 740 Austrasiorum
982 684 1252 741 civitates
1280 683 1503 741 vallaris
1548 682 1987 741 innumerabilis

349 783 546 827 eorum
572 773 868 830 exercitus
892 779 1024 844 post
1047 774 1378 831 destructas
1405 776 1576 832 urbes
1594 779 1650 829 et
1672 789 1876 831 eversa
1897 789 1988 830 ca-

349 862 469 915 stra
502 860 719 916 Mettim
744 862 1050 942 obsidione
1070 864 1415 933 circumdat,
1440 878 1731 942 murorum
1753 863 1990 919 firmita-

349 950 467 1004 tem
499 950 709 1007 crebro
740 938 933 1022 pulsat
964 953 1168 1022 ariete,
1191 953 1290 1009 sed
1313 952 1423 1009 nisi
1449 938 1842 1025 praepedirent
1866 966 1991 1009 scc-

348 1035 470 1093 lera
502 1040 558 1092 et
594 1037 836 1094 crimina
867 1038 1259 1096 habitatorum
1308 1045 1501 1110 terrae,
1534 1055 1647 1096 non
1692 1041 1989 1096 timuisset

355 1125 578 1183 ruinam
610 1126 817 1183 civitas
852 1128 1005 1184 beati
1042 1130 1532 1201 prothomartyris
1560 1129 1835 1201 Stephani
1860 1129 1993 1186 illu-

351 1218 535 1271 strata
569 1216 870 1285 sanguine.
899 1221 955 1272 et
990 1218 1259 1274 Auctoris
1288 1218 1544 1290 episcopi
1571 1220 1791 1275 munita
1815 1219 1993 1274 inter—

353 1303 639 1360 cessione.
676 1305 774 1361 Eis
808 1305 1006 1377 itaque
1037 1322 1240 1378 parum
1284 1306 1726 1379 proﬁcientibus
1765 1308 1989 1363 diutina

351 1391 651 1451 obsidione
665 1394 984 1464 urbemque
999 1395 1483 1467 relinquentibus,
1501 1411 1630 1453 cum
1647 1396 1990 1453 duodecimo

355 1481 429 1536 ab
462 1482 605 1538 urbe
638 1482 887 1538 miliario
909 1488 1097 1540 castra
1120 1485 1476 1556 posuissent,
1504 1501 1701 1542 murus
1725 1489 1884 1542 mutu
1908 1484 1992 1540 di-

352 1569 489 1625 vino
520 1586 802 1627 corruens
850 1572 1145 1630 Wandalis
1189 1574 1463 1643 patefecit
1510 1574 1851 1643 ingressum.
1887 1575 1992 1630 De-

352 1658 611 1728 przedata
638 1659 814 1730 igitur
836 1663 979 1717 urbe
994 1662 1722 1733 etconﬂagrataincendio,
1742 1666 1989 1734 excepto

2098 506 2261 561 venit
2292 522 2420 562 cum
2454 506 2585 564 illis.
2611 507 3012 577 Magonciacus
3046 506 3264 565 nobilis
3293 505 3580 578 quondam
3603 507 3747 581 civi-

2101 598 2192 652 tas
2211 600 2381 667 capta
2405 599 2579 668 atque
2603 597 2906 666 subversa,
2933 600 2991 651 et
3016 595 3069 650 in
3090 594 3352 652 mcclesia
3378 596 3555 652 multa
3582 595 3744 651 milia

2099 685 2393 741 hominum
2426 685 2742 755 trucidata,
2766 685 3090 755 Vangiones
3110 685 3279 753 longa
3310 683 3615 742 obsidione
3647 686 3750 742 dc-

2101 773 2224 843 leti,
2251 774 2557 830 Remorum
2586 774 2725 830 urbs
2745 777 3103 845 prapotens,
3122 773 3403 844 Ambiani,
3421 775 3743 845 Atrebatas,

2101 862 2464 933 extremique
2518 862 2810 920 hominum
2863 862 3084 922 Morini.
3115 863 3425 931 Tornacus,
3463 865 3751 932 Argento-

2102 965 2274 1007 racus
2308 950 2605 1009 translatae
2638 952 2690 1006 in
2725 951 3106 1019 Germaniam,
3136 950 3479 1022 Aquitaniaz,
3505 953 3750 1008 Novem-

2105 1039 2389 1113 pobulana
2423 1039 2511 1111 ίοθ,
2546 1039 2945 1110 Lugdunensis
2979 1054 3211 1111 quoque
3247 1044 3307 1097 et
3348 1040 3748 1096 Narbonensis

2104 1129 2457 1200 provincia);
2494 1133 2710 1200 praeter
2743 1144 2958 1201 paucas
2998 1130 3175 1185 urbes
3214 1134 3420 1185 cuncta
3462 1128 3749 1201 populata

2103 1222 2260 1287 sunt,
2297 1233 2441 1287 quas
2470 1221 2526 1272 et
2563 1217 2722 1288 ipsas
2759 1217 2898 1272 foris
2937 1216 3187 1286 gladius.
3224 1216 3380 1272 intus
3428 1219 3620 1273 vastat
3676 1215 3752 1272 ti-

2103 1322 2245 1364 mor.
2282 1310 2401 1363 Non
2436 1322 2668 1380 possum
2713 1308 2934 1378 absque
2985 1306 3239 1363 lacrimis
3288 1307 3506 1363 Tolosae
3550 1307 3754 1363 facere
3803 1334 3813 1340 -

2103 1398 2479 1468 mentionem,
2509 1412 2636 1466 quae
2689 1400 2750 1453 ut
2795 1397 3093 1467 hucusque
3146 1411 3257 1452 non
3309 1398 3527 1467 rueret,
3557 1396 3750 1452 sancti

2102 1487 2379 1559 Exuperii
2395 1487 2598 1542 merita
2620 1486 3025 1557 prestitcrunt.
3046 1486 3191 1557 lpsze
3207 1484 3492 1557 Hispaniae
3509 1485 3753 1556 jamque

2102 1575 2382 1646 perituras
2430 1574 2909 1643 contremiscunt,
2963 1572 3343 1630 recordantes
3399 1572 3755 1644 irruptionis

2106 1663 2443 1734 Cymbricie,
2469 1670 2528 1719 et
2550 1665 2699 1734 quod
2737 1663 2833 1719 alii
2866 1662 3045 1718 semel
3078 1662 3230 1734 passi
3256 1667 3412 1732 sunt,
3438 1662 3580 1734 ipsa?
3602 1675 3757 1718 sem-

353 1748 539 1803 sancti
570 1748 844 1819 Stephani
877 1751 1154 1822 oratorio,
1189 1752 1413 1821 egressi
1447 1756 1580 1809 sunt
1606 1752 1859 1823 barbari,
1882 1754 1990 1807 Au-
2017 1772 2074 1834 Β
2107 1766 2208 1824 per
2238 1753 2445 1809 timore
2479 1756 2798 1824 patiuntur.
2833 1775 2859 1799 ιι

355 1839 576 1892 ctorem
609 1838 946 1910 episcopum
977 1846 1037 1895 et
1067 1840 1333 1912 captivos
1364 1840 1646 1913 plurimos
1676 1842 1990 1909 ducentes;

359 1938 529 1994 quem
554 1941 704 1997 mox,
726 1927 1005 1986 miraculo
1026 1930 1220 1986 divino
1239 1930 1561 2001 perterriti,
1578 1946 1706 1986 cum
1724 1931 1993 1986 omnibus

357 2027 479 2069 suae
509 2014 770 2073 civitatis
796 2016 1043 2087 captivis
1074 2022 1133 2074 ct
1166 2018 1359 2089 praeda
1392 2018 1796 2075 innumerabili
1831 2018 1993 2075 abire

356 2102 574 2171 sinunt,
611 2105 758 2160 satis
787 2108 1055 2162 verentes
1088 2121 1156 2163 ne
1188 2123 1294 2179 pro
1323 2107 1467 2163 tanti
1501 2106 1610 2163 viri
1643 2106 1994 2164 contumelia

354 2189 577 2246 celeste
607 2206 707 2247 eos
737 2193 1123 2262 conﬂagraret
1151 2195 1496 2251 incendium.
1521 2194 1611 2250 Sic
1638 2194 1728 2249 vir
1757 2202 1996 2251 sanctus

360 2278 495 2335 dum
541 2294 649 2351 pro
697 2280 906 2338 ovibus
947 2283 1091 2338 mori
1142 2283 1458 2353 desiderat,
1505 2283 1846 2355 captivitate
1897 2299 1996 2340 sua

359 2367 724 2437 captivorum
758 2369 934 2425 solvit
966 2371 1218 2427 vincula.
1254 2373 1479 2427 Interea
1512 2376 1707 2428 castra
1741 2371 1993 2443 illorum,

351 2454 573 2525 junctis
602 2456 710 2513 sibi
747 2458 927 2514 Hunis
958 2459 1054 2529 qui
1089 2475 1192 2531 per
1226 2462 1481 2516 Rhenum
1516 2463 1728 2517 Mosam
1759 2462 1997 2519 ﬂuvium

358 2543 803 2615 descenderant,
840 2546 1158 2604 Virdunum
1208 2550 1545 2620 adveniunt,
1597 2552 1800 2606 urbem
1850 2551 2000 2606 obsi-

358 2632 533 2688 dione
565 2634 947 2700 circumdant,
967 2636 1020 2689 in
1050 2638 1310 2707 proximo
1327 2637 1477 2693 colle
1496 2652 1567 2693 ex
1590 2638 1837 2695 adverso
1860 2639 2000 2694 civi-

363 2721 503 2777 tatis
525 2725 786 2778 castrum
807 2722 1121 2793 collocant,
1149 2725 1299 2781 unde
1324 2726 1726 2796 frequentibus
1742 2727 2000 2797 eruptio-

358 2809 534 2866 nibus
555 2810 878 2881 Oppidanos
900 2813 1235 2883 pertubant.
1263 2814 1441 2871 Villas
1463 2815 1730 2871 omnesin
1746 2816 1997 2873 circuitu

359 2897 581 2969 positas
628 2898 778 2955 edax
829 2900 1052 2957 ﬂamma
1099 2902 1479 2974 consumpsit,
1524 2901 1750 2960 ediﬂcia
1809 2905 2000 2961 omnia

362 2985 527 3042 ruina
560 2987 859 3059 contrivit,
895 2989 1038 3046 nulli
1070 2995 1158 3047 cst
1193 2991 1480 3049 indultum
1514 2992 1673 3048 mtati
1700 3010 1715 3059 ;
1740 3007 1911 3051 senes
1941 2999 1996 3050 et

355 3075 624 3145 juvenes,
651 3092 862 3149 parvos
892 3081 949 3135 et
974 3094 1233 3151 magnos,
1262 3084 1479 3137 matres
1509 3096 1639 3138 cum
1662 3082 1888 3147 liberis,
1911 3083 2004 3139 do-

366 3163 552 3223 minos
597 3181 728 3224 cum
778 3167 1014 3226 familia.
1049 3168 1240 3225 omnia
1288 3169 1426 3225 tulit
1474 3169 1723 3240 gladius.
1760 3172 2000 3228 Barbari

363 3270 503 3311 vero
523 3254 746 3312 diutius
766 3259 1135 3328 attemptata,
1152 3257 1519 3314 considerata
1543 3263 1603 3315 et
1625 3259 1883 3332 inspecta
1909 3277 2003 3318 ur-

364 3342 454 3398 bis
487 3343 782 3415 ﬂrmitate,
816 3349 877 3400 et
929 3345 1139 3402 vicium
1187 3360 1247 3402 se
1298 3361 1518 3417 suaque
1567 3348 2002 3405 defendentium

369 3432 865 3502 magnanimitate,
884 3449 1011 3490 cum
1040 3434 1367 3491 diffiderent
1395 3450 1498 3492 sua
1529 3450 1653 3492 eam
1689 3452 1865 3508 posse
1894 3438 2006 3495 vir-

299 3524 303 3529 '
361 3524 490 3578 tute
524 3521 675 3593 capi,
707 3536 836 3594 quae
867 3522 1214 3593 cingebatur
1237 3538 1402 3580 muro
1427 3523 2006 3597 indissolubili,com-

362 3610 554 3681 pactis
571 3613 628 3666 et
645 3611 941 3668 consertis
955 3611 1250 3683 lapidibus
1264 3612 1505 3684 plumbo
1522 3614 1879 3685 ferroque,et
1888 3616 2004 3686 jam

363 3699 422 3754 in
453 3699 559 3756 hoc
590 3704 789 3757 essent
828 3706 889 3757 ut
930 3700 1003 3756 ad
1037 3699 1147 3756 alia
1184 3715 1247 3756 se
1284 3701 1643 3773 conferrent,
1671 3703 1873 3759 urbem
1916 3719 2007 3759 ca-

365 3787 532 3858 piunt
554 3792 610 3845 et
638 3788 896 3845 diruunt.
918 3789 1168 3846 Croscus
1192 3804 1331 3847 vero
1357 3789 1666 3847 universas
1692 3791 2004 3848 Galliarum

368 3878 549 3934 urbes
595 3876 928 3949 pervolans.
966 3878 1111 3933 alias
1142 3877 1377 3947 delevit,
1412 3878 1557 3935 alias
1588 3882 2001 3952 concremavit,

365 3972 422 4025 et
455 3966 791 4025 christiana:
823 3967 970 4038 legis
996 3969 1252 4025 fautores
1276 3969 1475 4041 pravis
1495 3972 1554 4027 et
1578 3970 1856 4028 inauditis
1879 3986 2008 4044 per-

364 4056 819 4129 sequutionibus
849 4056 1139 4128 quatiens,
1173 4058 1454 4129 quosdam
1486 4058 1665 4116 variis
1714 4060 2007 4131 protraxit

372 4145 557 4219 penis,
594 4145 872 4217 quosdam
903 4146 1086 4203 citato
1117 4146 1305 4205 secuit
1339 4147 1455 4205 ictu
1491 4147 1777 4219 bipennis.
1804 4148 2010 4205 Nullus

371 4235 523 4291 enim
551 4239 681 4291 erat
723 4234 778 4290 in
820 4235 1089 4292 barbaris
1135 4235 1341 4292 modus
1388 4236 1656 4305 vesaniae,
1690 4235 1886 4291 nullus
1934 4236 2010 4291 in-

370 4321 687 4391 dulgentiae
735 4322 916 4393 locus,
952 4324 1052 4380 sed
1105 4327 1234 4379 erat
1281 4338 1510 4395 semper
1557 4324 1625 4379 ad
1670 4324 2007 4380 caedendum

371 4409 646 4466 continua
680 4425 902 4468 manus.

2182 1842 2346 1909 (Vita
2369 1841 2635 1911 Antidii.)
2661 1840 2909 1896 Croscus
2932 1840 3127 1911 itaque
3152 1839 3391 1895 Galliam
3414 1839 3757 1910 Lugdunen-

2107 1931 2254 1986 sium
2286 1944 2609 2001 pervagatis
2639 1944 2768 1985 cum
2805 1928 3100 1985 Arelatum
3149 1929 3444 1984 obsideret
3478 1934 3689 2000 captus
3720 1943 3752 1983 a

2107 2017 2283 2074 Mario
2304 2017 2555 2089 praeside
2577 2020 2633 2072 ct
2660 2016 2885 2072 catenis
2908 2016 3141 2073 vinctus
3165 2032 3266 2088 per
3288 2018 3464 2072 urbes
3489 2030 3635 2086 quas
3658 2030 3757 2071 va-

2108 2112 2366 2163 staverat
2402 2106 2472 2161 ad
2508 2106 2920 2177 improperium
2948 2106 3251 2171 reductus,
3276 2108 3408 2176 post
3432 2104 3610 2161 multa
3640 2110 3759 2161 tor-

2109 2199 2301 2251 menta
2335 2195 2564 2267 impiam
2595 2194 2771 2250 vitam
2802 2195 3013 2251 misero
3047 2195 3231 2251 ﬁnivit
3261 2194 3443 2251 obitu.
3467 2195 3757 2264 Regnavit

2108 2288 2302 2340 autem
2368 2288 2496 2354 post
2555 2298 2683 2338 eum
2744 2298 2921 2353 super
2976 2283 3286 2339 Wandalos
3352 2282 3757 2339 Fredebaldus

2111 2372 2329 2443 [lnam].
2357 2374 2517 2428 Hunc
2546 2372 2917 2428 Constantius
2940 2372 3244 2443 patricius,
3270 2386 3437 2444 quem
3462 2372 3761 2429 Honorius

2111 2462 2262 2531 apud
2289 2464 2615 2517 Ravennam
2643 2464 2976 2517 consortem
3004 2462 3221 2517 fecerat
3248 2461 3473 2532 imperii
3496 2461 3759 2518 etPlaci-

2110 2551 2261 2607 diam
2295 2565 2551 2607 sororem
2585 2565 2747 2607 suam
2780 2550 2830 2605 ei
2868 2549 3128 2619 dederat,
3166 2565 3237 2606 cx
3270 2565 3378 2621 qua
3412 2549 3613 2621 genuit
3648 2551 3761 2606 Va-

2112 2639 2513 2709 lentinianum,
2534 2639 2831 2709 ingeniose
2856 2639 3009 2711 cepit
3035 2643 3092 2695 et
3120 2639 3373 2695 Honorio
3398 2638 3757 2705 direxit;cui

2112 2728 2401 2784 successit
2432 2728 2798 2784 Gundericus
2831 2728 3010 2799 [Onos
3045 2744 3137 2798 vn,
3164 2728 3272 2800 40].
3297 2727 3595 2785 Wandalis
3614 2744 3759 2799 ergo

2113 2830 2216 2889 per
2248 2816 2462 2872 Gallias
2497 2816 3015 2883 debacchantihus,
3051 2817 3201 2888 apud
3238 2816 3592 2875 Brittannias
3621 2818 3761 2872 Cra-

2112 2904 2308 2960 tianus
2342 2909 2619 2975 tyrannus
2646 2907 2882 2960 creatur
2908 2908 2967 2959 et
3001 2905 3314 2975 occiditur,
3338 2909 3394 2961 et
3430 2906 3759 2964 Constanti-

2113 3005 2224 3047 nus
2254 3004 2326 3047 ex
2357 2989 2550 3045 infima
2586 2989 2791 3045 militia
2823 2995 3066 3062 propter
3097 2989 3278 3046 solam
3311 3004 3473 3061 spem
3506 2990 3760 3047 nominis

2113 3079 2238 3137 sine
2271 3078 2479 3134 merito
2525 3078 2765 3135 virtutis
2811 3078 3071 3149 eligitur.
3107 3078 3213 3145 Qui
3265 3093 3396 3135 mox
3437 3077 3492 3134 in
3543 3077 3764 3136 Gallias

2113 3169 2428 3239 transiens,
2445 3171 2502 3225 et
2537 3184 2564 3223 a
2601 3168 2868 3224 barbaris
2903 3167 3144 3224 incertis
3168 3166 3463 3223 federibus
3483 3181 3639 3239 saepe
3663 3166 3764 3223 de-

2117 3257 2300 3328 lusus,
2327 3272 2457 3314 cum
2487 3256 2665 3313 vellet
2696 3256 2751 3311 in
2785 3256 3131 3328 HySpaniam
3158 3255 3387 3327 judices
3417 3254 3675 3325 mittere,
3702 3260 3765 3312 et

2115 3346 2358 3416 Pyrenei
2389 3344 2668 3402 claustris
2697 3344 2943 3402 militum
2965 3344 3232 3400 custodia
3259 3343 3499 3400 munitis
3516 3343 3766 3416 repelle-

2118 3438 2300 3504 retur,
2334 3436 2706 3491 Constantem
2741 3432 2920 3488 ﬂlium
2951 3447 3119 3489 suum
3152 3446 3224 3488 ex
3254 3432 3534 3488 monacho
3579 3446 3765 3489 caesa-

2117 3537 2237 3577 rem
2273 3522 2486 3578 factum
2520 3536 2651 3577 cum
2685 3519 3030 3591 quibusdam
3065 3517 3331 3575 barbaris
3365 3517 3421 3574 in
3454 3519 3645 3575 fcedus
3676 3533 3765 3575 re-

2116 3610 2306 3683 ceptis
2327 3615 2383 3665 et
2410 3610 2480 3666 ad
2506 3608 2768 3664 militiam
2789 3607 3021 3664 allectis
3042 3607 3137 3679 qui
3159 3606 3465 3663 Honoriaci
3490 3606 3767 3663 diceban-

2117 3702 2214 3756 tur
2247 3699 2346 3754 illo
2376 3698 2552 3754 misit.
2579 3699 2647 3753 Et
2680 3696 3013 3753 interfectis
3047 3695 3166 3751 illis
3189 3695 3287 3767 qui
3321 3695 3567 3766 Pyrenei
3598 3695 3766 3768 alpes

2120 3787 2347 3858 privato
2372 3786 2649 3859 praesidio
2673 3787 3039 3855 tutabantur,
3065 3784 3156 3841 his
3180 3784 3446 3841 barbaris
3466 3783 3634 3855 quasi
3658 3799 3765 3856 pro

2119 3875 2356 3951 praemio
2387 3874 2647 3931 victoriae
2681 3874 2736 3929 in
2767 3872 3099 3931 Palaestinis
3130 3872 3350 3944 campis
3377 3871 3680 3945 praedandi
3700 3871 3766 3927 li-

2116 3964 2309 4021 centia
2333 3963 2490 4034 data,
2518 3962 2727 4020 dehinc
2750 3961 3076 4033 supradicti
3100 3962 3312 4018 montis
3336 3964 3558 4016 remota
3581 3960 3765 4016 rusti-

2116 4067 2392 4110 canorum
2425 4050 2581 4107 ﬂdeli
2614 4055 2673 4106 et
2703 4049 2832 4107 utili
2866 4049 3127 4107 custodia
3158 4064 3297 4106 cura
3330 4052 3418 4105 est
3456 4048 3761 4121 permissa.

2119 4141 2224 4208 Qui
2265 4140 2458 4212 prada
2479 4138 2683 4195 imbuti
2712 4144 2771 4194 et
2791 4137 3187 4194 habundantia
3214 4136 3417 4205 illecti,
3445 4151 3558 4208 quo
3580 4137 3768 4207 magis

2119 4227 2677 4299 scelusimpunitum
2707 4224 3230 4295 foretetmagiseis
3254 4224 3504 4297 praedari
3535 4223 3764 4295 liceret,

2120 4315 2352 4389 prodita
2394 4314 2638 4386 Pyrenei
2660 4315 2947 4384 custodia,
2964 4313 3360 4384 claustrisque
3381 4313 3622 4385 apertis,
3637 4328 3770 4384 gen-

2119 4406 2212 4461 tes
2244 4417 2355 4475 que
2388 4418 2492 4475 per
2524 4402 2738 4459 Gallias
2769 4403 3133 4473 vagabantur
3164 4400 3543 4458 introducunt
3573 4407 3636 4457 et
3668 4404 3770 4474 Hy-

446 4497 745 4567 Temporis
760 4498 932 4568 hujus
944 4498 1291 4555 mentionem
1315 4498 1531 4555 faciens
1552 4498 1918 4557 Jherouimus
1942 4499 2008 4535 ¹⁰⁷

2182 4491 2454 4548 ιθηὶειιηιιη
2488 4490 2806 4563 provinciis
2838 4490 2906 4523 ¹⁰⁹
2928 4489 3268 4560 immittunt,
3295 4488 3498 4561 eisque
3523 4488 3636 4561 ipsi
3671 4491 3770 4547 ad-

372 4585 426 4641 in
462 4585 716 4657 epistola
748 4601 849 4644 sua
894 4602 1061 4657 quam
1113 4587 1355 4659 scripsit
1404 4588 1475 4643 ad
1527 4586 1904 4657 Agerochiam
1938 4589 2009 4645 de

373 4673 754 4753 monogamia,
781 4675 863 4732 sic
886 4675 967 4731 ait
989 4694 1000 4729 :
1020 4695 1047 4726 «
1069 4674 1434 4732 Presentium
1450 4675 1812 4731 miseriarum
1830 4691 2009 4747 pauca

376 4776 712 4834 percurram
754 4781 765 4816 :
811 4762 960 4833 quod
1001 4763 1117 4818 rari
1157 4763 1268 4819 huc
1306 4777 1489 4834 usque
1522 4763 1864 4834 res’demus,
1898 4779 2009 4821 non

375 4851 561 4910 nostri
601 4851 792 4909 meriti
826 4851 929 4908 sed
960 4852 1180 4909 Domini
1233 4857 1327 4908 est
1376 4852 1811 4910 misericordiae.
1846 4855 2013 4910 Innu-

380 4939 690 4997 merabiles
714 4945 774 4997 et
795 4939 1175 4996 ferocissimae
1192 4940 1457 4998 nationes
1473 4941 1775 4997 universas
1798 4940 2012 4998 Gallias

379 5033 761 5100 occuparunt.
791 5029 1083 5101 Quidquid
1106 5029 1259 5086 inter
1278 5030 1454 5101 Alpes
1474 5033 1534 5085 et
1554 5031 1874 5100 Pyrenam
1897 5034 2009 5100 est,

378 5116 531 5188 quod
563 5132 780 5174 oceano
824 5119 1139 5190 Rhenoque
1186 5117 1524 5187 includitur,
1561 5117 1796 5183 Quadus
1850 5119 2016 5173 Wan-

377 5205 563 5275 dalus,
600 5205 881 5277 Sarmata,
918 5206 1101 5277 Alani,
1137 5206 1447 5279 Geppides,
1482 5205 1701 5277 Ileruli,
1737 5206 2010 5277 Saxones,

376 5293 843 5365 Burgundiones,
889 5294 1210 5366 Alemanni,
1262 5299 1341 5365 et,
1387 5309 1421 5351 o
1467 5293 1715 5365 lugenda
1762 5308 1857 5349 res
1913 5307 2016 5364 pu-

2114 4581 2442 4652 junguntur
2473 4583 2649 4651 atque
2682 4583 2814 4652 post
2846 4594 3056 4649 graves
3109 4593 3309 4636 rerum
3356 4578 3771 4651 hominumque

2122 4670 2490 4727 vastationes
2512 4669 2830 4725 distributa
2856 4668 3067 4724 ibidem
3096 4668 3464 4740 possessione
3487 4667 3770 4724 constite-

2122 4763 2281 4827 runt,
2319 4758 2417 4815 ubi
2452 4757 2668 4814 multos
2701 4756 3153 4813 christianorum
3193 4755 3557 4813 Gundericus
3587 4755 3769 4813 inter-

2126 4847 2282 4903 fecit.
2306 4845 2675 4902 Jheronimus
2695 4844 2766 4900 de
2796 4847 2955 4900 statu
2976 4843 3261 4916 temporis
3280 4843 3547 4901 scribens
3568 4843 3641 4899 ad
3662 4845 3772 4901 He-

2123 4936 2426 5007 lyodorum
2461 4936 2567 5007 (ep.
2586 4933 2676 5004 60)
2706 4952 2718 4987 :
2757 4957 2781 4982 α
2816 4932 3167 5003 Horret,ait,
3192 4932 3420 4990 animus
3441 4937 3766 5006 temporum

2125 5028 2456 5081 nostrorum
2498 5022 2699 5078 ruinas
2748 5020 3042 5094 prosequi.
3075 5021 3292 5092 Viginti
3325 5026 3386 5077 et
3416 5036 3485 5077 eo
3517 5020 3770 5093 amplius

2124 5114 2258 5171 anni
2282 5118 2438 5179 sunt,
2456 5111 2610 5184 quod
2634 5110 2787 5166 inter
2810 5108 3372 5181 Constantinopolim
3395 5111 3453 5165 et
3478 5109 3657 5182 Alpes
3677 5113 3775 5167 Ju—

2126 5202 2237 5259 lias
2263 5201 2480 5258 cotidie
2520 5201 2813 5256 Romanus
2861 5198 3096 5269 sanguis
3145 5197 3427 5255 funditur.
3464 5197 3767 5271 Scithiam,

2124 5289 2443 5360 Trachiam,
2499 5287 2909 5356 Macedoniam,
2969 5286 3345 5359 Thessaliam,
3396 5285 3765 5359 Dardaniam,

1725 5416 1961 5470 VARIE
2005 5412 2402 5469 LECTIONES.

440 5514 508 5550 ίθτ
541 5516 904 5573 Iberonimus
926 5516 1360 5588 —monogamia
1391 5517 1458 5574 in
1481 5528 1673 5586 marg.
1708 5511 1775 5547 ιο·
1804 5509 2311 5585 NovempOpulana
2339 5523 2489 5568 corr.
2526 5507 3032 5581 Novempobulana
3061 5521 3109 5566 ο.
3143 5507 3210 5541 ¹⁰⁹
3235 5507 3571 5582 provincias
3614 5521 3764 5569 corr.

373 5588 692 5662 provinciis
723 5601 769 5646 ο.
