3940 6048
298 216 373 281 67
786 226 789 227 ⁷
1112 284 1120 291 ,
1273 210 1560 279 HUGON
1565 212 1640 277 IS
1681 212 1945 277 ΑΒΒΑἸ

2078 206 2754 277 FLAVINIACENSIS
2916 238 2921 243 ί
3616 210 3697 275 68

301 356 358 408 et
394 350 657 408 moderni
691 347 976 421 hodieque
994 349 1310 418 nescirent,
1337 348 1447 405 nisi
1474 350 1646 405 beato
1666 347 1937 419 Agerico,
1969 346 2027 409 A
2056 351 2316 404 noratur.
2350 349 2546 419 Neque
2569 348 2677 405 hoc
2720 347 2984 404 dicentes
3045 344 3303 419 aquales
3345 346 3695 418 profitemur

257 466 265 473 ν
310 440 406 510 qui
431 445 560 512 post
576 439 744 508 longa
760 437 1333 509 tempora,videlicet
1357 444 1493 509 post
1531 436 1943 493 successiones

309 530 566 600 quinque
599 528 957 601 pontificum,
996 529 1118 599 ipse
1169 532 1372 584 sextus
1429 527 1516 582 eis
1550 530 1939 595 successerat,

307 622 425 673 tam
458 618 726 689 preciosa
757 616 1001 673 simbola
1028 616 1384 673 revelatione
1406 608 1692 672 nocturna
1716 629 1817 686 per
1849 630 1945 670 an-

307 704 571 776 gelorum
594 705 845 763 ofﬁcium
861 706 1121 775 dignatio
1141 705 1502 762 declarasset
1516 704 1946 760 divina.Narra-

306 797 521 850 verunt
551 799 744 851 autem
768 794 840 849 de
873 794 1046 850 beato
1070 794 1265 849 Mauro
1288 791 1354 826 “3
1379 791 1653 863 posteris,
1710 791 1794 846 illi
1846 792 1943 861 qui

308 882 630 939 interfuere
654 881 1025 939 translationi
1057 897 1185 952 qua
1220 896 1249 937 a
1277 881 1448 936 beato
1502 880 1769 950 Agerico,
1806 884 1945 936 tunc

304 971 593 1043 temporis
616 971 768 1027 facta
801 975 910 1038 est,
955 974 1012 1025 et
1042 969 1403 1041 posteriores
1443 969 1684 1041 scriptis
1712 968 1783 1024 ad
1817 984 1947 1025 nos-

310 1064 457 1117 tram
474 1074 657 1130 usque
699 1059 965 1116 notitiam
1010 1059 1487 1128 transmiserunt,
1537 1058 1769 1113 beatum
1797 1058 1947 1113 Mau-

308 1165 435 1205 rum
450 1149 702 1206 diversis
717 1147 1139 1219 suppliciorum
1162 1147 1479 1217 generibus
1514 1146 1781 1202 affectum
1800 1147 1950 1201 veri-

308 1237 828 1293 tatitestimonium
848 1236 1242 1308 perhibuisse,
1264 1239 1321 1291 et
1342 1251 1447 1307 pro
1463 1234 1794 1291 ﬁdeChristi
1810 1248 1951 1290 mar-

305 1326 469 1396 tirio,
485 1325 859 1396 occubuisse,
875 1325 1023 1382 sicut
1039 1329 1095 1380 et
1114 1324 1220 1397 ipsi
1236 1325 1290 1379 in
1306 1324 1583 1380 defuncto
1617 1323 1836 1394 videre,
1890 1328 1947 1379 et

308 1413 553 1470 necdum
576 1413 770 1470 soluto
822 1429 1069 1485 corpore
1102 1413 1290 1469 sancti
1343 1412 1455 1484 piis
1498 1410 1719 1469 osculis
1755 1411 1947 1469 dulcia

310 1502 549 1559 vulnera
566 1507 1031 1558 contrectavcre.
1052 1501 1162 1558 Sed
1206 1503 1455 1558 fortasse
1496 1500 1649 1558 dicat
1692 1500 1946 1572 aliquis:

308 1590 499 1656 Quare
514 1605 655 1661 ergo
681 1592 889 1647 beatus
903 1591 1190 1661 Agericus
1208 1594 1268 1647 et
1282 1589 1561 1662 temporis
1578 1588 1950 1661 illiusfideles

2057 437 2420 493 confessores
2440 435 2814 508 martyribus,
2844 452 3091 508 quorum
3120 435 3449 493 constantia
3474 435 3690 493 Christi

2057 529 2145 579 est
2170 525 2233 580 in
2249 539 2351 581 sua
2376 526 2648 596 passione
2671 530 2918 596 sequuta
2935 525 3205 595 vestigia;
3230 523 3335 581 scd
3357 528 3494 581 tunc
3512 524 3567 580 in
3584 525 3700 596 pri-

2058 613 2284 670 mordio
2324 613 2901 672 nascentisecclesia
2925 629 3055 671 cum
3083 613 3290 670 sevitia
3315 613 3562 670 furentis
3603 613 3701 669 ad-

2056 702 2303 759 versarii
2334 703 2552 760 multos
2582 703 2750 759 nobis
2781 704 2999 759 faceret
3060 702 3332 759 veritatis
3389 706 3694 774 martyres.

2056 792 2283 862 perrari
2315 792 2763 849 inveniebantur
2791 791 3174 849 ecclesiarum
3222 791 3488 861 magistri
3517 797 3577 847 et
3594 791 3696 848 do-

2055 884 2271 937 ctores.
2299 882 2461 937 Nunc
2493 881 2624 951 quia
2652 881 2770 951 jam
2806 881 2865 936 in
2883 879 3097 937 mundo
3122 880 3281 951 viget
3304 880 3701 937 christianita-

2059 970 2134 1026 tis
2153 969 2382 1039 titulus,
2407 974 2463 1025 et
2499 984 2638 1042 pace
2652 968 2917 1026 ecclesia
2938 968 3034 1025 Dei
3068 968 3297 1025 reddita
3334 968 3591 1025 hostium
3608 968 3702 1025 ad-

2060 1059 2417 1115 versantium
2451 1058 2743 1115 contritus
2772 1063 2858 1115 est
2884 1058 3158 1131 impetus,
3202 1058 3693 1128 sacerdotumque

2062 1148 2317 1219 puritate
2349 1148 2680 1204 innocentis
2704 1148 2839 1203 vita
2872 1148 3111 1203 Domino
3135 1147 3541 1203 adherentium
3577 1145 3702 1202 diu-

2058 1237 2346 1293 turnitate
2380 1237 2537 1309 pacis
2560 1237 2751 1292 crevit
2772 1236 3190 1307 numerositas,
3223 1237 3371 1292 adeo
3401 1239 3463 1292 ut
3496 1236 3702 1307 plures

2061 1324 2328 1381 ecclesia
2361 1341 2487 1396 qua
2519 1324 2835 1381 multorum
2866 1324 3209 1397 pontificum
3233 1324 3703 1380 beatorumirra-

2061 1412 2296 1469 diantur
2325 1413 2520 1484 titulo,
2545 1414 2641 1470 vix
2667 1412 2838 1471 unius
2854 1413 3130 1485 martyris
3164 1412 3483 1469 fulciantur
3504 1418 3703 1484 patro-

2060 1501 2214 1558 cinio
2248 1522 2260 1557 :
2297 1502 2360 1557 fit
2394 1503 2707 1573 utquidam
2730 1517 2762 1558 e
2794 1501 2970 1572 vulgo
3002 1500 3155 1573 quod
3180 1501 3391 1557 habent
3433 1501 3599 1573 quasi
3624 1502 3704 1557 fa-

2064 1591 2328 1662 stidiant,
2356 1591 2510 1662 quod
2542 1606 2651 1647 non
2686 1591 2902 1647 habent
2926 1590 3284 1661 desiderent,
3312 1596 3372 1646 et
3412 1594 3704 1663 martyres

309 1680 643 1736 memoriam
661 1679 822 1736 illius
837 1681 949 1736 sub
967 1679 1196 1735 nomine
1210 1683 1266 1735 et
1284 1679 1499 1735 honore
1515 1677 1951 1751 martyriscele-
1978 1704 2034 1765 Β
2064 1679 2217 1735 omni
2246 1680 2477 1751 quidem
2498 1681 2716 1736 honore
2729 1679 2937 1750 dignos
2954 1679 3240 1751 judicent,
3263 1684 3326 1734 ut
3343 1679 3566 1749 justum
3589 1683 3703 1750 est,

310 1768 467 1824 brari
491 1783 599 1824 non
637 1768 1039 1839 instituerant,
1067 1783 1195 1839 qua
1237 1768 1529 1838 hodieque
1575 1769 1685 1824 sub
1721 1768 1949 1824 nomine

309 1856 673 1912 confessoris
698 1860 1018 1912 veneratur
1047 1859 1069 1912 ?
1096 1855 1375 1926 Quisquis
1408 1855 1520 1912 ista
1555 1856 1952 1926 obponit,res-

311 1944 563 2016 pondeat
602 1948 662 2000 et
694 1944 819 2017 ipse
856 1943 1080 2011 :Quare
1103 1945 1312 2000 beatus
1341 1944 1655 2014 Gregorius
1672 1958 1816 2016 papa
1840 1945 1948 2000 Ro-

312 2048 538 2103 manus,
556 2034 890 2091 memoriam
942 2033 1443 2106 praedecessorum
1457 2048 1692 2090 suorum
1723 2032 1954 2105 pontifi-

309 2137 439 2179 cum
472 2122 861 2179 Romanorum
896 2122 1177 2192 martyrio
1199 2122 1685 2179 coronatorumin
1700 2121 1951 2179 ecclesia

309 2212 461 2269 sicut
481 2211 771 2282 hodieque
785 2212 1018 2269 canitur
1034 2211 1373 2283 instituens,
1391 2211 1721 2268 nobilitavit
1738 2226 1841 2267 eos
1855 2226 1954 2267 no-

310 2299 463 2356 mine
497 2300 904 2357 confessorum
932 2307 989 2355 et
1024 2314 1139 2356 non
1175 2300 1374 2372 potius
1417 2304 1756 2371 martyrum,
1810 2314 1956 2371 quos

309 2387 513 2460 utique
535 2389 752 2446 scimus
767 2403 871 2460 pro
895 2389 1128 2445 Christo
1150 2388 1522 2460 gravissimis
1540 2388 1854 2446 tormentis
1875 2390 1954 2443 af-

310 2476 504 2534 ilictos
524 2475 590 2511 1“
614 2478 849 2549 pramia
867 2478 1005 2534 vita
1026 2477 1304 2547 sanguine
1318 2477 1640 2534 redemisse
1655 2481 1679 2534 ‘i
1693 2477 1805 2534 Nos
1826 2493 1955 2549 pro-

312 2564 545 2622 modulo
564 2565 844 2635 ingenioli
865 2566 925 2622 id
950 2566 1372 2637 respondemus
1400 2586 1411 2620 :
1440 2565 1583 2631 Quia
1613 2570 1790 2624 tanta
1812 2571 1953 2622 tunc

310 2653 366 2709 in
397 2652 649 2710 ecclesia
683 2660 812 2711 erat
832 2654 1057 2726 gloria,
1082 2654 1403 2725 quemlibet
1426 2655 1803 2712 doctorumin
1827 2669 1953 2713 ver-

310 2742 384 2797 bo
417 2742 702 2798 doctrina
718 2742 1011 2799 desudare
1033 2746 1093 2799 et
1113 2741 1222 2799 sibi
1248 2742 1576 2799 commissis
1597 2745 1778 2800 verbo
1800 2747 1858 2800 et
1877 2743 1956 2800 fa-

309 2833 406 2887 cto
429 2829 735 2900 invigilare
755 2829 1124 2902 populosque
1148 2846 1433 2888 erroneos
1450 2836 1511 2887 et
1530 2833 1754 2903 absque
1777 2831 1953 2889 domi-

312 2934 385 2975 no
411 2933 551 2977 vero
576 2920 647 2975 ad
675 2920 824 2976 viam
851 2919 1122 2977 veritatis
1153 2926 1499 2977 convertere
1513 2924 1573 2977 et
1597 2921 1816 2978 talibus
1836 2921 1955 2977 offi-

311 3007 421 3065 ciis
453 3009 700 3065 mercari
733 3009 944 3079 gaudia
975 3010 1131 3081 vita,
1168 3014 1398 3081 quanta
1430 3010 1502 3066 ad
1524 3010 1703 3067 ictum
1725 3010 1952 3068 securis

313 3094 404 3153 vel
430 3097 786 3154 imminentis
808 3096 987 3170 gladii
1012 3103 1187 3170 caput
1213 3097 1496 3155 inclinare
1515 3098 1843 3170 collumque
1864 3114 1955 3155 ex-

312 3187 587 3255 tendere;
612 3201 743 3243 cum
767 3188 839 3243 ad
860 3188 1123 3260 martyrii
1136 3189 1382 3258 gloriam
1399 3188 1813 3260 capessendam
1830 3188 1953 3260 qui-

314 3274 460 3331 libet
482 3275 554 3331 de
577 3274 815 3347 populo,
836 3274 1007 3345 cujus
1022 3290 1126 3332 cor
1143 3276 1422 3334 Dominus
1445 3276 1795 3333 illustrando
1809 3291 1955 3349 pra-

316 3367 606 3435 parasset,
633 3363 832 3434 quiret
852 3364 1138 3435 sufficere,
1155 3365 1227 3421 ad
1248 3365 1674 3437 proscindenda
1697 3380 1836 3422 vero
1857 3380 1955 3422 vo-

318 3465 475 3509 mere
493 3452 658 3510 verbi
680 3451 857 3509 corda
884 3452 1317 3511 ineredulorum
1338 3458 1398 3510 ot
1419 3453 1712 3524 eroganda
1728 3453 1951 3509 semina

316 3540 649 3599 divinorum
677 3541 1032 3614 dogmatum,
1058 3542 1128 3598 ad
1142 3541 1468 3599 exerendas
1500 3542 1818 3599 varietates
1839 3556 1956 3598 am-

314 3629 694 3687 monitionum
708 3631 882 3701 digne
905 3636 962 3687 et
987 3632 1246 3688 discrete
1270 3646 1376 3704 pro
1396 3630 1679 3702 qualitate
1715 3635 1775 3687 et
1794 3645 1958 3703 capa.

310 3719 492 3777 citate
507 3718 575 3753 ⁸⁸⁸
596 3719 978 3792 audientium,
996 3721 1051 3776 in
1068 3726 1188 3777 tam
1216 3734 1348 3777 rara
1371 3718 1811 3776 christianitate
1830 3734 1956 3791 per-

314 3809 483 3881 pauci
503 3808 906 3868 invenirentur
924 3811 1139 3882 quibus
1154 3808 1442 3867 committi
1509 3814 1712 3879 posset
1759 3822 1952 3866 sacer-

319 3897 514 3956 dotale
536 3898 806 3956 oﬂicium.
834 3900 983 3968 Quid
1005 3901 1155 3957 enim
1172 3898 1394 3955 tercius
1416 3911 1444 3952 a
1461 3897 1636 3953 Petro
1651 3897 1956 3955 Clemens?

312 4010 503 4053 nonne
524 3997 703 4054 maris
724 3996 1382 4068 gurgitibusimmersus
1397 3992 1715 4066 complevit
1740 4000 1953 4067 marty-

312 4085 461 4144 rium
480 4086 504 4142 i
525 4084 674 4154 Quid
696 4085 1049 4143 Marcellus?
1071 4098 1260 4141 nonne
1294 4084 1349 4139 in
1384 4083 1555 4141 domo
1589 4084 1817 4143 Lucina
1838 4100 1954 4144 ma-

312 4181 496 4233 trona
529 4190 699 4247 quam
725 4177 840 4233 Deo
864 4175 1183 4245 dicaverat,
1208 4173 1417 4231 stratis
1453 4173 1679 4245 plancis
1708 4174 1779 4230 ad
1835 4176 1953 4231 ani-

313 4263 484 4322 malia
515 4264 775 4323 catabuli
807 4263 1026 4338 publici
1062 4262 1276 4320 ibidem
1308 4263 1379 4320 ad
1395 4278 1599 4320 eorum
1621 4264 1951 4322 custodiam

310 4353 631 4427 deputatus
659 4355 842 4412 vitam
877 4352 1110 4409 ﬁnivit?
1140 4352 1279 4418 Qua
1304 4352 1490 4423 major
1532 4352 1781 4409 nominis
1800 4353 1952 4410 chri-

2066 1770 2408 1825 sacerdotes
2435 1784 2575 1826 vero
2600 1768 2825 1824 Domini
2851 1783 2997 1839 quos
3021 1769 3234 1824 habent
3272 1771 3575 1840 patronos,
3599 1768 3702 1824 mi-

2066 1859 2191 1915 nori
2222 1858 2384 1915 cultu
2416 1864 2772 1915 venerentur
2792 1860 3171 1915 ethonorent.
3199 1860 3453 1924 Quorum
3477 1857 3702 1914 animas

2064 1946 2421 2017 etsigladius
2452 1947 2848 2019 persecutoris
2872 1962 2983 2003 non
3006 1946 3276 2017 abstulit,
3329 1944 3577 2018 palmam
3617 1949 3704 2003 ta-

2066 2050 2194 2092 men
2214 2050 2326 2091 non
2360 2035 2607 2093 amisere
2630 2036 2915 2107 martyrii,
2942 2034 3077 2092 dum
3100 2035 3294 2092 carnis
3318 2034 3629 2092 illecebras
3643 2040 3699 2091 et

2064 2124 2255 2181 hostis
2285 2125 3079 2182 invisibilismachinamenta
3104 2124 3259 2181 fidei:
3306 2124 3433 2196 spei
3482 2124 3702 2180 etcari-

2063 2213 2207 2271 tatis
2232 2214 2466 2271 invicta
2490 2228 2841 2285 superavere
2871 2214 3225 2271 constantia.
3263 2213 3372 2270 Sed
3405 2211 3704 2270 docendus

2063 2307 2152 2359 est
2168 2303 2437 2375 populus,
2464 2318 2578 2359 non
2610 2302 2958 2374 sequendus.
3002 2303 3377 2359 Honorentur
3414 2307 3704 2373 martyres

2066 2396 2127 2449 ut
2162 2393 2510 2449 nobilissimi
2545 2392 2726 2449 divini
2749 2392 2935 2463 praelii
2962 2391 3282 2448 bellatores
3313 2396 3371 2446 et
3387 2391 3701 2447 christiani

2065 2482 2313 2538 nominis
2348 2484 2829 2553 propugnatores,
2855 2482 3216 2536 honorentur
3232 2483 3291 2534 et
3331 2479 3706 2535 confessores

2067 2576 2130 2627 ut
2163 2570 2418 2627 fidelium
2440 2570 2759 2626 animarum
2794 2574 3055 2625 rectores
3086 2572 3147 2623 et
3181 2568 3475 2638 doctores,
3508 2569 3566 2623 et
3609 2581 3706 2623 eo-

2067 2675 2193 2716 rum
2225 2659 2474 2729 singulis
2500 2658 2555 2713 in
2580 2657 2729 2715 locis
2755 2656 3104 2730 propensius
3156 2657 3477 2713 honoretur
3508 2669 3704 2713 sacer-

2066 2749 2310 2818 dotium,
2347 2762 2449 2820 per
2471 2762 2614 2818 quos
2634 2745 3210 2817 salutissumpsimus
3240 2746 3567 2803 exordium.
3597 2744 3706 2801 Ve-

2066 2853 2193 2894 rum
2209 2837 2280 2893 de
2300 2837 2392 2892 his
2417 2836 2525 2892 ista
2551 2835 2859 2892 sufficiant.
2886 2835 3048 2890 Nunc
3077 2835 3218 2906 quid
3250 2834 3320 2891 de
3371 2835 3541 2890 beato
3564 2832 3674 2890 Pul

2065 2926 2325 2995 chronio,
2378 2939 2546 2995 quem
2625 2923 3004 2980 Virdunensis
3053 2923 3264 2980 civitas
3352 2928 3700 2994 eotempore

2068 3015 2275 3072 meruit
2293 3014 2507 3069 habere
2521 3017 2830 3083 rectorem,
2850 3013 2905 3068 in
2946 3011 3259 3084 scripturis
3301 3011 3701 3067 invenerimus

2068 3102 2156 3161 vel
2172 3102 2426 3160 fidelium
2439 3102 2632 3159 veraci
2653 3100 2841 3158 relatu
2857 3100 3259 3171 didicerimus,
3279 3099 3492 3156 Christi
3512 3098 3701 3155 Domi-

2066 3193 2123 3249 ni
2152 3193 2517 3265 protegentis
2547 3198 2606 3249 et
2635 3191 2941 3248 edocentis
2965 3205 3070 3248 nos
3092 3190 3384 3261 adjutorio
3425 3188 3622 3246 brevis
3645 3192 3706 3244 et

2068 3281 2260 3339 lucida
2285 3286 2673 3353 prosequatur
2704 3278 2996 3336 oratio‘“.
3314 3270 3317 3273 ¹

2137 3370 2321 3440 Igitur
2336 3370 2449 3442 (40)
2465 3370 2886 3442 imperantibus
2908 3368 3031 3441 (fol.
3057 3368 3168 3440 26).
3187 3368 3440 3425 llonorio
3453 3372 3513 3424 et
3527 3367 3708 3424 Theo-

2068 3458 2234 3517 dosio
2277 3458 2527 3531 juniore,
2589 3458 2685 3530 qui
2735 3458 3224 3527 Valentinianum,
3269 3455 3597 3514 Constantii
3643 3460 3704 3512 et

2067 3547 2342 3605 Placidia
2366 3546 2566 3619 filium,
2602 3551 2930 3605 consortem
2961 3547 3189 3619 imperii
3214 3546 3353 3603 facit
3398 3543 3482 3601 “7.
3530 3548 3706 3601 natus

2068 3643 2160 3696 est
2181 3638 2239 3694 in
2271 3639 2415 3694 urbe
2445 3638 2784 3695 Trecassina
2804 3637 3011 3694 beatus
3027 3635 3417 3694 Pulchronius
3434 3634 3707 3691 christia-

2067 3727 2156 3785 nis
2187 3725 2532 3799 parentibus
2561 3742 2633 3783 ex
2657 3726 2869 3783 familia
2892 3725 3179 3783 ecclesia.
3207 3724 3544 3782 Nativitatis
3566 3737 3707 3781 vero

2066 3818 2193 3889 ejus
2211 3815 2528 3888 primordia
2542 3816 2880 3872 caelestibus
2894 3815 3174 3887 auspiciis
3189 3814 3381 3871 divina
3408 3812 3704 3885 insignivit

2066 3906 2397 3965 clementia.
2420 3904 2760 3962 Bevelatum
2791 3904 3049 3962 estenim
3068 3904 3410 3976 parentibus
3422 3902 3551 3974 ejus
3570 3904 3705 3958 ante

2066 3994 2238 4066 longa
2270 3993 2881 4067 conceptionisipsius
2911 3998 3196 4064 tempora,
3228 3992 3382 4064 quod
3413 3990 3588 4047 talem
3607 3989 3705 4048 ha-

2067 4084 2247 4141 bituri
2279 4089 2480 4141 essent
2524 4083 2704 4139 filium
2752 4082 2850 4154 qui
2882 4086 3276 4140 essetsancta
3322 4078 3707 4138 Deiecclesia

2066 4172 2303 4230 lucerna
2334 4173 2536 4230 lucens
2557 4177 2692 4229 ante
2715 4171 3037 4242 Dominum,
3065 4176 3122 4226 et
3140 4170 3195 4227 in
3224 4174 3492 4243 tempore
3534 4183 3708 4240 opor-

2068 4268 2209 4320 tuno
2241 4260 2410 4319 fieret
2441 4261 2757 4318 iracundia
2778 4260 2878 4317 Dei
2935 4258 3339 4318 reconciliatio
3368 4263 3428 4315 et
3481 4256 3699 4315 furoris

2066 4351 2477 4425 ejusjplacatio.
2500 4352 2676 4407 Erant
2693 4355 2887 4407 autem
2911 4352 3186 4422 parentes
3206 4348 3334 4419 ejus
3357 4344 3619 4418 religiosi
3645 4350 3703 4402 et

309 4444 485 4501 stiani
520 4444 752 4516 injuria:
789 4456 959 4515 quam
985 4441 1086 4499 Dei
1133 4456 1419 4499 summum
1471 4443 1842 4499 sacerdotem
1891 4448 1947 4500 et
1979 4432 2033 4494 D
2066 4443 2252 4513 gratia
2286 4441 2440 4499 inter
2454 4439 3073 4511 suosnominatissimi,
3101 4439 3212 4495 fide
3227 4436 3404 4510 pleni,
3429 4434 3702 4493 elemosi-

305 4532 576 4591 ecclesia
597 4537 815 4591 sancta
848 4535 1139 4588 rectorem
1160 4534 1453 4589 mutorum
1480 4531 1810 4589 animalium
1833 4532 1949 4591 dici

304 4621 396 4679 vel
426 4637 561 4682 esse
589 4620 940 4680 custodem?
971 4622 1174 4692 Itaque
1197 4620 1273 4691 hi,
1304 4624 1366 4678 ut
1394 4625 1691 4679 taceamus
1717 4622 1948 4679 interim

305 4711 378 4769 de
408 4712 694 4785 pluribus,
731 4724 836 4783 per
858 4709 1121 4782 martyrii
1150 4724 1425 4767 coronam
1451 4710 1521 4767 ad
1545 4716 1823 4769 aeternam
1846 4726 1950 4786 per

301 4813 518 4859 venere
541 4799 902 4866 felicitatem;
922 4804 979 4856 et
1003 4802 1200 4857 tamen
1223 4814 1354 4858 cum
1373 4815 1577 4858 eorum
1595 4800 1870 4859 memoria
1891 4802 1947 4857 in

302 4889 499 4949 missa
531 4888 879 4947 celebritate
900 4888 1204 4961 recolitur,
1229 4890 1545 4948 sacerdotii
1566 4889 1824 4962 dignitas
1848 4889 1947 4948 ho-

2064 4533 2155 4589 nis
2183 4530 2387 4602 dediti,
2414 4530 2618 4588 domus
2648 4544 2770 4586 sua
2816 4543 3015 4586 curam
3054 4529 3358 4598 habentes,
3419 4522 3706 4581 familiam

2064 4621 2158 4695 pie
2175 4620 2454 4691 justeque
2478 4623 2770 4690 regentes,
2791 4618 2849 4674 in
2881 4616 3169 4674 mandatis
3189 4621 3250 4673 et
3268 4612 3707 4688 justiticatioui-

2065 4711 2175 4767 bus
2207 4709 2307 4766 Dei
2333 4707 2696 4777 incedentes,
2720 4710 3112 4779 pauperumet
3144 4705 3588 4778 peregrinorum
3619 4700 3703 4760 of-

2062 4800 2245 4858 ficiosi
2269 4802 2668 4871 susceptores,
2692 4793 3076 4853 ecclesiarum
3120 4794 3701 4864 studiosiamatores,

2068 4890 2281 4963 quibus
2303 4888 2536 4962 merito,
2562 4891 2841 4959 Quantum
2866 4886 2938 4942 ad
2951 4883 3265 4943 humanum
3282 4883 3535 4954 modum,
3562 4894 3709 4955 pra-

1659 5018 1896 5083 VARIAS
1936 5020 2336 5086 LECTIONES.

374 5143 737 5233 tinet-MM
766 5140 836 5233 is
860 5157 1052 5233 eam:
1134 5140 1199 5233 “f
1228 5148 1662 5233 ᾼποοιοεροη·
1699 5151 1948 5233 afﬂictos
2184 5148 2811 5233 Istrae-{mser
2984 5143 3064 5233 Ie
3079 5133 3703 5233 Mrs-.s‘Mif'ﬂ:

301 5216 783 5293 Yertequattuor
805 5218 943 5293 folia
963 5210 1124 5277 rétro
1146 5225 1206 5276 et
1228 5218 1376 5293 lege,
1401 5220 1620 5293 quibus
1639 5221 1836 5279 verbis
1855 5210 2218 5281 "mittimur
2238 5210 2499 5292 adfolia
2518 5210 2611 5275 26?
2632 5222 2719 5275 27.
2741 5221 2829 5275 88.
2857 5218 2946 5272 29.
2972 5227 3105 5287 qua
3118 5210 3328 5287 postea
3353 5210 3430 5270 αὖ
3452 5211 3706 5282 Hammo

298 5288 535 5346 inserta;
563 5290 707 5348 sunt
721 5292 1065 5364 inm-folia.
1091 5296 1160 5348 25
1189 5292 1251 5349 et
1275 5288 1370 5347 3'0.
1401 5288 1508 5324 “1"
1538 5292 1823 5348 Fecerunt
1854 5308 2006 5351 corr.
2039 5293 2181 5351 fecit
2205 5307 2251 5351 ο.

1885 5424 2108 5483 ΝΟΤΕ.

374 5553 488 5628 (4ο)
520 5552 834 5626 Sequentia
864 5550 1097 5622 excepit
1129 5553 1337 5606 auctor
1367 5562 1441 5604 ex
1469 5548 1597 5606 Vita
1631 5550 1684 5606 S.
1716 5548 2056 5607 Pulchronii
2083 5549 2200 5621 jam
2232 5546 2556 5621 deperdita.
