3940 6048
137 274 209 338 69
1379 280 1881 348 CHRONICON.
1914 319 1993 331 —-
2018 283 2179 348 LIB.
2228 284 2274 347 Ι.
3453 297 3531 359 70

139 413 337 469 stitum
368 412 443 470 sit
476 416 541 470 ut
589 416 817 469 tantum
877 427 944 469 ac
994 413 1171 470 talem
1229 415 1514 472 haberent
1567 415 1768 473 filium.
1800 419 1859 480 Α
1887 418 2453 491 pietatelaudabilis,
2474 420 2750 491 patientia
2773 421 3077 495 mirabilis,
3095 424 3530 498 sapientiacon-

138 504 313 559 Natus
348 503 531 573 igitur
564 518 710 575 puer
759 504 1141 560 sacramentis
1189 504 1535 562 calestibus
1578 506 1777 562 inicia-

140 597 231 647 tus
260 597 378 662 est,
396 596 458 647 et
479 592 534 646 in
557 590 906 662 baptismate
924 592 1313 650 Pulchronius
1335 595 1663 651 nominatus
1683 598 1775 651 est

140 681 255 737 sive
292 680 685 737 Policronius.
739 681 784 736 Ο
828 681 1062 751 dignum
1116 683 1458 753 prasagium
1507 683 1775 752 nominis,

138 768 289 840 quod
303 769 355 825 si
372 770 427 824 in
445 770 632 826 Greco
647 769 942 825 resolvere
957 769 1124 840 velis,
1142 771 1593 843 interpretatum
1606 771 1675 805 ³⁸³
1692 786 1782 829 so-

138 863 228 913 nat
253 857 469 914 civitas
494 858 796 928 temporis.
813 860 882 913 Et
906 858 1044 928 quid
1061 858 1168 915 hoc
1191 860 1456 930 signatur
1474 860 1777 929 vocabulo,

139 946 245 1003 nisi
271 946 428 1016 quod
452 960 601 1017 puer
622 946 713 1002 hic
735 953 981 1003 sanctus
993 947 1100 1003 hoc
1117 951 1274 1004 esset
1292 948 1523 1005 futurus
1538 948 1592 1003 in
1607 963 1784 1020 opere

141 1036 292 1105 quod
318 1035 667 1104 signabatur
688 1049 761 1091 ex
783 1036 1012 1091 nomine
1034 1037 1222 1091 ?Nam
1248 1037 1295 1093 si
1317 1038 1536 1094 referas
1558 1037 1786 1093 adtem-

144 1138 248 1195 pus
281 1124 418 1180 vita
450 1123 595 1193 ejus,
619 1138 752 1180 cum
786 1124 936 1181 bella
970 1132 1183 1181 cuncta
1217 1124 1554 1196 perderent,
1576 1126 1785 1183 civitas

144 1212 425 1283 temporis
457 1211 618 1268 illius
651 1211 839 1268 factus
870 1216 984 1283 est,
1006 1227 1135 1269 cum
1160 1214 1231 1269 ad
1256 1213 1561 1270 tuitionem
1585 1219 1643 1270 et
1668 1229 1788 1269 mu-

144 1302 461 1357 nimentum
494 1300 748 1356 omnium
780 1302 894 1356 Deo
918 1301 1202 1357 adherere
1225 1302 1541 1358 volentium
1568 1303 1788 1374 prade-

143 1391 398 1446 stinatus
430 1395 521 1446 est
549 1407 564 1456 ;
592 1390 804 1446 civitas
833 1390 1120 1461 temporis
1171 1392 1361 1447 factus
1410 1396 1523 1461 est,
1553 1407 1682 1447 cum
1715 1389 1787 1446 ad

144 1478 507 1548 colligendas
526 1484 583 1534 et
598 1478 1029 1535 conscrvandas
1041 1478 1403 1535 credentium
1418 1480 1637 1536 animas
1651 1493 1790 1550 pon-

145 1569 282 1623 tifex
304 1569 677 1624 constitutus
696 1573 806 1624 est.
825 1567 1275 1625 Consideremus
1296 1573 1487 1624 tamen
1509 1576 1569 1624 et
1592 1567 1787 1623 altiori

146 1657 422 1727 mysterio
452 1658 566 1713 vim
597 1656 863 1713 vocabuli
899 1657 1090 1727 hujus.
1127 1658 1265 1713 Cum
1297 1658 1448 1713 enim
1473 1657 1671 1714 habuit
1706 1655 1789 1712 di-

147 1750 336 1802 rectos
361 1744 546 1817 pedes
569 1745 638 1801 ad
661 1745 1169 1815 evangelizandam
1188 1761 1408 1817 pacem,
1432 1750 1488 1802 et
1514 1747 1648 1802 dum
1674 1750 1791 1801 sta-
1815 1773 1873 1834 Β

150 1840 232 1890 ret
265 1834 418 1905 pede
448 1834 686 1890 immoto
717 1834 772 1889 in
796 1834 964 1890 atriis
988 1835 1371 1906 Hierusalem,
1390 1850 1517 1906 qua
1540 1835 1790 1891 adifica-

147 1930 238 1979 tur
267 1928 331 1979 ut
366 1923 599 1992 civitas,
625 1923 835 1979 civitas
857 1924 1119 1980 civitatis
1146 1925 1426 1995 temporis
1449 1925 1652 1981 aterni
1680 1925 1791 1979 fac-

147 2016 237 2068 tus
256 2016 371 2079 est,
399 2011 536 2082 quia
558 2017 621 2067 et
646 2012 1020 2084 participatio
1041 2013 1168 2083 ejus
1190 2013 1244 2067 iu
1271 2013 1520 2085 idipsum
1551 2018 1665 2083 est,
1690 2012 1788 2068 ubi

150 2098 546 2156 ascenderunt
581 2100 774 2157 tribus
807 2101 1027 2156 Domini
1052 2101 1124 2156 ad
1146 2101 1540 2157 confitendum
1576 2100 1789 2157 nomini

151 2187 391 2244 Domini.
421 2188 573 2257 Ergo
589 2194 646 2244 et
676 2189 887 2245 civitas
921 2190 1205 2260 temporis
1242 2193 1333 2245 est
1370 2189 1544 2246 etiam
1583 2189 1792 2246 civitas

150 2278 408 2333 civitatis
430 2277 714 2348 temporis
738 2292 851 2334 non
875 2278 1205 2334 transitorii
1228 2277 1331 2334 sed
1355 2278 1562 2347 rterni,
1589 2277 1793 2333 civita-

151 2367 221 2422 tis
242 2368 447 2437 itaque
470 2381 581 2422 non
607 2381 735 2437 qua
759 2366 1088 2423 adiﬁcatur
1117 2366 1412 2438 lapidibus
1444 2364 1793 2422 insensibili-

154 2458 254 2513 bus
273 2456 382 2512 sed
406 2455 593 2522 vivis;
619 2456 674 2511 in
699 2469 809 2527 qua
837 2454 984 2526 lapis
1018 2456 1114 2526 qui
1152 2457 1223 2511 ab
1258 2454 1669 2512 edificantibus
1709 2469 1795 2510 re-

154 2547 436 2616 probatus
466 2549 557 2600 est
590 2544 886 2615 angularis
907 2544 1120 2601 missus
1147 2549 1257 2614 est,
1283 2544 1381 2615 qui
1413 2544 1677 2601 abscisus
1701 2548 1796 2599 est

155 2634 219 2690 de
246 2638 448 2689 monte
479 2633 609 2688 sine
648 2633 914 2689 manibus
952 2632 1395 2704 pracidentium
1434 2639 1492 2688 et
1535 2632 1793 2704 implevit

158 2724 497 2779 universum
529 2723 731 2778 orbem
761 2726 1074 2779 terrarum.
1100 2723 1435 2779 Intueamur
1462 2721 1658 2792 itaque
1680 2722 1799 2778 edi-

157 2812 495 2868 ﬁcacionem
523 2811 698 2881 hujus
734 2812 993 2869 civitatis
1024 2812 1331 2884 temporis,
1357 2816 1411 2866 et
1440 2816 1505 2868 ut
1525 2811 1697 2881 digne
1718 2812 1802 2867 vi-

158 2900 294 2956 dere
321 2914 674 2971 mereamur,
688 2900 1085 2957 ediﬁcatorem
1098 2899 1225 2970 ejus
1240 2900 1517 2971 Spiritum
1532 2904 1799 2956 sanctum

157 2992 517 3060 invocemus,
545 2993 609 3045 ut
643 2994 815 3060 ponat
839 2991 1080 3047 verbum
1105 2990 1160 3046 in
1183 3004 1283 3046 ore
1296 3003 1497 3045 DOstl‘O
1520 2992 1578 3045 et
1598 2990 1655 3044 in
1677 3003 1804 3045 cor-

157 3079 222 3135 de
242 3084 476 3147 nostro,
504 3079 786 3149 quatinus
805 3078 886 3134 sit
907 3095 975 3135 os
999 3083 1264 3134 nostrum
1290 3078 1342 3133 in
1367 3078 1546 3134 corde
1578 3082 1801 3148 nostro,

158 3173 217 3224 ut
245 3167 426 3237 digna
458 3166 619 3238 loqui
650 3166 960 3224 valeamus.

227 3255 582 3313 Ablactatus
631 3256 811 3325 igitur
854 3262 963 3327 est,
1015 3261 1073 3313 et
1124 3258 1372 3313 decursa
1425 3255 1810 3314 balbutientia

162 3346 424 3402 infantia
455 3344 815 3402 hebdomada
842 3344 1057 3401 litteris
1087 3345 1365 3416 traditus,
1393 3345 1579 3417 prima
1609 3359 1808 3401 eorum

164 3434 493 3505 temptabat
522 3434 831 3493 addiscere
860 3434 1206 3490 rudimenta.
1233 3434 1487 3501 Quarum
1507 3433 1811 3489 elementis

164 3522 321 3579 brevi
355 3523 514 3579 datis
546 3522 857 3593 memoria,
881 3523 1193 3579 festinabat
1219 3522 1335 3593 jam
1365 3526 1426 3578 et
1448 3522 1656 3578 altiora
1679 3536 1812 3578 con-

164 3610 472 3667 scendere.
496 3613 678 3669 Datus
710 3612 892 3681 igitur
913 3612 1202 3668 vacationi
1242 3612 1562 3683 sapientia,
1584 3611 1812 3668 haurie-

169 3700 260 3755 bat
285 3701 485 3757 fontes
507 3701 811 3772 doctrina,
839 3705 1044 3758 tardus
1076 3701 1331 3772 eloquio,
1357 3701 1491 3757 licet
1515 3700 1713 3757 clarus
1733 3701 1813 3757 in-

162 3790 350 3859 genio,
378 3804 559 3861 quum
582 3789 651 3823 “’
673 3804 786 3845 non
814 3789 911 3860 qui
935 3790 1133 3847 multa
1155 3789 1505 3861 eloquentia
1526 3790 1617 3847 vel
1636 3791 1811 3846 etiam

167 3878 360 3935 multa
383 3880 479 3935 est
506 3879 833 3950 sapientia,
859 3878 992 3949 quia
1039 3879 1392 3950 eloquentia
1429 3893 1569 3936 aura
1611 3894 1812 3951 parum

167 3967 395 4038 quidem
424 3967 688 4024 auditum
732 3967 1041 4025 mulcendo
1076 3967 1355 4040 delectat,
1380 3968 1549 4024 simul
1578 3982 1718 4024 vero
1753 3973 1815 4024 ut

168 4055 379 4113 desinit
406 4072 592 4113 sonus
614 4057 932 4129 loquentis,
952 4062 1010 4113 et
1035 4058 1334 4129 profectus
1351 4056 1814 4113 desinitaudien-

168 4145 259 4201 tis.
293 4145 432 4202 ldeo
465 4146 641 4202 etiam
689 4161 835 4219 puer
877 4151 1155 4204 strenuus
1185 4146 1257 4203 ad
1291 4146 1638 4217 perfectiora
1669 4146 1813 4202 totis

166 4234 414 4292 tendens
444 4235 695 4307 viribus,
731 4235 815 4291 illi
849 4236 1127 4293 studebat
1178 4235 1499 4308 sapientia,
1535 4250 1646 4292 non
1685 4250 1814 4307 qua

170 4323 221 4378 in
251 4324 459 4381 verbis
491 4323 670 4394 volat,
702 4325 805 4380 sed
838 4339 964 4396 qua
999 4325 1055 4381 in
1088 4324 1409 4381 virtutibus
1444 4328 1695 4381 constat.
1728 4328 1816 4380 ln-

168 4411 447 4470 tellectus
474 4413 626 4469 enim
660 4414 845 4471 bonus
873 4416 960 4470 est
992 4415 1262 4471 omnibus
1295 4414 1392 4485 qui
1418 4414 1636 4471 faciunt
1659 4428 1812 4485 eum,

168 4515 277 4556 non
306 4502 407 4572 qui
443 4501 767 4574 loquuntur
794 4507 855 4558 et
884 4504 1208 4575 pradicant
1234 4518 1385 4560 eum.

237 4589 359 4659 (fol.
391 4589 531 4663 26’.)
552 4593 676 4646 Jam
698 4606 840 4648 vero
863 4592 1138 4663 puericia
1170 4592 1337 4649 annis
1375 4592 1445 4648 ad
1486 4591 1818 4649 similitudi-

173 4692 301 4734 nem
326 4680 680 4751 patriarcba
699 4682 878 4738 Jacob
900 4682 1052 4738 domi
1068 4682 1415 4753 simpliciter
1428 4681 1670 4751 exactis,
1685 4697 1816 4738 cum

163 4768 287 4836 jam
310 4768 722 4839 ingrederetur
740 4770 1003 4826 nutantis
1026 4770 1441 4828 adolescentia
1465 4772 1702 4841 bivium,
1719 4786 1821 4843 po-

166 4856 320 4913 situs
343 4856 397 4911 in
419 4857 879 4915 conversacione
903 4857 1140 4929 scolari,
1156 4873 1269 4914 non
1288 4858 1380 4915 vel
1399 4859 1592 4915 atatis
1614 4858 1704 4915 vel
1728 4874 1822 4916 co-

166 4946 483 5019 aqualium
508 4947 808 5005 illecebris
828 4948 1045 5005 cedens
1066 4948 1322 5019 prodidit
1340 4948 1700 5020 pudicitiam,
1717 4949 1819 5005 sed

170 5041 446 5108 tanquam
478 5037 592 5094 sibi
624 5052 656 5094 a
687 5036 929 5094 Domino
959 5037 1332 5094 commissum
1382 5038 1639 5094 servavit
1678 5037 1824 5093 inte.

168 5138 335 5194 grum
369 5125 738 5196 signaculum
764 5126 1064 5183 castitatis
1085 5127 1251 5199 (Vita
1277 5126 1484 5199 Lupi.).
1509 5128 1650 5183 Erat
1680 5131 1823 5183 tunc

169 5215 460 5287 temporis
492 5215 549 5271 in
580 5216 784 5273 eadem
818 5217 963 5274 urbe
993 5218 1302 5273 Trecorum
1346 5218 1555 5273 beatus
1605 5218 1820 5288 Lupus,

172 5317 396 5361 morum
420 5306 716 5376 probitate
732 5305 1010 5377 celebris,
1037 5305 1374 5363 sanctitatis
1393 5305 1531 5363 dote
1552 5305 1820 5377 insignis,

1888 508 2699 580 Spicuus,earitatediﬁ'usus,
2734 526 2836 583 spe
2870 511 3368 585 longanimis,ﬁde
3387 535 3530 590 pra-

1888 596 2179 660 dicabilis,
2214 598 2502 666 gravitate
2532 600 2901 671 venerabilis,
2930 617 3032 673 per
3048 604 3235 659 zelum
3274 607 3530 677 justicia

1889 700 2025 755 erga
2041 684 2450 755 delinquentes
2461 693 2718 757 erectus,
2744 703 2845 760 per
2857 693 3324 762 compassionem
3340 695 3533 767 proxi-

1892 788 2041 843 mus,
2077 774 2129 829 in
2155 774 2421 831 adversis
2447 777 2926 847 patientissimus,
2963 780 3018 836 in
3061 783 3363 853 prosperis
3396 798 3532 841 cau-

1895 868 2009 929 tus,
2030 862 2083 916 in
2099 876 2212 931 quo
2227 863 2554 921 omnislaus
2567 879 2771 922 secure
2785 867 3146 925 canitur.Hic
3161 870 3214 925 in
3230 870 3519 928 saculo‘”

1895 948 2061 1003 annis
2092 954 2125 1004 7
2145 964 2273 1005 cum
2296 965 2477 1006 uxore
2492 967 2595 1007 sua
2612 953 2935 1025 Piminiola,
2959 958 3144 1012 sancti
3163 958 3377 1028 llylarii
3398 963 3535 1017 Are-

1896 1036 2138 1094 latensis
2159 1039 2583 1111 archiepiscopi
2600 1056 2817 1112 sorore,
2843 1052 3243 1115 conversatus,
3269 1048 3530 1108 Lirinen-

1898 1140 1960 1181 se
1981 1127 2585 1199 coenobiumexpetiit,
2616 1129 2764 1185 unde
2789 1137 2992 1203 raptus
3031 1135 3101 1190 ad
3138 1136 3525 1210 pontificium,

1897 1215 2139 1270 eandem
2160 1216 2508 1283 gravitatem
2553 1220 3053 1288 morum,eandem
3088 1222 3438 1281 humilitatis
3475 1233 3535 1282 et

1897 1303 2144 1359 vilitatis
2158 1306 2500 1360 sectabatur
2513 1307 3149 1378 continentiam,locato
3166 1312 3278 1368 sibi
3299 1313 3352 1368 in
3372 1329 3535 1386 pros-

1900 1396 2074 1462 pectu
2100 1391 2346 1449 urbis‘u
2368 1396 2742 1466 monasterio,
2778 1398 2873 1452 ubi
2896 1412 3025 1454 cum
3058 1400 3147 1455 his
3163 1402 3260 1471 qui
3321 1417 3523 1463 secum

1899 1479 2140 1535 aderant
2156 1480 2367 1538 divinis
2384 1482 2722 1540 intendebat
2748 1486 3009 1544 theoriis.
3029 1488 3173 1545 Huic
3189 1490 3533 1549 beatusPul-

1899 1568 2177 1623 chronius
2196 1569 2252 1624 in
2270 1572 2628 1627 monasterio
2640 1573 3040 1631 crudiendusa
3060 1578 3399 1647 parentibus
3414 1584 3532 1637 tra-

1900 1655 2077 1726 ditus,
2097 1658 2357 1727 magistri
2386 1659 2544 1730 cepit
2577 1660 2836 1718 imitator
2874 1664 3152 1735 existere,
3170 1671 3227 1721 et
3262 1681 3534 1738 quacum

1902 1744 2093 1801 facere
2126 1746 2361 1803 videbat
2374 1747 2445 1803 ad
2468 1748 2668 1805 eadem
2683 1765 2745 1807 se
2759 1751 2946 1808 modis
2962 1753 3173 1823 quibus
3190 1758 3420 1825 poterat
3448 1756 3533 1813 in-

1903 1834 2169 1890 formare.
2189 1836 2390 1891 Eratei
2408 1836 2463 1892 in
2495 1838 2659 1894 vultu
2675 1839 3035 1909 alacritas,in
3067 1844 3536 1914 sermonegravi-

1901 1922 2077 1991 tas,in
2122 1923 2450 1980 obediendo
2486 1927 2797 1997 sagacitas,
2821 1928 2875 1982 in
2892 1930 3272 2000 obsequendo
3303 1932 3533 1989 humili-

1901 2015 2013 2081 tas,
2040 2011 2095 2067 in
2113 2011 2745 2086 deferendosedulitas,
2778 2018 3128 2074 verecundia
3150 2019 3203 2075 in
3227 2019 3417 2093 vultu,
3454 2035 3543 2078 re-

1899 2101 2160 2156 verentia
2177 2101 2233 2156 in
2250 2102 2503 2174 incessu,
2521 2104 2769 2161 dulcedo
2782 2105 2838 2161 in
2852 2122 3011 2177 voce,
3027 2109 3357 2165 constantia
3380 2110 3437 2165 in
3453 2126 3538 2167 ac-

1902 2189 2077 2246 tione.
2094 2190 2459 2260 Diligebatur
2473 2195 2545 2249 ab
2558 2193 3211 2265 omnibus,laudabatur
3235 2212 3264 2253 a
3287 2200 3538 2270 cunctis,

1902 2278 2383 2337 honorabaturab
2398 2282 2705 2339 universis.
2735 2283 2913 2350 Quem
2931 2285 2978 2341 si
2996 2286 3126 2356 quis
3139 2292 3293 2343 esset
3320 2288 3538 2359 quinon

1902 2375 2146 2437 amaret,
2163 2384 2223 2426 se
2239 2370 2435 2441 potius
2449 2370 2608 2427 illum
2625 2386 2735 2427 non
2751 2373 2997 2429 amando
3021 2374 3545 2446 improbaret.Erat

1905 2454 1972 2487 ¹²²
1992 2456 2044 2511 ei
2066 2470 2296 2527 quoque
2319 2457 2855 2515 studiumtimorem
2878 2461 2973 2515 Dei
3007 2461 3242 2533 habere,
3275 2464 3541 2521 seniores

1907 2544 2193 2614 venerari,
2210 2545 2542 2602 castitatem
2557 2547 3127 2617 tueri,humilitatem
3143 2564 3256 2605 non
3272 2566 3551 2622 asperna-

1910 2631 1979 2701 ri,
2000 2633 2411 2689 verecundiam
2426 2634 2669 2705 diligere
2682 2640 2740 2692 et
2760 2635 3147 2707 clementiam,
3165 2654 3293 2709 qua
3307 2643 3440 2696 sunt
3456 2656 3545 2696 or-

1910 2724 2179 2775 namenta
2207 2720 2413 2777 minori
2430 2723 2611 2777 atati.
2636 2722 3151 2794 Erudiebaturjam
3166 2730 3307 2782 tunc
3324 2728 3554 2798 profec-

1910 2811 1975 2862 to
1994 2808 2323 2865 divinitatis
2342 2810 2573 2867 occulto
2601 2811 2841 2882 judicio,
2877 2827 2945 2868 ne
2970 2814 3107 2884 quid
3128 2815 3362 2871 deesset
3386 2830 3551 2889 apos-

1915 2896 2095 2953 tolico
2118 2898 2379 2968 pontifici
2396 2914 2528 2954 mox
2571 2900 2785 2956 futuro.
2814 2902 2951 2957 Erat
2991 2903 3205 2976 quippe
3222 2918 3292 2960 ex
3319 2906 3552 2962 mundis

1916 2984 2286 3055 animalibus,
2323 2986 2443 3044 illis
2463 2987 2691 3045 scilicet
2716 2989 2812 3059 qui
2837 2993 2895 3045 et
2917 2992 3208 3048 ruminare
3232 2999 3443 3050 norunt
3495 2999 3552 3051 et

1915 3074 2264 3130 verbumDei
2281 3075 2352 3130 ad
2376 3077 2707 3134 memoriam
2732 3081 3251 3153 revocare,quique
3273 3083 3448 3138 etiam
3472 3083 3557 3139 di-

1915 3162 2068 3219 vinis
2093 3163 2464 3221 sacrificiiset
2485 3164 2773 3224 altaribus
2789 3168 3553 3238 aptisunt.Circumcidebat

1919 3250 1973 3307 in
2004 3266 2069 3307 se
2098 3267 2265 3308 omne
2279 3253 2720 3324 quidquidillud
2736 3257 2983 3327 estquod
3002 3258 3351 3329 nequecibis
3365 3274 3553 3331 neque

1918 3340 2221 3397 sacrificiis
2262 3346 2459 3413 aptum
2509 3347 2620 3413 est,
2692 3344 2848 3415 quod
2914 3345 3178 3402 humana
3216 3352 3444 3404 natura
3478 3349 3558 3404 vi-

1917 3429 2010 3485 cio
2033 3429 2087 3484 in
2108 3429 2338 3487 homine
2360 3431 2698 3502 operituret
2719 3433 2958 3503 tegitur.
2982 3436 3334 3493 Armabatur
3366 3436 3435 3494 ad
3457 3450 3556 3509 pa-

1921 3517 2181 3574 tientiam
2206 3520 2431 3591 mortis,
2453 3525 2512 3575 et
2545 3522 2729 3592 prima
2759 3516 2887 3593 ejus
2908 3526 3051 3580 atas
3077 3524 3194 3595 jam
3228 3526 3549 3583 meditaba-

1922 3608 2019 3660 tur
2037 3606 2397 3676 martyrium.
2423 3609 3001 3681 Attcnuabatcorpus
3024 3616 3292 3669 tenerum
3310 3612 3550 3683 jejuniis

1920 3699 1980 3749 et
2003 3694 2291 3765 frequenti
2318 3695 2507 3752 inedia
2531 3696 2797 3754 incendia
2813 3700 3010 3755 carnis
3028 3700 3561 3773 edomabat,sciens

1924 3783 2077 3853 quod
2101 3798 2212 3840 non
2236 3783 2524 3854 indigeret
2552 3785 2776 3843 flamma
2797 3788 3132 3859 copiosiore
3148 3790 3412 3862 materia,
3453 3804 3560 3848 nec

1924 3871 2181 3929 insolens
2206 3873 2392 3929 bestia
2408 3874 2938 3934 abundantioribus
2957 3877 3123 3949 cibis,
3142 3883 3205 3935 ut
3220 3878 3561 3936 insolentior

1924 3958 2246 4031 fieret,cum
2264 3960 2557 4018 sufficeret
2573 3964 2807 4035 corpori
2824 3963 3046 4020 malicia
3067 3967 3449 4037 sua.Legebat
3475 3980 3567 4023 as-

1924 4049 2111 4121 sidue,
2138 4052 2428 4123 psallebat
2453 4058 2880 4128 frequenter,ut
2916 4071 3149 4129 semper
3170 4070 3302 4113 eum
3345 4056 3567 4113 inveni-

1926 4141 2014 4194 ret
2040 4139 2309 4198 diabolus
2332 4149 2701 4216 occupatum,
2723 4145 2820 4215 qui
2836 4145 3070 4202 ociosos
3106 4145 3351 4216 appetit,
3386 4161 3559 4204 occu-

1926 4231 2397 4301 patosrefugit.Si
2412 4234 2550 4304 quid
2574 4248 2714 4290 vero
2736 4233 2921 4290 hostis
2941 4234 3155 4291 astutia
3172 4234 3565 4306 subrepsisset

1927 4317 2385 4392 adolescentulo,
2422 4322 2761 4393 requirebat
2786 4323 3559 4394 baptismumlacrimarum;

1928 4408 2006 4465 ibi
2029 4408 2152 4465 sine
2184 4409 2363 4467 dubio
2385 4411 2502 4481 igni
2527 4411 2957 4484 baptizabatur.
2977 4412 3020 4467 Ο
3052 4411 3555 4470 adolescentulum

1845 4500 1903 4561 D
1929 4499 2166 4557 senibus
2184 4500 2647 4572 praferéndum!
2683 4501 2727 4557 Ο
2749 4500 3096 4574 discipulum
3124 4502 3292 4573 cujus
3313 4502 3570 4559 imitato-

1930 4587 2162 4660 resipsi
2186 4588 2602 4646 desiderabant
2652 4588 2775 4647 fleri
2826 4592 3196 4647 sacerdotes!
3226 4591 3563 4649 Latabatur

1932 4679 2141 4734 beatus
2164 4679 2355 4749 Lupus
2378 4677 2449 4735 de
2480 4679 2744 4750 profectu
2762 4678 3058 4751 discipuli,
3109 4680 3441 4750 gaudebant
3503 4684 3560 4736 et

1932 4766 2294 4840 parentesde
2334 4768 2624 4825 industria
2647 4784 2677 4824 a
2702 4768 3003 4841 proposito
3049 4768 3178 4841 filii,
3220 4769 3373 4841 quod
3406 4775 3559 4827 esset

1934 4855 2242 4929 perspicax
2262 4858 2315 4913 in
2338 4856 2669 4929 scripturis,
2694 4857 3059 4914 rationabilis
3086 4857 3141 4913 in
3157 4857 3290 4928 fide,
3324 4872 3563 4915 cursum

1931 4960 2100 5003 suum
2123 4946 2193 5003 ad
2222 4949 2478 5003 statutas
2500 4947 2685 5003 lineas
2709 4946 3113 5004 mandatorum
3126 4948 3226 5003 Dei
3243 4948 3566 5006 refranans

1930 5039 1988 5092 et
2022 5039 2377 5106 temperans,
2402 5041 2483 5106 et,
2509 5036 2663 5107 quod
2689 5036 3097 5107 gravissimum
3120 5040 3205 5094 est
3223 5036 3279 5094 in
3301 5035 3400 5095 illa
3432 5043 3571 5097 ata-

1934 5130 2014 5196 te,
2035 5138 2224 5195 neque
2247 5125 2317 5180 ad
2331 5124 2597 5182 dextram
2621 5139 2808 5196 neque
2829 5126 2901 5182 ad
2921 5127 3217 5185 sinistram
3246 5126 3573 5186 declinans-

1935 5214 2037 5271 sed
2066 5213 2158 5270 via
2192 5213 2348 5283 regia
2381 5214 2612 5270 fortiter
2635 5214 2929 5271 incedens.

2004 5304 2177 5375 (Vita
2211 5303 2354 5375 Lupi
2383 5319 2437 5375 p.
2475 5304 2782 5375 81,)Erant
2805 5310 2997 5364 autem
3021 5307 3150 5377 ejus
3181 5308 3570 5383 condiscipuli

1530 5423 1767 5482 VARLE
1805 5420 2204 5481 LECTIONES.

238 5537 308 5573 ω
332 5538 789 5613 Interpretatam
817 5554 866 5601 ο.
928 5538 998 5574 ¹¹⁹
1051 5552 1220 5613 quam
1282 5554 1431 5601 corr.
1492 5556 1667 5613 quum
1724 5556 1771 5600 c.
1832 5540 1901 5576 ίκ
1955 5541 2092 5598 Ηὶ..

188 5640 238 5650 -
264 5609 431 5667 atati
460 5609 530 5671 iit
553 5625 745 5683 marg.

2132 5584 2143 5595 .
2182 5538 2361 5596 inscla
2422 5553 2469 5596 c.
2531 5539 2597 5573 ¹²¹
2652 5539 2811 5598 orbis
2864 5553 3020 5599 corr.
3056 5540 3221 5600 urbis
3247 5556 3297 5600 ο.
3340 5538 3407 5576 ⁸³³
3436 5541 3573 5601 Erat
