3936 6050
339 264 415 330 71
1290 258 1457 325 HUG
1467 258 1579 324 ON
1581 260 1656 323 IS
1698 252 2053 321 ABBATIS
2094 250 2778 321 FLAVINIACENSIS
3659 261 3750 325 ‘72

335 400 838 473 subjinstitutione
872 397 1096 472 praefati
1115 397 1300 470 patris
1314 397 1582 467 Severus,
1612 401 1816 468 postea
1847 395 1980 450 Tre-
2007 395 2064 456 Α
2095 393 2541 464 perextendens,
2561 392 2938 450 desiderabat
2961 393 3190 451 Christo
3207 394 3403 453 carnis
3423 396 3747 453 mortifica-

332 491 593 548 virorum
616 493 859 547 sanctus
887 488 1224 559 episcopus,
1246 486 1489 542 Albinus
1515 500 1743 555 quoque
1775 483 1975 539 Catba-

333 578 647 647 launensis,
683 584 740 634 et
798 582 1034 634 sanctus
1083 575 1418 643 Emilianus,
1453 577 1694 630 sanctus
1746 585 1977 642 quoque

336 667 680 737 Aventinus,
702 670 903 740 postea
936 668 1248 722 Trecorum
1273 664 1606 734 epiSCOpus,
1653 678 1782 718 cum
1844 659 1974 716 aliis

335 773 507 830 quam
540 757 839 830 pluribus;
862 756 959 827 qui
977 769 1176 811 omnes
1189 754 1377 823 gratia
1400 752 1498 808 Dei
1521 751 1844 808 innumeris
1858 750 1975 806 cla—

334 861 508 904 ruere
538 833 860 914 mi'raculis,
881 848 946 901 ut
968 857 1039 899 ex
1054 842 1278 898 meritis
1293 839 1712 912 discipulorum
1733 840 1974 896 daretur

336 934 583 1006 intelligi
609 938 841 1005 quantae
876 930 1211 989 sanctitatis
1247 929 1526 999 magister
1575 944 1776 985 eorum
1796 928 1972 983 fuerit

335 1024 434 1095 qui
464 1024 618 1079 tales
647 1024 703 1078 in
728 1022 817 1078 via
848 1021 949 1076 Dei
982 1018 1385 1089 mdiscipulos
1416 1016 1813 1073 informaverit
1846 1015 1968 1085 (fol.

334 1114 445 1183 27).
484 1113 658 1167 Beata
691 1109 932 1165 nimium
947 1113 1007 1164 et
1030 1107 1272 1162 Domino
1286 1111 1493 1162 nostro
1516 1107 1683 1173 grata
1698 1104 1969 1173 societas,

336 1202 392 1257 in
426 1213 538 1270 qua
562 1204 689 1255 crat
711 1197 911 1254 videre
944 1195 1409 1265 tranquillitates
1435 1194 1784 1262 animorum,
1820 1206 1975 1247 man-

331 1288 663 1346 suetudinis
677 1286 956 1357 studium,
983 1283 1408 1341 moderationis
1438 1281 1974 1352 gratiamlionesta-

333 1378 643 1446 tiscuram,
668 1380 726 1433 et
751 1374 1286 1431 consideracionem
1329 1372 1580 1441 decoris,
1626 1371 1779 1427 inter
1829 1384 1973 1442 quas

332 1465 587 1522 virtutes
613 1464 795 1535 prima
817 1463 929 1519 sibi
966 1460 1472 1518 fundamentumin
1512 1460 1598 1514 eis
1620 1460 1971 1516 verecundia

282 1550 289 1555 ’
335 1558 610 1625 posuerat
631 1552 762 1609 tSed
788 1552 921 1622 quia
939 1555 1003 1607 ut
1023 1549 1331 1620 aequalium
1347 1548 1707 1605 cohabitatio
1721 1548 1969 1618 dulcior,

334 1642 414 1697 ita
444 1648 505 1698 et
528 1655 731 1698 senum
751 1640 1056 1709 tutiorest,
1076 1638 1230 1694 beati
1255 1637 1361 1693 viri
1393 1636 1831 1708 Lupiindividui
1875 1636 1973 1692 ad-

2094 482 2250 538 tione
2267 482 2636 553 consepeliri,
2656 487 3060 539 utmereretur
3074 498 3177 555 per
3194 483 3384 555 ipsum
3400 484 3470 541 ad
3484 485 3742 555 gloriam

2089 571 2162 625 Pa
2175 572 2280 627 tris
2299 571 2355 626 in
2378 571 2598 627 virtute
2616 570 2871 641 Spiritus
2888 585 2991 641 per
3007 572 3290 628 bonorum
3303 573 3586 630 exercitia
3601 588 3744 646 ope-

2088 673 2214 714 rum
2236 658 2711 715 conresuscitari.
2738 658 2828 714 Sic
2860 659 2918 712 in
2948 673 3125 715 carne
3161 659 3365 717 vivens
3386 676 3499 718 non
3528 676 3744 719 secun-

2087 748 2221 804 dum
2254 762 2488 803 carnem
2521 746 3196 819 militabat,-praacavens
3222 753 3284 805 et
3316 750 3638 807 observans
3674 755 3741 807 ut

2087 850 2273 907 neque
2305 834 2624 907 peccando,
2661 849 2849 905 neque
2882 836 3109 907 positus
3150 837 3204 892 in
3238 838 3573 910 suspicione
3604 854 3742 911 pec-

2086 925 2221 994 cati,
2258 924 2421 980 ficret
2461 923 2874 980 oﬂ‘endiculum
2926 925 3204 982 fratribus
3251 931 3353 982 aut
3397 926 3737 985 scandalum

2089 1012 2203 1086 (fol.
2236 1011 2363 1083 ἓν).
2395 1011 2770 1068 lntellcxerat
2792 1013 2944 1068 enim
2966 1028 3039 1068 ex
3063 1014 3385 1085 evangelio,
3412 1030 3581 1086 quam
3603 1030 3741 1086 gra-

2085 1102 2174 1158 vis
2206 1102 2281 1156 sit
2315 1117 2345 1157 a
2380 1101 2617 1157 Domino
2647 1101 3068 1158 scandalizanti
3121 1118 3296 1159 unum
3348 1117 3423 1159 ex
3476 1104 3733 1162 minimis

2084 1190 2410 1246 constituta
2434 1189 2874 1247 animadversio.
2902 1190 3040 1246 Erat
3062 1190 3117 1245 in
3139 1191 3317 1247 corde
3339 1192 3468 1262 ejus
3492 1192 3602 1249 fixa
3627 1191 3731 1249 illa

2084 1278 2308 1334 Domini
2324 1280 2612 1336 sententia
2630 1299 2641 1333 :
2664 1280 2851 1346 Θαίδα
2862 1279 3551 1349 Ιιαηιίῖίαᾲθωαιιαῦἱιπιν
3562 1283 3729 1348 (Luc.

2085 1383 2196 1436 xrv,
2234 1371 2348 1437 il),
2382 1368 2534 1423 unde
2564 1372 2621 1424 et
2655 1367 2947 1423 humiliari
2981 1368 3258 1425 studebat
3292 1370 3348 1425 in
3379 1369 3574 1439 terris,
3601 1375 3665 1426 ut
3700 1385 3729 1425 a

2086 1455 2327 1512 Domino
2358 1454 2605 1512 exaltari
2642 1460 2967 1513 mereretur
2988 1456 3042 1513 in
3065 1457 3250 1516 caelis.
3279 1457 3387 1515 Sed
3408 1473 3513 1516 nec
3538 1459 3730 1531 potuit

2086 1544 2368 1601 abscondi
2402 1543 2639 1601 lucerna
2672 1545 3029 1603 delitescens
3062 1548 3171 1603 sub
3197 1546 3410 1618 modio,
3430 1562 3631 1605 verum
3656 1547 3730 1603 ad

2086 1632 2424 1702 effugandas
2455 1647 2720 1689 errorum
2754 1635 3031 1690 tenebras
3060 1639 3235 1706 atque
3258 1635 3327 1691 ad
3353 1634 3733 1693 illuminatio-

333 1730 619 1787 berebant
637 1730 1042 1799 contubernio,
1061 1728 1155 1799 qui
1174 1727 1509 1797 magisterio
1528 1726 1774 1797 quodam
1798 1731 1858 1781 et
1876 1726 1975 1782 do-
2002 1756 2057 1817 Β
2086 1736 2215 1817 nem
2249 1722 2563 1817 multorum
2578 1722 2865 1817 imposita
2897 1727 2991 1779 est
3018 1722 3391 1817 candelabro.
3415 1726 3552 1817 Cum
3573 1725 3729 1782 enim

332 1818 522 1874 ctrina
557 1818 693 1875 vitae
727 1817 1030 1875 colorabat
1053 1815 1719 1885 moresadolescentum,
1741 1821 1800 1870 et
1815 1814 1968 1870 velut

2087 1810 2303 1882 placuit
2336 1811 2388 1866 ei
2423 1810 2519 1881 qui
2541 1810 2761 1868 electos
2786 1810 2854 1866 ad
2873 1812 3245 1869 eternitatem
3264 1816 3454 1883 vocat,
3480 1817 3728 1870 vocatos

335 1908 553 1964 murice
588 1906 907 1978 probitatis
941 1904 1208 1962 inﬁcieba
1229 1904 1442 1971 t.Quod
1468 1904 1699 1974 quidem
1726 1903 1972 1959 maxima
2078 1900 2383 1971 justiflcat,
2411 1900 2764 1970 justificatos
2795 1905 3149 1972 remunerat,
3186 1906 3249 1958 ut
3285 1901 3575 1958 exaltaret
3605 1916 3732 1958 ser-

332 1994 421 2050 vir
442 1996 559 2051 Deo
592 1994 802 2065 plenus
825 1993 1178 2065 adimplebat
1199 1992 1412 2062 gratia,
1440 1995 1500 2048 ut
1517 1992 1740 2047 videret
1768 1990 1977 2048 alacri-

334 2083 440 2139 bus
472 2080 604 2140 illos
627 2083 835 2139 animis
855 2080 923 2114 ¹²⁴
946 2082 1130 2154 patris
1153 2081 1428 2137 instituta
1456 2080 1641 2150 sequi,
1696 2094 1844 2149 quos
1866 2095 1972 2136 nec

331 2173 404 2229 ab
422 2172 654 2243 incepto
675 2171 963 2242 gravioris
985 2170 1264 2242 propositi
1291 2169 1629 2226 deterrebat
1649 2169 1825 2240 rigor,
1841 2184 1971 2226 cum

326 2260 608 2332 juvenilis
638 2260 913 2317 alacritas
943 2260 1012 2315 ad
1037 2274 1102 2315 ea
1136 2273 1366 2330 semper
1381 2258 1970 2315 convertaturstudia

333 2364 463 2420 quae
483 2350 810 2406 arbitratur
840 2347 1259 2421 plausibiliora.
1300 2349 1458 2403 Inter
1490 2349 1596 2402 hos
1619 2346 1815 2417 itaque
1839 2362 1973 2403 con-

330 2437 581 2494 tribules
604 2435 670 2471 1"
696 2453 837 2495 suos
880 2438 1089 2493 beatus
1121 2436 1505 2492 Pulchronius
1529 2435 1867 2492 meritorum
1884 2451 1972 2491 ra-

331 2526 531 2583 diabat
547 2525 1177 2598 lampade.Honestatis
1194 2523 1450 2595 fulgebat
1469 2524 1682 2580 decore
1695 2525 1973 2581 omnimo-

331 2614 421 2672 dis
450 2621 725 2685 satagens
751 2619 812 2671 ut
846 2615 917 2670 de
941 2629 1001 2672 se
1037 2613 1435 2684 unusquisque
1463 2617 1520 2668 et
1584 2613 1829 2670 maxime
1883 2614 1972 2669 vir

332 2703 592 2775 optimus
608 2704 756 2759 bona
772 2703 1041 2772 sentiret,
1063 2704 1489 2773 quapropteret
1511 2701 1775 2758 omnibus
1799 2702 1967 2759 bonis

332 2791 589 2847 debitam
605 2791 918 2847 exhibebat
935 2790 1345 2846 reverentiam.
1369 2789 1620 2846 Cavebat
1641 2794 1836 2847 motus
1851 2791 1970 2847 ani-

331 2877 406 2933 mi
426 2878 721 2949 juvenilis,
755 2892 818 2934 se
850 2878 1040 2949 ipsum
1056 2878 1968 2950 observansetcircumspiciens,

328 2971 388 3022 et
412 2972 863 3039 prorumpentes
878 2967 934 3023 in
949 2981 1011 3024 se
1026 2966 1324 3039 appetitus
1340 2966 1588 3037 quadam
1612 2967 1664 3023 vi
1683 2968 1856 3023 animi
1876 2984 1971 3025 co-

327 3054 577 3112 hercens
596 3059 771 3127 atque
785 3056 1122 3125 refraenans,
1149 3069 1219 3111 ne
1251 3056 1551 3127 appetitus
1573 3056 1856 3113 rationem
1877 3057 1968 3114 vel

2085 2004 2214 2044 vum
2241 2004 2411 2045 suum
2432 1989 2741 2045 habentem
2762 1989 3031 2046 fiduciam
3051 1990 3106 2045 in
3129 2005 3209 2061 se,
3231 1989 3726 2062 inspiravitcordi

2085 2078 2240 2133 beati
2274 2078 2559 2134 antistitis
2581 2078 2720 2151 Lupi
2747 2083 2830 2148 ut,
2852 2078 2923 2135 ad
2942 2078 3215 2135 solatium
3237 2078 3459 2136 laboris
3478 2084 3538 2137 et
3561 2080 3730 2136 mini-

2083 2166 2247 2222 sterii
2276 2167 2386 2238 sui,
2422 2167 2490 2223 ad
2524 2167 2785 2224 ordinem
2816 2182 2946 2224 eum
2976 2173 3352 2239 promoveret
3381 2170 3724 2225 sacerdotii.

2083 2253 2315 2311 Electus
2339 2255 2536 2326 itaque
2558 2256 2846 2312 communi
2862 2260 3000 2312 voto
3013 2259 3072 2312 et
3086 2254 3257 2313 laude
3268 2255 3484 2313 cleriet
3499 2256 3723 2328 populi,

2081 2344 2418 2414 presbiterii
2451 2344 2726 2401 honorem
2758 2344 2984 2416 accepit
3012 2350 3073 2400 et
3101 2346 3361 2402 moribus
3391 2345 3722 2401 adornavit.

2081 2431 2221 2487 Erat
2251 2446 2497 2503 namque
2528 2438 2738 2504 potens
2771 2433 2827 2489 in
2859 2433 3038 2489 verbo
3067 2438 3125 2489 et
3154 2433 3442 2504 doctrina,
3466 2439 3525 2489 et
3556 2438 3727 2505 pote-

2082 2524 2237 2575 state
2268 2521 2392 2592 ipsa
2421 2536 2552 2577 cum
2582 2523 2854 2593 apostolo
2889 2522 3167 2578 utebatur
3191 2522 3247 2578 in
3269 2522 3721 2593 cdiflcationem,

2082 2622 2193 2665 non
2216 2609 2272 2664 in
2296 2609 2782 2679 destructionem,
2803 2614 2862 2667 ut
2882 2610 3298 2669 edificarentur
3317 2613 3573 2669 correcti
3599 2628 3736 2685 pec-

2081 2701 2316 2754 catores
2348 2699 2419 2754 ad
2449 2698 2875 2770 pcenitentiam,
2899 2699 3113 2771 quibus
3142 2700 3252 2770 iam
3287 2701 3596 2758 videbatur
3628 2701 3735 2759 im-

2083 2786 2302 2843 minere
2332 2787 2659 2845 destructio
2693 2802 2796 2860 per
2822 2787 3072 2860 culpam.
3100 2789 3318 2846 Orabat
3342 2806 3447 2862 pro
3470 2791 3730 2863 peccatis

2082 2874 2307 2947 populi,
2333 2881 2412 2944 et,
2436 2891 2569 2932 cum
2604 2875 2823 2933 nullum
2852 2877 3113 2948 laederet,
3139 2879 3410 2935 omnibus
3440 2878 3730 2951 prodesse

2081 2964 2388 3036 cupiebat;
2404 2964 2934 3023 scienssacerdotis
2956 2965 3048 3023 vel
3071 2966 3321 3024 ministri
3344 2983 3475 3024 esse
3491 2968 3731 3040 prodes-

2081 3066 2142 3109 se
2165 3052 2211 3109 si
2237 3052 2361 3109 fleri
2378 3055 2879 3126 potestomnibus,
2894 3057 3103 3112 obesse
3117 3056 3349 3112 nemini.
3368 3055 3730 3129 Implebatur

326 3111 717 3216 precurreret
748 3144 840 3201 vel
866 3111 1189 3213 desereret,
1215 3111 1728 3215 nelpraacurrendo
1742 3151 1967 3215 pertur-
2001 3111 2050 3173 Ο
2074 3155 2190 3210 Jam
2216 3142 2271 3196 in
2296 3156 2365 3198 eo
2390 3141 2486 3197 illa
2510 3143 2762 3200 nominis
2784 3111 2879 3200 sui
2896 3143 3301 3214 cthimologia;
3324 3148 3382 3201 et
3408 3111 3559 3215 qdod
3583 3159 3733 3217 prae-

328 3233 496 3291 baret
554 3249 679 3291 eam
709 3239 885 3305 atque
945 3234 1307 3303 excluderet,
1351 3238 1410 3289 et
1449 3234 1971 3291 deserendodesti-

323 3325 539 3379 tueret.
573 3322 640 3378 Et
675 3324 753 3379 ita
768 3321 1439 3394 singularumactionum
1460 3324 1664 3379 modos
1695 3338 1960 3394 servans,

318 3409 584 3466 ordinem
598 3426 830 3482 quoque
844 3410 1305 3467 etconstantiam
1331 3411 1622 3468 dictorum
1646 3427 1888 3470 suorum
1904 3417 1962 3468 et

320 3512 563 3571 operum
578 3499 1157 3570 moderationemque
1171 3500 1533 3571 custodiens,
1552 3501 1768 3559 decoro
1787 3500 1870 3556 illi
1888 3502 1965 3556 in-

324 3586 1055 3660 tendebatquodgenerale
1078 3603 1211 3645 esse
1251 3592 1309 3644 et
1343 3589 1595 3661 speciale
1645 3593 1968 3647 attestatur

322 3674 785 3735 moralisdoctor
816 3677 1231 3734 Ambrosiusin
1250 3676 1402 3735 libro
1424 3679 1495 3735 de
1511 3678 1744 3751 Ciliciis,
1770 3679 1850 3735 ita
1884 3679 1967 3735 in-

328 3763 553 3837 quiens:
570 3765 702 3822 «Est
718 3766 1016 3836 decorum,
1037 3766 1143 3837 ait,
1162 3765 1318 3837 quod
1332 3768 1669 3839 praeeminet
1687 3768 1877 3839 ;cujus
1891 3768 1969 3824 di-

332 3852 484 3910 visio
504 3846 737 3925 gemina
754 3858 861 3911 est.
900 3855 1036 3912 Nam
1052 3858 1141 3911 est
1174 3856 1638 3927 decorum‘quasi
1668 3856 1965 3928 generale,

324 3942 480 4014 quod
492 3957 599 4015 per
612 3943 1063 4001 universitatem
1080 3944 1701 4016 funditurhonestatis,
1715 3950 1773 4002 et
1797 3946 1961 4017 quasi

323 4031 523 4089 intoto
542 4037 847 4105 spectatur
860 4034 1239 4106 corpore.Est
1261 4033 1436 4090 etiam
1452 4033 1894 4106 speciale,quod
1910 4035 1966 4091 in

324 4119 1033 4195 aliquacorporiseminet
1057 4133 1243 4195 parte.
1273 4121 1558 4179 Generale
1602 4128 1712 4195 est,
1737 4124 1785 4181 si
1837 4124 1968 4196 quis

321 4210 771 4270 universitatem
804 4211 1127 4270 honestatis
1158 4212 1216 4268 in
1238 4212 1393 4269 omni
1427 4216 1564 4269 actu
1597 4228 1702 4269 suo
1752 4213 1968 4270 habeat

317 4300 745 4373 concinentem,
801 4305 860 4357 ut
877 4301 987 4358 sibi
1020 4301 1206 4357 omnis
1219 4301 1338 4357 vita
1358 4300 1485 4371 ejus
1512 4302 1967 4359 consentiatnec

216 4426 221 4439 .
318 4386 375 4443 in
409 4387 525 4444 ulla
556 4403 621 4445 re
653 4387 969 4461 discrepet.
1005 4388 1267 4460 Speciale
1298 4404 1438 4446 vero
1475 4395 1588 4462 est,
1624 4391 1673 4447 si
1707 4390 1960 4462 aliquem

2080 3230 2412 3289 nuntiatum
2446 3237 2575 3288 erat
2603 3248 2675 3287 ex
2706 3233 2955 3303 nomine,
2980 3234 3227 3290 sonabat
3248 3233 3366 3303 jam
3391 3234 3446 3289 in
3470 3234 3725 3291 actione.

2081 3319 2299 3377 Civitas
2328 3321 2480 3377 enim
2513 3327 2641 3378 erat
2663 3322 2943 3394 temporis
2966 3323 3168 3394 utique
3188 3322 3521 3393 gravissimi
3544 3328 3605 3379 et
3628 3338 3731 3395 pe-

2078 3408 2408 3466 riculosissi
2418 3410 2513 3481 mi,
2531 3409 2585 3465 in
2602 3424 2716 3481 quo
2731 3410 3063 3482 praeliorum
3079 3411 3410 3468 fremitibus
3427 3416 3586 3468 totus
3603 3412 3727 3468 fere

2078 3498 2455 3569 quatiebatur
2469 3499 2652 3556 orbis.
2669 3500 2880 3555 Eratet
2896 3499 3181 3570 refugium
3197 3514 3538 3572 pauperum,
3562 3505 3728 3558 tutor

2076 3588 2491 3659 orphanorum,
2515 3587 2790 3644 defensor
2820 3588 3126 3646 viduarum
3155 3593 3212 3646 et
3233 3589 3606 3661 pupillorum,
3626 3604 3729 3663 op-

2079 3691 2418 3749 prcssorum
2450 3677 2806 3749 consolator,
2834 3682 2891 3734 et
2915 3678 3167 3735 omnium
3199 3679 3271 3735 ad
3298 3693 3359 3735 se
3390 3678 3728 3750 confugien-

2078 3764 2220 3823 tium
2246 3766 2549 3836 piissimus
2572 3772 2886 3839 susceptor
2905 3772 2965 3824 et
2988 3766 3320 3825 auxiliator.
3343 3767 3389 3823 Ο
3409 3767 3622 3825 civitas
3640 3768 3725 3825 in-

2076 3854 2502 3927 expugnabilis,
2531 3856 2820 3927 protectio
2842 3856 3334 3928 incomparabilis,
3359 3856 3620 3914 defensio
3643 3858 3728 3914 in-

2077 3934 2396 4015 vincibilis,
2433 3945 2606 4001 sedes
2638 3945 2817 4002 divini
2852 3945 3310 4018 pr0piciatorum
3341 3945 3635 4018 altissimi,
3661 3946 3721 4003 in

2078 4047 2190 4105 qua
2219 4038 2427 4104 regnat
2455 4034 2742 4105 sapientia
2771 4039 2832 4091 et
2860 4034 3049 4091 dictat
3081 4033 3239 4105 leges
3262 4035 3515 4107 justitia,
3548 4050 3721 4107 quam

2078 4122 2363 4182 fortitudo
2394 4123 2702 4194 inhabitat,
2739 4123 2891 4194 regit
2924 4124 3254 4197 prudentia,
3288 4124 3547 4197 disponit
3580 4131 3724 4182 tem-

2077 4212 2363 4283 perantia,
2397 4212 2453 4268 in
2504 4226 2615 4283 qua
2667 4212 2847 4284 fulget
2881 4213 2980 4269 Dei
3029 4213 3241 4285 imago,
3276 4228 3405 4286 qua
3438 4214 3723 4271 viciorum

2079 4300 2360 4371 imagines
2390 4300 2707 4357 obliterat!
2734 4302 2976 4374 Suscipe
3006 4306 3065 4359 et
3097 4318 3204 4359 nos
3235 4301 3589 4360 liumillimos
3637 4302 3724 4359 di-

2078 4387 2331 4448 lectores
2362 4394 2495 4447 tuos
2524 4394 2584 4447 et
2615 4390 2671 4446 in
2702 4391 3038 4449 defensione
3072 4396 3166 4449 tua
3208 4393 3465 4465 protege.

322 4475 658 4533 actummin
682 4477 1957 4552 suisbabetvirtutibusmpraeeminentem.»
1992 4473 2049 4538 D
2152 4481 2290 4536 Cum
2330 4479 2510 4549 igitur
2563 4480 2742 4537 tantis
2794 4482 3074 4539 bonorum
3124 4496 3365 4552 operum
3414 4482 3725 4553 prmconiis

318 4562 420 4622 His
442 4564 624 4635 igitur
644 4565 930 4623 virtutum
962 4565 1227 4637 insigniis
1248 4568 1573 4626 ornabatur
1621 4567 1965 4627 adolescens

316 4652 679 4728 spectabilis.
704 4656 1062 4712 Provexerat
1088 4670 1319 4727 quoque
1341 4672 1471 4714 eum
1489 4672 1710 4715 morum
1738 4659 1968 4730 specio-

318 4745 553 4818 sitas,et
576 4744 986 4802 ecclesiastico
1004 4744 1394 4817 mancipatum
1409 4746 1598 4803 officio
1617 4748 1964 4819 ordinisque

317 4832 497 4894 divini
527 4830 1210 4907 ampliatumininisterio
1234 4835 1426 4893 divina
1454 4836 1772 4893 sublimare
1798 4850 1966 4910 para-

318 4920 419 4977 bat
440 4920 648 4993 pietas.
683 4922 822 4979 Cum
854 4922 1127 4993 verojam
1159 4937 1395 4981 emensa
1445 4923 1859 4984 adolescentiae
1880 4942 1966 4985 se-

319 5010 461 5067 mita
487 5010 545 5067 in
568 5011 748 5068 robur
778 5010 1124 5082 emigrasset
1145 5012 1338 5083 virile,
1372 5012 1472 5069 Dci
1495 5012 1649 5085 cepit
1701 5013 1817 5084 jam
1852 5016 1965 5073 fer-

317 5099 557 5156 ventior
587 5100 843 5158 servitus
873 5100 1243 5172 insudare,et
1286 5100 1485 5158 indies
1532 5103 1836 5161 robustior
1892 5105 1964 5163 de

316 5187 539 5246 virtute
562 5188 620 5245 in
652 5189 932 5247 virtutem
956 5190 1268 5262 proﬁcere,
1292 5196 1352 5246 et
1372 5205 1439 5248 ea
1472 5206 1599 5263 quae
1646 5198 1806 5250 retro
1827 5198 1962 5252 sunt

314 5277 689 5350 obliviscens,
718 5279 774 5336 in
804 5295 870 5337 ea
905 5295 1135 5353 quoque
1160 5295 1288 5352 quae
1320 5280 1374 5337 in
1397 5286 1566 5339 antea
1618 5290 1752 5342 sunt
1783 5300 1847 5343 se
1869 5300 1963 5343 su-

2079 4571 2289 4628 beatus
2319 4568 2629 4627 efferretur
2652 4568 3059 4641 Pulchronius,
3084 4569 3495 4643 fieretquejam
3516 4571 3571 4627 in
3591 4586 3724 4642 pro-

2080 4657 2281 4732 patulo
2313 4658 2583 4716 omnibus
2614 4660 2992 4717 sanctimonia
3023 4660 3170 4731 ejus,
3206 4660 3278 4717 ad
3319 4658 3723 4734 pontificatum

2078 4750 2390 4821 petebatur
2422 4747 2803 4806 Virdunensis
2825 4749 3009 4819 urbis,
3036 4764 3184 4821 quae,
3209 4753 3272 4806 ut
3296 4749 3568 4821 diximus,
3591 4753 3724 4807 tan-

2078 4836 2153 4894 tis
2179 4841 2308 4895 erat
2329 4837 2535 4893 attrita
2556 4837 3010 4909 calamitatibus,
3033 4844 3273 4909 gravata
3297 4838 3485 4909 malis,
3502 4843 3568 4896 ut
3590 4853 3722 4912 per-

2076 4927 2244 5000 pauci
2279 4927 2335 4982 in
2379 4940 2445 4984 ea
2496 4926 2900 4984 invenirentur
2948 4927 3044 4998 qui
3096 4926 3306 4986 divinis
3351 4928 3722 4988 deservirem.

2074 5015 2357 5075 cultibus.
2414 5016 2631 5073 Causas
2683 5014 3036 5081 calamitatis
3091 5032 3266 5091 supra
3314 5018 3716 5091 exposuimus.

2075 5105 2288 5163 Verum
2321 5120 2451 5164 cum
2484 5105 2540 5162 id
2572 5105 2645 5162 ab
2667 5119 2737 5163 eo
2767 5106 3018 5179 optineri
3051 5121 3163 5165 non
3205 5112 3404 5179 posset
3450 5112 3516 5165 ut
3562 5108 3720 5166 votis

2076 5196 2399 5269 petentium
2414 5194 2581 5251 daret
2595 5208 2920 5268 assensum,
2938 5197 3008 5253 ad
3023 5195 3256 5255 beatum
3270 5197 3490 5270 Lupum
3503 5196 3719 5257 civium

2075 5284 2173 5356 qui
2193 5289 2364 5342 erant
2385 5284 2603 5343 residui
2626 5299 2763 5358 spes
2789 5290 2908 5344 tota
2930 5286 3318 5356 convertitur,
3342 5291 3403 5343 et
3426 5291 3490 5343 ut
3509 5287 3721 5345 subve-

1660 5411 1908 5482 Mma:
1949 5410 2347 5466 LECTIONES.

384 5500 453 5586 9,,
482 5501 721 5586 Domini.
754 5516 904 5562 corr.
938 5504 1038 5586 Dei
1070 5517 1116 5586 σΓ
1151 5502 1217 5538 ¹²⁸
1249 5504 1474 5586 alacres
1492 5506 1736 5586 illorum
1766 5508 1989 5586 animos
2027 5522 2176 5586 corr.
2200 5508 2284 5586 agt
2325 5508 2391 5565 in
2438 5508 2623 5586 textu.
2674 5510 3240 5586 “‘__contubernales
3297 5513 3711 5586 suprascripto

315 5571 452 5632 riin
477 5587 526 5632 c.
552 5572 619 5609 ³³⁸
649 5574 901 5646 aliquam
931 5575 1209 5633 virtutem
1241 5589 1391 5634 corr.
1424 5577 1682 5651 aliquem
1714 5582 1907 5636 actum
1943 5593 1991 5638 c.
2026 5579 2092 5614 υτ
2124 5579 2350 5639 actibus
2379 5593 2528 5638 corr.
2560 5582 2882 5640 virtutibus
2910 5597 2956 5641 ο.
