3940 6048
124 212 184 277 13
1351 212 1850 282 CHRONICON.
1886 255 1960 267 -
1988 217 2143 282 LIB.
2176 218 2223 283 Ι.
3147 203 3167 221 ’
3412 222 3488 284 74

123 354 218 411 niat
240 351 471 408 miserae
495 348 871 422 civitati,jam
894 350 1013 406 fere
1037 351 1465 424 desolatae,jam
1491 353 1739 410 destitu-
1770 359 1822 417 A
1856 356 2408 426 memoria,vigebat
2442 359 2631 413 tamen
2664 356 2851 414 adhuc
2877 356 3134 414 Arrianaa
3164 358 3491 430 iniquitatis

124 449 197 511 tie,
228 439 553 496 lacrimosis
584 438 974 508 ingeminatur
1025 440 1347 509 questibus.
1386 441 1647 497 Accessit
1681 447 1740 497 et

125 529 418 584 vicinorum
452 528 823 584 sacerdotum
848 527 1199 598 supplicatio
1232 529 1647 601 suspirantium
1681 535 1740 584 et

119 620 209 689 jam
242 616 351 673 sibi
389 615 865 687 applaudcntium
900 616 971 671 de
1005 616 1184 672 futuri
1234 617 1474 687 collegio
1507 618 1735 674 solatio.

124 709 215 763 Nec
246 709 479 777 poterat
514 705 601 760 vir
628 705 1031 761 sanctissimus
1053 706 1237 762 tantis
1260 708 1741 763 consacerdotum

124 802 167 853 et
197 794 382 867 plebis
404 795 629 851 devota:
654 793 826 849 reniti
852 795 1261 866 peticionibus,
1286 812 1413 852 cum
1439 796 1613 852 sciret
1641 789 1767 851 Do-°

126 885 374 941 minicum
408 898 536 940 esse
558 886 895 955 preeeptum
926 902 937 936 :
964 884 1198 955 Diliges
1215 887 1557 956 promi-mima
1581 886 1747 941 tuum

121 975 259 1033 sicut
287 975 341 1030 te
368 975 566 1045 ipsum
593 973 752 1043 (Luc.
778 988 829 1041 x,
865 974 977 1043 27),
1011 976 1069 1028 et
1102 975 1254 1043 quod
1280 974 1520 1045 jubetur
1560 974 1745 1029 fidelis

128 1066 291 1121 anima
326 1078 440 1117 non
480 1077 580 1119 sua
634 1076 920 1132 quaerere,
975 1062 1073 1118 sed
1124 1063 1295 1119 .lhesu
1350 1063 1560 1119 Christi
1611 1067 1745 1119 sunt

129 1152 227 1226 (fol.
270 1152 387 1223 28.)
436 1150 628 1207 Cessit
686 1151 904 1221 itaque,
956 1156 1012 1206 et
1065 1152 1339 1207 devotum
1399 1151 1746 1223 discipulum

128 1242 337 1300 devotis
363 1241 595 1296 civibus
621 1239 945 1308 assignavit
978 1246 1270 1311 pastorem
1299 1246 1356 1295 et
1386 1241 1745 1313 episcopum.

124 1334 258 1389 Diem
304 1330 460 1386 illam
514 1334 847 1386 sanctorum
878 1328 1219 1397 gaudiorum
1271 1329 1616 1385 celebritate
1665 1345 1754 1385 so-

128 1425 419 1494 lempnem,
456 1421 680 1492 piorum
714 1418 1036 1474 animorum
1087 1418 1391 1475 alacritate
1418 1419 1749 1489 jucundam,

126 1513 257 1571 beati
293 1510 409 1565 viri
442 1510 729 1565 electione
752 1512 809 1563 et
836 1506 1201 1578 promotione
1223 1506 1440 1562 celebri
1470 1507 1759 1562 beatifica-

125 1616 245 1677 tam,
282 1598 675 1658 Virdunensis
707 1596 1032 1668 amplexata
1066 1601 1160 1651 est
1188 1596 1454 1667 ecclesia,
1482 1602 1538 1652 et
1577 1611 1758 1666 usque

1858 444 2251 500 seminarium.
2281 445 2480 501 Flebat
2502 445 2590 501 vir
2614 446 2988 503 beatissimus
3015 454 3249 519 peccata
3270 447 3489 519 populi.

1859 533 2214 604 prmdicabat
2246 534 2629 601 curationem,
2658 536 2940 591 suadebat
2976 535 3311 606 penitentiae
3343 550 3496 591 com-

1860 623 2253 693 punctionem,
2281 627 2341 678 ut
2374 623 2758 694 respicientes
2780 629 3264 681 converterentur
3286 624 3355 680 ad
3392 626 3499 678 Do-

1860 711 2094 780 minum,
2130 726 2299 781 quam
2336 712 2519 768 bonus
2550 716 2662 783 est,
2695 718 2752 768 et
2786 713 2840 768 in
2872 713 3133 770 scculum
3168 713 3500 770 misericor-

1859 799 1949 854 dia
1983 800 2127 870 ejus.
2160 801 2415 856 Docebat
2443 812 2572 856 cum
2614 802 2881 872 apostolo
2932 802 3381 859 fornicacionem
3418 801 3498 857 fu-

1858 903 2014 957 gere.
2034 890 2304 959 quoniam
2322 889 2414 959 qui
2433 890 2755 945 fornicatur
2776 890 2829 944 in
2855 906 3068 962 corpus
3084 907 3250 947 suum
3271 896 3494 961 peccat,

1859 981 1916 1032 et
1941 978 2074 1047 quia
2098 977 2419 1048 incorpore
2452 978 2689 1033 subdito
2724 980 2984 1050 peccatis
3014 994 3124 1035 non
3156 980 3380 1035 habitat
3412 995 3502 1036 sa-

1863 1065 2099 1138 pientia.
2128 1068 2241 1121 Nec
2274 1070 2506 1137 poterat
2541 1067 2725 1124 inanis
2757 1083 2889 1124 esse
2913 1073 2971 1122 ct
2992 1069 3115 1124 sine
3137 1069 3328 1124 fructu
3354 1069 3500 1125 tanti

1867 1154 2251 1225 prcdicatoris
2273 1156 2542 1225 assertio,
2566 1156 2701 1226 quin
2728 1156 2900 1212 immo
2924 1157 3106 1212 sensit
3137 1158 3274 1212 urbs
3299 1156 3505 1213 Virdu-

1866 1244 2014 1314 nica,
2040 1247 2099 1299 et
2124 1258 2308 1314 usque
2352 1244 2406 1299 in
2440 1244 2781 1300 hodiernum
2818 1246 2965 1301 diem
3001 1245 3284 1315 agnoscit,
3328 1260 3504 1315 quan-

1865 1335 1986 1388 tum
2023 1332 2129 1388 sibi
2167 1333 2477 1403 prestitum
2531 1333 2704 1390 fuerit
2752 1333 2806 1389 in
2860 1334 2959 1390 tali
3014 1335 3309 1405 pontifice,
3340 1333 3507 1404 cujus

1869 1421 1985 1476 vita
2020 1420 2217 1492 populi
2250 1427 2378 1477 erat
2411 1422 2854 1493 firmamentum,
2888 1422 3054 1492 cujus
3086 1422 3349 1479 doctrina
3394 1437 3507 1478 me-

1871 1510 2258 1566 dicamentum
2323 1513 2448 1566 erat
2515 1510 2856 1581 animarum,
2901 1512 3197 1583 correptio
3262 1526 3505 1581 morum,

1871 1598 2200 1654 cradicacio
2243 1599 2547 1655 viciorum.

127 1701 168 1755 in
184 1696 531 1753 hodiernum
556 1688 706 1744 diem
732 1686 966 1784 assidua
991 1685 1105 1740 diei
1142 1685 1299 1741 illius
1331 1686 1511 1741 sentit
1547 1678 1760 1741 benefi-
1790 1725 1842 1784 B
1945 1688 2065 1758 (fol.
2101 1688 2232 1759 28’.)
2264 1690 2421 1744 Inter
2453 1691 2575 1745 haec
2608 1689 2804 1760 itaque
2839 1690 2930 1762 pia
2978 1689 3153 1745 divini
3199 1688 3511 1746 famulatus

128 1789 213 1845 cia.
241 1783 470 1841 Gaudet
494 1778 684 1836 celum
707 1781 764 1831 et
790 1774 1014 1831 exultat
1050 1781 1228 1843 terra,
1258 1776 1390 1845 quia
1416 1776 1471 1829 in
1496 1776 1605 1831 hoc
1628 1791 1761 1832 con-

126 1875 289 1933 currit
329 1871 543 1928 divinae
576 1865 1030 1938 dispensationis
1078 1879 1244 1919 omne
1301 1865 1663 1935 mysterium,
1699 1870 1761 1922 ut

130 1966 206 2037 qui
238 1965 534 2019 hactenus
565 1958 798 2013 fuerant
826 1969 961 2011 vasa
994 1953 1324 2025 iniquitatis
1340 1954 1409 2009 ad
1437 1953 1758 2024 interitum,

129 2051 382 2110 conversi
416 2048 489 2104 ad
520 2044 900 2118 penitentiam
938 2058 1041 2114 per
1074 2044 1305 2099 beatum
1336 2042 1522 2097 virum
1557 2042 1763 2098 fierent

131 2156 243 2199 vasa
274 2138 532 2211 justitize
564 2136 619 2190 in
650 2132 1186 2191 sanctificationem.
1216 2132 1605 2187 Consecratus
1625 2148 1764 2201 ergo

132 2233 174 2287 in
226 2227 574 2302 pontificem
632 2223 775 2279 mira
832 2222 1085 2277 omnium
1158 2221 1479 2277 ’devotione
1536 2225 1592 2275 et
1640 2236 1769 2290 gra-

130 2321 211 2390 tia,
274 2317 511 2375 studuit
576 2313 816 2386 pietatis
874 2325 1087 2381 augere
1145 2325 1343 2381 opera,
1396 2310 1492 2380 qui
1541 2310 1768 2381 pontifi-

131 2409 221 2464 cali
256 2412 478 2464 auctus
510 2407 635 2459 erat
673 2401 872 2457 infula.
910 2399 1175 2470 Suscepit
1204 2414 1405 2455 nomen
1425 2403 1483 2453 et
1508 2398 1767 2455 habitum

133 2496 470 2564 sacerdotis,
500 2493 776 2548 studebat
809 2495 865 2545 et
900 2490 995 2545 Dei
1034 2489 1238 2544 summi
1262 2503 1388 2544 esse
1413 2489 1691 2544 sacerdos
1710 2494 1767 2544 et

135 2585 505 2645 sacrificium.
524 2582 805 2637 Exibebat
822 2579 973 2635 enim
990 2593 1052 2634 se
1076 2578 1264 2649 ipsum
1289 2578 1540 2634 hostiam
1560 2578 1767 2649 vivam,

134 2681 412 2741 sanetam,
449 2672 775 2743 placentem
810 2670 945 2738 Deo,
982 2666 1281 2724 immolans
1329 2667 1382 2722 ei
1424 2667 1770 2724 sacriﬁcium

135 2764 313 2819 laudis
368 2766 429 2816 et
470 2759 743 2831 spiritum
773 2754 1250 2825 contribulatum,
1287 2756 1436 2825 quod
1471 2754 1652 2811 solum
1687 2770 1776 2810 sa-

137 2853 345 2909 criﬁciu
359 2867 432 2920 ιη,
449 2849 666 2905 ceteris
679 2847 948 2903 omnibus
962 2861 987 2899 a
1001 2845 1207 2914 bjectis
1222 2849 1278 2900 et
1296 2844 1610 2914 despectis,
1629 2846 1777 2900 Dens

139 2942 378 3013 expetit.
406 2939 693 2995 Studebat
715 2937 889 2992 etiam
917 2936 1217 3005 profectus
1238 2934 1327 2989 sui
1349 2932 1613 3004 exemplo
1639 2932 1779 2987 invi-

142 3036 250 3086 tare
264 3038 322 3086 et
349 3029 576 3085 illicere
598 3032 829 3083 ceteros
845 3025 915 3079 ad
940 3025 1217 3080 virtutem
1239 3023 1530 3094 prmeipue
1558 3038 1658 3094 per
1683 3023 1781 3078 hu-

1874 1776 2151 1832 exercitia
2183 1777 2338 1847 cepit
2372 1792 2605 1833 servum
2638 1793 2805 1833 suum
2854 1780 3006 1834 Deus
3058 1779 3270 1835 mundo
3314 1777 3513 1835 multis

1875 1865 2249 1920 manifestare
2280 1866 2598 1936 miraculis,
2629 1872 2688 1922 ut
2713 1872 3132 1937 agnosceretur
3155 1868 3226 1922 ab
3244 1867 3514 1924 omnibus

1876 1954 2029 2025 quod
2061 1958 2226 2023 grata
2260 1960 2422 2011 esset
2454 1955 2784 2027 spiritubus
2835 1956 3115 2027 angelicis
3146 1956 3515 2013 conversatio

1875 2044 2016 2113 ejus.
2046 2045 2227 2100 Cascis
2249 2059 2495 2114 namque
2525 2046 2731 2115 visum,
2756 2044 2982 2101 claudis
3013 2060 3295 2116 gressum,
3323 2045 3517 2103 surdis

1878 2134 2194 2202 prrestabat
2217 2133 2498 2203 auditum,
2526 2138 2583 2189 et
2608 2134 2799 2189 omnia
2824 2149 3134 2206 corporum
3157 2134 3519 2191 incommoda

1877 2222 2039 2276 verbi
2096 2222 2315 2277 virtute
2368 2222 2624 2291 fugabat.
2669 2223 2841 2292 (Vita
2890 2224 3060 2294 Lupi,
3100 2239 3151 2294 p.
3202 2228 3287 2279 70.
3339 2225 3522 2294 Super

1880 2310 2172 2366 dmmones
2207 2326 2436 2381 quoque
2498 2315 2716 2366 tantam
2767 2315 3167 2382 consequutus
3198 2316 3323 2367 erat
3357 2325 3384 2367 a
3419 2314 3524 2367 Do-

1883 2398 2035 2453 mino
2070 2404 2441 2469 potestatem,
2476 2403 2555 2469 et,
2589 2404 2651 2455 ut
2681 2400 2899 2469 legitur
2929 2399 2985 2454 in
3019 2400 3146 2454 Vita
3202 2399 3523 2455 beatissimi

1887 2486 2044 2557 Lupi,
2067 2491 2227 2541 tanta
2254 2487 2307 2541 in
2330 2502 2398 2542 eo
2420 2487 2651 2557 vigebat
2675 2488 2863 2557 gratia
2886 2487 3277 2557 curationum,
3315 2491 3375 2543 ut
3401 2487 3523 2544 solo

1880 2575 2045 2645 jussu
2069 2574 2359 2631 daemones
2378 2577 2449 2631 ab
2464 2577 2727 2632 obsessis
2744 2577 2971 2646 fugaret
2988 2577 3359 2648 corporibus,
3375 2580 3433 2631 et
3453 2578 3526 2633 ad

1888 2664 2133 2735 primum
2182 2665 2342 2720 vocis
2386 2664 2513 2734 ejus
2560 2664 2866 2736 imperium
2918 2666 3105 2721 omnis
3139 2679 3338 2721 eorum
3371 2670 3529 2721 tene-

1890 2753 2059 2808 brosa
2086 2758 2348 2824 potestas
2370 2759 2771 2824 evanesceret,
2797 2758 2852 2810 et
2879 2755 3042 2824 vigor
3064 2754 3336 2810 omnibus
3359 2769 3531 2810 mem-

1892 2842 2013 2897 bris
2037 2842 2448 2899 refunderetur
2483 2846 2755 2901 Testatur
2770 2844 2875 2899 hoc
2891 2843 3114 2899 etalius
3131 2843 3363 2913 quidam
3391 2859 3532 2915 prae-

1893 2931 1994 2986 fati
2022 2932 2171 2987 beati
2199 2932 2335 3003 Lupi
2366 2933 2585 3003 scripto
2610 2934 2863 2991 virtutes
2889 2933 3182 3005 replicans
3206 2937 3262 2988 et
3285 2933 3535 3005 discipu-
3628 2986 3629 2993 η

1894 3020 2080 3076 lorum
2114 3020 2241 3090 ejus
2275 3022 2607 3097 memoriam
2660 3024 2900 3094 faciens,
2936 3023 3034 3093 qui
3086 3023 3257 3093 hujus
3303 3037 3535 3092 quoque

142 3120 406 3176 militatis
433 3134 463 3173 a
498 3119 615 3172 Deo
645 3115 812 3171 nobis
848 3114 1119 3168 traditam
1148 3093 1403 3167 formam.
1431 3116 1783 3168 AssueVerat
1815 3093 1863 3155 Ο
1897 3110 2050 3165 beati
2087 3110 2271 3181 patris
2306 3093 2491 3166 nostri
2526 3110 2783 3166 meminit
2832 3111 2887 3166 in
2935 3113 3056 3168 haec
3107 3112 3283 3167 verba
3318 3131 3330 3167 :
3368 3110 3536 3180 (Vita

144 3224 373 3282 quoque
404 3206 575 3276 longa
609 3210 666 3260 et
700 3203 935 3259 assidua
969 3202 1345 3257 meditatione
1379 3216 1607 3257 sursum
1638 3216 1785 3256 sem-

143 3311 235 3367 per
268 3294 573 3365 respicere
607 3296 662 3348 et
696 3289 889 3347 carnis
913 3288 1211 3344 materiam
1233 3287 1579 3357 deprimere,
1609 3287 1786 3342 frenis

141 3384 497 3440 arctioribus
513 3380 841 3437 sublevare.
864 3378 1094 3434 Sciebat
1109 3377 1359 3448 speciale
1383 3390 1512 3432 esse
1536 3376 1784 3431 ofﬁcium

140 3473 467 3531 sacerdotis
509 3471 888 3527 mediatcrem
938 3467 1133 3539 populi
1187 3466 1332 3521 effici
1383 3466 1534 3536 apud
1586 3467 1782 3535 Deum,

143 3565 264 3621 ideo
298 3569 365 3619 et
400 3577 653 3634 praeesse
687 3561 1062 3615 recusaverat
1095 3556 1213 3611 illis
1247 3556 1457 3626 quibus
1488 3570 1548 3610 se
1582 3569 1789 3626 purga-

144 3654 349 3710 tiorem
387 3666 523 3707 esse
557 3650 710 3706 scire
734 3648 1052 3703 metuebat.
1080 3648 1257 3702 Versa
1282 3648 1472 3700 autem
1498 3648 1623 3699 erat
1649 3649 1786 3699 tunc

144 3742 192 3797 in
222 3740 683 3798 amaritudinem
726 3737 863 3794 vitis
912 3736 1199 3806 quondam
1256 3734 1385 3789 laeta
1426 3733 1785 3804 palmitibus,

144 3832 272 3888 vitis
300 3836 434 3886 tota
469 3827 792 3895 fructifera,
822 3831 878 3881 et
914 3825 1175 3881 diadema
1210 3823 1439 3879 decoris
1483 3827 1540 3879 et
1574 3838 1786 3880 corona

142 3919 520 3989 gloriationis
570 3917 627 3972 in
672 3914 1071 3972 confusionem
1121 3918 1180 3968 et
1228 3912 1621 3983 ignominiam,
1657 3913 1788 3982 quia

146 4011 389 4066 Arriana
428 4009 550 4064 fece
582 4012 746 4063 totus
789 4006 903 4075 jam
958 4019 1102 4076 pene
1154 4004 1427 4060 sordebat
1480 4003 1787 4075 Occidens,

146 4114 268 4169 quae
289 4099 360 4132 ¹¹⁸
385 4098 740 4168 ubicumque
765 4095 1027 4152 incubuit
1056 4093 1203 4150 foeda
1229 4108 1457 4164 semper
1488 4092 1792 4149 criminum

148 4188 396 4259 vestigia
427 4186 654 4243 habuit.
689 4187 760 4241 Et
792 4184 931 4241 licet
964 4183 1144 4239 Gallia
1179 4182 1408 4253 Belgica
1442 4182 1611 4238 fidem
1634 4180 1793 4237 Petri

148 4290 381 4348 semper
396 4275 643 4344 imitata,
662 4274 936 4345 profanas
959 4286 1167 4330 vocum
1182 4272 1473 4327 novitates
1486 4275 1541 4326 et
1563 4270 1797 4327 scisma-

147 4369 267 4420 tum
299 4378 541 4420 errores
567 4363 846 4432 orrucrit,
880 4361 1046 4418 viciis
1078 4366 1291 4431 tamen,
1324 4376 1451 4431 quae
1503 4360 1698 4430 quiete
1738 4364 1796 4414 et

1896 3201 2067 3272 Lupi,
2088 3202 2274 3272 p.81.)
2311 3224 2337 3251 «
2367 3202 2601 3271 florum,
2630 3201 3006 3271 inquit,unus
3037 3201 3145 3258 fuit
3169 3206 3409 3257 sanctus
3434 3202 3538 3257 Po-

1898 3289 2256 3360 locbronius,
2283 3291 2446 3346 urbis
2480 3290 2783 3346 Clavorum
2809 3292 3142 3363 episc0pus,
3168 3292 3336 3361 cujus
3362 3290 3536 3346 vitam

1900 3381 2213 3435 sanctitate
2246 3380 2494 3451 plenam,
2526 3395 2763 3436 munere
2791 3381 3075 3437 virtutum
3111 3381 3413 3450 insignem,
3441 3379 3541 3435 mi-

1900 3468 2233 3525 raculorum
2288 3470 2540 3541 patratio
2593 3469 2873 3541 ostendit,
2910 3471 3123 3541 quibus
3162 3469 3375 3526 claruit
3409 3468 3540 3540 plus

1900 3572 2069 3628 quam
2103 3558 2386 3613 credibile
2418 3559 2511 3615 sit.
2536 3581 2562 3608 ι)
2594 3560 2730 3616 Nam
2766 3560 3014 3629 miseris,
3041 3574 3187 3630 quos
3219 3558 3344 3614 dira
3374 3572 3542 3613 vexa-

1903 3648 1999 3702 bat
2035 3647 2298 3703 condicio
2333 3648 2570 3719 furoris,
2596 3655 2659 3705 ut
2690 3650 3163 3719 astringerentur
3197 3648 3404 3703 ferreis
3445 3647 3543 3703 ho-

1902 3737 2116 3792 minum
2139 3737 2380 3807 catenis,
2404 3739 2678 3808 precibus
2709 3738 2829 3795 suis
2861 3738 3213 3809 impetrabat
3242 3752 3270 3792 a
3302 3736 3542 3792 Domino

1903 3827 2303 3882 remissionem
2340 3827 2572 3895 furoris,
2600 3833 2665 3884 ut
2689 3827 2816 3883 solo
2836 3827 3145 3899 ejusjussu
3169 3833 3227 3882 et
3251 3825 3544 3882 daemones

1903 3917 2264 3988 pellerentur
2287 3933 2417 3974 cum
2451 3919 2629 3973 armis
2663 3918 2786 3974 suis
2818 3917 3150 3987 virulentis,
3172 3920 3228 3971 et
3253 3914 3546 3972 larvarum

1904 4006 2307 4076 lemurumque
2338 4011 2607 4062 carerent
2639 4006 2918 4063 fantasiis.
2956 4006 3071 4061 Nec
3105 4004 3294 4061 solum
3328 4005 3384 4059 in
3415 4002 3548 4059 tali-

1907 4096 2034 4164 bus,
2061 4095 2165 4150 sed
2196 4099 2256 4149 et
2289 4095 2343 4149 in
2378 4094 2627 4151 diversis
2659 4095 2822 4151 fulsit
2846 4095 3051 4149 horum
3080 4092 3387 4161 similibus,
3417 4105 3547 4161 quae

1908 4182 2144 4239 libellus
2177 4184 2247 4239 de
2276 4183 2394 4240 vita
2426 4183 2553 4253 ejus
2587 4183 2846 4254 scriptus
2865 4181 3092 4254 plenius
3113 4179 3370 4236 elucidat
3396 4179 3547 4235 scire

1908 4274 2261 4330 volentibus.
2291 4275 2421 4329 llaec
2446 4272 2511 4304 1"
2528 4275 2660 4327 sunt
2687 4271 3022 4327 sanctitatis
3056 4271 3209 4327 beati
3245 4269 3353 4326 viri
3389 4268 3550 4325 testi-

1913 4364 2124 4434 monia,
2147 4378 2274 4434 quae
2296 4362 2509 4432 ubique
2531 4365 2590 4416 et
2612 4366 2750 4417 tunc
2785 4360 2836 4416 in
2868 4361 2985 4416 vita
3019 4374 3122 4416 sua
3153 4365 3213 4416 et
3244 4374 3396 4416 nunc
3420 4363 3553 4430 post

148 4453 279 4509 ocio
310 4454 575 4524 aluntur,
603 4458 737 4509 tunc
770 4451 1006 4507 nimium
1041 4451 1216 4507 fraena
1242 4449 1558 4506 laxaverat.
1585 4448 1799 4505 Redar-
1828 4458 1883 4519 D
1913 4454 2134 4511 obitum
2165 4454 2290 4523 ejus
2316 4451 2598 4522 celebrat,
2627 4455 2938 4507 veneratur
2970 4455 3029 4505 et
3052 4449 3330 4522 praedicat
3353 4453 3552 4506 sancta

148 4544 363 4611 guebat
382 4557 525 4599 vero
537 4546 803 4597 errantes
818 4542 947 4612 pius
974 4546 1174 4613 pastor
1197 4540 1436 4595 lenitate
1457 4544 1514 4595 et
1541 4552 1800 4595 mansue-

152 4632 358 4688 tudine
388 4632 598 4703 patris,
634 4631 950 4687 severitate
982 4634 1038 4685 et
1081 4629 1433 4685 auctoritate
1484 4628 1798 4700 pontificis,

152 4720 489 4777 scienslleli
510 4736 614 4792 pro
630 4720 879 4776 filiorum
904 4719 1213 4790 iniquitate
1236 4720 1630 4790 dampnatum,
1648 4716 1803 4788 quod

151 4810 354 4867 minus
369 4824 571 4867 severa
597 4811 1097 4867 animadversione
1121 4808 1530 4880 delinquentes
1552 4823 1655 4865 eos
1679 4822 1805 4864 cor-

155 4901 447 4972 ripuerat.
466 4900 949 4967 Querebatetiam
964 4915 1093 4956 cum
1108 4899 1387 4955 Iheremia
1404 4898 1502 4969 (ix,
1522 4900 1573 4970 1)
1598 4913 1804 4968 aquam

156 4990 341 5061 capiti
376 5005 486 5047 suo
518 4995 577 5045 ct
607 4990 795 5047 oculis
828 4990 952 5046 suis
986 4990 1200 5045 fontem
1225 4989 1615 5058 lacrimarum,
1639 4993 1703 5043 ut
1725 4987 1831 5042 di-'

159 5093 274 5149 gne
310 5083 509 5150 posset
540 5079 756 5136 deflere
774 5079 1060 5136 maliciam
1078 5095 1279 5136 eorum
1304 5078 1400 5150 qui
1427 5080 1808 5151 peccaverant

158 5174 217 5224 et
248 5183 368 5225 non
400 5174 642 5239 egerant
672 5169 1054 5241 penitentiam
1086 5170 1158 5225 ab
1189 5167 1581 5225 immundiciis
1610 5169 1667 5222 et
1712 5166 1811 5221 ini-

160 5258 521 5329 quitatibus.
541 5259 601 5314 In
626 5258 770 5330 ipsis
791 5260 943 5315 enim
970 5258 1235 5329 reliquiis
1253 5257 1616 5330 captivitatis
1638 5262 1696 5312 et
1716 5255 1811 5311 de-

164 5348 887 5407 structionisWandalicae
909 5362 1040 5406 cum
1061 5351 1221 5405 esset
1244 5348 1431 5404 adhuc
1454 5360 1661 5404 recens
1682 5346 1811 5418 ejus

1915 4544 2012 4601 Dei
2048 4542 2319 4599 ecclesia.
2374 4540 2417 4596 Ο
2466 4540 2655 4597 virum
2704 4540 2857 4595 omni
2909 4539 3079 4596 laude
3125 4538 3550 4609 dignissimum,

1917 4634 2067 4690 omni
2089 4630 2383 4687 devotioni
2402 4650 2417 4685 ς
2436 4644 2633 4685 amore
2654 4628 2960 4686 colendum
2987 4631 2999 4683 ε
3028 4629 3072 4683 Ο
3095 4629 3349 4699 Spiritus
3366 4627 3552 4683 sancti

1918 4721 2197 4794 templum
2216 4719 2472 4790 dignum,
2493 4718 2730 4789 jejuniis
2754 4718 3035 4787 sobrium,
3062 4717 3277 4786 vigiliis
3295 4718 3550 4785 cautum,

1915 4811 2277 4868 orationibus
2302 4807 2656 4877 mundatum,
2680 4807 2956 4863 castitate
2977 4802 3443 4862 cluentissimum
3470 4806 3483 4858 ε
3512 4803 3557 4860 0

1917 4901 2213 4957 civitatem
2246 4898 2524 4955 munitam
2556 4897 2839 4953 adversus
2873 4895 3115 4951 insidias
3158 4892 3394 4961 diaboli,
3429 4906 3560 4949 san-

1918 4991 2209 5048 ctuarium
2240 4989 2362 5059 Dei,
2387 4986 2866 5060 propieiatorium
2886 4984 3147 5042 caelestis
3168 4982 3413 5053 oraculi,
3441 4995 3563 5041 tur-

1921 5081 2029 5136 rim
2060 5078 2238 5135 David
2272 5093 2400 5149 quae
2423 5077 2691 5134 ediﬁcata
2723 5079 2812 5132 est
2845 5089 2976 5131 cum
3001 5072 3475 5146 prepugnaculis,
3504 5072 3561 5129 in

1923 5184 2033 5241 qua
2066 5168 2224 5224 milia
2255 5167 2589 5239 clypeorum
2650 5164 2982 5236 dependent
3029 5164 3217 5219 omnis
3267 5167 3561 5219 armatura

1925 5257 2159 5314 fortium
2186 5259 2197 5311 ε
2222 5258 2344 5312 Non
2366 5259 2500 5313 sunt
2525 5256 2580 5310 in
2603 5268 2670 5310 ea
2691 5253 2817 5309 loca
2838 5252 3158 5325 humentia,
3185 5251 3343 5309 nulla
3365 5251 3444 5308 ibi
3472 5265 3565 5307 ca-

1926 5347 2059 5403 lami
2091 5346 2317 5415 umbra,
2345 5344 2400 5400 in
2423 5358 2533 5416 qua
2565 5343 2815 5401 accubet
2845 5341 3123 5402 draconis
3153 5340 3441 5399 mollicies
3471 5354 3568 5397 ve-

1536 5444 1775 5503 VARLE
1815 5445 2214 5503 LECTIONES.

233 5538 317 5573 ω
345 5539 485 5608 Quae
504 5571 575 5582 _
602 5536 903 5597 laxaverat
923 5538 994 5599 in
1018 5550 1213 5615 mw.
1247 5535 1315 5574 ω
1339 5536 1475 5598 Haec
1494 5566 1564 5581 -—
1586 5535 1839 5599 ecclesia
1863 5537 1933 5600 in
1957 5548 2150 5613 marg.

487 5639 750 5706 Pamon.
783 5638 997 5702 CLIV.
