3940 6048
357 206 436 277 ’⁸15
1316 209 1675 281 HOGONIS
1716 200 2072 278 ABBATIS
2110 204 2792 279 FLAVINIACENSIS
3689 215 3769 282 76

363 360 617 410 ternosa.
655 350 700 407 0
732 342 1093 421 virginitatis
1128 346 1508 421 domicilium,
1547 346 1784 422 pietatis
1815 357 2007 403 sacra-
2037 348 2091 407 A
2122 355 2225 399 sus
2248 341 2374 415 ejus
2396 346 2592 416 gravis
2614 354 2761 421 erat,
2779 355 2974 408 motus
2992 367 3172 425 purus
3194 356 3252 410 et
3278 342 3544 426 simplex,
3566 360 3770 425 gestus

363 439 548 499 rium!
582 439 733 497 Talis
791 440 1059 496 nimirum
1120 438 1388 495 minister
1447 440 1696 495 decebat
1746 439 2005 494 sanctam

361 531 582 589 Domini
618 534 881 599 matrem,
921 527 1053 585 talis
1087 528 1348 600 pontifex
1380 533 1639 583 sanctam
1672 527 1799 596 ejus
1830 525 2004 593 digne

361 621 684 677 adornabat
713 618 1059 689 aecclesiam,
1087 618 1329 687 regebat
1364 616 1659 685 familiam,
1686 620 1745 671 et
1779 615 1834 669 in
1867 620 2007 669 tem-

364 724 503 781 pore
524 706 1116 777 erogabatconservis
1141 705 1419 761 Dominici
1442 704 1625 760 tritici
1651 717 2002 759 mensuram.

361 798 539 864 Quem
573 797 782 852 merito
806 793 1193 851 Virdunensis
1214 794 1480 850 ecclesia:
1508 795 1758 849 fatemur
1780 795 2010 863 aposto-

361 887 500 957 lum,
525 887 609 942 sic
636 891 824 942 tamen
852 884 1037 955 primo
1063 883 1283 955 pastori
1310 889 1512 939 nostro
1537 883 1707 938 beato
1733 880 2008 937 Sanctino

361 975 804 1047 praerogativam
830 973 1063 1028 honoris
1087 971 1266 1027 debiti
1292 987 1400 1027 non
1419 972 1667 1027 minuam
1678 986 1763 1026 us.
1785 972 1900 1039 Agr
1914 985 2007 1025 um

359 1077 603 1134 namque
627 1062 983 1118 Dominicum
1010 1066 1255 1117 sanctus
1285 1060 1594 1116 Sanctinus
1626 1058 1798 1128 digne
1836 1072 2009 1114 exco-

360 1151 489 1223 luit,
506 1151 665 1207 nullo
679 1150 867 1207 adhuc
883 1150 1115 1219 maligni
1141 1149 1391 1205 cultoris
1412 1154 1608 1205 aratro
1631 1148 2005 1216 maculatum,

356 1256 463 1296 nec
484 1239 880 1311 praeventione
896 1239 1132 1310 pessimi
1152 1238 1393 1293 seminis
1407 1241 1841 1308 occupatum,et
1857 1236 2006 1292 viam

356 1329 694 1386 inusitatam
726 1332 785 1384 et
818 1327 1021 1384 rudem
1052 1327 1349 1397 nullisque
1382 1331 1551 1381 antea
1586 1325 1857 1394 vestigiis
1880 1340 2010 1396 pro-

353 1418 648 1475 culcatam
681 1417 1032 1473 assiduitate
1066 1414 1429 1471 commeandi
1484 1415 1620 1470 fecit
1653 1414 1918 1469 attritam
1951 1419 2011 1469 et

354 1508 690 1578 levigatam.
726 1510 935 1563 Verum
969 1522 1098 1561 cum
1156 1509 1355 1576 postea
1404 1519 1605 1575 agrum
1653 1504 1837 1575 ipsum
1886 1509 2008 1560 tum

353 1595 783 1668 persecutionis
800 1593 989 1650 violen
1002 1595 1098 1663 tia,
1111 1598 1230 1649 tum
1247 1593 1589 1649 colonorum
1603 1593 1847 1663 penuria
1866 1585 2011 1647 nrt:-

2122 433 2219 503 qui
2252 450 2360 490 non
2381 438 2884 510 dedeceret,visus
2905 441 3148 513 pudicus
3162 448 3222 498 et
3237 443 3594 514 pius,sermo
3610 445 3766 504 mitis

2120 526 2179 577 et
2206 521 2491 596 placidus,
2512 526 2917 587 benivolentia;
2941 534 3001 585 et
3022 531 3230 600 gratiae
3249 530 3454 603 plenus
3470 531 3539 588 de
3554 532 3768 590 doctri-

2122 624 2191 665 na
2207 610 2799 685 ﬁdei.demagisterio
2822 618 2976 688 vitae,
2995 619 3066 674 de
3090 619 3397 691 disciplina
3425 635 3669 692 morum,
3697 622 3769 679 de

2120 701 2487 758 confessione
2508 710 2902 776 peccatorum,
2929 706 3000 762 de
3033 709 3377 765 confusione
3412 709 3765 783 iniquorum,

2120 787 2191 843 de
2211 788 2397 857 gloria
2424 791 2557 847 vita:
2581 798 2837 864 aeternae,
2856 793 2927 850 de
2943 811 3046 866 spe
3071 797 3482 853 retributionis
3505 802 3763 856 eterna}.

2192 877 2419 943 Quanto
2448 885 2641 937 autem
2693 883 2907 940 decore
2955 885 3051 940 Dei
3103 885 3315 957 templa
3367 887 3763 960 adornaverit,

2120 980 2251 1022 cum
2277 969 2404 1038 ejus
2437 969 2544 1025 hoc
2579 984 2810 1042 semper
2839 973 3094 1029 studium
3149 975 3322 1030 fuerit
3376 984 3438 1031 ut
3489 976 3619 1032 aula
3665 979 3764 1033 Dei

2120 1069 2380 1125 congruo
2412 1062 2622 1113 ornatu
2658 1060 2895 1131 niteret,
2922 1076 2993 1117 ex
3017 1063 3146 1134 ipso
3175 1062 3340 1120 cultu
3372 1065 3585 1120 mentis
3613 1066 3761 1136 ejus,

2122 1144 2217 1199 ubi
2243 1144 2441 1201 sedem
2464 1146 2575 1203 sibi
2593 1149 2880 1219 sapientia
2900 1150 3219 1221 locaverat,
3237 1152 3546 1210 advertere
3562 1169 3768 1225 possu-

2121 1247 2268 1288 mus.
2303 1235 2498 1305 Neque
2530 1236 2682 1291 enim
2734 1242 2959 1295 tantum
3008 1255 3115 1296 nec
3169 1241 3219 1295 in
3274 1241 3524 1297 ecclesia
3576 1242 3765 1300 locum

2122 1321 2500 1395 eptinuisset,
2518 1324 2625 1379 nisi
2649 1340 2773 1381 eam
2798 1325 2932 1382 dum
2958 1328 3549 1401 advixitcompetenti
3574 1331 3766 1388 nitore

2121 1408 2486 1468 adornasset.
2508 1413 2777 1469 Filiorum
2800 1430 2938 1471 cura
2962 1418 3313 1488 propensior
3334 1419 3383 1472 ei
3403 1423 3553 1489 erat,
3573 1424 3633 1475 ut
3651 1435 3765 1475 am-

2124 1496 2390 1554 bularent
2419 1501 2475 1556 in
2506 1502 2818 1559 sanctitate
2849 1504 3048 1560 cordis
3069 1505 3398 1575 etjustitia,
3418 1510 3477 1562 ut
3503 1509 3765 1579 peniten-

2122 1587 2261 1642 tiam
2286 1588 2357 1644 de
2381 1591 2637 1660 peccatis
2650 1600 2888 1661 agerent
2904 1598 2962 1649 et
2979 1595 3048 1650 de
3065 1595 3276 1651 futuris
3293 1610 3356 1651 se
3369 1596 3761 1667 custodirent,

348 1700 433 1741 ea:
463 1691 521 1740 et
554 1698 762 1754 vepres
792 1683 1261 1754 cooperuissent,
1288 1687 1347 1737 ct
1367 1695 1545 1752 super
1567 1695 1763 1736 semen
1789 1679 1922 1736 fidei
1947 1687 2009 1735 et
2043 1712 2091 1769 Β
2123 1679 2185 1732 ut
2210 1676 2380 1746 digne
2395 1679 2508 1735 Deo
2534 1678 2831 1750 placerent
2856 1686 2914 1737 et
2932 1681 3282 1740 innocentia)
3305 1684 3430 1740 vias
3453 1685 3765 1754 graderen-

344 1773 614 1830 veritatis
649 1772 913 1827 inimicus
946 1772 1116 1827 homo
1152 1772 1505 1826 seminasset
1538 1770 1788 1838 zizania,
1818 1769 1876 1824 id
1916 1764 2011 1825 est

349 1862 553 1918 malam
579 1861 909 1917 doctrinam
933 1864 989 1915 ct
1018 1874 1295 1930 perversa
1321 1858 1609 1927 dogmata,
1639 1859 1810 1914 beato
1836 1858 2008 1914 Polo-

346 1951 589 2008 chronio
615 1948 1044 2020 quodammodo
1068 1948 1402 2020 duplicatus
1417 1947 1708 2017 estlabor,
1726 1947 1819 2003 cui
1839 1947 2002 2018 prius

345 2043 660 2110 conceptas
689 2036 876 2093 corde
909 2037 1030 2105 (fol.
1065 2038 1157 2107 29)
1188 2036 1432 2092 malicim
1485 2037 1700 2091 formas
1752 2050 2006 2091 necesse

348 2128 456 2184 fuit
478 2126 798 2184 extrudere
818 2130 877 2182 et
900 2127 1218 2182 exturbare
1241 2131 1300 2180 et
1322 2126 1488 2180 noxia
1515 2138 1760 2195 quaeque
1785 2123 2005 2180 evelle-

346 2230 409 2273 re
428 2221 483 2272 et
507 2215 829 2285 eradicare,
850 2220 969 2271 tum
991 2213 1201 2270 deinde
1226 2228 1423 2270 semen
1450 2217 1624 2270 rectae
1649 2213 1780 2268 fidei
1808 2213 1999 2269 denuo

345 2305 529 2362 sulcis
562 2305 839 2360 mentium
871 2303 1137 2373 credere,
1170 2308 1226 2359 et
1270 2302 1432 2373 quasi
1468 2301 1545 2357 nil
1578 2307 1730 2357 esset
1780 2301 1994 2357 factum

345 2396 532 2449 totum
562 2406 591 2446 a
626 2391 916 2463 principio
942 2405 1243 2447 renovare.
1272 2390 1452 2456 Quam
1477 2389 1674 2446 multm
1698 2389 1850 2444 enim
1876 2389 1995 2445 fue-

346 2484 476 2537 rant
493 2480 720 2552 species
735 2480 1194 2551 depravationis,
1218 2484 1332 2535 tam
1352 2478 1567 2535 multas
1585 2478 1992 2549 oportuitesse

343 2573 401 2627 et
435 2568 854 2625 restitutionis.
884 2566 993 2623 Sed
1027 2568 1233 2623 horum
1270 2568 1525 2623 omnium
1559 2566 1803 2623 scientia
1828 2572 1887 2622 et
1909 2565 1993 2621 di-

343 2657 590 2731 sciplina
620 2659 692 2713 ab
722 2657 851 2729 ipso
882 2661 941 2712 et
976 2657 1244 2713 scientiae
1276 2658 1521 2713 Domino
1565 2657 1779 2713 tradita
1814 2661 1927 2727 est,
1960 2673 1987 2712 a

343 2762 457 2819 quo
486 2748 555 2803 ad
583 2746 902 2802 animarum
930 2746 1423 2802 instituendarum
1448 2760 1646 2801 curam
1672 2749 1805 2801 ante
1825 2760 1991 2802 secu-

343 2835 485 2892 laria
518 2840 776 2906 tempora
816 2833 1165 2904 praeelectus
1189 2839 1297 2889 cst.
1328 2835 1397 2888 Et
1421 2834 1525 2891 hoc
1549 2834 1814 2890 dicentes
1834 2835 1987 2889 beati

344 2924 530 2996 patris
552 2922 809 2980 Sanctini
838 2922 1020 2978 debiti
1046 2923 1286 2978 honoris
1311 2927 1368 2977 et
1391 2921 1720 2978 devotionis
1739 2922 1989 2979 auctori-

344 3018 525 3070 tatem
557 3028 667 3069 non
707 3011 1036 3080 minuimus,
1073 3026 1210 3081 qum
1254 3010 1450 3082 potius
1496 3008 1862 3083 ampliamus,
1894 3010 1984 3066 cui

2123 1768 2240 1836 tur,
2260 1770 2323 1821 ut
2339 1781 2440 1838 Spe
2461 1767 2531 1823 ad
2556 1784 2804 1840 superna
2828 1770 3217 1840 erigerentur.
3238 1772 3499 1830 Clericos
3516 1779 3577 1830 ut
3591 1789 3765 1830 mem-

2127 1855 2225 1909 bra
2242 1869 2343 1911 sua
2360 1854 2661 1927 diligebat,
2680 1863 2739 1914 et
2768 1859 2901 1916 vitae
2923 1861 3010 1916 eis
3036 1860 3244 1932 pabula
3271 1876 3340 1917 ne
3364 1861 3420 1916 in
3453 1862 3544 1917 via
3561 1862 3763 1920 defice-

2122 1950 2272 2015 rent,
2288 1944 2584 2003 tendendo
2599 1947 2668 2002 ad
2691 1948 2981 2005 Christum
3005 1949 3253 2007 devotus
3276 1950 3758 2019 administrabat;

2117 2045 2252 2102 erga
2277 2047 2477 2089 omnes
2496 2034 2857 2107 misericors,
2873 2051 3011 2106 erga
3034 2052 3234 2094 omnes
3256 2039 3514 2094 fraterno
3539 2038 3760 2095 disten-

2117 2124 2212 2176 tus
2235 2121 2442 2178 affectu
2459 2140 2473 2188 ;
2488 2122 2791 2179 taliscirca
2812 2124 3152 2196 discipulos,
3172 2126 3333 2183 velut
3350 2126 3550 2183 nutrix
3567 2128 3758 2184 foveat

2112 2209 2391 2278 parvulos
2431 2225 2590 2266 suos.
2627 2212 3049 2269 Deferebantur
3079 2219 3271 2270 autem
3304 2216 3373 2271 ad
3408 2230 3537 2272 eum
3570 2232 3643 2272 ex
3672 2216 3755 2272 di-

2109 2298 2297 2354 versis
2323 2297 2515 2354 mundi
2543 2300 2806 2369 partibus
2828 2300 3406 2372 claudi,caaci.aridi,
3427 2302 3667 2360 lunatici
3697 2309 3757 2361 et

2108 2391 2399 2457 quotquot
2412 2387 2679 2458 oppressi
2694 2389 2942 2444 teneban
2955 2395 3046 2444 tur
3062 2390 3406 2447 multimodo
3422 2393 3757 2449 morborum

2103 2488 2338 2545 genere,
2364 2490 2606 2545 quorum
2627 2476 2778 2531 sicut
2802 2481 2859 2532 et
2884 2476 3112 2548 species
3137 2477 3473 2534 discernere
3492 2480 3747 2550 perdifﬁ-

2102 2563 2215 2620 cile
2244 2566 2354 2633 est,
2390 2564 2468 2619 ita
2499 2564 2672 2620 etiam
2702 2564 2935 2620 nomina
2970 2565 3152 2631 scire;
3187 2580 3432 2636 quorum
3466 2569 3637 2623 turba
3663 2569 3757 2623 in-

2101 2653 2481 2711 numerabilis
2512 2655 2719 2711 diebus
2751 2670 2816 2710 ac
2842 2655 3115 2711 noctibus
3137 2657 3462 2712 excubabat
3485 2661 3621 2713 ante
3647 2657 3758 2712 do-

2102 2757 2255 2799 mum
2294 2743 2578 2814 epis00pi,
2612 2758 2758 2813 quos
2807 2758 3006 2800 omnes
3040 2744 3315 2815 precibus
3347 2744 3473 2814 ejus
3503 2745 3757 2801 curabat

2101 2831 2323 2887 medica
2358 2845 2561 2887 manus
2593 2831 2710 2886 Dei.
2738 2832 3123 2888 Discedcbant
3156 2832 3254 2887 alii
3286 2833 3496 2903 sanati,
3523 2832 3620 2888 alii
3654 2849 3755 2890 ve-

2101 2919 2338 2975 niebant
2359 2919 2621 2975 sanandi.
2649 2922 2857 2976 Eorum
2875 2924 3067 2976 autem
3089 2921 3184 2991 qui
3208 2921 3571 2978 vexabantur
3585 2936 3615 2976 a
3631 2922 3753 2993 spi-

2102 3008 2315 3064 ritibus
2334 3008 2663 3079 immundis,
2691 3023 2937 3079 quorum
2965 3024 3132 3080 quam
3160 3009 3359 3081 plures
3383 3009 3754 3067 adduceban-

342 3102 410 3158 ad
431 3101 725 3158 cumulum
749 3070 1369 3157 devotion'is'ctlaudis
1393 3101 1504 3155 hoc
1528 3070 1857 3171 praestitum
1885 3100 1983 3169 sit,
2019 3070 2068 3133 (ἶ
2101 3101 2198 3153 tur
2230 3096 2503 3167 vulgante
2536 3070 2681 3152 fama
2708 3070 3051 3153 sanctitatis
3083 3070 3208 3167 ejus
3240 3098 3515 3169 insignia,
3552 3097 3754 3155 dolen-

340 3196 405 3247 ut
434 3191 571 3246 talis
603 3190 654 3246 ei
685 3204 1000 3246 successor
1032 3188 1366 3255 accederet,
1404 3188 1499 3259 qui
1536 3190 1608 3244 ab
1643 3188 1987 3258 integritate

343 3278 476 3334 fidei
508 3277 634 3347 ejus
666 3293 781 3333 non
814 3277 1203 3348 discreparet,
1230 3282 1289 3332 et
1313 3276 1598 3333 doctrina:
1624 3276 1989 3349 praedicatio-

342 3366 552 3436 nisque
583 3366 710 3436 ejus
735 3380 845 3420 non
868 3365 1065 3435 segnis
1084 3369 1413 3436 exequutor
1434 3366 1737 3421 existeret.
1763 3364 1989 3436 Ample-

343 3454 557 3511 ctimur
584 3455 736 3509 enim
786 3468 915 3510 eum
966 3454 1110 3509 totis
1144 3453 1417 3509 medullis
1450 3454 1689 3524 ossium,
1722 3456 1782 3509 ut
1818 3453 1988 3509 decet

344 3546 566 3614 patrem
594 3545 649 3596 et
684 3541 1056 3597 karissimum
1089 3541 1407 3611 dominum,
1433 3556 1534 3613 per
1565 3556 1733 3612 quem
1759 3541 1866 3597 hoc
1888 3556 1988 3613 op-

341 3630 532 3687 tinere
568 3630 908 3699 meruimus,
940 3636 1000 3685 ut
1027 3629 1161 3686 talis
1184 3630 1354 3687 nobis
1384 3630 1557 3687 datus
1591 3630 1669 3686 sit
1701 3630 1983 3701 pontifex,

342 3719 439 3790 qui
474 3722 668 3790 potest
702 3722 759 3774 et
790 3719 1095 3775 animabus
1129 3718 1345 3774 mederi
1392 3724 1452 3774 et
1497 3719 1862 3791 corporibus.
1901 3718 1985 3774 Ad

340 3809 467 3878 ejus
494 3808 646 3864 enim
679 3807 924 3877 gloriam
956 3813 1186 3879 spectat
1218 3808 1367 3878 quod
1394 3808 1779 3864 Virdunensis
1801 3807 1986 3865 eccle-

341 3897 425 3954 sia
453 3896 506 3951 in
531 3895 642 3952 fide
666 3901 867 3952 sancta
893 3896 1229 3953 fruetificat.
1251 3897 1443 3953 Gratia
1460 3911 1707 3968 namque
1723 3896 1984 3955 ecclesiae

339 3985 468 4043 laus
500 3985 763 4042 doctoris
785 3989 896 4041 est.
922 3986 1286 4042 Honoramus
1316 3986 1489 4043 etiam
1524 4001 1636 4042 non
1656 3987 1836 4043 verbo
1862 3991 1983 4042 tan-

337 4078 462 4129 tum
494 4072 597 4129 sed
629 4071 942 4128 affectibus
973 4072 1236 4129 cordium
1273 4074 1502 4131 beatum
1544 4072 1981 4142 Pulchronium,

338 4162 471 4234 quia
518 4165 576 4217 et
629 4165 691 4217 ut
739 4160 910 4229 digne
961 4162 1282 4218 honoretur
1311 4176 1341 4217 a
1374 4161 1542 4219 nobis
1573 4162 1807 4232 dignius
1858 4163 1985 4234 ipse

340 4250 682 4322 promeruit,
721 4251 816 4321 qui
853 4249 1080 4306 clavum
1130 4251 1297 4307 navis
1329 4251 1772 4321 ecclesiasticae,
1809 4265 1980 4322 quam

340 4343 713 4410 peccatorum
766 4339 1042 4395 sordibus
1094 4340 1451 4395 sentinosam
1505 4342 1795 4412 purgavit,
1828 4342 1984 4398 inter

2100 3184 2235 3241 dum
2259 3185 2600 3241 eratvidere
2623 3185 3140 3256 oculoscruentos,
3159 3186 3367 3243 dentes
3383 3186 3749 3258 frendentes,

2099 3273 2312 3331 collum
2344 3275 2648 3344 intortum,
2669 3274 2923 3344 linguam
2946 3274 3133 3331 aliena
3157 3274 3512 3346 loquentem,
3542 3290 3753 3332 manus

2099 3365 2327 3420 catenis
2348 3364 2575 3420 vinctas
2601 3363 2715 3436 (fol.
2753 3363 2882 3435 29’),
2911 3363 3060 3420 labia
3097 3363 3363 3435 tremula,
3384 3379 3583 3421 vocem
3605 3363 3755 3421 mul-

2100 3450 2385 3523 tiplicem,
2421 3452 2577 3508 intus
2619 3451 2845 3508 hostem
2895 3452 3254 3523 saevientem,
3288 3453 3428 3509 foris
3470 3453 3746 3509 miserum

2101 3541 2315 3597 suimet
2341 3541 2736 3613 impotentem.
2755 3540 2892 3607 Quae
2909 3545 3102 3597 tamen
3122 3541 3318 3597 rabies
3342 3540 3413 3598 ad
3438 3556 3611 3598 unum
3634 3541 3749 3598 viri

2098 3629 2196 3685 Dei
2215 3630 2516 3702 imperium
2532 3629 2692 3686 dicto
2706 3629 2779 3685 cit
2793 3630 2882 3686 ius
2905 3629 3282 3700 abscedebat,
3298 3635 3358 3686 et
3381 3645 3495 3687 uno
3516 3630 3752 3688 eodem-

2099 3733 2210 3789 que
2243 3723 2532 3774 momento
2564 3718 2724 3775 salus
2762 3718 3079 3774 accedebat
3114 3717 3356 3775 indulta.
3394 3720 3630 3776 Beatum
3662 3720 3751 3775 di-

2097 3809 2309 3865 cebant
2347 3822 2547 3864 omnes
2596 3807 2875 3881 populum
2924 3807 3070 3864 tanti
3125 3808 3420 3879 pontificis
3461 3808 3747 3878 regimine

2099 3900 2452 3969 protectum,
2484 3899 2541 3952 et
2577 3896 2778 3967 plebes
2806 3896 3035 3953 urbium
3070 3896 3389 3953 vicinarum
3438 3895 3510 3952 de
3557 3897 3736 3955 sociis

2098 3986 2282 4043 sancti
2316 3984 2445 4055 viri,
2481 3984 2551 4039 de
2580 3984 2887 4056 discipulis
2933 3984 3160 4040 scilicet
3208 3984 3361 4041 beati
3414 3985 3576 4058 Lupi,
3622 3986 3737 4042 sibi

2098 4076 2503 4147 praeoptabant
2525 4073 3022 4145 dariepiscopum.
3038 4073 3401 4130 Trevirensis
3415 4084 3608 4130 autem
3626 4089 3743 4131 me-

2098 4163 2346 4235 tropolis
2375 4177 2506 4219 cum
2540 4176 2651 4218 non
2673 4162 2917 4217 haberet
2940 4160 3293 4233 pontificem,
3321 4167 3587 4219 sanctum
3612 4177 3744 4220 sus-

2095 4252 2251 4325 cepit
2281 4254 2576 4321 Severum,
2602 4249 2827 4307 eximite
2856 4251 3190 4307 sanctitatis
3221 4251 3431 4322 virum,
3462 4252 3643 4309 verbo
3675 4256 3735 4308 et

2094 4341 2357 4398 doctrina
2391 4338 2799 4411 clarissimum,
2824 4339 2920 4412 qui
2954 4355 3083 4397 cum
3115 4340 3286 4396 beato
3317 4341 3598 4397 Germano
3630 4342 3747 4398 Au-

339 4425 623 4483 mundana
659 4427 916 4497 pericula
952 4427 1185 4483 fortiter
1217 4428 1388 4495 rexit,
1414 4432 1473 4483 et
1496 4443 1647 4485 nunc
1680 4445 1865 4501 usque
1896 4450 1982 4491 re-
2012 4425 2064 4486 D
2092 4429 2525 4500 tissiodorensi,
2561 4429 2694 4500 quia
2746 4430 2951 4486 beatus
3013 4431 3203 4501 Lupus
3230 4428 3395 4485 senio
3425 4429 3744 4487 excusaba-

336 4529 475 4584 gere
490 4514 763 4585 precibus
777 4520 836 4570 et
850 4514 1069 4570 auxilio
1085 4530 1194 4570 non
1213 4513 1570 4585 destitit,nec
1584 4518 1701 4573 Deo
1718 4522 1981 4592 propicio

339 4603 586 4660 desinet.
617 4602 723 4659 Sed
742 4604 859 4673 jam
884 4603 955 4658 ad
979 4604 1336 4660 narrationis
1358 4605 1621 4662 ordinem
1647 4609 1969 4669 redeamus.

406 4764 602 4822 Tantis
621 4764 712 4819 vir
733 4765 956 4820 Domini
980 4766 1262 4822 virtutum
1288 4764 1484 4822 clarus
1506 4766 1800 4839 msigniis,
1819 4771 1896 4828 ita
1924 4773 1978 4830 in

335 4869 398 4911 se
428 4854 681 4910 omnium
719 4860 1139 4925 provocaverat
1168 4852 1461 4924 affectum,
1500 4859 1559 4910 ut
1591 4870 1621 4912 a
1658 4857 1896 4928 regibus
1919 4868 1980 4919 et

337 4944 718 5017 principibus,
754 4941 1037 4998 divitibus
1068 4956 1298 5013 quoque
1330 4945 1386 4998 et
1433 4944 1847 5019 mediocribus,
1882 4950 1978 5007 de-

336 5032 571 5090 votione
600 5032 771 5088 nimia
807 5036 1206 5088 veneraretur.
1241 5033 1378 5088 Erat
1408 5032 1562 5089 enim
1606 5039 1976 5096 verecundus

337 5122 392 5177 in
425 5121 571 5191 visu,
609 5120 660 5175 in
698 5124 875 5191 motu,
913 5120 970 5175 in
1002 5124 1193 5190 gestu,
1230 5121 1286 5176 in
1333 5121 1584 5193 incessu,
1621 5128 1683 5179 ut
1715 5126 1974 5184 habitum

338 5209 549 5265 mentis
580 5208 636 5264 in
669 5208 968 5266 interioris
997 5209 1246 5266 hominis
1277 5212 1435 5267 statu
1467 5226 1761 5271 cerneres.
1784 5216 1977 5273 Inces-

2096 4526 2209 4589 tur,
2246 4520 2464 4575 missus
2511 4523 2605 4575 est
2654 4518 3071 4575 Brittannicam
3125 4516 3371 4575 insulam
3420 4517 3677 4575 secundo
3709 4533 3743 4575 a

2094 4608 2401 4679 Pelagiana
2455 4608 2649 4664 heresi
2705 4608 2869 4664 verbi
2916 4607 3137 4664 virtute
3188 4621 3484 4664 revocare.
3539 4608 3742 4664 Catha-

2092 4698 2392 4755 launensis
2442 4712 2581 4753 vero
2633 4696 2844 4752 civitas
2894 4701 3161 4753 sanctum
3211 4694 3390 4766 elegit
3436 4695 3732 4768 Albinum,

2093 4801 2262 4858 quem
2296 4784 2584 4855 hodieque
2615 4783 2835 4840 letatur
2864 4784 3079 4840 habere
3114 4789 3444 4856 patronum.

2162 4878 2303 4932 Dum
2337 4874 2448 4944 (41)
2473 4887 2613 4942 ergo
2633 4877 2926 4929 tantorum
2951 4873 3207 4929 virorum
3232 4872 3652 4945 praedicatione
3674 4877 3738 4929 et

2090 4965 2377 5022 industria
2393 4963 2684 5019 Gallicana
2702 4962 2935 5018 ﬂoreret
2956 4961 3231 5034 Ecclesia,
3250 4976 3400 5018 anno
3414 4962 3486 5017 ab
3513 4960 3732 5018 incarn.

2087 5050 2673 5121 Dom.450,Marciani
2709 5051 3006 5124 principis,
3041 5052 3138 5123 qui
3172 5050 3738 5109 successeratTheo-

2087 5141 2517 5211 dosiojunlori,
2553 5154 2702 5196 anno
2731 5140 2935 5213 primo,
2970 5139 3218 5197 invaluit
3260 5139 3645 5213 persequutio
3672 5144 3736 5196 et

2086 5232 2280 5290 rabies
2301 5232 2656 5292 Hunnorum.
2673 5228 3078 5288 Valentiniano
3096 5227 3164 5264 ¹⁸⁰
3185 5228 3407 5302 septies
3426 5234 3484 5286 et
3509 5227 3737 5286 Abieno

1698 5329 1937 5387 VAer’E
1980 5327 2377 5389 LECTIONES.

407 5412 475 5448 ί³⁰
501 5412 1329 5473 Valentiniano—consulibus
1350 5417 1420 5475 in
1445 5430 1637 5489 marg.

427 5576 541 5649 (41)
574 5574 635 5631 Sc
649 5576 884 5646 quentia
916 5588 1105 5647 usque
1134 5575 1204 5632 ad
1238 5574 1407 5633 ﬁnem
1437 5574 1557 5633 folii
1586 5576 1678 5634 ‘29"
1707 5576 1872 5650 Hugo
1901 5491 2290 5641 ἓοέιξνίιω
2326 5577 2594 5637 inseruit.
