3940 6048
178 208 263 281 ‘77
1455 210 1847 290 ΟΗΗΟΝΙΟ(

1986 258 2070 274 --
2095 223 2251 293 LIB.
2282 223 2331 293 Ῑ.
3509 235 3591 305 ‘78

182 354 558 414 consulibus.
586 354 1257 452 Comuputanturautem
1277 370 1308 413 a
1333 355 1831 452 Wandalicairru-
1861 359 1918 421 A
1951 360 2193 433 privatis
2218 367 2279 421 et
2307 365 2558 437 publicis
2586 362 2863 441 spoliavit
2893 370 3139 444 divitiis,
3167 380 3227 432 et
3256 384 3489 452 sumpta
3530 382 3587 440 in

186 445 393 517 ptione
415 458 604 515 usque
634 441 706 498 ad
750 457 955 499 annum
1016 443 1198 513 illum,
1259 461 1372 516 quo
1431 447 1541 504 sub
1593 447 1834 517 regibus

186 532 370 591 Bleda
392 539 485 589 est
505 531 683 588 Attila
700 533 993 587 Hunorum
1021 547 1125 605 per
1150 532 1366 590 Gallias
1380 535 1626 592 diﬂ‘usus
1639 541 1837 592 estex-

186 623 436 689 ercitus,
472 621 788 678 secundum
831 620 998 677 fidem
1043 622 1612 694 hystoriarum,—anni
1642 628 1707 681 45
1731 626 1839 682 hoc

188 710 389 767 modo.
421 712 586 765 Anno
618 708 768 764 enim
802 709 1168 781 principatus
1209 711 1444 768 Honorii
1480 716 1618 768 14ωθ
1672 716 1841 770 Wan-

188 798 461 854 dalorum
496 797 1069 866 rabieseﬂ‘erbuit,et
1089 800 1378 856 Honorius
1411 806 1614 871 postea
1640 816 1841 871 regna-

189 887 274 942 vit
310 890 380 943 16
410 886 614 951 annis;
651 892 778 957 post
820 901 988 957 quem
1011 888 1368 945 Theodosius
1392 889 1590 958 junior
1636 904 1841 959 regna-

190 975 279 1031 vit
300 974 465 1030 annis
490 974 583 1043 27,
603 978 662 1028 et
714 975 1004 1031 successit
1041 977 1091 1031 ei
1128 977 1449 1033 Marcianus
1496 978 1837 1049 imperator,

192 1063 366 1133 cujus
396 1063 585 1134 primo
616 1062 1009 1134 imperiianno
1030 1065 1175 1120 Huni
1201 1064 1417 1121 Gallias
1454 1072 1835 1139 occuparunt.

195 1151 491 1223 [Legimus
520 1156 715 1207 autem
744 1151 801 1207 in
859 1153 1130 1209 Getarum
1188 1152 1275 1226 m]
1336 1154 1580 1211 historia
1633 1155 1840 1211 referri

198 1241 463 1311 (Ionem.
490 1240 603 1311 21.]
621 1239 744 1310 (fol,
760 1241 899 1311 29'),
922 1242 1051 1312 quia
1069 1242 1203 1298 dum
1224 1244 1418 1299 Romae
1442 1244 1634 1299 emula
1657 1259 1683 1299 a
1702 1245 1843 1299 Con-

197 1329 463 1385 stantino
493 1328 848 1385 conderetur
882 1330 1090 1386 civitas
1110 1332 1220 1387 sub
1244 1332 1509 1389 Ariarico
1533 1338 1592 1388 et
1627 1332 1843 1388 Adrico

197 1419 441 1488 regibus
474 1419 875 1475 QOGothorum
899 1420 1051 1476 milia
1091 1421 1143 1475 in
1179 1420 1449 1477 solatium
1480 1421 1667 1478 eidem
1687 1422 1841 1493 prin-

198 1508 313 1580 cipi
350 1507 709 1580 praevenisse
740 1505 939 1576 “’(z‘b.,
974 1509 1506 1579 22).Postquorum
1524 1509 1844 1566 discessum

198 1611 330 1653 cum
354 1611 385 1651 a
410 1596 691 1652 Geberich
718 1596 1033 1653 Gothorum
1056 1611 1191 1667 rege
1222 1597 1845 1654 WisirmarWandalo-

1951 466 2131 507 uxore
2161 452 2415 512 Placidia
2438 470 2643 513 sorore
2660 459 2914 530 Honorii,
2940 467 2997 516 et
3015 461 3179 519 italia
3205 465 3445 524 dimissa
3478 486 3585 541 pro

1947 542 2476 614 consanguinitate,
2513 545 2727 604 Gallias
2755 548 3022 620 appetiit,
3059 565 3186 621 quas
3220 567 3250 608 a
3292 555 3587 616 Wandalis

1950 628 2168 717 Gresco
2201 631 2370 702 duce,
2393 633 2590 689 Alanis
2605 649 2837 706 quoque
2858 641 2914 694 et
2934 638 3590 717 Burgundionibusgra—

1949 716 2102 772 viter
2118 718 2565 778 infestabuntur.
2585 725 2721 779 Nam
2742 731 2875 782 tunc
2894 728 3173 784 Wandali:
3201 737 3357 788 metu
3378 716 3593 793 Gotho-

1952 819 2075 860 rum
2100 806 2305 863 relicta
2336 810 3254 888 Pannonia,Galliisincubabant,
3281 819 3359 876 ibi
3393 828 3589 881 certas

1953 893 2125 950 sedes
2159 900 2514 966 temptantes
2537 899 2730 969 figere.
2756 901 2920 967 Quod
2945 904 3153 960 malum
3176 922 3280 977 pro
3322 910 3593 969 suienor-

1954 981 2156 1038 mitate
2186 985 2453 1043 omnibus
2469 992 2626 1058 patet
2647 989 3120 1063 satissuperque.
3158 998 3423 1054 Attamen
3454 1005 3589 1058 ante

1955 1070 2300 1142 faciemejus
2332 1074 2619 1144 fugientes
2647 1077 2704 1133 in
2751 1078 3025 1149 Hispania
3072 1097 3135 1138 se
3194 1085 3585 1161 recluserunt,

1956 1158 2053 1214 ubi
2085 1172 2115 1214 a
2140 1160 2491 1220 Gothiscaasi
2516 1170 2671 1221 sunt.
2710 1166 2842 1237 (1b.,
2869 1169 2983 1239 32.)
3008 1172 3145 1225 Cum
3169 1187 3308 1243 ergo
3361 1158 3588 1249 Wallia,

1959 1251 2202 1318 quartus
2224 1250 2295 1304 ab
2319 1250 2566 1322 Alarico,
2585 1255 2968 1326 succedisset,
2991 1262 3048 1312 ct
3069 1260 3351 1333 Wandali,
3392 1264 3589 1324 Hierio

1956 1339 2014 1389 et
2030 1336 2334 1394 Ardabure
2348 1341 2708 1412 consulibus,
2734 1343 2943 1400 iterum
2962 1345 3201 1403 Galliam
3217 1349 3586 1426 infestarent,

1957 1429 2116 1480 moto
2146 1431 2352 1482 contra
2380 1442 2481 1484 eos
2509 1431 2777 1487 exercitu
2808 1433 2877 1488 ad
2911 1433 3181 1490 Affricam
3209 1453 3313 1495 eos
3343 1440 3592 1509 migrare

1956 1513 2239 1584 compulit
2260 1515 2369 1571 sub
2392 1530 2527 1586 rege
2551 1518 2813 1576 Gisirico.
2843 1520 2979 1591 (1b.,
3001 1525 3113 1595 34.)
3136 1524 3335 1581 Wallia
3362 1543 3592 1600 quoque

1958 1601 2276 1658 decedente
2310 1603 2363 1659 in
2388 1619 2568 1674 regno
2592 1607 2790 1665 Galliae
2811 1614 2868 1665 et
2894 1611 3183 1682 Hispaniae
3206 1614 3592 1676 Theodoritus

200 1699 325 1742 rum
348 1699 455 1740 rex
477 1685 883 1756 impeteretur,
903 1691 963 1741 ut
990 1685 1189 1741 reii‘ert
1212 1685 1547 1757 Deuxippus
1574 1686 1845 1742 historio-
1873 1714 1927 1774 Β
1959 1691 2266 1762 successit,
2303 1698 2504 1750 contra
2527 1710 2692 1766 quem
2707 1698 2873 1754 Etius
2899 1701 3205 1770 patricius,
3228 1719 3370 1775 pace
3395 1712 3589 1779 rupta,

197 1773 1221 1846 graphusquidiciteosabOcceano
1262 1773 1332 1829 ad
1382 1779 1645 1831 nostrum
1700 1774 1845 1831 limi-

199 1868 318 1917 tem
347 1862 447 1918 vix
481 1862 538 1917 in
571 1861 702 1917 anni
734 1861 994 1933 Spacium
1012 1863 1346 1933 pervenisse
1372 1878 1490 1934 pra;
1526 1863 1697 1919 nimia
1729 1869 1846 1920 ter-

201 1964 399 2007 rarum
422 1950 835 2019 immensitate,
858 1965 985 2006 cum
1006 1956 1652 2008 essentcommorantes
1678 1954 1846 2007 Wan-

201 2037 318 2094 dali
347 2038 406 2093 in
440 2036 585 2094 locis
616 2038 712 2093 ubi
751 2054 903 2094 nunc
953 2038 1186 2110 Gepidte
1241 2039 1527 2109 habitant,
1577 2040 1646 2095 ad
1708 2039 1846 2096 litus

202 2128 391 2183 amnis
413 2128 661 2183 Marisite
676 2127 817 2183 victi
834 2143 862 2183 a
890 2128 1172 2184 Geberich
1196 2128 1572 2199 etprostrati,
1598 2129 1846 2199 patriam

205 2214 743 2286 illamlinquentes,
779 2217 1131 2273 Pannoniam
1163 2233 1192 2273 a
1238 2218 1619 2273 Constantino
1670 2217 1850 2289 petie-

204 2310 363 2375 runt,
392 2304 490 2360 ubi
525 2319 626 2376 per
658 2309 798 2361 60et
824 2319 894 2361 eo
919 2306 1169 2377 amplius
1192 2320 1375 2361 annos
1397 2306 1659 2362 decretis
1679 2306 1850 2378 impe-

1960 1777 2014 1832 in
2031 1779 2225 1835 Gallos
2239 1782 2417 1838 movit
2433 1784 2652 1841 exercit
2665 1777 3593 1868 um,auxiliatoribusHunis,(Ib.,

1958 1869 2071 1937 35.)
2093 1882 2337 1937 quorum
2361 1876 2530 1927 erant
2559 1886 2729 1942 reges
2755 1874 2926 1931 Bleda
2959 1879 3232 1950 etAttila,
3269 1882 3594 1942 Theodosio

1953 1955 2183 2047 juniore
2216 1957 2897 2031 imperante,Theodosio
2927 1970 2987 2021 et
3012 1967 3204 2024 Flesto
3230 1971 3589 2047 consulibus,

1959 2048 2018 2134 et
2043 2044 2197 2102 datis
2229 2048 2522 2119 utrimque
2563 2050 2787 2107 dextris
2837 2052 3166 2113 discessum
3214 2063 3323 2130 est,
3362 2067 3417 2117 et
3461 2044 3597 2134 post

1961 2131 2082 2223 haec
2109 2134 2307 2205 Attila,
2343 2136 2523 2193 fratre
2572 2138 2903 2213 interfecto,
2962 2145 3115 2200 omni
3160 2131 3595 2223 Hunorum‘po-

1963 2220 2098 2292 pulo
2130 2222 2239 2278 sibi
2273 2224 2557 2297 subjecto,
2577 2226 2648 2283 ad
2697 2230 2876 2287 totius
2936 2233 3131 2289 mundi
3202 2220 3592 2310 principatum

1962 2310 2231 2400 anhrlare
2258 2314 2433 2385 cepit,
2496 2316 2576 2370 Ex
2610 2316 2699 2372 his
2746 2319 3102 2376 Jordanis‘"
3146 2323 3597 2400 historiographi

204 2399 470 2449 ratorum
506 2392 788 2449 famulati:
826 2394 960 2450 inde
988 2398 1171 2466 posta
1231 2393 1508 2451 Stilicone
1568 2395 1849 2486 magistro
1961 2399 2134 2455 dictis
2158 2399 2378 2471 liquido
2407 2401 2757 2475 colligimus,
2775 2407 2937 2478 prius
2972 2392 3418 2485 Wandalorum,—
3464 2392 3593 2486 post

206 2482 458 2538 militum
481 2488 539 2537 et
576 2482 822 2552 praticio
845 2483 1075 2539 evocati
1100 2482 1316 2539 Gallias
1345 2484 1845 2555 occuparunt,ubi

204 2585 315 2627 non
347 2585 379 2626 a
410 2571 530 2626 Deo
556 2570 880 2627 fixassedes
905 2571 1254 2628 habuerunt.
1291 2573 1360 2627 Et
1390 2576 1521 2644 post
1548 2572 1846 2643 aliquanta

203 2659 386 2716 eciam
416 2659 541 2716 haec
575 2659 775 2715 subdit
805 2657 873 2693 ¹³³
905 2679 918 2714 :

270 2745 409 2815 (1b.,
452 2748 565 2817 24).
602 2748 737 2803 Post
770 2762 881 2803 non
907 2747 1059 2817 longi
1084 2749 1371 2820 temporis
1401 2750 1680 2820 spatium,
1710 2752 1847 2806 [ler-

204 2835 502 2892 manarico
534 2835 630 2905 qui
663 2836 909 2892 Geberic
941 2841 1305 2894 successerat
1355 2852 1511 2908 rege,
1548 2840 1845 2894 Hunorum

200 2936 370 2992 gens,
428 2922 676 2979 Balamir
716 2928 998 2992 regnante
1050 2926 1107 2980 in
1165 2940 1286 2993 eos,
1332 2926 1486 2982 omni
1540 2926 1845 2983 ferocitate

203 3012 486 3079 atrocior,
544 3012 767 3068 exarsit
804 3013 857 3068 in
918 3014 1137 3069 Gothos
1187 3013 1589 3085 Ostrogothas,
1646 3015 1698 3071 id
1756 3020 1845 3072 est

199 3100 542 3157 orientales.
567 3101 702 3172 (Ib.,
737 3101 1047 3173 25).‘Quod
1079 3103 1349 3159 videntes
1378 3084 1720 3174 Visigothaa,
1768 3104 1848 3160 lc-
1876 3084 1927 3147 (ἶ

199 3197 373 3260 gatos
407 3191 479 3246 ad
510 3191 815 3247 Valentem
852 3191 1239 3248 Valentiniani
1291 3193 1544 3250 senioris
1605 3195 1843 3250 fratrem

200 3279 509 3348 miserunt,
544 3280 980 3350 promittentes,
1006 3281 1055 3336 si
1083 3281 1302 3337 Tracias
1335 3281 1423 3336 vel
1487 3283 1697 3339 Moesiae
1731 3282 1846 3338 illis

200 3367 391 3435 daret,
420 3382 485 3423 se
519 3366 886 3423 Christianos
913 3369 1163 3424 futuros.
1198 3370 1238 3423 A
1276 3384 1389 3439 quo
1414 3369 1657 3425 Arriana
1677 3371 1844 3441 perli-

196 3454 314 3524 dia,
339 3469 454 3526 qua
475 3455 601 3526 ipse
620 3455 1014 3526 detinebatur,
1039 3457 1513 3525 imbuti,eandem
1545 3458 1843 3530 perﬁdiam

199 3544 368 3613 quasi
396 3558 502 3614 pro
534 3544 771 3614 generis
790 3544 1232 3616 propinquitate
1257 3545 1633 3616 Ostrogothis
1665 3548 1846 3604 ctGe-

194 3632 676 3703 pidisWisigothi
711 3633 1101 3701 tradiderunt,
1135 3640 1191 3690 et
1214 3634 1323 3704 ipsi
1360 3635 1619 3692 Danubio
1656 3641 1845 3693 trans-

197 3725 416 3777 neato.
451 3721 704 3791 Daciam,
729 3722 957 3778 Mesiam
1002 3728 1059 3779 et
1090 3723 1324 3780 Tracias
1377 3739 1663 3795 permissu
1693 3724 1845 3780 inse-

196 3808 436 3866 derunt.
473 3808 614 3879 (1b.,
647 3811 758 3880 26).
796 3811 1197 3882 Cumquopost
1234 3815 1393 3868 totas
1416 3812 1845 3882 septentriona-

198 3896 284 3954 les
312 3901 514 3969 partes
530 3912 714 3968 usque
729 3900 843 3953 Dan
856 3899 1049 3954 ubium
1064 3904 1269 3956 tenere
1285 3898 1521 3958 vellent.
1540 3901 1613 3958 ab
1637 3901 1843 3958 eodem

194 3984 445 4041 Valente
460 3985 616 4042 bello
630 3986 873 4058 appetiti
890 3992 949 4043 et
972 3986 1228 4044 victores
1251 3987 1410 4058 facti,
1428 3988 1841 4060 imperatorem

199 4074 489 4144 saucium,
514 4087 649 4130 cum
673 4073 729 4130 in
762 4075 1021 4145 proxima
1041 4090 1175 4132 casa
1202 4076 1539 4147 refugisset,
1567 4077 1841 4150 imposito

199 4161 334 4231 igne
362 4168 910 4233 concremaverunt,
945 4168 1227 4235 regnante
1257 4164 1313 4221 in
1347 4165 1566 4222 Gothos
1599 4171 1728 4238 post
1743 4167 1841 4224 Er-

196 4250 562 4307 manaricum
595 4250 962 4323 Fridigerno,
992 4253 1085 4309 cui
1118 4253 1410 4311 successit
1456 4255 1845 4313 Athanaricus

196 4342 258 4394 et
279 4339 334 4395 ei
368 4339 660 4396 Alaricus.
687 4338 954 4412 (1b.,28.)
974 4343 1185 4398 Verum
1216 4341 1688 4399 ubiTheodosius
1710 4359 1841 4401 cum

200 4426 487 4526 Grrciano
513 4441 707 4525 rerum
732 4443 952 4526 summa
977 4429 1344 4526 potitusest,
1382 4445 1522 4502 pace
1567 4446 1700 4526 cum
1754 4433 1841 4488 eis
1874 4446 1927 4506 ι)

198 4515 378 4585 facta,
397 4515 647 4584 benigne
661 4530 764 4573 eos
781 4516 980 4573 habuit
1006 4536 1020 4585 ;
1046 4518 1147 4575 sed
1164 4517 1298 4575 ﬁliis
1311 4533 1513 4575 eorum
1528 4520 1700 4576 aliter
1711 4535 1841 4577 cum

196 4603 287 4659 eis
305 4604 638 4676 agentibus,
661 4620 790 4662 cum
807 4604 1414 4678 invaderentltaliam,
1433 4607 1666 4665 Alarico
1705 4623 1841 4677 rege

201 4690 481 4748 Stilicone
513 4692 847 4750 etAriliano
865 4694 1236 4761 consulibus,
1258 4696 1391 4752 data
1407 4700 1497 4753 est
1529 4696 1615 4754 eis
1635 4695 1839 4768 Gallia,

198 4777 341 4849 (1b.,
375 4783 487 4853 30.)
523 4785 585 4838 ut
619 4781 1006 4839 defenderent
1048 4798 1175 4839 eam
1206 4798 1235 4839 a
1291 4784 1588 4842 Wandalis
1636 4791 1843 4844 contra

198 4882 350 4939 quos
379 4869 533 4941 apud
569 4869 914 4927 Pollentiam
947 4872 1003 4927 in
1032 4871 1168 4928 dolo
1199 4871 1478 4930 Stilicone
1520 4879 1842 4946 pugnante,

196 4956 389 5014 iratus
412 4957 683 5015 Alaricus
708 4960 941 5016 Romam
974 4960 1168 5031 rediit,
1194 4960 1430 5033 invasit,
1455 4962 1839 5034 depraedavit,

196 5050 252 5103 et
286 5060 393 5118 per
433 5047 803 5120 Campaniam
835 5054 895 5104 et
918 5048 1172 5106 Siciliam
1207 5048 1275 5105 ad
1337 5050 1843 5108 Aﬂ‘ricam‘trans-

197 5134 322 5192 iens
355 5137 627 5207 moritur,
663 5136 720 5192 in
748 5137 1004 5208 Barinto,
1031 5152 1198 5195 amne
1228 5138 1518 5212 sepultus.
1558 5138 1695 5210 (1b,.
1725 5143 1838 5214 3t.)

203 5224 303 5282 Cui
326 5223 642 5284 Athaulfus
671 5225 998 5285 succedens
1017 5226 1235 5286 iterato
1257 5230 1495 5286 Romam
1526 5234 1587 5288 et
1616 5230 1838 5288 Italiam

1959 2488 2250 2543 Hunorum
2281 2490 2659 2549 inundatione
2700 2494 3034 2553 Occidentis
3107 2498 3412 2571 imperium
3460 2518 3597 2561 con-

1956 2590 2193 2633 cussum
2223 2592 2374 2634 esse.

2029 2683 2147 2755 (fol.
2177 2683 2294 2757 29‘)
2330 2686 2600 2758 [Nummus
2627 2688 2830 2761 X,13.]
2883 2692 3061 2749 Adam
3123 2694 3432 2767 plasmatio
3493 2700 3592 2757 Dei

1957 2773 2101 2830 vivit
2131 2774 2333 2844 genuit
2365 2776 2522 2847 Seth,
2558 2777 2693 2833 Seth
2717 2780 2917 2849 genuit
2934 2782 3106 2852 Enos,
3134 2786 3288 2843 Enos
3321 2788 3589 2861 Caynam,

1959 2862 2144 2934 Cayna
2179 2864 2380 2921 henuit
2410 2865 2704 2924 Mahaleel.
2725 2868 2996 2927 Mahaleel
3025 2887 3257 2946 quoque
3288 2877 3595 2946 genuitJa-

1959 2952 2107 3019 reth,
2139 2953 2338 3009 Jareth
2361 2952 2428 2987 1”
2458 2956 2675 3028 Enocb,
2711 2958 2903 3014 Euoch
2937 2961 3301 3033 Matusalem,
3350 2967 3599 3024 Matusa-

1958 3038 2068 3094 lam
2103 3041 2365 3113 Lamech,
2398 3043 2638 3101 Lamech
2670 3047 2872 3116 genuit
2903 3049 3038 3119 Noe,
3088 3052 3207 3108 Noe
3263 3055 3463 3124 genuit
3506 3057 3599 3112 Ja-

1957 3128 2097 3198 feth,
2134 3130 2230 3200 qui
2260 3131 2528 3189 dilatavit
2558 3135 2837 3192 terminos
2881 3138 3087 3194 suosin
3102 3140 3352 3213 Europa,
3384 3142 3507 3200 Sem
3540 3144 3597 3200 in

1955 3218 2107 3285 Asia,
2145 3219 2317 3275 Cham
2351 3221 2406 3276 in
2437 3221 2666 3279 At‘frica.
2700 3225 2889 3281 Jafeth
2921 3227 3123 3296 genuit
3157 3229 3358 3302 Johan,
3414 3230 3595 3289 Johan

1956 3306 2198 3371 Lohath,
2234 3307 2449 3365 Lohath
2484 3311 2645 3382 Bath,
2684 3313 2825 3368 Bath
2860 3328 3092 3385 quoque
3112 3318 3309 3386 genuit
3364 3319 3594 3391 Hisrau,

1957 3394 2165 3451 Hisrau
2193 3396 2388 3466 Esraa,
2408 3399 2587 3454 Esraa
2610 3401 2712 3470 Ra,
2730 3401 2808 3457 Ra
2822 3404 3025 3472 genuit
3050 3405 3224 3476 Abyr,
3244 3408 3398 3478 Abyr
3423 3408 3592 3480 00th,

1958 3481 2106 3538 Ooth
2122 3484 2358 3551 Ethech,
2377 3487 2595 3544 Ethech
2619 3490 3230 3561 Aurchact,Aurchact
3254 3496 3591 3568 Ecthactus,

1957 3571 2275 3629 Ecthactus
2341 3588 2574 3645 quoque
2650 3578 2854 3646 genuit
2896 3579 3070 3652 Mayr,
3123 3582 3280 3653 Mayr
3344 3584 3591 3656 Semion,

1958 3659 2183 3716 Semion
2218 3661 2380 3733 Boih,
2410 3663 2547 3719 Boih
2578 3664 2752 3736 Thoy,
2776 3667 2933 3739 Thoy
2955 3668 3256 3741 Ogomuin,
3290 3672 3593 3744 Ogomuin,

1958 3749 2190 3820 Fetuyr,
2238 3750 2450 3822 Fetuyr
2499 3751 2739 3810 Alanum
2765 3754 2853 3827 (*),
2881 3758 2977 3827 qui
3012 3757 3235 3829 primus
3283 3760 3438 3817 venit
3523 3764 3594 3819 ad

1956 3846 2245 3920 Europam
2274 3863 2403 3904 cum
2429 3849 2620 3907 tribus
2654 3850 2789 3909 ﬁliis
2847 3852 2991 3926 suis,
3050 3855 3347 3929 Ysichion,
3401 3860 3597 3916 Arme-

1956 3950 2091 4006 non,
2117 3936 2334 4006 Neugio
2368 3955 2381 4005 ;
2415 3937 2682 3996 Ysichion
2714 3942 2915 4012 genuit
2947 3942 3119 4002 Filios
3150 3948 3204 4016 4,
3233 3947 3515 4005 Francum
3564 3963 3593 4006 a

1958 4038 2072 4095 quo
2105 4026 2662 4097 Franci,Romanum
2687 4043 2716 4086 a
2740 4044 2855 4101 quo
2878 4032 3110 4089 Romam
3145 4033 3527 4094 Alamannum
3564 4054 3594 4095 a

1956 4128 2071 4185 quo
2102 4113 2422 4185 Alamanni,
2462 4116 2805 4187 Brittonum,
2843 4133 3004 4191 aquo
3036 4121 3351 4182 Brittones.
3398 4127 3594 4183 Arme-

1956 4216 2066 4259 non
2091 4206 2122 4258 δ
2151 4202 2351 4272 genuit
2379 4203 2549 4275 filios,
2583 4205 2830 4263 Gothum
2864 4222 2894 4263 a
2928 4222 3041 4279 quo
3076 4210 3268 4277 Gothi,
3330 4211 3593 4284 Walago—

1955 4291 2119 4348 thum
2136 4305 2165 4347 a
2181 4305 2295 4363 quo
2312 4291 2653 4363 Walagothi,
2684 4294 2949 4353 Cibidum
2964 4310 3115 4368 aquo
3131 4298 3318 4357 Cibidi
3339 4301 3594 4372 Burgun-

1957 4394 2086 4439 cum
2116 4393 2147 4435 a
2189 4394 2303 4451 quo
2335 4382 2652 4453 Burgundi,
2688 4382 3127 4455 Langobardum
3150 4401 3181 4443 a
3228 4403 3342 4460 quo
3380 4388 3595 4464 Lango-

2179 4469 2433 4540 Neugrio
2489 4474 2523 4526 4
2562 4472 2763 4529 habuit
2826 4473 2996 4545 filios,
3050 4475 3332 4547 Bogarum
3380 4493 3411 4536 a
3481 4495 3595 4552 quo

1959 4557 2188 4629 Bogari,
2219 4559 2564 4616 Wandalum
2598 4574 2627 4617 a
2654 4575 2769 4632 quo
2799 4563 3084 4635 Wandali,
3110 4564 3392 4625 Saxonem
3424 4582 3453 4625 a
3479 4583 3596 4640 quo

1958 4647 2234 4717 Saxones,
2264 4646 2623 4718 Taringuma
2675 4664 2791 4720 quo
2848 4652 3130 4724 Taringi;
3180 4659 3239 4711 et
3289 4656 3363 4712 ab
3413 4656 3595 4715 Alano

1959 4741 2122 4806 patre
2153 4735 2296 4792 dicti
2325 4741 2458 4793 sunt
2492 4736 2677 4794 Alani.
2712 4739 2844 4797 Haec
2877 4744 3086 4811 gentes
3108 4758 3211 4815 per
3234 4747 3417 4801 totam
3484 4747 3593 4802 Eu-

1958 4838 2156 4895 ropam
2181 4824 2385 4883 divisae
2417 4830 2571 4883 sunt.

1956 4958 2018 5031 (‘)
2044 4960 2172 5015 Hoc
2188 4960 2571 5031 potissimum
2599 4961 2720 5018 loco
2750 4964 3167 5034 generationes
3208 4967 3589 5043 populorum,

2025 5049 2237 5120 quales
2256 5050 2325 5106 in
2351 5046 2651 5109 codicibus
2671 5050 2814 5108 inde
2832 5050 2907 5109 ab
2949 5054 3193 5111 ineunte
3211 5070 3362 5114 nono
3374 5060 3588 5118 seculo

2031 5138 2171 5210 legi,
2204 5137 2417 5196 sistere
2432 5139 2681 5210 placet;
2703 5138 2850 5198 sunt
2874 5140 3074 5198 autem
3098 5141 3191 5201 Ιιω
3218 5161 3232 5201 :

2024 5243 2843 5317 4.,00d.regiusPam.Nro.
2873 5250 2997 5306 609.
3031 5262 3145 5309 me
3168 5251 3264 5311 ΙΧ
3302 5253 3589 5315 ineuntis.

1557 5363 1796 5422 VARIE
1838 5363 2235 5424 LECTIONES.

1557 5365 1796 5422 VARIE
1838 5365 2235 5424 LECTIONES.

265 5456 509 5544 “‘“Hac
535 5458 870 5544 munda
894 5459 1196 5544 videmjm'.
1222 5458 1299 5544 ff’
1327 5462 1672 5536 provenisse
1699 5477 1856 5544 corr,
1879 5461 2239 5539 praevenisse
2259 5474 2307 5520 ο.
2343 5458 2411 5495 ³³³
2433 5459 2646 5519 subdet
2671 5474 2719 5520 ο.
2757 5461 2822 5535 (i)
2851 5460 2919 5499 ί³⁴
2966 5464 3237 5525 Iordanis
3281 5480 3433 5529 corr.
3472 5469 3600 5531 Jor-

199 5530 405 5590 nandis
425 5544 476 5603 ο,
536 5530 844 5590 “Larem
872 5544 1025 5593 corr.
1083 5531 1283 5592 Jareth
1310 5530 1359 5593 ὁ.
