  <div class='ocr_page' id='page_1' title='image "/cluster/home/n/w/nwhite01/storage/ocr_20150623/154/hvd.32044054760129/047.png"; bbox 0 0 3936 6050; ppageno 0'>
   <div class='ocr_carea' id='block_1_1' title="bbox 339 250 3742 332">
    <p class='ocr_par' dir='ltr' id='par_1_1' title="bbox 339 250 3742 332">
     <span class='ocr_line' id='line_1_1' title="bbox 339 250 3742 332; baseline 0.004 -13"><span class='ocrx_word' id='word_1_1' title='bbox 339 250 418 319; x_wconf 79' lang='grc'><strong>88</strong></span> <span class='ocrx_word' id='word_1_2' title='bbox 1294 262 1658 331; x_wconf 86' lang='lat' dir='ltr'><strong>HUGONIS</strong></span> <span class='ocrx_word' id='word_1_3' title='bbox 1696 257 2055 327; x_wconf 80' lang='lat' dir='ltr'><strong>ABBATIS</strong></span> <span class='ocrx_word' id='word_1_4' title='bbox 2095 256 2776 331; x_wconf 78' lang='lat' dir='ltr'><strong>FLAVIN&#39;IACENSIS</strong></span> <span class='ocrx_word' id='word_1_5' title='bbox 3658 268 3742 332; x_wconf 69' lang='lat'><strong>84</strong></span> 
     </span>
    </p>
   </div>
   <div class='ocr_carea' id='block_1_2' title="bbox 341 386 3741 474">
    <p class='ocr_par' dir='ltr' id='par_1_2' title="bbox 341 386 3741 474">
     <span class='ocr_line' id='line_1_2' title="bbox 341 386 3741 474; baseline 0.004 -27"><span class='ocrx_word' id='word_1_6' title='bbox 341 386 655 464; x_wconf 79' lang='lat' dir='ltr'><strong>elangoris,</strong></span> <span class='ocrx_word' id='word_1_7' title='bbox 674 392 964 467; x_wconf 77' lang='lat' dir='ltr'><strong>strepitus</strong></span> <span class='ocrx_word' id='word_1_8' title='bbox 983 401 1041 453; x_wconf 88' lang='lat' dir='ltr'><strong>et</strong></span> <span class='ocrx_word' id='word_1_9' title='bbox 1070 393 1425 457; x_wconf 90' lang='lat' dir='ltr'><strong>ululationis.</strong></span> <span class='ocrx_word' id='word_1_10' title='bbox 1442 398 1984 459; x_wconf 82' lang='lat' dir='ltr'><strong>Din‘unditurhosti-</strong></span> <span class='ocrx_word' id='word_1_11' title='bbox 2008 391 2069 458; x_wconf 81' lang='grc' dir='ltr'><strong>Α</strong></span> <span class='ocrx_word' id='word_1_12' title='bbox 2098 399 2366 466; x_wconf 75' lang='lat' dir='ltr'><strong>praeerat,</strong></span> <span class='ocrx_word' id='word_1_13' title='bbox 2385 402 2449 453; x_wconf 83' lang='lat' dir='ltr'><strong>ut</strong></span> <span class='ocrx_word' id='word_1_14' title='bbox 2465 396 2684 455; x_wconf 87' lang='lat' dir='ltr'><strong>dictum</strong></span> <span class='ocrx_word' id='word_1_15' title='bbox 2707 399 2817 465; x_wconf 81' lang='lat' dir='ltr'><strong>est,</strong></span> <span class='ocrx_word' id='word_1_16' title='bbox 2835 395 2990 455; x_wconf 83' lang='lat' dir='ltr'><strong>misit</strong></span> <span class='ocrx_word' id='word_1_17' title='bbox 3014 394 3085 455; x_wconf 88' lang='lat' dir='ltr'><strong>ad</strong></span> <span class='ocrx_word' id='word_1_18' title='bbox 3108 393 3527 456; x_wconf 80' lang='lat' dir='ltr'><strong>Theodericum</strong></span> <span class='ocrx_word' id='word_1_19' title='bbox 3541 410 3741 474; x_wconf 79' lang='lat' dir='ltr'><strong>regem</strong></span> 
     </span>
    </p>
   </div>
   <div class='ocr_carea' id='block_1_3' title="bbox 343 477 1984 562">
    <p class='ocr_par' dir='ltr' id='par_1_3' title="bbox 343 477 1984 562">
     <span class='ocr_line' id='line_1_3' title="bbox 343 477 1984 562; baseline 0.009 -28"><span class='ocrx_word' id='word_1_20' title='bbox 343 477 417 537; x_wconf 81' lang='lat' dir='ltr'><strong>lis</strong></span> <span class='ocrx_word' id='word_1_21' title='bbox 447 480 628 553; x_wconf 84' lang='lat' dir='ltr'><strong>acies,</strong></span> <span class='ocrx_word' id='word_1_22' title='bbox 656 482 799 540; x_wconf 81' lang='lat' dir='ltr'><strong>ﬁunt</strong></span> <span class='ocrx_word' id='word_1_23' title='bbox 824 485 1286 546; x_wconf 85' lang='lat' dir='ltr'><strong>Christianorum</strong></span> <span class='ocrx_word' id='word_1_24' title='bbox 1309 489 1522 559; x_wconf 94' lang='lat' dir='ltr'><strong>cades,</strong></span> <span class='ocrx_word' id='word_1_25' title='bbox 1540 490 1725 548; x_wconf 79' lang='lat' dir='ltr'><strong>linunt</strong></span> <span class='ocrx_word' id='word_1_26' title='bbox 1752 492 1984 562; x_wconf 89' lang='lat' dir='ltr'><strong>sangui-</strong></span> 
     </span>
    </p>
   </div>
   <div class='ocr_carea' id='block_1_4' title="bbox 344 568 1984 651">
    <p class='ocr_par' dir='ltr' id='par_1_4' title="bbox 344 568 1984 651">
     <span class='ocr_line' id='line_1_4' title="bbox 344 568 1984 651; baseline 0.008 -27"><span class='ocrx_word' id='word_1_27' title='bbox 344 568 435 625; x_wconf 87' lang='lat' dir='ltr'><strong>nis</strong></span> <span class='ocrx_word' id='word_1_28' title='bbox 458 570 690 628; x_wconf 86' lang='lat' dir='ltr'><strong>ilumina</strong></span> <span class='ocrx_word' id='word_1_29' title='bbox 724 574 923 631; x_wconf 90' lang='lat' dir='ltr'><strong>hostili</strong></span> <span class='ocrx_word' id='word_1_30' title='bbox 956 576 1310 635; x_wconf 80' lang='lat' dir='ltr'><strong>credulitate</strong></span> <span class='ocrx_word' id='word_1_31' title='bbox 1344 580 1602 651; x_wconf 82' lang='lat' dir='ltr'><strong>profusa,</strong></span> <span class='ocrx_word' id='word_1_32' title='bbox 1628 595 1740 636; x_wconf 93' lang='lat' dir='ltr'><strong>non</strong></span> <span class='ocrx_word' id='word_1_33' title='bbox 1774 581 1984 637; x_wconf 90' lang='lat' dir='ltr'><strong>bestia-</strong></span> 
     </span>
    </p>
   </div>
   <div class='ocr_carea' id='block_1_5' title="bbox 345 660 1986 741">
    <p class='ocr_par' dir='ltr' id='par_1_5' title="bbox 345 660 1986 741">
     <span class='ocr_line' id='line_1_5' title="bbox 345 660 1986 741; baseline 0.008 -29"><span class='ocrx_word' id='word_1_34' title='bbox 345 672 472 713; x_wconf 92' lang='lat' dir='ltr'><strong>rum</strong></span> <span class='ocrx_word' id='word_1_35' title='bbox 488 660 589 716; x_wconf 88' lang='lat' dir='ltr'><strong>sed</strong></span> <span class='ocrx_word' id='word_1_36' title='bbox 604 660 895 720; x_wconf 83' lang='lat' dir='ltr'><strong>heminum</strong></span> <span class='ocrx_word' id='word_1_37' title='bbox 921 680 1131 722; x_wconf 81' lang='lat' dir='ltr'><strong>cruore</strong></span> <span class='ocrx_word' id='word_1_38' title='bbox 1157 669 1466 723; x_wconf 79' lang='lat' dir='ltr'><strong>manantia.</strong></span> <span class='ocrx_word' id='word_1_39' title='bbox 1485 671 1692 725; x_wconf 91' lang='lat' dir='ltr'><strong>Senum</strong></span> <span class='ocrx_word' id='word_1_40' title='bbox 1732 670 1828 741; x_wconf 90' lang='lat' dir='ltr'><strong>qui</strong></span> <span class='ocrx_word' id='word_1_41' title='bbox 1855 670 1986 725; x_wconf 91' lang='lat' dir='ltr'><strong>reli-</strong></span> 
     </span>
    </p>
   </div>
   <div class='ocr_carea' id='block_1_6' title="bbox 346 746 1986 829">
    <p class='ocr_par' dir='ltr' id='par_1_6' title="bbox 346 746 1986 829">
     <span class='ocr_line' id='line_1_6' title="bbox 346 746 1986 829; baseline 0.009 -29"><span class='ocrx_word' id='word_1_42' title='bbox 346 746 445 815; x_wconf 88' lang='lat' dir='ltr'><strong>qui</strong></span> <span class='ocrx_word' id='word_1_43' title='bbox 468 753 637 804; x_wconf 87' lang='lat' dir='ltr'><strong>erant</strong></span> <span class='ocrx_word' id='word_1_44' title='bbox 658 747 725 783; x_wconf 81' lang='grc'><strong>¹⁴⁹</strong></span> <span class='ocrx_word' id='word_1_45' title='bbox 749 767 916 810; x_wconf 89' lang='lat' dir='ltr'><strong>nemo</strong></span> <span class='ocrx_word' id='word_1_46' title='bbox 940 753 1605 827; x_wconf 86' lang='lat' dir='ltr'><strong>miserabatur,juvenes</strong></span> <span class='ocrx_word' id='word_1_47' title='bbox 1626 759 1843 829; x_wconf 67' lang='lat' dir='ltr'><strong>absque</strong></span> <span class='ocrx_word' id='word_1_48' title='bbox 1866 773 1986 815; x_wconf 92' lang='lat' dir='ltr'><strong>res-</strong></span> 
     </span>
    </p>
   </div>
   <div class='ocr_carea' id='block_1_7' title="bbox 346 839 1983 916">
    <p class='ocr_par' dir='ltr' id='par_1_7' title="bbox 346 839 1983 916">
     <span class='ocr_line' id='line_1_7' title="bbox 346 839 1983 916; baseline 0.007 -26"><span class='ocrx_word' id='word_1_49' title='bbox 346 841 522 905; x_wconf 90' lang='lat' dir='ltr'><strong>pectu</strong></span> <span class='ocrx_word' id='word_1_50' title='bbox 556 839 1021 899; x_wconf 81' lang='lat' dir='ltr'><strong>trucidabantur.</strong></span> <span class='ocrx_word' id='word_1_51' title='bbox 1048 844 1326 902; x_wconf 81' lang='lat' dir='ltr'><strong>Matribus</strong></span> <span class='ocrx_word' id='word_1_52' title='bbox 1355 850 1412 901; x_wconf 88' lang='lat' dir='ltr'><strong>et</strong></span> <span class='ocrx_word' id='word_1_53' title='bbox 1442 845 1768 916; x_wconf 81' lang='lat' dir='ltr'><strong>virginibus</strong></span> <span class='ocrx_word' id='word_1_54' title='bbox 1811 848 1983 904; x_wconf 89' lang='lat' dir='ltr'><strong>nichil</strong></span> 
     </span>
    </p>
   </div>
   <div class='ocr_carea' id='block_1_8' title="bbox 350 925 1988 1008">
    <p class='ocr_par' dir='ltr' id='par_1_8' title="bbox 350 925 1988 1008">
     <span class='ocr_line' id='line_1_8' title="bbox 350 925 1988 1008; baseline 0.008 -28"><span class='ocrx_word' id='word_1_55' title='bbox 350 925 791 995; x_wconf 87' lang='lat' dir='ltr'><strong>pudoris,nichil</strong></span> <span class='ocrx_word' id='word_1_56' title='bbox 810 932 1173 990; x_wconf 86' lang='lat' dir='ltr'><strong>verecundia</strong></span> <span class='ocrx_word' id='word_1_57' title='bbox 1190 937 1483 991; x_wconf 91' lang='lat' dir='ltr'><strong>servatum</strong></span> <span class='ocrx_word' id='word_1_58' title='bbox 1498 940 1613 1003; x_wconf 90' lang='lat' dir='ltr'><strong>est;</strong></span> <span class='ocrx_word' id='word_1_59' title='bbox 1631 936 1826 1008; x_wconf 92' lang='lat' dir='ltr'><strong>pueris</strong></span> <span class='ocrx_word' id='word_1_60' title='bbox 1839 942 1895 992; x_wconf 91' lang='lat' dir='ltr'><strong>et</strong></span> <span class='ocrx_word' id='word_1_61' title='bbox 1914 938 1988 993; x_wconf 91' lang='lat' dir='ltr'><strong>in-</strong></span> 
     </span>
    </p>
   </div>
   <div class='ocr_carea' id='block_1_9' title="bbox 350 1011 1985 1096">
    <p class='ocr_par' dir='ltr' id='par_1_9' title="bbox 350 1011 1985 1096">
     <span class='ocr_line' id='line_1_9' title="bbox 350 1011 1985 1096; baseline 0.01 -30"><span class='ocrx_word' id='word_1_62' title='bbox 350 1011 607 1071; x_wconf 80' lang='lat' dir='ltr'><strong>fantibus</strong></span> <span class='ocrx_word' id='word_1_63' title='bbox 632 1016 932 1073; x_wconf 87' lang='lat' dir='ltr'><strong>misertum</strong></span> <span class='ocrx_word' id='word_1_64' title='bbox 967 1034 1079 1075; x_wconf 91' lang='lat' dir='ltr'><strong>non</strong></span> <span class='ocrx_word' id='word_1_65' title='bbox 1111 1024 1221 1077; x_wconf 87' lang='lat' dir='ltr'><strong>est.</strong></span> <span class='ocrx_word' id='word_1_66' title='bbox 1248 1023 1520 1080; x_wconf 86' lang='lat' dir='ltr'><strong>Pervenit</strong></span> <span class='ocrx_word' id='word_1_67' title='bbox 1540 1023 1772 1093; x_wconf 80' lang='lat' dir='ltr'><strong>gladius</strong></span> <span class='ocrx_word' id='word_1_68' title='bbox 1802 1041 1985 1096; x_wconf 90' lang='lat' dir='ltr'><strong>usque</strong></span> 
     </span>
    </p>
   </div>
   <div class='ocr_carea' id='block_1_10' title="bbox 348 1100 1984 1184">
    <p class='ocr_par' dir='ltr' id='par_1_10' title="bbox 348 1100 1984 1184">
     <span class='ocr_line' id='line_1_10' title="bbox 348 1100 1984 1184; baseline 0.009 -28"><span class='ocrx_word' id='word_1_69' title='bbox 348 1100 419 1157; x_wconf 90' lang='lat' dir='ltr'><strong>ad</strong></span> <span class='ocrx_word' id='word_1_70' title='bbox 449 1103 712 1159; x_wconf 89' lang='lat' dir='ltr'><strong>animam.</strong></span> <span class='ocrx_word' id='word_1_71' title='bbox 752 1108 887 1162; x_wconf 90' lang='lat' dir='ltr'><strong>Cum</strong></span> <span class='ocrx_word' id='word_1_72' title='bbox 919 1112 1052 1163; x_wconf 88' lang='lat' dir='ltr'><strong>ante</strong></span> <span class='ocrx_word' id='word_1_73' title='bbox 1083 1110 1289 1167; x_wconf 92' lang='lat' dir='ltr'><strong>oculos</strong></span> <span class='ocrx_word' id='word_1_74' title='bbox 1321 1112 1538 1170; x_wconf 89' lang='lat' dir='ltr'><strong>reduco</strong></span> <span class='ocrx_word' id='word_1_75' title='bbox 1573 1114 1724 1184; x_wconf 90' lang='lat' dir='ltr'><strong>quod</strong></span> <span class='ocrx_word' id='word_1_76' title='bbox 1770 1115 1984 1171; x_wconf 85' lang='lat' dir='ltr'><strong>factum</strong></span> 
     </span>
    </p>
   </div>
   <div class='ocr_carea' id='block_1_11' title="bbox 348 1194 1983 1274">
    <p class='ocr_par' dir='ltr' id='par_1_11' title="bbox 348 1194 1983 1274">
     <span class='ocr_line' id='line_1_11' title="bbox 348 1194 1983 1274; baseline 0.008 -28"><span class='ocrx_word' id='word_1_77' title='bbox 348 1196 462 1262; x_wconf 90' lang='lat' dir='ltr'><strong>est,</strong></span> <span class='ocrx_word' id='word_1_78' title='bbox 496 1209 616 1264; x_wconf 87' lang='lat' dir='ltr'><strong>pra</strong></span> <span class='ocrx_word' id='word_1_79' title='bbox 648 1194 868 1252; x_wconf 91' lang='lat' dir='ltr'><strong>doloris</strong></span> <span class='ocrx_word' id='word_1_80' title='bbox 893 1199 1282 1255; x_wconf 88' lang='lat' dir='ltr'><strong>amaritudine</strong></span> <span class='ocrx_word' id='word_1_81' title='bbox 1308 1217 1418 1257; x_wconf 88' lang='lat' dir='ltr'><strong>vox</strong></span> <span class='ocrx_word' id='word_1_82' title='bbox 1441 1202 1566 1274; x_wconf 91' lang='lat' dir='ltr'><strong>ipsa</strong></span> <span class='ocrx_word' id='word_1_83' title='bbox 1589 1203 1983 1274; x_wconf 87' lang='lat' dir='ltr'><strong>concluditur,</strong></span> 
     </span>
    </p>
   </div>
   <div class='ocr_carea' id='block_1_12' title="bbox 350 1280 1987 1362">
    <p class='ocr_par' dir='ltr' id='par_1_12' title="bbox 350 1280 1987 1362">
     <span class='ocr_line' id='line_1_12' title="bbox 350 1280 1987 1362; baseline 0.007 -26"><span class='ocrx_word' id='word_1_84' title='bbox 350 1280 479 1349; x_wconf 91' lang='lat' dir='ltr'><strong>quia</strong></span> <span class='ocrx_word' id='word_1_85' title='bbox 505 1282 559 1338; x_wconf 93' lang='lat' dir='ltr'><strong>in</strong></span> <span class='ocrx_word' id='word_1_86' title='bbox 587 1287 743 1339; x_wconf 87' lang='lat' dir='ltr'><strong>tanta</strong></span> <span class='ocrx_word' id='word_1_87' title='bbox 771 1284 959 1355; x_wconf 88' lang='lat' dir='ltr'><strong>plebis</strong></span> <span class='ocrx_word' id='word_1_88' title='bbox 979 1288 1075 1343; x_wconf 89' lang='lat' dir='ltr'><strong>Dei</strong></span> <span class='ocrx_word' id='word_1_89' title='bbox 1100 1289 1429 1345; x_wconf 92' lang='lat' dir='ltr'><strong>vastasione</strong></span> <span class='ocrx_word' id='word_1_90' title='bbox 1462 1296 1643 1347; x_wconf 90' lang='lat' dir='ltr'><strong>meret</strong></span> <span class='ocrx_word' id='word_1_91' title='bbox 1681 1308 1860 1362; x_wconf 91' lang='lat' dir='ltr'><strong>mens,</strong></span> <span class='ocrx_word' id='word_1_92' title='bbox 1885 1308 1987 1350; x_wconf 91' lang='lat' dir='ltr'><strong>cor</strong></span> 
     </span>
    </p>
   </div>
   <div class='ocr_carea' id='block_1_13' title="bbox 348 1370 1990 1454">
    <p class='ocr_par' dir='ltr' id='par_1_13' title="bbox 348 1370 1990 1454">
     <span class='ocr_line' id='line_1_13' title="bbox 348 1370 1990 1454; baseline 0.01 -31"><span class='ocrx_word' id='word_1_93' title='bbox 348 1370 647 1427; x_wconf 85' lang='lat' dir='ltr'><strong>cruciatur</strong></span> <span class='ocrx_word' id='word_1_94' title='bbox 664 1378 721 1429; x_wconf 90' lang='lat' dir='ltr'><strong>et</strong></span> <span class='ocrx_word' id='word_1_95' title='bbox 738 1375 985 1446; x_wconf 87' lang='lat' dir='ltr'><strong>spiritus</strong></span> <span class='ocrx_word' id='word_1_96' title='bbox 1000 1391 1067 1431; x_wconf 88' lang='lat' dir='ltr'><strong>an</strong></span> <span class='ocrx_word' id='word_1_97' title='bbox 1078 1377 1288 1433; x_wconf 87' lang='lat' dir='ltr'><strong>xiatnr.</strong></span> <span class='ocrx_word' id='word_1_98' title='bbox 1308 1380 1603 1449; x_wconf 81' lang='lat' dir='ltr'><strong>Miserere,</strong></span> <span class='ocrx_word' id='word_1_99' title='bbox 1620 1382 1874 1443; x_wconf 88' lang='lat' dir='ltr'><strong>Domine.</strong></span> <span class='ocrx_word' id='word_1_100' title='bbox 1894 1399 1990 1454; x_wconf 93' lang='lat' dir='ltr'><strong>po-</strong></span> 
     </span>
    </p>
   </div>
   <div class='ocr_carea' id='block_1_14' title="bbox 348 1456 1988 1542">
    <p class='ocr_par' dir='ltr' id='par_1_14' title="bbox 348 1456 1988 1542">
     <span class='ocr_line' id='line_1_14' title="bbox 348 1456 1988 1542; baseline 0.008 -29"><span class='ocrx_word' id='word_1_101' title='bbox 348 1456 486 1527; x_wconf 90' lang='lat' dir='ltr'><strong>pulo</strong></span> <span class='ocrx_word' id='word_1_102' title='bbox 509 1464 634 1531; x_wconf 91' lang='lat' dir='ltr'><strong>tuo,</strong></span> <span class='ocrx_word' id='word_1_103' title='bbox 660 1462 919 1520; x_wconf 83' lang='lat' dir='ltr'><strong>funiculo</strong></span> <span class='ocrx_word' id='word_1_104' title='bbox 943 1464 1291 1522; x_wconf 86' lang='lat' dir='ltr'><strong>hereditatis</strong></span> <span class='ocrx_word' id='word_1_105' title='bbox 1314 1469 1474 1524; x_wconf 87' lang='lat' dir='ltr'><strong>tua?</strong></span> <span class='ocrx_word' id='word_1_106' title='bbox 1496 1470 1573 1524; x_wconf 81' lang='lat' dir='ltr'><strong>Ne</strong></span> <span class='ocrx_word' id='word_1_107' title='bbox 1597 1469 1837 1527; x_wconf 88' lang='lat' dir='ltr'><strong>deseras</strong></span> <span class='ocrx_word' id='word_1_108' title='bbox 1862 1486 1988 1542; x_wconf 90' lang='lat' dir='ltr'><strong>par-</strong></span> 
     </span>
    </p>
   </div>
   <div class='ocr_carea' id='block_1_15' title="bbox 346 1549 1985 1629">
    <p class='ocr_par' dir='ltr' id='par_1_15' title="bbox 346 1549 1985 1629">
     <span class='ocr_line' id='line_1_15' title="bbox 346 1549 1985 1629; baseline 0.009 -29"><span class='ocrx_word' id='word_1_109' title='bbox 346 1549 462 1602; x_wconf 87' lang='lat' dir='ltr'><strong>tem</strong></span> <span class='ocrx_word' id='word_1_110' title='bbox 486 1552 644 1604; x_wconf 84' lang='lat' dir='ltr'><strong>tuam</strong></span> <span class='ocrx_word' id='word_1_111' title='bbox 674 1563 781 1606; x_wconf 87' lang='lat' dir='ltr'><strong>nec</strong></span> <span class='ocrx_word' id='word_1_112' title='bbox 804 1551 909 1607; x_wconf 90' lang='lat' dir='ltr'><strong>des</strong></span> <span class='ocrx_word' id='word_1_113' title='bbox 931 1566 1055 1609; x_wconf 89' lang='lat' dir='ltr'><strong>eam</strong></span> <span class='ocrx_word' id='word_1_114' title='bbox 1090 1553 1145 1610; x_wconf 91' lang='lat' dir='ltr'><strong>in</strong></span> <span class='ocrx_word' id='word_1_115' title='bbox 1174 1556 1675 1614; x_wconf 88' lang='lat' dir='ltr'><strong>conculcationem</strong></span> <span class='ocrx_word' id='word_1_116' title='bbox 1705 1560 1985 1629; x_wconf 90' lang='lat' dir='ltr'><strong>gentium.</strong></span> 
     </span>
    </p>
   </div>
   <div class='ocr_carea' id='block_1_16' title="bbox 419 1635 1986 1714">
    <p class='ocr_par' dir='ltr' id='par_1_16' title="bbox 419 1635 1986 1714">
     <span class='ocr_line' id='line_1_16' title="bbox 419 1635 1986 1714; baseline 0.008 -24"><span class='ocrx_word' id='word_1_117' title='bbox 419 1635 730 1693; x_wconf 86' lang='lat' dir='ltr'><strong>Nnmerum</strong></span> <span class='ocrx_word' id='word_1_118' title='bbox 765 1638 945 1708; x_wconf 85' lang='lat' dir='ltr'><strong>igitur</strong></span> <span class='ocrx_word' id='word_1_119' title='bbox 973 1648 1406 1714; x_wconf 86' lang='lat' dir='ltr'><strong>peremptorum</strong></span> <span class='ocrx_word' id='word_1_120' title='bbox 1442 1644 1566 1701; x_wconf 92' lang='lat' dir='ltr'><strong>sola</strong></span> <span class='ocrx_word' id='word_1_121' title='bbox 1600 1647 1698 1703; x_wconf 89' lang='lat' dir='ltr'><strong>Dei</strong></span> <span class='ocrx_word' id='word_1_122' title='bbox 1745 1648 1986 1705; x_wconf 85' lang='lat' dir='ltr'><strong>scientia</strong></span> 
     </span>
    </p>
   </div>
   <div class='ocr_carea' id='block_1_17' title="bbox 348 1723 2073 1814">
    <p class='ocr_par' dir='ltr' id='par_1_17' title="bbox 348 1723 2073 1814">
     <span class='ocr_line' id='line_1_17' title="bbox 348 1723 2073 1814; baseline 0.011 -37"><span class='ocrx_word' id='word_1_123' title='bbox 348 1723 746 1814; x_wconf 75' lang='lat' dir='ltr'><strong>colligit,qnia</strong></span> <span class='ocrx_word' id='word_1_124' title='bbox 771 1728 1111 1787; x_wconf 85' lang='lat' dir='ltr'><strong>civitatibus</strong></span> <span class='ocrx_word' id='word_1_125' title='bbox 1131 1732 1509 1804; x_wconf 85' lang='lat' dir='ltr'><strong>castellisque</strong></span> <span class='ocrx_word' id='word_1_126' title='bbox 1535 1736 1863 1793; x_wconf 86' lang='lat' dir='ltr'><strong>Wandnlica</strong></span> <span class='ocrx_word' id='word_1_127' title='bbox 1888 1753 1990 1795; x_wconf 92' lang='lat' dir='ltr'><strong>nn-</strong></span> <span class='ocrx_word' id='word_1_128' title='bbox 2016 1751 2073 1814; x_wconf 83' lang='grc' dir='ltr'><strong>Β</strong></span> 
     </span>
    </p>
   </div>
   <div class='ocr_carea' id='block_1_18' title="bbox 354 1812 1987 1893">
    <p class='ocr_par' dir='ltr' id='par_1_18' title="bbox 354 1812 1987 1893">
     <span class='ocr_line' id='line_1_18' title="bbox 354 1812 1987 1893; baseline 0.012 -28"><span class='ocrx_word' id='word_1_129' title='bbox 354 1825 457 1882; x_wconf 91' lang='lat' dir='ltr'><strong>per</strong></span> <span class='ocrx_word' id='word_1_130' title='bbox 468 1812 819 1872; x_wconf 87' lang='lat' dir='ltr'><strong>crudelitate</strong></span> <span class='ocrx_word' id='word_1_131' title='bbox 834 1816 1047 1875; x_wconf 88' lang='lat' dir='ltr'><strong>dirutis</strong></span> <span class='ocrx_word' id='word_1_132' title='bbox 1061 1822 1234 1891; x_wconf 89' lang='lat' dir='ltr'><strong>atque</strong></span> <span class='ocrx_word' id='word_1_133' title='bbox 1248 1822 1555 1893; x_wconf 82' lang='lat' dir='ltr'><strong>expositis,</strong></span> <span class='ocrx_word' id='word_1_134' title='bbox 1573 1824 1668 1881; x_wconf 86' lang='lat' dir='ltr'><strong>vix</strong></span> <span class='ocrx_word' id='word_1_135' title='bbox 1684 1825 1838 1883; x_wconf 92' lang='lat' dir='ltr'><strong>ullus</strong></span> <span class='ocrx_word' id='word_1_136' title='bbox 1861 1832 1987 1883; x_wconf 90' lang='lat' dir='ltr'><strong>erat</strong></span> 
     </span>
    </p>
   </div>
   <div class='ocr_carea' id='block_1_19' title="bbox 352 1902 1988 1988">
    <p class='ocr_par' dir='ltr' id='par_1_19' title="bbox 352 1902 1988 1988">
     <span class='ocr_line' id='line_1_19' title="bbox 352 1902 1988 1988; baseline 0.012 -34"><span class='ocrx_word' id='word_1_137' title='bbox 352 1902 613 1971; x_wconf 87' lang='lat' dir='ltr'><strong>receptui</strong></span> <span class='ocrx_word' id='word_1_138' title='bbox 639 1902 822 1975; x_wconf 90' lang='lat' dir='ltr'><strong>locus,</strong></span> <span class='ocrx_word' id='word_1_139' title='bbox 848 1906 944 1963; x_wconf 89' lang='lat' dir='ltr'><strong>vix</strong></span> <span class='ocrx_word' id='word_1_140' title='bbox 966 1907 1122 1965; x_wconf 92' lang='lat' dir='ltr'><strong>ullus</strong></span> <span class='ocrx_word' id='word_1_141' title='bbox 1144 1910 1291 1979; x_wconf 82' lang='lat' dir='ltr'><strong>fuga</strong></span> <span class='ocrx_word' id='word_1_142' title='bbox 1316 1913 1551 1982; x_wconf 87' lang='lat' dir='ltr'><strong>patebat</strong></span> <span class='ocrx_word' id='word_1_143' title='bbox 1572 1914 1784 1972; x_wconf 89' lang='lat' dir='ltr'><strong>aditus.</strong></span> <span class='ocrx_word' id='word_1_144' title='bbox 1813 1916 1868 1972; x_wconf 91' lang='lat' dir='ltr'><strong>Si</strong></span> <span class='ocrx_word' id='word_1_145' title='bbox 1892 1917 1988 1988; x_wconf 93' lang='lat' dir='ltr'><strong>qui</strong></span> 
     </span>
    </p>
   </div>
   <div class='ocr_carea' id='block_1_20' title="bbox 349 1991 1988 2075">
    <p class='ocr_par' dir='ltr' id='par_1_20' title="bbox 349 1991 1988 2075">
     <span class='ocr_line' id='line_1_20' title="bbox 349 1991 1988 2075; baseline 0.012 -33"><span class='ocrx_word' id='word_1_146' title='bbox 349 2001 488 2045; x_wconf 91' lang='lat' dir='ltr'><strong>vero</strong></span> <span class='ocrx_word' id='word_1_147' title='bbox 521 2004 583 2045; x_wconf 91' lang='lat' dir='ltr'><strong>se</strong></span> <span class='ocrx_word' id='word_1_148' title='bbox 617 1991 671 2047; x_wconf 92' lang='lat' dir='ltr'><strong>in</strong></span> <span class='ocrx_word' id='word_1_149' title='bbox 705 1994 924 2050; x_wconf 88' lang='lat' dir='ltr'><strong>abditis</strong></span> <span class='ocrx_word' id='word_1_150' title='bbox 951 1996 1225 2053; x_wconf 86' lang='lat' dir='ltr'><strong>silvarum</strong></span> <span class='ocrx_word' id='word_1_151' title='bbox 1250 1999 1667 2074; x_wconf 88' lang='lat' dir='ltr'><strong>occuluissent,</strong></span> <span class='ocrx_word' id='word_1_152' title='bbox 1696 2003 1988 2075; x_wconf 88' lang='lat' dir='ltr'><strong>pallebant</strong></span> 
     </span>
    </p>
   </div>
   <div class='ocr_carea' id='block_1_21' title="bbox 351 2081 1989 2158">
    <p class='ocr_par' dir='ltr' id='par_1_21' title="bbox 351 2081 1989 2158">
     <span class='ocr_line' id='line_1_21' title="bbox 351 2081 1989 2158; baseline 0.012 -27"><span class='ocrx_word' id='word_1_153' title='bbox 351 2081 665 2136; x_wconf 90' lang='lat' dir='ltr'><strong>marcentia</strong></span> <span class='ocrx_word' id='word_1_154' title='bbox 699 2097 832 2139; x_wconf 92' lang='lat' dir='ltr'><strong>ossa</strong></span> <span class='ocrx_word' id='word_1_155' title='bbox 859 2084 1097 2157; x_wconf 87' lang='lat' dir='ltr'><strong>jejunio,</strong></span> <span class='ocrx_word' id='word_1_156' title='bbox 1135 2089 1459 2158; x_wconf 83' lang='lat' dir='ltr'><strong>prasertim</strong></span> <span class='ocrx_word' id='word_1_157' title='bbox 1502 2105 1632 2148; x_wconf 88' lang='lat' dir='ltr'><strong>cum</strong></span> <span class='ocrx_word' id='word_1_158' title='bbox 1675 2097 1732 2149; x_wconf 93' lang='lat' dir='ltr'><strong>et</strong></span> <span class='ocrx_word' id='word_1_159' title='bbox 1767 2093 1843 2149; x_wconf 90' lang='lat' dir='ltr'><strong>ibi</strong></span> <span class='ocrx_word' id='word_1_160' title='bbox 1878 2110 1989 2151; x_wconf 91' lang='lat' dir='ltr'><strong>non</strong></span> 
     </span>
    </p>
   </div>
   <div class='ocr_carea' id='block_1_22' title="bbox 351 2165 1989 2253">
    <p class='ocr_par' dir='ltr' id='par_1_22' title="bbox 351 2165 1989 2253">
     <span class='ocr_line' id='line_1_22' title="bbox 351 2165 1989 2253; baseline 0.011 -32"><span class='ocrx_word' id='word_1_161' title='bbox 351 2165 586 2224; x_wconf 81' lang='lat' dir='ltr'><strong>deesset</strong></span> <span class='ocrx_word' id='word_1_162' title='bbox 602 2171 698 2240; x_wconf 89' lang='lat' dir='ltr'><strong>qui</strong></span> <span class='ocrx_word' id='word_1_163' title='bbox 725 2170 977 2231; x_wconf 88' lang='lat' dir='ltr'><strong>latentes</strong></span> <span class='ocrx_word' id='word_1_164' title='bbox 993 2175 1397 2248; x_wconf 89' lang='lat' dir='ltr'><strong>investigaret,</strong></span> <span class='ocrx_word' id='word_1_165' title='bbox 1415 2179 1686 2239; x_wconf 84' lang='lat' dir='ltr'><strong>inventos</strong></span> <span class='ocrx_word' id='word_1_166' title='bbox 1705 2182 1989 2253; x_wconf 88' lang='lat' dir='ltr'><strong>traheret,</strong></span> 
     </span>
    </p>
   </div>
   <div class='ocr_carea' id='block_1_23' title="bbox 351 2255 1990 2341">
    <p class='ocr_par' dir='ltr' id='par_1_23' title="bbox 351 2255 1990 2341">
     <span class='ocr_line' id='line_1_23' title="bbox 351 2255 1990 2341; baseline 0.012 -33"><span class='ocrx_word' id='word_1_167' title='bbox 351 2255 575 2312; x_wconf 89' lang='lat' dir='ltr'><strong>tractos</strong></span> <span class='ocrx_word' id='word_1_168' title='bbox 606 2266 1030 2329; x_wconf 84' lang='lat' dir='ltr'><strong>pros‘erneret.</strong></span> <span class='ocrx_word' id='word_1_169' title='bbox 1067 2265 1159 2321; x_wconf 92' lang='lat' dir='ltr'><strong>Sic</strong></span> <span class='ocrx_word' id='word_1_170' title='bbox 1194 2268 1435 2324; x_wconf 86' lang='lat' dir='ltr'><strong>maxima</strong></span> <span class='ocrx_word' id='word_1_171' title='bbox 1490 2284 1626 2341; x_wconf 91' lang='lat' dir='ltr'><strong>pars</strong></span> <span class='ocrx_word' id='word_1_172' title='bbox 1678 2270 1990 2329; x_wconf 87' lang='lat' dir='ltr'><strong>Galliarum</strong></span> 
     </span>
    </p>
   </div>
   <div class='ocr_carea' id='block_1_24' title="bbox 353 2341 1995 2432">
    <p class='ocr_par' dir='ltr' id='par_1_24' title="bbox 353 2341 1995 2432">
     <span class='ocr_line' id='line_1_24' title="bbox 353 2341 1995 2432; baseline 0.014 -37"><span class='ocrx_word' id='word_1_173' title='bbox 353 2341 604 2401; x_wconf 90' lang='lat' dir='ltr'><strong>hostium</strong></span> <span class='ocrx_word' id='word_1_174' title='bbox 640 2349 833 2418; x_wconf 82' lang='lat' dir='ltr'><strong>prada</strong></span> <span class='ocrx_word' id='word_1_175' title='bbox 866 2351 1135 2422; x_wconf 81' lang='lat' dir='ltr'><strong>eﬂleitur,</strong></span> <span class='ocrx_word' id='word_1_176' title='bbox 1171 2354 1443 2412; x_wconf 86' lang='lat' dir='ltr'><strong>civitates</strong></span> <span class='ocrx_word' id='word_1_177' title='bbox 1492 2358 1701 2430; x_wconf 83' lang='lat' dir='ltr'><strong>aliqua</strong></span> <span class='ocrx_word' id='word_1_178' title='bbox 1752 2375 1897 2432; x_wconf 91' lang='lat' dir='ltr'><strong>pene</strong></span> <span class='ocrx_word' id='word_1_179' title='bbox 1926 2359 1995 2393; x_wconf 75' lang='grc'><strong>¹⁶⁰</strong></span> 
     </span>
    </p>
   </div>
   <div class='ocr_carea' id='block_1_25' title="bbox 352 2432 1995 2515">
    <p class='ocr_par' dir='ltr' id='par_1_25' title="bbox 352 2432 1995 2515">
     <span class='ocr_line' id='line_1_25' title="bbox 352 2432 1995 2515; baseline 0.01 -30"><span class='ocrx_word' id='word_1_180' title='bbox 352 2432 575 2502; x_wconf 87' lang='lat' dir='ltr'><strong>absque</strong></span> <span class='ocrx_word' id='word_1_181' title='bbox 605 2435 963 2495; x_wconf 81' lang='lat' dir='ltr'><strong>habitatione</strong></span> <span class='ocrx_word' id='word_1_182' title='bbox 988 2441 1457 2515; x_wconf 88' lang='lat' dir='ltr'><strong>redduntur:qui</strong></span> <span class='ocrx_word' id='word_1_183' title='bbox 1477 2460 1739 2508; x_wconf 84' lang='lat' dir='ltr'><strong>evasere.</strong></span> <span class='ocrx_word' id='word_1_184' title='bbox 1760 2448 1814 2503; x_wconf 92' lang='lat' dir='ltr'><strong>in</strong></span> <span class='ocrx_word' id='word_1_185' title='bbox 1836 2447 1995 2505; x_wconf 91' lang='lat' dir='ltr'><strong>abdi-</strong></span> 
     </span>
    </p>
   </div>
   <div class='ocr_carea' id='block_1_26' title="bbox 354 2519 1991 2603">
    <p class='ocr_par' dir='ltr' id='par_1_26' title="bbox 354 2519 1991 2603">
     <span class='ocr_line' id='line_1_26' title="bbox 354 2519 1991 2603; baseline 0.012 -30"><span class='ocrx_word' id='word_1_186' title='bbox 354 2519 430 2575; x_wconf 89' lang='lat' dir='ltr'><strong>tis</strong></span> <span class='ocrx_word' id='word_1_187' title='bbox 464 2524 763 2596; x_wconf 89' lang='lat' dir='ltr'><strong>montium,</strong></span> <span class='ocrx_word' id='word_1_188' title='bbox 799 2526 850 2581; x_wconf 90' lang='lat' dir='ltr'><strong>in</strong></span> <span class='ocrx_word' id='word_1_189' title='bbox 886 2530 1154 2586; x_wconf 90' lang='lat' dir='ltr'><strong>cavernis</strong></span> <span class='ocrx_word' id='word_1_190' title='bbox 1190 2536 1483 2603; x_wconf 90' lang='lat' dir='ltr'><strong>petrarum</strong></span> <span class='ocrx_word' id='word_1_191' title='bbox 1526 2535 1703 2592; x_wconf 90' lang='lat' dir='ltr'><strong>vitam</strong></span> <span class='ocrx_word' id='word_1_192' title='bbox 1754 2538 1991 2594; x_wconf 89' lang='lat' dir='ltr'><strong>trahunt</strong></span> 
     </span>
    </p>
   </div>
   <div class='ocr_carea' id='block_1_27' title="bbox 354 2608 1997 2696">
    <p class='ocr_par' dir='ltr' id='par_1_27' title="bbox 354 2608 1997 2696">
     <span class='ocr_line' id='line_1_27' title="bbox 354 2608 1997 2696; baseline 0.011 -34"><span class='ocrx_word' id='word_1_193' title='bbox 354 2608 551 2696; x_wconf 86' lang='lat' dir='ltr'><strong>potius</strong></span> <span class='ocrx_word' id='word_1_194' title='bbox 575 2626 743 2681; x_wconf 89' lang='lat' dir='ltr'><strong>quam</strong></span> <span class='ocrx_word' id='word_1_195' title='bbox 769 2614 1087 2673; x_wconf 89' lang='lat' dir='ltr'><strong>deducunt.</strong></span> <span class='ocrx_word' id='word_1_196' title='bbox 1108 2620 1271 2676; x_wconf 87' lang='lat' dir='ltr'><strong>Adeo.</strong></span> <span class='ocrx_word' id='word_1_197' title='bbox 1288 2620 1343 2676; x_wconf 92' lang='lat' dir='ltr'><strong>in</strong></span> <span class='ocrx_word' id='word_1_198' title='bbox 1368 2637 1510 2678; x_wconf 90' lang='lat' dir='ltr'><strong>nece</strong></span> <span class='ocrx_word' id='word_1_199' title='bbox 1534 2625 1730 2694; x_wconf 91' lang='lat' dir='ltr'><strong>populi</strong></span> <span class='ocrx_word' id='word_1_200' title='bbox 1753 2639 1997 2696; x_wconf 86' lang='lat' dir='ltr'><strong>peccan-</strong></span> 
     </span>
    </p>
   </div>
   <div class='ocr_carea' id='block_1_28' title="bbox 352 2694 1997 2768">
    <p class='ocr_par' dir='ltr' id='par_1_28' title="bbox 352 2694 1997 2768">
     <span class='ocr_line' id='line_1_28' title="bbox 352 2694 1997 2768; baseline 0.013 -21"><span class='ocrx_word' id='word_1_201' title='bbox 352 2694 431 2751; x_wconf 90' lang='lat' dir='ltr'><strong>tis</strong></span> <span class='ocrx_word' id='word_1_202' title='bbox 461 2696 541 2753; x_wconf 91' lang='lat' dir='ltr'><strong>ira</strong></span> <span class='ocrx_word' id='word_1_203' title='bbox 574 2697 914 2759; x_wconf 87' lang='lat' dir='ltr'><strong>deseviebat</strong></span> <span class='ocrx_word' id='word_1_204' title='bbox 939 2704 1240 2764; x_wconf 82' lang='lat' dir='ltr'><strong>Altissimi.</strong></span> <span class='ocrx_word' id='word_1_205' title='bbox 1264 2708 1471 2765; x_wconf 86' lang='lat' dir='ltr'><strong>Plures</strong></span> <span class='ocrx_word' id='word_1_206' title='bbox 1492 2709 1553 2743; x_wconf 81' lang='grc'><strong>¹⁵¹</strong></span> <span class='ocrx_word' id='word_1_207' title='bbox 1585 2694 1772 2767; x_wconf 85' lang='lat' dir='ltr'><strong>tamen</strong></span> <span class='ocrx_word' id='word_1_208' title='bbox 1809 2728 1997 2768; x_wconf 88' lang='lat' dir='ltr'><strong>sacer-</strong></span> 
     </span>
    </p>
   </div>
   <div class='ocr_carea' id='block_1_29' title="bbox 351 2782 1997 2861">
    <p class='ocr_par' dir='ltr' id='par_1_29' title="bbox 351 2782 1997 2861">
     <span class='ocr_line' id='line_1_29' title="bbox 351 2782 1997 2861; baseline 0.012 -24"><span class='ocrx_word' id='word_1_209' title='bbox 351 2782 697 2843; x_wconf 89' lang='lat' dir='ltr'><strong>dotumeum</strong></span> <span class='ocrx_word' id='word_1_210' title='bbox 716 2790 984 2861; x_wconf 86' lang='lat' dir='ltr'><strong>plebibus</strong></span> <span class='ocrx_word' id='word_1_211' title='bbox 1010 2794 1119 2850; x_wconf 91' lang='lat' dir='ltr'><strong>sibi</strong></span> <span class='ocrx_word' id='word_1_212' title='bbox 1146 2797 1475 2853; x_wconf 89' lang='lat' dir='ltr'><strong>commissis</strong></span> <span class='ocrx_word' id='word_1_213' title='bbox 1495 2799 1549 2854; x_wconf 93' lang='lat' dir='ltr'><strong>in</strong></span> <span class='ocrx_word' id='word_1_214' title='bbox 1576 2799 1997 2857; x_wconf 91' lang='lat' dir='ltr'><strong>munitionibus</strong></span> 
     </span>
    </p>
   </div>
   <div class='ocr_carea' id='block_1_30' title="bbox 353 2869 2000 2960">
    <p class='ocr_par' dir='ltr' id='par_1_30' title="bbox 353 2869 2000 2960">
     <span class='ocr_line' id='line_1_30' title="bbox 353 2869 2000 2960; baseline 0.012 -34"><span class='ocrx_word' id='word_1_215' title='bbox 353 2869 423 2926; x_wconf 89' lang='lat' dir='ltr'><strong>ad</strong></span> <span class='ocrx_word' id='word_1_216' title='bbox 460 2887 587 2943; x_wconf 82' lang='lat' dir='ltr'><strong>qua</strong></span> <span class='ocrx_word' id='word_1_217' title='bbox 610 2878 992 2948; x_wconf 80' lang='lat' dir='ltr'><strong>confugerant</strong></span> <span class='ocrx_word' id='word_1_218' title='bbox 1025 2898 1284 2955; x_wconf 84' lang='lat' dir='ltr'><strong>quasque</strong></span> <span class='ocrx_word' id='word_1_219' title='bbox 1308 2888 1596 2943; x_wconf 89' lang='lat' dir='ltr'><strong>attentius</strong></span> <span class='ocrx_word' id='word_1_220' title='bbox 1621 2889 2000 2960; x_wconf 81' lang='lat' dir='ltr'><strong>pramnnive-</strong></span> 
     </span>
    </p>
   </div>
   <div class='ocr_carea' id='block_1_31' title="bbox 358 2963 1999 3049">
    <p class='ocr_par' dir='ltr' id='par_1_31' title="bbox 358 2963 1999 3049">
     <span class='ocr_line' id='line_1_31' title="bbox 358 2963 1999 3049; baseline 0.013 -36"><span class='ocrx_word' id='word_1_221' title='bbox 358 2963 488 3015; x_wconf 81' lang='lat' dir='ltr'><strong>rant</strong></span> <span class='ocrx_word' id='word_1_222' title='bbox 518 2976 588 3017; x_wconf 89' lang='lat' dir='ltr'><strong>ex</strong></span> <span class='ocrx_word' id='word_1_223' title='bbox 623 2966 901 3036; x_wconf 89' lang='lat' dir='ltr'><strong>periculis</strong></span> <span class='ocrx_word' id='word_1_224' title='bbox 934 2968 1001 3003; x_wconf 69' lang='grc' dir='ltr'><strong>ιδ’</strong></span> <span class='ocrx_word' id='word_1_225' title='bbox 1030 2972 1387 3042; x_wconf 79' lang='lat' dir='ltr'><strong>quibuslibet</strong></span> <span class='ocrx_word' id='word_1_226' title='bbox 1416 2975 1606 3032; x_wconf 85' lang='lat' dir='ltr'><strong>divina</strong></span> <span class='ocrx_word' id='word_1_227' title='bbox 1634 2978 1999 3049; x_wconf 87' lang='lat' dir='ltr'><strong>protectione</strong></span> 
     </span>
    </p>
   </div>
   <div class='ocr_carea' id='block_1_32' title="bbox 350 3049 2002 3138">
    <p class='ocr_par' dir='ltr' id='par_1_32' title="bbox 350 3049 2002 3138">
     <span class='ocr_line' id='line_1_32' title="bbox 350 3049 2002 3138; baseline 0.011 -35"><span class='ocrx_word' id='word_1_228' title='bbox 350 3051 410 3103; x_wconf 87' lang='lat' dir='ltr'><strong>et</strong></span> <span class='ocrx_word' id='word_1_229' title='bbox 440 3049 683 3110; x_wconf 86' lang='lat' dir='ltr'><strong>humana</strong></span> <span class='ocrx_word' id='word_1_230' title='bbox 706 3054 1047 3115; x_wconf 82' lang='lat' dir='ltr'><strong>defensione</strong></span> <span class='ocrx_word' id='word_1_231' title='bbox 1069 3060 1300 3119; x_wconf 82' lang='lat' dir='ltr'><strong>liberati</strong></span> <span class='ocrx_word' id='word_1_232' title='bbox 1324 3070 1478 3120; x_wconf 83' lang='lat' dir='ltr'><strong>sunt.</strong></span> <span class='ocrx_word' id='word_1_233' title='bbox 1506 3066 1621 3121; x_wconf 86' lang='lat' dir='ltr'><strong>Hae</strong></span> <span class='ocrx_word' id='word_1_234' title='bbox 1642 3066 1837 3138; x_wconf 85' lang='lat' dir='ltr'><strong>itaque</strong></span> <span class='ocrx_word' id='word_1_235' title='bbox 1861 3071 2002 3123; x_wconf 85' lang='lat' dir='ltr'><strong>tem-</strong></span> 
     </span>
    </p>
   </div>
   <div class='ocr_carea' id='block_1_33' title="bbox 360 3143 1999 3220">
    <p class='ocr_par' dir='ltr' id='par_1_33' title="bbox 360 3143 1999 3220">
     <span class='ocr_line' id='line_1_33' title="bbox 360 3143 1999 3220; baseline 0.011 -27"><span class='ocrx_word' id='word_1_236' title='bbox 360 3146 587 3209; x_wconf 89' lang='lat' dir='ltr'><strong>pestate</strong></span> <span class='ocrx_word' id='word_1_237' title='bbox 606 3143 810 3201; x_wconf 87' lang='lat' dir='ltr'><strong>beatus</strong></span> <span class='ocrx_word' id='word_1_238' title='bbox 827 3148 1461 3220; x_wconf 81' lang='lat' dir='ltr'><strong>Lupusevidentissima</strong></span> <span class='ocrx_word' id='word_1_239' title='bbox 1478 3154 1772 3211; x_wconf 77' lang='lat' dir='ltr'><strong>deditsna</strong></span> <span class='ocrx_word' id='word_1_240' title='bbox 1787 3156 1999 3212; x_wconf 89' lang='lat' dir='ltr'><strong>sancti-</strong></span> 
     </span>
    </p>
   </div>
   <div class='ocr_carea' id='block_1_34' title="bbox 350 3229 2000 3313">
    <p class='ocr_par' dir='ltr' id='par_1_34' title="bbox 350 3229 2000 3313">
     <span class='ocr_line' id='line_1_34' title="bbox 350 3229 2000 3313; baseline 0.012 -30"><span class='ocrx_word' id='word_1_241' title='bbox 350 3229 495 3284; x_wconf 87' lang='lat' dir='ltr'><strong>tatis</strong></span> <span class='ocrx_word' id='word_1_242' title='bbox 516 3230 702 3301; x_wconf 91' lang='lat' dir='ltr'><strong>signa,</strong></span> <span class='ocrx_word' id='word_1_243' title='bbox 741 3236 859 3306; x_wconf 91' lang='lat' dir='ltr'><strong>qui,</strong></span> <span class='ocrx_word' id='word_1_244' title='bbox 889 3239 949 3291; x_wconf 93' lang='lat' dir='ltr'><strong>ut</strong></span> <span class='ocrx_word' id='word_1_245' title='bbox 977 3238 1030 3292; x_wconf 92' lang='lat' dir='ltr'><strong>in</strong></span> <span class='ocrx_word' id='word_1_246' title='bbox 1052 3254 1239 3308; x_wconf 84' lang='lat' dir='ltr'><strong>ymmo</strong></span> <span class='ocrx_word' id='word_1_247' title='bbox 1260 3240 1385 3309; x_wconf 84' lang='lat' dir='ltr'><strong>ejus</strong></span> <span class='ocrx_word' id='word_1_248' title='bbox 1405 3243 1657 3313; x_wconf 88' lang='lat' dir='ltr'><strong>canitur,</strong></span> <span class='ocrx_word' id='word_1_249' title='bbox 1682 3245 1821 3300; x_wconf 64' lang='lat' dir='ltr'><strong>dum</strong></span> <span class='ocrx_word' id='word_1_250' title='bbox 1846 3245 2000 3302; x_wconf 77' lang='lat' dir='ltr'><strong>bella</strong></span> 
     </span>
    </p>
   </div>
   <div class='ocr_carea' id='block_1_35' title="bbox 349 3320 2000 3391">
    <p class='ocr_par' dir='ltr' id='par_1_35' title="bbox 349 3320 2000 3391">
     <span class='ocr_line' id='line_1_35' title="bbox 349 3320 2000 3391; baseline 0.011 -19"><span class='ocrx_word' id='word_1_251' title='bbox 349 3320 563 3375; x_wconf 73' lang='lat' dir='ltr'><strong>cuneta</strong></span> <span class='ocrx_word' id='word_1_252' title='bbox 563 3323 902 3391; x_wconf 75' lang='lat' dir='ltr'><strong>perderent.</strong></span> <span class='ocrx_word' id='word_1_253' title='bbox 922 3329 1146 3383; x_wconf 76' lang='lat' dir='ltr'><strong>orando</strong></span> <span class='ocrx_word' id='word_1_254' title='bbox 1168 3330 1379 3388; x_wconf 75' lang='lat' dir='ltr'><strong>Trecas</strong></span> <span class='ocrx_word' id='word_1_255' title='bbox 1396 3333 1634 3389; x_wconf 76' lang='lat' dir='ltr'><strong>muniit.</strong></span> <span class='ocrx_word' id='word_1_256' title='bbox 1655 3336 1715 3388; x_wconf 92' lang='lat' dir='ltr'><strong>In</strong></span> <span class='ocrx_word' id='word_1_257' title='bbox 1731 3334 2000 3390; x_wconf 91' lang='lat' dir='ltr'><strong>omnibus</strong></span> 
     </span>
    </p>
   </div>
   <div class='ocr_carea' id='block_1_36' title="bbox 357 3406 2000 3492">
    <p class='ocr_par' dir='ltr' id='par_1_36' title="bbox 357 3406 2000 3492">
     <span class='ocr_line' id='line_1_36' title="bbox 357 3406 2000 3492; baseline 0.012 -34"><span class='ocrx_word' id='word_1_258' title='bbox 357 3408 549 3461; x_wconf 90' lang='lat' dir='ltr'><strong>autem</strong></span> <span class='ocrx_word' id='word_1_259' title='bbox 585 3406 727 3465; x_wconf 90' lang='lat' dir='ltr'><strong>locis</strong></span> <span class='ocrx_word' id='word_1_260' title='bbox 761 3426 887 3482; x_wconf 83' lang='lat' dir='ltr'><strong>qua</strong></span> <span class='ocrx_word' id='word_1_261' title='bbox 920 3415 990 3469; x_wconf 92' lang='lat' dir='ltr'><strong>ab</strong></span> <span class='ocrx_word' id='word_1_262' title='bbox 1024 3416 1110 3471; x_wconf 91' lang='lat' dir='ltr'><strong>eis</strong></span> <span class='ocrx_word' id='word_1_263' title='bbox 1142 3421 1365 3474; x_wconf 89' lang='lat' dir='ltr'><strong>vastata</strong></span> <span class='ocrx_word' id='word_1_264' title='bbox 1393 3424 1549 3488; x_wconf 88' lang='lat' dir='ltr'><strong>sunt,</strong></span> <span class='ocrx_word' id='word_1_265' title='bbox 1573 3420 1619 3474; x_wconf 91' lang='lat' dir='ltr'><strong>si</strong></span> <span class='ocrx_word' id='word_1_266' title='bbox 1647 3421 1783 3492; x_wconf 88' lang='lat' dir='ltr'><strong>quid</strong></span> <span class='ocrx_word' id='word_1_267' title='bbox 1806 3422 2000 3478; x_wconf 91' lang='lat' dir='ltr'><strong>inven-</strong></span> 
     </span>
    </p>
   </div>
   <div class='ocr_carea' id='block_1_37' title="bbox 352 3496 2001 3581">
    <p class='ocr_par' dir='ltr' id='par_1_37' title="bbox 352 3496 2001 3581">
     <span class='ocr_line' id='line_1_37' title="bbox 352 3496 2001 3581; baseline 0.012 -35"><span class='ocrx_word' id='word_1_268' title='bbox 352 3496 602 3581; x_wconf 13' lang='lat' dir='ltr'><strong>tumrest</strong></span> <span class='ocrx_word' id='word_1_269' title='bbox 634 3512 830 3569; x_wconf 92' lang='lat' dir='ltr'><strong>opum,</strong></span> <span class='ocrx_word' id='word_1_270' title='bbox 867 3504 1061 3571; x_wconf 64' lang='lat' dir='ltr'><strong>praeda</strong></span> <span class='ocrx_word' id='word_1_271' title='bbox 1096 3506 1235 3569; x_wconf 87' lang='lat' dir='ltr'><strong>fuit;</strong></span> <span class='ocrx_word' id='word_1_272' title='bbox 1270 3506 1493 3578; x_wconf 90' lang='lat' dir='ltr'><strong>reliqua</strong></span> <span class='ocrx_word' id='word_1_273' title='bbox 1525 3511 1885 3581; x_wconf 86' lang='lat' dir='ltr'><strong>consumpsit</strong></span> <span class='ocrx_word' id='word_1_274' title='bbox 1919 3510 2001 3565; x_wconf 87' lang='lat' dir='ltr'><strong>in-</strong></span> 
     </span>
    </p>
   </div>
   <div class='ocr_carea' id='block_1_38' title="bbox 349 3580 2001 3665">
    <p class='ocr_par' dir='ltr' id='par_1_38' title="bbox 349 3580 2001 3665">
     <span class='ocr_line' id='line_1_38' title="bbox 349 3580 2001 3665; baseline 0.012 -30"><span class='ocrx_word' id='word_1_275' title='bbox 349 3580 616 3640; x_wconf 91' lang='lat' dir='ltr'><strong>cendium</strong></span> <span class='ocrx_word' id='word_1_276' title='bbox 649 3590 745 3641; x_wconf 92' lang='lat' dir='ltr'><strong>aut</strong></span> <span class='ocrx_word' id='word_1_277' title='bbox 771 3590 1017 3647; x_wconf 87' lang='lat' dir='ltr'><strong>redemit</strong></span> <span class='ocrx_word' id='word_1_278' title='bbox 1040 3593 1291 3665; x_wconf 80' lang='lat' dir='ltr'><strong>vectigal</strong></span> <span class='ocrx_word' id='word_1_279' title='bbox 1314 3609 1585 3651; x_wconf 91' lang='lat' dir='ltr'><strong>annuum.</strong></span> <span class='ocrx_word' id='word_1_280' title='bbox 1606 3596 1751 3663; x_wconf 90' lang='lat' dir='ltr'><strong>Quid</strong></span> <span class='ocrx_word' id='word_1_281' title='bbox 1776 3580 1843 3631; x_wconf 64' lang='grc' dir='ltr'><strong>ί⁵³</strong></span> <span class='ocrx_word' id='word_1_282' title='bbox 1867 3612 2001 3655; x_wconf 87' lang='lat' dir='ltr'><strong>vero</strong></span> 
     </span>
    </p>
   </div>
   <div class='ocr_carea' id='block_1_39' title="bbox 354 3672 2001 3754">
    <p class='ocr_par' dir='ltr' id='par_1_39' title="bbox 354 3672 2001 3754">
     <span class='ocr_line' id='line_1_39' title="bbox 354 3672 2001 3754; baseline 0.012 -30"><span class='ocrx_word' id='word_1_283' title='bbox 354 3685 459 3741; x_wconf 91' lang='lat' dir='ltr'><strong>per</strong></span> <span class='ocrx_word' id='word_1_284' title='bbox 489 3672 752 3744; x_wconf 89' lang='lat' dir='ltr'><strong>singulas</strong></span> <span class='ocrx_word' id='word_1_285' title='bbox 786 3679 963 3736; x_wconf 89' lang='lat' dir='ltr'><strong>urbes</strong></span> <span class='ocrx_word' id='word_1_286' title='bbox 983 3685 1043 3736; x_wconf 86' lang='lat' dir='ltr'><strong>et</strong></span> <span class='ocrx_word' id='word_1_287' title='bbox 1064 3681 1188 3738; x_wconf 90' lang='lat' dir='ltr'><strong>loca</strong></span> <span class='ocrx_word' id='word_1_288' title='bbox 1216 3683 1466 3754; x_wconf 84' lang='lat' dir='ltr'><strong>egerint,</strong></span> <span class='ocrx_word' id='word_1_289' title='bbox 1486 3684 1731 3754; x_wconf 85' lang='lat' dir='ltr'><strong>singulis</strong></span> <span class='ocrx_word' id='word_1_290' title='bbox 1757 3687 2001 3743; x_wconf 91' lang='lat' dir='ltr'><strong>urbibus</strong></span> 
     </span>
    </p>
   </div>
   <div class='ocr_carea' id='block_1_40' title="bbox 357 3758 1998 3844">
    <p class='ocr_par' dir='ltr' id='par_1_40' title="bbox 357 3758 1998 3844">
     <span class='ocr_line' id='line_1_40' title="bbox 357 3758 1998 3844; baseline 0.012 -32"><span class='ocrx_word' id='word_1_291' title='bbox 357 3763 418 3813; x_wconf 90' lang='lat' dir='ltr'><strong>et</strong></span> <span class='ocrx_word' id='word_1_292' title='bbox 450 3758 597 3817; x_wconf 85' lang='lat' dir='ltr'><strong>locis</strong></span> <span class='ocrx_word' id='word_1_293' title='bbox 631 3777 735 3820; x_wconf 92' lang='lat' dir='ltr'><strong>sua</strong></span> <span class='ocrx_word' id='word_1_294' title='bbox 766 3769 1000 3825; x_wconf 89' lang='lat' dir='ltr'><strong>vexatio</strong></span> <span class='ocrx_word' id='word_1_295' title='bbox 1032 3771 1179 3827; x_wconf 91' lang='lat' dir='ltr'><strong>satis</strong></span> <span class='ocrx_word' id='word_1_296' title='bbox 1211 3786 1504 3844; x_wconf 90' lang='lat' dir='ltr'><strong>superque</strong></span> <span class='ocrx_word' id='word_1_297' title='bbox 1527 3779 1617 3830; x_wconf 84' lang='lat' dir='ltr'><strong>est</strong></span> <span class='ocrx_word' id='word_1_298' title='bbox 1646 3775 1998 3832; x_wconf 89' lang='lat' dir='ltr'><strong>testimonio.</strong></span> 
     </span>
    </p>
   </div>
   <div class='ocr_carea' id='block_1_41' title="bbox 364 3848 2003 3928">
    <p class='ocr_par' dir='ltr' id='par_1_41' title="bbox 364 3848 2003 3928">
     <span class='ocr_line' id='line_1_41' title="bbox 364 3848 2003 3928; baseline 0.012 -26"><span class='ocrx_word' id='word_1_299' title='bbox 364 3848 480 3904; x_wconf 89' lang='lat' dir='ltr'><strong>Nos</strong></span> <span class='ocrx_word' id='word_1_300' title='bbox 513 3850 773 3910; x_wconf 91' lang='lat' dir='ltr'><strong>breviter</strong></span> <span class='ocrx_word' id='word_1_301' title='bbox 803 3857 932 3925; x_wconf 92' lang='lat' dir='ltr'><strong>quis</strong></span> <span class='ocrx_word' id='word_1_302' title='bbox 961 3857 1089 3928; x_wconf 90' lang='lat' dir='ltr'><strong>ejus</strong></span> <span class='ocrx_word' id='word_1_303' title='bbox 1122 3860 1378 3917; x_wconf 88' lang='lat' dir='ltr'><strong>audacia</strong></span> <span class='ocrx_word' id='word_1_304' title='bbox 1409 3861 1539 3918; x_wconf 85' lang='lat' dir='ltr'><strong>linis</strong></span> <span class='ocrx_word' id='word_1_305' title='bbox 1588 3862 1759 3919; x_wconf 82' lang='lat' dir='ltr'><strong>fuerit</strong></span> <span class='ocrx_word' id='word_1_306' title='bbox 1808 3864 2003 3920; x_wconf 88' lang='lat' dir='ltr'><strong>videa-</strong></span> 
     </span>
    </p>
   </div>
   <div class='ocr_carea' id='block_1_42' title="bbox 358 3943 2004 4009">
    <p class='ocr_par' dir='ltr' id='par_1_42' title="bbox 358 3943 2004 4009">
     <span class='ocr_line' id='line_1_42' title="bbox 358 3943 2004 4009; baseline 0.01 -18"><span class='ocrx_word' id='word_1_307' title='bbox 358 3952 506 4009; x_wconf 92' lang='lat' dir='ltr'><strong>mus,</strong></span> <span class='ocrx_word' id='word_1_308' title='bbox 542 3954 600 3995; x_wconf 85' lang='lat' dir='ltr'><strong>et</strong></span> <span class='ocrx_word' id='word_1_309' title='bbox 630 3943 712 4000; x_wconf 91' lang='lat' dir='ltr'><strong>sic</strong></span> <span class='ocrx_word' id='word_1_310' title='bbox 746 3959 811 4000; x_wconf 92' lang='lat' dir='ltr'><strong>ac</strong></span> <span class='ocrx_word' id='word_1_311' title='bbox 843 3948 1233 4005; x_wconf 90' lang='lat' dir='ltr'><strong>enarrandum</strong></span> <span class='ocrx_word' id='word_1_312' title='bbox 1293 3950 1448 4005; x_wconf 89' lang='lat' dir='ltr'><strong>beati</strong></span> <span class='ocrx_word' id='word_1_313' title='bbox 1494 3950 1600 4006; x_wconf 91' lang='lat' dir='ltr'><strong>viri</strong></span> <span class='ocrx_word' id='word_1_314' title='bbox 1649 3951 1871 4008; x_wconf 91' lang='lat' dir='ltr'><strong>obitum</strong></span> <span class='ocrx_word' id='word_1_315' title='bbox 1916 3968 2004 4008; x_wconf 88' lang='lat' dir='ltr'><strong>re-</strong></span> 
     </span>
    </p>
   </div>
   <div class='ocr_carea' id='block_1_43' title="bbox 357 4026 1022 4093">
    <p class='ocr_par' dir='ltr' id='par_1_43' title="bbox 357 4026 1022 4093">
     <span class='ocr_line' id='line_1_43' title="bbox 357 4026 1022 4093; baseline 0.017 -12"><span class='ocrx_word' id='word_1_316' title='bbox 357 4026 660 4089; x_wconf 83' lang='lat' dir='ltr'><strong>ﬂectamus</strong></span> <span class='ocrx_word' id='word_1_317' title='bbox 690 4033 1022 4093; x_wconf 88' lang='lat' dir='ltr'><strong>articulum.</strong></span> 
     </span>
    </p>
   </div>
   <div class='ocr_carea' id='block_1_44' title="bbox 441 4120 2002 4200">
    <p class='ocr_par' dir='ltr' id='par_1_44' title="bbox 441 4120 2002 4200">
     <span class='ocr_line' id='line_1_44' title="bbox 441 4120 2002 4200; baseline 0.007 -24"><span class='ocrx_word' id='word_1_318' title='bbox 441 4120 578 4177; x_wconf 89' lang='lat' dir='ltr'><strong>Post</strong></span> <span class='ocrx_word' id='word_1_319' title='bbox 612 4123 850 4182; x_wconf 90' lang='lat' dir='ltr'><strong>multam</strong></span> <span class='ocrx_word' id='word_1_320' title='bbox 882 4125 1060 4196; x_wconf 89' lang='lat' dir='ltr'><strong>igitur</strong></span> <span class='ocrx_word' id='word_1_321' title='bbox 1083 4126 1423 4185; x_wconf 82' lang='lat' dir='ltr'><strong>effusionem</strong></span> <span class='ocrx_word' id='word_1_322' title='bbox 1447 4129 1748 4200; x_wconf 84' lang='lat' dir='ltr'><strong>sanguinis</strong></span> <span class='ocrx_word' id='word_1_323' title='bbox 1772 4134 2002 4187; x_wconf 91' lang='lat' dir='ltr'><strong>sancto-</strong></span> 
     </span>
    </p>
   </div>
   <div class='ocr_carea' id='block_1_45' title="bbox 354 4213 2000 4290">
    <p class='ocr_par' dir='ltr' id='par_1_45' title="bbox 354 4213 2000 4290">
     <span class='ocr_line' id='line_1_45' title="bbox 354 4213 2000 4290; baseline 0.002 -21"><span class='ocrx_word' id='word_1_324' title='bbox 354 4229 479 4271; x_wconf 91' lang='lat' dir='ltr'><strong>rum</strong></span> <span class='ocrx_word' id='word_1_325' title='bbox 514 4213 844 4271; x_wconf 85' lang='lat' dir='ltr'><strong>Aurelianis</strong></span> <span class='ocrx_word' id='word_1_326' title='bbox 880 4216 1245 4286; x_wconf 90' lang='lat' dir='ltr'><strong>perveniunt.</strong></span> <span class='ocrx_word' id='word_1_327' title='bbox 1274 4219 1532 4288; x_wconf 84' lang='lat' dir='ltr'><strong>Regebat</strong></span> <span class='ocrx_word' id='word_1_328' title='bbox 1556 4217 1623 4251; x_wconf 79' lang='grc'><strong>¹⁸⁴</strong></span> <span class='ocrx_word' id='word_1_329' title='bbox 1643 4233 1712 4275; x_wconf 89' lang='lat' dir='ltr'><strong>eo</strong></span> <span class='ocrx_word' id='word_1_330' title='bbox 1737 4223 2000 4290; x_wconf 89' lang='lat' dir='ltr'><strong>tempore</strong></span> 
     </span>
    </p>
   </div>
   <div class='ocr_carea' id='block_1_46' title="bbox 356 4300 2004 4377">
    <p class='ocr_par' dir='ltr' id='par_1_46' title="bbox 356 4300 2004 4377">
     <span class='ocr_line' id='line_1_46' title="bbox 356 4300 2004 4377; baseline 0.001 -19"><span class='ocrx_word' id='word_1_331' title='bbox 356 4300 823 4359; x_wconf 79' lang='lat' dir='ltr'><strong>Anrelianensem</strong></span> <span class='ocrx_word' id='word_1_332' title='bbox 859 4305 1061 4361; x_wconf 89' lang='lat' dir='ltr'><strong>urbem</strong></span> <span class='ocrx_word' id='word_1_333' title='bbox 1094 4310 1335 4363; x_wconf 91' lang='lat' dir='ltr'><strong>sanctus</strong></span> <span class='ocrx_word' id='word_1_334' title='bbox 1365 4306 1639 4377; x_wconf 86' lang='lat' dir='ltr'><strong>Anianus,</strong></span> <span class='ocrx_word' id='word_1_335' title='bbox 1677 4310 1879 4363; x_wconf 85' lang='lat' dir='ltr'><strong>sextus</strong></span> <span class='ocrx_word' id='word_1_336' title='bbox 1911 4321 2004 4361; x_wconf 93' lang='lat' dir='ltr'><strong>nr-</strong></span> 
     </span>
    </p>
   </div>
   <div class='ocr_carea' id='block_1_47' title="bbox 356 4391 1996 4465">
    <p class='ocr_par' dir='ltr' id='par_1_47' title="bbox 356 4391 1996 4465">
     <span class='ocr_line' id='line_1_47' title="bbox 356 4391 1996 4465; baseline 0.002 -19"><span class='ocrx_word' id='word_1_337' title='bbox 356 4391 445 4447; x_wconf 89' lang='lat' dir='ltr'><strong>bis</strong></span> <span class='ocrx_word' id='word_1_338' title='bbox 463 4391 724 4461; x_wconf 88' lang='lat' dir='ltr'><strong>ejusdem</strong></span> <span class='ocrx_word' id='word_1_339' title='bbox 747 4392 1082 4464; x_wconf 88' lang='lat' dir='ltr'><strong>episc0pns,</strong></span> <span class='ocrx_word' id='word_1_340' title='bbox 1101 4394 1197 4463; x_wconf 89' lang='lat' dir='ltr'><strong>qui</strong></span> <span class='ocrx_word' id='word_1_341' title='bbox 1226 4398 1354 4465; x_wconf 88' lang='lat' dir='ltr'><strong>post</strong></span> <span class='ocrx_word' id='word_1_342' title='bbox 1381 4399 1643 4451; x_wconf 90' lang='lat' dir='ltr'><strong>sanctum</strong></span> <span class='ocrx_word' id='word_1_343' title='bbox 1670 4394 1996 4465; x_wconf 87' lang='lat' dir='ltr'><strong>Evantium,</strong></span> 
     </span>
    </p>
   </div>
   <div class='ocr_carea' id='block_1_48' title="bbox 353 4463 2084 4552">
    <p class='ocr_par' dir='ltr' id='par_1_48' title="bbox 353 4463 2084 4552">
     <span class='ocr_line' id='line_1_48' title="bbox 353 4463 2084 4552; baseline -0.005 -19"><span class='ocrx_word' id='word_1_344' title='bbox 353 4476 449 4547; x_wconf 91' lang='lat' dir='ltr'><strong>qui</strong></span> <span class='ocrx_word' id='word_1_345' title='bbox 480 4479 745 4547; x_wconf 89' lang='lat' dir='ltr'><strong>tempore</strong></span> <span class='ocrx_word' id='word_1_346' title='bbox 780 4463 1145 4534; x_wconf 82' lang='lat' dir='ltr'><strong>Constantini</strong></span> <span class='ocrx_word' id='word_1_347' title='bbox 1181 4463 1461 4551; x_wconf 86' lang='lat' dir='ltr'><strong>principis</strong></span> <span class='ocrx_word' id='word_1_348' title='bbox 1494 4484 1552 4535; x_wconf 91' lang='lat' dir='ltr'><strong>et</strong></span> <span class='ocrx_word' id='word_1_349' title='bbox 1593 4494 1756 4552; x_wconf 87' lang='lat' dir='ltr'><strong>papa</strong></span> <span class='ocrx_word' id='word_1_350' title='bbox 1790 4463 2000 4537; x_wconf 84' lang='lat' dir='ltr'><strong>Silves-</strong></span> <span class='ocrx_word' id='word_1_351' title='bbox 2030 4463 2084 4525; x_wconf 91' lang='lat' dir='ltr'><strong>D</strong></span> 
     </span>
    </p>
   </div>
   <div class='ocr_carea' id='block_1_49' title="bbox 351 4562 1890 4639">
    <p class='ocr_par' dir='ltr' id='par_1_49' title="bbox 351 4562 1890 4639">
     <span class='ocr_line' id='line_1_49' title="bbox 351 4562 1890 4639; baseline 0.005 -22"><span class='ocrx_word' id='word_1_352' title='bbox 351 4563 430 4619; x_wconf 85' lang='lat' dir='ltr'><strong>tri</strong></span> <span class='ocrx_word' id='word_1_353' title='bbox 463 4562 757 4620; x_wconf 84' lang='lat' dir='ltr'><strong>Dellniano</strong></span> <span class='ocrx_word' id='word_1_354' title='bbox 800 4566 1112 4635; x_wconf 90' lang='lat' dir='ltr'><strong>successit,</strong></span> <span class='ocrx_word' id='word_1_355' title='bbox 1154 4566 1490 4622; x_wconf 82' lang='lat' dir='ltr'><strong>cathedram</strong></span> <span class='ocrx_word' id='word_1_356' title='bbox 1524 4573 1890 4639; x_wconf 85' lang='lat' dir='ltr'><strong>susceperat.</strong></span> 
     </span>
    </p>
   </div>
   <div class='ocr_carea' id='block_1_50' title="bbox 425 4650 2001 4727">
    <p class='ocr_par' dir='ltr' id='par_1_50' title="bbox 425 4650 2001 4727">
     <span class='ocr_line' id='line_1_50' title="bbox 425 4650 2001 4727; baseline 0.004 -21"><span class='ocrx_word' id='word_1_357' title='bbox 425 4652 611 4723; x_wconf 64' lang='grc' dir='ltr'><strong>μονα),</strong></span> <span class='ocrx_word' id='word_1_358' title='bbox 646 4650 756 4723; x_wconf 84' lang='grc'><strong>37.]</strong></span> <span class='ocrx_word' id='word_1_359' title='bbox 791 4654 1020 4710; x_wconf 88' lang='lat' dir='ltr'><strong>Etcum</strong></span> <span class='ocrx_word' id='word_1_360' title='bbox 1074 4652 1141 4686; x_wconf 71' lang='grc'><strong>³⁵⁵</strong></span> <span class='ocrx_word' id='word_1_361' title='bbox 1189 4654 1355 4710; x_wconf 86' lang='lat' dir='ltr'><strong>Etius</strong></span> <span class='ocrx_word' id='word_1_362' title='bbox 1406 4654 1708 4726; x_wconf 91' lang='lat' dir='ltr'><strong>patricius,</strong></span> <span class='ocrx_word' id='word_1_363' title='bbox 1746 4657 1843 4727; x_wconf 91' lang='lat' dir='ltr'><strong>qui</strong></span> <span class='ocrx_word' id='word_1_364' title='bbox 1894 4658 2001 4714; x_wconf 90' lang='lat' dir='ltr'><strong>sub</strong></span> 
     </span>
    </p>
   </div>
   <div class='ocr_carea' id='block_1_51' title="bbox 350 4738 2002 4815">
    <p class='ocr_par' dir='ltr' id='par_1_51' title="bbox 350 4738 2002 4815">
     <span class='ocr_line' id='line_1_51' title="bbox 350 4738 2002 4815; baseline 0.004 -20"><span class='ocrx_word' id='word_1_365' title='bbox 350 4738 639 4796; x_wconf 70' lang='lat' dir='ltr'><strong>Marciano</strong></span> <span class='ocrx_word' id='word_1_366' title='bbox 664 4740 925 4811; x_wconf 90' lang='lat' dir='ltr'><strong>principe</strong></span> <span class='ocrx_word' id='word_1_367' title='bbox 949 4741 1163 4798; x_wconf 88' lang='lat' dir='ltr'><strong>Gallias</strong></span> <span class='ocrx_word' id='word_1_368' title='bbox 1188 4744 1448 4811; x_wconf 87' lang='lat' dir='ltr'><strong>regebat,</strong></span> <span class='ocrx_word' id='word_1_369' title='bbox 1467 4744 1854 4815; x_wconf 88' lang='lat' dir='ltr'><strong>comperisset</strong></span> <span class='ocrx_word' id='word_1_370' title='bbox 1881 4746 2002 4801; x_wconf 91' lang='lat' dir='ltr'><strong>Sin-</strong></span> 
     </span>
    </p>
   </div>
   <div class='ocr_carea' id='block_1_52' title="bbox 351 4826 2004 4903">
    <p class='ocr_par' dir='ltr' id='par_1_52' title="bbox 351 4826 2004 4903">
     <span class='ocr_line' id='line_1_52' title="bbox 351 4826 2004 4903; baseline 0.004 -19"><span class='ocrx_word' id='word_1_371' title='bbox 351 4827 624 4899; x_wconf 86' lang='lat' dir='ltr'><strong>gibannm</strong></span> <span class='ocrx_word' id='word_1_372' title='bbox 654 4826 721 4861; x_wconf 81' lang='grc'><strong>¹⁸⁶</strong></span> <span class='ocrx_word' id='word_1_373' title='bbox 752 4829 1159 4887; x_wconf 89' lang='lat' dir='ltr'><strong>Wandalorum</strong></span> <span class='ocrx_word' id='word_1_374' title='bbox 1195 4845 1412 4901; x_wconf 87' lang='lat' dir='ltr'><strong>regem,</strong></span> <span class='ocrx_word' id='word_1_375' title='bbox 1440 4832 1538 4903; x_wconf 93' lang='lat' dir='ltr'><strong>qui</strong></span> <span class='ocrx_word' id='word_1_376' title='bbox 1568 4832 1622 4888; x_wconf 93' lang='lat' dir='ltr'><strong>in</strong></span> <span class='ocrx_word' id='word_1_377' title='bbox 1650 4847 1717 4889; x_wconf 87' lang='lat' dir='ltr'><strong>ea</strong></span> <span class='ocrx_word' id='word_1_378' title='bbox 1743 4835 2004 4891; x_wconf 90' lang='lat' dir='ltr'><strong>moraba-</strong></span> 
     </span>
    </p>
   </div>
   <div class='ocr_carea' id='block_1_53' title="bbox 354 4917 2003 4989">
    <p class='ocr_par' dir='ltr' id='par_1_53' title="bbox 354 4917 2003 4989">
     <span class='ocr_line' id='line_1_53' title="bbox 354 4917 2003 4989; baseline 0.006 -17"><span class='ocrx_word' id='word_1_379' title='bbox 354 4922 454 4973; x_wconf 88' lang='lat' dir='ltr'><strong>tur</strong></span> <span class='ocrx_word' id='word_1_380' title='bbox 474 4921 535 4973; x_wconf 90' lang='lat' dir='ltr'><strong>et</strong></span> <span class='ocrx_word' id='word_1_381' title='bbox 565 4917 835 4989; x_wconf 89' lang='lat' dir='ltr'><strong>partibus</strong></span> <span class='ocrx_word' id='word_1_382' title='bbox 865 4917 978 4974; x_wconf 87' lang='lat' dir='ltr'><strong>Etii</strong></span> <span class='ocrx_word' id='word_1_383' title='bbox 1004 4918 1232 4975; x_wconf 83' lang='lat' dir='ltr'><strong>favebat</strong></span> <span class='ocrx_word' id='word_1_384' title='bbox 1250 4919 1696 4978; x_wconf 86' lang='lat' dir='ltr'><strong>Anrelianorum</strong></span> <span class='ocrx_word' id='word_1_385' title='bbox 1723 4922 2003 4982; x_wconf 87' lang='lat' dir='ltr'><strong>velletra-</strong></span> 
     </span>
    </p>
   </div>
   <div class='ocr_carea' id='block_1_54' title="bbox 355 5005 2002 5086">
    <p class='ocr_par' dir='ltr' id='par_1_54' title="bbox 355 5005 2002 5086">
     <span class='ocr_line' id='line_1_54' title="bbox 355 5005 2002 5086; baseline 0.005 -24"><span class='ocrx_word' id='word_1_386' title='bbox 355 5006 494 5062; x_wconf 90' lang='lat' dir='ltr'><strong>dere</strong></span> <span class='ocrx_word' id='word_1_387' title='bbox 524 5006 841 5079; x_wconf 86' lang='lat' dir='ltr'><strong>civitatem,</strong></span> <span class='ocrx_word' id='word_1_388' title='bbox 875 5007 968 5065; x_wconf 93' lang='lat' dir='ltr'><strong>cui</strong></span> <span class='ocrx_word' id='word_1_389' title='bbox 999 5005 1065 5041; x_wconf 74' lang='lat'><strong>“7</strong></span> <span class='ocrx_word' id='word_1_390' title='bbox 1098 5011 1338 5066; x_wconf 91' lang='lat' dir='ltr'><strong>sanctus</strong></span> <span class='ocrx_word' id='word_1_391' title='bbox 1382 5008 1641 5067; x_wconf 82' lang='lat' dir='ltr'><strong>Anianns</strong></span> <span class='ocrx_word' id='word_1_392' title='bbox 1684 5012 2002 5086; x_wconf 87' lang='lat' dir='ltr'><strong>episc0pns</strong></span> 
     </span>
    </p>
   </div>
   <div class='ocr_carea' id='block_1_55' title="bbox 2096 484 3744 560">
    <p class='ocr_par' dir='ltr' id='par_1_55' title="bbox 2096 484 3744 560">
     <span class='ocr_line' id='line_1_55' title="bbox 2096 484 3744 560; baseline 0.004 -21"><span class='ocrx_word' id='word_1_393' title='bbox 2096 484 2572 557; x_wconf 89' lang='lat' dir='ltr'><strong>Wisigothorum,</strong></span> <span class='ocrx_word' id='word_1_394' title='bbox 2601 491 2808 559; x_wconf 89' lang='lat' dir='ltr'><strong>petens</strong></span> <span class='ocrx_word' id='word_1_395' title='bbox 2832 486 3109 544; x_wconf 85' lang='lat' dir='ltr'><strong>auxilium</strong></span> <span class='ocrx_word' id='word_1_396' title='bbox 3141 493 3345 544; x_wconf 89' lang='lat' dir='ltr'><strong>contra</strong></span> <span class='ocrx_word' id='word_1_397' title='bbox 3378 487 3744 560; x_wconf 85' lang='lat' dir='ltr'><strong>Hnnos,qui-</strong></span> 
     </span>
    </p>
   </div>
   <div class='ocr_carea' id='block_1_56' title="bbox 2097 573 3741 649">
    <p class='ocr_par' dir='ltr' id='par_1_56' title="bbox 2097 573 3741 649">
     <span class='ocr_line' id='line_1_56' title="bbox 2097 573 3741 649; baseline 0.004 -21"><span class='ocrx_word' id='word_1_398' title='bbox 2097 573 2206 630; x_wconf 92' lang='lat' dir='ltr'><strong>bus</strong></span> <span class='ocrx_word' id='word_1_399' title='bbox 2234 574 2278 629; x_wconf 92' lang='lat' dir='ltr'><strong>si</strong></span> <span class='ocrx_word' id='word_1_400' title='bbox 2307 575 2778 645; x_wconf 77' lang='lat' dir='ltr'><strong>pravaluissent,</strong></span> <span class='ocrx_word' id='word_1_401' title='bbox 2798 576 3041 632; x_wconf 91' lang='lat' dir='ltr'><strong>mediam</strong></span> <span class='ocrx_word' id='word_1_402' title='bbox 3068 580 3292 649; x_wconf 89' lang='lat' dir='ltr'><strong>partem</strong></span> <span class='ocrx_word' id='word_1_403' title='bbox 3316 576 3515 634; x_wconf 90' lang='lat' dir='ltr'><strong>Gallia</strong></span> <span class='ocrx_word' id='word_1_404' title='bbox 3535 577 3741 635; x_wconf 89' lang='lat' dir='ltr'><strong>Gothis</strong></span> 
     </span>
    </p>
   </div>
   <div class='ocr_carea' id='block_1_57' title="bbox 2097 661 3742 737">
    <p class='ocr_par' dir='ltr' id='par_1_57' title="bbox 2097 661 3742 737">
     <span class='ocr_line' id='line_1_57' title="bbox 2097 661 3742 737; baseline 0.004 -21"><span class='ocrx_word' id='word_1_405' title='bbox 2097 662 2283 718; x_wconf 88' lang='lat' dir='ltr'><strong>daret.</strong></span> <span class='ocrx_word' id='word_1_406' title='bbox 2304 661 2526 735; x_wconf 55' lang='lat' dir='ltr'><strong>[Fusa]</strong></span> <span class='ocrx_word' id='word_1_407' title='bbox 2542 663 2704 730; x_wconf 89' lang='lat' dir='ltr'><strong>Quod</strong></span> <span class='ocrx_word' id='word_1_408' title='bbox 2728 668 2788 720; x_wconf 91' lang='lat' dir='ltr'><strong>et</strong></span> <span class='ocrx_word' id='word_1_409' title='bbox 2807 664 3204 721; x_wconf 87' lang='lat' dir='ltr'><strong>Theodericus</strong></span> <span class='ocrx_word' id='word_1_410' title='bbox 3218 666 3439 721; x_wconf 88' lang='lat' dir='ltr'><strong>annuit.</strong></span> <span class='ocrx_word' id='word_1_411' title='bbox 3459 665 3742 737; x_wconf 80' lang='lat' dir='ltr'><strong>Aliosque</strong></span> 
     </span>
    </p>
   </div>
   <div class='ocr_carea' id='block_1_58' title="bbox 2097 751 3745 825">
    <p class='ocr_par' dir='ltr' id='par_1_58' title="bbox 2097 751 3745 825">
     <span class='ocr_line' id='line_1_58' title="bbox 2097 751 3745 825; baseline 0.003 -20"><span class='ocrx_word' id='word_1_412' title='bbox 2097 751 2336 808; x_wconf 89' lang='lat' dir='ltr'><strong>mittens</strong></span> <span class='ocrx_word' id='word_1_413' title='bbox 2366 753 2610 810; x_wconf 88' lang='lat' dir='ltr'><strong>nuncios</strong></span> <span class='ocrx_word' id='word_1_414' title='bbox 2642 752 2711 808; x_wconf 89' lang='lat' dir='ltr'><strong>ad</strong></span> <span class='ocrx_word' id='word_1_415' title='bbox 2746 752 2986 809; x_wconf 84' lang='lat' dir='ltr'><strong>Attilam</strong></span> <span class='ocrx_word' id='word_1_416' title='bbox 3021 768 3215 824; x_wconf 89' lang='lat' dir='ltr'><strong>regem</strong></span> <span class='ocrx_word' id='word_1_417' title='bbox 3238 754 3556 825; x_wconf 85' lang='lat' dir='ltr'><strong>llnnornm,</strong></span> <span class='ocrx_word' id='word_1_418' title='bbox 3580 755 3745 812; x_wconf 89' lang='lat' dir='ltr'><strong>auxi-</strong></span> 
     </span>
    </p>
   </div>
   <div class='ocr_carea' id='block_1_59' title="bbox 2097 838 3743 913">
    <p class='ocr_par' dir='ltr' id='par_1_59' title="bbox 2097 838 3743 913">
     <span class='ocr_line' id='line_1_59' title="bbox 2097 838 3743 913; baseline 0.004 -20"><span class='ocrx_word' id='word_1_419' title='bbox 2097 838 2236 896; x_wconf 90' lang='lat' dir='ltr'><strong>lium</strong></span> <span class='ocrx_word' id='word_1_420' title='bbox 2269 839 2475 911; x_wconf 91' lang='lat' dir='ltr'><strong>petivit</strong></span> <span class='ocrx_word' id='word_1_421' title='bbox 2508 846 2713 896; x_wconf 89' lang='lat' dir='ltr'><strong>eontra</strong></span> <span class='ocrx_word' id='word_1_422' title='bbox 2748 841 2967 897; x_wconf 88' lang='lat' dir='ltr'><strong>Gothos</strong></span> <span class='ocrx_word' id='word_1_423' title='bbox 2990 841 3086 913; x_wconf 90' lang='lat' dir='ltr'><strong>qui</strong></span> <span class='ocrx_word' id='word_1_424' title='bbox 3111 841 3350 898; x_wconf 90' lang='lat' dir='ltr'><strong>Galliam</strong></span> <span class='ocrx_word' id='word_1_425' title='bbox 3376 844 3743 900; x_wconf 90' lang='lat' dir='ltr'><strong>conabantur</strong></span> 
     </span>
    </p>
   </div>
   <div class='ocr_carea' id='block_1_60' title="bbox 2097 928 3741 1005">
    <p class='ocr_par' dir='ltr' id='par_1_60' title="bbox 2097 928 3741 1005">
     <span class='ocr_line' id='line_1_60' title="bbox 2097 928 3741 1005; baseline 0.004 -22"><span class='ocrx_word' id='word_1_426' title='bbox 2097 928 2372 985; x_wconf 88' lang='lat' dir='ltr'><strong>invadere</strong></span> <span class='ocrx_word' id='word_1_427' title='bbox 2397 946 2410 995; x_wconf 92' lang='lat'>;</span> <span class='ocrx_word' id='word_1_428' title='bbox 2438 930 2649 1000; x_wconf 91' lang='lat' dir='ltr'><strong>quibus</strong></span> <span class='ocrx_word' id='word_1_429' title='bbox 2667 930 2716 987; x_wconf 90' lang='lat' dir='ltr'><strong>si</strong></span> <span class='ocrx_word' id='word_1_430' title='bbox 2741 929 3211 1002; x_wconf 87' lang='lat' dir='ltr'><strong>pravaluissent,</strong></span> <span class='ocrx_word' id='word_1_431' title='bbox 3241 931 3485 988; x_wconf 88' lang='lat' dir='ltr'><strong>mediam</strong></span> <span class='ocrx_word' id='word_1_432' title='bbox 3512 941 3741 1005; x_wconf 86' lang='lat' dir='ltr'><strong>partem</strong></span> 
     </span>
    </p>
   </div>
   <div class='ocr_carea' id='block_1_61' title="bbox 2097 1017 3741 1093">
    <p class='ocr_par' dir='ltr' id='par_1_61' title="bbox 2097 1017 3741 1093">
     <span class='ocr_line' id='line_1_61' title="bbox 2097 1017 3741 1093; baseline 0.005 -24"><span class='ocrx_word' id='word_1_433' title='bbox 2097 1017 2295 1075; x_wconf 77' lang='lat' dir='ltr'><strong>Gallia</strong></span> <span class='ocrx_word' id='word_1_434' title='bbox 2328 1018 2508 1075; x_wconf 86' lang='lat' dir='ltr'><strong>Hunis</strong></span> <span class='ocrx_word' id='word_1_435' title='bbox 2538 1018 2723 1075; x_wconf 92' lang='lat' dir='ltr'><strong>daret.</strong></span> <span class='ocrx_word' id='word_1_436' title='bbox 2752 1019 2917 1086; x_wconf 87' lang='lat' dir='ltr'><strong>Quod</strong></span> <span class='ocrx_word' id='word_1_437' title='bbox 2949 1035 3079 1076; x_wconf 90' lang='lat' dir='ltr'><strong>cum</strong></span> <span class='ocrx_word' id='word_1_438' title='bbox 3112 1024 3168 1075; x_wconf 91' lang='lat' dir='ltr'><strong>et</strong></span> <span class='ocrx_word' id='word_1_439' title='bbox 3203 1020 3383 1076; x_wconf 85' lang='lat' dir='ltr'><strong>Attila</strong></span> <span class='ocrx_word' id='word_1_440' title='bbox 3415 1022 3741 1093; x_wconf 85' lang='lat' dir='ltr'><strong>annuisset,</strong></span> 
     </span>
    </p>
   </div>
   <div class='ocr_carea' id='block_1_62' title="bbox 2097 1106 3749 1181">
    <p class='ocr_par' dir='ltr' id='par_1_62' title="bbox 2097 1106 3749 1181">
     <span class='ocr_line' id='line_1_62' title="bbox 2097 1106 3749 1181; baseline 0.004 -18"><span class='ocrx_word' id='word_1_441' title='bbox 2097 1106 2391 1177; x_wconf 89' lang='lat' dir='ltr'><strong>utrimque</strong></span> <span class='ocrx_word' id='word_1_442' title='bbox 2422 1108 2591 1163; x_wconf 88' lang='lat' dir='ltr'><strong>Gothi</strong></span> <span class='ocrx_word' id='word_1_443' title='bbox 2623 1112 2682 1164; x_wconf 90' lang='lat' dir='ltr'><strong>et</strong></span> <span class='ocrx_word' id='word_1_444' title='bbox 2708 1109 2853 1165; x_wconf 87' lang='lat' dir='ltr'><strong>lluni</strong></span> <span class='ocrx_word' id='word_1_445' title='bbox 2880 1124 2985 1180; x_wconf 91' lang='lat' dir='ltr'><strong>pro</strong></span> <span class='ocrx_word' id='word_1_446' title='bbox 3008 1114 3174 1181; x_wconf 89' lang='lat' dir='ltr'><strong>parte</strong></span> <span class='ocrx_word' id='word_1_447' title='bbox 3199 1108 3395 1167; x_wconf 86' lang='lat' dir='ltr'><strong>Gallia</strong></span> <span class='ocrx_word' id='word_1_448' title='bbox 3412 1111 3575 1181; x_wconf 87' lang='lat' dir='ltr'><strong>gravi</strong></span> <span class='ocrx_word' id='word_1_449' title='bbox 3607 1125 3749 1170; x_wconf 87' lang='lat' dir='ltr'><strong>con-</strong></span> 
     </span>
    </p>
   </div>
   <div class='ocr_carea' id='block_1_63' title="bbox 2099 1195 3746 1271">
    <p class='ocr_par' dir='ltr' id='par_1_63' title="bbox 2099 1195 3746 1271">
     <span class='ocr_line' id='line_1_63' title="bbox 2099 1195 3746 1271; baseline 0.005 -22"><span class='ocrx_word' id='word_1_450' title='bbox 2099 1195 2301 1265; x_wconf 85' lang='lat' dir='ltr'><strong>ﬂigunt</strong></span> <span class='ocrx_word' id='word_1_451' title='bbox 2334 1195 2653 1253; x_wconf 89' lang='lat' dir='ltr'><strong>certamine</strong></span> <span class='ocrx_word' id='word_1_452' title='bbox 2707 1197 2891 1269; x_wconf 79' lang='lat' dir='ltr'><strong>[Joun.</strong></span> <span class='ocrx_word' id='word_1_453' title='bbox 2924 1198 3035 1270; x_wconf 64' lang='lat'><strong>41.]</strong></span> <span class='ocrx_word' id='word_1_454' title='bbox 3071 1200 3228 1255; x_wconf 70' lang='lat' dir='ltr'><strong>Casa</strong></span> <span class='ocrx_word' id='word_1_455' title='bbox 3271 1202 3407 1255; x_wconf 91' lang='lat' dir='ltr'><strong>sunt</strong></span> <span class='ocrx_word' id='word_1_456' title='bbox 3437 1212 3505 1256; x_wconf 94' lang='lat' dir='ltr'><strong>eo</strong></span> <span class='ocrx_word' id='word_1_457' title='bbox 3542 1199 3746 1271; x_wconf 88' lang='lat' dir='ltr'><strong>pralio</strong></span> 
     </span>
    </p>
   </div>
   <div class='ocr_carea' id='block_1_64' title="bbox 2096 1284 3741 1360">
    <p class='ocr_par' dir='ltr' id='par_1_64' title="bbox 2096 1284 3741 1360">
     <span class='ocr_line' id='line_1_64' title="bbox 2096 1284 3741 1360; baseline 0.005 -22"><span class='ocrx_word' id='word_1_458' title='bbox 2096 1284 2550 1354; x_wconf 86' lang='lat' dir='ltr'><strong>Wisigothorum</strong></span> <span class='ocrx_word' id='word_1_459' title='bbox 2581 1285 2833 1342; x_wconf 88' lang='lat' dir='ltr'><strong>ducenta</strong></span> <span class='ocrx_word' id='word_1_460' title='bbox 2866 1286 3020 1341; x_wconf 92' lang='lat' dir='ltr'><strong>milia</strong></span> <span class='ocrx_word' id='word_1_461' title='bbox 3044 1301 3173 1343; x_wconf 89' lang='lat' dir='ltr'><strong>cum</strong></span> <span class='ocrx_word' id='word_1_462' title='bbox 3199 1302 3335 1357; x_wconf 91' lang='lat' dir='ltr'><strong>rege</strong></span> <span class='ocrx_word' id='word_1_463' title='bbox 3356 1287 3741 1360; x_wconf 87' lang='lat' dir='ltr'><strong>Theoderico,</strong></span> 
     </span>
    </p>
   </div>
   <div class='ocr_carea' id='block_1_65' title="bbox 2099 1373 3749 1449">
    <p class='ocr_par' dir='ltr' id='par_1_65' title="bbox 2099 1373 3749 1449">
     <span class='ocr_line' id='line_1_65' title="bbox 2099 1373 3749 1449; baseline 0.003 -21"><span class='ocrx_word' id='word_1_464' title='bbox 2099 1373 2393 1429; x_wconf 84' lang='lat' dir='ltr'><strong>Hunorum</strong></span> <span class='ocrx_word' id='word_1_465' title='bbox 2419 1388 2557 1430; x_wconf 91' lang='lat' dir='ltr'><strong>vero</strong></span> <span class='ocrx_word' id='word_1_466' title='bbox 2584 1378 2816 1431; x_wconf 89' lang='lat' dir='ltr'><strong>centum</strong></span> <span class='ocrx_word' id='word_1_467' title='bbox 2841 1374 3258 1445; x_wconf 84' lang='lat' dir='ltr'><strong>quinquaginta</strong></span> <span class='ocrx_word' id='word_1_468' title='bbox 3284 1375 3749 1449; x_wconf 85' lang='lat' dir='ltr'><strong>milia,exceptis</strong></span> 
     </span>
    </p>
   </div>
   <div class='ocr_carea' id='block_1_66' title="bbox 2098 1460 3751 1537">
    <p class='ocr_par' dir='ltr' id='par_1_66' title="bbox 2098 1460 3751 1537">
     <span class='ocr_line' id='line_1_66' title="bbox 2098 1460 3751 1537; baseline 0.004 -20"><span class='ocrx_word' id='word_1_469' title='bbox 2098 1460 2167 1495; x_wconf 78' lang='grc'><strong>¹⁶⁸</strong></span> <span class='ocrx_word' id='word_1_470' title='bbox 2195 1463 2265 1518; x_wconf 81' lang='lat'><strong>90</strong></span> <span class='ocrx_word' id='word_1_471' title='bbox 2296 1462 2529 1519; x_wconf 90' lang='lat' dir='ltr'><strong>milibus</strong></span> <span class='ocrx_word' id='word_1_472' title='bbox 2577 1463 2922 1535; x_wconf 89' lang='lat' dir='ltr'><strong>Gepidarnm</strong></span> <span class='ocrx_word' id='word_1_473' title='bbox 2955 1467 3012 1519; x_wconf 91' lang='lat' dir='ltr'><strong>et</strong></span> <span class='ocrx_word' id='word_1_474' title='bbox 3043 1465 3417 1535; x_wconf 90' lang='lat' dir='ltr'><strong>Francorum,</strong></span> <span class='ocrx_word' id='word_1_475' title='bbox 3451 1467 3548 1537; x_wconf 93' lang='lat' dir='ltr'><strong>qni</strong></span> <span class='ocrx_word' id='word_1_476' title='bbox 3589 1466 3751 1523; x_wconf 90' lang='lat' dir='ltr'><strong>inter</strong></span> 
     </span>
    </p>
   </div>
   <div class='ocr_carea' id='block_1_67' title="bbox 2101 1552 3749 1624">
    <p class='ocr_par' dir='ltr' id='par_1_67' title="bbox 2101 1552 3749 1624">
     <span class='ocr_line' id='line_1_67' title="bbox 2101 1552 3749 1624; baseline 0.004 -18"><span class='ocrx_word' id='word_1_477' title='bbox 2101 1564 2164 1606; x_wconf 89' lang='lat' dir='ltr'><strong>se</strong></span> <span class='ocrx_word' id='word_1_478' title='bbox 2194 1554 2329 1607; x_wconf 92' lang='lat' dir='ltr'><strong>ante</strong></span> <span class='ocrx_word' id='word_1_479' title='bbox 2360 1552 2831 1622; x_wconf 87' lang='lat' dir='ltr'><strong>congressionem</strong></span> <span class='ocrx_word' id='word_1_480' title='bbox 2866 1552 3154 1624; x_wconf 91' lang='lat' dir='ltr'><strong>publicam</strong></span> <span class='ocrx_word' id='word_1_481' title='bbox 3207 1554 3425 1610; x_wconf 92' lang='lat' dir='ltr'><strong>mutuis</strong></span> <span class='ocrx_word' id='word_1_482' title='bbox 3470 1555 3749 1612; x_wconf 88' lang='lat' dir='ltr'><strong>cecidere</strong></span> 
     </span>
    </p>
   </div>
   <div class='ocr_carea' id='block_1_68' title="bbox 2099 1638 3749 1716">
    <p class='ocr_par' dir='ltr' id='par_1_68' title="bbox 2099 1638 3749 1716">
     <span class='ocr_line' id='line_1_68' title="bbox 2099 1638 3749 1716; baseline 0.003 -21"><span class='ocrx_word' id='word_1_483' title='bbox 2099 1638 2459 1709; x_wconf 91' lang='lat' dir='ltr'><strong>vulneribus,</strong></span> <span class='ocrx_word' id='word_1_484' title='bbox 2501 1641 2732 1697; x_wconf 71' lang='lat' dir='ltr'><strong>Francis</strong></span> <span class='ocrx_word' id='word_1_485' title='bbox 2778 1656 2883 1712; x_wconf 91' lang='lat' dir='ltr'><strong>pro</strong></span> <span class='ocrx_word' id='word_1_486' title='bbox 2931 1642 3339 1711; x_wconf 88' lang='lat' dir='ltr'><strong>Romanorum,</strong></span> <span class='ocrx_word' id='word_1_487' title='bbox 3374 1642 3609 1715; x_wconf 87' lang='lat' dir='ltr'><strong>Gepidis</strong></span> <span class='ocrx_word' id='word_1_488' title='bbox 3639 1659 3749 1716; x_wconf 91' lang='lat' dir='ltr'><strong>pro</strong></span> 
     </span>
    </p>
   </div>
   <div class='ocr_carea' id='block_1_69' title="bbox 2103 1728 3745 1801">
    <p class='ocr_par' dir='ltr' id='par_1_69' title="bbox 2103 1728 3745 1801">
     <span class='ocr_line' id='line_1_69' title="bbox 2103 1728 3745 1801; baseline 0.004 -18"><span class='ocrx_word' id='word_1_489' title='bbox 2103 1729 2397 1784; x_wconf 87' lang='lat' dir='ltr'><strong>Hunorum</strong></span> <span class='ocrx_word' id='word_1_490' title='bbox 2458 1736 2623 1800; x_wconf 91' lang='lat' dir='ltr'><strong>parte</strong></span> <span class='ocrx_word' id='word_1_491' title='bbox 2679 1728 3072 1801; x_wconf 90' lang='lat' dir='ltr'><strong>pugnantibus</strong></span> <span class='ocrx_word' id='word_1_492' title='bbox 3129 1734 3415 1787; x_wconf 88' lang='lat' dir='ltr'><strong>nocturno</strong></span> <span class='ocrx_word' id='word_1_493' title='bbox 3466 1746 3745 1790; x_wconf 88' lang='lat' dir='ltr'><strong>occursu.</strong></span> 
     </span>
    </p>
   </div>
   <div class='ocr_carea' id='block_1_70' title="bbox 2105 1812 3748 1888">
    <p class='ocr_par' dir='ltr' id='par_1_70' title="bbox 2105 1812 3748 1888">
     <span class='ocr_line' id='line_1_70' title="bbox 2105 1812 3748 1888; baseline 0.004 -17"><span class='ocrx_word' id='word_1_494' title='bbox 2105 1816 2323 1888; x_wconf 56' lang='lat' dir='ltr'><strong>[Fusa]</strong></span> <span class='ocrx_word' id='word_1_495' title='bbox 2359 1816 2450 1873; x_wconf 90' lang='lat' dir='ltr'><strong>Sic</strong></span> <span class='ocrx_word' id='word_1_496' title='bbox 2480 1816 2846 1875; x_wconf 89' lang='lat' dir='ltr'><strong>orationibus</strong></span> <span class='ocrx_word' id='word_1_497' title='bbox 2888 1818 3041 1874; x_wconf 90' lang='lat' dir='ltr'><strong>beati</strong></span> <span class='ocrx_word' id='word_1_498' title='bbox 3092 1818 3297 1875; x_wconf 82' lang='lat' dir='ltr'><strong>Aniani</strong></span> <span class='ocrx_word' id='word_1_499' title='bbox 3338 1824 3395 1875; x_wconf 89' lang='lat' dir='ltr'><strong>et</strong></span> <span class='ocrx_word' id='word_1_500' title='bbox 3451 1812 3748 1877; x_wconf 71' lang='lat' dir='ltr'><strong>industria</strong></span> 
     </span>
    </p>
   </div>
   <div class='ocr_carea' id='block_1_71' title="bbox 2102 1904 3750 1976">
    <p class='ocr_par' dir='ltr' id='par_1_71' title="bbox 2102 1904 3750 1976">
     <span class='ocr_line' id='line_1_71' title="bbox 2102 1904 3750 1976; baseline 0.001 -14"><span class='ocrx_word' id='word_1_501' title='bbox 2102 1904 2250 1962; x_wconf 84' lang='lat' dir='ltr'><strong>Aetii</strong></span> <span class='ocrx_word' id='word_1_502' title='bbox 2289 1905 2517 1976; x_wconf 85' lang='lat' dir='ltr'><strong>patricii</strong></span> <span class='ocrx_word' id='word_1_503' title='bbox 2551 1905 2759 1962; x_wconf 91' lang='lat' dir='ltr'><strong>civitas</strong></span> <span class='ocrx_word' id='word_1_504' title='bbox 2800 1906 3130 1963; x_wconf 83' lang='lat' dir='ltr'><strong>Anrelianis</strong></span> <span class='ocrx_word' id='word_1_505' title='bbox 3172 1907 3418 1965; x_wconf 90' lang='lat' dir='ltr'><strong>liberata</strong></span> <span class='ocrx_word' id='word_1_506' title='bbox 3451 1912 3561 1965; x_wconf 87' lang='lat' dir='ltr'><strong>est.</strong></span> <span class='ocrx_word' id='word_1_507' title='bbox 3594 1909 3750 1967; x_wconf 82' lang='lat' dir='ltr'><strong>Huni</strong></span> 
     </span>
    </p>
   </div>
   <div class='ocr_carea' id='block_1_72' title="bbox 2101 1994 3751 2065">
    <p class='ocr_par' dir='ltr' id='par_1_72' title="bbox 2101 1994 3751 2065">
     <span class='ocr_line' id='line_1_72' title="bbox 2101 1994 3751 2065; baseline 0.002 -14"><span class='ocrx_word' id='word_1_508' title='bbox 2101 2009 2240 2051; x_wconf 87' lang='lat' dir='ltr'><strong>vero</strong></span> <span class='ocrx_word' id='word_1_509' title='bbox 2294 2009 2425 2051; x_wconf 91' lang='lat' dir='ltr'><strong>cum</strong></span> <span class='ocrx_word' id='word_1_510' title='bbox 2487 1994 2858 2065; x_wconf 87' lang='lat' dir='ltr'><strong>Ostrogothis</strong></span> <span class='ocrx_word' id='word_1_511' title='bbox 2910 1995 2965 2051; x_wconf 93' lang='lat' dir='ltr'><strong>in</strong></span> <span class='ocrx_word' id='word_1_512' title='bbox 3023 1997 3401 2053; x_wconf 81' lang='lat' dir='ltr'><strong>Mauriaeensi</strong></span> <span class='ocrx_word' id='word_1_513' title='bbox 3481 1998 3751 2056; x_wconf 89' lang='lat' dir='ltr'><strong>resident</strong></span> 
     </span>
    </p>
   </div>
   <div class='ocr_carea' id='block_1_73' title="bbox 2100 2083 3746 2159">
    <p class='ocr_par' dir='ltr' id='par_1_73' title="bbox 2100 2083 3746 2159">
     <span class='ocr_line' id='line_1_73' title="bbox 2100 2083 3746 2159; baseline 0.005 -20"><span class='ocrx_word' id='word_1_514' title='bbox 2100 2083 2421 2155; x_wconf 90' lang='lat' dir='ltr'><strong>campania.</strong></span> <span class='ocrx_word' id='word_1_515' title='bbox 2438 2083 3101 2141; x_wconf 89' lang='lat' dir='ltr'><strong>Thorsimundnsautem</strong></span> <span class='ocrx_word' id='word_1_516' title='bbox 3125 2085 3223 2157; x_wconf 90' lang='lat' dir='ltr'><strong>qui</strong></span> <span class='ocrx_word' id='word_1_517' title='bbox 3247 2085 3398 2159; x_wconf 89' lang='lat' dir='ltr'><strong>patri</strong></span> <span class='ocrx_word' id='word_1_518' title='bbox 3424 2085 3479 2142; x_wconf 93' lang='lat' dir='ltr'><strong>in</strong></span> <span class='ocrx_word' id='word_1_519' title='bbox 3503 2101 3746 2157; x_wconf 85' lang='lat' dir='ltr'><strong>regnum</strong></span> 
     </span>
    </p>
   </div>
   <div class='ocr_carea' id='block_1_74' title="bbox 2101 2173 3747 2244">
    <p class='ocr_par' dir='ltr' id='par_1_74' title="bbox 2101 2173 3747 2244">
     <span class='ocr_line' id='line_1_74' title="bbox 2101 2173 3747 2244; baseline 0.003 -15"><span class='ocrx_word' id='word_1_520' title='bbox 2101 2176 2493 2241; x_wconf 89' lang='lat' dir='ltr'><strong>successerat,</strong></span> <span class='ocrx_word' id='word_1_521' title='bbox 2529 2173 2779 2229; x_wconf 90' lang='lat' dir='ltr'><strong>collecto</strong></span> <span class='ocrx_word' id='word_1_522' title='bbox 2810 2174 3266 2244; x_wconf 82' lang='lat' dir='ltr'><strong>Wisigothorum</strong></span> <span class='ocrx_word' id='word_1_523' title='bbox 3296 2175 3448 2232; x_wconf 91' lang='lat' dir='ltr'><strong>omni</strong></span> <span class='ocrx_word' id='word_1_524' title='bbox 3478 2176 3747 2234; x_wconf 84' lang='lat' dir='ltr'><strong>exercitu</strong></span> 
     </span>
    </p>
   </div>
   <div class='ocr_carea' id='block_1_75' title="bbox 2102 2261 3751 2334">
    <p class='ocr_par' dir='ltr' id='par_1_75' title="bbox 2102 2261 3751 2334">
     <span class='ocr_line' id='line_1_75' title="bbox 2102 2261 3751 2334; baseline 0.004 -17"><span class='ocrx_word' id='word_1_525' title='bbox 2102 2267 2325 2334; x_wconf 90' lang='lat' dir='ltr'><strong>patrem</strong></span> <span class='ocrx_word' id='word_1_526' title='bbox 2378 2261 2581 2318; x_wconf 91' lang='lat' dir='ltr'><strong>ulcisci</strong></span> <span class='ocrx_word' id='word_1_527' title='bbox 2633 2262 2999 2333; x_wconf 90' lang='lat' dir='ltr'><strong>desiderans,</strong></span> <span class='ocrx_word' id='word_1_528' title='bbox 3053 2280 3182 2321; x_wconf 90' lang='lat' dir='ltr'><strong>cum</strong></span> <span class='ocrx_word' id='word_1_529' title='bbox 3230 2264 3411 2321; x_wconf 87' lang='lat' dir='ltr'><strong>Hunis</strong></span> <span class='ocrx_word' id='word_1_530' title='bbox 3456 2266 3751 2323; x_wconf 83' lang='lat' dir='ltr'><strong>Manriaco</strong></span> 
     </span>
    </p>
   </div>
   <div class='ocr_carea' id='block_1_76' title="bbox 2100 2350 3750 2422">
    <p class='ocr_par' dir='ltr' id='par_1_76' title="bbox 2100 2350 3750 2422">
     <span class='ocr_line' id='line_1_76' title="bbox 2100 2350 3750 2422; baseline 0.004 -16"><span class='ocrx_word' id='word_1_531' title='bbox 2100 2365 2305 2422; x_wconf 88' lang='lat' dir='ltr'><strong>campo</strong></span> <span class='ocrx_word' id='word_1_532' title='bbox 2334 2350 2613 2421; x_wconf 87' lang='lat' dir='ltr'><strong>conﬂigit.</strong></span> <span class='ocrx_word' id='word_1_533' title='bbox 2652 2351 2835 2421; x_wconf 69' lang='lat' dir='ltr'><strong>lieno.</strong></span> <span class='ocrx_word' id='word_1_534' title='bbox 2863 2351 2975 2422; x_wconf 88' lang='grc'><strong>38.]</strong></span> <span class='ocrx_word' id='word_1_535' title='bbox 3010 2353 3217 2409; x_wconf 90' lang='lat' dir='ltr'><strong>Tribus</strong></span> <span class='ocrx_word' id='word_1_536' title='bbox 3242 2352 3448 2409; x_wconf 89' lang='lat' dir='ltr'><strong>diebus</strong></span> <span class='ocrx_word' id='word_1_537' title='bbox 3467 2354 3750 2412; x_wconf 88' lang='lat' dir='ltr'><strong>continuo</strong></span> 
     </span>
    </p>
   </div>
   <div class='ocr_carea' id='block_1_77' title="bbox 2103 2440 3750 2515">
    <p class='ocr_par' dir='ltr' id='par_1_77' title="bbox 2103 2440 3750 2515">
     <span class='ocr_line' id='line_1_77' title="bbox 2103 2440 3750 2515; baseline 0.003 -18"><span class='ocrx_word' id='word_1_538' title='bbox 2103 2443 2418 2511; x_wconf 89' lang='lat' dir='ltr'><strong>pugnatum</strong></span> <span class='ocrx_word' id='word_1_539' title='bbox 2443 2445 2555 2509; x_wconf 92' lang='lat' dir='ltr'><strong>est,</strong></span> <span class='ocrx_word' id='word_1_540' title='bbox 2581 2441 2906 2511; x_wconf 89' lang='lat' dir='ltr'><strong>Sangibano</strong></span> <span class='ocrx_word' id='word_1_541' title='bbox 2928 2440 2996 2474; x_wconf 68' lang='lat'><strong>“9</strong></span> <span class='ocrx_word' id='word_1_542' title='bbox 3016 2457 3248 2515; x_wconf 87' lang='lat' dir='ltr'><strong>semper</strong></span> <span class='ocrx_word' id='word_1_543' title='bbox 3270 2442 3325 2497; x_wconf 92' lang='lat' dir='ltr'><strong>in</strong></span> <span class='ocrx_word' id='word_1_544' title='bbox 3347 2442 3534 2499; x_wconf 91' lang='lat' dir='ltr'><strong>medio</strong></span> <span class='ocrx_word' id='word_1_545' title='bbox 3557 2444 3750 2515; x_wconf 84' lang='lat' dir='ltr'><strong>posito</strong></span> 
     </span>
    </p>
   </div>
   <div class='ocr_carea' id='block_1_78' title="bbox 2102 2527 3747 2599">
    <p class='ocr_par' dir='ltr' id='par_1_78' title="bbox 2102 2527 3747 2599">
     <span class='ocr_line' id='line_1_78' title="bbox 2102 2527 3747 2599; baseline 0.004 -16"><span class='ocrx_word' id='word_1_546' title='bbox 2102 2542 2172 2583; x_wconf 90' lang='lat' dir='ltr'><strong>ne</strong></span> <span class='ocrx_word' id='word_1_547' title='bbox 2188 2527 2256 2583; x_wconf 93' lang='lat' dir='ltr'><strong>ad</strong></span> <span class='ocrx_word' id='word_1_548' title='bbox 2276 2527 2511 2583; x_wconf 83' lang='lat' dir='ltr'><strong>Attilam</strong></span> <span class='ocrx_word' id='word_1_549' title='bbox 2529 2527 2956 2599; x_wconf 80' lang='lat' dir='ltr'><strong>deﬂecteret,et</strong></span> <span class='ocrx_word' id='word_1_550' title='bbox 2971 2528 3412 2586; x_wconf 90' lang='lat' dir='ltr'><strong>innumerabilis</strong></span> <span class='ocrx_word' id='word_1_551' title='bbox 3429 2530 3747 2589; x_wconf 87' lang='lat' dir='ltr'><strong>multitudo</strong></span> 
     </span>
    </p>
   </div>
   <div class='ocr_carea' id='block_1_79' title="bbox 2103 2616 3753 2677">
    <p class='ocr_par' dir='ltr' id='par_1_79' title="bbox 2103 2616 3753 2677">
     <span class='ocr_line' id='line_1_79' title="bbox 2103 2616 3753 2677; baseline 0.002 -4"><span class='ocrx_word' id='word_1_552' title='bbox 2103 2616 2351 2673; x_wconf 91' lang='lat' dir='ltr'><strong>corruit.</strong></span> <span class='ocrx_word' id='word_1_553' title='bbox 2379 2616 2546 2673; x_wconf 91' lang='lat' dir='ltr'><strong>Etius</strong></span> <span class='ocrx_word' id='word_1_554' title='bbox 2567 2632 2704 2673; x_wconf 89' lang='lat' dir='ltr'><strong>vero</strong></span> <span class='ocrx_word' id='word_1_555' title='bbox 2735 2616 2982 2674; x_wconf 77' lang='lat' dir='ltr'><strong>CODSlllO</strong></span> <span class='ocrx_word' id='word_1_556' title='bbox 3013 2623 3291 2675; x_wconf 87' lang='lat' dir='ltr'><strong>strenuus</strong></span> <span class='ocrx_word' id='word_1_557' title='bbox 3313 2624 3488 2676; x_wconf 87' lang='lat' dir='ltr'><strong>noctu</strong></span> <span class='ocrx_word' id='word_1_558' title='bbox 3509 2620 3753 2677; x_wconf 88' lang='lat' dir='ltr'><strong>veniens</strong></span> 
     </span>
    </p>
   </div>
   <div class='ocr_carea' id='block_1_80' title="bbox 2105 2704 3753 2780">
    <p class='ocr_par' dir='ltr' id='par_1_80' title="bbox 2105 2704 3753 2780">
     <span class='ocr_line' id='line_1_80' title="bbox 2105 2704 3753 2780; baseline 0.005 -21"><span class='ocrx_word' id='word_1_559' title='bbox 2105 2704 2175 2759; x_wconf 87' lang='lat' dir='ltr'><strong>ad</strong></span> <span class='ocrx_word' id='word_1_560' title='bbox 2202 2704 2438 2760; x_wconf 80' lang='lat' dir='ltr'><strong>Attilam</strong></span> <span class='ocrx_word' id='word_1_561' title='bbox 2461 2706 2637 2760; x_wconf 90' lang='lat' dir='ltr'><strong>dixit:</strong></span> <span class='ocrx_word' id='word_1_562' title='bbox 2656 2707 3753 2780; x_wconf 68' lang='lat' dir='ltr'><strong>Optaveramuttuaeirtuteregiouem</strong></span> 
     </span>
    </p>
   </div>
   <div class='ocr_carea' id='block_1_81' title="bbox 2106 2792 3753 2870">
    <p class='ocr_par' dir='ltr' id='par_1_81' title="bbox 2106 2792 3753 2870">
     <span class='ocr_line' id='line_1_81' title="bbox 2106 2792 3753 2870; baseline 0.004 -22"><span class='ocrx_word' id='word_1_563' title='bbox 2106 2792 2262 2850; x_wconf 76' lang='lat' dir='ltr'><strong>hanc</strong></span> <span class='ocrx_word' id='word_1_564' title='bbox 2282 2807 2319 2849; x_wconf 84' lang='grc' dir='ltr'><em>α</em></span> <span class='ocrx_word' id='word_1_565' title='bbox 2354 2793 2815 2865; x_wconf 71' lang='lat' dir='ltr'><strong>li’isigolltorum</strong></span> <span class='ocrx_word' id='word_1_566' title='bbox 2831 2795 3547 2867; x_wconf 63' lang='lat' dir='ltr'><strong>infestationepotuisaem</strong></span> <span class='ocrx_word' id='word_1_567' title='bbox 3561 2798 3753 2870; x_wconf 75' lang='lat' dir='ltr'><strong>eripe-</strong></span> 
     </span>
    </p>
   </div>
   <div class='ocr_carea' id='block_1_82' title="bbox 2104 2882 3763 2955">
    <p class='ocr_par' dir='ltr' id='par_1_82' title="bbox 2104 2882 3763 2955">
     <span class='ocr_line' id='line_1_82' title="bbox 2104 2882 3763 2955; baseline 0.002 -16"><span class='ocrx_word' id='word_1_568' title='bbox 2104 2882 2376 2953; x_wconf 74' lang='lat' dir='ltr'><strong>re;quod</strong></span> <span class='ocrx_word' id='word_1_569' title='bbox 2400 2883 2548 2954; x_wconf 67' lang='lat' dir='ltr'><strong>ﬁeri</strong></span> <span class='ocrx_word' id='word_1_570' title='bbox 2584 2896 2967 2955; x_wconf 68' lang='lat' dir='ltr'><strong>nequaquam.</strong></span> <span class='ocrx_word' id='word_1_571' title='bbox 2995 2884 3361 2955; x_wconf 78' lang='lat' dir='ltr'><strong>potest.Hae</strong></span> <span class='ocrx_word' id='word_1_572' title='bbox 3398 2886 3556 2943; x_wconf 76' lang='lat' dir='ltr'><strong>enim</strong></span> <span class='ocrx_word' id='word_1_573' title='bbox 3592 2888 3763 2943; x_wconf 75' lang='lat' dir='ltr'><strong>nocte</strong></span> 
     </span>
    </p>
   </div>
   <div class='ocr_carea' id='block_1_83' title="bbox 2116 2970 3760 3045">
    <p class='ocr_par' dir='ltr' id='par_1_83' title="bbox 2116 2970 3760 3045">
     <span class='ocr_line' id='line_1_83' title="bbox 2116 2970 3760 3045; baseline 0.004 -19"><span class='ocrx_word' id='word_1_574' title='bbox 2116 2970 2508 3028; x_wconf 71' lang='lat' dir='ltr'><strong>Theodericus</strong></span> <span class='ocrx_word' id='word_1_575' title='bbox 2534 2970 2903 3029; x_wconf 71' lang='lat' dir='ltr'><strong>Thorsimodz‘</strong></span> <span class='ocrx_word' id='word_1_576' title='bbox 2914 2972 3128 3045; x_wconf 77' lang='lat' dir='ltr'><strong>frater</strong></span> <span class='ocrx_word' id='word_1_577' title='bbox 3158 2985 3288 3030; x_wconf 80' lang='lat' dir='ltr'><strong>cum</strong></span> <span class='ocrx_word' id='word_1_578' title='bbox 3316 2974 3591 3031; x_wconf 70' lang='lat' dir='ltr'><strong>maxime</strong></span> <span class='ocrx_word' id='word_1_579' title='bbox 3622 2972 3760 3032; x_wconf 76' lang='lat' dir='ltr'><strong>Got-</strong></span> 
     </span>
    </p>
   </div>
   <div class='ocr_carea' id='block_1_84' title="bbox 2111 3058 3763 3133">
    <p class='ocr_par' dir='ltr' id='par_1_84' title="bbox 2111 3058 3763 3133">
     <span class='ocr_line' id='line_1_84' title="bbox 2111 3058 3763 3133; baseline 0.004 -19"><span class='ocrx_word' id='word_1_580' title='bbox 2111 3058 2319 3115; x_wconf 73' lang='lat' dir='ltr'><strong>horum</strong></span> <span class='ocrx_word' id='word_1_581' title='bbox 2334 3060 2509 3131; x_wconf 71' lang='lat' dir='ltr'><strong>gente</strong></span> <span class='ocrx_word' id='word_1_582' title='bbox 2529 3060 2791 3130; x_wconf 69' lang='lat' dir='ltr'><strong>advenit,</strong></span> <span class='ocrx_word' id='word_1_583' title='bbox 2816 3074 2990 3132; x_wconf 73' lang='lat' dir='ltr'><strong>quem</strong></span> <span class='ocrx_word' id='word_1_584' title='bbox 3004 3062 3336 3133; x_wconf 65' lang='lat' dir='ltr'><strong>[metiendo</strong></span> <span class='ocrx_word' id='word_1_585' title='bbox 3371 3064 3608 3120; x_wconf 76' lang='lat' dir='ltr'><strong>vincere</strong></span> <span class='ocrx_word' id='word_1_586' title='bbox 3638 3076 3763 3120; x_wconf 72' lang='lat' dir='ltr'><strong>non</strong></span> 
     </span>
    </p>
   </div>
   <div class='ocr_carea' id='block_1_85' title="bbox 2107 3148 3761 3222">
    <p class='ocr_par' dir='ltr' id='par_1_85' title="bbox 2107 3148 3761 3222">
     <span class='ocr_line' id='line_1_85' title="bbox 2107 3148 3761 3222; baseline 0.002 -19"><span class='ocrx_word' id='word_1_587' title='bbox 2107 3149 2348 3220; x_wconf 73' lang='lat' dir='ltr'><strong>poteris,</strong></span> <span class='ocrx_word' id='word_1_588' title='bbox 2366 3148 2665 3205; x_wconf 74' lang='lat' dir='ltr'><strong>etutinam</strong></span> <span class='ocrx_word' id='word_1_589' title='bbox 2681 3150 2929 3206; x_wconf 78' lang='lat' dir='ltr'><strong>evadere</strong></span> <span class='ocrx_word' id='word_1_590' title='bbox 2927 3151 3146 3221; x_wconf 75' lang='lat' dir='ltr'><strong>possis.</strong></span> <span class='ocrx_word' id='word_1_591' title='bbox 3168 3148 3385 3222; x_wconf 74' lang='lat' dir='ltr'><strong>[Fui-20.]</strong></span> <span class='ocrx_word' id='word_1_592' title='bbox 3403 3151 3559 3207; x_wconf 90' lang='lat' dir='ltr'><strong>Tunc</strong></span> <span class='ocrx_word' id='word_1_593' title='bbox 3576 3148 3761 3207; x_wconf 85' lang='lat' dir='ltr'><strong>Attila</strong></span> 
     </span>
    </p>
   </div>
   <div class='ocr_carea' id='block_1_86' title="bbox 2114 3237 3759 3310">
    <p class='ocr_par' dir='ltr' id='par_1_86' title="bbox 2114 3237 3759 3310">
     <span class='ocr_line' id='line_1_86' title="bbox 2114 3237 3759 3310; baseline 0.003 -19"><span class='ocrx_word' id='word_1_594' title='bbox 2114 3237 2272 3293; x_wconf 91' lang='lat' dir='ltr'><strong>dedit</strong></span> <span class='ocrx_word' id='word_1_595' title='bbox 2295 3238 2429 3293; x_wconf 89' lang='lat' dir='ltr'><strong>Eeio</strong></span> <span class='ocrx_word' id='word_1_596' title='bbox 2456 3238 2653 3293; x_wconf 90' lang='lat' dir='ltr'><strong>decem</strong></span> <span class='ocrx_word' id='word_1_597' title='bbox 2688 3237 2842 3294; x_wconf 88' lang='lat' dir='ltr'><strong>milia</strong></span> <span class='ocrx_word' id='word_1_598' title='bbox 2868 3238 3214 3309; x_wconf 92' lang='lat' dir='ltr'><strong>solidorum,</strong></span> <span class='ocrx_word' id='word_1_599' title='bbox 3232 3243 3295 3295; x_wconf 91' lang='lat' dir='ltr'><strong>ut</strong></span> <span class='ocrx_word' id='word_1_600' title='bbox 3319 3240 3447 3310; x_wconf 89' lang='lat' dir='ltr'><strong>ejus</strong></span> <span class='ocrx_word' id='word_1_601' title='bbox 3462 3238 3681 3296; x_wconf 85' lang='lat' dir='ltr'><strong>auxilio</strong></span> <span class='ocrx_word' id='word_1_602' title='bbox 3698 3243 3759 3296; x_wconf 84' lang='lat' dir='ltr'><strong>et</strong></span> 
     </span>
    </p>
   </div>
   <div class='ocr_carea' id='block_1_87' title="bbox 2112 3325 3763 3399">
    <p class='ocr_par' dir='ltr' id='par_1_87' title="bbox 2112 3325 3763 3399">
     <span class='ocr_line' id='line_1_87' title="bbox 2112 3325 3763 3399; baseline 0.002 -18"><span class='ocrx_word' id='word_1_603' title='bbox 2112 3325 2331 3382; x_wconf 83' lang='lat' dir='ltr'><strong>virtute</strong></span> <span class='ocrx_word' id='word_1_604' title='bbox 2363 3326 2713 3382; x_wconf 90' lang='lat' dir='ltr'><strong>Pannoniam</strong></span> <span class='ocrx_word' id='word_1_605' title='bbox 2748 3325 2940 3383; x_wconf 86' lang='lat' dir='ltr'><strong>redire</strong></span> <span class='ocrx_word' id='word_1_606' title='bbox 2972 3332 3191 3399; x_wconf 90' lang='lat' dir='ltr'><strong>posset.</strong></span> <span class='ocrx_word' id='word_1_607' title='bbox 3217 3329 3344 3399; x_wconf 90' lang='lat' dir='ltr'><strong>Ipsa</strong></span> <span class='ocrx_word' id='word_1_608' title='bbox 3376 3327 3548 3383; x_wconf 90' lang='lat' dir='ltr'><strong>etiam</strong></span> <span class='ocrx_word' id='word_1_609' title='bbox 3588 3330 3763 3384; x_wconf 84' lang='lat' dir='ltr'><strong>nocte</strong></span> 
     </span>
    </p>
   </div>
   <div class='ocr_carea' id='block_1_88' title="bbox 2113 3414 3763 3488">
    <p class='ocr_par' dir='ltr' id='par_1_88' title="bbox 2113 3414 3763 3488">
     <span class='ocr_line' id='line_1_88' title="bbox 2113 3414 3763 3488; baseline 0.002 -18"><span class='ocrx_word' id='word_1_610' title='bbox 2113 3414 2279 3470; x_wconf 87' lang='lat' dir='ltr'><strong>Etius</strong></span> <span class='ocrx_word' id='word_1_611' title='bbox 2316 3415 2385 3470; x_wconf 87' lang='lat' dir='ltr'><strong>ad</strong></span> <span class='ocrx_word' id='word_1_612' title='bbox 2416 3415 2897 3472; x_wconf 88' lang='lat' dir='ltr'><strong>Thorsimundnm</strong></span> <span class='ocrx_word' id='word_1_613' title='bbox 2933 3431 3197 3488; x_wconf 89' lang='lat' dir='ltr'><strong>pergens,</strong></span> <span class='ocrx_word' id='word_1_614' title='bbox 3223 3430 3455 3473; x_wconf 90' lang='lat' dir='ltr'><strong>causam</strong></span> <span class='ocrx_word' id='word_1_615' title='bbox 3487 3416 3763 3474; x_wconf 88' lang='lat' dir='ltr'><strong>consimi-</strong></span> 
     </span>
    </p>
   </div>
   <div class='ocr_carea' id='block_1_89' title="bbox 2115 3501 3759 3564">
    <p class='ocr_par' dir='ltr' id='par_1_89' title="bbox 2115 3501 3759 3564">
     <span class='ocr_line' id='line_1_89' title="bbox 2115 3501 3759 3564; baseline 0.005 -8"><span class='ocrx_word' id='word_1_616' title='bbox 2115 3501 2225 3557; x_wconf 89' lang='lat' dir='ltr'><strong>lem</strong></span> <span class='ocrx_word' id='word_1_617' title='bbox 2251 3502 2322 3558; x_wconf 91' lang='lat' dir='ltr'><strong>de</strong></span> <span class='ocrx_word' id='word_1_618' title='bbox 2359 3504 2612 3560; x_wconf 84' lang='lat' dir='ltr'><strong>adventu</strong></span> <span class='ocrx_word' id='word_1_619' title='bbox 2650 3504 2911 3560; x_wconf 86' lang='lat' dir='ltr'><strong>maxima</strong></span> <span class='ocrx_word' id='word_1_620' title='bbox 2953 3505 3349 3563; x_wconf 90' lang='lat' dir='ltr'><strong>multitudinis</strong></span> <span class='ocrx_word' id='word_1_621' title='bbox 3386 3507 3686 3563; x_wconf 80' lang='lat' dir='ltr'><strong>Hunorum</strong></span> <span class='ocrx_word' id='word_1_622' title='bbox 3726 3521 3759 3564; x_wconf 86' lang='lat' dir='ltr'><strong>a</strong></span> 
     </span>
    </p>
   </div>
   <div class='ocr_carea' id='block_1_90' title="bbox 2113 3591 3756 3667">
    <p class='ocr_par' dir='ltr' id='par_1_90' title="bbox 2113 3591 3756 3667">
     <span class='ocr_line' id='line_1_90' title="bbox 2113 3591 3756 3667; baseline 0.004 -21"><span class='ocrx_word' id='word_1_623' title='bbox 2113 3591 2425 3647; x_wconf 88' lang='lat' dir='ltr'><strong>Pannoniis</strong></span> <span class='ocrx_word' id='word_1_624' title='bbox 2447 3592 2746 3663; x_wconf 82' lang='lat' dir='ltr'><strong>confinxit,</strong></span> <span class='ocrx_word' id='word_1_625' title='bbox 2772 3594 3074 3665; x_wconf 89' lang='lat' dir='ltr'><strong>adjiciens,</strong></span> <span class='ocrx_word' id='word_1_626' title='bbox 3100 3594 3315 3650; x_wconf 92' lang='lat' dir='ltr'><strong>debere</strong></span> <span class='ocrx_word' id='word_1_627' title='bbox 3337 3593 3499 3650; x_wconf 89' lang='lat' dir='ltr'><strong>illum</strong></span> <span class='ocrx_word' id='word_1_628' title='bbox 3539 3595 3756 3667; x_wconf 90' lang='lat' dir='ltr'><strong>vereri,</strong></span> 
     </span>
    </p>
   </div>
   <div class='ocr_carea' id='block_1_91' title="bbox 2116 3680 3758 3752">
    <p class='ocr_par' dir='ltr' id='par_1_91' title="bbox 2116 3680 3758 3752">
     <span class='ocr_line' id='line_1_91' title="bbox 2116 3680 3758 3752; baseline 0.003 -18"><span class='ocrx_word' id='word_1_629' title='bbox 2116 3694 2185 3735; x_wconf 90' lang='lat' dir='ltr'><strong>ne</strong></span> <span class='ocrx_word' id='word_1_630' title='bbox 2209 3680 2343 3736; x_wconf 91' lang='lat' dir='ltr'><strong>dum</strong></span> <span class='ocrx_word' id='word_1_631' title='bbox 2368 3684 2713 3751; x_wconf 68' lang='lat' dir='ltr'><strong>remoratur,</strong></span> <span class='ocrx_word' id='word_1_632' title='bbox 2743 3681 2922 3737; x_wconf 81' lang='lat' dir='ltr'><strong>frater</strong></span> <span class='ocrx_word' id='word_1_633' title='bbox 2952 3681 3079 3752; x_wconf 89' lang='lat' dir='ltr'><strong>ejus</strong></span> <span class='ocrx_word' id='word_1_634' title='bbox 3099 3681 3486 3738; x_wconf 85' lang='lat' dir='ltr'><strong>Theodericus</strong></span> <span class='ocrx_word' id='word_1_635' title='bbox 3511 3696 3758 3752; x_wconf 85' lang='lat' dir='ltr'><strong>regnum</strong></span> 
     </span>
    </p>
   </div>
   <div class='ocr_carea' id='block_1_92' title="bbox 2115 3767 3758 3842">
    <p class='ocr_par' dir='ltr' id='par_1_92' title="bbox 2115 3767 3758 3842">
     <span class='ocr_line' id='line_1_92' title="bbox 2115 3767 3758 3842; baseline 0.002 -19"><span class='ocrx_word' id='word_1_636' title='bbox 2115 3768 2167 3823; x_wconf 91' lang='lat' dir='ltr'><strong>ei</strong></span> <span class='ocrx_word' id='word_1_637' title='bbox 2210 3768 2564 3840; x_wconf 83' lang='lat' dir='ltr'><strong>subriperet.</strong></span> <span class='ocrx_word' id='word_1_638' title='bbox 2595 3767 2989 3840; x_wconf 90' lang='lat' dir='ltr'><strong>Similiterque</strong></span> <span class='ocrx_word' id='word_1_639' title='bbox 3027 3771 3315 3842; x_wconf 91' lang='lat' dir='ltr'><strong>susceptis</strong></span> <span class='ocrx_word' id='word_1_640' title='bbox 3358 3771 3429 3826; x_wconf 93' lang='lat' dir='ltr'><strong>ab</strong></span> <span class='ocrx_word' id='word_1_641' title='bbox 3460 3785 3529 3827; x_wconf 93' lang='lat' dir='ltr'><strong>eo</strong></span> <span class='ocrx_word' id='word_1_642' title='bbox 3553 3771 3758 3828; x_wconf 89' lang='lat' dir='ltr'><strong>decem</strong></span> 
     </span>
    </p>
   </div>
   <div class='ocr_carea' id='block_1_93' title="bbox 2117 3856 3754 3931">
    <p class='ocr_par' dir='ltr' id='par_1_93' title="bbox 2117 3856 3754 3931">
     <span class='ocr_line' id='line_1_93' title="bbox 2117 3856 3754 3931; baseline 0.003 -20"><span class='ocrx_word' id='word_1_643' title='bbox 2117 3856 2350 3913; x_wconf 89' lang='lat' dir='ltr'><strong>milibus</strong></span> <span class='ocrx_word' id='word_1_644' title='bbox 2371 3856 2690 3913; x_wconf 91' lang='lat' dir='ltr'><strong>solidorum</strong></span> <span class='ocrx_word' id='word_1_645' title='bbox 2716 3857 2993 3914; x_wconf 90' lang='lat' dir='ltr'><strong>auxilium</strong></span> <span class='ocrx_word' id='word_1_646' title='bbox 3032 3860 3277 3930; x_wconf 88' lang='lat' dir='ltr'><strong>spondet</strong></span> <span class='ocrx_word' id='word_1_647' title='bbox 3302 3863 3507 3916; x_wconf 91' lang='lat' dir='ltr'><strong>contra</strong></span> <span class='ocrx_word' id='word_1_648' title='bbox 3533 3859 3754 3931; x_wconf 82' lang='lat' dir='ltr'><strong>Hunos,</strong></span> 
     </span>
    </p>
   </div>
   <div class='ocr_carea' id='block_1_94' title="bbox 2114 3946 3760 4019">
    <p class='ocr_par' dir='ltr' id='par_1_94' title="bbox 2114 3946 3760 4019">
     <span class='ocr_line' id='line_1_94' title="bbox 2114 3946 3760 4019; baseline 0.002 -18"><span class='ocrx_word' id='word_1_649' title='bbox 2114 3950 2173 4001; x_wconf 92' lang='lat' dir='ltr'><strong>et</strong></span> <span class='ocrx_word' id='word_1_650' title='bbox 2197 3946 2281 4003; x_wconf 91' lang='lat' dir='ltr'><strong>sic</strong></span> <span class='ocrx_word' id='word_1_651' title='bbox 2304 3946 2451 4003; x_wconf 89' lang='lat' dir='ltr'><strong>clam</strong></span> <span class='ocrx_word' id='word_1_652' title='bbox 2479 3946 2784 4015; x_wconf 87' lang='lat' dir='ltr'><strong>Wisigothi</strong></span> <span class='ocrx_word' id='word_1_653' title='bbox 2830 3947 3132 4004; x_wconf 89' lang='lat' dir='ltr'><strong>recedunt.</strong></span> <span class='ocrx_word' id='word_1_654' title='bbox 3160 3947 3260 4005; x_wconf 83' lang='lat' dir='ltr'><strong>His</strong></span> <span class='ocrx_word' id='word_1_655' title='bbox 3301 3962 3442 4019; x_wconf 89' lang='lat' dir='ltr'><strong>ergo</strong></span> <span class='ocrx_word' id='word_1_656' title='bbox 3484 3947 3760 4018; x_wconf 78' lang='lat' dir='ltr'><strong>fugienti-</strong></span> 
     </span>
    </p>
   </div>
   <div class='ocr_carea' id='block_1_95' title="bbox 2117 4036 3756 4111">
    <p class='ocr_par' dir='ltr' id='par_1_95' title="bbox 2117 4036 3756 4111">
     <span class='ocr_line' id='line_1_95' title="bbox 2117 4036 3756 4111; baseline 0.002 -20"><span class='ocrx_word' id='word_1_657' title='bbox 2117 4036 2244 4105; x_wconf 92' lang='lat' dir='ltr'><strong>bus,</strong></span> <span class='ocrx_word' id='word_1_658' title='bbox 2272 4036 2452 4092; x_wconf 88' lang='lat' dir='ltr'><strong>llunis</strong></span> <span class='ocrx_word' id='word_1_659' title='bbox 2502 4050 2733 4107; x_wconf 91' lang='lat' dir='ltr'><strong>quoque</strong></span> <span class='ocrx_word' id='word_1_660' title='bbox 2776 4036 2959 4092; x_wconf 90' lang='lat' dir='ltr'><strong>altera</strong></span> <span class='ocrx_word' id='word_1_661' title='bbox 3001 4052 3072 4093; x_wconf 88' lang='lat' dir='ltr'><strong>ex</strong></span> <span class='ocrx_word' id='word_1_662' title='bbox 3112 4041 3278 4109; x_wconf 90' lang='lat' dir='ltr'><strong>parte</strong></span> <span class='ocrx_word' id='word_1_663' title='bbox 3318 4036 3756 4111; x_wconf 88' lang='lat' dir='ltr'><strong>recedentibus,</strong></span> 
     </span>
    </p>
   </div>
   <div class='ocr_carea' id='block_1_96' title="bbox 2114 4123 3761 4197">
    <p class='ocr_par' dir='ltr' id='par_1_96' title="bbox 2114 4123 3761 4197">
     <span class='ocr_line' id='line_1_96' title="bbox 2114 4123 3761 4197; baseline 0.002 -18"><span class='ocrx_word' id='word_1_664' title='bbox 2114 4123 2534 4194; x_wconf 85' lang='lat' dir='ltr'><strong>Etius.jnnctis</strong></span> <span class='ocrx_word' id='word_1_665' title='bbox 2560 4123 2670 4179; x_wconf 91' lang='lat' dir='ltr'><strong>sibi</strong></span> <span class='ocrx_word' id='word_1_666' title='bbox 2697 4124 2951 4193; x_wconf 81' lang='lat' dir='ltr'><strong>Francis,</strong></span> <span class='ocrx_word' id='word_1_667' title='bbox 2979 4140 3116 4181; x_wconf 92' lang='lat' dir='ltr'><strong>suos</strong></span> <span class='ocrx_word' id='word_1_668' title='bbox 3153 4129 3279 4197; x_wconf 92' lang='lat' dir='ltr'><strong>post</strong></span> <span class='ocrx_word' id='word_1_669' title='bbox 3315 4130 3542 4197; x_wconf 88' lang='lat' dir='ltr'><strong>tergum</strong></span> <span class='ocrx_word' id='word_1_670' title='bbox 3569 4127 3761 4182; x_wconf 87' lang='lat' dir='ltr'><strong>Huno-</strong></span> 
     </span>
    </p>
   </div>
   <div class='ocr_carea' id='block_1_97' title="bbox 2115 4212 3754 4286">
    <p class='ocr_par' dir='ltr' id='par_1_97' title="bbox 2115 4212 3754 4286">
     <span class='ocr_line' id='line_1_97' title="bbox 2115 4212 3754 4286; baseline 0.002 -19"><span class='ocrx_word' id='word_1_671' title='bbox 2115 4226 2239 4268; x_wconf 92' lang='lat' dir='ltr'><strong>rum</strong></span> <span class='ocrx_word' id='word_1_672' title='bbox 2264 4212 2499 4268; x_wconf 85' lang='lat' dir='ltr'><strong>direxit.</strong></span> <span class='ocrx_word' id='word_1_673' title='bbox 2519 4212 2673 4279; x_wconf 90' lang='lat' dir='ltr'><strong>Quos</strong></span> <span class='ocrx_word' id='word_1_674' title='bbox 2698 4213 3754 4286; x_wconf 89' lang='lat' dir='ltr'><strong>usqueToringiampersequutusest,</strong></span> 
     </span>
    </p>
   </div>
   <div class='ocr_carea' id='block_1_98' title="bbox 2113 4295 3761 4373">
    <p class='ocr_par' dir='ltr' id='par_1_98' title="bbox 2113 4295 3761 4373">
     <span class='ocr_line' id='line_1_98' title="bbox 2113 4295 3761 4373; baseline 0.002 -17"><span class='ocrx_word' id='word_1_675' title='bbox 2113 4305 2170 4356; x_wconf 90' lang='lat' dir='ltr'><strong>et</strong></span> <span class='ocrx_word' id='word_1_676' title='bbox 2195 4300 2275 4357; x_wconf 89' lang='lat' dir='ltr'><strong>sic</strong></span> <span class='ocrx_word' id='word_1_677' title='bbox 2298 4300 2423 4371; x_wconf 90' lang='lat' dir='ltr'><strong>ejus</strong></span> <span class='ocrx_word' id='word_1_678' title='bbox 2446 4295 2744 4358; x_wconf 43' lang='lat' dir='ltr'><strong>virtute&#39;et</strong></span> <span class='ocrx_word' id='word_1_679' title='bbox 2768 4302 2999 4373; x_wconf 89' lang='lat' dir='ltr'><strong>ingenio</strong></span> <span class='ocrx_word' id='word_1_680' title='bbox 3022 4302 3204 4359; x_wconf 87' lang='lat' dir='ltr'><strong>Gallia</strong></span> <span class='ocrx_word' id='word_1_681' title='bbox 3227 4304 3299 4358; x_wconf 92' lang='lat' dir='ltr'><strong>ab</strong></span> <span class='ocrx_word' id='word_1_682' title='bbox 3322 4303 3590 4360; x_wconf 87' lang='lat' dir='ltr'><strong>hostibus</strong></span> <span class='ocrx_word' id='word_1_683' title='bbox 3614 4301 3761 4360; x_wconf 89' lang='lat' dir='ltr'><strong>libe-</strong></span> 
     </span>
    </p>
   </div>
   <div class='ocr_carea' id='block_1_99' title="bbox 2115 4390 3758 4462">
    <p class='ocr_par' dir='ltr' id='par_1_99' title="bbox 2115 4390 3758 4462">
     <span class='ocr_line' id='line_1_99' title="bbox 2115 4390 3758 4462; baseline 0.001 -18"><span class='ocrx_word' id='word_1_684' title='bbox 2115 4395 2298 4446; x_wconf 90' lang='lat' dir='ltr'><strong>ratur.</strong></span> <span class='ocrx_word' id='word_1_685' title='bbox 2321 4391 2458 4447; x_wconf 91' lang='lat' dir='ltr'><strong>Cum</strong></span> <span class='ocrx_word' id='word_1_686' title='bbox 2484 4390 2664 4462; x_wconf 89' lang='lat' dir='ltr'><strong>igitur</strong></span> <span class='ocrx_word' id='word_1_687' title='bbox 2692 4392 2816 4449; x_wconf 80' lang='lat' dir='ltr'><strong>hac</strong></span> <span class='ocrx_word' id='word_1_688' title='bbox 2860 4392 3033 4448; x_wconf 82' lang='lat' dir='ltr'><strong>factio</strong></span> <span class='ocrx_word' id='word_1_689' title='bbox 3073 4392 3449 4448; x_wconf 88' lang='lat' dir='ltr'><strong>Thorsimodo</strong></span> <span class='ocrx_word' id='word_1_690' title='bbox 3470 4394 3527 4447; x_wconf 90' lang='lat' dir='ltr'><strong>et</strong></span> <span class='ocrx_word' id='word_1_691' title='bbox 3551 4391 3758 4447; x_wconf 86' lang='lat' dir='ltr'><strong>Gothis</strong></span> 
     </span>
    </p>
   </div>
   <div class='ocr_carea' id='block_1_100' title="bbox 2116 4478 3762 4552">
    <p class='ocr_par' dir='ltr' id='par_1_100' title="bbox 2116 4478 3762 4552">
     <span class='ocr_line' id='line_1_100' title="bbox 2116 4478 3762 4552; baseline 0.002 -18"><span class='ocrx_word' id='word_1_692' title='bbox 2116 4478 2338 4551; x_wconf 87' lang='lat' dir='ltr'><strong>perlata</strong></span> <span class='ocrx_word' id='word_1_693' title='bbox 2364 4479 2571 4537; x_wconf 83' lang='lat' dir='ltr'><strong>fuisset</strong></span> <span class='ocrx_word' id='word_1_694' title='bbox 2594 4485 2653 4536; x_wconf 93' lang='lat' dir='ltr'><strong>et</strong></span> <span class='ocrx_word' id='word_1_695' title='bbox 2677 4478 2758 4535; x_wconf 93' lang='lat' dir='ltr'><strong>illi</strong></span> <span class='ocrx_word' id='word_1_696' title='bbox 2788 4481 3131 4552; x_wconf 90' lang='lat' dir='ltr'><strong>promissam</strong></span> <span class='ocrx_word' id='word_1_697' title='bbox 3169 4480 3369 4538; x_wconf 61' lang='lat' dir='ltr'><strong>Gallia</strong></span> <span class='ocrx_word' id='word_1_698' title='bbox 3403 4485 3629 4552; x_wconf 88' lang='lat' dir='ltr'><strong>partem</strong></span> <span class='ocrx_word' id='word_1_699' title='bbox 3670 4494 3762 4537; x_wconf 90' lang='lat' dir='ltr'><strong>re-</strong></span> 
     </span>
    </p>
   </div>
   <div class='ocr_carea' id='block_1_101' title="bbox 2114 4567 3761 4640">
    <p class='ocr_par' dir='ltr' id='par_1_101' title="bbox 2114 4567 3761 4640">
     <span class='ocr_line' id='line_1_101' title="bbox 2114 4567 3761 4640; baseline 0 -16"><span class='ocrx_word' id='word_1_700' title='bbox 2114 4567 2435 4639; x_wconf 88' lang='lat' dir='ltr'><strong>quirerent,</strong></span> <span class='ocrx_word' id='word_1_701' title='bbox 2472 4567 2774 4625; x_wconf 91' lang='lat' dir='ltr'><strong>urbiculus</strong></span> <span class='ocrx_word' id='word_1_702' title='bbox 2814 4584 3029 4625; x_wconf 91' lang='lat' dir='ltr'><strong>aureus</strong></span> <span class='ocrx_word' id='word_1_703' title='bbox 3079 4568 3523 4640; x_wconf 85' lang='lat' dir='ltr'><strong>quingentarum</strong></span> <span class='ocrx_word' id='word_1_704' title='bbox 3577 4567 3761 4624; x_wconf 86' lang='lat' dir='ltr'><strong>libra-</strong></span> 
     </span>
    </p>
   </div>
   <div class='ocr_carea' id='block_1_102' title="bbox 2114 4655 3758 4728">
    <p class='ocr_par' dir='ltr' id='par_1_102' title="bbox 2114 4655 3758 4728">
     <span class='ocr_line' id='line_1_102' title="bbox 2114 4655 3758 4728; baseline 0 -15"><span class='ocrx_word' id='word_1_705' title='bbox 2114 4672 2238 4713; x_wconf 90' lang='lat' dir='ltr'><strong>rum</strong></span> <span class='ocrx_word' id='word_1_706' title='bbox 2261 4655 2329 4689; x_wconf 77' lang='grc'><strong>¹⁶⁰</strong></span> <span class='ocrx_word' id='word_1_707' title='bbox 2347 4656 2589 4726; x_wconf 89' lang='lat' dir='ltr'><strong>gemmis</strong></span> <span class='ocrx_word' id='word_1_708' title='bbox 2609 4661 2853 4713; x_wconf 90' lang='lat' dir='ltr'><strong>ornatus</strong></span> <span class='ocrx_word' id='word_1_709' title='bbox 2876 4657 3322 4728; x_wconf 89' lang='lat' dir='ltr'><strong>compositionis</strong></span> <span class='ocrx_word' id='word_1_710' title='bbox 3351 4670 3526 4715; x_wconf 90' lang='lat' dir='ltr'><strong>causa</strong></span> <span class='ocrx_word' id='word_1_711' title='bbox 3558 4655 3649 4711; x_wconf 89' lang='lat' dir='ltr'><strong>eis</strong></span> <span class='ocrx_word' id='word_1_712' title='bbox 3684 4657 3758 4713; x_wconf 89' lang='lat' dir='ltr'><strong>ab</strong></span> 
     </span>
    </p>
   </div>
   <div class='ocr_carea' id='block_1_103' title="bbox 2114 4743 3759 4816">
    <p class='ocr_par' dir='ltr' id='par_1_103' title="bbox 2114 4743 3759 4816">
     <span class='ocr_line' id='line_1_103' title="bbox 2114 4743 3759 4816; baseline -0.001 -15"><span class='ocrx_word' id='word_1_713' title='bbox 2114 4745 2241 4802; x_wconf 86' lang='lat' dir='ltr'><strong>Etio</strong></span> <span class='ocrx_word' id='word_1_714' title='bbox 2293 4744 2736 4814; x_wconf 90' lang='lat' dir='ltr'><strong>transmittitur,</strong></span> <span class='ocrx_word' id='word_1_715' title='bbox 2775 4745 2871 4816; x_wconf 91' lang='lat' dir='ltr'><strong>qui</strong></span> <span class='ocrx_word' id='word_1_716' title='bbox 2928 4760 3115 4814; x_wconf 90' lang='lat' dir='ltr'><strong>usque</strong></span> <span class='ocrx_word' id='word_1_717' title='bbox 3146 4745 3318 4801; x_wconf 88' lang='lat' dir='ltr'><strong>hodie</strong></span> <span class='ocrx_word' id='word_1_718' title='bbox 3351 4745 3409 4801; x_wconf 92' lang='lat' dir='ltr'><strong>in</strong></span> <span class='ocrx_word' id='word_1_719' title='bbox 3456 4743 3759 4801; x_wconf 88' lang='lat' dir='ltr'><strong>thesauris</strong></span> 
     </span>
    </p>
   </div>
   <div class='ocr_carea' id='block_1_104' title="bbox 2113 4834 3196 4905">
    <p class='ocr_par' dir='ltr' id='par_1_104' title="bbox 2113 4834 3196 4905">
     <span class='ocr_line' id='line_1_104' title="bbox 2113 4834 3196 4905; baseline 0 -16"><span class='ocrx_word' id='word_1_720' title='bbox 2113 4834 2427 4890; x_wconf 72' lang='lat' dir='ltr'><strong>Gothorum</strong></span> <span class='ocrx_word' id='word_1_721' title='bbox 2459 4849 2563 4905; x_wconf 91' lang='lat' dir='ltr'><strong>pro</strong></span> <span class='ocrx_word' id='word_1_722' title='bbox 2594 4837 2802 4890; x_wconf 90' lang='lat' dir='ltr'><strong>ornatu</strong></span> <span class='ocrx_word' id='word_1_723' title='bbox 2836 4837 3196 4891; x_wconf 89' lang='lat' dir='ltr'><strong>reservatur.</strong></span> 
     </span>
    </p>
   </div>
   <div class='ocr_carea' id='block_1_105' title="bbox 2186 4921 3759 4996">
    <p class='ocr_par' dir='ltr' id='par_1_105' title="bbox 2186 4921 3759 4996">
     <span class='ocr_line' id='line_1_105' title="bbox 2186 4921 3759 4996; baseline 0.001 -18"><span class='ocrx_word' id='word_1_724' title='bbox 2186 4924 2369 4996; x_wconf 76' lang='grc' dir='ltr'><strong>[Ιοῐω.</strong></span> <span class='ocrx_word' id='word_1_725' title='bbox 2407 4922 2516 4994; x_wconf 78' lang='grc'><strong>40.]</strong></span> <span class='ocrx_word' id='word_1_726' title='bbox 2553 4924 2760 4979; x_wconf 88' lang='lat' dir='ltr'><strong>Narrat</strong></span> <span class='ocrx_word' id='word_1_727' title='bbox 2793 4921 2858 4957; x_wconf 64' lang='lat'><strong>“1</strong></span> <span class='ocrx_word' id='word_1_728' title='bbox 2888 4924 3162 4979; x_wconf 90' lang='lat' dir='ltr'><strong>Getarum</strong></span> <span class='ocrx_word' id='word_1_729' title='bbox 3204 4922 3467 4993; x_wconf 85' lang='lat' dir='ltr'><strong>historia,</strong></span> <span class='ocrx_word' id='word_1_730' title='bbox 3499 4921 3759 4979; x_wconf 88' lang='lat' dir='ltr'><strong>Theodo-</strong></span> 
     </span>
    </p>
   </div>
   <div class='ocr_carea' id='block_1_106' title="bbox 2116 5009 3758 5082">
    <p class='ocr_par' dir='ltr' id='par_1_106' title="bbox 2116 5009 3758 5082">
     <span class='ocr_line' id='line_1_106' title="bbox 2116 5009 3758 5082; baseline -0.001 -14"><span class='ocrx_word' id='word_1_731' title='bbox 2116 5012 2296 5069; x_wconf 92' lang='lat' dir='ltr'><strong>ricum</strong></span> <span class='ocrx_word' id='word_1_732' title='bbox 2329 5011 2787 5082; x_wconf 85' lang='lat' dir='ltr'><strong>Wisigothorum</strong></span> <span class='ocrx_word' id='word_1_733' title='bbox 2820 5026 3014 5082; x_wconf 88' lang='lat' dir='ltr'><strong>regem</strong></span> <span class='ocrx_word' id='word_1_734' title='bbox 3038 5025 3067 5068; x_wconf 90' lang='lat' dir='ltr'><strong>a</strong></span> <span class='ocrx_word' id='word_1_735' title='bbox 3092 5010 3496 5069; x_wconf 85' lang='lat' dir='ltr'><strong>Valentiniano</strong></span> <span class='ocrx_word' id='word_1_736' title='bbox 3521 5009 3758 5081; x_wconf 89' lang='lat' dir='ltr'><strong>juniore</strong></span> 
     </span>
    </p>
   </div>
   <div class='ocr_carea' id='block_1_107' title="bbox 1722 5116 2398 5176">
    <p class='ocr_par' dir='ltr' id='par_1_107' title="bbox 1722 5116 2398 5176">
     <span class='ocr_line' id='line_1_107' title="bbox 1722 5116 2398 5176; baseline -0.001 -3"><span class='ocrx_word' id='word_1_737' title='bbox 1722 5118 1957 5173; x_wconf 65' lang='lat' dir='ltr'><strong>VARIzE</strong></span> <span class='ocrx_word' id='word_1_738' title='bbox 1998 5116 2398 5176; x_wconf 79' lang='lat' dir='ltr'><strong>LECTIONES.</strong></span> 
     </span>
    </p>
   </div>
   <div class='ocr_carea' id='block_1_108' title="bbox 426 5202 3753 5296">
    <p class='ocr_par' dir='ltr' id='par_1_108' title="bbox 426 5202 3753 5296">
     <span class='ocr_line' id='line_1_108' title="bbox 426 5202 3753 5296; baseline 0 -28"><span class='ocrx_word' id='word_1_739' title='bbox 426 5208 494 5245; x_wconf 80' lang='lat'><strong>“&#39;</strong></span> <span class='ocrx_word' id='word_1_740' title='bbox 526 5226 579 5284; x_wconf 91' lang='lat' dir='ltr'><strong>q.</strong></span> <span class='ocrx_word' id='word_1_741' title='bbox 614 5228 661 5296; x_wconf 84' lang='lat' dir='ltr'><strong>r_.</strong></span> <span class='ocrx_word' id='word_1_742' title='bbox 696 5227 747 5296; x_wconf 80' lang='lat' dir='ltr'><strong>e.</strong></span> <span class='ocrx_word' id='word_1_743' title='bbox 769 5214 981 5296; x_wconf 55' lang='lat' dir='ltr'><strong>postea</strong></span> <span class='ocrx_word' id='word_1_744' title='bbox 999 5212 1310 5296; x_wconf 54' lang='grc' dir='ltr'><strong>ᾳςζιίριιφζιί</strong></span> <span class='ocrx_word' id='word_1_745' title='bbox 1339 5212 1419 5272; x_wconf 82' lang='lat' dir='ltr'><strong>ad</strong></span> <span class='ocrx_word' id='word_1_746' title='bbox 1437 5213 1595 5296; x_wconf 62' lang='lat' dir='ltr'><strong>(eius</strong></span> <span class='ocrx_word' id='word_1_747' title='bbox 1624 5214 1846 5296; x_wconf 68' lang='lat' dir='ltr'><strong>legit-ur</strong></span> <span class='ocrx_word' id='word_1_748' title='bbox 1884 5214 2175 5296; x_wconf 55' lang='lat' dir='ltr'><strong>eptis:_}’:</strong></span> <span class='ocrx_word' id='word_1_749' title='bbox 2191 5213 2676 5296; x_wconf 65' lang='lat' dir='ltr'><strong>superscriptum.</strong></span> <span class='ocrx_word' id='word_1_750' title='bbox 2714 5211 2778 5246; x_wconf 78' lang='grc'><strong>¹⁵¹</strong></span> <span class='ocrx_word' id='word_1_751' title='bbox 2810 5213 3016 5296; x_wconf 81' lang='lat' dir='ltr'><strong>Plures</strong></span> <span class='ocrx_word' id='word_1_752' title='bbox 3042 5246 3112 5255; x_wconf 93' lang='lat'><strong>—</strong></span> <span class='ocrx_word' id='word_1_753' title='bbox 3140 5214 3241 5270; x_wconf 91' lang='lat' dir='ltr'><strong>lib.</strong></span> <span class='ocrx_word' id='word_1_754' title='bbox 3278 5216 3418 5296; x_wconf 68' lang='lat' dir='ltr'><strong>sapt</strong></span> <span class='ocrx_word' id='word_1_755' title='bbox 3456 5214 3524 5271; x_wconf 72' lang='lat' dir='ltr'><strong>in</strong></span> <span class='ocrx_word' id='word_1_756' title='bbox 3560 5202 3753 5284; x_wconf 52' lang='lat' dir='ltr'><strong>marg].</strong></span> 
     </span>
    </p>
   </div>
   <div class='ocr_carea' id='block_1_109' title="bbox 356 5282 3753 5368">
    <p class='ocr_par' dir='ltr' id='par_1_109' title="bbox 356 5282 3753 5368">
     <span class='ocr_line' id='line_1_109' title="bbox 356 5282 3753 5368; baseline 0 -28"><span class='ocrx_word' id='word_1_757' title='bbox 452 5282 849 5368; x_wconf 53' lang='lat' dir='ltr'><strong>ex.;.&quot;p|ebo&#39;us</strong></span> <span class='ocrx_word' id='word_1_758' title='bbox 880 5298 926 5342; x_wconf 78' lang='grc' dir='ltr'><strong>ο.</strong></span> <span class='ocrx_word' id='word_1_759' title='bbox 959 5293 985 5342; x_wconf 66' lang='grc'><em>7</em></span> <span class='ocrx_word' id='word_1_760' title='bbox 1015 5283 1082 5319; x_wconf 69' lang='grc'>⁸⁸³</span> <span class='ocrx_word' id='word_1_761' title='bbox 1113 5284 1261 5368; x_wconf 82' lang='lat' dir='ltr'><strong>Quid</strong></span> <span class='ocrx_word' id='word_1_762' title='bbox 1286 5314 1357 5368; x_wconf 51' lang='lat'><strong>—“</strong></span> <span class='ocrx_word' id='word_1_763' title='bbox 1372 5282 1691 5368; x_wconf 72' lang='lat' dir='ltr'><strong>articulum</strong></span> <span class='ocrx_word' id='word_1_764' title='bbox 1714 5286 1779 5368; x_wconf 56' lang='lat' dir='ltr'><strong>ire</strong></span> <span class='ocrx_word' id='word_1_765' title='bbox 1809 5282 2002 5368; x_wconf 50' lang='grc' dir='ltr'><strong>τηαὴςρ</strong></span> <span class='ocrx_word' id='word_1_766' title='bbox 2040 5283 2105 5319; x_wconf 72' lang='grc'><strong>¹⁶⁴</strong></span> <span class='ocrx_word' id='word_1_767' title='bbox 2138 5282 2395 5368; x_wconf 75' lang='lat' dir='ltr'><strong>Regebat</strong></span> <span class='ocrx_word' id='word_1_768' title='bbox 2446 5282 2512 5324; x_wconf 66' lang='lat' dir='ltr'><strong>-l</strong></span> <span class='ocrx_word' id='word_1_769' title='bbox 2563 5291 2908 5368; x_wconf 80' lang='lat' dir='ltr'><strong>susceperat</strong></span> <span class='ocrx_word' id='word_1_770' title='bbox 2967 5286 3045 5368; x_wconf 61' lang='lat' dir='ltr'><strong>ira</strong></span> <span class='ocrx_word' id='word_1_771' title='bbox 3084 5299 3256 5368; x_wconf 60' lang='lat' dir='ltr'><strong>marg</strong></span> <span class='ocrx_word' id='word_1_772' title='bbox 3298 5282 3366 5317; x_wconf 71' lang='grc'><strong>³⁸⁸</strong></span> <span class='ocrx_word' id='word_1_773' title='bbox 3395 5282 3462 5341; x_wconf 75' lang='lat' dir='ltr'><strong>in</strong></span> <span class='ocrx_word' id='word_1_774' title='bbox 3502 5282 3753 5368; x_wconf 41' lang='lat' dir='ltr'><strong>magae.</strong></span> 
     </span>
    </p>
   </div>
   <div class='ocr_carea' id='block_1_110' title="bbox 356 5353 3754 5459">
    <p class='ocr_par' dir='ltr' id='par_1_110' title="bbox 356 5353 3754 5459">
     <span class='ocr_line' id='line_1_110' title="bbox 356 5353 3754 5459; baseline -0 -49"><span class='ocrx_word' id='word_1_775' title='bbox 452 5355 506 5411; x_wconf 91' lang='lat' dir='ltr'><strong>S.</strong></span> <span class='ocrx_word' id='word_1_776' title='bbox 540 5355 710 5459; x_wconf 48' lang='lat' dir='ltr'><strong>W..r.</strong></span> <span class='ocrx_word' id='word_1_777' title='bbox 744 5369 799 5426; x_wconf 94' lang='lat' dir='ltr'><strong>q.</strong></span> <span class='ocrx_word' id='word_1_778' title='bbox 835 5355 890 5410; x_wconf 93' lang='lat' dir='ltr'><strong>in</strong></span> <span class='ocrx_word' id='word_1_779' title='bbox 922 5370 987 5411; x_wconf 88' lang='lat' dir='ltr'><strong>ea</strong></span> <span class='ocrx_word' id='word_1_780' title='bbox 1021 5371 1093 5411; x_wconf 91' lang='lat' dir='ltr'><strong>m.</strong></span> <span class='ocrx_word' id='word_1_781' title='bbox 1129 5360 1186 5437; x_wconf 89' lang='lat' dir='ltr'><strong>et</strong></span> <span class='ocrx_word' id='word_1_782' title='bbox 1224 5371 1278 5427; x_wconf 92' lang='lat' dir='ltr'><strong>p.</strong></span> <span class='ocrx_word' id='word_1_783' title='bbox 1314 5356 1375 5412; x_wconf 90' lang='lat' dir='ltr'><strong>E.</strong></span> <span class='ocrx_word' id='word_1_784' title='bbox 1472 5357 1895 5459; x_wconf 53' lang='grc' dir='ltr'><strong>δαθξγὲσγὶρζα.</strong></span> <span class='ocrx_word' id='word_1_785' title='bbox 1932 5355 1997 5391; x_wconf 66' lang='grc'><strong>1⁸⁷</strong></span> <span class='ocrx_word' id='word_1_786' title='bbox 2028 5371 2078 5413; x_wconf 91' lang='lat' dir='ltr'><strong>c.</strong></span> <span class='ocrx_word' id='word_1_787' title='bbox 2125 5371 2170 5413; x_wconf 90' lang='lat' dir='ltr'><strong>s.</strong></span> <span class='ocrx_word' id='word_1_788' title='bbox 2223 5353 2286 5413; x_wconf 77' lang='grc' dir='ltr'><strong>Ᾱ.</strong></span> <span class='ocrx_word' id='word_1_789' title='bbox 2348 5370 2398 5459; x_wconf 56' lang='grc' dir='ltr'><strong>Ξ.</strong></span> <span class='ocrx_word' id='word_1_790' title='bbox 2432 5372 2554 5459; x_wconf 23' lang='lat' dir='ltr'><strong>Ap:l</strong></span> <span class='ocrx_word' id='word_1_791' title='bbox 2575 5358 2644 5440; x_wconf 61' lang='lat' dir='ltr'><strong>ire</strong></span> <span class='ocrx_word' id='word_1_792' title='bbox 2696 5353 3191 5459; x_wconf 45' lang='lat' dir='ltr'><strong>TdﬂWQ,&quot;ut1°odA</strong></span> <span class='ocrx_word' id='word_1_793' title='bbox 3217 5353 3276 5459; x_wconf 60' lang='lat' dir='ltr'><strong>&#39;el.</strong></span> 
     </span>
    </p>
   </div>
   <div class='ocr_carea' id='block_1_111' title="bbox 356 5425 1509 5499">
    <p class='ocr_par' dir='ltr' id='par_1_111' title="bbox 356 5425 1509 5499">
     <span class='ocr_line' id='line_1_111' title="bbox 356 5425 1509 5499; baseline 0.006 -19"><span class='ocrx_word' id='word_1_794' title='bbox 356 5425 423 5499; x_wconf 52' lang='grc' dir='ltr'>Ψ</span> <span class='ocrx_word' id='word_1_795' title='bbox 452 5425 720 5497; x_wconf 85' lang='lat' dir='ltr'><strong>exceptis</strong></span> <span class='ocrx_word' id='word_1_796' title='bbox 754 5425 810 5499; x_wconf 56' lang='lat'><strong>{—</strong></span> <span class='ocrx_word' id='word_1_797' title='bbox 848 5432 1191 5499; x_wconf 78' lang='lat' dir='ltr'><strong>occursum</strong></span> <span class='ocrx_word' id='word_1_798' title='bbox 1217 5425 1509 5499; x_wconf 64' lang='lat' dir='ltr'><strong>margine.</strong></span> 
     </span>
    </p>
   </div>
   <div class='ocr_carea' id='block_1_112' title="bbox 1568 5426 3117 5499">
    <p class='ocr_par' dir='ltr' id='par_1_112' title="bbox 1568 5426 3117 5499">
     <span class='ocr_line' id='line_1_112' title="bbox 1568 5426 3117 5499; baseline 0.001 -17"><span class='ocrx_word' id='word_1_799' title='bbox 1568 5427 1612 5460; x_wconf 74' lang='grc'><strong>⁸³</strong></span> <span class='ocrx_word' id='word_1_800' title='bbox 1645 5428 1696 5483; x_wconf 82' lang='grc'><strong>8.</strong></span> <span class='ocrx_word' id='word_1_801' title='bbox 1720 5426 1783 5499; x_wconf 62' lang='grc' dir='ltr'><strong>εἰ</strong></span> <span class='ocrx_word' id='word_1_802' title='bbox 1815 5426 1891 5499; x_wconf 84' lang='lat' dir='ltr'><strong>in.</strong></span> <span class='ocrx_word' id='word_1_803' title='bbox 1928 5442 2000 5499; x_wconf 89' lang='lat' dir='ltr'><strong>m.</strong></span> <span class='ocrx_word' id='word_1_804' title='bbox 2040 5443 2092 5499; x_wconf 92' lang='lat' dir='ltr'><strong>p.</strong></span> <span class='ocrx_word' id='word_1_805' title='bbox 2129 5442 2183 5482; x_wconf 94' lang='lat' dir='ltr'><strong>n.</strong></span> <span class='ocrx_word' id='word_1_806' title='bbox 2222 5441 2291 5499; x_wconf 87' lang='lat' dir='ltr'><strong>ne</strong></span> <span class='ocrx_word' id='word_1_807' title='bbox 2320 5426 2388 5483; x_wconf 90' lang='lat' dir='ltr'><strong>ad</strong></span> <span class='ocrx_word' id='word_1_808' title='bbox 2422 5426 2486 5485; x_wconf 62' lang='grc' dir='ltr'><strong>Αἰ</strong></span> <span class='ocrx_word' id='word_1_809' title='bbox 2522 5426 2577 5499; x_wconf 90' lang='lat' dir='ltr'><strong>d.</strong></span> <span class='ocrx_word' id='word_1_810' title='bbox 2611 5427 2679 5486; x_wconf 76' lang='lat' dir='ltr'><strong>in</strong></span> <span class='ocrx_word' id='word_1_811' title='bbox 2721 5426 3117 5499; x_wconf 69' lang='lat' dir='ltr'><strong>margine._1°°</strong></span> 
     </span>
    </p>
   </div>
   <div class='ocr_carea' id='block_1_113' title="bbox 3146 5426 3750 5498">
    <p class='ocr_par' dir='ltr' id='par_1_113' title="bbox 3146 5426 3750 5498">
     <span class='ocr_line' id='line_1_113' title="bbox 3146 5426 3750 5498; baseline -0.005 -15"><span class='ocrx_word' id='word_1_812' title='bbox 3146 5427 3210 5494; x_wconf 77' lang='grc' dir='ltr'><strong>ρ.</strong></span> <span class='ocrx_word' id='word_1_813' title='bbox 3247 5426 3285 5481; x_wconf 88' lang='grc'><strong>1.</strong></span> <span class='ocrx_word' id='word_1_814' title='bbox 3316 5426 3750 5498; x_wconf 64' lang='lat' dir='ltr'><strong>superscriptq.</strong></span> 
     </span>
    </p>
   </div>
   <div class='ocr_carea' id='block_1_114' title="bbox 356 5496 3755 5572">
    <p class='ocr_par' dir='ltr' id='par_1_114' title="bbox 356 5496 3755 5572">
     <span class='ocr_line' id='line_1_114' title="bbox 356 5496 3755 5572; baseline 0 -17"><span class='ocrx_word' id='word_1_815' title='bbox 356 5497 421 5531; x_wconf 78' lang='grc'><strong>¹⁶¹</strong></span> <span class='ocrx_word' id='word_1_816' title='bbox 451 5496 659 5572; x_wconf 70' lang='lat' dir='ltr'><strong>Narrat</strong></span> <span class='ocrx_word' id='word_1_817' title='bbox 687 5527 758 5572; x_wconf 92' lang='lat'><strong>-_-_</strong></span> <span class='ocrx_word' id='word_1_818' title='bbox 788 5496 1072 5572; x_wconf 75' lang='lat' dir='ltr'><strong>inglorius</strong></span> <span class='ocrx_word' id='word_1_819' title='bbox 1102 5498 1169 5572; x_wconf 69' lang='lat' dir='ltr'><strong>in,</strong></span> <span class='ocrx_word' id='word_1_820' title='bbox 1185 5496 1592 5572; x_wconf 67' lang='lat' dir='ltr'><strong>marg&#39;inefoli</strong></span> <span class='ocrx_word' id='word_1_821' title='bbox 1618 5497 2018 5572; x_wconf 76' lang='lat' dir='ltr'><strong>antecedentis</strong></span> <span class='ocrx_word' id='word_1_822' title='bbox 2040 5496 2328 5570; x_wconf 65' lang='lat' dir='ltr'><strong>leguntur</strong></span> <span class='ocrx_word' id='word_1_823' title='bbox 2356 5498 2588 5572; x_wconf 60' lang='lat' dir='ltr'><strong>adjecto</strong></span> <span class='ocrx_word' id='word_1_824' title='bbox 2612 5499 2783 5572; x_wconf 59' lang='lat' dir='ltr'><strong>signa</strong></span> <span class='ocrx_word' id='word_1_825' title='bbox 2813 5496 2869 5572; x_wconf 60' lang='lat' dir='ltr'><strong>oi</strong></span> <span class='ocrx_word' id='word_1_826' title='bbox 2908 5497 3034 5557; x_wconf 80' lang='lat' dir='ltr'><strong>Sed</strong></span> <span class='ocrx_word' id='word_1_827' title='bbox 3079 5513 3150 5557; x_wconf 82' lang='lat' dir='ltr'><strong>ea</strong></span> <span class='ocrx_word' id='word_1_828' title='bbox 3188 5498 3305 5557; x_wconf 81' lang='lat' dir='ltr'><strong>Imc</strong></span> <span class='ocrx_word' id='word_1_829' title='bbox 3319 5496 3649 5572; x_wconf 72' lang='lat' dir='ltr'><strong>pertinere,</strong></span> <span class='ocrx_word' id='word_1_830' title='bbox 3681 5496 3755 5556; x_wconf 69' lang='grc' dir='ltr'><strong>(ιο</strong></span> 
     </span>
    </p>
   </div>
   <div class='ocr_carea' id='block_1_115' title="bbox 352 5568 2929 5642">
    <p class='ocr_par' dir='ltr' id='par_1_115' title="bbox 352 5568 2929 5642">
     <span class='ocr_line' id='line_1_115' title="bbox 352 5568 2929 5642; baseline -0 -15"><span class='ocrx_word' id='word_1_831' title='bbox 352 5570 485 5628; x_wconf 78' lang='lat' dir='ltr'><strong>cent</strong></span> <span class='ocrx_word' id='word_1_832' title='bbox 507 5568 687 5628; x_wconf 70' lang='lat' dir='ltr'><strong>verba</strong></span> <span class='ocrx_word' id='word_1_833' title='bbox 713 5569 889 5625; x_wconf 85' lang='lat' dir='ltr'><strong>Verte</strong></span> <span class='ocrx_word' id='word_1_834' title='bbox 920 5568 1117 5627; x_wconf 80' lang='lat' dir='ltr'><strong>folium</strong></span> <span class='ocrx_word' id='word_1_835' title='bbox 1149 5570 1205 5625; x_wconf 93' lang='lat' dir='ltr'><strong>in</strong></span> <span class='ocrx_word' id='word_1_836' title='bbox 1239 5568 1406 5641; x_wconf 80' lang='lat' dir='ltr'><strong>signo</strong></span> <span class='ocrx_word' id='word_1_837' title='bbox 1436 5568 1477 5624; x_wconf 73' lang='lat' dir='ltr'><strong>o&#39;</strong></span> <span class='ocrx_word' id='word_1_838' title='bbox 1498 5583 1631 5640; x_wconf 61' lang='lat' dir='ltr'><strong>quae</strong></span> <span class='ocrx_word' id='word_1_839' title='bbox 1644 5569 1788 5641; x_wconf 76' lang='lat' dir='ltr'><strong>post</strong></span> <span class='ocrx_word' id='word_1_840' title='bbox 1812 5568 2152 5627; x_wconf 83' lang='lat' dir='ltr'><strong>reservatur</strong></span> <span class='ocrx_word' id='word_1_841' title='bbox 2182 5568 2588 5642; x_wconf 55' lang='lat' dir='ltr'><strong>superscripta</strong></span> <span class='ocrx_word' id='word_1_842' title='bbox 2617 5568 2929 5629; x_wconf 63' lang='lat' dir='ltr'><strong>haberetet/1&#39;.</strong></span> 
     </span>
    </p>
   </div>
  </div>
