3940 6048
208 216 291 274 85
1478 209 1980 280 CHRONICON.
2014 246 2088 261 -
2117 210 2275 278 LIB.
2309 213 2358 280 Ι.

3548 223 3628 287 86

206 347 313 417 qui
338 347 682 419 regnavitin
705 350 975 422 partibus
992 350 1328 409 Occidentis
1350 349 1421 408 ad
1445 364 1629 422 usque
1652 349 1859 406 hostes
1886 346 1944 409 A
1972 347 2269 405 Hunorum
2294 348 2539 422 imperio
2571 348 2760 407 dirimi
2794 350 3007 422 potuit,
3044 351 3155 408 nisi
3209 352 3263 409 in
3313 366 3619 413 commune

201 437 545 495 Pannonios
568 437 890 507 incitatum,
924 445 1178 510 quatuor
1201 438 1337 496 ﬁliis
1381 439 1536 497 domi
1571 437 1853 508 dimissis,

204 541 345 582 cum
379 526 803 584 Thrasimundo
833 532 894 584 et
927 527 1283 584 Theoderico
1307 529 1379 585 ad
1431 528 1696 600 praelium
1730 542 1860 599 pro-

204 614 475 671 cessisse
509 615 739 681 ;Etium
770 631 801 671 e
833 620 1033 672 contra
1060 620 1222 672 tanta
1253 631 1391 673 cura
1440 620 1500 673 et
1544 615 1855 689 prudentia

202 702 582 774 processisse
615 703 841 759 obviam
862 704 1089 775 Attalaa,
1120 709 1179 761 ut
1209 705 1497 762 infinitum
1524 719 1723 773 agmen
1743 718 1853 759 non

204 790 406 862 impar
435 796 798 849 occurreret.
825 792 1044 848 Bellum
1068 798 1259 863 atrox,
1319 792 1644 864 multiplex,
1663 792 1858 846 imma-

205 890 304 945 ne,
325 877 929 948 pertinax,cuisimile
954 878 1173 935 nullum
1198 886 1400 935 narrat
1429 878 1767 949 antiquitas,
1797 880 1853 933 ut

206 965 448 1023 rivulus
478 965 683 1023 humili
708 967 831 1038 ripa
866 967 1195 1038 praelabens
1236 968 1514 1037 sanguine
1547 967 1858 1023 nimiotor-

207 1055 405 1111 rentis
434 1069 596 1111 more
618 1054 953 1125 inundaret,
988 1056 1543 1125 Quo'l‘heodericus,
1566 1055 1700 1112 dum
1722 1071 1857 1112 suos

209 1143 506 1200 circuiret
536 1143 879 1215 adhortans,
896 1159 1045 1215 equo
1066 1145 1333 1216 dejeetus
1352 1151 1408 1200 et
1437 1160 1673 1201 suorum
1701 1144 1858 1216 pedi-

206 1233 325 1289 bus
359 1232 744 1289 conculcatus
772 1232 950 1288 vitam
967 1233 1171 1288 finivit.
1208 1234 1332 1300 Quo
1382 1233 1854 1303 FactoWisigothi

203 1321 388 1378 divisi
405 1323 478 1377 ab
495 1321 694 1378 Alanis
718 1321 771 1377 in
782 1321 938 1378 vasis
960 1322 1138 1378 Hunis
1154 1337 1298 1394 pene
1314 1323 1551 1377 Attilam
1571 1322 1858 1378 trucidas-

207 1415 368 1481 sent,
397 1410 507 1467 nisi
536 1424 605 1467 eo
629 1425 769 1467 suos
789 1411 941 1466 intra
956 1416 1120 1483 septa
1144 1415 1477 1467 castrorum
1509 1410 1854 1468 recludente

208 1515 324 1555 nox
358 1498 626 1571 praalium
654 1499 1005 1567 diremisset,
1067 1500 1222 1570 quod
1271 1502 1427 1555 circa
1481 1514 1686 1555 nonam
1737 1499 1849 1555 diei

202 1587 410 1644 horam
442 1593 675 1659 ceptum
694 1592 818 1644 erat
856 1588 1187 1653 ;ubitamen
1204 1589 1512 1645 obsidione
1552 1587 1852 1645 claudere-

1971 440 2171 507 optata
2193 438 2423 495 cunctis
2453 439 2787 496 nationibus
2804 439 3000 497 Attilae
3027 456 3184 499 mors
3217 444 3616 513 praevenisset.

1969 524 2107 591 Quae
2142 532 2255 583 tam
2286 528 2419 583 vilis
2454 528 2562 585 fuit
2595 532 2657 585 ut
2692 529 2809 585 vita
2844 529 3146 586 mirabilis.
3179 532 3300 587 Nan
3338 532 3472 589 dum
3488 539 3623 606 post

1969 613 2426 672 innumerabiles
2460 632 2673 673 uxores
2700 617 2950 688 puellam
2977 618 3089 675 sibi
3124 619 3412 676 sociasset
3462 626 3524 678 et
3562 623 3618 678 in

1969 703 2190 772 nuptiis
2222 704 2524 759 hilaritate
2557 706 2728 763 nimia
2766 707 3065 763 resolutus
3090 708 3224 765 vino
3294 724 3614 781 somnoque

1966 797 2242 857 gravatus
2273 797 2429 847 esset
2454 795 3144 865 resupinusquejaceret,
3161 798 3400 866 sanguis
3422 799 3517 870 qui
3537 798 3618 855 in-

1968 880 2250 935 somniato
2284 879 2354 934 de
2388 882 2882 952 naribusiluebat,
2912 885 3046 940 dum
3089 887 3392 943 consuetis
3417 887 3620 944 meati-

1968 966 2083 1022 bus
2108 967 2421 1039 impeditur
2444 970 2652 1026 iti.iere
2687 972 2848 1027 ferali
2891 973 3159 1029 faucibus
3194 973 3468 1046 ‘illapsus
3494 976 3621 1033 dor-

1968 1055 2558 1114 mientemextincxit.
2578 1060 2656 1115 De
2681 1074 2793 1129 quo
2813 1059 2868 1114 id
2890 1061 3139 1117 accessit
3155 1062 3442 1133 mirabile,
3461 1065 3617 1136 quod

1965 1143 2252 1201 Marciano
2285 1146 2532 1218 principi
2569 1147 2827 1203 Orientis
2862 1149 2933 1205 de
2959 1154 3075 1206 tam
3103 1150 3282 1206 feroci
3321 1152 3484 1209 hoste
3502 1153 3618 1210 sol-

1966 1229 2417 1289 licitodivinitas
2440 1234 2947 1293 adsistensareum
2979 1237 3179 1293 Attilae
3226 1240 3474 1295 fraetum
3524 1256 3616 1297 ea-

1966 1318 2094 1374 dem
2111 1324 2277 1376 nocte
2291 1322 2568 1389 ostendit,
2595 1322 2897 1379 utPriscus
2916 1324 3235 1381 historicus
3251 1326 3613 1384 refert.Nece

1965 1413 2158 1463 autem
2182 1407 2308 1478 ejus
2328 1416 2642 1480 cornperta,
2671 1410 2727 1465 in
2749 1411 2953 1467 mediis
2968 1412 3188 1483 eampis
3216 1418 3273 1468 et
3319 1414 3613 1471 intrateu-

1965 1495 2113 1550 toria
2146 1496 2329 1552 serica
2354 1498 2640 1553 cadavere
2663 1497 2853 1554 locato
2888 1500 3292 1570 spectaculum
3342 1502 3612 1559 mirabile

1966 1583 2256 1649 exibetur.
2291 1587 2426 1640 Nam
2462 1586 2531 1641 de
2570 1591 2689 1641 tota
2706 1588 3002 1643 Hunorum
3029 1592 3203 1655 gente
3229 1589 3363 1646 lecti
3387 1591 3614 1661 equites

207 1682 323 1745 tur,
359 1677 472 1731 nisi
500 1676 872 1733 obstitissent
904 1676 1439 1747 sagittarii‘quibus
1469 1692 1531 1733 se
1578 1676 1847 1733 certatim
1878 1701 1934 1762 Β
1968 1671 2157 1762 locum
2190 1687 2304 1743 quo
2338 1679 2463 1729 erat
2491 1676 2718 1746 positus
2750 1676 3096 1747 ambientes,
3118 1678 3267 1732 faeta
3300 1678 3610 1746 ejuscantu

205 1764 520 1820 munierat.
558 1768 631 1821 At
658 1764 1114 1821 Thorismundus
1137 1766 1359 1821 curatis
1409 1765 1674 1835 exequiis
1713 1766 1848 1822 dum

205 1856 435 1921 patrem
472 1852 676 1909 ulcisci
710 1852 1026 1922 desiderat,
1045 1854 1233 1909 Etium
1259 1854 1397 1924 quid
1429 1859 1852 1922 ageretconsu-

204 1940 292 1995 lit.
329 1941 442 2007 Qui
461 1948 725 1999 metuens
746 1942 1289 1999 nelluuisfunditus
1319 1942 1637 2014 peremptis
1661 1958 1689 1998 a
1738 1942 1852 1998 Wi-

202 2029 456 2100 sigothis
486 2031 804 2087 Romanum
854 2034 1217 2102 premeretur
1259 2031 1583 2102 imperium,
1630 2032 1848 2103 praebet

200 2118 520 2175 consilium
554 2122 616 2175 ut
645 2119 716 2175 ad
741 2119 962 2192 patrias
993 2120 1159 2176 sedes
1219 2119 1440 2175 rediret
1492 2133 1851 2190 regnumque

202 2207 532 2278 arriperet,
557 2222 628 2263 ne
657 2208 917 2276 germani
950 2208 1077 2277 ejus
1112 2208 1369 2279 paternis
1397 2208 1607 2279 opibus
1647 2223 1854 2280 praere-

206 2296 323 2365 ptis
359 2310 601 2366 regnum
626 2295 989 2365 invaderent,
1015 2296 1347 2365 etgraviter
1376 2312 1505 2352 eum
1532 2296 1657 2353 suis
1679 2310 1848 2367 quam

201 2399 335 2440 cum
393 2384 694 2441 extraneis
744 2391 1049 2455 pugnaret.
1104 2387 1222 2441 Hoc
1281 2400 1563 2456 responso
1611 2391 1850 2456 accepto

206 2472 390 2529 rediit
411 2471 483 2528 ad
514 2471 747 2529 Gallias.
774 2473 894 2539 Qua
925 2473 1284 2529 discessione
1302 2474 1477 2529 Attila
1502 2474 1756 2543 cognita,
1777 2473 1847 2529 ad

200 2558 647 2630 oppressionem
670 2559 1058 2615 Romanorum
1074 2560 1327 2617 intendit
1343 2564 1403 2616 et
1420 2560 1847 2631 Aquileiensem

206 2647 447 2704 obsedit
483 2648 707 2718 urbem,
743 2663 873 2719 quae
917 2653 1009 2704 est
1062 2649 1405 2720 metropolis
1453 2649 1843 2705 Venetiarum.

204 2736 669 2793 Thorismundus
686 2737 741 2792 in
762 2736 1404 2809 campisCatalaunicis,
1423 2738 1519 2794 ubi
1542 2743 1603 2793 et
1634 2753 1849 2809 pugna-

206 2829 397 2894 verat,
433 2825 592 2895 regia
625 2825 932 2894 majestate
964 2826 1285 2882 subvectus
1314 2826 1573 2882 Tolosam
1597 2826 1849 2895 ingredi-

202 2917 319 2969 tur.
348 2912 533 2969 Attila
561 2913 826 2984 Aquileia
847 2918 1015 2985 capta
1030 2918 1087 2969 et
1103 2913 1424 2969 crudeliter
1442 2914 1635 2970 diruta
1649 2918 1705 2969 et
1722 2930 1849 2971 vas-

1967 1759 2205 1817 funereo
2220 1763 3050 1833 prosequebantur,ingentem
3068 1779 3137 1821 co
3160 1766 3610 1823 nmessationem

1964 1849 2333 1907 celebrantes
2353 1850 2692 1923 luctumque
2714 1854 3016 1909 funereum
3041 1854 3224 1909 mixto
3269 1856 3485 1924 gaudio
3515 1871 3611 1913 ex-

1964 1937 2272 2009 plicantes.
2295 1940 2555 1996 Cadaver
2589 1944 2780 1997 autem
2818 1940 3007 1998 loculo
3050 1942 3336 1999 inclusum
3362 1944 3610 2015 primum

1962 2040 2123 2097 auro,
2145 2028 2463 2084 secundum
2481 2030 2994 2098 argento,te'rtium
3009 2031 3165 2086 ferro
3181 2032 3606 2103 communiunt,

1962 2114 2115 2185 quod
2149 2116 2303 2171 ferro
2335 2119 2541 2185 gentes
2564 2117 2911 2187 edomuerit,
2938 2118 2992 2173 in
3037 2133 3180 2175 auro
3214 2134 3351 2176 vero
3403 2126 3463 2176 et
3513 2136 3602 2177 ar-

1958 2208 2137 2272 gento
2160 2211 2429 2261 ornatum
2448 2205 2754 2277 utriusque
2770 2206 2853 2260 rei
2885 2206 3464 2280 publicaeacc’eperit.
3498 2210 3606 2266 Ad-

1961 2291 2180 2347 duutur
2211 2308 2368 2348 arma
2388 2293 2638 2350 hostium
2672 2294 2917 2350 cedibus
2975 2294 3264 2366 adquisita
3310 2296 3602 2369 falerique

1958 2379 2121 2436 vario
2152 2395 2508 2450 gemmarum
2534 2381 2763 2451 fulgore
2798 2383 3064 2453 pretiosi,
3099 2384 3315 2441 diversi
3368 2401 3602 2457 quoque

1957 2469 2191 2538 generis
2233 2469 2478 2539 insignia
2496 2470 2709 2540 quibus
2747 2470 2982 2541 aliquod
3016 2472 3194 2528 decus
3230 2472 3466 2529 colitur.
3489 2475 3597 2543 (Cf.

1957 2557 2191 2629 ib.,30.)
2213 2559 2278 2612 Et
2298 2563 2357 2613 ut
2378 2562 2464 2614 tot
2489 2558 2786 2630 tantisque
2807 2559 3032 2616 divitiis
3045 2560 3288 2616 humana
3302 2561 3598 2633 cupiditas

1959 2649 2280 2715 arceretur,
2314 2645 2449 2703 huic
2471 2646 2632 2717 operi
2649 2646 2964 2717 deputatos
2979 2646 3313 2704 detestabili
3330 2650 3601 2708 mercede

1956 2734 2352 2801 trucidarunt,
2387 2735 2740 2806 sepelientes
2754 2735 3015 2793 sciliscet
3041 2740 3102 2792 ut
3127 2741 3285 2793 esset
3311 2753 3467 2796 mors
3484 2754 3601 2797 mo-

1958 2831 2263 2880 mentanea
2278 2824 2698 2896 sepelientibus
2719 2841 2849 2881 cum
2865 2825 3113 2897 sepulto.
3138 2827 3318 2884 Locus
3341 2842 3483 2886 vero
3508 2845 3599 2887 se-

1959 2911 2212 2983 pulturae
2233 2928 2359 2982 ejus
2403 2913 2612 2969 fluvius
2635 2912 3084 2972 immanissimus
3133 2917 3206 2971 ab
3225 2915 3393 2973 alveo
3417 2932 3524 2976 suo
3545 2919 3601 2974 in

203 3006 349 3072 tata,
368 3017 474 3074 per
488 3001 748 3073 reliquas
765 3005 1045 3059 Venetum
1070 3002 1343 3059 civitates
1365 3003 1847 3060 debachaturllle-
1866 3062 1922 3083 η
1957 3000 2326 3072 septuaginta
2344 3000 2499 3057 rivos
2520 3004 2817 3058 extensus.
2835 3003 2901 3057 Et
2924 3002 3020 3059 ubi
3064 3006 3230 3059 totus
3249 3004 3404 3060 ﬂuvii
3433 3006 3595 3064 inun-

201 3066 902 3159 diolanumsub-vertitur,
924 3091 1181 3148 Ticinum
1202 3090 1479 3161 diruitur,
1496 3091 1683 3149 vicina
1720 3091 1843 3149 loca
1866 3066 1925 3123 ί)
1958 3066 2131 3146 dabat
2166 3066 2439 3160 impetus,
2465 3089 2543 3145 ibi
2568 3089 2890 3161 sepulturae
2912 3094 3003 3148 est
3052 3091 3332 3163 traditus,
3386 3098 3444 3149 et
3465 3097 3603 3153 obs-

197 3178 547 3249 alliduntur,
568 3184 624 3236 et
654 3183 834 3235 totam
851 3179 1226 3252 peneltaliam
1256 3179 1591 3237 demolitur.
1607 3181 1843 3237 Romam

197 3267 331 3323 dum
350 3267 600 3325 intendit
626 3268 1013 3340 peraccedera
1027 3272 1085 3324 et
1108 3284 1137 3324 a
1162 3268 1285 3325 suis
1298 3275 1633 3325 removetur
1653 3284 1845 3325 exem-

198 3354 295 3428 plo
327 3355 568 3412 Allarici
603 3358 775 3428 regis,
812 3356 964 3428 quod
994 3356 1091 3412 ille
1139 3362 1272 3428 post
1330 3358 1571 3412 fractam
1604 3359 1841 3415 Romam

194 3459 309 3500 non
341 3443 443 3501 diu
467 3445 884 3517 supervixerit,
925 3446 1034 3501 Leo
1068 3460 1214 3517 papa
1247 3460 1348 3516 per
1375 3460 1437 3501 se
1469 3446 1540 3500 ad
1571 3462 1701 3503 cum
1753 3461 1842 3503 ac-

192 3532 397 3602 cessit,
433 3548 462 3588 a
488 3549 602 3604 quo
633 3534 928 3590 delenitus
964 3534 1119 3591 ultra
1144 3534 1465 3589 Danubium
1496 3540 1665 3605 pacta
1698 3550 1839 3606 pace

199 3620 502 3692 discessit,
526 3622 793 3691 graviora
828 3637 888 3679 se
918 3621 1416 3679 italiaeillaturum
1437 3622 1582 3678 mala
1623 3622 1841 3681 denun-

192 3709 375 3778 cians,
412 3710 519 3766 nisi
544 3710 655 3767 sibi
678 3711 931 3767 Honoria
950 3710 1623 3781 Valentinianigermana
1657 3711 1838 3769 Placi-

194 3797 306 3854 diae
337 3796 455 3853 ﬁlia
486 3814 616 3856 cum
650 3800 919 3870 portione
934 3814 1108 3871 opum
1132 3798 1413 3868 regalium
1433 3799 1543 3855 sibi
1581 3800 1839 3857 mittere-

194 3890 292 3942 tur
325 3904 341 3952 ;
374 3886 531 3957 quod
562 3888 635 3943 ab
665 3887 916 3943 Honoria
932 3892 989 3943 et
1017 3888 1364 3958 requisitum
1399 3892 1545 3943 erat.
1566 3887 1702 3958 (Ib.,
1724 3890 1831 3959 43).

192 3976 261 4031 Et
285 3975 423 4031 dum
458 3974 672 4032 Alanos
692 3975 846 4033 ultra
880 3975 1125 4046 Ligerim
1149 3975 1541 4032 consistentes
1569 3976 1837 4033 sibitem-

192 4068 334 4135 ptat,
353 4064 651 4135 subigere,
679 4079 711 4120 a
733 4064 1078 4134 Wisigothis
1108 4064 1715 4135 quorumintendebat
1743 4081 1838 4123 ex-

192 4153 487 4221 terminio,
524 4152 721 4210 Alanis
743 4168 910 4224 opem
942 4153 1289 4223 ferentibus,
1322 4153 1565 4209 recessit
1658 4153 1838 4224 inglo-

193 4240 334 4297 rius.
373 4241 644 4314 (Ιῡ.,44.)
675 4242 1135 4299 Thorismundus
1156 4256 1297 4312 ergo
1346 4241 1525 4298 Hunis
1569 4241 1833 4322 devictis,

191 4344 331 4400 pace
351 4345 589 4387 suorum
617 4331 962 4402 composita,
1001 4331 1170 4401 obiit,
1212 4329 1606 4386 Theodericus
1655 4332 1838 4386 frater

1957 3178 2169 3234 tructis
2202 3176 2342 3233 rivis
2366 3177 2575 3233 ﬂuvius
2600 3177 2883 3236 alveosuo
2914 3184 3000 3235 est
3028 3179 3316 3238 redditus.

2027 3268 2211 3336 igitur
2241 3263 2421 3322 Gallia
2448 3267 2520 3321 ab
2553 3266 2927 3323 iufestatione
2951 3269 3339 3326 Hunorumita
3358 3270 3591 3342 quidem

1955 3357 2096 3410 tunc
2119 3352 2665 3425 temporisliberata
2696 3358 2804 3410 est.
2834 3355 3010 3412 Pauci
3040 3355 3216 3412 etiam
3242 3357 3338 3427 qui
3374 3373 3598 3416 reman-

1955 3448 2157 3499 serant
2188 3442 2501 3499 Christiani
2527 3441 2777 3498 divinam
2809 3443 3090 3500 ultionem
3110 3443 3272 3513 juste
3292 3445 3347 3502 in
3363 3462 3425 3504 se
3438 3462 3599 3505 exer-

1951 3532 2126 3588 citam
2150 3531 2417 3588 videntes
2446 3535 2503 3587 et
2536 3530 2938 3603 propitiationi
2970 3532 3097 3602 ejus
3121 3533 3311 3590 animo
3366 3537 3591 3605 gratias

1951 3624 2211 3691 agentes,
2237 3620 2598 3690 exequendis
2630 3619 2918 3677 mandatis
2948 3621 3050 3677 Dei
3096 3622 3594 3693 promptiorisub-

1950 3711 2243 3766 debantur
2263 3708 2470 3765 animo.
2512 3708 2732 3781 [BEDA.]
2766 3709 2931 3766 Etius
3003 3725 3233 3781 quoque
3292 3712 3593 3783 patricius,

1951 3814 2152 3869 magna
2184 3797 2568 3855 occidentalis
2587 3797 2669 3854 rei
2687 3796 2936 3869 publica:
2959 3798 3119 3856 salus
3132 3804 3188 3855 et
3216 3800 3372 3870 regis
3395 3802 3594 3860 Attilae

1948 3891 2162 3957 terror,
2187 3903 2217 3943 a
2242 3885 2644 3943 Valentiniano
2676 3901 2848 3943 manu
2880 3888 3113 3959 propria
3133 3889 3335 3945 fraude
3364 3891 3600 3962 perimi-

1952 3981 2063 4032 tur.
2092 3975 2197 4042 Qui
2232 3978 2474 4046 posteaa
2506 3974 2739 4031 duobus
2786 3975 2897 4031 Etii
2950 3975 3415 4035 familiarissimis
3456 3979 3593 4037 dolo

1948 4063 2173 4118 Maximi
2197 4063 2641 4119 interfectusest
2689 4078 2838 4119 anno
2875 4063 3102 4135 imperii
3138 4064 3227 4120 sui
3281 4070 3594 4135 30,anno-t

1949 4150 2219 4208 Marciani
2253 4151 2468 4223 [Fnsn[.
2505 4151 2605 4207 Cui
2628 4151 2951 4208 succedens
2979 4153 3258 4209 Maximus
3308 4156 3593 4223 tyrannus

1951 4239 2212 4296 relictam
2236 4238 2621 4294 Valentiniani
2653 4240 2763 4295 sibi
2797 4240 2964 4296 duxit
2992 4255 3249 4311 uxorem,
3293 4246 3350 4297 et
3382 4246 3593 4313 quarto

1951 4343 2145 4385 mense
2161 4326 2415 4384 tumultu
2441 4327 2680 4383 militari
2705 4328 3016 4400 occiditur,
3058 4345 3126 4385 su
3140 4331 3449 4402 cceditquc
3466 4332 3595 4388 Avi-

190 4420 507 4476 successit.
527 4420 972 4487 QuiReciarium
998 4422 1318 4477 Suevorum
1336 4434 1527 4489 regem
1564 4419 1619 4473 in
1638 4420 1835 4491 [lispa-
1866 4420 1919 4480 D
1952 4421 2064 4488 tus,
2083 4431 2110 4471 a
2131 4415 2426 4472 Gallicano
2445 4416 2710 4473 exercitu
2738 4415 2924 4488 primo
2946 4416 3152 4473 Tolosa
3170 4432 3199 4472 a
3238 4419 3462 4489 Gothis,
3496 4420 3595 4476 de-

191 4508 336 4564 niam
354 4508 726 4566 invadentem
750 4509 1076 4567 auxiliariis
1092 4509 1387 4566 Gundioco
1421 4514 1477 4564 et
1506 4508 1835 4580 Chilperico

199 4598 436 4667 regibus
452 4598 926 4668 Burgundionum
943 4614 1127 4670 usque
1148 4598 1217 4654 ad
1236 4598 1691 4654 internecionem
1706 4613 1835 4669 pro-

198 4686 423 4756 stravit,
458 4702 529 4744 eo
562 4691 865 4759 perempto
885 4687 1015 4755 ;eui
1042 4686 1469 4743 Rccismundus
1484 4688 1590 4743 sub
1623 4687 1834 4744 Gotho-

196 4789 317 4830 rum
343 4774 600 4832 dominio
623 4775 927 4832 successit.
957 4775 1090 4845 (10.,
1119 4774 1719 4845 t7.)EtTheodericus
1740 4790 1833 4833 oc-

190 4863 411 4921 cubuit.
439 4865 651 4921 Eurico
664 4864 854 4921 Tratre
876 4864 926 4920 ei
943 4864 1320 4934 succedente,
1345 4863 1441 4934 qui
1462 4863 1758 4921 Arelatum
1772 4871 1830 4920 et

193 4952 498 5009 Massiliam
525 4954 780 5026 propria}
811 4950 1068 5009 subdidit
1102 4951 1338 5008 dicioni.
1367 4951 1504 5021 (10.,
1541 4954 1653 5024 48.)
1678 4952 1830 5008 Vixit

194 5045 380 5097 autem
415 5056 602 5114 usque
632 5041 707 5098 ad
740 5044 970 5111 tempus
989 5039 1354 5097 Theodemiri
1379 5039 1535 5109 regis
1559 5040 1834 5110 Ostrogo-

192 5128 415 5186 tharum
447 5130 656 5187 Gothis
688 5128 855 5186 1“eis
870 5129 1104 5185 omnino
1118 5128 1403 5199 subjectis
1428 5130 1489 5182 et
1518 5126 1834 5184 Attilaaim-

196 5214 349 5284 peric
380 5217 745 5288 parentibus.
782 5214 1084 5273 Necaliter
1098 5214 1291 5285 aliqua
1321 5227 1467 5283 gens
1486 5213 1740 5271 Scithica
1761 5217 1833 5272 ab

1949 4506 2083 4562 hinc
2106 4505 2255 4577 apud
2276 4505 2572 4561 Arelatum
2590 4510 2878 4576 angustus
2898 4505 3253 4577 appellatus.
3283 4507 3389 4573 Qui
3412 4509 3593 4566 tertio

1946 4609 2096 4650 anno
2121 4593 2363 4665 imperio
2395 4598 2453 4649 et
2494 4594 2613 4649 vita
2658 4593 2868 4665 caruit,
2908 4599 2965 4651 et
2999 4595 3326 4652 Marcianus
3367 4612 3593 4654 monar-

1944 4683 2130 4740 chiam
2146 4680 2557 4755 eptinuit.Quo
2572 4686 2802 4740 mortuo
2816 4698 2964 4739 anno
2981 4683 3052 4739 ab
3073 4683 3591 4755 iucarnationeDog

1946 4771 2082 4828 mini
2103 4752 2577 4841 457,Majorianus
2592 4770 2646 4826 in
2662 4771 2824 4827 italia
2839 4773 3461 4845 etConstantinopolim
3479 4752 3591 4830 Leo

1944 4861 2178 4933 augusti
2203 4859 2595 4932 appellantur.
2621 4862 2785 4916 Anno
2805 4860 3063 4931 igitur‘”
3087 4864 3158 4918 ab
3186 4861 3588 4920 incarnatione

1943 4950 2165 5007 Domini
2181 4952 2305 5020 435,
2323 4953 2632 5021 antequam
2649 4949 2855 5007 Avitus
2879 4951 3196 5023 imperator
3230 4951 3419 5023 fieret,
3449 4955 3591 5025 Cay-

1945 5038 2170 5096 serieus
2192 5037 2599 5095 Wandalorum
2615 5053 2719 5095 rex
2741 5039 3134 5097 sollicitatusa
3152 5040 3359 5097 relicta
3375 5040 3586 5099 Valen-

1945 5127 2170 5197 tiniani,
2188 5129 2423 5184 Romam
2439 5126 2785 5198 ingreditur,
2804 5128 3143 5200 ditatusque
3157 5129 3369 5201 opibus
3391 5131 3591 5187 Roma-

1948 5231 2151 5273 norum
2175 5216 2443 5273 Aﬂ‘ricam
2467 5216 2640 5285 redit,
2678 5215 3064 5272 Valentiniani
3090 5233 3334 5276 uxorem
3356 5223 3416 5275 et
3441 5220 3586 5278 duas

1559 5356 1792 5413 VARle
1832 5357 2233 5418 LECTIONES.

258 5487 321 5521 “‘
351 5490 562 5547 Gothis
592 5521 662 5531 --
681 5495 776 5548 est
806 5489 1073 5547 redditus
1103 5489 1170 5548 in
1196 5504 1389 5563 marg.
1454 5489 1519 5524 ¹⁶³
1540 5492 1688 5550 Post
1712 5493 1835 5552 Ιιωσ
1865 5492 2147 5567 triafom
2173 5489 2461 5550 vocabula
2490 5503 2683 5550 erasa.
