3936 6050
186 184 282 255 89

1462 197 1967 272 CHRONICON.
1997 237 2075 253 —
2099 200 2257 270 LIB.
2290 201 2338 269 Ι.
3521 198 3604 268 90

188 326 477 403 sepultus
511 332 605 390 est
641 326 697 390 in
731 329 977 394 ecclesia
1010 336 1165 396 beati
1196 337 1352 399 Petri
1385 341 1419 398 6
1448 339 1589 396 Non.
1627 338 1842 409 Marcii,
1876 338 1934 402 A
1963 337 2144 398 exivit
2168 340 2433 399 Odoacro
2447 341 2505 398 et
2520 335 2767 397 Herulis.
2785 334 2943 406 Quos
2963 334 3258 411 dispersos
3277 335 3598 412 inveniens,

186 422 254 474 et
293 419 548 477 cessavit
582 421 963 496 episcopatus
995 426 1121 485 dies
1153 432 1204 485 6.

271 506 573 581 [Fasces]
619 513 764 568 Post
811 519 1040 586 captam
1090 517 1271 587 igitur
1316 520 1554 575 Romam
1605 532 1845 589 regnum

190 596 522 655 Gothorum
560 600 764 657 bifaria
797 602 1083 661 divisione
1116 607 1393 677 partitum
1424 612 1538 669 est,
1568 610 1630 664 et
1659 606 1756 677 qui
1790 606 1845 661 in

186 684 366 741 Italia
404 694 833 759 remanserunt,
861 691 1064 748 ditioni
1098 708 1160 749 se
1194 695 1418 766 imperii
1441 695 1844 762 tradiderunt;

189 772 415 843 reliqui
430 774 693 831 Tolosam
717 778 1041 848 Aquitania:
1054 782 1350 839 civitatem
1373 784 1482 840 sibi
1508 787 1843 840 statuerunt

186 861 418 917 sedem.
456 864 769 934 Elegerunt
802 867 1108 925 Adaulfum
1160 886 1374 943 regem,
1409 872 1506 943 qui
1554 876 1614 928 et
1665 872 1847 928 Placi-

190 948 353 1005 diam
387 951 556 1006 duxit
590 968 848 1025 uxorem,
886 959 947 1011 ut
980 958 1199 1016 dictum
1246 964 1354 1017 est.
1392 961 1573 1032 [[s:n.]
1606 960 1729 1026 Quo
1759 976 1843 1018 se.

192 1038 385 1108 ptimo
417 1054 570 1096 anno
600 1042 815 1111 occiso,
854 1044 1033 1102 Vallia
1085 1049 1386 1118 successit,
1417 1053 1472 1103 et
1508 1050 1559 1106 ei
1592 1049 1847 1105 Theodo-

190 1125 381 1196 ricus,
445 1131 502 1182 et
562 1128 921 1186 Theoderico
978 1134 1407 1205 Thorsimodus,
1466 1136 1845 1192 Thorsimodo

186 1228 435 1285 quoque
464 1216 875 1288 Theodericus,
901 1225 957 1275 et
984 1219 1036 1276 ei
1069 1223 1314 1279 Euricus
1348 1225 1527 1280 frater
1555 1224 1698 1294 ejus.
1737 1225 1845 1290 Qui

188 1302 512 1372 lliSpanias
536 1304 867 1377 Galliasque
889 1313 948 1363 et
972 1313 1152 1365 totam
1180 1312 1570 1380 Burgundiam
1587 1313 1846 1368 sibisub-

186 1390 340 1446 dens
359 1396 461 1448 24°
480 1408 631 1449 anno
654 1395 815 1465 regni
844 1397 933 1452 sui
969 1398 1204 1454 Arelate
1239 1401 1402 1456 obiit.
1432 1402 1531 1457 Cui
1556 1402 1843 1457 successit

187 1479 468 1536 Alaricus
480 1496 586 1537 con
600 1485 685 1537 tra
703 1498 872 1553 quem
888 1485 1215 1543 Clodoveus
1232 1489 1528 1559 pugnavit.
1551 1490 1843 1560 [Fannaa]

189 1569 364 1625 Gothi
399 1584 564 1641 ergo,
601 1572 697 1642 qui
746 1578 963 1630 terram
1005 1576 1186 1632 Italiae
1235 1578 1646 1649 possederunt,
1679 1586 1738 1635 et
1783 1594 1845 1635 se

191 1658 415 1752 ditioni
436 1658 663 1752 imperii
689 1662 897 1752 Leonis
924 1665 1313 1752 tradiderunt,
1342 1683 1472 1723 cum
1496 1667 1566 1722 ab
1583 1668 1845 1723 Odoacro
1875 1690 1932 1752 Β

190 1760 333 1815 rege
366 1746 722 1803 Herulorum
753 1752 811 1805 et
845 1750 1050 1808 vicinis
1079 1754 1356 1821 gentibus
1387 1755 1624 1811 assidue
1656 1760 1848 1812 vasta-

189 1838 428 1905 rentur,
448 1835 795 1905 perlegatos
818 1840 1061 1896 Leonem
1087 1840 1500 1913 imperatorem
1521 1844 1848 1915 postulave-

185 1927 353 1992 runt,
378 1927 444 1978 ut
468 1924 886 1982 Theodericum
910 1928 995 1983 eis
1020 1929 1358 1986 institueret
1390 1932 1719 2003 patricium,
1747 1933 1844 2002 qui

187 2012 560 2068 adversariis
590 2027 793 2069 eorum
828 2016 1147 2072 resisteret.
1186 2018 1348 2084 Quod
1380 2020 1695 2092 imperator
1740 2024 1848 2077 Leo

185 2097 526 2155 clementer
557 2116 835 2171 annuens,
872 2119 999 2160 cum
1030 2105 1279 2163 consilio
1320 2113 1564 2164 senatus
1613 2110 1848 2165 Romam

184 2187 623 2246 Theodericum
642 2190 877 2261 direxit,
897 2193 993 2263 qui
1018 2208 1047 2249 a
1072 2195 1346 2251 Romanis
1368 2202 1429 2252 et
1452 2197 1654 2252 Gothis
1672 2198 1850 2269 patri-

182 2275 388 2331 ciatus
424 2277 644 2333 honore
664 2278 921 2346 gloriose
943 2288 1255 2353 susceptus
1277 2287 1389 2339 est.
1420 2285 1518 2339 llic
1540 2300 1613 2339 ex
1633 2300 1847 2353 genere

186 2363 575 2420 Macedonum
610 2366 737 2423 fuit.
764 2367 995 2425 ldacius
1025 2370 1176 2424 enim
1211 2371 1494 2442 patricius
1514 2376 1573 2428 ct
1594 2374 1848 2442 Eugenia

189 2466 343 2508 uxor
375 2452 509 2522 ejus
540 2469 671 2509 cum
703 2462 901 2512 essent
923 2458 1142 2529 absque
1166 2458 1385 2529 liberis,
1409 2465 1467 2515 et
1492 2461 1771 2516 haberent
1793 2461 1846 2516 in

186 2539 526 2596 ministerio
556 2542 909 2600 creditarios
926 2561 1158 2616 pueros,
1184 2548 1544 2604 Theodorum
1568 2554 1628 2603 et
1651 2548 1846 2610 Liliam

188 2629 566 2697 Macedones,
590 2632 741 2687 unde
765 2634 992 2704 parvuli
1018 2636 1244 2691 fuerant
1270 2638 1521 2706 advecti,
1547 2637 1849 2708 copulave-

193 2724 337 2773 runt
369 2734 478 2775 eos
509 2718 775 2775 invicem.
816 2722 1066 2792 Eugenia
1107 2723 1284 2792 jussit
1326 2724 1534 2795 puellae
1568 2730 1627 2781 ut
1663 2725 1717 2780 in
1751 2741 1848 2781 no-

193 2808 1157 2882 ctequajungerenturquicdquid
1174 2812 1414 2869 vidisset
1441 2813 1493 2868 in
1519 2814 1721 2870 sounio
1737 2815 1847 2870 sibi

194 2897 475 2953 referret.
503 2897 656 2952 Vidit
681 2912 822 2968 ergo
854 2899 1045 2971 puella
1078 2902 1369 2973 sonnium,
1390 2903 1543 2973 quod
1574 2904 1749 2959 arbor
1777 2904 1847 2959 de

192 3000 261 3041 ea
293 2985 553 3041 exiliens
582 2990 701 3042 tam
724 2988 997 3045 excelsus
1019 2994 1174 3047 esset
1198 2995 1257 3047 ut
1284 2992 1468 3048 nubes
1489 2996 1842 3064 penetraret.

195 3074 367 3139 Quod
400 3089 534 3130 cum
568 3075 695 3130 viro
724 3084 1045 3149 narrasset,
1081 3078 1222 3135 dicit
1255 3080 1323 3135 ad
1354 3094 1480 3135 eam
1514 3099 1525 3133 :
1564 3080 1713 3137 Cum
1739 3082 1850 3138 ste-

196 3162 348 3219 teris
384 3162 451 3218 in
477 3164 787 3235 conspectu
828 3166 1079 3223 dominae
1108 3166 1240 3236 tm,
1274 3167 1432 3225 dices
1463 3168 1518 3224 ei
1545 3168 1766 3226 cidisse
1798 3169 1852 3225 te

196 3250 498 3309 hacneete
508 3266 722 3322 equum
734 3253 1014 3325 etequam
1024 3256 1146 3312 m‘m
1154 3256 1224 3312 id:
1231 3257 1690 3327 pulcritudinis,
1705 3272 1851 3328 quos

193 3339 567 3412 sequebatur
594 3356 780 3412 equus
796 3345 1116 3415 parvulus,
1148 3344 1519 3402 ambulantes
1559 3347 1625 3401 in
1660 3347 1851 3402 medio

194 3428 578 3485 dominorum
609 3430 861 3486 tuorum.
895 3432 1148 3502 Eugenia
1182 3433 1287 3489 hoc
1319 3433 1561 3489 audiens
1592 3433 1717 3489 viro
1748 3449 1852 3490 suo

195 3517 467 3586 nunciat,
491 3522 550 3572 et
574 3523 851 3589 putantes
872 3519 1117 3577 liberum
1144 3522 1422 3589 futurum,
1442 3522 1641 3577 statim
1663 3528 1853 3579 utros-

197 3621 314 3678 que
348 3606 571 3662 liberos
596 3621 728 3663 esse
753 3607 1079 3679 jusserunt,
1105 3614 1162 3665 et
1198 3611 1374 3667 rebus
1409 3610 1675 3682 plurimis
1708 3610 1853 3666 dita-

196 3700 436 3751 veruut.
461 3696 693 3767 Peperit
727 3712 869 3767 ergo
902 3697 1040 3753 Lilia
1075 3698 1253 3755 filium
1286 3699 1513 3755 nomine
1545 3699 1856 3755 Theoderi-

199 3797 356 3853 cum,
380 3799 554 3854 quem
579 3784 807 3841 ldacius
840 3789 896 3841 et
930 3787 1203 3858 Eugenia,
1228 3788 1361 3858 quia
1393 3792 1550 3844 esset
1585 3788 1851 3858 decorus,

202 3872 470 3944 prudens
500 3876 559 3928 et
594 3873 761 3929 fortis
792 3878 849 3929 et
875 3873 1100 3946 longus,
1131 3876 1241 3931 sibi
1267 3876 1691 3947 adoptaverant
1716 3877 1772 3931 in
1796 3877 1857 3931 fi-

204 3961 366 4017 lium.
391 3962 531 4017 Post
566 3976 810 4031 quorum
844 3967 1088 4019 mortem
1120 3969 1417 4036 przecepto
1450 3965 1655 4021 Leonis
1680 3965 1856 4036 impe-

202 4049 425 4106 ratoris
459 4049 712 4105 militare
758 4050 979 4122 jussus,
1015 4052 1323 4109 duodecim
1374 4053 1540 4108 annis
1594 4053 1855 4109 militiam

203 4153 420 4208 gerens
443 4142 625 4193 tantm
650 4138 1012 4195 fortitudinis
1041 4144 1101 4194 ct
1124 4140 1335 4209 ingenii
1368 4140 1564 4211 praelia
1584 4142 1853 4211 gessit,ut

201 4230 275 4283 ab
306 4226 587 4283 omnibus
618 4226 983 4296 diligeretur.
1003 4229 1308 4285 Postremo
1334 4234 1640 4286 senatores
1658 4230 1856 4300 palatii

210 4318 383 4370 tanto
407 4313 642 4370 invidiae
675 4314 880 4370 dolore
903 4330 1032 4371 eum
1058 4317 1398 4387 persequuti
1423 4321 1578 4385 sunt,
1597 4326 1658 4372 ut
1677 4317 1855 4387 inqui-

1960 444 2091 486 cum
2116 431 2319 503 paucis
2340 445 2442 488 eos
2463 433 2721 501 superat,
2748 433 3259 500 persequutusque
3278 429 3603 489 Odoacrum

1961 518 2218 575 vinctum
2242 534 2370 577 cum
2399 533 2581 576 uxore
2614 520 2670 574 et
2694 516 2895 573 liberis
2916 516 3230 588 interfecit,
3254 520 3604 589 gentemque

1959 610 2016 662 et
2051 622 2292 677 regnum
2326 606 2672 665 llerulorum
2705 604 2940 661 delevit.

2034 693 2212 765 [Isrn.]
2241 697 2554 765 Postquam
2574 708 2712 749 vero
2730 692 2994 748 Wandali
3015 692 3083 749 ad
3111 692 3380 749 Affricam
3411 694 3606 748 trans-

1960 780 2172 852 ierunt,
2208 782 2481 839 Galiciam
2533 782 2701 837 Suevi
2736 781 2929 837 sortiti
2961 785 3097 837 sunt
3131 800 3144 834 :
3180 785 3238 836 et
3271 795 3372 837 rex
3403 794 3607 837 eorum

1958 870 2271 927 Erenricus
2300 869 2566 939 regnavit
2597 884 2647 924 a.
2685 874 2771 938 32,
2805 878 2862 924 et
2898 874 3030 941 post
3063 884 3195 925 eum
3228 868 3424 925 Recila
3458 883 3511 925 a.
3546 873 3599 937 8,

1956 959 2049 1015 cui
2081 960 2366 1016 Recianus
2398 958 2551 1015 filius
2581 958 2891 1026 successit,
2925 962 2983 1012 et
3036 957 3365 1014 catholicus
3416 957 3610 1014 factus

1958 1047 2224 1116 regnavit
2255 1062 2304 1102 a.
2339 1050 2389 1101 8.
2419 1047 2541 1112 Quo
2574 1045 2884 1101 interfecto
2917 1045 3151 1112 Maldra,
3180 1045 3518 1102 Frumarius
3546 1049 3608 1100 et

1957 1136 2385 1192 Reccimundus
2433 1150 2601 1204 reges
2649 1135 3113 1190 constituuntur.
3167 1133 3363 1190 Multis
3407 1134 3605 1204 itaque

1957 1224 2275 1279 Suevorum
2319 1224 2557 1293 regibus
2584 1222 2634 1277 in
2664 1222 2906 1278 Arriana
2933 1222 3174 1293 perfidia
3212 1221 3605 1293 permanenti-

1960 1313 2328 1382 hus,tandem
2347 1327 2586 1380 regnum
2600 1311 3016 1366 Theodomirus
3032 1310 3383 1381 accepit,qui
3400 1309 3598 1365 statim

1960 1401 2180 1456 Suevos
2204 1400 2507 1455 catholica:
2539 1399 2669 1454 fidei
2704 1398 2979 1454 reddidit.
3016 1398 3115 1453 Cui
3169 1400 3323 1454 Maro
3370 1411 3605 1454 succes-

1968 1489 2043 1544 sit
2078 1494 2135 1544 et
2166 1488 2428 1558 regnavit
2448 1502 2497 1542 a.
2530 1490 2610 1543 l4.
2640 1486 2781 1543 Huic
2805 1486 3603 1556 Eboricussuccessit,quem

1961 1576 2194 1631 Audeca
2240 1582 2468 1646 sumpta
2507 1574 2791 1630 tirannide
2826 1589 3005 1643 regno
3039 1573 3288 1645 privavit
3317 1577 3378 1629 et
3410 1587 3601 1628 mona-

1959 1665 2132 1721 chum
2168 1665 2323 1721 fecit.
2359 1666 2569 1720 Contra
2617 1678 2785 1733 quem
2839 1662 3209 1732 Lcovigildus
3259 1662 3605 1718 Gotthorum

1962 1770 2065 1809 rex
2097 1753 2372 1825 pugnavit
2392 1757 2447 1809 et
2474 1754 2707 1822 captum
2732 1751 2985 1808 totondit
3009 1757 3069 1806 et
3092 1751 3500 1822 presbyterum
3531 1750 3610 1804 fe-

1961 1841 2061 1911 cit,
2088 1848 2143 1897 et
2178 1841 2262 1897 sic
2295 1856 2535 1911 regnum
2560 1843 2879 1911 Suevorum
2904 1839 2959 1894 in
2985 1839 3202 1895 Gothos
3225 1837 3606 1906 transfertur,

1963 1906 2115 2002 quod
2148 1906 2442 1986 manserat
2500 1945 2549 1985 a.
2587 1935 2707 1985 177.
2763 1906 3022 1999 Regnum
3075 1943 3212 1985 vero
3262 1928 3608 1984 Gotthorum

1963 2023 2163 2091 postea
2188 2019 2419 2075 duravit
2445 2035 2494 2074 a.
2523 2018 2643 2074 380.
2670 2017 3021 2089 Leovigildo,
3047 2017 3169 2087 regi
3195 2016 3485 2088 Hispaniae
3508 2014 3608 2086 qui

1962 2107 2192 2164 Alarico
2224 2109 2535 2178 successit,
2564 2107 2921 2163 Richaredus
2954 2122 3057 2162 rex
3080 2105 3394 2174 successit,
3424 2105 3608 2160 fratre

1960 2194 2087 2265 ejus
2120 2196 2537 2266 llerminigildo
2567 2196 2846 2266 martyrio
2877 2210 2907 2250 a
2948 2200 3116 2266 patre
3163 2198 3462 2250 coronato.
3499 2192 3603 2247 llic
3698 2260 3705 2265 τ

1962 2285 2324 2340 Richaredus
2357 2291 2586 2340 secrete
2618 2284 2970 2354 baptizatus,
3005 2297 3202 2339 omnes
3242 2282 3462 2337 Gothos
3510 2282 3612 2335 To-

1963 2370 2143 2428 letum
2175 2373 2463 2428 adunatos
2492 2372 2562 2427 ad
2596 2372 2763 2426 fidem
2796 2370 3141 2427 catholicam
3175 2367 3430 2437 reduxit,
3457 2382 3609 2423 anno

1962 2462 2034 2515 ab
2067 2460 2467 2515 incarnatione
2499 2458 2720 2513 Domini
2755 2463 2875 2513 596.

2036 2549 2222 2619 [Ano.]
2254 2550 2530 2619 Tempore
2581 2545 2647 2578 “‘9
2696 2545 2901 2601 Leonis
2962 2544 3187 2601 Ylarius
3246 2542 3607 2599 Arelatensis

1961 2641 2023 2691 et
2043 2636 2394 2692 Claudianus
2416 2635 2758 2690 Viennensis
2774 2633 2916 2688 clari
2937 2633 3244 2688 habentur.
3264 2629 3605 2702 Pyminiola,

1961 2740 2129 2780 soror
2167 2724 2351 2781 sancti
2404 2723 2577 2779 Ylarii
2628 2722 3011 2790 Arelatensis,
3065 2735 3211 2776 uxor
3262 2719 3369 2776 fuit
3421 2718 3605 2774 sancti

1965 2814 2103 2883 Lupi
2134 2811 2615 2881 'l'recassineusis,
2649 2808 2816 2878 cujus
2848 2807 3175 2878 discipulus
3224 2807 3333 2863 fuit
3365 2809 3607 2862 sanctus

1963 2900 2348 2958 Pulchronius
2419 2898 2820 2956 Virdunensis.
2884 2898 3115 2968 Septem
3173 2900 3366 2951 autem
3433 2894 3604 2950 simul

1965 2991 2125 3046 fuere
2159 2989 2341 3045 anuis.

2035 3078 2241 3148 (Gesta
2250 3093 2318 3148 12.
2354 3075 2455 3143 Β.)
2486 3076 2766 3145 Tempore
2792 3073 2970 3142 igitur
2995 3070 3241 3127 Odoacri
3265 3071 3422 3140 regis
3452 3069 3608 3126 sedit

1965 3168 2155 3222 Romm
2188 3164 2347 3219 Felix
2378 3163 2610 3220 natione
2643 3163 2954 3232 Romanus,
2976 3165 3141 3232 patre
3166 3159 3354 3216 Felice
3385 3157 3606 3231 presbi-

1967 3260 2114 3324 tero,
2146 3269 2199 3309 a.
2235 3258 2287 3322 8,
2325 3268 2396 3307 ιη.
2436 3255 2520 3321 ll,
2570 3252 2625 3307 d.
2676 3256 2761 3307 18.
2812 3249 2938 3305 Fuit
2990 3262 3173 3318 usque
3223 3248 3294 3303 ad
3343 3252 3603 3317 tempora

1962 3341 2324 3398 Theoderici.
2359 3341 2474 3396 Sub
2508 3341 2616 3395 hoc
2650 3339 2861 3394 iterum
2893 3337 3053 3393 venit
3087 3335 3294 3392 relatio
3314 3335 3384 3391 de
3409 3334 3611 3391 Grecia

1965 3433 2199 3487 Petrum
2251 3428 2705 3485 Alexandrinum
2758 3430 3096 3482 revocatum
3131 3426 3202 3480 ab
3236 3424 3440 3481 Acatio
3473 3425 3614 3479 Con-

1965 3516 2510 3588 stantinopolitano,
2535 3521 2591 3571 ct
2619 3517 2773 3571 facto
2805 3512 3053 3570 concilio
3085 3511 3245 3568 Felix
3277 3527 3423 3583 papa
3456 3511 3612 3567 dam-

1966 3607 2162 3681 pnavit
2196 3605 2460 3661 Acatium
2493 3619 2622 3660 cum
2655 3605 2848 3658 Petro.
2878 3603 2988 3658 Leo
3011 3616 3152 3671 ergo
3175 3601 3492 3672 imperator
3513 3614 3610 3655 ex-
3690 3606 3693 3611 ‘

1966 3696 2116 3752 actis
2146 3696 2201 3750 in
2237 3694 2479 3765 imperio
2518 3699 2576 3749 t7
2606 3692 2773 3748 annis
2804 3691 2951 3747 obiit
2982 3705 3131 3747 anno
3185 3691 3257 3746 ab
3301 3689 3412 3744 inc.
3445 3690 3606 3743 Dom.

1966 3787 2088 3841 474.
2125 3783 2419 3841 Successit
2450 3780 2600 3838 alter
2632 3782 2743 3836 Leo
2775 3786 2833 3835 et
2865 3779 3068 3836 eodem
3100 3794 3249 3835 anno
3302 3777 3612 3833 defunctus

1966 3878 2078 3930 est.
2108 3873 2286 3944 [ἰδία]
2319 3873 2472 3927 Tunc
2501 3872 2691 3926 Zenon
2715 3869 3032 3940 imperator
3054 3867 3323 3937 efficitur,
3348 3864 3502 3936 quod
3526 3870 3609 3919 te-

1967 3963 2091 4019 nuit
2130 3977 2179 4017 a.
2217 3966 2300 4015 16.
2336 3961 2452 4015 Sub
2487 3974 2599 4029 quo
2626 3974 2839 4029 corpus
2869 3957 3148 4013 Barnabas
3199 3953 3452 4027 apostoli
3485 3968 3614 4024 rep-

1969 4051 2213 4124 peritur.
2250 4050 2334 4104 Ab
2366 4050 2476 4104 hoc
2507 4047 2716 4103 relatio
2747 4045 2903 4103 venit
2955 4049 3017 4101 ut
3066 4044 3336 4115 penitens
3389 4041 3610 4099 rediret

1970 4138 2226 4194 Aeatius.
2266 4136 2473 4205 (Gesta
2491 4151 2555 4207 1).
2584 4137 2685 4201 Β.)
2719 4135 2872 4189 Tunc
2905 4148 3049 4204 papa
3081 4130 3241 4186 Felix
3274 4129 3429 4184 misit
3464 4128 3610 4184 duos

1969 4226 2279 4299 episcopos
2329 4226 2620 4279 Mesenum
2667 4227 2724 4276 et
2775 4220 3040 4289 Vitalem,
3078 4224 3141 4275 ut
3188 4218 3235 4274 si
3282 4215 3610 4273 invenirent

1971 4330 2097 4373 com
2107 4314 2311 4386 plicem
2336 4311 2490 4368 Petri
2518 4309 2781 4367 Acatium
2801 4308 3184 4379 dampnarent
3205 4320 3327 4362 eos.
3355 4305 3460 4372 Qui
3484 4319 3613 4360 cor-

210 4409 413 4459 rerent
450 4403 706 4473 qualiter
728 4404 900 4473 jussu
934 4405 1305 4477 imperatoris
1338 4406 1625 4462 interiret.
1660 4406 1860 4462 Tholo-
1888 4404 1943 4466 D
1974 4404 2130 4475 rupti
2177 4401 2419 4474 pecunia
2454 4414 2567 4456 non
2602 4400 2861 4455 fecerunt
2889 4396 3055 4466 juxta
3091 4400 3445 4467 praeceptum
3478 4407 3613 4464 apo-

213 4508 381 4549 meus
400 4497 597 4549 autem
632 4493 866 4563 quidam
900 4494 970 4549 de
1003 4495 1378 4551 senatoribus
1411 4511 1539 4551 cum
1573 4511 1640 4551 eo
1670 4496 1863 4552 amici-

217 4582 356 4636 tiam
388 4581 540 4651 iniit,
578 4596 748 4651 quam
780 4597 963 4653 usque
994 4586 1049 4656 in
1081 4582 1231 4640 diem
1277 4583 1472 4639 obitus
1516 4584 1857 4640 custodivit.

221 4670 544 4740 Susceptus
574 4684 715 4740 ergo
747 4685 776 4725 a
810 4671 1080 4727 Romanis
1110 4676 1169 4727 et
1201 4671 1400 4727 Gothis
1431 4687 1560 4727 cum
1601 4672 1861 4727 Odoacro

214 4757 313 4827 qui
348 4757 586 4812 Romam
615 4757 948 4829 optinuerat
980 4763 1038 4814 et
1065 4758 1295 4815 llerulis
1320 4758 1485 4830 plura
1513 4760 1711 4830 prmlia
1736 4776 1864 4830 ges-

218 4851 317 4901 sit.
356 4846 654 4917 [Fnzncc.]
688 4845 788 4902 Die
821 4847 1000 4918 igitur
1023 4848 1270 4919 quadam
1295 4847 1438 4903 inito
1462 4848 1664 4918 pl‘tBliO
1687 4850 1864 4905 Theo-

218 4934 461 4990 dericus
489 4950 622 4991 cum
658 4935 879 5006 Gothis,
916 4936 1144 5005 fugiens
1188 4938 1517 4992 Ravennam
1558 4936 1863 5007 ingressus

218 5028 335 5079 est.
368 5023 477 5079 Ubi
511 5023 711 5079 Liliam
746 5029 988 5081 matrem
1021 5039 1183 5081 suam
1216 5024 1531 5096 inveniens,
1557 5027 1628 5081 ab
1651 5042 1715 5081 ea
1741 5042 1867 5083 cor-

219 5115 430 5184 reptus
463 5127 594 5169 cum
627 5111 982 5184 inproperio,
1010 5114 1161 5185 quod
1188 5129 1300 5169 non
1324 5118 1485 5171 esset
1513 5114 1606 5171 ubi
1639 5116 1863 5185 fugeret

220 5200 332 5257 nisi
366 5205 431 5256 ut
465 5200 677 5256 iterum
712 5200 1120 5271 ingrederetur
1171 5207 1396 5259 uterum
1434 5202 1504 5258 de
1554 5218 1668 5275 quo
1698 5210 1867 5260 natus

221 5294 407 5360 esset,
433 5288 670 5346 nimium
695 5290 989 5361 confusus,
1016 5306 1147 5347 cum
1171 5291 1374 5363 paucis
1398 5291 1608 5348 iterum
1638 5292 1864 5349 obviam

1976 4490 2200 4548 stolicae
2232 4488 2405 4545 sedis.
2433 4487 2645 4543 Eodem
2681 4490 2941 4556 tempore
2974 4484 3125 4538 facta
3149 4482 3367 4554 synodo
3389 4480 3615 4536 invenit

1968 4580 2271 4650 judicium,
2307 4577 2507 4633 ambos
2537 4576 2846 4646 episcopos
2893 4576 3209 4643 corruptos
3257 4568 3521 4642 pecunia,
3555 4573 3614 4623 et

1974 4668 2143 4739 ejecti
2201 4676 2336 4723 sunt
2389 4682 2418 4721 a
2470 4664 2893 4723 communione.
2948 4662 3049 4717 llic
3105 4659 3374 4732 sepultus
3419 4661 3509 4714 est
3559 4657 3613 4711 iu

1978 4756 2212 4813 basilica
2250 4755 2403 4811 beati
2436 4754 2620 4823 Pauli,
2642 4757 2699 4809 et
2726 4751 2975 4808 cessavit
3008 4750 3383 4822 episcopatus
3415 4746 3539 4801 dies
3562 4750 3611 4799 t5.

1976 4848 2113 4902 Post
2140 4860 2270 4901 eum
2296 4844 2560 4901 Gelasius
2583 4841 2814 4898 natione
2837 4842 2991 4910 Afer,
3010 4844 3174 4911 patre
3200 4834 3444 4905 Valerio,
3463 4834 3616 4889 sedit

1979 4952 2031 4992 a.
2066 4940 2114 4992 4.
2153 4951 2223 4990 m.
2259 4939 2311 4990 8.
2347 4936 2401 4990 d.
2428 4939 2478 4988 9.
2506 4933 2605 4989 llic
2640 4931 2747 4988 fuit
2778 4935 3000 4986 amator
3030 4926 3173 4997 cleri
3204 4930 3263 4979 ct
3294 4938 3615 4995 pauperum

1977 5029 2035 5080 et
2070 5025 2338 5081 liberavit
2373 5040 2402 5079 a
2437 5020 2696 5095 periculo
2727 5024 2785 5075 et
2821 5021 2965 5074 fame
2999 5016 3223 5073 urbem.
3253 5012 3436 5083 Hujus
3475 5016 3619 5067 tem-

1979 5114 2221 5186 poribus
2264 5112 2543 5169 Manichei
2591 5111 2647 5165 in
2682 5110 2824 5165 urbe
2858 5104 3075 5161 inventi
3107 5102 3285 5159 exilio
3319 5103 3617 5174 deportati

1979 5207 2134 5274 sunt,
2168 5204 2226 5258 et
2260 5200 2495 5258 codices
2541 5212 2740 5255 eorum
2788 5193 3055 5250 incendio
3105 5190 3481 5248 concremati.
3519 5188 3620 5243 Hic

1981 5290 2277 5348 revocavit
2326 5290 2617 5344 Mesenum
2662 5284 2733 5341 ad
2765 5280 3227 5339 communionem
3256 5281 3367 5336 sub
3398 5276 3622 5335 satisfa-

1593 5419 1829 5476 VARUE
1872 5418 2270 5476 LECTIONES.

300 5487 371 5521 ⁸⁸⁸
398 5488 679 5559 Tempore
699 5518 771 5531 -—
790 5488 957 5546 annis
984 5488 1053 5549 in
1074 5501 1267 5562 marg.
