3936 6050
330 232 403 313 91
1310 240 1680 312 HUGONIS
1721 240 2078 309 ABBATIS
2118 242 2799 311 FLAVINIACENSIS
3660 246 3735 305 92

261 360 264 362 ⁷
328 365 542 443 ctione,
573 372 634 429 et
666 376 953 446 purgatus
983 379 1259 448 receptus
1289 381 1400 435 est.
1428 379 1528 437 Hic
1561 380 1890 452 dampnavit
1916 379 1971 435 in
2002 377 2059 439 A
2090 377 2268 451 plum,
2301 378 2697 453 dampnationi
2731 393 2850 436 suae
2883 377 2995 450 ipsi
3025 390 3157 434 esse
3187 375 3423 435 obnoxii
3450 394 3466 444 ;
3492 391 3600 435 nec
3629 392 3740 434 ma-

330 466 678 532 perpetuum
714 465 977 523 Acatium
1008 470 1066 522 et
1101 468 1355 539 Petrum,
1393 468 1500 525 nisi
1533 468 1970 541 resipiscerent.

332 546 491 605 Obiit
526 553 584 605 11
622 550 743 607 Kal.
776 554 910 609 Dee.
946 554 1103 611 Fecit
1137 560 1429 614 tractatus
1456 562 1514 613 et
1548 557 1807 627 hymnos.

405 637 624 710 [BEDA.]
656 640 791 696 Post
822 642 1105 699 Zenonem
1129 645 1434 716 imperavit
1459 648 1800 705 Anastasius
1823 663 1974 705 anno

338 725 411 781 ab
444 726 841 785 incarnatione
868 732 1088 787 Domini
1122 733 1242 802 490,
1276 734 1440 789 annis
1470 739 1558 804 27,
1583 735 1701 806 qui,
1728 737 1860 808 quia
1883 753 1960 795 ca-

338 813 586 872 tholicos
610 817 957 889 insequutus
980 824 1066 876 est
1089 822 1486 879 favensheresi
1506 824 1846 895 Euthicetis,
1870 825 1975 883 ful-

334 902 487 959 mine
517 903 763 962 interiit.
793 906 972 978 [lsro.]
1005 911 1435 967 Trasamundus
1467 909 1535 943 ¹⁷⁰
1564 914 1971 972 Wandalorum

331 1005 436 1047 rex
472 993 794 1052 catholicas
824 996 1105 1054 ecclesias
1147 998 1359 1055 clausit
1408 1005 1468 1056 et
1517 1003 1623 1058 220
1668 1003 1973 1075 episcopos

335 1080 658 1139 Sardiniam
693 1084 868 1140 misit.
894 1087 1176 1156 Regnavit
1207 1103 1256 1143 a.
1293 1092 1380 1159 27,
1419 1104 1490 1144 m.
1527 1094 1575 1147 4.
1613 1092 1712 1148 Cui
1747 1107 1976 1150 succes-

336 1168 412 1225 sit
443 1170 638 1227 Ildiris
678 1173 946 1229 Honorici
982 1174 1154 1231 filius.

405 1257 611 1323 (Gesta
625 1275 686 1331 ρ.
718 1262 816 1327 R.)
850 1264 1194 1321 Anastasius
1218 1280 1385 1337 papa,
1410 1269 1644 1325 natione
1664 1270 1971 1341 Romanus,

332 1346 487 1401 sedit
539 1349 734 1405 Romae
787 1364 836 1404 a.
874 1356 924 1419 1,
962 1366 1032 1406 m.
1070 1357 1154 1423 11,
1190 1353 1244 1407 d.
1280 1358 1366 1410 24.
1402 1357 1487 1412 Ah
1521 1356 1693 1426 hujus
1724 1374 1977 1416 commu-

332 1434 502 1490 nione
529 1437 953 1494 subtraxerunt
985 1456 1046 1495 se
1080 1440 1265 1512 multi,
1286 1457 1354 1498 eo
1390 1446 1539 1515 quod
1575 1446 1698 1502 sine
1731 1448 1975 1506 consilio

331 1521 600 1580 ecclesiae
624 1525 932 1583 catholicm
960 1530 1449 1587 communicasset
1476 1534 1705 1591 cuidam
1729 1536 1975 1594 diacono

325 1610 861 1685 Thessalonicensi,
885 1616 1110 1671 nomine
1142 1618 1361 1690 Fotino,
1388 1621 1483 1689 qui
1515 1625 1978 1682 communicabat

332 1698 552 1755 Acatio.
590 1701 656 1755 Et
689 1717 817 1757 cum
851 1703 1029 1759 vellet
1061 1720 1091 1761 a
1124 1706 1530 1765 decessoribus
1550 1712 1672 1768 suis
1703 1713 1978 1785 dampna-
2006 1730 2062 1792 Β

335 1788 454 1841 tum
486 1789 716 1846 occulte
748 1806 1026 1849 revocare
1060 1795 1347 1867 Acatium,
1370 1812 1480 1853 non
1506 1800 1717 1872 potuit,
1738 1802 1869 1872 quia
1896 1802 1981 1858 di-

332 1874 467 1931 vino
492 1876 714 1946 judicio
755 1894 1080 1950 percussus
1128 1883 1370 1941 interiit.
1408 1887 1698 1945 Successit
1731 1891 1981 1959 Symma-

333 1964 479 2020 chus
508 1969 574 2020 53
602 1980 632 2021 a
668 1969 861 2036 Petro,
896 1971 1133 2027 natione
1168 1973 1405 2044 Sardus,
1441 1981 1605 2047 patre
1638 1979 1977 2051 Fortunato,

335 2051 488 2107 sedit
521 2068 569 2109 a.
614 2058 698 2126 15,
735 2072 807 2112 m.
839 2064 892 2128 7,
928 2059 981 2115 d.
1018 2065 1104 2116 27.
1141 2062 1267 2117 Fuit
1302 2067 1563 2135 tempore
1599 2068 1888 2124 Anastasii
1923 2072 1981 2124 et

339 2140 695 2200 Theoderici.
717 2146 1034 2203 Constituit
1054 2150 1221 2205 utdie
1245 2151 1541 2209 Dominico
1563 2158 1617 2209 et
1645 2161 1981 2213 sanctorum

338 2228 627 2287 nataliciis
655 2238 902 2289 canatur
924 2233 1135 2293 Gloria
1155 2238 1221 2293 in
1238 2241 1626 2299 excelsisﬂie
1658 2242 1810 2299 inter
1842 2245 1985 2300 mul-

336 2319 391 2370 ta
425 2317 805 2376 ecclesiarum
837 2337 1012 2394 opera
1049 2326 1319 2383 omnibus
1352 2329 1649 2401 episc0pis
1682 2346 1786 2403 per
1818 2332 1985 2389 Aﬂ‘ri-

332 2418 456 2459 cam
491 2412 549 2462 et
570 2408 902 2466 .Sardiniam
935 2412 1110 2469 exilio
1161 2415 1426 2486 religatis
1483 2419 1635 2474 omni
1685 2434 1833 2477 anno
1888 2436 1984 2478 ne-

334 2496 590 2551 cessaria
627 2497 1017 2557 ministrabat.

408 2584 570 2639 Anno
600 2586 672 2641 ab
698 2586 806 2643 inc.
835 2590 992 2645 Dom.
1016 2588 1141 2661 509,
1168 2592 1315 2648 obiit
1339 2597 1580 2651 sanctus
1605 2596 1976 2668 Benedictus,

339 2674 399 2724 et
434 2671 488 2725 in
523 2672 710 2729 Monte
743 2676 982 2733 Cassino
1018 2694 1120 2749 per
1177 2686 1242 2736 15
1291 2696 1472 2737 annos
1516 2682 1721 2755 jacuit,
1757 2689 1817 2740 et
1848 2691 1983 2758 post

337 2772 552 2829 corpus
603 2761 730 2830 ejus
777 2763 833 2818 in
881 2764 1118 2821 Galliam
1179 2769 1525 2826 translatum
1557 2776 1646 2828 est
1677 2787 1826 2829 anno
1857 2778 1978 2831 660.

335 2846 616 2917 Tempore
650 2851 939 2908 Anastasii
970 2853 1180 2911 claruit
1214 2858 1517 2915 Antonius.

410 2933 616 2998 (Gesta
641 2952 699 3009 ρ.
739 2941 840 3006 Β.)
872 2941 972 2998 Hie
1004 2947 1064 2998 et
1105 2944 1452 3002 Laurentius
1500 2949 1610 3005 sub
1660 2949 1982 3009 intentione

339 3023 596 3110 ordinati
645 3031 780 3083 sunt
826 3045 935 3085 uno
963 3031 1076 3103 die,
1112 3038 1168 3088 et
1201 3034 1579 3094 confirmatus
1610 3044 1702 3095 est
1733 3040 1982 3110 Symma-

1119 3085 1162 3088 _-
1206 3085 1578 3094 ---πη-,ππ
1612 3085 1701 3095 η.
1733 3085 1954 3110 cru...“

341 3109 506 3182 chus,
533 3119 593 3169 et
621 3116 912 3173 ordinavit
936 3121 1042 3175 sub
1064 3120 1278 3178 intuitu
1302 3124 1713 3184 misericordiae
1735 3128 1980 3187 Lauren-
2011 3085 2062 3150 Ο

334 3198 480 3255 tium
516 3203 850 3276 episcopum
885 3206 939 3262 in
973 3210 1255 3267 Nucerina
1286 3212 1543 3270 civitate.
1567 3217 1701 3273 Post
1734 3232 1915 3276 annos
1948 3224 1979 3276 4

335 3288 462 3344 zelo
498 3291 657 3347 ducti
693 3294 924 3363 quidam
960 3298 1030 3353 de
1063 3299 1223 3356 clero
1253 3306 1312 3357 et
1343 3307 1545 3360 senatu
1580 3305 1979 3366 incriminave-

337 3381 470 3469 runt
506 3379 927 3469 Symmachum,
960 3389 1017 3440 et
1054 3388 1202 3445 facta
1237 3395 1368 3447 sunt
1414 3393 1558 3449 mala
1597 3395 1790 3466 pejora
1826 3398 1978 3469 prio-

334 3465 518 3523 ribus.
573 3468 813 3534 Quidam
864 3488 1004 3531 vero
1055 3477 1125 3532 de
1177 3485 1383 3537 senatu
1432 3465 1604 3551 quasi
1648 3465 1975 3544 consultius

334 3560 597 3645 agentes,
634 3559 921 3618 miserunt
964 3564 1035 3620 ad
1076 3566 1489 3625 Theodericum
1544 3586 1757 3645 regem,
1796 3580 1856 3631 ut
1888 3577 1974 3633 eis

334 3640 660 3702 destinaret
683 3649 780 3719 qui
799 3651 1175 3710 ordinaretur
1189 3640 1974 3731 apostolicusdepositisillis

334 3732 623 3804 utrisque.
658 3736 762 3802 Qui
815 3744 1019 3797 contra
1062 3758 1261 3801 sacros
1291 3760 1540 3802 canones
1571 3748 1724 3805 misit
1757 3752 1845 3808 eis
1876 3755 1975 3809 Pe-

330 3824 504 3892 trum,
533 3825 740 3884 Altinae
771 3828 1028 3887 civitatis
1059 3833 1415 3905 episcopum.
1445 3837 1817 3905 Symmachus
1838 3856 1973 3899 vero

332 3924 697 3982 congregans
719 3916 1104 3974 univcrsalem
1128 3922 1306 3991 synod
1318 3927 1524 3979 um1°25
1538 3925 1970 4000 episcoporum,

333 3998 499 4089 prius
526 4003 792 4072 purgavit
827 4019 888 4060 se
922 4006 992 4062 de
1023 4008 1264 4065 crimine
1289 4011 1440 4081 quod
1465 4011 1535 4067 dc
1559 4027 1628 4069 eo
1653 3998 1969 4089 ferebatur,

331 4084 539 4144 deinde
576 4096 689 4146 tam
728 4091 849 4163 ipse
900 4110 1067 4165 quam
1120 4112 1320 4155 omnes
1370 4099 1832 4172 dampnaverunt
1871 4084 1973 4162 Pe-

332 4178 485 4230 trum
518 4192 547 4234 a
570 4193 704 4248 rege
730 4181 968 4239 missum
996 4189 1054 4241 ut
1081 4184 1403 4244 invasorem
1428 4190 1583 4246 sedis
1607 4195 1968 4266 apostolicae,

331 4265 389 4315 et
416 4264 785 4325 Laurentium
809 4270 1077 4328 similiter
1099 4274 1196 4345 qui
1221 4276 1517 4334 seditiosis
1540 4282 1870 4337 assentiens
1893 4264 1973 4337 vi-

333 4349 583 4408 debatur
613 4371 675 4411 se
707 4357 777 4412 ad
826 4366 1099 4430 papatum
1134 4362 1421 4432 ingerere.
1450 4367 1575 4436 Ipse
1606 4382 1746 4422 vero
1780 4369 1835 4424 in
1868 4371 1971 4426 Do-

333 4438 487 4494 mino
520 4445 887 4503 confortatus
917 4464 1101 4519 usque
1134 4451 1205 4506 ad
1237 4452 1385 4508 diem
1437 4453 1803 4513 dormitionis
1850 4473 1969 4515 suae

333 4529 651 4594 permansit
680 4534 1054 4601 apostolicus.
1075 4536 1324 4593 Audiant
1350 4540 1445 4609 qui
1473 4541 1725 4598 favorem
1751 4546 1969 4601 terreni

332 4613 614 4703 principis
636 4618 845 4677 divinae
869 4622 1970 4703 voluntatianteponunt,etintelligant

334 4701 501 4760 istius
525 4706 952 4779 dampnationis
973 4726 1072 4768 seu
1085 4714 1319 4771 tentiam
1344 4731 1529 4788 usque
1552 4719 1621 4775 ad
1647 4734 1710 4775 se
1733 4701 1970 4779 dirivari

332 4794 389 4844 et
427 4794 778 4868 pertingere,
814 4813 941 4870 quae
974 4816 1000 4856 a
1036 4802 1208 4859 beato
1241 4805 1540 4875 Symmaco
1574 4824 1718 4880 papa
1750 4815 1806 4865 et
1840 4811 1972 4869 aliis

334 4880 435 4935 125
453 4883 743 4957 episcopis
765 4886 817 4942 in
842 4889 1078 4945 Petrum
1103 4896 1156 4947 et
1194 4894 1564 4952 Laurentium
1598 4895 1813 4965 legitur
1842 4914 1973 4970 pro-

234 5036 237 5041 γ
333 4970 601 5028 cessisse.
638 4977 875 5033 Discant
911 4978 1005 5034 hic
1036 4979 1228 5036 saltim
1260 4981 1327 5015 ¹⁷¹
1360 4983 1413 5038 hi
1451 4984 1547 5055 qui
1588 4986 1969 5056 apostolicam

334 5057 531 5114 sedem
548 5061 889 5123 invaserunt
910 5072 970 5123 et
992 5069 1260 5128 Romanae
1282 5071 1547 5128 ecclesia:
1572 5074 1970 5145 praejudicium

336 5145 618 5223 fecerunt,
654 5154 750 5224 qui
786 5157 1036 5213 faverem
1070 5161 1288 5216 terreni
1324 5162 1605 5235 principis
1633 5164 1843 5221 divinae
1875 5180 1973 5222 au-

332 5237 593 5294 ctoritati
626 5245 1009 5318 anteponunt,
1034 5248 1352 5306 secundum
1373 5252 1488 5307 tam
1512 5250 1752 5309 evidens
1780 5267 1972 5310 exem-

2087 466 2192 523 lint
2219 484 2347 525 cum
2370 468 2559 540 impiis
2584 468 2638 523 in
2663 466 2910 523 circuitu
2930 465 3247 534 ambulare,
3267 465 3734 536 autvertiginem

2085 555 2298 626 capitis
2347 556 2436 612 sui
2470 570 2598 627 quae
2631 555 2688 610 in
2722 552 3032 626 propatulo
3064 557 3151 609 est
3185 552 3520 622 defendere,
3557 567 3736 623 quam

2083 659 2344 701 errorem
2398 659 2566 702 suum
2615 643 2959 715 simpliciter
3007 641 3274 697 conﬁteri
3306 647 3365 697 et
3398 641 3734 698 doctrinam

2087 734 2401 806 suscipere.

2153 823 2344 878 Zenon
2376 818 2444 853 ¹⁷²
2473 824 2534 875 et
2561 816 2904 874 Anastasius
2928 817 3311 888 imperatores
3335 815 3741 874 Euthichiani-

2087 914 2214 981 staa,
2241 910 2294 965 hi
2319 908 2593 980 leguntur
2626 906 2789 978 prius
2823 906 2932 962 sibi
2967 909 3229 962 sanctam
3251 905 3608 962 catholicam
3641 920 3738 963 ee-

2087 998 2324 1055 clesiam
2357 995 2808 1065 subdidisse,ita
2844 996 2905 1050 ut
2936 993 3261 1050 catholicos
3288 994 3600 1067 episcopos
3619 994 3740 1050 exi-

2088 1087 2164 1143 lio
2178 1082 2903 1157 religarentetapostolica
2926 1082 3240 1139 traditione
3265 1082 3592 1154 postposita
3621 1081 3736 1138 sibi

2087 1180 2516 1234 consentaneos
2548 1173 2603 1229 in
2635 1188 2836 1229 eorum
2870 1172 3113 1229 sedibus
3145 1172 3553 1242 subrogarent.
3592 1172 3737 1228 Nam

2089 1271 2224 1322 ante
2246 1265 2449 1321 horum
2477 1267 2708 1334 tempus
2729 1260 3005 1332 leguntur
3028 1260 3261 1331 quidem
3287 1259 3530 1316 heretici
3557 1260 3741 1332 impe-

2090 1359 2320 1410 ratores
2347 1352 2668 1409 catholicos
2698 1350 3009 1421 episcopos
3027 1340 3232 1405 'multis
3256 1348 3442 1405 modis
3464 1362 3736 1417 vexasse,

2090 1442 2363 1499 electioni
2396 1455 2533 1497 vero
2564 1444 2662 1496 aut
2697 1438 3049 1511 promotioni
3084 1436 3401 1507 cujuslibet
3435 1437 3739 1509 pontiﬁcis

2092 1545 2376 1602 nusquam
2408 1528 2684 1598 leguntur
2710 1543 2769 1583 se
2804 1526 3131 1583 miscuisse.
3159 1525 3452 1595 Siquidem
3482 1525 3592 1581 sub
3624 1525 3741 1581 eis-

2093 1620 2222 1675 dem
2255 1615 2736 1674 Euthichianistis
2758 1614 3209 1686 imperatoribus
3237 1617 3298 1669 et
3329 1613 3742 1670 Constantino-

2097 1706 2211 1777 poli
2246 1710 2305 1760 et
2338 1703 2579 1773 reliquis
2610 1703 2853 1760 urbibus
2884 1701 3099 1772 legitur
3130 1700 3573 1758 innumerabilis
3597 1699 3742 1756 ﬁde-

2097 1794 2233 1851 lium
2256 1792 2570 1850 multitudo
2601 1791 2742 1848 eleri
2774 1796 2832 1846 et
2868 1789 3062 1863 populi
3089 1789 3623 1861 pseudoepiscopos
3643 1803 3741 1845 eo-

2094 1900 2221 1941 rum
2256 1882 2592 1940 nullatenus
2623 1881 2923 1952 suscipere
2953 1879 3230 1948 voluisse,
3265 1879 3397 1950 quia
3427 1878 3739 1935 constabat

2094 1988 2196 2031 eos
2216 1975 2437 2043 absque
2471 1971 2560 2027 sui
2591 1969 2881 2026 electione
2910 1969 2963 2023 in
2998 1968 3097 2025 Dei
3128 1972 3526 2039 contemptum
3557 1971 3618 2023 et
3649 1968 3742 2023 sui

2099 2062 2322 2118 erroris
2354 2063 2726 2129 augmentum
2760 2072 2790 2113 a
2824 2056 3085 2129 praefatis
3115 2056 3478 2127 principibus
3510 2070 3741 2127 promo-

2100 2155 2189 2206 tos
2224 2149 2422 2206 fuisse.
2461 2150 2528 2203 Ut
2564 2148 2715 2202 enim
2767 2145 2948 2203 tradit
2980 2145 3345 2213 Anastasius,
3379 2148 3598 2201 sanctae
3630 2144 3744 2200 Ro.

2096 2254 2277 2295 manas
2317 2237 2581 2294 ecclesiae
2633 2235 3138 2305 bibliothecarius,
3172 2234 3229 2289 in
3260 2233 3530 2290 chronica
3560 2233 3744 2288 Theo-

2096 2327 2302 2400 phanis
2324 2330 2379 2382 et
2405 2325 2637 2395 Georgii
2668 2324 2765 2379 Dei
2796 2324 3109 2393 cultorum,
3127 2323 3435 2394 quamipse
3461 2322 3531 2378 de
3555 2321 3745 2379 Greco

2098 2417 2152 2471 in
2188 2415 2448 2471 Latinum
2484 2413 2785 2469 tranStulit
2820 2432 2832 2466 :
2865 2411 3116 2484 [ΛΜΗ]
3148 2433 3174 2461 «ι
3197 2412 3484 2468 Vicesimo
3508 2409 3742 2482 imperii

2096 2504 2388 2560 Anastasii
2431 2517 2598 2573 anno,
2623 2502 2882 2558 Johanne
2913 2501 3167 2558 Niocetae
3202 2499 3592 2557 Alexandrino
3619 2499 3745 2571 epi-

2096 2608 2307 2664 scopos
2325 2591 2588 2647 heretico
2621 2593 2870 2659 mortuo,
2897 2588 3207 2645 Dioscorus
3231 2587 3427 2658 junior
3459 2587 3745 2659 praelatus

2094 2684 2185 2737 est
2218 2681 2532 2752 episcopus
2562 2677 2948 2734 Alexandriae.
2975 2676 3235 2743 Quicum
3269 2690 3473 2733 manus
3506 2675 3745 2746 imposi-

2097 2770 2311 2826 tionem
2344 2769 2689 2842 accepisset,
2724 2769 3091 2823 recesserunt
3126 2764 3532 2822 multitudines
3565 2764 3747 2821 rusti-

2093 2873 2294 2915 corum
2322 2857 2603 2926 dicentes,
2623 2855 2753 2926 quia
2782 2854 2886 2911 nisi
2921 2854 3070 2910 sicut
3105 2853 3291 2910 sancti
3324 2867 3580 2910 canones
3603 2867 3743 2910 con-

2092 2948 2284 3002 tinent
2306 2946 2404 3000 fiat
2427 2945 2758 3016 episcopus,
2780 2958 2889 2998 non
2912 2943 3249 3014 recipietur.
3266 2941 3737 3013 Principesenim

2094 3035 2596 3092 intronizaverunt
2642 3047 2792 3087 eum.
2828 3033 3159 3101 Dyoscorus
3204 3034 3397 3087 autem
3449 3030 3609 3086 venit
3658 3030 3735 3085 ad

2092 3125 2361 3179 Sanctum
2394 3123 2663 3187 Marcum,
2694 3123 2750 3175 et
2803 3119 3115 3176 Venientes
3161 3118 3362 3176 clerici
3416 3117 3737 3175 induerunt

2090 3228 2220 3270 eum
2245 3210 2499 3268 secundo
2529 3212 2587 3264 et
2616 3208 2825 3264 iterum
2857 3222 2987 3263 eum
3022 3211 3533 3264 consecraverunt.
3561 3206 3626 3261 Et
3649 3205 3732 3261 ita

2087 3302 2329 3358 veniens
2362 3298 2431 3354 ad
2465 3299 2736 3354 Sanctum
2777 3295 3092 3351 Johannem
3123 3294 3368 3366 perfecit
3399 3293 3728 3349 collectam.

2089 3394 2225 3448 Cum
2252 3394 2442 3446 autem
2466 3390 2625 3444 esset
2652 3385 2771 3440 illic
2793 3384 3153 3440 Theodosius
3177 3382 3330 3439 filius
3351 3381 3737 3453 Calliopiiau-

2086 3478 2338 3552 gustalis
2363 3482 2423 3533 et
2455 3475 2735 3532 Achatius
2777 3474 3052 3543 magister
3083 3471 3349 3542 militum,
3383 3471 3575 3526 turbae
3608 3474 3735 3527 tur-

2089 3569 2238 3624 batze
2261 3571 2542 3636 ceperunt
2569 3563 2800 3632 injuriis
2822 3562 3049 3618 aﬂlcere
3074 3561 3253 3617 ﬁlium
3285 3558 3635 3630 augustalis,
3659 3574 3734 3615 eo

2088 3657 2239 3729 quod
2264 3655 2525 3711 laudaret
2553 3652 2961 3724 imperatorem
2988 3649 3377 3719 Anastasium,
3394 3651 3455 3704 et
3473 3647 3735 3704 insilien-

2086 3750 2178 3802 tes
2205 3743 2437 3815 quidam
2457 3757 2485 3797 a
2511 3740 2648 3797 sede
2674 3740 3026 3812 depulerunt
3048 3753 3179 3794 eum
3196 3742 3255 3794 et
3280 3737 3729 3793 interfecerunt.

2086 3837 2159 3891 At
2179 3848 2317 3889 vero
2347 3830 2628 3888 Achaeius
2652 3830 2929 3900 magister
2970 3827 3215 3884 militum
3251 3830 3541 3898 quotquot
3564 3839 3734 3897 cape-

2086 3939 2149 3981 re
2181 3921 2373 3996 potuit
2395 3918 2707 3975 interfecit.
2735 3918 2897 3985 Quod
2933 3917 3176 3974 audiens
3200 3915 3521 3987 imperator
3541 3913 3733 3970 iratus

2084 4019 2194 4070 est.
2232 4012 2415 4067 Porro
2446 4008 2756 4064 Dioscorus
2787 4005 3075 4076 mitigavit
3109 4018 3259 4061 eum.
3298 4005 3555 4073 Cumque
3587 4004 3734 4059 Con-

2086 4098 2526 4172 stantinopolim
2558 4096 2817 4153 venisset
2847 4096 2996 4167 apud
3033 4096 3445 4167 imperatorem
3471 4108 3576 4164 pro
3602 4092 3733 4148 Ale-

2084 4189 2383 4246 xandrinis
2406 4188 2860 4254 intercessurus,
2878 4185 2950 4240 ab
2971 4183 3316 4241 orthodoxis
3338 4179 3572 4254 publice
3592 4196 3733 4237 con-

2082 4279 2251 4335 viciis
2300 4276 2705 4349 appetebatur.
2743 4274 2923 4340 Quam
2971 4274 3044 4329 ob
3095 4288 3215 4328 rem
3246 4277 3306 4327 et
3333 4271 3459 4344 ipse
3488 4285 3619 4327 cum
3653 4271 3731 4326 ob

2085 4366 2458 4424 homicidium
2492 4363 2949 4432 intercessisset,
2976 4377 3105 4418 eum
3131 4360 3504 4417 festinatione
3536 4373 3733 4415 reces-

2087 4456 2183 4513 sit.
2214 4477 2241 4505 »
2279 4455 2421 4511 Ecce
2452 4452 2664 4523 quibus
2697 4449 2896 4523 primis
2927 4450 3270 4506 auctoribus
3303 4446 3486 4505 seculi
3513 4445 3732 4519 princi-

2086 4559 2188 4616 pes
2218 4557 2356 4600 suos
2386 4540 2691 4613 pontiﬁces
2720 4539 2987 4596 nituntur
3036 4539 3133 4593 Dei
3184 4535 3455 4594 ecclesia:
3498 4549 3733 4607 promo-

2085 4647 2240 4689 vere.
2268 4633 2591 4701 Sequentes
2610 4632 2801 4685 autem
2825 4627 3028 4684 horum
3054 4626 3442 4683 hereticorum
3465 4621 3733 4694 exempla

2087 4721 2318 4792 quidam
2349 4720 2661 4773 Grecorum
2684 4716 3082 4788 imperatores
3129 4714 3291 4785 regni
3341 4713 3428 4769 sui
3480 4710 3731 4768 urbibus

2086 4823 2225 4864 suos
2254 4806 2568 4878 episcOpos
2594 4804 2976 4875 imponentes,
3004 4804 3271 4858 Romana
3294 4813 3433 4855 vero
3456 4795 3586 4854 urbi
3617 4795 3731 4851 hoc

2088 4897 2496 4970 pepercerunt.
2530 4894 2837 4949 Decretum
2879 4891 3031 4948 enim
3077 4888 3385 4946 electionis
3417 4900 3446 4942 a
3478 4884 3640 4942 clero
3670 4886 3728 4939 et

2084 4990 2288 5043 senatu
2317 4986 2651 5054 susceptum
2685 4979 2795 5035 sibi
2829 4979 2982 5035 mitti
3005 4980 3359 5046 statuerunt,
3386 4974 3730 5047 priusquam

2086 5075 2318 5133 futurus
2341 5070 2604 5143 pontifex
2626 5073 3025 5126 consecretur.
3050 5068 3213 5135 Quod
3236 5081 3367 5123 cum
3390 5063 3622 5134 legatur
3644 5074 3732 5118 se-

2087 5164 2218 5237 pius
2247 5161 2536 5219 directum
2569 5157 2765 5227 fuisse,
2801 5171 3079 5229 nusquam
3130 5161 3322 5212 tamen
3374 5151 3591 5223 legitur
3619 5163 3728 5206 eos

2086 5254 2479 5309 Romanorum
2510 5245 2857 5305 electionem
2896 5249 3155 5305 mutasse
3205 5246 3303 5300 aut
3354 5239 3726 5314 reprobasse.

1686 5391 1923 5449 VARUS
1967 5391 2364 5452 LECTIONES.

403 5521 471 5555 ¹⁷⁰
499 5526 728 5583 Trasam
761 5559 826 5569 —
859 5528 1015 5587 illius
1044 5532 1111 5589 in
1136 5547 1327 5606 marg.
1368 5532 1430 5567 ί⁷¹
1461 5533 1654 5591 saltim
1684 5566 1752 5575 —-
1784 5538 2150 5608 anteponunt
2177 5536 2245 5595 in
2268 5545 2460 5606 mam.
2494 5528 2562 5568 ³⁷³
2588 5528 2923 5604 Sagmtia
2950 5527 3019 5586 in
3044 5540 3237 5599 mam.
