3940 6048
158 265 243 334 93

1387 256 1881 331 CHRONICON.
1917 291 1994 309 -
2023 254 2178 326 LIB.
2210 256 2257 324 Ι.

3485 247 3565 318 94

161 416 284 476 Hoc
312 421 508 475 tamen
543 415 680 491 quia
704 415 943 476 Domino
965 421 1092 475 erat
1125 415 1509 486 contrarium,
1549 419 1611 472 ut
1628 409 1811 471 eccle-
1839 393 1897 459 Α
1924 399 2128 469 siones
2150 413 2300 491 sepe
2342 400 2572 459 fuerant
2630 398 2961 491 trucidatas.
3001 394 3560 491 Belsariushtimens

160 506 248 563 sia
285 506 562 580 pontiﬁce
594 513 846 579 careret,
883 506 1213 578 usquedum
1248 507 1346 578 qui
1385 506 1684 563 decretum
1736 502 1814 556 fe-

161 597 333 653 rebat
368 596 479 654 iret
514 601 572 653 et
604 598 846 657 rediret.
862 597 1097 669 penitus
1121 602 1469 668 respuerant
1500 595 1816 665 sequentes

163 685 582 756 imperatores,
618 687 922 756 religione,
956 690 1327 758 praestantes,
1372 685 1524 756 quod
1593 681 1815 752 liquido

160 787 527 843 cognoscere
614 776 904 847 possimus
953 776 1007 831 in
1056 776 1373 847 praeceptis
1448 769 1814 830 Constantini

166 864 456 935 principis
468 864 539 920 ad
568 864 942 921 Benedictum
958 864 1299 935 episcopum
1324 868 1382 918 et
1405 862 1625 918 clerum
1643 863 1701 914 et
1724 872 1818 929 po-

166 951 376 1023 pulum
400 954 738 1009 Romanum.
776 954 977 1024 Itaque
1011 953 1107 1023 qui
1131 949 1383 1007 attendit
1418 949 1566 1006 alios
1616 949 1820 1003 Greco-

169 1057 302 1097 rum
338 1042 729 1114 imperatores
759 1042 1061 1098 decretum
1096 1041 1207 1096 sibi
1240 1040 1391 1095 mitti
1423 1039 1700 1104 noluisse,
1736 1040 1820 1091 at-

248 1309 391 1365 Post
406 1307 774 1363 Anastasium
788 1307 1052 1364 Justinus
1066 1306 1262 1363 senior
1277 1305 1504 1376 accepit
1517 1302 1822 1374 imperium

183 1412 340 1453 anno
371 1397 464 1453 ab.
499 1396 607 1451 inc.
632 1396 790 1465 Dom,
828 1401 960 1463 157;
986 1394 1249 1465 regnavit
1280 1395 1446 1450 annis
1465 1398 1515 1450 9.
1543 1392 1746 1464 (Gesta
1763 1409 1819 1465 ρ.

176 1484 298 1554 12.).
336 1482 607 1540 Ormisda
641 1484 967 1553 Campanus
998 1481 1151 1538 sedit
1177 1482 1370 1538 Romae
1414 1496 1562 1537 anno
1585 1482 1657 1537 ab
1712 1481 1822 1536 inc.

177 1573 343 1627 Dom.
381 1576 506 1640 511,
533 1570 686 1626 sedit
717 1586 767 1627 a.
794 1576 847 1640 8,
881 1570 935 1640 d,
964 1576 1049 1639 15,
1077 1575 1241 1641 patre
1271 1572 1439 1626 Justo
1464 1570 1534 1626 de
1566 1569 1820 1625 Frisone.

180 1660 281 1717 llic
295 1660 607 1717 constituit
625 1659 845 1716 clerum
861 1663 915 1715 et
936 1660 1299 1731 presbiteros
1315 1658 1590 1715 erudivit.
1604 1658 1821 1729 [Bena'l'

1925 490 2232 549 Wandalos
2263 491 2612 548 adhortante
2634 490 2921 547 Antonina
2946 503 3128 544 uxore
3161 502 3262 545 sua
3281 484 3562 544 Christia-

1926 594 2017 647 na,
2038 585 2234 637 votum
2254 579 2409 636 vovit
2428 581 2544 635 Deo
2559 593 2622 636 se
2640 580 2901 636 futurum
2917 576 3324 633 Christianum.
3349 574 3394 631 si
3432 586 3561 644 pos-

1931 673 2021 724 set
2054 667 2367 725 Wandalos
2400 664 2978 740 superare.Wandali
3015 679 3194 736 super
3215 664 3356 720 litus
3385 661 3563 718 maris

1925 762 2119 813 castra
2138 759 2445 825 metantur,
2466 754 3009 811 Belsariusecontra
3053 751 3318 809 terrestri
3364 748 3565 822 praelia

1927 849 1987 901 et
2003 845 2286 901 Antonina
2312 843 2499 901 navali
2518 843 2831 914 procedere
2847 844 3070 913 parant.
3090 839 3353 909 Cumjam
3386 850 3566 910 prope

1929 933 2259 990 conﬂictum
2291 937 2507 1001 essent,
2534 931 2819 986 Autonina
2851 946 2979 986 cum
3003 930 3124 986 suis
3178 939 3565 999 egressa,om-

1931 1021 2320 1078 nesmulieres
2353 1026 2409 1077 et
2442 1021 2660 1076 liberos
2710 1019 3116 1075 Wandalorum
3177 1018 3417 1086 delevit,
3463 1028 3568 1071 nec

1933 1111 2227 1167 animalex
2250 1110 2363 1166 illis
2384 1111 2579 1166 vivere
2613 1109 2897 1179 permisit.
2926 1107 3087 1173 Quod
3119 1107 3216 1162 ubi
3234 1104 3563 1161 Childemer

1934 1198 2173 1266 audivit,
2201 1204 2522 1254 retrorsum
2538 1197 2608 1253 ad
2624 1200 2813 1253 castra
2833 1195 3085 1261 rediens,
3103 1193 3405 1249 destructa
3424 1192 3561 1263 pha-

1936 1286 2099 1356 langa
2120 1285 2301 1357 prmlii
2328 1302 2356 1341 a
2393 1285 2649 1341 Belsario
2673 1289 2729 1339 et
2759 1284 3063 1352 Antonius,
3109 1287 3268 1337 terra
3306 1279 3567 1349 marique

1936 1373 2748 1431 vallatuscumsuisomnibus
2788 1373 2857 1427 ad
2901 1370 3355 1426 internecionem
3394 1382 3567 1424 cesus

1936 1462 2411 1531 est.Quifugiens
2434 1460 2888 1517 cumduadecim
2920 1463 3146 1515 tantum
3180 1456 3477 1513 Wandalis
3511 1456 3568 1511 in

1937 1554 2131 1608 castro
2154 1554 2368 1606 tutose
2394 1550 2636 1620 recepit,
2674 1548 3086 1604 ubicoartatus
3102 1547 3338 1617 petebat
3380 1543 3570 1601 Belsa-

1940 1641 2106 1704 rium,
2143 1637 2964 1710 neligatumeumimperatori
3008 1636 3414 1706 prmsentaret.
3445 1632 3571 1698 Quo

182 1751 322 1805 post
346 1748 505 1806 hunc
534 1720 1077 1817 JohannesTuécus,
1108 1752 1273 1819 pan-0
1288 1720 1653 1815 Constantii),
1691 1762 1742 1801 ει,
1768 1720 1820 1815 ῥ’
1855 1749 1907 1811 Β
1939 1729 2301 1801 promittenti
2320 1744 2425 1783 non
2454 1743 2657 1783 seeum
2677 1727 2849 1795 ferro,
2870 1742 2978 1780 non
3007 1725 3160 1793 ligno
3176 1738 3286 1779 non
3302 1720 3575 1791 corrigia,

182 1852 256 1893 m.
291 1842 344 1905 8,
382 1853 435 1908 p.
475 1840 561 1892 15.
586 1836 690 1892 llic
715 1835 1274 1906 Constantinopolim
1308 1836 1548 1891 veniens
1592 1835 1662 1891 ad
1699 1850 1827 1906 por-

182 1930 300 1982 tam
318 1939 453 1997 quze
475 1929 720 1981 vocatur
739 1926 946 1993 Aurea,
984 1925 1040 1979 in
1073 1929 1394 1995 conspectu
1426 1923 1679 1979 omnium
1738 1939 1830 1987 ro-

181 2012 345 2081 ganti
379 2027 539 2069 caeco
570 2012 763 2068 lumen
791 2012 1065 2068 reddidit.
1103 2011 1307 2082 (Gesta
1325 2027 1390 2083 ρ.
1427 2010 1521 2080 R.)
1559 2011 1666 2077 Qui
1699 2024 1827 2066 eum

185 2101 440 2158 redisset
473 2105 534 2156 et
566 2102 888 2157 Ravennam
912 2100 1190 2169 venisset,
1238 2099 1633 2155 Theodericus
1689 2113 1820 2155 eum

186 2204 316 2246 cum
339 2189 661 2246 comitibus
683 2189 942 2245 carceris
958 2189 1269 2244 afflictione
1305 2188 1571 2258 peremit,
1618 2187 1830 2242 invidia

187 2278 408 2335 ductus
429 2278 586 2349 quod
618 2276 923 2334 catholieze
949 2277 1185 2348 pietatis
1227 2276 1501 2332 defensor
1565 2276 1833 2332 Justinus

188 2368 518 2424 honorifice
540 2383 669 2423 eum
706 2368 1067 2439 suscepisset
1098 2386 1112 2433 ;
1152 2382 1266 2437 quo
1289 2367 1463 2421 etiam
1505 2380 1653 2422 anno
1682 2367 1837 2435 Sym-

192 2457 461 2513 machum
494 2461 554 2511 et
582 2457 841 2512 Boetium
868 2456 1142 2526 patritios
1173 2454 1489 2523 occiderat,
1534 2454 1730 2524 etipse
1769 2458 1837 2509 99

192 2549 327 2616 post
364 2545 478 2601 hoc
503 2545 724 2601 facinus
753 2543 848 2600 die
873 2548 1059 2599 morte
1122 2543 1317 2599 subita
1355 2543 1621 2613 sequenti
1668 2542 1838 2613 periit

193 2648 366 2689 anno.
388 2632 611 2703 [Bson].
638 2633 904 2704 Episcopi
922 2632 993 2688 de
1013 2631 1210 2701 exilio,
1232 2647 1345 2702 quo
1359 2646 1464 2702 per
1487 2631 1755 2686 AITricam
1782 2635 1838 2686 et

195 2721 526 2778 Sardiniam
558 2722 930 2789 tenebantur,
968 2725 1346 2777 revertuntur
1395 2723 1527 2790 post
1554 2734 1735 2775 annos
1774 2722 1843 2775 74

199 2808 479 2866 hereticae
513 2808 952 2879 profanationis.
983 2807 1171 2880 [Anc].
1200 2806 1467 2863 Julianus
1500 2807 1844 2863 Viennensis

201 2896 474 2954 ecclesiae
507 2897 818 2969 episcopus
846 2897 1076 2953 claruit.
1102 2896 1284 2968 [Ism.]
1311 2895 1638 2952 Childricus
1669 2896 1842 2964 enim,

204 2986 301 3055 qui
333 2990 399 3042 et
428 2985 640 3054 lldiris,
673 2985 945 3042 Houorici
981 2985 1136 3041 ﬁlius
1164 3000 1237 3040 ex
1274 2984 1567 3040 Eudochia
1616 2984 1844 3055 captiva

204 3072 596 3133 Valentiniani
624 3073 737 3130 ﬁlia
756 3078 946 3143 ortus,
975 3077 1106 3144 post
1130 3073 1583 3130 Trasamundum
1610 3072 1849 3127 Wanda-

206 3162 401 3219 lorum
437 3177 677 3232 regnum
697 3162 971 3218 obtinuit.
1007 3162 1110 3218 Hic
1163 3177 1267 3233 pro
1319 3162 1687 3218 sacrametto
1735 3175 1848 3229 quo

204 3257 336 3307 erat
368 3251 671 3320 astrictus,
708 3257 769 3306 ut
791 3265 960 3320 quam
992 3250 1089 3307 diu
1112 3253 1594 3319 regnumteneret
1626 3249 1850 3321 episeo-

207 3355 317 3411 pos
336 3341 414 3395 ab
445 3339 624 3395 exilio
657 3354 727 3395 ne
747 3344 1077 3405 revocaret,
1104 3340 1415 3409 antequam
1443 3352 1683 3406 regnum
1702 3338 1849 3392 acci-

205 3432 396 3497 peret,
451 3426 775 3483 catholicos
834 3426 1176 3483 sacerdotes
1228 3440 1377 3497 quas
1421 3425 1850 3481 Trasamundus

205 3516 653 3588 dampnaverat,
678 3517 751 3572 ab
777 3516 954 3572 exilio
1013 3515 1330 3571 revocavit.
1382 3515 1560 3580 Quem
1614 3514 1850 3568 Giliuler

203 3609 442 3675 sumpta
479 3603 768 3661 tirannide
790 3619 968 3675 regno
984 3604 1256 3675 privavit,
1280 3603 1376 3673 qui
1397 3607 1455 3658 et
1488 3601 1853 3658 Childericus

208 3693 412 3748 dictus
433 3696 524 3749 est
555 3696 614 3748 et
631 3708 870 3762 regnum
903 3692 1177 3763 optinuit.
1235 3692 1529 3764 [Fumea]
1589 3691 1858 3747 Justinus

210 3796 327 3838 non
361 3781 547 3837 multo
578 3786 709 3852 post
736 3780 947 3837 bellum
978 3781 1033 3836 in
1057 3782 1271 3836 Persas
1293 3794 1552 3849 movens,
1581 3794 1709 3835 cum
1735 3776 1858 3833 Cal-

211 3869 497 3927 cedonem
514 3870 955 3941 pertransisset,
972 3870 1175 3925 morbo
1200 3868 1393 3940 periit,
1420 3874 1481 3924 et
1500 3867 1860 3924 Justinianus

215 3960 269 4014 in
299 3973 539 4028 regnum
570 3957 856 4014 elevatur.
884 3957 991 4024 Qui
1023 3972 1152 4013 cum
1178 3971 1372 4025 regem
1417 3957 1724 4012 Persarum
1764 3969 1863 4025 op-

217 4062 484 4119 pressum
514 4047 776 4102 vinctum
806 4044 1392 4114 teneret,honoriﬁce
1434 4043 1636 4099 cumin
1668 4042 1864 4098 cathgr-

221 4135 327 4192 dra
352 4136 560 4193 sedere
577 4135 759 4205 jussit
785 4148 1052 4204 quaerens
1074 4135 1146 4189 ab
1168 4147 1236 4189 eo
1297 4132 1571 4188 civitates
1589 4177 1605 4191 .
1628 4135 1683 4185 et
1738 4145 1865 4201 pro-

218 4224 443 4281 vincias
464 4221 834 4294 reipublicae.
878 4224 1134 4292 Cumque
1159 4220 1255 4276 ille
1279 4221 1530 4276 diceret:
1549 4220 1678 4275 Non
1692 4217 1859 4287 dabo,

218 4316 278 4367 et
306 4310 674 4367 Justinianus
694 4314 936 4367 econtra
969 4310 1151 4365 verbo
1174 4308 1396 4365 rustico
1431 4307 1815 4377 responderet
1849 4325 1861 4360 :

223 4401 478 4467 Dearas,
502 4400 578 4454 ob
602 4396 711 4454 hoc
726 4396 827 4455 illo
852 4397 908 4453 in
934 4397 1062 4453 loco
1074 4396 1285 4453 civitas
1302 4395 1535 4451 fundata
1554 4408 1756 4451 nomen
1774 4408 1865 4450 ac-

219 4488 378 4559 cepit
395 4489 635 4544 Denras.
652 4488 927 4558 Receptis
942 4500 1083 4556 ergo
1101 4483 1416 4557 provinciis
1433 4486 1494 4538 et
1526 4482 1867 4539 civitatibus

224 4576 513 4647 plurimis,
546 4575 815 4647 permisit
836 4574 1037 4631 eumin
1068 4576 1277 4628 Persas
1308 4586 1549 4640 regnum
1580 4572 1865 4643 recipere,

227 4669 287 4718 et
312 4680 438 4721 cum
455 4679 661 4734 magno
676 4662 976 4734 triumpho
992 4664 1264 4717 reVersus
1277 4663 1366 4714 est
1386 4659 1872 4730 Constantinopo-

233 4751 352 4807 lim.
384 4754 490 4819 Qui
524 4767 656 4809 cum
683 4753 856 4807 unico
889 4764 1082 4807 amore
1106 4746 1379 4818 diligeret
1412 4747 1756 4815 Belsarium,
1790 4747 1874 4802 in-

231 4839 427 4897 stituit
443 4856 574 4896 eum
597 4838 909 4911 patricium
934 4837 986 4893 in
1014 4836 1132 4893 illis
1155 4836 1424 4908 partibus
1442 4835 1668 4890 ΜΓνίοω
1701 4849 1871 4904 quaaa

232 4928 529 4985 Wandalis
560 4943 669 4984 non
706 4929 897 4984 fuerat
929 4926 1502 4997 occupata.Senatus
1540 4927 1732 4978 autem
1748 4922 1874 4979 zelo

230 5020 447 5074 ductus
460 5016 758 5087 suggessit
774 5015 846 5071 de
865 5029 933 5071 eo
948 5014 1286 5087 imperatori
1312 5012 1466 5083 quod
1490 5010 1873 5080 dejectionem

228 5104 359 5174 ejus
389 5104 799 5173 meditaretur,
835 5103 1043 5174 utipse
1076 5102 1388 5171 iuregnum
1422 5097 1872 5167 sublimaretur,

228 5199 286 5250 et
303 5195 378 5250 oh
393 5194 450 5249 id
468 5193 658 5250 zelum
676 5194 903 5249 ducens
916 5192 1202 5248 adversus
1223 5187 1875 5258 Belsarium,jubeteum

234 5283 547 5339 Wandalos
577 5295 939 5353 expugnare,
974 5295 1005 5336 a
1039 5280 1253 5350 quibus
1290 5275 1487 5334 multa:
1518 5275 1762 5332 militum
1799 5276 1877 5332 le-

1940 1834 2050 1875 non
2076 1833 2174 1874 ere
2201 1818 2514 1887 ligandum,
2566 1814 2947 1870 Childemeris
2989 1829 3052 1869 se
3087 1811 3363 1868 reddidit.
3393 1809 3574 1878 Quem

1944 1907 2236 1963 Belsarius
2263 1912 2468 1961 catena
2510 1906 2782 1973 argentea
2824 1901 3201 1973 constrinxit,
3271 1897 3577 1966 sociosque

1942 1994 2406 2065 ejusinterfecit,
2433 1992 2739 2063 ipsumque
2780 1990 3103 2048 lustiniano
3154 1985 3528 2059 praesentavit
3564 2001 3579 2048 ;

1946 2096 2112 2152 quem
2140 2082 2238 2137 ille
2289 2080 2595 2151 in'palatio
2611 2094 2717 2135 suo
2735 2078 3002 2134 habitare
3028 2075 3230 2146 jussit,
3264 2073 3365 2129 sed
3390 2071 3580 2142 sputis

1945 2176 2002 2227 et
2026 2170 2361 2242 opprobriis
2375 2170 2652 2238 gravibus
2665 2166 3391 2238 0bprimebat.Petensque
3406 2160 3580 2231 impe-

1949 2265 2201 2314 ratorem
2218 2259 2299 2313 ait
2323 2278 2335 2313 :
2359 2257 2746 2313 Habitatores
2757 2255 2988 2325 palatii
3011 2250 3305 2322 taispatis
3318 2246 3585 2318 etobpro-

1950 2347 2100 2404 briis
2119 2347 2837 2417 cpi/rimammemaomm
2854 2356 2957 2412 ego
2967 2342 3024 2397 si
3024 2340 3268 2411 jaberes
3280 2336 3588 2393 duodecim

1949 2436 2007 2491 et
2023 2450 2124 2506 ego
2141 2449 2291 2491 unus
2304 2448 2435 2491 cum
2453 2446 2599 2503 equo
2612 2446 2785 2503 quem
2825 2429 3013 2486 Ιιιιόιιί
3050 2427 3188 2483 ante
3222 2424 3589 2494 conspectam

1943 2539 1984 2595 g
1994 2525 2157 2580 lorite
2181 2524 2295 2578 iure
2307 2523 2531 2578 armati
2543 2520 2947 2576 accederemus
2960 2516 3042 2572 ad
3054 2514 3337 2585 proelium
3350 2523 3585 2582 cognos-

1952 2625 2108 2668 ceres
2121 2612 2307 2667 caiezc
2335 2610 2500 2666 nobis
2537 2608 2830 2664 oalidiias
2861 2606 2948 2663 sit
2977 2604 3089 2663 aut
3123 2601 3392 2674 ignavia.
3420 2598 3587 2666 Quod

1952 2699 2459 2756 cumJustinianus
2491 2697 2794 2753 duodecim
2819 2694 3103 2749 militibus
3147 2689 3443 2762 jussisset,
3491 2686 3588 2741 ille

1956 2787 2089 2844 dum
2105 2802 2203 2844 eos
2217 2786 2557 2857 aggreditur
2573 2787 2760 2854 fugam
2781 2784 3232 2852 ﬁngens,omnes
3251 2774 3589 2846 singulatim

1958 2877 2270 2933 interfecit.
2293 2876 2737 2947 [Isw].Postl1ac
2784 2873 2953 2943 jussu
2993 2865 3366 2940 imperatoris
3413 2878 3593 2920 eunu-

1959 2968 2102 3021 chus
2127 2967 2329 3033 faetus,
2350 2965 2402 3019 in
2421 2963 2755 3035 provincias
2773 2961 2992 3016 vicinas
3009 2962 3216 3014 contra
3233 2957 3443 3011 Persas
3498 2967 3595 3023 pa-

1881 3103 1928 3162 U
1961 3055 2507 3122 triciusordinatur,
2524 3055 2580 3108 et
2597 3051 2753 3107 1"‘sic
2778 3063 3015 3118 regnum
3044 3043 3453 3102 Wandalorum
3470 3039 3593 3095 ﬁni-

1962 3148 2073 3162 .--,-_
2103 3159 2119 3162 _
2160 3147 2329 3162 .-----_
2361 3139 2739 3162 2‘~----..:-.A:-
2768 3152 2962 3162 ΛΑ.....ρν.
2984 3132 3383 3162 εηῑῐζηηηηῖηπνι
3418 3134 3485 3162 οη
3531 3131 3585 3162 ni

1962 3148 2078 3199 tum
2095 3147 2336 3199 estauno
2360 3139 2742 3211 ingressiouis
2764 3152 2966 3193 eorum
2983 3137 3037 3190 in
3054 3132 3385 3204 Hispaniam
3418 3134 3506 3192 97,
3531 3131 3591 3183 ct

1963 3235 2250 3287 manserat
2284 3226 2986 3299 a.113.[Fnsn.]Senatus
3040 3223 3250 3279 iterum
3268 3216 3590 3274 Belsarium

1957 3319 2285 3375 Justiuiano
2312 3316 2942 3380 facitodiosum.Quam
2985 3313 3059 3368 ob
3105 3325 3225 3365 rem
3266 3308 3338 3363 ab
3371 3306 3593 3361 honore

1964 3404 2658 3479 patrieiatusdeponitur.
2696 3404 2907 3458 lterum
2948 3399 3231 3471 quendam
3268 3394 3594 3451 Florianum

1962 3497 2017 3552 in
2044 3496 2347 3567 imperium
2363 3494 2568 3550 nititur
2602 3492 2919 3548 sublimare
2934 3495 2992 3545 et
3015 3487 3404 3544 Justiniunum
3456 3480 3596 3551 deji-

1963 3586 2233 3654 cere,Qut
2252 3588 2455 3654 petens
2482 3581 2801 3638 Belsarium
2827 3584 2887 3635 ut
2906 3593 2970 3633 se
3000 3577 3327 3647 adjuvarct,
3350 3570 3596 3628 nuncios

1968 3674 2126 3730 misit
2158 3672 2467 3727 adeum.Et
2517 3670 2614 3725 ille
2632 3670 2856 3739 ﬁngens
2892 3682 2950 3723 se
2991 3664 3316 3721 Floria'num
3349 3660 3600 3716 adorare

1970 3762 2223 3819 vallatus
2257 3759 2454 3831 pueris
2486 3759 2607 3815 suis
2635 3757 2961 3814 Florianum
2994 3753 3187 3823 gladio
3215 3748 3506 3823 percussit
3544 3750 3601 3802 et

1968 3848 2451 3907 omnesinimicos
2474 3861 2614 3904 suos
2632 3847 2911 3917 quierant
2933 3860 3063 3901 eum
3106 3857 3195 3909 eo,
3213 3851 3604 3907 coronamque

1971 3940 2244 3995 auferens
2263 3952 2292 3991 a
2308 3935 2500 4006 capite
2527 3934 2773 3991 Floriani
2791 3924 3604 4004 imposuitcapitiJustiniani,

1973 4026 2225 4082 reddens
2240 4024 2292 4079 ei
2313 4023 2470 4078 basia
2497 4038 2599 4093 per
2614 4037 2816 4078 manus
2848 4019 3089 4092 [Fusa].

2047 4118 2108 4170 A.
2138 4118 2259 4169 3525.
2283 4111 2644 4167 Justinianus
2664 4104 3202 4180 imperatorJustini
3228 4101 3465 4173 majoris
3516 4114 3610 4155 ne-

1976 4200 2363 4277 posregnavit
2395 4214 2443 4254 a.
2480 4197 2999 4263 37.Quodefnncto
3025 4195 3081 4248 in
3114 4188 3497 4249 Constantino
3516 4202 3610 4259 po-

1976 4295 2074 4349 lim
2103 4290 2368 4348 Justinus
2390 4285 2805 4343 a.563ambivi.
2844 4283 3169 4355 imperium,
3222 4279 3311 4336 vir
3375 4276 3609 4347 iniquus

1976 4389 2035 4440 et
2065 4381 2333 4453 cupidus.

2052 4478 2262 4550 [Ano.].
2295 4478 2574 4545 Tempore
2588 4472 2656 4506 ³⁷⁵
2679 4472 2893 4529 Justini
2909 4469 3307 4539 Pantagathus
3330 4466 3613 4523 Viennen-

1980 4569 2065 4626 sis
2097 4567 2355 4638 quinque
2384 4562 2572 4631 annis,
2599 4561 2692 4617 cui
2725 4561 3006 4618 successit
3056 4557 3348 4614 Vsielnus.
3380 4556 3621 4625 Tempo-

1982 4672 2046 4715 re
2077 4655 2145 4689 m
2171 4650 2484 4710 Justiniani
2516 4648 2886 4721 imperatoris
2908 4646 3223 4703 Domninus
3275 4641 3618 4700 Viennensis

1983 4745 2301 4816 episcopus
2327 4739 2543 4795 floruit.

2061 4828 2375 4904 [Faunae].
2408 4825 2759 4881 Teodericus
2784 4824 2963 4892 igitur
2994 4823 3310 4878 Gothorum
3362 4833 3484 4887 rex,
3547 4816 3619 4872 de

1989 4936 2103 4992 quo
2127 4932 2302 4987 supra
2337 4914 2666 4981 retulimus,
2693 4928 2821 4969 cum
2847 4918 3108 4981 tempore
3131 4908 3338 4965 Leonis
3378 4907 3623 4979 impera-

1990 5007 2138 5064 toris
2151 5004 2449 5062 renuisset
2466 5002 2666 5057 subire
2689 4999 2966 5055 ditionem
2984 4996 3230 5069 imperii,
3262 4995 3507 5066 triginta
3531 5009 3625 5050 an-

1988 5096 2079 5153 nis
2109 5109 2238 5151 cum
2270 5105 2473 5160 magna
2508 5090 2789 5146 felicitate
2813 5086 3095 5156 regnavit.
3142 5087 3397 5141 Fuerunt
3424 5097 3626 5139 omnes

1989 5184 2121 5244 anni
2147 5178 2702 5255 quibusregnavitin
2726 5176 2890 5232 Italia
2918 5173 3154 5244 323nm,
3189 5188 3217 5228 a
3250 5173 3462 5229 ﬁnibus
3486 5171 3629 5226 Pan-

1989 5273 2174 5331 noniae
2206 5282 2394 5339 usque
2416 5267 2486 5322 ad
2510 5262 3085 5332 Rodanumﬁuvium,
3111 5277 3140 5317 a
3188 5264 3442 5332 Tyrreno
3482 5259 3628 5316 mari

1586 5382 1823 5438 VARI/[5
1868 5376 2262 5438 LECTIONES.

1586 5382 1822 5438 VARIrE

292 5484 802 5612 "'Hicdquadam
823 5482 1085 5542 discerni
1151 5478 1467 5553 nequeant.
1543 5477 1609 5513 17‘
1641 5482 1701 5536 et
1731 5484 1822 5536 113

292 5573 369 5612 ire
397 5589 468 5599 —
542 5560 702 5612 orutt
719 5569 789 5612 ιη
805 5568 998 5612 mare.

2038 5382 2262 5436 IONES.

1965 5382 2619 5549 ΞῖνθᾺπΤθῐηροιτθ-
2652 5466 2924 5524 Ysielnus
2984 5466 3049 5523 in
3102 5479 3293 5539 marg.
3347 5463 3413 5497 ‘7‘
3469 5467 3640 5523 Tem'

232 5573 369 5630 pore
397 5589 468 5599 —
500 5556 702 5613 ﬂoruit
719 5556 789 5612 in
805 5568 998 5626 marg,
