3936 6050
317 197 395 260 95
1263 192 1637 262 HUGONIS
1678 183 2037 257 ABBATIS
2077 177 2755 249 FLAVINIACENSIS
3640 173 3722 231 illi

321 348 507 410 usque
529 335 600 396 ad
624 333 799 409 Alpes
825 333 1116 395 Penninas
1172 338 1231 394 et
1283 336 1523 395 Yseram
1574 332 1832 391 ﬂuvium.
1890 331 1958 386 44

2118 336 2187 395 ui
2187 338 2441 410 favente
2451 336 2703 396 Domino
2722 333 2914 394 tribus
2932 334 3070 405 jam
3094 327 3342 387 emensis
3369 321 3722 397 temporibus

323 440 473 485 anno
503 427 663 498 regni
698 427 786 484 sui
820 427 1122 485 basilicam
1146 425 1557 485 sanctiluliani
1601 423 1849 480 Brivatae
1864 434 1957 477 co-

323 512 536 572 lumnis
549 514 812 572 miriﬁcis
836 520 1099 572 ornatam
1122 515 1438 573 exstruxit.
1458 513 1739 571 Civitates
1760 522 1961 567 omnes

324 616 470 671 quas
483 603 723 672 regebat
739 603 885 659 miro
900 617 1077 674 epere
1093 609 1426 660 restaurare
1439 605 1497 657 et
1513 600 1739 657 munire
1765 597 1963 655 soller-

324 690 549 747 tissime
575 692 729 747 fecit.
764 692 1051 749 Palatium
1068 690 1600 763 splendidissimum
1619 687 1807 759 Papiae
1834 700 1962 756 quae

323 778 581 836 Ticinum
597 781 1061 850 cognominatur,
1088 781 1375 835 Ravennae
1400 791 1629 848 quoque
1642 780 1702 832 et
1722 777 1964 831 Veronae

331 866 619 924 fabricare
645 866 843 937 jussit.
863 868 1038 937 Cujus
1070 866 1243 922 ﬁliam
1277 865 1684 935 Sigismundus
1706 865 1966 932 Burgun-

334 953 568 1011 dionum
604 971 707 1011 rex
722 955 921 1011 habuit
956 956 1373 1011 uxorem.Post
1403 953 1470 986 "7
1503 967 1670 1023 quem
1701 949 1962 1021 suscepit

329 1056 565 1112 regnum
601 1042 970 1099 Athalaricus
994 1042 1148 1100 ﬁlius
1176 1042 1305 1098 ﬁlias
1319 1043 1447 1113 ejus
1475 1046 1532 1096 et
1564 1040 1616 1096 ei
1631 1038 1964 1095 Theodatus

331 1130 563 1201 [lenm].
590 1130 711 1196 Quo
744 1130 993 1202 dejecto,
1020 1132 1244 1201 Vitiges
1277 1145 1375 1185 rex
1417 1132 1672 1198 creatur,
1717 1132 1775 1183 et
1827 1126 1964 1181 hica

326 1218 657 1275 Iustiniano
682 1221 1112 1291 perBelsarium
1133 1221 1329 1277 victus
1352 1218 1722 1291 opprimitur,
1740 1221 1800 1273 et
1825 1218 1969 1272 Con-

333 1306 795 1378 stantinopulum
815 1309 1028 1364 ductus
1045 1308 1329 1379 patricius
1345 1312 1598 1374 creatur.
1618 1305 1707 1361 Sic
1724 1318 1966 1374 regnum

332 1394 674 1451 Gotthorum
691 1402 820 1466 post
849 1411 898 1452 a.
916 1401 1056 1453 2300
1078 1397 1467 1452 Romanorum
1487 1394 1673 1451 cessit
1699 1392 1962 1464 imperio.

402 1484 638 1539 Amator
667 1482 1052 1555 178epiSCOpus
1077 1483 1322 1539 Silverio
1338 1484 1734 1555 papze(Mmsx,
1790 1497 1847 1537 Ix
1879 1482 1963 1551 7):

330 1572 375 1626 Α
398 1570 774 1641 quibusdam,
792 1573 979 1630 Pater
999 1573 1406 1642 dilectissime,
1444 1572 1785 1629 audivimus
1822 1584 1969 1627 vosa

2079 427 2453 500 eipreesideo,
2471 427 2723 498 tempore
2741 438 2861 479 meo
2888 422 3104 478 niteris
3134 415 3518 475 invadadere.
3550 412 3725 471 Habe

2082 530 2224 588 ergo
2238 531 2368 574 cum
2381 516 2477 574 his
2499 516 2607 587 qui
2629 515 2818 572 tecum
2847 510 3022 569 erunt
3044 509 3248 579 plana
3278 501 3724 576 dampnationis

2071 602 2873 675 sententiam,sublatumque
2887 599 2998 657 tibi
3008 611 3216 655 nomen
3226 595 3507 652 etmunus
3518 592 3728 649 minis-

2075 693 2214 749 terii
2224 692 2621 750 sacerdotalis
2634 702 2905 762 agnosce,
2929 684 3203 759 Spiritus
3216 679 3653 753 sanctijudicio
3666 679 3732 736 et

2074 780 2403 851 apostolica
2414 777 2819 837 anathematis
2841 774 3199 833 auctoritate
3212 770 3591 842 dampnatus.
3614 770 3728 827 Sic

2077 869 2239 926 enim
2267 870 2433 927 decet
2444 869 2633 941 fidem
2661 866 3002 925 sanctorum
3049 862 3305 919 Patrum
3345 859 3414 917 in
3455 859 3722 927 ecclesia,

2072 972 2313 1016 servare
2350 958 2667 1028 catholica,
2715 956 2787 1013 ut
2829 953 2990 1025 quod
3036 950 3255 1009 habuit
3308 948 3571 1018 amittat,
3615 949 3728 1018 qui

2074 1046 2327 1118 inproba
2357 1046 2689 1103 temeritate
2717 1043 2876 1115 quod
2904 1056 3019 1099 non
3046 1039 3278 1111 accepit
3303 1036 3716 1108 assmnpserit.

2151 1135 2252 1199 (H.
2274 1132 2859 1203 Misaﬂustinianus
2890 1136 2921 1185 3
2952 1127 3179 1200 imperii
3204 1142 3355 1183 anno
3390 1124 3720 1197 promulga-

2077 1224 2183 1293 vit,
2216 1238 2285 1280 ne
2318 1223 2639 1278 militarent
2670 1221 2782 1276 nisi
2803 1218 3077 1277 catholici
3113 1215 3240 1285 soli,
3278 1215 3422 1271 dans
3448 1213 3729 1272 hereticis

2080 1312 2347 1368 inducias
2370 1311 2626 1367 nisisese
2643 1310 2958 1366 movissent
2976 1306 3046 1363 ad
3070 1304 3536 1363 conversionem.
3557 1304 3727 1360 Hunc

2079 1401 2221 1457 adiit
2249 1400 2532 1471 Agapitus
2568 1413 2710 1469 papa
2742 1413 2848 1469 pro
2880 1395 3228 1468 quibusdam
3255 1396 3591 1463 rogaturus,
3621 1391 3727 1449 sed

2081 1490 2344 1546 sentiens
2386 1504 2514 1546 eum
2533 1489 2897 1545 Euthicetam
2918 1487 3155 1554 factum,
3181 1498 3314 1540 cum
3342 1496 3475 1539 eum
3516 1495 3726 1551 argue-

2083 1583 2192 1648 ret,
2220 1581 2277 1634 et
2312 1578 2410 1634 ille
2425 1590 2631 1646 graves
2645 1576 2897 1632 eiminas
2916 1576 3256 1641 intentaret,
3279 1571 3360 1627 ait
3384 1584 3533 1641 papa
3561 1571 3728 1641 :qu

325 1659 666 1716 sedesancti
679 1661 851 1718 Petri
863 1662 1089 1733 injuste
1089 1662 1339 1733 pulsum
1365 1661 1421 1717 et
1459 1661 1647 1719 exilio
1689 1659 1962 1731 dampna-

2112 1668 2163 1724 :d
2189 1667 2610 1725 Justinianum
2633 1661 3228 1721 Christianissimum
3265 1661 3469 1716 venire
3498 1658 3734 1716 deside-

329 1744 471 1800 tum.
495 1747 660 1812 Quod
669 1749 1335 1822 nimisqraveferentes,
1358 1751 1635 1807 misimus
1661 1747 1827 1805 vobis
1876 1748 1972 1806 ar-

326 1834 495 1904 genti
513 1835 782 1893 libras30
796 1838 878 1894 ad
913 1838 1174 1895 vestram
1211 1839 1657 1909 vestrorumque
1681 1838 1974 1896 sustenta-

333 1921 575 1978 tionem.
594 1924 876 1981 Silverius
891 1941 1038 1997 papa
1055 1926 1315 1982 Amatori
1331 1926 1611 1997 episcopo
1628 1945 1640 1983 :
1659 1927 1977 1999 Omniapa-

334 2010 513 2067 tritta
527 2013 681 2068 milii
694 2013 920 2086 infesta
933 2015 1083 2083 erat,
1104 2014 1264 2084 quod
1273 2028 1387 2070 non
1396 2014 1785 2072 restituebam
1804 2016 1979 2072 Ante-

336 2099 523 2155 mium
536 2100 1183 2172 dudumpatriarc/iam
1228 2102 1973 2175 Constantinopolitanum,

328 2200 501 2255 quem
521 2189 1212 2260 Aqapit-uspreedecessor
1224 2204 1390 2246 meus
1410 2191 1646 2247 meritis
1659 2191 1785 2247 suis
1799 2191 1977 2247 dona-

334 2274 438 2330 vit.
467 2276 721 2348 Urgente
733 2277 913 2334 etiam
915 2278 1191 2349 jussione
1202 2278 1482 2335 exierunt
1494 2279 1661 2350 falsi
1675 2280 1864 2348 testes,
1889 2279 1978 2335 di-

332 2362 523 2420 centes
536 2364 849 2421 adversum
868 2379 959 2420 me
970 2366 1229 2422 crimina
1245 2379 1498 2435 quorum
1518 2381 1682 2437 nunq
1691 2381 1833 2423 uam
1841 2380 1979 2437 par-

340 2448 651 2523 ticepsfui.
666 2452 793 2511 Sed
803 2452 941 2508 dum
951 2454 1129 2509 multi
1141 2452 1208 2509 in
1220 2454 1334 2510 illa
1364 2467 1579 2511 accusa
1587 2455 1744 2511 tione
1752 2456 1979 2526 persis-

339 2539 763 2609 terent,timuit
784 2541 1159 2599 Wilisiarius
1178 2542 1481 2613 patritius
1494 2543 1706 2614 noster,
1744 2545 1975 2601 etman-

343 2627 514 2683 davit
565 2643 657 2684 me
695 2629 777 2685 ad
814 2643 876 2686 se
933 2631 1133 2686 venire
1176 2630 1435 2701 paci/tce
1476 2645 1586 2702 pro
1623 2631 1981 2702 quibusdam

330 2716 750 2774 ecclesiasticis
763 2717 1145 2789 dispositioni
1151 2718 1180 2773 b
1189 2732 1255 2775 us
1267 2719 1335 2774 in
1341 2720 1648 2789 palacium
1651 2722 1976 2792 principis,

337 2802 486 2857 etad
489 2803 1159 2873 primumetsecundum
1167 2806 1359 2861 velum
1368 2806 1857 2864 retinuitomnem
1872 2810 1982 2865 cle-

330 2902 467 2944 rum
479 2890 826 2963 etpopulum
837 2893 945 2963 qui
962 2906 1191 2950 mecum
1208 2893 1564 2964 veniebat,et
1589 2896 1826 2952 uultum
1850 2910 1982 2966 per-

2080 1758 2241 1826 ravi,
2274 1749 3064 1813 sedDiocletianuminveni.
3086 1750 3153 1802 At
3189 1747 3286 1803 ille
3347 1746 3553 1803 videns
3596 1748 3729 1817 ejus

2087 1844 2480 1901 constantiam
2506 1843 2914 1897 inconcussam
2930 1834 3469 1905 etinadulatam,ad
3485 1832 3737 1890 catholi-

2086 1948 2212 1990 cam
2231 1933 2402 1989 ﬁdem
2415 1946 2544 1988 cum
2561 1928 2762 1986 multis
2776 1940 3089 1998 regressus
3102 1926 3214 1981 est.
3238 1923 3569 1979 Anthimum
3587 1936 3733 1991 quo-

2087 2036 2198 2093 que
2230 2021 2405 2090 regiae
2430 2018 2595 2075 urbis
2609 2018 2944 2088 episcopum
2962 2014 3221 2085 praefatae
3244 2012 3519 2068 hereseos
3531 2008 3735 2065 defen-

2089 2124 2279 2167 sorem
2312 2108 2545 2181 publice
2578 2104 2978 2163 communione
2995 2100 3265 2174 privavit,
3288 2103 3345 2156 et
3385 2114 3497 2155 non
3540 2097 3728 2155 multo

2089 2203 2224 2270 post
2258 2198 2312 2252 in
2348 2196 2708 2253 eademurbe
2724 2194 3142 2250 defunctusest
3185 2185 3736 2257 ;cuisuccessitSil-

2088 2286 2309 2343 verius.
2330 2284 2646 2341 Belisarius
2662 2287 2794 2354 post
2812 2282 2917 2338 hec
2944 2278 3350 2348 Carthaginem
3395 2276 3574 2348 cepit,
3598 2289 3733 2332 cum

2087 2380 2155 2432 95
2179 2388 2362 2430 annos
2379 2371 2636 2427 Wandali
2655 2384 2779 2427 eam
2800 2368 3146 2435 tenuissent,
3164 2370 3221 2422 et
3238 2377 3408 2421 omne
3429 2361 3740 2419 Wandalo-

2091 2478 2216 2519 rum
2238 2476 2477 2531 regnum
2491 2464 2551 2517 et
2567 2459 2811 2530 stirpem
2826 2456 3062 2514 delevit.
3081 2452 3285 2528 (Gesta
3300 2468 3364 2524 p.
3394 2452 3605 2523 Rom).
3623 2450 3730 2506 Sil-

2090 2550 2289 2607 verius
2322 2550 2519 2619 itaque
2532 2562 2661 2604 cum
2682 2549 2992 2617 rogaretur
3011 2547 3072 2600 ut
3092 2542 3426 2599 Anthimum
3460 2540 3732 2597 restitue-

2091 2638 2437 2696 ret:noluit.
2473 2637 2557 2692 Ob
2589 2637 2748 2692 hoca
2791 2633 3073 2690 Belisario
3124 2631 3359 2688 nolente
3398 2633 3606 2701 captus
3657 2642 3734 2683 ex

2093 2724 2996 2799 prmcepto'l‘heodormaugustze
3030 2722 3085 2776 in
3114 2718 3320 2777 Pontia
3342 2716 3536 2774 insula
3592 2731 3736 2773 exu-

2193 2831 2220 2871 s
2250 2814 2418 2871 obiit.

2094 2817 2110 2872 l
2193 2831 2220 2871 s
2291 2816 2418 2871 biit.

2116 2831 2402 2961 alll‘ioomina
2462 2902 2799 2972 pontiﬁcum
2850 2896 3315 2970 Lugdunensium
3368 2895 3439 2950 ah
3500 2895 3732 2951 inicio:

329 2976 501 3081 ’ἔφη
520 2979 776 3081 "Wo"?
803 2981 924 3081 θξίεί
945 2995 1037 3081 "fe
1062 2982 1253 3081 “llum
1283 2982 1668 3081 σξῖξίθέίίυθζι
1694 2984 1978 3081 ῖιᾴδθνιιζη·
2012 3017 2062 3081 C
2093 2995 2378 3052 Photinus
2404 2994 2641 3061 martyr.
2677 2992 2978 3061 I-lyreneus
2993 2991 3229 3056 martyr.
3260 2984 3590 3039 Zacharias.
3628 2984 3740 3037 He-

328 3064 562 3122 Μουθφό
580 3070 635 3125 vi
647 3068 1003 3126 retentumet
1020 3070 1158 3126 ante
1170 3070 1522 3141 praedictam
1531 3072 1871 3142 patriciam
1891 3073 1984 3130 de-

336 3153 577 3211 ductum
614 3158 914 3213 miserunt
953 3158 1237 3228 quomodo
1292 3159 1589 3216 sustentor
1639 3161 1977 3231 inexilium,

319 3256 485 3313 pane
497 3243 913 3302 tribulationis
925 3245 1165 3317 etaqua'
1176 3247 1491 3317 angustia.
1505 3247 1985 3321 C’omitespropte-

335 3345 444 3388 rea
468 3332 613 3389 duos
635 3333 843 3391 dimisi
861 3335 1202 3391 necdimitto
1223 3334 1479 3406 oﬁcium
1497 3350 1708 3407 meum,
1730 3338 1836 3395 sed
1853 3352 1985 3395 cum

339 3422 630 3492 episcopis
659 3435 807 3491 quos
827 3436 1187 3493 congregare
1191 3423 1387 3494 potui,
1417 3437 1510 3482 eos
1531 3426 1639 3495 qui
1662 3426 1817 3482 talia
1838 3440 1984 3497 erga

331 3524 424 3566 me
435 3511 809 3591 eqeryntana
817 3510 1220 3583 thematizavi,
1237 3512 1302 3568 et
1315 3526 1438 3569 una
1450 3527 1581 3570 cum
1597 3514 1729 3571 illis
1758 3516 1983 3586 aposto-

337 3597 594 3655 licarum
621 3600 900 3671 synodali
929 3601 1288 3658 auctrritate
1323 3602 1538 3671 statui,
1578 3603 1816 3660 nullum
1856 3618 1983 3661 um-

335 3701 520 3758 quam
545 3688 973 3759 decipiendum,
997 3690 1159 3747 sicut
1175 3689 1735 3761 deceptussum,etsi
1747 3693 1982 3763 aliquis

337 3777 612 3848 deinceps
640 3778 832 3833 ullum
863 3778 1263 3850 episcoporum
1292 3780 1384 3836 ita
1405 3780 1712 3851 deciperet,
1739 3781 1985 3838 anathe-

334 3864 703 3921 maranatka
711 3866 895 3936 fleret
909 3867 976 3922 in
995 3867 1302 3936 conspectu
1324 3867 1433 3922 Dei
1448 3868 1507 3923 et
1522 3869 1863 3925 sanctorum
1881 3884 1986 3926 an-

332 3952 618 4024 gelorum.
654 3952 934 4010 Silverius
965 3952 1176 4023 Vigilio
1205 3973 1217 4007 :
1249 3954 1403 4019 Quia
1426 3956 1796 4025 contraju/ra
1817 3972 1986 4015 cano-

336 4044 475 4099 nica
488 4041 846 4113 temporibus
856 4044 1174 4115 Bone/acii
1183 4056 1302 4114 pap
1318 4058 1352 4099 ,e
1372 4044 1499 4114 ipso
1516 4046 1745 4102 vivente
1769 4060 1987 4104 succes-

338 4145 437 4187 sor
459 4133 591 4201 ejus
617 4132 928 4203 desiqnari
955 4131 1289 4203 conabaris,
1318 4134 1445 4191 nisi
1483 4133 1593 4190 tibi
1624 4136 1986 4206 amplissimi

338 4224 580 4276 senatus
611 4219 1191 4291 obviassetjustitia,
1228 4221 1366 4278 tunc
1384 4223 1772 4292 providentia
1785 4223 1985 4294 pasto-

334 4322 407 4363 ra
416 4308 461 4363 li
480 4309 584 4363 tua
599 4308 1412 4380 debueranteaecrandajam
1431 4312 1593 4367 vicia
1605 4311 1976 4368 detruncari.

338 4395 465 4451 Sed
476 4396 614 4451 dum
624 4411 887 4467 parvum
924 4398 1143 4455 vulnus
1164 4399 1231 4454 in
1252 4398 1307 4453 te
1333 4399 1656 4469 neglectum
1683 4400 1789 4470 est,
1820 4402 1982 4458 insa-

339 4485 569 4542 nabilis
600 4485 869 4543 adcrevit
895 4486 1252 4556 apostamia,
1283 4501 1415 4557 qua
1440 4488 1566 4544 nisi
1576 4489 1753 4561 ferro
1793 4490 1984 4547 altius

341 4572 710 4643 abscidatur,
721 4576 854 4645 fom
862 4589 929 4630 en
938 4575 1129 4631 torum
1139 4588 1256 4631 non
1261 4577 1494 4645 poterit
1510 4578 1732 4636 sentire
1742 4580 1960 4637 medici
1972 4611 1985 4620 -

342 4677 500 4720 nam.
534 4662 759 4733 Quippe
778 4663 1136 4733 nequissimi
1154 4664 1411 4734 spiritus
1430 4666 1692 4723 audacia
1712 4667 1985 4726 ambitio-

343 4753 441 4809 nis
448 4752 789 4824 frenesiam
809 4753 1143 4823 concipiens
1161 4753 1227 4809 in
1246 4752 1420 4811 illius
1441 4755 1751 4825 apostolici
1770 4758 1986 4815 medici

346 4843 443 4898 cui
457 4843 695 4898 animus
707 4840 946 4911 ligandi
956 4854 1018 4896 so
1026 4840 1338 4911 lvendique
1345 4842 1604 4912 potestas
1616 4857 1887 4901 concessa
1899 4845 1992 4903 est

345 4931 580 4985 versari
592 4930 1025 4999 contumeliam,
1044 4943 1374 5001 novumque
1387 4931 1579 4988 scelus
1595 4932 1819 4990 erroris
1839 4935 1986 4991 nite-

347 5018 438 5074 ris
448 5031 663 5076 rursus
673 5020 971 5090 inducere,
998 5018 1058 5076 et
1081 5020 1149 5076 in
1175 5032 1394 5076 morem
1417 5021 1701 5092 Symonis
1730 5023 1903 5092 cuius
1933 5024 1988 5082 te

348 5106 712 5177 discipulum
740 5110 1019 5180 ostendis,
1045 5109 1191 5167 data
1207 5111 1468 5181 pecunia
1496 5124 1704 5183 meque
1726 5115 1982 5184 repulso,

2094 3084 2560 3142 liusF‘austinus.
2587 3083 2791 3139 Verus.
2840 3078 3047 3134 Julius.
3111 3074 3438 3132 Tolomeus.
3492 3071 3733 3128 Vocius.

2093 3172 2391 3229 Maximus.
2414 3169 2772 3227 Tretradius.
2799 3165 3154 3222 Verissimus
3171 3164 3294 3230 ;hic
3317 3161 3584 3219 interfuit
3602 3160 3735 3215 Sar-

2094 3261 2308 3318 cicensi
2344 3258 2564 3332 synodo
2596 3262 2645 3313 4.
2674 3256 3158 3312 SanctusJustus.
3185 3254 3435 3309 Sanctus
3460 3249 3728 3321 Alpinus,

2094 3350 2390 3406 Martinus.
2428 3348 2674 3403 Sanctus
2733 3342 3074 3399 Antiochus.
3127 3340 3411 3413 Elpidius.
3464 3338 3730 3395 Senator.

2096 3439 2341 3495 Sanctus
2364 3434 2700 3491 Eucherius.
2725 3430 3013 3487 Salonius.
3037 3431 3287 3486 Sanctus
3301 3431 3580 3485 Veranus.
3601 3426 3739 3482 San-

2095 3530 2229 3583 ctus
2257 3524 2520 3581 Paciens.
2540 3523 2786 3577 Sanctus
2817 3518 3150 3590 Lupicinus,
3178 3522 3441 3589 tempore
3482 3514 3738 3571 Wanda-

2096 3614 2223 3671 licae
2256 3610 2748 3684 persequutionis.
2780 3607 3093 3664 Rustitius.
3140 3607 3487 3677 Stephanus.
3525 3604 3738 3658 Viven-

2095 3703 2234 3759 tius.
2261 3702 2508 3756 Sanctus
2532 3699 2744 3769 Lupus,
2769 3700 3035 3767 tempore
3058 3693 3408 3765 Sigismundi
3441 3694 3497 3749 et
3532 3689 3739 3748 Clodo-

2094 3790 2204 3859 vei,
2232 3789 2568 3858 Lyconcius.
2598 3788 2846 3843 Sanctus
2877 3784 3183 3854 Sacerdos,
3214 3788 3475 3853 tempore
3506 3779 3737 3837 Childe-

2097 3878 2270 3935 berti.
2295 3878 2544 3934 Sanctus
2564 3875 2844 3944 Nicetius,
2878 3878 3144 3944 tempore
3201 3868 3558 3927 Childeberti
3581 3869 3738 3939 ejus-

2096 3967 2245 4023 dem.
2281 3967 2529 4021 Sanctus
2550 3964 2825 4027 Priscus;
2860 3960 2953 4016 hic
2983 3964 3186 4027 auctor
3235 3957 3590 4030 synodorum
3637 3961 3728 4013 2|.

2096 4060 2165 4112 22
2195 4056 2252 4111 et
2282 4056 2351 4125 2,4
2372 4053 2588 4109 extitit.
2624 4052 2873 4106 Sanetus
2894 4048 3168 4105 Etherius
3196 4065 3210 4114 ;
3258 4046 3391 4103 huic
3433 4045 3735 4103 scribebat

2098 4145 2304 4200 beatus
2332 4156 2478 4213 papa
2502 4138 2834 4209 Gregorius.
2868 4135 3249 4193 Secundinus.
3287 4133 3737 4204 Arigius.Tetri-

2096 4246 2221 4287 cus.
2254 4228 2630 4284 Gandericus.
2666 4226 2988 4283 Viventius.
3024 4225 3271 4281 Sanctus
3321 4219 3737 4279 Aonemundus

2099 4318 2321 4374 martir.
2359 4318 2607 4372 Sanctus
2641 4314 2940 4371 Genesius.
2977 4315 3223 4369 Sanetus
3268 4311 3689 4367 Lamdebertus
3719 4326 3733 4375 ;

2100 4406 2272 4476 hujus
2298 4410 2560 4477 tempore
2572 4404 2715 4461 obiit
2733 4406 2973 4460 sanctus
2996 4401 3257 4458 Bonitius
3275 4404 3335 4456 et
3365 4397 3623 4469 Lugduni
3640 4400 3736 4454 est

2101 4494 2388 4567 sepultus,
2416 4493 2511 4564 qui
2544 4492 2839 4564 Clippiaco
2872 4491 2928 4546 in
2961 4489 3179 4561 palatio
3226 4487 3408 4557 regali
3469 4491 3735 4543 sanctum

2099 4584 2452 4639 Ansbertum
2483 4582 2966 4649 Rotomagensem
2983 4576 3349 4634 consecravit
3384 4574 3732 4631 antistitem.

2099 4673 2346 4727 Sanctus
2369 4669 2648 4726 Gudinus.
2685 4664 3142 4723 Fulcoaldusm.
3182 4664 3285 4720 Hic
3334 4664 3422 4720 est
3476 4661 3713 4718 Fulcoal

2100 4761 2210 4817 dus
2232 4758 2547 4831 episcopus
2562 4756 2658 4827 qui
2676 4769 2892 4827 corpus
2911 4753 3098 4811 sancti
3114 4752 3303 4810 Boniti
3319 4750 3739 4808 “°.Arvernen-

2101 4850 2262 4906 sibus
2282 4846 2560 4903 reddidit.
2597 4842 3009 4900 Madalbertus.
3054 4841 3194 4898 Ado.
3240 4839 3553 4912 Eldoynus.
3615 4838 3739 4894 Lei-

2100 4935 2592 5005 dradustempore
2607 4929 2796 4987 Karoli
2817 4929 2999 5001 Magni
3019 4947 3033 4997 ;
3050 4930 3143 4987 hic
3158 4926 3740 4997 restauravitLugdu-

2102 5038 2336 5082 nensem
2353 5020 2674 5079 aacclesiam
2699 5022 2826 5092 post
2844 5018 3311 5075 destructionem
3323 5015 3737 5073 Wandalorum

2105 5110 2444 5183 Agobardus
2475 5107 2741 5166 doctrina
2765 5106 2962 5164 clarus
2981 5109 3248 5178 tempore
3288 5103 3563 5161 Ludovici
3614 5103 3729 5159 Pii.

1706 5252 1943 5310 VARUE
1982 5252 2276 5311 LECTION
2280 5251 2379 5307 ES.

421 5378 487 5460 "j
508 5380 741 5460 _Post—-
769 5381 1026 5460 imperio
1046 5382 1113 5460 in
1129 5397 1327 5460 marg.
1382 5382 1449 5416 ³⁷⁸
1475 5384 1808 5460 Sequentia
1837 5387 2039 5460 omnia
2064 5399 2255 5460 usque
2283 5384 2365 5446 ad
2376 5384 2569 5458 finem
2592 5380 2856 5454 cataloqi
2870 5378 3227 5453 pontiﬁcum
3248 5376 3736 5450 Lugdunensium

355 5451 581 5525 infolio
607 5452 828 5510 assuto.
858 5450 871 5452 '
904 5450 971 5483 ¹⁷⁰
1001 5452 1136 5508 fulc.
1173 5450 1443 5513 deletum.
1479 5450 1679 5514 ¹⁸⁰ῑ>οω
1706 5456 1918 5519 deleta.
