3936 6050
170 126 251 201 9‘7
1454 135 1961 211 CHRONICON.
1990 170 2072 194 α-
2097 140 2257 213 LIB.
2289 140 2338 213 Ῑ.
3516 157 3596 220 98

173 275 406 348 Amolo,
432 274 895 354 cujustempore,
913 278 1141 339 utidem
1159 276 1286 355 ipse
1306 285 1581 353 testatur,
1606 285 1663 339 et
1681 279 1832 352 Egil-
1857 278 1916 343 A
1943 291 2121 336 mare.
2156 279 2322 348 Quod
2353 298 2599 345 cernens
2636 284 2878 358 Tiberis,
2912 286 3267 360 expoliatum
3308 303 3434 347 eam
3461 290 3591 348 the-

172 380 380 422 marus
408 368 777 439 Viennensis,
809 369 1211 428 Bartolomeus
1238 385 1469 443 quoque
1501 372 1832 428 Narbonen-

174 452 284 524 sis,
312 455 645 526 Stephanus
680 457 1051 528 Belgicensis,
1084 459 1290 515 Alteus
1321 459 1629 529 Eduensis,
1663 458 1833 515 Odol-

168 555 422 613 manpus
452 546 860 617 Mattiscensis,
883 548 938 602 in
970 547 1216 619 epistola
1252 548 1427 604 missa
1453 547 1703 604 Rodull‘o
1731 549 1835 618 By-

166 635 375 687 turum
405 634 851 708 archiepiscopo
878 641 937 693 et
971 637 1241 694 omnibus
1272 624 1570 710 episcopis
1594 638 1833 707 Aquita-

179 718 296 773 nia:
313 721 845 794 Novempopulanas
865 730 923 780 et
947 726 1341 782 Narbonensis
1365 727 1585 797 primas,
1603 739 1709 796 per
1730 723 1832 779 300

161 807 288 863 fere
334 823 519 867 annos
542 812 942 882 Lugdunensis
963 814 1213 870 ecclesia
1240 815 1551 887 primatum
1582 811 1833 870 aeclesia-

169 910 300 950 rum
327 897 385 952 in
410 899 591 955 Gallia
614 901 686 957 ab
708 901 856 972 ipsis
879 903 1245 974 temporibus
1262 902 1659 975 apostolorum
1685 900 1832 971 opti-

172 997 324 1041 nens
349 984 437 1057 λεί,
462 987 623 1044 vices
653 989 1040 1047 Romanorum
1067 992 1403 1063 pontiﬁcum
1430 1007 1533 1063 pro
1563 1005 1681 1047 sua:
1705 1003 1831 1046 san-

167 1072 407 1130 ctitatis
462 1076 672 1133 merito
702 1078 981 1149 optinuit.
1013 1080 1311 1149 Remigius
1341 1085 1602 1151 tempore
1636 1078 1827 1136 Karoli

169 1160 354 1216 Calvi.
392 1162 643 1220 Sanctus
675 1166 1022 1224 Aurelianus
1053 1167 1282 1238 legatus
1310 1170 1581 1225 Romana
1627 1166 1826 1231 sedis;

116 1307 131 1318 ,
166 1256 309 1320 post
341 1267 531 1323 quem,
558 1254 664 1310 fuit
692 1256 966 1325 Agrinius
998 1256 1421 1326 Linguonensis
1451 1258 1549 1329 qui
1584 1271 1697 1312 non
1732 1256 1829 1311 ha-

173 1339 351 1394 betur
382 1341 438 1395 in
473 1357 729 1399 numero.
780 1343 1040 1401 Aluvala.
1094 1346 1442 1402 Bernardus.
1496 1345 1821 1402 Austerius.

170 1427 494 1496 Remigius.
518 1432 923 1490 Anschericus.
943 1433 1125 1490 Wido.
1154 1433 1519 1491 Amblardus.
1546 1433 1824 1490 Borchar-

171 1515 281 1571 dus
314 1530 516 1574 senex.
543 1519 912 1591 Bocchardus
936 1522 1191 1591 juvenis.
1216 1524 1461 1579 Sanctus
1492 1521 1816 1579 Odelricus.

177 1605 551 1663 Halinardus.
586 1609 833 1667 Sanctus
864 1611 1180 1668 Gebuinus.
1219 1614 1381 1682 Hugo
1411 1610 1497 1668 ιδ’.

240 1692 541 1768 [Faunae]
574 1697 1085 1770 Langobardorum
1110 1700 1289 1771 igitur
1310 1715 1455 1770 gens
1478 1701 1817 1773 priusquam

165 1782 270 1837 hoc
323 1784 557 1841 nomine
598 1789 909 1844 vocaretur
937 1801 1178 1857 egressa
1213 1788 1284 1844 de
1315 1788 1655 1844 Scatanavia
1690 1802 1818 1858 quae

167 1874 259 1927 est
288 1871 447 1927 ultra
480 1874 806 1931 Danubium
848 1881 906 1931 et
950 1892 1106 1933 mare
1158 1892 1457 1946 oceanum,
1495 1876 1815 1933 Danubium

163 1962 568 2017 transmeavit.
606 1964 746 2019 Cum
770 1965 1006 2021 a'Hunis
1036 1965 1380 2036 interrogati
1407 1966 1815 2036 fuissent,quae

157 2061 304 2117 gens
326 2050 617 2107 terminos
639 2065 840 2110 eorum
865 2069 1004 2110 ausa
1034 2054 1237 2111 fuisset
1259 2054 1497 2110 vitiaret
1514 2054 1673 2110 eteis
1699 2052 1816 2109 bel-

160 2136 273 2193 lum
307 2144 667 2196 conarentur
699 2141 938 2213 intrare,
979 2141 1062 2197 illi
1091 2142 1368 2199 mulieres
1400 2158 1814 2215 praeceperune

154 2239 378 2281 comam
411 2227 624 2299 capitis
653 2230 725 2285 ad
757 2230 1023 2287 maxillas
1048 2236 1109 2287 et
1138 2236 1394 2287 mentum
1431 2230 1703 2301 religare,
1750 2236 1809 2287 ut

166 2313 432 2370 habitum
446 2316 705 2374 virorum
720 2318 1068 2391 similarent,
1089 2325 1152 2376 ut
1176 2321 1301 2391 ipsa
1324 2336 1425 2377 sua
1449 2319 1809 2376 multitudint

166 2401 368 2459 hostes
404 2408 793 2478 terrerentur,
818 2422 886 2464 eo
906 2408 1060 2479 quod
1086 2408 1395 2465 mulierum
1415 2422 1596 2464 comae
1629 2408 1699 2464 ad
1733 2408 1813 2463 in-

162 2496 283 2545 star
317 2492 520 2550 barbae
552 2493 719 2552 valde
748 2494 933 2566 longas
965 2511 1097 2553 esse
1125 2496 1502 2561 viderentur;
1531 2500 1588 2551 et
1623 2495 1813 2569 excla-

170 2587 476 2636 maverunt
499 2596 700 2639 omnes
718 2602 730 2638 :
747 2585 892 2641 Hac
910 2585 1156 2657 estgeus
1177 2584 1716 2655 Langobardorum.
1742 2586 1814 2640 Et

172 2663 248 2718 ita
283 2664 503 2721 bellum
533 2666 756 2739 ineunt,
786 2670 979 2726 Hunos
1009 2674 1310 2742 superant,
1342 2675 1565 2742 partem
1597 2671 1815 2725 Panno-

164 2752 268 2807 nia:
317 2753 622 2812 invadunt.
658 2758 857 2814 Narsis
886 2773 1025 2829 ergo
1059 2760 1340 2831 patricius
1368 2774 1496 2817 cum
1528 2763 1684 2815 esset
1715 2774 1815 2816 eu—

168 2841 414 2912 nuchus,
437 2847 499 2899 et
521 2845 731 2915 Sophia
754 2862 902 2903 uxor
925 2848 1138 2905 Iustiui
1173 2848 1543 2919 imperatoris
1573 2862 1814 2920 appara-

164 2934 285 2986 tum
318 2932 664 2989 muliebrem
697 2950 771 2990 ex
798 2950 941 2992 auro
974 2938 1186 2993 factum
1218 2937 1271 2993 ei
1305 2937 1375 2992 mi
1398 2942 1585 3008 ‘ISSBt,
1611 2941 1671 2994 ut
1694 2936 1813 2993 ﬁla-

158 3022 311 3075 retet
333 3034 510 3091 pensa
536 3020 893 3080 lanariorum
914 3030 974 3081 et
998 3042 1110 3082 non
1133 3025 1405 3098 populum
1430 3029 1683 3096 regeret,
1703 3025 1803 3081 ille

157 3108 340 3165 iratus
368 3112 676 3181 respondit
711 3132 723 3167 :
759 3114 971 3171 Filabo
990 3116 1174 3186 ﬁlum
1204 3115 1273 3172 de
1300 3130 1414 3188 quo
1439 3116 1722 3173 Justinus
1755 3117 1816 3171 et

161 3210 313 3252 mor
335 3198 467 3269 ejus
478 3199 560 3256 ad
569 3202 750 3273 caput
763 3205 967 3261 venire
986 3218 1104 3261 non
1116 3204 1397 3276 poterunt
1417 3205 1517 3277 [PA
1526 3221 1608 3261 UL.
1626 3204 1809 3276 Duc]

162 3284 262 3341 Hic
294 3284 366 3318 ¹⁸³
398 3287 642 3344 Totilam
672 3290 986 3347 Gothorum
1022 3307 1215 3363 regem
1245 3293 1483 3364 occidit,
1510 3294 1610 3350 sed
1646 3308 1812 3349 accu-

155 3376 315 3429 satus
348 3388 454 3445 per
482 3375 759 3433 invidiam
803 3392 835 3433 a
884 3380 1163 3437 Romanis
1214 3381 1467 3437 recessit
1515 3380 1810 3452 Neapolim

154 3462 369 3533 Campa
387 3463 515 3520 nias.
545 3465 836 3538 [Faunae]
866 3469 932 3522 Et
966 3470 1374 3540 Langobardos
1423 3486 1453 3526 a
1503 3470 1813 3527 Pannoniis

166 3548 419 3607 invitans
450 3551 505 3607 in
535 3553 757 3611 Italiam
773 3570 902 3611 cum
928 3571 1064 3626 rege
1084 3556 1329 3613 Alboino
1349 3557 1693 3628 introduxit,
1713 3560 1809 3629 qui

165 3636 571 3696 Glodesindam
604 3641 780 3698 tiliam
815 3642 1093 3700 Clotharii
1127 3645 1284 3717 regis
1314 3645 1587 3702 Clodovei
1621 3658 1811 3717 magni

156 3725 322 3783 duxit
358 3743 625 3786 uxorem.
660 3731 783 3799 Qua
814 3730 882 3765 ¹⁸⁴
913 3733 1186 3790 defuncta
1239 3732 1409 3790 aliam
1460 3735 1627 3791 duxit
1673 3730 1815 3792 uxo-

160 3830 278 3871 rem
308 3818 482 3888 cujus
512 3826 755 3877 matrem
788 3821 1108 3893 occiderat,
1135 3837 1165 3879 a
1197 3837 1309 3893 qua
1342 3827 1400 3879 et
1430 3823 1557 3895 ipse
1591 3839 1811 3881 veneno

168 3906 386 3977 periit..
412 3908 513 3965 Hic
535 3910 771 3982 invasit,
809 3916 869 3968 ut
904 3912 1124 3970 dictum
1152 3917 1261 3983 est,
1288 3912 1533 3985 Italiam,
1559 3917 1616 3970 et
1643 3916 1811 3971 obse-

170 3994 275 4065 dit,
290 3994 529 4052 Romam
550 3999 919 4056 vastavit.....
941 3999 1302 4070 Langobardi
1326 4014 1466 4070 ergo
1489 4000 1720 4057 elevato
1742 3999 1810 4033 1³⁸

167 4095 301 4152 rege
330 4098 514 4156 super
541 4101 602 4143 se
633 4086 772 4159 Clyp
817 4088 1045 4144 nomine
1077 4088 1371 4145 irruentes
1403 4087 1809 4159 Galliis,Ama-

165 4176 281 4226 tum
305 4173 620 4243 patricium
646 4175 936 4248 perimunt
959 4181 1019 4233 et
1053 4176 1267 4233 multas
1301 4181 1531 4248 strages
1562 4178 1801 4249 faciunt,

161 4271 268 4326 pro
295 4273 415 4329 quo
449 4261 792 4319 Mummolus
824 4263 1200 4335 patriciatum
1233 4264 1565 4337 assumpsit.

1942 370 2135 427 sauris
2162 378 2236 433 et.
2254 378 2581 447 segregatis
2603 378 2675 434 ab
2698 390 2765 433 ea
2789 376 3007 449 pueris,
3042 378 3098 433 in
3119 379 3384 434 custodia
3408 379 3589 449 jussit

1942 459 2187 515 retrudi.
2214 464 2599 523 Iustinianum
2623 466 2995 536 objurgatum
3020 465 3202 522 multo
3219 469 3585 537 postmodum

1941 560 2138 603 amore
2180 550 2408 608 dilexit.

2011 634 2289 709 (Gestap.
2324 642 2425 711 Β.)
2449 643 2591 699 Post
2609 643 2926 700 Johannem
2952 658 3156 715 papem
3182 657 3352 715 quem
3375 645 3588 703 Tende-

1941 722 2097 781 ricus
2146 740 2247 782 rex
2294 731 2552 787 carceris
2598 732 2915 788 afﬂictione
2952 734 3224 803 peremit,
3271 732 3453 804 Felix,
3487 749 3587 791 na-

1938 810 2097 867 tione
2111 813 2391 887 Samnius,
2412 825 2579 889 patre
2595 820 2880 889 Castorio,
2912 821 3063 876 sedit
3088 835 3139 876 a.
3158 824 3190 875 4
3216 835 3287 876 m.
3314 824 3370 892 2,
3395 822 3450 878 (1.
3498 826 3585 893 13,

1938 898 2078 953 Post
2104 914 2233 957 eum
2268 904 2596 962 Bonifacius
2629 908 2945 964 Romanus.
2980 912 3146 978 patre
3181 908 3465 978 Praejecto
3515 911 3587 967 de

1940 986 2097 1041 Celio
2130 995 2340 1062 monte,
2374 1008 2424 1048 a.
2457 999 2508 1064 2,
2545 1010 2621 1050 m.
2655 998 2705 1059 4,
2740 995 2795 1050 (1.
2829 998 2879 1050 6.
2925 996 3216 1052 Iohannes
3259 995 3343 1052 1“.
3389 998 3486 1068 qui
3527 1005 3586 1055 et

1938 1073 2234 1149 Martinus,
2271 1086 2399 1150 post
2448 1083 2801 1139 Bonifacium
2850 1085 3002 1139 sedit
3043 1084 3208 1140 annis
3237 1090 3289 1155 2,
3326 1101 3398 1140 m.
3435 1089 3485 1142 4.
3525 1089 3581 1145 (1.

1938 1167 1990 1233 6,
2023 1165 2165 1220 obiit
2184 1170 2216 1222 6
2239 1168 2503 1226 Kal.Iun.
2522 1176 2580 1227 et
2605 1172 2857 1227 cessavit
2887 1173 3262 1244 episcopatus
3287 1172 3495 1231 diebus
3525 1181 3575 1232 5.

1935 1257 1991 1306 et
2024 1256 2309 1311 successit
2337 1257 2390 1313 ei
2424 1260 2705 1330 Agapitus
2744 1261 3051 1331 Romanus,
3086 1265 3253 1332 patre
3285 1261 3578 1319 Gordiano

1935 1342 2299 1415 presbytero,
2336 1360 2407 1401 m.
2444 1350 2528 1417 11,
2564 1347 2617 1403 d.
2656 1353 2741 1405 19.
2777 1350 2933 1404 Inter
2965 1348 3270 1420 Agapitum
3304 1354 3364 1405 et
3396 1350 3576 1408 Silve-

1932 1426 2081 1484 rium
2112 1430 2166 1485 (1.
2209 1434 2295 1488 29.
2348 1434 2630 1491 Silverius
2680 1436 3025 1507 Campanus,
3074 1442 3237 1507 patre
3288 1437 3575 1508 Ormisda,

1931 1517 2243 1589 episcopus
2295 1522 2488 1579 Romae
2533 1539 2582 1579 a.
2626 1528 2675 1595 1,
2712 1539 2784 1580 m.
2821 1528 2871 1592 5,
2904 1524 2957 1579 (1.
2994 1527 3077 1581 11.
3115 1525 3280 1579 Anno
3326 1525 3398 1581 ab
3459 1526 3576 1583 inc.

1845 1638 1903 1700 Β
1931 1604 2090 1700 Dom.
2141 1612 2262 1679 538,
2315 1609 2633 1700 indictione
2686 1619 2732 1667 1.
2767 1611 3015 1700 Vigilius
3059 1612 3384 1700 Romanus,
3410 1618 3576 1685 patre

1928 1693 2185 1751 Iohanne
2213 1697 2474 1767 consule,
2510 1713 2560 1754 a.
2613 1704 2692 1769 18,
2727 1714 2798 1754 m.
2834 1702 2885 1766 6,
2922 1698 2976 1754 d.
3013 1702 3100 1754 26.
3136 1701 3299 1756 Anno
3330 1699 3396 1734 1"
3431 1716 3575 1772 pra}-

1929 1781 2157 1839 sulatus
2185 1798 2348 1856 papae
2378 1785 2568 1855 Vigilii
2604 1790 2690 1857 14,
2716 1787 3036 1843 indictione
3061 1790 3145 1857 14,
3168 1801 3318 1844 anno
3351 1788 3424 1845 ab
3455 1788 3568 1845 inc.

1926 1870 2086 1926 Dom.
2124 1873 2408 1946 (Gestap.
2443 1876 2542 1943 Ε.)
2568 1880 2688 1945 552,
2715 1876 2916 1946 quinta
2950 1877 3211 1947 synodus
3245 1866 3575 1934 Constanti-

1926 1958 2279 2030 nopolitana.
2305 1964 2467 2018 Anno
2497 1964 2808 2020 Iustiniani
2839 1965 3052 2021 Iustiui
3086 1964 3321 2034 majoris
3345 1967 3583 2038 nepotis

1923 2051 2012 2116 27,
2037 2048 2281 2118 Vigilius
2312 2065 2343 2107 a
2372 2052 2696 2109 Iustiniano
2728 2053 2784 2108 in
2817 2053 3055 2110 exilium
3085 2053 3374 2120 truditur;
3401 2069 3563 2111 revo-

1924 2137 2091 2192 catus
2120 2152 2250 2193 cum
2278 2140 2515 2196 Romam
2548 2146 2971 2211 reverteretur,
3008 2142 3060 2196 in
3096 2141 3289 2199 Sicilia
3318 2142 3560 2200 civitate

1924 2224 2284 2294 Syracusana
2317 2228 2526 2284 calculi
2551 2229 2754 2285 dolore
2780 2230 3042 2287 moritur.
3072 2230 3344 2300 Pelagius
3365 2233 3570 2289 Roma-

1924 2326 2054 2381 nus,
2091 2318 2256 2384 patre
2291 2316 2551 2373 Iohanne
2602 2317 2915 2387 vicariano,
2950 2333 3000 2373 a.
3032 2322 3119 2387 11,
3156 2333 3228 2374 m.
3265 2324 3352 2388 10,
3389 2319 3444 2375 (1,
3481 2323 3567 2377 18.

1928 2399 2028 2454 Hic
2041 2400 2348 2457 ordinatus
2366 2416 2396 2457 a
2412 2402 2641 2459 duobus
2663 2404 2958 2475 episcopis
2983 2408 3042 2459 et
3064 2420 3177 2459 uno
3198 2406 3572 2477 presbytero.

1927 2487 2084 2542 Inter
2112 2486 2407 2557 Pelagium
2439 2496 2495 2544 et
2527 2489 2841 2547 Iohannem
2865 2490 2920 2547 (1.
2947 2494 3035 2547 26.
3059 2492 3350 2548 Iohannes
3371 2493 3577 2549 Roma-

1924 2588 2054 2645 nus,
2086 2582 2253 2645 patre
2293 2577 2620 2647 Anastasio,
2653 2594 2702 2634 a.
2740 2583 2824 2634 12.
2879 2594 2951 2635 m.
2988 2582 3071 2650 10,
3118 2579 3173 2635 (1.
3216 2584 3303 2636 26.
3342 2580 3444 2637 Hic
3486 2595 3576 2638 re-

1924 2663 2209 2719 stauravit
2232 2656 2516 2721 cimiteria
2537 2672 2853 2737 martyrum
2868 2670 2927 2724 et
2944 2667 3249 2725 constituit
3267 2683 3370 2739 per
3389 2669 3571 2726 Domi-

1924 2751 2424 2810 nicasoblationes
2446 2759 2501 2810 et
2528 2753 2852 2812 luminaria.
2874 2756 3223 2813 Benedictus
3247 2758 3565 2828 Romanus,

1924 2845 2091 2911 patre
2124 2842 2438 2914 Bonifacio,
2465 2857 2514 2899 a.
2542 2845 2593 2914 4,
2618 2860 2688 2900 m.
2726 2849 2775 2915 1,
2812 2846 2867 2901 (1.
2897 2850 2985 2903 28.
3020 2847 3178 2902 Inter
3205 2860 3335 2901 eum
3367 2849 3423 2902 et
3466 2848 3569 2903 Pe-

1924 2927 2142 2999 lagium
2175 2932 2230 2987 (1.
2268 2936 2317 2987 5.

1997 3017 2203 3086 (Gesta
2213 3036 2278 3091 ρ.
2313 3022 2414 3088 Ε.)
2449 3023 2610 3078 Anno
2640 3023 2713 3077 ab
2750 3022 2860 3078 inc.
2898 3024 3056 3078 Dom.
3101 3027 3222 3079 582,
3261 3022 3568 3080 Mauritius

1923 3106 2240 3178 imperator
2254 3110 2549 3165 successit
2565 3110 2826 3179 Tyberio,
2847 3109 3110 3178 regnavit
3134 3124 3185 3165 a.
3213 3110 3447 3166 16.Post
3470 3111 3570 3166 Be-

1921 3195 2215 3251 nedictum
2267 3196 2421 3253 sedit
2479 3199 2672 3254 Romae
2730 3197 3000 3269 Pelagius
3049 3198 3360 3268 Romanus,
3396 3203 3563 3271 patre

1921 3283 2210 3355 Unigildo,
2244 3300 2294 3340 a.
2331 3288 2416 3356 10,
2452 3301 2525 3342 m.
2550 3290 2603 3356 2,
2632 3287 2687 3342 (1.
2714 3289 2894 3343 10.Εο
2928 3286 3299 3358 imperitante
3329 3287 3568 3343 fuerunt

1922 3371 2553 3444 pluviaa,utvideretur
2574 3374 2855 3431 diluvium
2890 3374 3135 3431 redisse.
3157 3376 3333 3431 Tanta
3368 3374 3569 3432 clades

1923 3467 2195 3534 quantam
2224 3462 2420 3519 nullus
2451 3464 2709 3519 meminit
2735 3477 2766 3519 a
2788 3463 2989 3520 seculo
3015 3463 3216 3532 fuisse,
3236 3477 3347 3534 qua
3381 3462 3558 3519 etiam

1921 3552 2192 3623 Pelagius
2212 3566 2357 3623 papa
2382 3553 2631 3609 moritur
2643 3556 2703 3608 et
2719 3551 3033 3622 Gregorius
3048 3551 3259 3607 doctor
3279 3550 3570 3607 electione

1922 3641 2063 3698 cleri
2088 3647 2146 3697 et
2173 3640 2368 3713 populi
2394 3642 2800 3712 pontificatum
2819 3643 3086 3697 Romanae
3101 3641 3357 3711 suscepit
3381 3638 3569 3697 eccle-

1922 3731 2043 3801 size,
2076 3745 2225 3786 anno
2256 3730 2482 3801 imperii
2517 3730 2773 3787 Mauricii
2815 3734 2900 3801 10,
2935 3731 3008 3785 ab
3038 3729 3436 3786 incarnatione
3464 3730 3571 3786 Do-

1922 3821 2058 3876 mini
2088 3835 2237 3877 anno
2275 3824 2397 3891 592,
2433 3820 2749 3877 indictione
2801 3825 2887 3889 10,
2930 3824 3136 3892 epacta
3185 3823 3273 3889 21,
3324 3834 3569 3878 concur-

1921 3915 2086 3966 rente
2113 3915 2167 3979 7,
2200 3912 2373 3965 natus
2415 3909 2728 3980 Romanus,
2763 3914 2929 3980 patre
2976 3908 3287 3977 Gordiano,
3325 3907 3479 3964 sedit
3510 3923 3562 3965 a.

1920 4002 2005 4068 13,
2042 4013 2114 4053 m.
2148 4003 2201 4067 6,
2226 3998 2281 4053 d.
2313 4002 2396 4054 10.
2431 3998 2532 4053 Hic
2564 3998 2698 4053 fecit
2734 4002 2796 4054 ut
2831 3998 3011 4054 missa
3043 4002 3357 4053 caneretur
3387 4011 3565 4068 supra

1919 4101 2134 4158 corpus
2179 4086 2332 4142 beati
2378 4087 2537 4142 Petri
2587 4086 2853 4156 apostoli.
2892 4088 3053 4142 Anno
3103 4084 3476 4157 pontificatus
3508 4089 3561 4156 4,

1919 4174 2237 4230 indictione
2270 4178 2356 4244 13,
2389 4178 2746 4244 congregata
2775 4173 2997 4244 synodo
3040 4176 3111 4228 24
3152 4172 3565 4245 episcoporum

1917 4264 2075 4321 beati
2108 4262 2269 4319 Petri
2302 4262 2554 4336 apostoli
2587 4262 2658 4319 de
2690 4263 3020 4321 necessaris
3050 4261 3318 4319 ecclesias
3349 4266 3567 4319 tracta-

225 4347 421 4418 [Pamu
456 4350 637 4422 Duc]
670 4352 770 4408 [Iis
801 4366 941 4422 ergo
969 4352 1179 4410 diebus
1212 4353 1366 4425 apud
1400 4354 1805 4411 Constantino-
1833 4352 1888 4416 D
1914 4354 2018 4410 vit.
2071 4353 2175 4409 Hic
2221 4351 2418 4408 missis
2467 4352 2849 4409 Brittanniam
2909 4350 3255 4422 Augustino,
3320 4350 3559 4423 Mellito,

156 4434 476 4507 polimcum
500 4439 753 4496 amentia
777 4455 947 4511 quam
972 4442 1300 4498 incurrerat
1325 4448 1556 4500 mortuo
1574 4443 1802 4501 Iustino
1912 4443 2169 4500 Iohanne
2200 4446 2260 4497 et
2307 4440 2437 4498 aliis
2486 4440 2755 4514 pluribus
2805 4441 3102 4500 monachis
3146 4441 3219 4498 ad
3270 4439 3563 4498 Christum

160 4529 222 4580 17
247 4538 401 4581 anno
422 4526 588 4596 regni
622 4528 732 4599 sui,
766 4529 1049 4601 Tiberius,
1083 4531 1179 4603 qui
1213 4546 1344 4588 cum
1378 4531 1587 4604 Sophia
1621 4547 1801 4590 uxore

153 4612 360 4669 Iustiui
391 4628 633 4686 regnum
667 4618 926 4688 regebat,
953 4619 1169 4676 invasit
1198 4620 1505 4692 imperium
1525 4624 1581 4677 et
1609 4621 1798 4679 tenuit

158 4715 207 4758 a.
239 4704 293 4772 6,
328 4717 402 4758 ω.
440 4709 525 4775 10,
563 4704 620 4761 (1.
653 4708 704 4762 8.
738 4705 845 4772 Qui
877 4710 935 4763 et
968 4706 1335 4778 largissimus
1381 4709 1437 4765 in
1469 4709 1803 4768 elemosinis

157 4790 279 4849 fuit.
315 4791 529 4864 Sophia
560 4794 843 4852 adversus
875 4796 1165 4855 Tiberium
1191 4798 1434 4855 insidias
1455 4813 1687 4870 parans,
1706 4802 1802 4857 Iu-

160 4880 471 4937 stinianum
497 4882 712 4940 Iustiui
742 4888 1012 4957 nepotem
1043 4885 1102 4943 in
1133 4899 1377 4959 regnum
1410 4886 1598 4946 voluit
1627 4889 1800 4948 subli~

1915 4530 2136 4602 Anglos
2164 4531 2476 4587 convertit.

1987 4619 2178 4692 [And]
2202 4620 2481 4690 Tempore
2504 4617 2572 4652 1⁸⁸
2593 4617 2912 4690 Leovigildi
2935 4620 3193 4677 Renatus
3213 4618 3564 4677 Viennensis

1915 4710 2229 4783 episcopus
2278 4707 2501 4777 ﬂoruit,
2535 4706 2633 4778 qui
2684 4706 2890 4764 eodem
2939 4721 3087 4764 anno
3138 4720 3252 4778 quo
3297 4704 3563 4763 Justinus

1920 4812 2120 4858 amens
2152 4797 2341 4853 factus
2366 4799 2477 4866 est,
2505 4794 2671 4851 obiit.

1984 4886 2204 4962 [83011.]
2237 4883 2706 4958 Hermenigildus
2734 4882 3018 4957 Levigildi
3050 4881 3371 4941 Gothorum
3402 4879 3560 4952 regis

1749 5021 1974 5081 ΝΟΤᾸΕ.

226 5145 293 5180 “¹
317 5148 553 5230 sanast
583 5149 702 5230 ιεαέ
746 5148 1281 5230 “sistat-3341.58
1307 5149 2521 5230 πιστκξῡαε,αθναυιεηιουσβτιῡίίρίψιξτιη,ς
2574 5150 2796 5230 Partes
2839 5146 3251 5230 “sanandus-
3269 5144 3561 5230 .Huebal-

162 5217 737 5304 d-us,_Yiaeliacensis
766 5222 969 5304 abbas.
1002 5220 1341 5304 Rainaldus.
1374 5217 2166 5304 Falco._Petru_s.__Amedeus
2186 5221 2422 5301 obiit_in
2454 5218 2870 5304 itinerejiterg
2900 5219 2974 5304 ᾖ]
3026 5217 3554 5304 Illerosolii‘ulit.an?t

164 5286 496 5347 Hunbertus
524 5290 623 5363 qui
652 5297 923 5366 superest
955 5292 1145 5351 adhuc
1169 5307 1224 5351 υ.
1255 5307 1443 5399 θείῃ-α
1559 5299 1681 5353 282.
1719 5296 1792 5372 ης
1822 5299 1922 5356 Hic
1961 5328 2032 5338 —
2083 5291 2408 5368 Campania)
2456 5292 2525 5349 in
2566 5286 2872 5370 mare.“
2912 5286 3035 5374 lea
3084 5319 3155 5330 —
3192 5289 3449 5349 vastavit
3489 5288 3561 5344 in

164 5374 351 5423 nam.
379 5359 448 5395 ω
474 5376 525 5418 e.
562 5377 607 5417 ι’.
645 5378 692 5420 s.
717 5378 764 5421 s.
801 5364 860 5421 C.
894 5379 950 5421 n.
981 5377 1274 5423 sameram
1401 5366 1468 5423 Io
1514 5409 1526 5422 .
1561 5399 1632 5410 —
1659 5369 1916 5423 auinane
1944 5369 2014 5423 in
2028 5381 2223 5423 mam.
2265 5362 2332 5398 “7
2354 5364 2520 5421 Anno
2549 5391 2620 5404 —
2648 5364 2898 5420 moritur
2939 5374 3011 5422 ut
3039 5373 3234 5423 mare.
3288 5357 3358 5394 ¹⁸³
3398 5360 3560 5417 Tem-

158 5374 351 5434 πων.
379 5359 622 5436 me).
645 5378 692 5420 s.
717 5359 764 5421 ἐ.
801 5364 860 5421 C.
894 5379 950 5421 n.
981 5377 1274 5436 “mersor.

162 5433 296 5504 pore
322 5463 395 5474 —
420 5433 568 5489 obiit
598 5434 669 5494 in
699 5448 896 5508 marry.

1561 5399 1632 5410 —
1659 5357 1916 5442 quinque
1944 5369 2014 5429 iu
2028 5357 2237 5440 marg:
2265 5362 2332 5398 “7
2354 5364 2520 5421 Anno
2549 5391 2620 5404 —
2648 5357 2898 5420 moritur
2939 5361 3011 5422 ὕοι
3039 5373 3234 5434 marg.
3288 5357 3358 5394 ¹⁸³
3398 5360 3560 5417 Tem-
