3936 6050
322 150 400 214 99
1298 143 1587 212 HUGON
1592 146 1664 211 IS
1707 134 2053 211 ABBATIS
2094 134 2777 211 FLAVINIACENSIS

3246 50 3275 67 ἀ

3602 136 3721 210 100

326 284 502 354 filius,
518 282 591 341 ob
608 282 739 342 ﬁdei
761 280 1065 342 catholicae
1079 280 1504 340 confessionem
1522 280 1964 353 regniprivatus
1996 286 2048 341 A
2079 284 2216 337 nato
2248 280 2397 338 facta
2429 284 2520 338 est
2553 279 2724 338 domo
2755 280 3048 353 Widrado,
3079 284 3138 340 et
3170 276 3502 353 Magoaldus
3536 281 3721 338 abbas

324 372 520 429 infulis
551 389 577 429 a
605 376 768 444 patre
798 373 1041 429 Arriano
1071 378 1128 428 ct
1163 370 1388 428 carceri
1412 372 1677 441 injectus,
1706 371 1832 441 ipsa
1858 371 1966 425 Do-

321 460 547 519 minicze
571 462 1019 518 resurrectionis
1044 465 1212 517 nocte
1234 460 1427 516 securi
1446 460 1495 514 in
1511 458 1705 529 capite
1723 472 1963 528 percus-

327 565 446 619 sus,
482 564 715 618 regnum
750 550 987 606 creleste
1020 565 1121 604 rex
1153 554 1211 603 et
1244 554 1464 617 martyr
1497 546 1755 601 intravit.
1793 546 1969 616 Cujus

327 639 507 694 frater
531 639 903 694 Recharedus
928 653 1026 694 rex
1053 638 1369 693 Gothorum
1397 635 1561 706 prius
1575 635 1861 690 secretius
1881 635 1974 688 ba-

330 726 587 798 ptizatus
612 731 726 795 est,
750 730 808 781 et
846 732 974 797 post
998 740 1197 781 omnes
1223 724 1443 779 Gothos
1464 724 1558 793 qui
1584 729 1721 779 tunc
1746 722 1971 781 Arriani

328 817 492 870 erant
524 812 785 869 Toletum
822 813 1062 868 adunari
1092 812 1277 882 jussit
1324 811 1528 881 quinto
1574 824 1724 866 anno
1765 812 1971 881 pontifi

327 908 495 958 catus
541 902 827 971 Gregorii,
878 905 934 956 et
986 900 1331 972 przesentari
1384 899 1495 955 sibi
1548 914 1748 955 omnes
1793 904 1971 954 sectae

330 991 590 1045 Arrianae
640 989 820 1044 libros
875 1004 1022 1058 quos
1070 995 1130 1043 et
1179 988 1423 1043 cremari
1478 987 1634 1057 fecit,
1669 994 1728 1043 ct
1772 1001 1971 1043 omnes

331 1078 548 1133 Gothos
583 1076 865 1147 baptizari
908 1076 1227 1132 mandavit.

402 1166 591 1237 [Ano.]
637 1165 941 1236 Philippus
986 1178 1221 1234 quoque
1276 1163 1624 1218 Viennensis
1655 1163 1974 1233 episcopus

330 1254 513 1323 viguit
545 1253 665 1322 (fol.
699 1256 808 1325 36),
835 1252 928 1308 cui
959 1252 1248 1308 successit
1280 1253 1561 1307 Evantius
1595 1252 1683 1306 vir
1711 1257 1971 1320 sanctus,

331 1343 425 1414 qui
458 1358 590 1398 cum
622 1352 827 1398 sancto
859 1341 1057 1396 Prisco
1097 1341 1109 1392 Ι
1137 1340 1459 1408 ugdunensi
1517 1345 1577 1397 et
1629 1340 1888 1395 Artemio
1918 1343 1978 1394 et

330 1431 614 1487 Senonico
635 1436 694 1486 et
716 1428 974 1497 Remigio
1000 1427 1345 1484 Bituricensi
1375 1432 1430 1484 et
1457 1428 1591 1483 aliis
1618 1427 1840 1483 sanctis
1862 1428 1979 1498 epi'

328 1518 549 1588 scopis,
585 1517 808 1587 Siagrio
843 1531 1072 1586 quoque
1117 1515 1393 1585 Eduensi,
1428 1521 1498 1572 20
1528 1515 1781 1587 capitula
1819 1518 1983 1572 robo-

2079 368 2385 426 ordinatus
2413 374 2524 440 est,
2559 384 2708 427 anno
2742 372 2814 426 ab
2844 370 2954 427 inc.
2987 372 3145 427 Dom.
3173 376 3297 442 601,
3324 370 3642 428 indictione
3667 375 3719 426 5.

2081 457 2199 527 (fol.
2236 458 2348 529 37.)
2384 461 2544 514 Anno
2578 459 2761 529 primo
2792 460 3127 517 Theoderici
3163 462 3336 531 regis,
3370 460 3467 531 qui
3498 462 3622 516 erat
3650 460 3725 515 ab

2081 545 2192 602 inc.
2227 548 2386 603 Dom.
2423 552 2552 617 606,
2575 549 2735 603 Foeta
2758 563 2897 603 vero
2921 548 3296 620 imperatoris
3315 554 3366 619 3,
3394 548 3541 604 idem
3566 547 3726 604 dom-

2082 648 2190 689 nus
2222 634 2610 691 Theodericus
2639 639 3056 691 testamentum
3098 636 3287 693 domni
3324 636 3601 692 ’Widradi
3652 635 3727 692 de

2081 726 2277 777 castro
2308 737 2407 779 seu
2439 723 2707 779 coenobio
2732 722 3147 780 Flaviniacensi
3172 724 3365 794 sigillo
3390 740 3494 781 suo
3516 723 3728 780 confir-

2084 811 2257 865 mavit
2302 811 2537 881 factum,
2571 815 2628 866 et
2674 812 3086 868 corroboravit
3130 812 3282 885 apud
3336 813 3723 882 Sinemurum,

2082 898 2338 954 secundo
2361 903 2492 970 post
2520 900 2830 955 transitum
2856 900 3043 957 sancti
3069 900 3330 970 Gregorii
3350 900 3728 972 anno,primo

2081 986 2307 1043 scilicet
2337 993 2587 1059 papatus
2618 989 2932 1059 Saviniani,
2962 990 3317 1061 praesidente
3352 990 3728 1059 Lugdunensi

2081 1075 2363 1132 :ecclesizn
2401 1076 2729 1133 Secundino
2761 1078 3224 1151 archiepiscopo.

2156 1165 2319 1219 Anno
2352 1165 2422 1220 ab
2456 1165 2568 1221 inc.
2594 1167 2754 1221 Dom.
2782 1169 2887 1223 602
2908 1166 2996 1237 ¹⁹⁰,
3025 1169 3203 1223 Focas
3224 1168 3340 1224 dux
3363 1172 3422 1223 et
3444 1167 3731 1238 patricius

2086 1251 2170 1306 rei
2207 1251 2453 1321 publica:
2485 1252 2674 1308 victor
2703 1268 2733 1309 a
2768 1254 2963 1310 Persis
2994 1254 3244 1325 rediens,
3272 1254 3605 1312 Mauricium
3630 1254 3734 1309 im-

2088 1343 2421 1410 peratorem
2436 1340 2755 1411 interfecit,
2771 1345 2829 1397 et
2846 1342 3147 1414 imperium
3166 1343 3483 1414 assumpsit
3503 1361 3517 1411 ;
3535 1357 3738 1414 regna-
3804 1328 3813 1335 ”

2088 1427 2172 1482 vit
2213 1441 2394 1483 annos
2422 1431 2456 1483 8
2486 1427 2573 1484 “1.
2608 1431 2687 1485 Eo
2722 1444 2874 1486 anno
2906 1431 3179 1487 Etherius
3208 1431 3612 1501 Lugdunensis
3642 1447 3735 1487 ar-

2092 1515 2502 1587 chiepiscopus
2533 1518 2697 1583 obiit,
2734 1519 2788 1573 in
2821 1517 2949 1586 ejus
2978 1518 3168 1575 locum
3221 1519 3605 1576 substituitur
3637 1520 3736 1576 Se-

326 1607 507 1671 ravit;
532 1606 624 1661 cui
660 1605 946 1661 successit
982 1607 1186 1673 Verus,
1218 1605 1386 1674 cujus
1418 1605 1699 1661 diaconus
1728 1605 1833 1659 fuit
1852 1619 1980 1660 san-
2012 1632 2062 1690 B
2091 1604 2397 1661 cundinus.
2435 1608 2597 1661 Anno
2638 1607 2800 1662 Focm
2844 1614 2897 1675 2,
2934 1606 3251 1664 indictione
3298 1612 3351 1676 8,
3386 1612 3591 1679 epacta
3638 1611 3731 1678 26,

324 1699 455 1751 ctus
487 1693 825 1750 Desiderius
856 1692 1157 1763 Eduensis,
1184 1697 1241 1748 et
1265 1694 1315 1748 ei
1347 1693 1641 1749 successit
1663 1692 1980 1749 Domnolus

332 1782 386 1837 in
425 1781 782 1839 redimendis
824 1780 1076 1851 captivis
1123 1786 1419 1848 strenuus,
1468 1782 1639 1851 eique
1686 1782 1978 1837 successit

333 1870 612 1926 Etherius
643 1874 905 1941 tempore
937 1869 1146 1925 Eraclii
1191 1870 1584 1939 imperatoris.

401 1959 692 2030 [Fumea]
716 1974 785 2015 eo
817 1973 965 2014 anno
1000 1973 1145 2014 uxor
1178 1959 1398 2013 Arnulfi
1435 1959 1807 2029 imperatoris
1846 1961 1982 2015 Per-

326 2061 521 2104 sarum
548 2047 730 2104 virum
755 2062 921 2103 suum
952 2046 1288 2117 relinquens
1310 2063 1439 2103 cum
1476 2051 1754 2117 quattuor
1781 2048 1979 2118 pueris

330 2139 390 2192 et
412 2134 656 2192 totidem
682 2135 910 2207 puell’s,
938 2137 1004 2191 ad
1024 2139 1288 2191 sanctum
1312 2136 1624 2192 Iohannem
1652 2137 2002 2192 Constanti-.

334 2224 591 2295 nopolim
614 2225 952 2296 episcopum
976 2226 1235 2293 veniens,
1263 2225 1408 2280 dixit
1444 2240 1506 2280 se
1540 2239 1707 2280 unam
1741 2240 1871 2282 esse
1905 2227 1975 2282 de

326 2311 564 2384 populo,
584 2316 641 2369 et
680 2313 974 2384 baptizata
1009 2318 1118 2383 est,
1147 2327 1315 2383 quam
1347 2316 1602 2383 suscepit
1635 2314 1703 2369 de
1737 2313 1971 2370 lavacro

340 2405 543 2457 sancto
576 2417 720 2458 uxor
752 2401 1008 2458 Mauricii
1034 2402 1423 2473 imperatoris.
1449 2402 1586 2467 Quae
1611 2417 1741 2458 cum
1776 2403 1980 2474 sepius

334 2488 673 2561 perlegatos
688 2494 1057 2561 repeteretur
1078 2497 1137 2546 et
1162 2505 1307 2545 uxor
1327 2491 1453 2560 ejus
1474 2504 1600 2545 esse
1625 2490 1975 2562 nesciretur,

332 2582 578 2647 augusta
614 2577 819 2633 videns
846 2590 969 2633 eam
1003 2575 1450 2646 pulcherrimam
1486 2582 1543 2632 et
1586 2577 1886 2648 suspicata
1910 2593 1978 2633 ne

336 2665 459 2735 ipsa
491 2669 650 2721 esset
690 2680 818 2734 qua:
851 2664 1229 2734 querebatur,
1263 2666 1525 2720 ostendit
1571 2680 1695 2720 eam
1746 2664 1972 2733 legatis.

333 2751 515 2818 Quam
544 2751 632 2807 illi
665 2752 959 2821 viderunt,
991 2760 1047 2808 et
1088 2757 1471 2821 agnoscentes
1521 2753 1742 2808 nullum
1794 2754 1865 2808 ab
1911 2768 1977 2809 ea

330 2854 679 2911 responsum
712 2838 914 2895 audire
951 2844 1262 2910 potuerunt
1292 2841 1396 2897 nisi
1433 2842 1593 2912 prius
1616 2842 1979 2911 haptizaren-

330 2933 449 2986 tur.
469 2927 555 2983 llli
577 2928 766 2985 animo
791 2928 1008 2983 volenti
1033 2928 1278 2997 gratiam
1303 2930 1574 3000 baptismi
1599 2933 1972 3000 acceperunt.

334 2984 561 3085 Quibus
586 2984 691 3072 illa
724 3016 779 3072 id
809 3016 972 3073 dedit
1003 2984 1515 3089 rasponsum,'non
1565 3031 1626 3073 se
1791 2984 1976 3072 virum
2009 2984 2060 3048 C

334 3107 679 3177 redituram,
703 3106 810 3162 nisi
844 3106 940 3162 ille
974 3106 1158 3177 primo
1194 3107 1461 3177 baptismi
1501 3108 1981 3177 perciperetgra-

328 3194 491 3251 tiam.
529 3193 694 3261 Quod
726 3209 855 3251 cum
890 3194 1233 3265 imperat‘iri
1287 3196 1593 3250 Persarum
1642 3194 1977 3249 nunciatum

332 3282 568 3352 fuisset,
596 3281 948 3351 legationem
990 3281 1147 3337 misit
1178 3281 1249 3337 ad
1297 3282 1629 3338 Mauricium
1668 3285 1980 3354 imperato-

330 3385 474 3439 rem,
493 3373 557 3425 ut
579 3374 820 3425 sanctus
840 3369 1133 3425 Johannes
1157 3369 1307 3426 veni:
1325 3375 1383 3425 et
1416 3370 1800 3441 Antiochiam,
1819 3386 1845 3426 a
1865 3386 1977 3441 quo

330 3457 683 3529 baptismum
703 3456 912 3513 salutis
926 3457 1239 3529 acciperet.
1260 3458 1420 3524 Quod
1437 3463 1496 3514 et
1516 3458 1828 3515 Mauricius
1854 3459 1977 3515 fieri

324 3546 655 3617 jussitcum
691 3545 917 3602 infinito
940 3552 1242 3618 apparatu.
1272 3547 1352 3601 lbi
1389 3547 1726 3618 baptizatus
1757 3551 1845 3603 est
1879 3548 1979 3602 im-

329 3639 568 3709 perator
600 3636 909 3691 Persarum
943 3651 1071 3692 cum
1104 3635 1404 3706 sexaginta
1439 3635 1673 3692 milibus
1695 3637 1972 3701 virorum,

328 3727 386 3781 et
404 3737 434 3779 a
451 3728 655 3779 sancto
680 3724 961 3793 Gregorio
982 3724 1340 3780 Antiocheno
1363 3725 1433 3780 de
1460 3724 1616 3781 fonte
1644 3730 1971 3795 susceptus,

328 3811 505 3869 Petiit
520 3816 714 3867 autem
738 3812 810 3867 ab
834 3811 1185 3882 imperatore
1207 3812 1487 3869 Mauricio
1509 3813 1819 3883 episcopos
1843 3827 1974 3868 cum

333 3900 503 3958 Clero
527 3901 858 3971 sufficienti,
878 3902 1029 3972 quod
1045 3906 1103 3957 et
1122 3901 1217 3958 ille
1236 3903 1545 3972 concessit,
1562 3908 1621 3959 et
1644 3902 1729 3958 sic
1753 3916 1972 3958 summa
2012 3889 2018 3895 ’

325 3987 639 4046 celeritate
670 3988 861 4044 omnis
892 3988 1128 4045 Persida
1172 3989 1401 4044 Christo
1433 3988 1667 4045 domino
1698 3988 1969 4045 credidit.

324 4076 542 4135 Eodem
574 4080 836 4147 tempore
868 4091 1017 4134 anno
1050 4078 1121 4133 ab
1155 4077 1266 4134 inc.
1301 4081 1459 4135 Dom.
1488 4082 1610 4148 598,
1633 4078 1865 4134 inventa
1884 4084 1971 4135 est

323 4166 526 4224 tunica
557 4165 783 4222 Domini
816 4165 1193 4223 inconsutilis
1224 4167 1279 4222 in
1321 4167 1560 4223 civitate
1590 4168 1810 4239 Zafath,
1842 4172 1898 4224 et
1943 4183 1971 4224 a

324 4255 612 4326 Gregorio
643 4254 1005 4311 Antiocheno
1034 4259 1093 4311 et
1124 4255 1334 4311 Thoma
1369 4254 1874 4312 lhcrosolimitano
1914 4260 1974 4311 ct

2092 1698 2481 1748 concurrente
2512 1696 2562 1762 4,
2598 1695 2669 1749 ab
2702 1694 2813 1751 inc.
2848 1696 3006 1750 Dom.
3040 1700 3144 1751 605
3177 1694 3244 1729 ¹⁹²
3277 1697 3486 1751 beatus
3519 1697 3738 1767 Grego-

2093 1781 2216 1835 rius
2248 1781 2515 1850 migravit
2547 1783 2617 1836 ad
2650 1782 2974 1853 Dominum,
2999 1783 3383 1852 regnantibus
3410 1783 3463 1838 in
3488 1784 3736 1842 Francia

2089 1869 2443 1926 Theoderico
2466 1876 2523 1925 et
2546 1870 2947 1929 Theodeberto
2974 1871 3272 1927 fratribus.
3291 1871 3585 1929 Successit
3609 1872 3735 1928 eiin

2091 1958 2435 2029 episcopatu
2469 1960 2739 2015 Romana;
2770 1959 3036 2015 ecclesiae
3063 1963 3192 2030 post
3216 1959 3270 2015 d.
3296 1962 3366 2014 22
3388 1959 3736 2017 Savinianus

2090 2046 2325 2114 Tuscus,
2356 2051 2520 2116 patre
2552 2048 2709 2103 Bono
2740 2048 2811 2103 de
2843 2047 3082 2103 civitate
3117 2047 3302 2117 Blera,
3328 2047 3479 2103 sedit
3501 2062 3553 2103 a.
3579 2054 3632 2118 1,
3657 2063 3737 2104 m.

2092 2137 2142 2202 5,
2176 2132 2229 2188 d.
2257 2137 2289 2189 8
2313 2132 2593 2205 (Gestap.
2623 2137 2743 2202 12.).
2769 2136 2871 2192 l-Iic
2893 2136 3118 2191 addidit
3144 2134 3448 2190 luminaria
3472 2134 3529 2189 in
3551 2134 3740 2191 eccle-

2092 2221 2175 2276 sia
2212 2221 2364 2277 beati
2400 2223 2578 2278 Petri.
2615 2225 2753 2280 Post
2787 2239 2917 2281 eum
2952 2223 3107 2280 sedit
3149 2223 3493 2279 Bonefacius
3525 2224 3595 2279 ΙΙΙ
3628 2224 3740 2278 Ro-

2092 2324 2316 2381 manus,
2352 2317 2519 2381 patre
2551 2312 2809 2369 Johanne
2841 2311 2926 2386 ιοζ,
2964 2327 3036 2369 m.
3072 2316 3125 2382 8,
3160 2311 3216 2368 d.
3250 2315 3337 2368 22.
3373 2312 3475 2369 Hic
3508 2312 3738 2382 rogavit

2092 2399 2502 2470 imperatorem
2522 2404 2580 2456 ut
2595 2405 2889 2458 statueret
2906 2399 3543 2457 Romanamecclesiam
3558 2404 3741 2471 caput

2089 2502 2218 2543 esse
2241 2488 2494 2543 omnium
2512 2489 2917 2560 ecclesiarum,
2935 2489 3065 2560 quia
3085 2488 3733 2559 Constantinopolitana

2091 2591 2152 2631 se
2177 2575 2416 2647 primam
2441 2578 2758 2633 scribebat.
2789 2577 3266 2647 Bonefaciusllll,
3284 2576 3354 2633 de
3368 2576 3607 2634 civitate
3632 2578 3735 2632 Va-

2091 2664 2231 2720 leria
2258 2666 2494 2721 natione
2517 2667 2858 2736 Marsorum,
2888 2671 3051 2737 patre
3090 2666 3349 2721 Johanne
3372 2665 3619 2734 medico,
3645 2679 3736 2721 se-

2092 2752 2249 2807 dita.
2285 2756 2337 2821 6,
2366 2769 2437 2807 in.
2465 2760 2517 2824 8,
2547 2755 2600 2810 d.
2630 2759 2713 2809 13.
2741 2756 2817 2809 De
2850 2754 2957 2810 hoc
2991 2754 3209 2824 legitur
3242 2754 3297 2808 in
3327 2752 3735 2810 ecclesiastica

2091 2839 2369 2910 hystoria,
2407 2844 2561 2912 quod
2611 2843 2937 2914 impetrarit
2979 2857 3008 2898 a
3052 2844 3198 2899 Foca
3233 2841 3436 2898 donari
3467 2839 3735 2897 ecclesiae

2093 2929 2305 2985 Christi
2326 2929 2600 3002 templum
2623 2932 2815 2988 Romae
2832 2930 2981 3001 quod
3000 2932 3113 2986 Pan
3126 2931 3293 2985 theon
3308 2944 3446 2985 voca
3457 2929 3628 2984 batur
3643 2927 3733 2998 ‘9‘,

2090 3018 2258 3088 cujus
2312 3025 2560 3090 papatus
2608 3020 2740 3076 ⁵⁸³⁵...
2795 3035 2943 3076 anno
2995 3021 3171 3075 Focas
3217 3018 3381 3074 obiit.
3437 3017 3733 3089 [Faenza]

2092 3108 2227 3162 Cum
2262 3108 2412 3163 enim
2448 3108 2747 3164 lleraclius
2780 3107 3065 3179 patricius
3116 3108 3276 3162 e'sset
3326 3105 3733 3161 universarum

2090 3194 2320 3251 Αἰγιιὶοω
2347 3195 2797 3266 provinciarum,
2823 3198 2878 3249 et
2909 3196 3084 3249 Focas
3107 3193 3410 3264 imperium
3443 3191 3737 3263 nequissi-

2090 3297 2177 3337 me
2204 3289 2453 3354 regcret,
2474 3288 2528 3338 et
2558 3282 2723 3338 modo
2746 3282 3014 3337 amentiae
3030 3280 3407 3337 thesaurosin
3426 3295 3583 3336 mare
3600 3296 3736 3351 pro-

2085 3370 2316 3440 jicerct,
2345 3372 2544 3427 dicens
2576 3387 2637 3427 se
2669 3372 2938 3441 Neptuno
2970 3385 3207 3426 munera
3241 3370 3401 3441 dare,
3427 3373 3735 3426 senatores

2087 3464 2397 3515 cernentes
2430 3460 2579 3529 quod
2614 3459 2794 3515 vellet
2829 3459 3134 3529 imperium
3171 3474 3273 3531 per
3303 3458 3611 3516 stultitiam
3637 3458 3736 3515 de-

2091 3555 2342 3613 struere,
2365 3548 2614 3604 factione
2630 3547 2878 3604 Heraclii
2898 3550 3162 3605 Focatem
3177 3547 3603 3619 apprehensum
3619 3562 3738 3602 ma-

2090 3636 2261 3690 nibus
2285 3640 2345 3690 et
2369 3635 2617 3706 pedibus
2644 3636 2951 3705 truncatis,
2978 3634 3169 3706 lapide
3194 3635 3263 3690 ad
3287 3633 3500 3690 collum
3526 3632 3731 3704 ligato,

2090 3724 2143 3788 in
2181 3738 2336 3778 mare
2354 3723 2746 3795 projecerunt,
2768 3729 2828 3780 et
2852 3723 3157 3781 Heraclius
3179 3736 3470 3779 consensu
3492 3726 3735 3780 senatus

2089 3811 2441 3868 sublimatur
2472 3812 2529 3867 in
2572 3827 2812 3882 regnum
2844 3827 2994 3868 anno
3023 3815 3127 3869 607
3149 3810 3218 3845 ¹⁹⁶
3241 3811 3461 3883 [ΒεοΑ.]
3488 3812 3626 3867 Cum
3649 3810 3735 3866 in-

2088 3900 2400 3956 festatione
2422 3901 2733 3956 Persarum
2759 3900 2955 3956 multae
2971 3900 3195 3971 imperii
3214 3900 3524 3971 provinciae
3538 3904 3736 3956 vasta-

2085 3993 2163 4046 ta;
2189 3988 3163 4060 fuissenttemporibusMauriciiet
3180 3988 3405 4045 Focatis
3429 3988 3737 4060 imperato-

2087 4094 2234 4149 rum,
2269 4078 2635 4149 temporibus
2693 4076 2821 4147 ejus
2869 4079 3060 4135 Persae
3094 4076 3456 4134 Calchedona
3487 4076 3731 4133 civitate

2085 4172 2315 4224 vastata
2360 4165 2919 4237 Constantinopolim
2971 4180 3200 4237 quoque
3252 4167 3450 4223 sedem
3500 4165 3732 4238 imperii

2085 4256 2392 4313 destruere
2424 4253 2836 4323 moliebantur,
2874 4252 3204 4324 multasque
3237 4252 3304 4287 ¹⁹⁶
3336 4254 3733 4309 Romanorum

323 4342 583 4400 Iohanne
620 4343 1274 4415 Constantinopolitano
1305 4358 1435 4400 cum
1466 4343 1598 4400 aliis
1626 4343 1826 4401 multis
1852 4344 1973 4416 epi-
2001 4339 2054 4399 D
2084 4343 2411 4417 provintias
2441 4347 2501 4398 et
2534 4342 2717 4413 ipsam
2755 4341 3154 4399 Jerosolimam
3210 4342 3509 4412 invadunt,
3543 4346 3599 4397 et
3633 4340 3735 4397 de-

326 4431 521 4503 scopis
556 4431 709 4488 facto
745 4431 1031 4488 triduario
1056 4431 1276 4501 jejunio
1299 4431 1488 4488 levata
1514 4447 1642 4489 cum
1668 4446 1799 4489 arca
1827 4448 1973 4490 mar-

329 4533 547 4590 morea,
581 4519 659 4575 ita
694 4518 805 4576 levi
838 4519 989 4576 facta
1023 4534 1089 4575 ac
1120 4519 1168 4576 si
1201 4520 1271 4576 de
1314 4520 1472 4590 ligno
1505 4521 1731 4591 fuisset,
1766 4521 1970 4578 ordine

326 4607 589 4683 pedestri
627 4606 1067 4664 Hierosolimam
1101 4624 1231 4665 cum
1263 4608 1571 4664 devotione
1605 4610 1970 4666 sanctissima

328 4697 635 4771 perducta,
661 4699 718 4753 et
753 4696 807 4751 in
841 4695 973 4753 loco
1007 4697 1101 4753 ubi
1126 4712 1272 4754 crux
1292 4696 1517 4753 Domini
1540 4697 1820 4754 adoratur
1840 4714 1969 4756 cum

330 4786 631 4858 triumpho
666 4785 875 4857 posita.

398 4876 680 4948 Tempore
708 4872 776 4908 ³⁸⁸
823 4873 1082 4932 Mauricii
1132 4874 1522 4947 imperatoris,
1568 4877 1971 4949 pontificatum

329 4965 600 5022 Romanae
627 4963 894 5022 ecclesiae
927 4970 1135 5036 agente
1186 4982 1330 5039 papa
1384 4966 1663 5038 Gregorio
1694 4984 1743 5026 a.
1776 4974 1810 5026 9
1837 4985 1972 5028 con-~

333 5053 582 5112 structio
609 5055 838 5114 cenobii
868 5055 1319 5115 Flaviniacensis
1351 5056 1406 5113 in
1437 5061 1635 5115 castro
1666 5061 1972 5130 praenomi-

2084 4438 2382 4491 struentes
2401 4431 2685 4489 ecclesias
2705 4437 2762 4488 et
2790 4436 2990 4489 sancta
3018 4431 3411 4503 profanantes,
3430 4430 3583 4486 inter
3595 4428 3733 4486 reli-

2084 4537 2195 4594 qua
2219 4525 2555 4579 ornamenta
2579 4520 2754 4577 etiam
2780 4518 3055 4576 vexillum
3079 4523 3297 4576 sanctae
3327 4518 3524 4576 crucis
3546 4517 3733 4575 abdu-

2083 4617 2244 4672 cunt.
2281 4612 2573 4684 [Faunae]
2610 4615 2820 4669 Contra
2854 4626 3001 4682 quos
3032 4611 3335 4667 Heraclius
3377 4609 3559 4667 aciem
3591 4609 3732 4666 diri-

2081 4702 2189 4773 git,
2215 4706 2272 4757 et
2308 4701 2416 4772 ipsi
2450 4701 2566 4757 duo
2588 4699 2888 4756 exercitus
2912 4698 3210 4770 principes
3235 4696 3516 4768 singulari
3540 4700 3732 4755 certa-

2083 4791 2234 4847 mine
2267 4790 2538 4847 omnibus
2567 4803 2640 4845 ex
2672 4794 2922 4857 utraque
2953 4790 3119 4857 parte
3151 4792 3419 4844 eventum
3446 4786 3530 4843 rei
3552 4800 3732 4858 expe-

2082 4882 2381 4940 ctantibus
2432 4877 2914 4949 congrediuntur.
2963 4876 3267 4934 Heraclius
3317 4876 3505 4933 victor
3549 4880 3727 4947 caput

2082 4974 2278 5028 Persae
2310 4965 2598 5040 praecidit,
2634 4968 2693 5020 et
2726 4968 2914 5021 totum
2947 4965 3259 5022 Persarum
3288 4962 3613 5021 exercitum
3651 4962 3731 5019 ad

2085 5060 2254 5119 sedes
2288 5054 2556 5130 proprias
2589 5052 2820 5124 regredi
2852 5052 3155 5127 compulit.
3190 5054 3328 5110 Post
3376 5052 3485 5110 hec
3515 5055 3729 5110 evectu

1686 5156 1923 5216 VARLE
1963 5155 2362 5216 LECTIONES.

405 5238 485 5315 “’_
496 5239 774 5315 Tempore
807 5274 875 5315 —_
887 5241 1343 5315 archiepiscopo
1369 5242 1437 5299 in
1472 5255 1663 5315 gnam.
1700 5242 1769 5277 ί⁰⁰
1803 5247 1913 5305 Sic
1940 5262 1971 5304 θ
1996 5262 2146 5306 corr.
2182 5244 2401 5304 litteris
2429 5239 2789 5315 quibcsdqm
2818 5240 3056 5315 erasis,
3075 5238 3144 5274 ιοι
3170 5251 3473 5315 superscr.
3502 5237 3726 5315 egi-agn.

321 5311 514 5388 paulo
540 5308 826 5390 nijn‘orq.
861 5311 928 5346 η’
958 5308 1118 5390 Hec:
1127 5308 1337 5390 uuam
1363 5308 1788 5390 subegi/5am.
1812 5321 2019 5390 magis
2034 5319 2210 5390 migro
2238 5308 2539 5390 sumqicr.
2573 5310 2953 5390 ‘ff‘ngwdam
2990 5311 3090 5369 hic
3126 5308 3315 5390 erasa.
3324 5308 3592 5390 sanan”
3617 5309 3731 5367 La-

336 5380 497 5455 cuna.
521 5380 740 5455 septem
760 5382 904 5455 fere
938 5384 1138 5444 vocab.
1161 5387 1230 5445 in
1253 5396 1496 5445 rasura.
1532 5383 1601 5419 ινδ
1630 5385 1824 5445 Unam
1850 5380 2046 5448 vo'cab.
2067 5380 2578 5448 ornem-cidem.
2602 5380 2669 5418 1“
2688 5382 2942 5445 Nmeri
2962 5393 3266 5455 suprascr.
3300 5380 3369 5417 “7
3396 5380 3728 5451 multasque

332 5485 406 5501 —-
434 5451 731 5513 abducunt
758 5451 829 5516 in
851 5467 1044 5530 marg.
