3940 6048
237 186 338 255 101

1482 186 1981 261 CHRONICON.
2015 228 2095 247 --
2118 194 2274 264 LIB.
2305 196 2354 266 Ι.

3503 223 3618 289 102

224 328 424 433 navale
439 326 740 386 Persidam
760 326 1423 433 ingreditur,tribusque
1437 329 1679 433 circiter
1697 328 1862 387 annis
1889 330 1947 393 A
1976 332 2196 417 habens
2210 352 2448 396 uxorem
2467 339 2639 398 tiliam
2660 338 3031 418 sororissua,
3064 357 3199 420 post
3214 368 3425 413 annum
3442 362 3608 433 regni
3674 353 3681 359 .

224 420 455 475 Persida
478 424 729 489 vastata,
763 435 881 477 sua
903 434 1028 477 eam
1051 418 1256 476 ditioni
1280 419 1553 490 subjecit,
1618 418 1862 489 lignum-

221 524 333 580 que
360 509 721 566 Dominicum
755 508 1097 581 reportavit.
1124 509 1498 566 Postmodum
1541 510 1750 565 Persas
1774 523 1860 565 re-

222 597 506 654 bellantes
539 599 752 654 iterato
773 603 1013 670 superat
1043 603 1101 655 et
1136 598 1244 655 sibi
1284 598 1544 668 subjicit.
1597 598 1856 664 Quicum

218 692 377 744 esset
401 686 831 759 pulcherrimus
870 693 1134 759 aspectu,
1208 688 1567 744 fortissimus
1607 687 1850 755 viribus,

217 782 509 848 pugnator
527 775 823 846 egregius,
842 775 1057 832 litteris
1081 776 1258 832 etiam
1278 776 1538 849 apprime
1561 776 1850 845 eruditus,

215 878 463 920 cernens
484 864 541 919 in
573 863 844 934 syderum
896 865 1080 935 signis
1102 879 1131 919 a
1188 864 1550 921 circumcisis
1576 865 1852 934 gentibus

214 952 518 1025 imperium
544 953 989 1022 devastandum,
1015 952 1229 1009 direxit
1264 954 1508 1009 nuncios
1559 953 1631 1009 ad
1674 954 1853 1022 Dago—

213 1042 443 1097 bertum
474 1055 673 1111 regem
699 1042 1069 1111 Francorum,
1103 1044 1308 1113 petens
1332 1047 1606 1097 utomues
1633 1042 1851 1098 Judeos

211 1130 370 1200 regni
395 1131 486 1186 sui
512 1130 796 1201 baptizari
814 1131 1181 1202 praciperet,
1203 1130 1357 1201 quod
1379 1136 1434 1186 et
1453 1131 1576 1201 ipse
1608 1129 1849 1186 decreto

212 1215 332 1271 ﬂeri
381 1214 592 1271 statuit
617 1230 721 1286 per
743 1229 945 1271 omnes
968 1215 1301 1286 provincias
1348 1215 1594 1286 imperii.

276 1301 525 1360 Anno‘”
555 1302 804 1360 Heraclii
828 1303 1055 1375 imperii
1087 1309 1139 1373 5,
1158 1307 1329 1360 natus
1396 1307 1488 1360 est
1540 1303 1843 1373 Mahamet,

207 1394 302 1465 qui
334 1408 469 1449 cum
491 1396 648 1449 esset
673 1392 1015 1461 infantulus,
1042 1392 1332 1449 defunctis
1351 1397 1517 1464 patre
1548 1398 1606 1449 et
1639 1398 1843 1464 matre,

205 1482 438 1539 adhesit
465 1482 655 1538 vidua
679 1486 879 1553 quaet
904 1482 1220 1538 nutriebat.
1268 1484 1525 1553 Cumque
1565 1481 1848 1540 adolevis-

204 1578 314 1642 set,
339 1572 502 1642 cepit
539 1585 643 1641 per
674 1571 868 1647 scolas
928 1571 1389 1628 Christianorum
1414 1571 1497 1627 ire
1514 1575 1574 1627 et
1622 1572 1848 1628 audito-

1973 424 2061 479 sui
2092 428 2160 482 27
2191 428 2512 485 crudeliter
2542 431 2719 488 vitam
2754 432 2958 492 finivit.
2980 438 3334 499 Heraclonus
3360 444 3428 479 ³⁸⁸
3475 424 3607 507 cum

1972 520 2154 570 matre
2185 530 2285 572 sua
2317 518 2574 589 Martyna
2612 524 2875 590 regnavit
2906 526 3071 582 annis
3098 530 3150 597 2,
3184 530 3277 586 cui
3311 539 3604 595 successit

1970 602 2389 662 Constantinus
2409 606 2830 667 ﬁliusHeraclii
2852 615 3149 673 mensibus
3174 621 3225 687 6,
3256 634 3408 678 anno
3424 625 3611 682 Domi-

1967 688 2109 746 nica
2124 691 2542 751 incarnationis
2556 700 2680 767 634,
2699 701 2976 770 pontifice
2990 704 3260 771 Honorio,
3284 708 3605 771 indictione

1964 783 2014 832 7.
2044 778 2181 851 (Ῑὺ.)
2211 782 2280 836 Ει
2310 786 2599 842 successit
2629 787 2685 842 in
2711 803 2948 857 regnum
2980 794 3089 847 sub
3122 798 3323 851 tenera
3358 803 3606 858 atateet

1964 869 2211 961 consilio
2251 872 2662 931 Constantinus
2697 876 2849 933 ﬁlius
2888 880 3033 951 ejus,
3053 882 3148 952 qui
3182 888 3239 939 et
3292 886 3595 961 Constans,

1963 955 2130 1024 cujus
2164 962 2422 1031 tempore
2456 977 2551 1019 res
2579 964 2854 1035 publicaa
2883 968 3219 1029 Sarracenis
3249 974 3489 1033 nimium
3506 955 3602 1034 va-

1962 1047 2172 1100 statur.
2217 1049 2456 1106 Duravit
2489 1052 2853 1111 hecvastitas
2870 1071 2975 1126 per
2996 1072 3179 1115 annos
3213 1064 3279 1117 47
3313 1077 3499 1134 usque
3529 1066 3603 1122 ad

1960 1134 2224 1204 tempora
2258 1136 2621 1194 Constantini
2653 1144 2927 1212 superius
2956 1147 3255 1204 nominati.
3318 1152 3471 1208 Tunc
3503 1158 3599 1210 est

1962 1221 2340 1281 llierosolima
2373 1232 2542 1299 capta
2576 1233 3385 1297 etceteraeversacivitates
3420 1243 3599 1313 Magi-

1962 1313 2097 1378 ptus
2128 1314 2399 1382 superior
2448 1320 2505 1371 et
2541 1317 2778 1374 inferior
2837 1323 3195 1392 pervaditur,
3239 1327 3592 1387 Alexandria

1960 1398 2189 1468 capitur
2220 1405 2279 1455 et
2313 1403 2614 1476 predatur,
2647 1407 2854 1464 Ail'rica
2885 1414 3007 1465 tota
3040 1417 3326 1487 vastatur,
3372 1417 3504 1474 Asia
3535 1424 3594 1475 et

1959 1487 2186 1558 Europa
2222 1492 2584 1564 quatiuntur,
2618 1499 2674 1551 et
2708 1498 2897 1554 omnia
2932 1514 3107 1569 regna
3144 1504 3285 1559 mari
3320 1507 3594 1579 contigua

1962 1581 3153 1655 pervagantur.Constantinopolistantum
3171 1606 3298 1647 cum
3322 1595 3599 1653 Traciana

204 1661 306 1716 riis
334 1659 724 1728 interesse,et
750 1676 881 1731 qua
904 1659 1292 1730 ibiaudiebat,
1320 1660 1471 1716 domi
1514 1661 1848 1718 hominibus
1877 1686 1930 1746 Β
1963 1665 2253 1734 provincia
2283 1672 2363 1737 et,
2401 1670 2601 1739 paucis
2634 1672 2840 1729 insulis
2870 1678 2926 1730 et
2989 1677 3241 1734 Romana
3302 1683 3598 1752 provincia

202 1749 397 1819 gentis
423 1764 548 1805 sua
567 1749 880 1805 referebat.
908 1748 1078 1804 Atilii
1113 1748 1475 1805 mirabantur
1513 1750 1628 1820 jam
1655 1750 1846 1807 tumin

199 1838 654 1910 eosapientiam,
684 1853 819 1895 cum
843 1837 1115 1894 audirent
1144 1839 1216 1894 ab
1242 1853 1312 1894 eo
1337 1853 1464 1908 qua
1518 1839 1841 1897 audierant.

198 1927 293 1984 Die
316 1928 507 1998 igitur
524 1927 771 1998 quadam
794 1942 925 1984 cum
968 1930 1371 1983 reverteretur
1427 1928 1500 1983 ab
1531 1928 1841 1998 auditorio,

195 2016 431 2072 obviam
459 2016 667 2074 habuit
691 2016 987 2073 diabolum
1027 2016 1335 2071 habentem
1361 2031 1427 2072 os
1472 2031 1733 2087 aureum,
1784 2022 1842 2074 et

195 2104 489 2161 dicentem
513 2119 721 2162 seesse
736 2104 1062 2161 Gabrielem
1086 2103 1495 2173 archangelum
1512 2105 1752 2161 missum
1811 2120 1841 2161 a

193 2194 306 2250 Deo
333 2194 410 2251 ad
433 2196 647 2266 ipsum,
675 2199 736 2253 ut
763 2195 1111 2267 pradicaret
1139 2194 1298 2264 genti
1328 2210 1448 2251 sua
1472 2211 1600 2266 qua
1648 2195 1843 2252 audie-

195 2287 279 2337 rat
302 2292 369 2339 et
391 2283 984 2355 sciebat.Tunccepit
1016 2282 1341 2353 pradicare
1365 2283 1645 2340 Mahamet
1663 2287 1725 2340 ut
1747 2283 1843 2340 de-

194 2372 600 2442 relinquerent
626 2371 780 2429 idola
796 2386 968 2428 manu
985 2372 1136 2427 facta
1162 2374 1223 2426 et
1265 2372 1578 2428 adorarent
1617 2382 1843 2431 creato-

192 2474 311 2516 rem
339 2460 441 2531 qui
476 2461 759 2533 fecitqua
781 2464 937 2517 sunt.
977 2462 1232 2530 Cumque
1248 2459 1447 2531 plures
1491 2461 1840 2519 adhererent

194 2548 431 2604 illietut
448 2550 794 2622 prophetam
835 2564 966 2606 eum
998 2548 1302 2604 haberent:
1329 2551 1699 2621 congregatis
1742 2552 1839 2622 qui

191 2652 391 2694 secum
410 2643 581 2695 erant
598 2655 757 2696 arma
772 2639 1105 2710 sumpsit,et
1120 2642 1183 2693 ut
1198 2653 1301 2696 rex
1314 2644 1374 2695 et
1396 2640 1674 2711 propheta
1694 2657 1840 2713 quos

192 2732 429 2797 poterat
454 2727 568 2784 sibi
589 2728 961 2799 subjiciebat,
984 2731 1040 2784 et
1068 2728 1330 2797 regnavit
1347 2728 1402 2783 in
1453 2730 1753 2801 Damasco,
1779 2736 1839 2788 et

191 2821 368 2887 caput
393 2817 562 2887 regni
587 2817 715 2886 ejus
736 2816 1049 2887 Babylonia
1066 2817 1279 2872 civitas
1313 2817 1441 2873 fuit.

255 2906 561 2982 [Faenza]
597 2908 995 2975 Agareuorum
1042 2906 1225 2975 igitur
1271 2920 1416 2976 gens
1463 2908 1833 2980 circumcisa,

187 3000 356 3072 quiet
381 2994 694 3053 Sarraceni
755 2994 990 3064 dicitur,
1032 3008 1320 3064 egressaa
1381 2995 1565 3053 latere
1623 2999 1836 3055 montis

189 3086 430 3145 Caucasi
466 3098 648 3156 super
670 3096 827 3139 mare
859 3082 1152 3153 Caspium,
1175 3082 1379 3138 cumiu
1420 3083 1633 3141 nimian
1696 3087 1839 3143 mul-

186 3177 505 3234 titudinem
532 3172 917 3240 coaluissent,
940 3171 1175 3241 tandem
1191 3186 1347 3229 arma
1363 3181 1680 3247 sumentes,
1707 3193 1841 3249 pro-

185 3266 397 3323 vinciis
431 3260 687 3319 Heraclii
710 3261 1664 3336 imperatorisvastandisirruunt,
1703 3280 1839 3323 con-

187 3362 272 3411 tra
290 3368 443 3425 quos
464 3349 773 3407 Heraclius
792 3348 1004 3405 direxit
1025 3350 1372 3406 exercitum.
1401 3352 1510 3408 Sed
1534 3353 1836 3411 Sarraceni

185 3442 405 3498 milites
427 3443 732 3511 superant,
758 3452 976 3509 eosque
996 3437 1193 3508 gladio
1212 3440 1472 3509 graviter
1512 3443 1830 3516 trucidant,

185 3532 263 3586 ita
298 3534 363 3587 ut
388 3526 666 3585 150milia
694 3527 1375 3599 milituminterﬁcerent,
1411 3530 1604 3602 Spolia
1634 3547 1834 3589 eorum

184 3618 459 3677 Heraclio
490 3616 768 3686 offerunt,
804 3631 930 3686 qua
965 3615 1063 3672 ille
1085 3618 1835 3692 reciperenoluit,cupiens

182 3722 364 3781 super
398 3708 761 3762 Sarracenos
793 3702 1108 3775 vindicare,
1141 3712 1201 3760 et
1231 3706 1834 3778 mittenslegationem

182 3802 389 3870 portas
407 3811 558 3868 quas
582 3792 909 3851 Alexander
922 3793 1155 3850 Macedo
1168 3809 1348 3866 super
1371 3810 1528 3853 mare
1564 3799 1833 3869 CaSpium

182 3903 373 3945 areas
405 3887 531 3943 ﬁeri
556 3890 615 3943 et
640 3898 872 3942 serrare
887 3889 1267 3956 praceperat,
1315 3890 1556 3956 pr0pter
1593 3887 1836 3945 inunda-

184 3977 405 4033 tionem
425 3974 690 4045 gentium
717 3971 1193 4043 savissimarum,
1228 3987 1357 4043 qua
1391 3974 1546 4031 ultra
1589 3977 1833 4034 Caucasi

183 4064 401 4121 montis
431 4061 686 4119 culmina
710 4060 1071 4131 habitabant,
1103 4060 1334 4117 easdem
1367 4067 1572 4133 portas
1603 4065 1835 4136 aperire

184 4153 492 4226 praecepit,
528 4150 1027 4222 indequecentum
1061 4148 1216 4206 milia
1250 4155 1637 4220 pugnatorum
1690 4169 1833 4211 auro

184 4240 415 4299 locatos
437 4245 644 4298 contra
662 4241 1016 4296 Sarracenos
1048 4238 1226 4294 mittit
1259 4239 1330 4295 ad
1365 4239 1649 4310 pralium.
1670 4243 1835 4299 Cum-

182 4345 296 4403 que
330 4346 443 4387 non
480 4328 826 4402 proculasc
880 4328 1127 4385 invicem
1187 4332 1379 4385 castra
1442 4334 1826 4404 metarentur,

183 4421 425 4491 utrique
438 4422 811 4476 exercitusut
838 4430 1002 4473 mane
1029 4417 1181 4473 facto
1195 4417 1600 4488 confligerent,
1626 4419 1828 4476 eadem
1861 4405 1913 4465 D

181 4516 360 4566 nocte
382 4508 485 4565 Dei
508 4509 727 4565 virtute
749 4506 1047 4564 exercitus
1068 4505 1275 4563 Eraclii
1299 4507 1651 4579 percutitur,
1669 4508 1832 4580 quin-

184 4598 466 4669 quaginta
496 4596 649 4653 enim
696 4611 899 4653 eorum
948 4593 1106 4652 milia
1153 4594 1208 4650 in
1260 4596 1467 4652 stratis
1505 4596 1595 4653 sui
1616 4598 1829 4653 mortui

184 4694 345 4744 sunt.
401 4687 527 4753 Quo
562 4687 718 4743 facto
754 4685 945 4742 territi
972 4684 1189 4742 milites
1210 4685 1280 4742 ad
1306 4686 1542 4758 pr0pria
1585 4691 1721 4743 sunt
1745 4702 1834 4744 re-

182 4776 363 4833 versi.
396 4775 723 4845 Sarraceni,
749 4780 811 4832 ut
825 4778 1129 4847 ceperunt,
1148 4774 1826 4845 provinciasdevastant.

179 4866 325 4922 Cum
352 4866 472 4938 jam
510 4863 911 4921 Hierosolimis
956 4864 1468 4936 propinquassent,
1532 4864 1834 4923 Heraclius

179 4955 393 5012 videns
427 4954 584 5026 quod
600 4968 713 5010 non
739 4957 940 5025 posset
965 4954 1051 5010 eis
1066 4953 1365 5023 resistere,
1415 4953 1591 5009 nimio
1632 4955 1834 5010 amari-

181 5043 410 5101 tudinis
428 5057 657 5101 merore
687 5042 991 5115 adreptus,
1012 5042 1083 5099 ad
1099 5042 1363 5100 ultimum
1396 5042 1599 5099 infelix
1636 5044 1835 5101 Euthi-

178 5132 599 5192 cetisheresim
614 5137 921 5191 sectanset
947 5131 1161 5188 Christi
1192 5131 1415 5189 cultum
1468 5131 1830 5205 relinquens,

1868 3041 1917 3105 C

1961 1751 2165 1808 ditioni
2192 1755 2416 1828 imperii
2451 1767 2875 1818 remanserunt.

2033 1884 2045 1897 .
2093 1886 2106 1899 .
2142 1844 2263 1901 rius
2297 1860 2441 1916 papa
2466 1848 2876 1918 Apellinarista
2912 1895 2923 1907 .
2971 1895 2982 1907 .
3023 1869 3090 1912 us
3109 1860 3201 1911 est
3231 1856 3317 1912 πο.

2031 1934 2193 1989 Anno
2220 1932 2429 1991 201inc.
2464 1937 2621 1993 Dom.
2664 1943 2786 2009 651,
2830 1947 2886 1997 11
2938 1942 3060 1999 Kal.
3113 1945 3237 2001 Mai.
3292 1947 3588 2007 ordinatio

1960 2019 2152 2076 domni
2186 2023 2442 2079 Widadri
2474 2025 2725 2097 abbatis,
2756 2044 2884 2086 cum
2956 2032 3145 2089 locum
3205 2034 3596 2096 Flaviniacen-

1957 2122 2075 2164 sem
2106 2114 2173 2167 48
2203 2113 2370 2168 annis
2401 2113 2733 2183 Magoaldus
2764 2119 2947 2175 abbas
2979 2121 3252 2179 rexisset.

2028 2200 2190 2255 Anno
2222 2202 2294 2255 ab
2326 2201 2436 2257 inc.
2473 2204 2630 2259 Dom.
2666 2206 2789 2276 635,
2811 2222 2952 2279 papa
2971 2208 3276 2282 Vitaliano,
3312 2213 3595 2273 adventus

1956 2286 2250 2345 Benedicti
2286 2290 2338 2345 in
2375 2290 2611 2361 Gallias,
2670 2298 2727 2348 et
2784 2296 3094 2366 Tequemio
3152 2300 3297 2356 obiit
3352 2309 3591 2362 sanctus

1958 2374 2249 2432 Amandus
2269 2377 2627 2446 Tungrorum
2642 2380 2974 2453 episcopus:
2992 2385 3083 2440 cui
3110 2388 3400 2443 successit
3430 2404 3594 2447 sanc-

1956 2466 2051 2517 tus
2078 2463 2407 2520 Remaclius
2427 2479 2576 2521 anno
2610 2466 2833 2539 imperii
2870 2471 3234 2528 Constantini
3292 2478 3380 2545 22,
3412 2482 3470 2532 et
3539 2478 3591 2534 ei

1951 2551 2341 2622 Theodardus,
2376 2557 2436 2609 et
2465 2554 2802 2613 Theodardo
2831 2563 3067 2616 sanctus
3099 2560 3457 2621 Lambertus.

2024 2639 2228 2709 (Gesta
2244 2657 2309 2713 ρ.
2345 2643 2443 2713 Β.)
2479 2643 2783 2701 Bonei‘acio
2829 2646 3009 2716 igitur
3059 2663 3221 2721 papa
3273 2656 3403 2722 post
3465 2653 3591 2712 dies

1949 2734 2017 2785 25
2047 2731 2335 2786 successit
2371 2730 2683 2787 Deusdedit
2736 2734 3045 2805 Romanus,
3096 2745 3261 2808 patre
3294 2742 3586 2813 Stephano

1950 2818 2309 2875 subdiacouo
2332 2819 2485 2873 sedit
2517 2826 2638 2889 3.3,
2674 2821 2728 2876 d.
2755 2825 2842 2879 23.
2895 2825 3032 2880 Post
3061 2840 3229 2895 quem
3289 2843 3361 2884 m.
3416 2836 3465 2899 5,
3528 2832 3582 2887 d.

1948 2911 2017 2963 26
2039 2907 2262 2964 exactis
2285 2907 2436 2963 sedit
2512 2908 2837 2967 Bonifacius
2895 2914 2958 2983 V,
3013 2915 3357 2988 Campanus,
3417 2923 3588 2990 patre

1946 2997 2222 3065 Johanne,
2255 3011 2305 3051 a.
2343 3000 2391 3052 5.
2425 2996 2526 3053 Hic
2549 2999 2855 3055 constituit
2888 3005 2949 3056 ut
2996 3001 3148 3059 ullus
3207 3005 3279 3060 de
3333 3006 3584 3064 ecclesia

1948 3086 2302 3142 traheretur.
2340 3085 2631 3141 Successit
2659 3092 2790 3157 post
2824 3088 3025 3145 dics13
3050 3092 3586 3166 HonoriusCampa-

1949 3189 2077 3242 nus,
2116 3177 2280 3245 patre
2311 3172 2585 3229 Petronio
2608 3175 2849 3231 consule
2878 3177 3029 3232 sedit
3058 3193 3107 3233 a.
3146 3183 3233 3250 12,
3283 3195 3356 3237 m.
3393 3186 3477 3252 11,
3522 3183 3577 3238 d.

1948 3267 2034 3320 18.
2070 3262 2173 3318 Hic
2195 3265 2465 3318 exortum
2500 3264 2651 3333 apud
2687 3264 3186 3323 Scottoserrorem
3211 3270 3281 3325 de
3310 3270 3583 3328 observa-

1944 3353 2103 3408 tione
2132 3351 2366 3407 Pascha
2391 3352 2594 3407 “Jun.
2634 3368 2735 3423 per
2762 3354 3069 3424 epistolam
3099 3356 3416 3428 redarguit.
3445 3360 3579 3417 Suc-

1945 3440 2121 3497 cessit
2150 3439 2440 3495 Johanncs
2470 3439 2702 3495 natione
2736 3440 3015 3512 Dalmata,
3054 3449 3219 3515 patre
3277 3446 3581 3521 Venantio,

1947 3528 2101 3585 sedit
2126 3542 2174 3583 a.
2210 3533 2260 3597 1,
2296 3542 2367 3582 m.
2396 3531 2448 3598 8,
2474 3528 2528 3583 d.
2566 3532 2649 3585 18.
2687 3528 2788 3585 Hic
2820 3546 2925 3601 per
2984 3532 3213 3589 Istriam
3245 3538 3306 3590 et
3366 3536 3587 3593 Dalma-

1944 3618 2083 3675 tiam
2116 3616 2330 3673 multas
2358 3616 2630 3688 pecunias
2658 3618 2901 3674 misitad
2918 3620 3376 3693 redemptionem
3401 3626 3586 3698 capti-

1943 3722 2149 3766 vorum
2184 3705 2404 3776 [Rana]
2442 3706 2540 3761 Hic
2568 3721 2696 3761 cum
2730 3706 2916 3763 adhuc
2972 3707 3201 3767 electus
3260 3716 3421 3768 esset
3484 3728 3587 3786 pro

1946 3796 2155 3871 pascha
2180 3798 2244 3850 et
2281 3808 2384 3865 pro
2400 3793 2587 3849 heresi
2622 3794 2929 3864 Pelagiana
2970 3798 3204 3855 Scottos
3261 3800 3581 3872 redarguit.

1944 3884 2278 3942 Theodorus
2310 3883 2550 3951 Grccus,
2584 3886 2749 3953 patre
2771 3883 3073 3942 Theodoro
3103 3887 3377 3961 episcopo
3416 3888 3488 3946 de
3508 3892 3588 3948 ci-

1943 3975 2127 4032 vitate
2160 3971 2520 4028 Hierusalem
2546 3976 2677 4043 post
2709 3988 2778 4027 ιη.
2817 3977 2847 4027 5
2869 3978 2925 4029 et
2958 3974 3011 4030 d.
3042 3979 3107 4031 13
3140 3977 3292 4033 sedit
3327 3992 3376 4033 a.
3430 3984 3576 4050 6,m.

1944 4068 1994 4133 5,
2030 4063 2086 4118 d.
2117 4065 2201 4117 18.
2238 4058 2443 4129 (Gesta
2458 4074 2524 4131 λυ.
2560 4062 2660 4132 Β.)
2692 4061 2796 4117 llic
2845 4062 3292 4135 condempnavit
3338 4067 3583 4139 Pyrrum

1944 4151 2120 4221 regia
2133 4149 2390 4206 civitatis
2410 4147 2772 4220 episcopum,
2790 4151 2884 4220 qui
2903 4167 3033 4208 cum
3054 4152 3202 4222 Cyro
3218 4152 3587 4214 Alexandria

1944 4244 2000 4296 et
2033 4238 2233 4311 Sergio
2265 4236 2679 4308 predecessors
2710 4252 2816 4295 suo
2847 4238 3301 4310 achephalorum
3332 4242 3582 4301 heresim

1944 4329 2394 4385 instauraverat.
2431 4324 2650 4397 [812nm]
2683 4325 2851 4382 Venit
2874 4326 3025 4383 enim
3059 4326 3191 4385 ficta
3242 4334 3308 4387 ut
3338 4334 3465 4404 post
3489 4345 3587 4406 ap-

1945 4417 2138 4490 paruit
2172 4414 2490 4487 penitentia
2520 4418 2577 4470 et
2612 4414 2827 4472 obtulit
2868 4416 3055 4473 eidem
3107 4433 3251 4491 papa
3323 4419 3584 4481 libellum

1947 4503 2324 4579 panitentia;
2341 4502 2441 4559 sed
2460 4502 2689 4559 domum
2705 4517 2983 4561 reversus
3002 4505 3073 4562 ad
3094 4508 3581 4583 vomitumrediit,

1946 4609 2114 4666 quam
2149 4593 2223 4648 ob
2257 4606 2375 4647 rem
2392 4595 2681 4663 prasente
2700 4592 2861 4649 clero
2873 4597 2933 4650 et
2949 4594 3163 4667 populo
3193 4598 3450 4657 Romano
3465 4600 3588 4658 vin-

1944 4683 2078 4742 culo
2100 4680 2504 4751 anathematis,
2540 4686 2605 4737 ut
2638 4681 3034 4755 pradiximus,
3106 4684 3417 4745 innodatus
3471 4694 3581 4747 est.

1947 4773 2152 4845 (Gesta
2165 4787 2225 4843 ρ.
2245 4771 2343 4843 R.)
2359 4771 2499 4826 Post
2518 4769 2878 4827 Theodorum
2894 4772 3175 4831 Martinus
3190 4775 3261 4831 de
3274 4776 3586 4835 Tudertina

1944 4861 2168 4920 Tuscia
2199 4858 2353 4917 sedit
2388 4873 2438 4915 a.
2473 4862 2525 4929 6,
2562 4863 2705 4927 m..'5,
2731 4858 2890 4917 d.26.
2925 4860 3145 4934 [8301.]
3170 4864 3587 4925 Constantinus

1946 4952 2127 5022 igitur
2140 4950 2463 5020 deceptusa
2479 4946 2658 5003 Paulo
2671 4948 2851 5018 regia
2864 4949 3124 5007 civitatis
3137 4950 3414 5025 episcopo
3427 4954 3584 5012 sicut

1946 5046 2005 5099 et
2029 5039 2293 5097 Eraclius
2326 5051 2578 5111 proavus
2598 5035 2725 5107 eius
2747 5052 2776 5095 a
2810 5039 3031 5110 Sergio,
3092 5037 3305 5097 librum
3363 5056 3589 5117 compo-

1948 5134 2064 5192 suit
2106 5129 2388 5187 adversus
2437 5128 2606 5185 fidem
2655 5126 3023 5187 catholicam.
3085 5128 3244 5189 Unde
3301 5131 3584 5193 Martinus

1546 5291 1784 5352 VARIE
1824 5291 2223 5352 LECTIONES.

251 5433 324 5469 “'
352 5436 517 5492 Anno
534 5433 832 5491 —civitas
850 5431 979 5503 fuit
998 5432 1083 5503 in
1107 5444 1299 5503 marg.
1334 5428 1405 5464 m
1451 5432 1577 5503 Her
1595 5463 1666 5475 —
1704 5433 1823 5493 ind.
1854 5438 1920 5495 7.
1940 5435 2011 5493 in
2025 5445 2216 5503 marg.
2240 5426 2472 5503 duabus
2499 5426 2719 5487 codicis
2747 5429 3024 5490 σωαθσαια.
3053 5428 3126 5465 ²⁰⁶
3144 5442 3225 5489 an
3246 5448 3268 5487 :
3289 5429 3581 5492 Honorius

179 5519 334 5580 papa
367 5505 419 5563 S.
450 5503 808 5578 Apollinaris
837 5501 1136 5561 basilicam
1156 5499 1328 5564 orsus
1353 5506 1447 5558 est
1471 5500 1584 5557 1'“
1611 5505 1757 5566 Hac
1783 5507 1855 5566 in
1880 5499 2173 5577 margini
2184 5499 2481 5572 legum.
