3940 6048
268 156 380 225 108

257 386 591 459 dampnavit
625 384 735 440 sub
760 382 1124 439 anathemate
1156 381 1432 452 praefatos
1485 381 1712 451 Cyrum,
1777 375 1905 429 Ser-

255 476 431 545 gium,
466 477 709 544 Pyrrum
741 476 797 527 et
833 469 1073 526 Paulum
1101 470 1414 525 hereticos.
1477 470 1590 523 Pro
1644 479 1755 536 qua
1818 477 1907 517 re-

263 565 474 619 missus
498 562 936 631 abimperatore
955 558 1295 613 Theodorus
1309 553 1748 613 exarchustulit
1772 553 1909 606 Mar-

267 652 448 706 tinum
483 650 553 704 de
584 647 833 704 ecclesia
869 645 1362 715 Constantiniana,
1398 649 1457 700 et
1480 642 1905 714 perduxiteum

266 734 845 807 ConstantinOpolim.
898 734 1005 801 Qui
1033 738 1160 805 post
1222 733 1507 802 religatus
1567 733 1902 795 Cersonam,

267 826 478 882 ibidem
508 825 684 880 vitam
744 823 947 891 ﬁnivit,
1011 822 1210 877 multis
1267 816 1551 877 virtutum
1604 819 1785 888 signis
1852 817 1906 871 in

267 916 472 971 eodem
498 914 626 970 loco
659 927 839 983 usque
861 911 1033 967 hodie
1056 910 1372 979 refulgens.

339 1005 502 1058 Anno
534 1005 690 1058 Dom.
752 1001 970 1056 incarn.
1035 1002 1157 1069 640,
1215 999 1575 1055 indietione..
1629 995 1907 1051 Martinus

270 1095 545 1163 papatum
570 1106 654 1146 S'l.
702 1131 713 1142 .
761 1091 927 1143 Facta
964 1093 1058 1143 est
1090 1089 1196 1143 hec
1246 1086 1505 1158 synodus
1553 1100 1701 1141 anno
1747 1086 1903 1139 Dom.

270 1179 381 1236 inc.
420 1183 542 1248 650,
579 1177 893 1233 indictione
926 1180 977 1246 8,
1014 1191 1160 1231 anno
1194 1176 1420 1246 imperii
1456 1172 1819 1230 Constantini
1853 1177 1904 1242 9,

273 1270 371 1339 qui
407 1267 711 1339 imperavit
736 1270 935 1337 postea
970 1279 1020 1319 a.
1057 1270 1123 1320 19
1179 1269 1235 1318 et
1287 1267 1555 1319 mortuus
1615 1267 1704 1317 est
1762 1275 1910 1316 anno

273 1356 423 1411 dom.
458 1355 570 1410 inc.
604 1352 1060 1417 669,indictione
1100 1354 1178 1405 12.

344 1441 549 1513 (Gesta
560 1458 623 1514 1).
642 1444 741 1513 Β.)
766 1440 1058 1509 Eugenius
1074 1440 1382 1509 Romanus,
1400 1442 1568 1509 patre
1583 1437 1907 1507 Ruﬁniano,

274 1531 429 1588 sedit
461 1546 509 1586 a.
545 1534 598 1600 2,
636 1545 706 1585 ni.
742 1532 793 1595 9,
831 1529 885 1584 (1.
920 1532 1008 1597 24,
1042 1528 1135 1583 cui
1173 1536 1308 1598 post
1359 1541 1612 1583 mensem
1672 1528 1729 1581 et
1788 1525 1914 1581 dies

1208 142 1576 221 HUGONIS
1618 144 1978 217 ABBATIS
2023 138 2705 215 FLAVINIACENSIS

261 312 406 371 papa
434 297 787 367 congregata
839 290 1034 350 Roma:
1076 291 1295 364 synodo
1346 296 1448 348 110
1494 291 1903 363 episcoporum
1939 282 1992 340 A
2026 279 2183 337 intus
2201 282 2474 352 palatium
2508 301 2694 358 suum,
2731 288 2895 358 regni
2931 288 3056 361 ejus
3087 306 3236 348 anno
3271 293 3355 361 14,
3392 290 3464 347 ab
3484 288 3672 345 incar-

3553 144 3666 215 104

2023 371 2256 428 natione
2287 375 2505 430 Domini
2538 380 2642 431 668
2696 375 3014 435 indictione
3035 385 3120 450 11,
3145 379 3433 451 simulque
3455 378 3668 447 legatis

2020 459 2360 528 apostolicae
2374 464 2914 537 sedisetepiscopis
2930 473 2950 522 1
2966 472 3033 523 50
3053 467 3665 525 residentibus.Prima

2019 547 2169 602 enim
2205 550 2458 619 synodus
2477 552 2629 622 apud
2664 554 2896 609 Niceam
2930 559 3032 613 318
3063 557 3299 611 Patrum
3324 559 3531 612 contra
3564 557 3667 609 Ar-

2020 634 2166 690 rium
2197 641 2459 709 tempore
2479 639 2744 696 Silvestri
2774 658 2935 713 papae
2959 644 3220 714 Romani,
3248 643 3666 700 Machariillie—

2019 724 2425 797 rosolimitani,
2446 726 2755 784 Alexandri
2781 729 3175 800 Alexandrini,
3205 733 3315 787 sub
3340 730 3666 788 Constanti-

2020 832 2092 873 no
2117 815 2397 887 principe.
2430 815 2692 870 Secunda
2743 817 3246 888 Constantinopoli
3282 823 3385 874 150
3425 819 3662 874 Patrum

2020 907 2219 961 contra
2246 903 2715 958 Macedoniauum
2747 910 2809 959 et
2841 906 3168 962 Euxodium
3231 906 3327 976 qui
3382 906 3661 976 Spiritum

2021 996 2286 1049 sanctum
2317 991 2492 1046 Deum
2523 1004 2654 1047 esse
2679 993 2968 1061 negabant
3002 998 3265 1065 tempore
3306 994 3532 1050 Damasi
3570 1009 3665 1066 pa-

2024 1096 2130 1152 pae,
2150 1078 2345 1149 Cyrilli
2367 1079 2878 1151 Hierosolimitani,
2902 1083 3161 1137 Noctarii
3178 1082 3667 1154 Constantinopo-

2024 1167 2307 1223 litanisub
2330 1166 2651 1222 Theodosio
2674 1169 2928 1240 seniore,
2960 1175 3018 1224 et
3051 1171 3309 1225 Gratiani
3360 1170 3658 1241 principis.

2021 1255 2219 1311 Tercia
2243 1254 2297 1309 in
2328 1255 3181 1325 Eupheso200Patrumcontra
3206 1261 3537 1317 Nestorium
3577 1275 3666 1317 re-

2021 1344 2133 1414 gia}
2149 1343 2657 1414 urbisepiscopum
2679 1349 2824 1401 duas
2841 1361 3123 1416 personas
3137 1348 3191 1402 in
3208 1349 3497 1405 Christum
3514 1364 3667 1406 asse-

2025 1447 2124 1488 ren
2138 1432 2231 1500 tis,
2248 1432 2357 1487 sub
2375 1431 2993 1502 Theodosiojunioreet
3011 1450 3159 1507 papa
3184 1436 3497 1508 Celestino,
3522 1443 3666 1493 tem-

2024 1534 2168 1592 pore
2196 1519 2492 1576 Iuvenalis
2513 1521 3141 1593 Constantinopolitani
3175 1525 3372 1595 Cyrilli
3422 1526 3667 1582 Alexan-

270 1625 342 1678 28
372 1618 662 1676 successit
692 1616 1017 1672 Vitalianus
1044 1616 1341 1685 Signensis
1393 1615 1706 1686 provinciae.
1754 1616 1912 1669 Cam-
1942 1634 1995 1694 Β
2027 1606 2197 1662 dPini-
2235 1607 2451 1673 Quarta
2485 1608 2539 1663 in
2574 1609 2896 1667 Calcedone
2918 1615 3023 1666 630
3053 1613 3288 1668 Patrum
3323 1614 3432 1669 sub
3476 1614 3664 1669 Leone

274 1723 460 1780 pansa,
499 1713 663 1779 patre
691 1705 1014 1776 Anastasio,
1040 1704 1189 1761 sedit
1224 1720 1272 1760 a.
1310 1707 1394 1772 14,
1434 1719 1503 1759 m.
1530 1708 1581 1759 6.
1608 1704 1709 1759 Hic
1749 1718 1913 1772 regu-

276 1796 388 1851 lam
421 1795 883 1851 ecclesiasticam
912 1797 969 1848 et
1005 1793 1284 1861 vigorem,
1321 1796 1384 1847 ut
1404 1807 1525 1848 mos
1551 1796 1660 1861 est,
1680 1791 1912 1847 omnino

278 1884 554 1941 servavit.
587 1883 711 1949 Quo
742 1897 926 1953 nuper
958 1881 1228 1937 ordinato
1294 1880 1705 1936 Constantinus
1758 1880 1912 1936 misit

279 1974 451 2029 beato
474 1975 648 2027 Petro
679 1969 979 2039 evangelia
1014 1984 1185 2025 aurea
1218 1969 1463 2038 gemmis
1507 1968 1655 2024 albis
1708 1972 1912 2024 ornata

280 2062 439 2117 mirae
472 2058 902 2129 magnitudinis.
964 2056 1287 2112 Vitalianus
1341 2056 1496 2111 misit
1559 2057 1912 2112 Britanniam

280 2148 565 2220 plurimos
597 2145 775 2202 divini
798 2144 962 2201 verbi
986 2144 1427 2215 praedicatores,
1477 2144 1575 2213 qui
1631 2143 1913 2200 ecclesias

281 2234 596 2306 Anglorum
632 2232 810 2289 multa
862 2232 1040 2289 divini
1072 2232 1235 2288 verbi
1280 2232 1443 2301 fruge
1503 2232 1907 2287 fecundarunt.

285 2323 694 2381 Constantinus
725 2321 1043 2392 imperator
1075 2320 1525 2376 Sarracenorum
1566 2320 1916 2376 tributarius

208 2470 213 2475 ,
282 2412 471 2468 factus
504 2410 692 2467 tribus
722 2408 886 2464 annis
917 2411 973 2463 et
994 2406 1243 2478 amplius
1273 2422 1620 2477 unoquoque
1653 2406 1915 2464 diemille

279 2498 502 2556 solidos
533 2498 659 2555 auri
687 2497 896 2554 erariis
922 2497 1370 2551 Sarracenorum
1429 2495 1709 2551 reddebat
1754 2495 1912 2569 (1b.).

281 2586 527 2644 Tandem
560 2585 870 2656 aliquando
896 2583 1215 2654 resumptis
1245 2582 1470 2639 viribus
1492 2583 1712 2639 tributa
1747 2584 1917 2639 dene-

282 2674 461 2744 gavit,
495 2676 552 2729 et
578 2673 700 2744 ipse
723 2675 849 2743 post
888 2670 1166 2742 plurimas
1195 2674 1252 2726 et
1287 2670 1579 2726 inauditas
1621 2670 1918 2742 deprazda-

288 2764 478 2821 tiones
510 2760 827 2833 provinciis
851 2760 1054 2828 factas,
1086 2759 1316 2815 occisus
1350 2759 1404 2813 in
1455 2758 1662 2814 balneo
1695 2760 1866 2830 periit
1900 2778 1914 2825 ;

285 2850 550 2921 regnavit
583 2864 633 2905 a.
666 2852 752 2905 28.
789 2850 904 2904 Nec
935 2846 1117 2903 multo
1134 2850 1263 2918 post
1284 2846 1602 2903 Vitalianus
1617 2862 1792 2917 regna
1826 2862 1920 2903 ee-

285 2940 457 2998 lestia
484 2938 707 3011 petivit,
746 2937 839 2994 cui
875 2941 1005 3009 post
1040 2940 1160 2990 m.3
1182 2938 1239 2991 et
1260 2935 1315 2990 d.
1336 2940 1399 2991 13
1430 2936 1718 2991 successit
1740 2935 1919 2991 Adeo-

285 3031 460 3088 datus
489 3030 781 3085 Romanus
812 3042 884 3083 ex
916 3025 1233 3096 monachis,
1269 3030 1436 3096 patre
1481 3026 1747 3095 Jobiano,
1765 3025 1918 3081 sedit

284 3134 334 3175 a.
371 3122 420 3174 4.
458 3132 530 3174 m.
561 3121 615 3186 2,
652 3116 704 3171 (1.
742 3120 792 3170 5.
823 3116 1052 3171 Postm.
1089 3116 1191 3169 4et
1221 3113 1275 3169 d.
1304 3115 1574 3169 15Donus
1604 3114 1917 3180 Romanus,

283 3211 452 3279 patre
482 3205 774 3274 Mauricio,
802 3202 954 3259 sedit
986 3218 1037 3258 a.
1074 3209 1122 3272 1,
1152 3218 1222 3257 m.
1259 3207 1309 3271 5,
1341 3202 1395 3257 (1.
1425 3207 1507 3257 10.
1527 3201 1669 3258 Huic
1688 3209 1819 3273 post
1845 3219 1916 3257 in.

282 3299 318 3353 2
346 3300 403 3352 et
436 3295 491 3351 (1.
527 3300 593 3349 15
625 3291 1155 3361 suceessitAgatho
1175 3290 1364 3347 Sicula
1389 3305 1536 3347 anno
1558 3291 1629 3345 ab
1663 3291 1923 3347 incarna-

284 3381 816 3450 tioneDomini666,
841 3379 1158 3435 indictione
1190 3382 1239 3449 ὅ,
1268 3378 1421 3434 sedit
1451 3382 1569 3449 a.2,
1606 3395 1679 3434 m.
1714 3381 1839 3442 6,d.
1868 3383 1917 3435 4.

357 3470 576 3543 [BEDA.]
600 3471 763 3525 Anno
796 3468 975 3537 igitur
1006 3468 1077 3523 ab
1111 3467 1510 3523 incarnatione
1542 3467 1764 3522 Domini
1794 3468 1919 3538 670,

287 3558 603 3616 indictione
636 3562 722 3627 13,
753 3560 957 3629 epacta
994 3598 1006 3611 .
1054 3597 1067 3610 .
1102 3561 1491 3612 concurrente
1526 3598 1537 3609 .
1583 3597 1596 3610 .
1643 3557 1923 3612 Constan-

287 3645 623 3704 tinusﬂlius
654 3645 1012 3701 Constantini
1037 3644 1361 3716 superioris
1420 3658 1667 3713 regnare
1725 3659 1917 3713 orsus,

286 3734 552 3806 regnavit
584 3748 635 3789 a.
670 3739 755 3789 17.
818 3733 1042 3803 Agatho
1086 3747 1231 3803 papa
1290 3737 1498 3800 rogatu
1559 3733 1921 3788 Constantini

286 3824 443 3881 misit
476 3823 533 3878 in
566 3822 1000 3894 regiamurbem
1024 3821 1246 3891 legatos
1267 3835 1405 3877 suos
1434 3836 1538 3891 pro
1570 3821 1922 3878 adunatione

286 3911 548 3969 facienda
580 3914 912 3967 sanctarum
944 3910 1044 3966 Dei
1066 3908 1469 3965 ecclesiarum.
1495 3908 1602 3974 Qui
1637 3909 1925 3979 benignis-

286 4002 485 4059 simea
517 4000 897 4057 Constantino
938 3998 1220 4068 suscepti,
1250 3997 1399 4068 jussi
1442 4003 1579 4053 sunt
1626 3998 1923 4070 colloquio

288 4086 516 4162 paciﬁci
547 4088 617 4143 de
649 4086 908 4144 ﬂdevera
940 4086 1299 4160 perquirere.
1338 4085 1754 4143 Residentibus
1782 4102 1924 4158 ergo

290 4173 717 4248 150episcopis,
744 4175 1098 4246 praesidente
1112 4172 1358 4243 Georgio
1398 4175 1925 4247 Constantinopoli-

291 4269 428 4321 tano
459 4266 521 4319 et
551 4262 1254 4331 MachiarioAntiocheuo,
1273 4262 1428 4318 facto
1440 4262 1732 4333 conflictu,
1752 4264 1926 4319 Geor-

293 4352 425 4423 gius
439 4354 747 4423 correptus
769 4355 878 4421 est,
900 4349 1221 4407 Macharius
1242 4363 1374 4405 cum
1422 4351 1546 4406 suis
1576 4352 1924 4421 sequacibus
1955 4352 2007 4412 D
2038 4361 2292 4419 dictione
2326 4368 2377 4430 1,
2408 4377 2545 4434 pm.

291 4439 639 4511 dampnatus
651 4443 764 4509 est,
787 4436 1271 4509 tantaquegratia
1288 4436 1512 4507 legatos
1540 4440 1697 4509 pacis
1729 4441 1926 4498 catho-

291 4525 419 4584 licae
434 4526 709 4583 comitata
723 4531 834 4598 est,
854 4530 913 4583 ut
936 4526 1228 4582 Johannes
1241 4526 1588 4583 Portuensis
1611 4528 1925 4602 episcopus

293 4629 443 4673 unus
472 4629 545 4671 ex
566 4615 653 4671 eis
686 4614 981 4672 Dominica
1004 4618 1206 4670 octava
1230 4612 1461 4684 paschae
1503 4615 1711 4673 missas
1739 4619 1927 4688 publi-

292 4717 397 4760 cas
421 4702 479 4758 in
509 4701 758 4760 ecclesia
786 4707 1002 4759 sanctae
1052 4700 1277 4772 Sophiae
1307 4715 1500 4757 coram
1535 4704 1799 4777 principe
1867 4713 1926 4764 et

296 4790 624 4865 patriarcha
638 4790 987 4847 celebraret.
1012 4791 1127 4845 Hec
1138 4792 1229 4844 est
1248 4793 1414 4845 sexta
1427 4793 1683 4861 synodus
1700 4796 1929 4855 univer-

295 4879 439 4938 salis
457 4877 958 4951 Constantinopoli
972 4876 1270 4934 celebrata
1282 4883 1343 4936 et
1357 4880 1539 4938 Grece
1569 4886 1799 4942 conseri
1804 4893 1925 4962 pta,

295 4973 560 5042 tempore
589 4983 752 5041 papa)
782 4965 1118 5039 Agathonis,
1150 4967 1328 5026 tertio
1381 4967 1451 5003 ²⁰²
1507 4980 1754 5046 papatus
1806 4979 1933 5051 ejus

298 5070 469 5131 anno,
500 5060 828 5131 exequente
849 5056 1115 5132 principe
1149 5058 1531 5119 Constantino
1550 5068 1609 5121 et
1638 5067 1932 5131 residente
2044 5056 2330 5144 ornatam,
2363 5070 2421 5126 in
2451 5082 2563 5142 qua
2593 5069 2702 5126 sub
2734 5071 2769 5127 4
2794 5069 3009 5142 petalis
3036 5075 3165 5128 erat
3214 5072 3517 5130 recondita
3567 5086 3700 5146 por.

2027 1710 2171 1767 papa
2205 1701 2263 1751 et
2285 1698 2575 1754 Marciano
2606 1698 2887 1770 principe,
2918 1704 3180 1772 tempore
3211 1701 3508 1757 Iuvenalis
3536 1701 3666 1757 Ilie-

2026 1784 2410 1840 rosolimitani
2429 1790 2487 1841 et
2502 1787 3130 1860 Constantinopolitani
3147 1794 3349 1846 contra
3363 1791 3664 1847 Euthicem

2027 1874 2391 1929 Constantini
2426 1874 2715 1946 abbatem,
2741 1877 2903 1932 verbi
2937 1878 3035 1933 Dei
3067 1883 3125 1934 et
3159 1879 3352 1934 carnis
3375 1891 3541 1934 unam
3571 1892 3669 1933 na-

2025 1966 2214 2018 turam
2246 1977 2378 2019 esse
2397 1965 3124 2035 pronunciantem.Quinta
3159 1967 3662 2038 Constantinopoli

2024 2058 2230 2107 contra
2260 2053 2623 2108 Theodorum
2670 2057 2728 2109 et
2781 2069 2980 2111 omnes
3030 2056 3344 2126 hereticos,
3404 2061 3668 2127 tempore

2024 2139 2216 2209 Vigilii
2247 2156 2431 2211 papae,
2460 2143 3296 2216 subJustinianoimperatore.
3334 2148 3507 2202 Sexta
3539 2146 3664 2203 haec

2026 2227 2097 2283 de
2131 2243 2240 2298 qua
2275 2229 2544 2286 diximus.

2101 2318 2289 2389 [Ano.]
2324 2318 2446 2383 Quo
2474 2318 2544 2352 ²⁰³
2576 2321 2629 2375 in
2666 2324 2928 2391 tempore
2969 2322 3269 2379 Sindulfus
3324 2324 3667 2381 Viennensis

2027 2403 2257 2475 claruit,
2294 2406 2383 2461 cui
2409 2407 2693 2463 successit
2720 2408 3241 2478 Heedicusmagnze
3264 2402 3586 2482 religienis,
3605 2417 3663 2468 et

2028 2493 2215 2562 viguit
2244 2509 2425 2564 usque
2445 2495 2513 2549 ad
2541 2496 2803 2551 ultimum
2827 2498 3396 2569 tempusJustiniani,
3424 2501 3532 2555 sub
3547 2515 3664 2570 quo

2028 2585 2087 2636 et
2118 2581 2300 2645 obiit;
2330 2582 2421 2637 cui
2455 2584 2775 2639 succedens
2805 2584 3096 2640 Cadoldus
3129 2587 3359 2641 duravit
3390 2602 3574 2657 usque
3593 2588 3663 2643 ad

2031 2674 2289 2741 tempora
2317 2672 2650 2727 Theoderici
2672 2673 2825 2742 regis
2852 2673 2971 2738 ;cui
2990 2675 3276 2730 successit
3315 2675 3663 2746 Dodelenus,

2028 2763 2081 2813 et
2115 2759 2167 2814 ei
2200 2760 2516 2816 Bobolinus
2544 2766 2806 2831 tempore
2835 2762 3110 2817 Johannis
3158 2764 3253 2833 qui
3275 2764 3476 2833 Sergio
3507 2779 3675 2837 papa:

2029 2848 2336 2918 successit,
2372 2849 2543 2919 eique
2558 2850 2846 2906 successit
2870 2851 3151 2921 Georgius
3180 2867 3398 2921 magnae
3439 2853 3679 2911 virtutis

2031 2935 2364 3007 episcopus.

2106 3025 2415 3080 Romanam
2451 3024 2627 3095 igitur
2660 3027 2856 3081 sedem
2892 3031 3021 3098 post
3042 3027 3397 3095 Agathonem
3414 3028 3677 3100 suscepit

2035 3115 2145 3168 Leo
2176 3115 2221 3167 II
2252 3113 2462 3183 Sicula,
2500 3119 2665 3184 patre
2702 3115 2900 3185 Paulo,
2927 3117 3299 3187 interpositis
3346 3117 3498 3172 inter
3529 3121 3678 3186 Aga-

2035 3203 2268 3257 thonem
2291 3207 2347 3256 et
2382 3202 2807 3259 ordinationem
2840 3204 2966 3274 ejus
2996 3220 3044 3261 a.
3083 3212 3133 3275 1,
3171 3221 3241 3261 m.
3278 3208 3331 3276 6,
3357 3206 3410 3261 (1.
3439 3211 3489 3274 ϐ,
3518 3205 3677 3261 sedit

2035 3307 2107 3348 m.
2140 3297 2191 3361 7,
2224 3291 2279 3346 d.
2319 3292 2398 3362 l7,
2432 3293 2523 3348 cui
2550 3298 2685 3363 post
2715 3308 2784 3347 m.
2815 3300 2870 3349 11
2910 3299 2969 3350 et
2992 3295 3047 3350 d.
3080 3300 3149 3352 22
3180 3297 3467 3352 successit
3494 3297 3669 3352 Bene-

2036 3380 2231 3436 dictus
2264 3380 2553 3449 ll.junior
2604 3382 2838 3438 natione
2884 3384 3177 3441 Romanus
3214 3400 3287 3440 m.
3352 3390 3436 3455 10,
3472 3385 3524 3440 (1.
3586 3390 3674 3442 12.

2037 3468 2241 3539 (Gesta
2259 3483 2317 3538 ρ.
2346 3467 2443 3537 R.)
2475 3469 2575 3524 llic
2600 3470 2861 3541 suscepit
2893 3472 3188 3542 jiissiones
3239 3473 3679 3528 clementissimi

2038 3557 2318 3629 principis
2351 3558 2714 3613 Constantini
2750 3559 2817 3614 ad
2836 3560 3134 3617 elerumct
3165 3561 3443 3632 populum
3480 3562 3683 3617 Roma-

2036 3660 2189 3713 num,
2222 3650 2286 3700 ut
2319 3645 2413 3715 qui
2446 3644 2672 3703 electus
2704 3648 2875 3704 fuerit
2911 3649 2966 3703 in
2996 3649 3337 3719 pontiﬁcatu
3361 3650 3621 3706 Romano
3650 3664 3684 3705 e

2036 3733 2284 3803 vestigio
2314 3740 2784 3807 consecraretur,
2821 3752 2927 3792 nec
2957 3743 3373 3809 expectaretur
3431 3738 3684 3796 ulterius

2035 3836 2311 3878 assensus
2338 3826 2395 3876 et
2429 3821 2618 3890 jussio
2638 3823 3031 3894 imperatoris.
3059 3827 3344 3882 Posteum
3371 3826 3686 3896 interposi-

2037 3910 2114 3966 tis
2139 3910 2367 3966 duobus
2390 3911 2706 3982 mensibus,
2743 3912 2950 3969 diebus
2983 3918 3070 3984 15,
3098 3915 3249 3970 sedit
3282 3914 3573 3970 Iohannes
3613 3915 3679 3971 V.

2037 3996 2215 4067 Syrus
2244 3996 2315 4053 de
2347 3998 2642 4069 provincia
2674 3999 3015 4071 Antiochiae,
3049 4005 3216 4072 patre
3239 4000 3500 4072 Cyriaco,
3530 4015 3685 4058 anno

2037 4092 2165 4159 1,et
2187 4088 2239 4143 ei
2271 4092 2399 4159 post
2435 4103 2506 4143 m.
2539 4092 2590 4143 2.
2634 4087 2687 4142 d.
2724 4092 2789 4145 18
2840 4089 3124 4145 successit
3184 4090 3442 4159 Chonon,
3511 4095 3682 4160 patre

2036 4177 2330 4245 Tracesio,
2355 4177 2641 4233 educatus
2671 4177 2822 4248 apud
2855 4177 3131 4248 Siciliam,
3163 4177 3316 4234 sedit
3341 4194 3411 4233 m.
3458 4182 3542 4235 11.

2109 4268 2332 4322 Incarn.
2357 4264 2604 4321 ’“Dom.
2627 4280 2676 4321 a.
2720 4269 2841 4335 688,
2877 4265 3102 4337 imperii
3158 4267 3395 4322 Romani
3432 4281 3481 4321 a.
3516 4270 3567 4333 3,
3600 4266 3688 4321 in-

2591 4405 2603 4418 .
2652 4404 2665 4419 .
2710 4404 2722 4418 .
2756 4363 3158 4434 pontiﬁcatum
3181 4364 3452 4421 Romanae
3496 4361 3690 4421 eccle-

2042 4451 2144 4509 sia:
2192 4451 2447 4522 Sergius.

2110 4543 2252 4597 Post
2281 4555 2451 4611 quem
2480 4539 2717 4610 Sergius
2747 4541 2924 4612 Syrus
2958 4540 3277 4598 Antiochia
3319 4541 3686 4612 regioneori-

2040 4629 2251 4701 undus,
2287 4628 2706 4701 patreTyberio
2730 4627 2784 4683 in
2808 4629 3091 4684 Panormo
3115 4628 3347 4700 Siciliae,
3419 4629 3574 4686 sedit
3630 4644 3683 4686 a.

2040 4724 2124 4777 13.
2163 4734 2235 4775 m.
2269 4724 2322 4790 7,
2350 4718 2405 4774 d.
2433 4722 2523 4773 23.
2550 4716 2865 4773 Constituit
2897 4720 3102 4788 Agnus
3132 4719 3245 4776 Dei
3272 4719 3497 4775 cantari
3518 4734 3549 4775 a
3570 4718 3689 4775 cle-

2041 4823 2107 4866 ro
2130 4811 2185 4864 et
2219 4805 2433 4879 populo
2455 4810 2515 4861 et
2537 4804 2782 4861 letanias
2838 4804 2893 4860 in
2952 4806 3227 4877 ypapanti
3282 4807 3526 4864 Domini.
3582 4807 3688 4864 Hic

2041 4897 2281 4966 invenit,
2308 4894 2546 4951 Domino
2584 4891 2900 4964 revelante,
2937 4893 2994 4949 in
3027 4895 3291 4951 sacrario
3341 4895 3495 4952 beati
3526 4896 3687 4952 Petri

2042 4999 2279 5058 capsam
2312 4987 2664 5053 argenteam,
2695 4986 2754 5037 et
2777 4981 2834 5036 in
2847 4994 2913 5037 ea
2934 4996 3167 5040 crucem
3184 4998 3418 5041 auream
3444 4984 3690 5055 gemmis

1651 5228 1888 5290 VARUE
1924 5230 2328 5293 LECTIONES.

370 5357 444 5451 ξι
633 5357 868 5451 ἔψεξε
892 5357 1577 5451 ἐξίασιὲβ-ςφῃγᾳξξὶηρψ
1605 5365 1713 5427 Ιιοσ
1740 5370 1891 5451 loco,
1910 5375 2121 5451 mror
2134 5374 2349 5451 postea
2403 5371 2727 5451 supplendo
2757 5372 3232 5447 supermipsit;
3261 5374 3426 5451 apud
3464 5374 3694 5435 Bodam

300 5441 423 5494 non
453 5430 750 5508 mnum.
798 5428 868 5464 τοι
890 5429 1096 5499 Quo—
1113 5428 1429 5507 episcopus
1464 5436 1535 5498 in
1557 5450 1751 5515 marg.
1768 5428 1779 5429 ί
1796 5428 1903 5504 aut
1913 5428 2701 5519 "fiél‘sb'réiast‘imigﬂ

3709 4159 3728 4193 1
