3940 6048
184 225 305 290 105

1442 237 1941 306 CHRONICON.
1973 225 2054 290 —'—
2080 242 2235 306 LIB.
2275 245 2326 310 1.

3465 255 3582 320 106

180 368 269 424 tio
300 366 442 439 ligni
474 369 772 443 salutaris,
791 388 918 444 quas
940 380 1154 446 extupc
1177 374 1269 434 die
1290 378 1669 439 exaltationis
1700 381 1825 453 ejus
1856 375 1912 436 A
1940 389 2004 432 se
2032 377 2228 434 venire
2260 377 2613 451 praecipiens
2627 378 2948 440 honoriﬁce
2967 384 3243 457 suscepit,
3276 389 3357 446 ita
3391 395 3455 448 ut
3486 391 3579 449 die

182 454 240 511 in
269 457 518 514 basilica
548 459 870 518 Salvatoris
899 464 1140 519 abomni
1164 472 1475 524 veneratur
1491 474 1552 525 et
1600 470 1829 527 oscula-

181 548 282 600 tur
303 545 538 617 populo.
567 547 760 618 [ΒεοΑ.
782 550 996 607 Chron.
1020 553 1072 607 S.
1099 554 1379 627 Benigni.]
1404 557 1504 613 Hic
1537 558 1829 615 ordinavit

181 636 350 688 sanet
363 648 452 688 nm
468 634 902 693 Willibrordum
918 648 1303 709 cognomento
1321 643 1670 701 Clementem
1700 648 1830 702 Fre-

183 719 417 775 sionum
447 723 606 790 genti
639 725 1002 797 episcopum,
1024 742 1173 785 anno
1205 730 1508 789 dominicae
1569 732 1830 791 incarna-

184 807 369 863 tionis
393 807 520 879 696,
556 825 724 880 quem
761 813 914 869 misit
953 814 1091 872 illuc
1130 832 1261 874 cum
1309 819 1503 876 sociis.
1549 820 1829 892 Pippinus

181 894 373 965 major
395 895 625 969 domus,
661 906 965 974 postquam
998 905 1236 962 Frisiam
1267 906 1482 965 devicit
1539 915 1600 965 et
1624 910 1828 967 ducem

185 982 520 1042 Ratbodum
554 988 793 1057 fugavit.

258 1072 457 1129 Tertio
485 1076 793 1133 Iustiniani
819 1094 968 1136 anno
992 1082 1151 1152 cepit
1185 1098 1426 1153 regnare
1450 1086 1825 1158 Pippinus,et

187 1159 439 1216 retinuit
469 1162 808 1231 majoratum
841 1166 1046 1225 domus
1060 1170 1227 1225 annis
1256 1172 1326 1226 20
1345 1173 1454 1228 sub
1476 1174 1826 1247 Iustiniano,

189 1246 381 1303 Leone
407 1254 462 1304 et
496 1250 761 1323 Tyberio,
808 1254 946 1310 item
1001 1258 1350 1329 Iustiniano,
1394 1260 1714 1319 Theodosio
1770 1246 1828 1320 et

188 1335 401 1404 Leone,
433 1338 601 1407 cujus
630 1342 791 1409 regni
827 1357 977 1399 anno
1008 1346 1255 1410 6.0biit;
1281 1352 1568 1406 successit
1589 1351 1830 1408 Karolus

185 1421 493 1481 Hartellus
522 1430 581 1481 et
607 1427 752 1483 obiit
784 1434 843 1484 7.
883 1431 1244 1488 Constantini
1277 1448 1444 1493 anno.

262 1509 487 1584 [ana.]
518 1516 679 1570 Anno
726 1517 818 1572 ab.
879 1518 988 1576 inc.
1050 1521 1211 1578 Dom.
1246 1527 1370 1595 678,
1398 1525 1718 1584 indictione
1774 1532 1826 1599 2,

186 1603 393 1670 epicta
426 1599 602 1669 nulla,
635 1612 1021 1663 concurrente
1052 1614 1103 1678 5,
1126 1611 1488 1670 Justinianus
1538 1614 1726 1672 minor
1770 1616 1830 1671 ii-

1940 464 2222 545 dominica
2255 469 2460 541 missas
2487 483 2617 525 eum
2651 470 2762 526 sibi
2796 470 3007 541 jubens
3068 474 3279 545 facere,
3326 494 3584 537 commu-

1939 541 2173 610 nionem.
2199 556 2269 611 de
2304 570 2469 613 manu
2502 557 2627 626 eju;
2659 560 3099 631 susciperet,.et
3144 562 3197 619 in
3231 569 3391 621 terra
3451 583 3579 639 pro-

1938 645 2165 698 stratus
2196 645 2439 714 prosuis
2492 644 2889 715 peccatiseum
2931 650 3295 708 intercedere
3346 668 3576 727 rogans,

1937 736 2146 786 cuncta
2176 733 2440 791 ecclesias
2466 734 2769 805 privilegia
2791 744 3121 795 renovaret.
3142 738 3390 807 Quicum
3420 757 3581 800 exer-

1938 817 2117 874 citum
2149 819 2203 875 in
2236 822 2479 877 Pontum
2537 823 2800 880 mitteret
2856 827 2925 882 ad
2969 831 3581 899 comprehendendum

1937 904 2323 977 Philippicum
2349 923 2516 979 quem
2552 910 2626 965 ibi
2652 910 3003 981 religaverat
3027 916 3376 986 prohibente
3408 934 3578 993 papa,

1938 996 2967 1071 conversusexercitusPliilippicum
2986 1004 3118 1060 fecit
3145 1005 3574 1078 imperatorem,

1939 1095 2476 1153 reversusquecum
2521 1100 2589 1141 eo
2649 1088 3237 1163 ConstantinOpolim,
3300 1096 3578 1166 pugnavit

1937 1174 2139 1226 contra
2171 1172 2501 1230 Justinianu
2514 1189 2582 1241 m,
2610 1178 2670 1230 et
2686 1176 2842 1232 victo
2856 1193 2925 1233 eo
2941 1184 3113 1249 atque
3128 1182 3322 1239 occiso
3340 1198 3579 1254 regnum

1938 1258 2218 1328 suscepit,
2253 1260 2407 1330 quod
2443 1262 2630 1318 tenuit
2661 1277 2717 1319 a.
2751 1269 2773 1318 1
2812 1267 2868 1319 et
2901 1281 2973 1320 m.
3007 1270 3057 1322 6.

2014 1342 2198 1416 [Are].
2224 1346 2346 1411 Quo
2374 1346 2443 1380 ²⁰⁶
2473 1348 2525 1403 in
2560 1354 2819 1421 tempore
2884 1352 3175 1410 Deodatus
3233 1355 3578 1415 Viennensis

1938 1432 2252 1503 episcopus
2277 1434 2523 1492 ﬂorebat
2547 1436 2634 1492 vir
2662 1453 2879 1508 magna:
2905 1441 3290 1513 parsimoniae,
3322 1446 3420 1514 qui
3448 1460 3579 1503 suc-

1940 1522 2119 1577 cessit
2155 1522 2520 1594 Blidrannus,
2555 1528 2611 1580 et
2646 1526 2696 1581 ei
2729 1528 3577 1606 successitColdusepiscOpus

1941 1609 2037 1678 qui
2068 1610 2518 1667 etViennensem
2535 1613 2841 1669 ecclesiam
2866 1617 3041 1672 rebus
3059 1618 3255 1683 auxit;
3298 1621 3404 1675 fuit
3425 1622 3576 1680 enim

187 1684 305 1743 lius
338 1688 704 1745 Constantini
740 1706 984 1762 regnare
1007 1711 1180 1753 orsus
1215 1700 1474 1767 regnavit
1524 1702 1692 1759 annis
1740 1709 1824 1760 10.
1857 1721 1913 1783 Β
1944 1697 2126 1754 amnis
2158 1700 2394 1767 regibus
2417 1701 2783 1758 ῖπθηυονυιη-
2820 1704 3109 1760 success“
3143 1706 3194 1761 θί
3238 1707 3574 1782 Βοῧοιίηιιει

190 1775 295 1830 Hic
326 1789 533 1847 papam
550 1778 810 1851 Sergium
845 1783 965 1853 rapi
996 1783 1172 1853 jussit
1201 1785 1272 1842 de
1300 1788 1547 1845 ecclesia
1606 1796 1666 1846 et
1696 1792 1833 1848 Con-

189 1863 636 1936 stantinopolim
665 1868 983 1941 deportari,
1003 1878 1136 1942 quia
1160 1876 1428 1934 erraticas
1452 1892 1574 1935 sua:
1611 1881 1831 1952 synodo

191 1965 363 2022 quam
396 1953 613 2009 fecerat
648 1955 704 2011 in
739 1958 880 2014 urbe
915 1961 1069 2027 regia
1113 1963 1307 2019 favere
1338 1970 1398 2021 et
1446 1968 1835 2025 subscribere

190 2039 407 2096 noluit.
448 2041 561 2097 Sed
593 2045 876 2114 praevenit
909 2048 1114 2104 militia
1140 2051 1487 2110 Ravennatze
1521 2057 1829 2113 urbisvici-

192 2142 516 2199 uarumque
540 2132 790 2201 partium
806 2132 970 2202 jussa
1004 2136 1179 2207 regis,
1200 2143 1255 2193 et
1283 2140 1500 2198 missos
1514 2144 1640 2214 ejus
1657 2160 1834 2215 expu-

190 2214 259 2285 lit
289 2217 367 2272 ab
395 2218 541 2273 urbe
574 2218 772 2276 Roma.
806 2222 1170 2281 Justiuianus
1189 2225 1262 2282 ob
1286 2228 1516 2299 culpam
1577 2214 1833 2303 perfidia:

192 2317 373 2373 regno
399 2306 685 2377 privatus,
719 2308 928 2365 exulin
963 2312 1209 2370 Pontum
1234 2318 1492 2384 secedit;
1515 2324 1644 2389 post
1664 2335 1831 2391 quem

190 2392 502 2464 imperavit
528 2397 638 2452 Leo
672 2397 838 2453 annis
869 2403 920 2469 3,
937 2406 1142 2457 contra
1161 2418 1328 2473 quem
1356 2408 1630 2476 pugnavit
1658 2410 1834 2480 Tybe-

190 2481 314 2537 rius
343 2488 403 2538 et
423 2485 496 2539 de
520 2498 698 2554 regno
720 2486 967 2555 ejectum
986 2493 1248 2561 tempore
1263 2508 1377 2567 quo
1401 2494 1526 2565 ipse
1570 2500 1833 2567 regnavit

192 2569 246 2625 in
279 2572 552 2628 custodia
609 2576 800 2630 tenuit
856 2576 911 2631 in
951 2579 1152 2634 eadem
1216 2565 1475 2638 ci'vitate.
1526 2565 1665 2640 Post
1708 2586 1834 2642 Ser-

189 2658 343 2728 gium
374 2662 629 2718 Joannes
659 2664 748 2732 Vl,
776 2665 1012 2721 natione
1056 2667 1297 2738 Grecus,
1350 2669 1734 2743 interpositis,
1759 2690 1828 2731 m.

192 2750 241 2817 1,
277 2746 332 2803 d.
362 2753 447 2804 13.
466 2750 782 2807 Romanam
811 2754 1286 2811 rexitecclesiam
1308 2762 1427 2826 n.3,
1451 2773 1521 2814 m.
1541 2763 1592 2830 2,
1628 2760 1833 2819 diebus

195 2835 478 2907 (Gestap.
514 2840 639 2909 12)..
687 2882 699 2895 .
747 2883 762 2909 ,
798 2842 964 2911 cujus
994 2848 1398 2913 temporecum
1425 2846 1683 2905 Gisulfus
1716 2851 1834 2906 dux

193 2921 705 2994 Langobardorum
741 2928 1102 2999 Campaniam
1137 2931 1286 3002 igne,
1317 2933 1512 3002 gladio
1563 2942 1623 2991 et
1651 2939 1835 3008 capti-

192 3011 376 3067 vitate
416 3019 702 3084 vastaret,
733 3022 793 3071 et
822 3031 932 3072 non
962 3023 1121 3073 esset
1147 3019 1244 3089 qui
1264 3020 1315 3076 ei
1351 3022 1681 3095 resisteret,
1710 3027 1834 3097 ipse

194 3113 339 3169 papa
374 3101 575 3157 missis
599 3102 669 3157 ad
694 3118 825 3159 eum
858 3106 1266 3163 sacerdotibus
1307 3113 1365 3163 et
1421 3110 1654 3169 clericis
1701 3130 1833 3171 cum

194 3185 452 3245 donariis
477 3189 744 3260 plurimis
784 3193 1087 3250 universos
1144 3197 1412 3267 captivos
1452 3201 1717 3272 redemit,
1775 3210 1835 3260 et

191 3274 644 3334 bostesdomum
701 3280 894 3336 redire
951 3282 1107 3338 fecit.
1173 3283 1389 3357 [Ben/1].
1445 3289 1741 3346 Successit
1781 3292 1834 3347 ei

192 3363 485 3422 Iohannes
502 3367 616 3435 Vl‘,
634 3368 865 3423 natione
879 3369 1290 3442 Grecus,patre
1304 3374 1589 3446 Platonio,
1613 3379 1765 3434 sedit
1780 3394 1831 3435 a.

192 3454 244 3520 2,
265 3466 338 3508 m.
375 3458 428 3522 7,
457 3452 515 3508 d.
544 3457 631 3509 27.
668 3454 829 3511 Sedit
858 3457 1274 3517 Constantinus
1305 3463 1483 3535 Syrus
1542 3470 1709 3537 patre
1743 3468 1838 3524 Jo-

193 3537 406 3609 hanne,
430 3546 551 3609 a.7,
581 3541 637 3597 d.
674 3548 756 3599 15.
792 3544 997 3613 (Gesta
1013 3561 1071 3617 ρ.
1108 3549 1228 3619 18.).

267 3627 462 3699 [Ριιυι.
498 3630 654 3693 Duc,
682 3646 755 3699 γι,
789 3633 902 3703 46.]
926 3634 1004 3689 Eo
1034 3633 1104 3667 ²⁰³
1135 3641 1400 3707 tempore
1438 3654 1581 3710 gens
1640 3641 1837 3700 Sarra-

194 3730 473 3774 cenorum
498 3717 554 3773 in
574 3718 702 3775 loco
716 3720 1059 3792 quiSeptem
1077 3723 1293 3781 dicitur
1307 3740 1379 3781 ex
1404 3728 1613 3785 Aﬂ‘riea
1649 3736 1837 3788 trans-

194 3796 519 3864 fretrantes
550 3806 881 3877 Hispaniam
914 3808 1276 3883 invaserunt,
1306 3821 1363 3869 et
1397 3822 1525 3887 post
1560 3822 1626 3874 10
1654 3832 1836 3878 annos

195 3908 324 3950 cum
350 3894 642 3951 uxoribus
672 3900 730 3951 et
754 3895 887 3953 filiis
920 3899 1307 3968 Aquitaniam.
1332 3902 1602 3974 ingressi,
1629 3908 1834 3965 Carolo

194 3994 325 4037 cum
348 3982 589 4039 Eudone
605 3983 927 4054 Aquitaniae
943 3986 1206 4059 principe
1230 4004 1407 4062 super
1426 4007 1527 4049 eos
1551 3993 1833 4065 irruente,

194 4069 301 4124 370
330 4066 490 4124 milia
523 4083 552 4125 a
579 4069 813 4127 Francis
837 4078 1131 4144 perempta
1154 4081 1399 4146 sunt,ex
1428 4081 1665 4138 Francis
1697 4095 1834 4138 vero

196 4154 354 4212 mille
385 4157 688 4227 quingenti
706 4162 927 4216 tantum
947 4161 1310 4220 ceciderunt.
1337 4166 1837 4240 Eudoquoqueir-

196 4259 372 4301 ruens
400 4259 581 4318 super
610 4261 711 4304 eo;
741 4248 865 4319 pari
900 4250 1069 4306 modo
1103 4251 1320 4309 multos
1378 4254 1692 4328 interemit,
1774 4263 1832 4314 et

194 4331 488 4403 fugientes
521 4335 823 4392 Sarraceni
852 4351 981 4392 cum
1006 4337 1182 4394 nimio
1204 4342 1469 4400 exercitu
1491 4343 1835 4417 Constanti-

191 4422 449 4493 nopolim
484 4422 733 4479 triennio
762 4424 1137 4482 obsederunt.

269 4509 490 4582 [ΒευΑΙ.
532 4511 891 4568 Justinianus
920 4513 1100 4584 igitur
1129 4530 1297 4586 quem
1335 4519 1607 4589 superius
1654 4536 1833 4594 regno

197 4597 488 4672 privatum
514 4598 785 4670 diximus,
809 4601 1025 4658 auxilio
1045 4604 1293 4661 Terbelli
1337 4606 1722 4677 Vulgarorum
1747 4628 1835 4670 re-

194 4686 289 4758 gis
317 4701 557 4758 regnum
588 4688 878 4761 recipiens
907 4694 940 4746 6
970 4692 1138 4748 annis
1170 4693 1379 4763 tenuit,
1414 4701 1473 4751 et
1505 4699 1716 4756 occidit
1733 4716 1834 4759 eos

193 4774 482 4846 patricios
512 4776 609 4846 qui
641 4776 1094 4850 seexpulerant,
1120 4784 1180 4836 et
1214 4780 1454 4838 Leonem
1515 4786 1612 4856 qui
1642 4788 1832 4846 locum

189 4858 322 4931 ejus
342 4869 747 4934 usurpaverat,
773 4870 834 4920 et
859 4880 1255 4924 successorem
1287 4868 1488 4927 LLOJlS
1528 4873 1832 4942 Tyberium

193 4950 382 5022 quieo
414 4951 485 5008 de
518 4967 695 5024 regno
717 4953 966 5025 ejectum
988 4957 1323 5016 incustodia
1358 4964 1835 5021 tenuerat.Gatli-

192 5053 478 5097 .umvero
493 5041 1286 5111 patriarcbamerutisoculis
1313 5049 1469 5106 misit
1502 5052 1757 5120 Romam,
1775 5057 1835 5109 et

190 5123 359 5181 dedit
383 5125 789 5199 episcopatum
822 5129 966 5200 Cyro
998 5132 1096 5202 qui
1126 5137 1253 5190 erat
1273 5135 1455 5191 abbas
1482 5136 1537 5193 in
1562 5139 1748 5194 Ponto
1773 5143 1831 5195 et

189 5225 324 5270 eum
354 5214 581 5273 exulem
611 5215 857 5274 aluerat.
893 5218 997 5276 Hic
1020 5220 1461 5281 Constantinum
1500 5240 1706 5299 papam
1761 5226 1833 5283 ad

1942 1790 2001 1840 et
2033 1785 2165 1841 huic
2198 1789 2621 1845 Austrobcrtus
2654 1790 2738 1845 vir
2767 1796 3040 1849 strenuus
3071 1798 3128 1848 et
3158 1795 3389 1853 nobilis.

2015 1872 2217 1943 (Gesta
2237 1890 2298 1945 ρ.
2334 1877 2431 1947 R.)
2463 1877 2567 1933 llic
2597 1878 3578 1957 Constantinopapaelitteraspravi

1943 1959 2233 2030 dogmatis
2264 1963 2439 2033 misit,
2467 1980 2611 2035 quas
2639 1965 2737 2022 ille
2762 1967 2983 2036 judicio
3031 1970 3373 2040 apostolicae
3422 1975 3578 2032 sedis

1944 2047 2188 2118 reSpuit,
2206 2050 2529 2120 statuitque
2544 2052 2795 2122 populus
2810 2055 3117 2127 Romanus,
3136 2071 3205 2113 ne
3227 2058 3467 2117 heretici
3485 2061 3579 2118 im-

1941 2135 2233 2205 peratoris
2263 2151 2466 2193 nomen
2491 2144 2800 2197 autcartas
2815 2148 2914 2198 aut
2940 2142 3179 2213 ﬁguram
3213 2148 3578 2206 solidisusci-

1943 2229 2127 2292 peret.
2150 2225 2307 2280 Unde
2339 2240 2444 2282 nec
2460 2227 2816 2298 ejuseﬂlgies
2838 2230 2973 2287 inec
3014 2232 3214 2289 lesiam
3240 2236 3575 2295 introducta

1941 2315 2053 2379 est,
2090 2325 2194 2367 nec
2224 2326 2427 2369 nomen
2459 2315 2527 2370 ad
2561 2315 2861 2373 missarum
2892 2319 3211 2391 solempnia
3246 2324 3573 2400 recitatum.

1942 2400 2003 2454 In
2036 2403 2301 2471 tempore
2315 2401 2441 2471 ejus
2460 2406 2803 2462 Anastasius
2824 2410 3088 2477 regnavit
3106 2412 3271 2468 annis
3295 2418 3345 2484 3,
3372 2422 3428 2470 et
3451 2418 3577 2473 Phi-

1942 2487 2184 2559 lippium
2215 2499 2446 2560 captum
2476 2493 2662 2549 oculis
2688 2511 2719 2564 p
2759 2495 2936 2552 ivavit
2957 2512 3061 2552 nec
3093 2500 3326 2556 occidit.
3356 2502 3576 2579 [Banm]

1943 2577 2046 2632 llic
2078 2578 2454 2636 Constantino
2486 2596 2650 2653 papae
2682 2581 2913 2639 litteras
2939 2585 3112 2657 misit,
3147 2588 3357 2657 quibus
3375 2605 3435 2646 se
3461 2577 3579 2650 fau-

1944 2669 2129 2721 torem
2158 2667 2463 2724 catholic-e
2498 2669 2653 2735 tlJei,
2687 2675 2743 2726 et
2762 2679 2978 2729 sanctae
3002 2678 3053 2743 6,
3080 2675 3284 2745 synodi
3303 2679 3578 2747 praedica-

1945 2757 2126 2809 torem
2150 2769 2279 2811 esse
2302 2756 2521 2813 docuit.
2550 2758 2689 2813 Post
2712 2760 3150 2818 Constaanum
3172 2764 3487 2835 Gregorius
3508 2769 3574 2840 ll,

1942 2843 2232 2899 Romanus
2265 2860 2292 2899 a
2328 2846 2501 2901 Petro
2530 2851 2618 2917 92,
2652 2853 2821 2918 patre
2854 2849 3130 2906 Marcello
3173 2852 3326 2908 sedit
3382 2868 3453 2914 a..
3491 2860 3577 2925 16,

1945 2946 2016 2987 m.
2043 2936 2093 3001 9,
2131 2934 2183 2988 d.
2221 2937 2305 2988 12.
2341 2933 2632 3006 (Gestap.
2675 2938 2774 3008 Β.)
2810 2938 3125 2994 Constituit
3154 2946 3214 2996 ut
3247 2941 3299 2997 in
3335 2944 3581 3013 quadra-

1942 3022 2157 3090 gesima
2191 3026 2248 3077 5.
2292 3023 2429 3079 feria
2458 3023 2735 3095 jejunium
2769 3024 2952 3095 fieret,
2981 3028 3130 3097 quod
3157 3034 3324 3087 antea
3357 3047 3464 3088 non
3485 3034 3582 3088 fie-

1946 3109 2064 3179 bat,
2090 3118 2149 3166 et
2173 3112 2477 3167 missarum
2502 3112 2894 3170 celebritates.
2924 3114 3142 3188 [Benx.]
3167 3119 3303 3188 Ejus
3326 3120 3581 3177 admoni-

1944 3198 2105 3253 tione
2138 3199 2527 3255 Liutbrandus
2547 3216 2645 3255 rex
2673 3202 3178 3269 Langobardorum
3209 3206 3578 3268 donationem

1945 3288 2277 3359 patrimonii
2304 3288 2527 3359 Alpium
2553 3303 2720 3359 quam
2749 3292 3214 3352 llereberechtus
3238 3311 3340 3352 rex
3367 3299 3578 3356 fecerat

1945 3383 2003 3431 et
2036 3376 2134 3431 ille
2166 3376 2502 3447 repetierat,
2530 3377 2787 3435 Secundo
2818 3381 3203 3438 conﬁrmavit.
3228 3387 3382 3442 Tunc
3407 3388 3585 3457 pluri-

1947 3477 2071 3519 mas
2100 3463 2372 3521 Scotticae
2403 3465 2595 3533 gentis
2625 3467 2955 3537 provincias
2998 3470 3319 3529 Echbertus
3346 3474 3433 3529 vir
3456 3490 3586 3533 san-

1945 3556 2079 3607 ctus
2108 3551 2177 3607 de
2206 3560 2380 3622 gente
2405 3553 2719 3623 Anglorum
2756 3555 2824 3610 ad
2841 3558 3173 3614 canonicam
3232 3563 3461 3631 paschae
3492 3566 3585 3621 ob-

1946 3639 2301 3696 servantiam
2332 3640 2426 3712 pia
2463 3641 2883 3713 praedicatione
2900 3646 3189 3702 convertit
3211 3662 3359 3707 anno
3379 3651 3578 3710 abinc.

1942 3731 2102 3785 Dom.
2138 3733 2260 3784 717.

2015 3815 2369 3873 Theodosius
2403 3818 2581 3888 igitur
2610 3818 2838 3877 electus
2860 3820 2914 3877 in
2946 3820 3356 3894 imperatorem
3380 3841 3430 3883 a.
3458 3832 3578 3886 708.

1947 3906 2316 3962 Anastasium
2347 3906 2498 3976 apud
2530 3906 2760 3963 Niceam
2780 3909 2943 3978 gravi
2969 3912 3173 3982 praelia
3189 3913 3426 3983 vicit,et
3450 3916 3586 3976 dato

1946 3993 2056 4049 sibi
2089 3999 2454 4050 sacramento
2486 3993 2760 4051 clericum
2794 3995 2996 4053 fieriet
3019 4000 3424 4071 presbyterum
3451 4005 3587 4062 fecit

1945 4079 2225 4136 ordinari.
2249 4081 2531 4150 Regnavit
2563 4095 2611 4155 a.
2652 4088 2702 4152 1,
2733 4087 2791 4138 et
2820 4099 2947 4139 cum
2972 4092 3130 4141 esset
3158 4089 3501 4162 catholicus,
3528 4091 3586 4150 in

1945 4167 2104 4236 regia
2138 4168 2281 4224 urbe
2316 4168 2620 4238 imaginem
2654 4169 2809 4225 illam
2834 4170 2887 4226 in
2920 4185 3030 4241 qua
3082 4181 3298 4234 sancta:
3329 4179 3582 4249 Bsynodi

1945 4260 2114 4311 erant
2133 4254 2380 4328 depictas
2406 4256 2849 4329 etaPhilippico
2874 4258 3355 4334 fuerantdejecta
3386 4266 3585 4338 pristi-

1946 4358 2019 4400 no
2050 4343 2105 4399 in
2136 4342 2263 4399 loco
2293 4343 2501 4400 erexit.
2537 4345 2676 4402 Post
2709 4360 2840 4403 eum
2900 4346 3205 4421 imperavit
3268 4353 3379 4411 Leo
3432 4370 3582 4416 anno

1861 4421 1917 4484 D
1945 4437 2068 4501 709,
2103 4432 2268 4489 annis
2287 4436 2374 4489 26.

2021 4522 2212 4594 [Pam
2247 4521 2427 4593 Due]
2470 4520 2573 4578 Hic
2598 4520 2669 4556 ²⁰⁷
2698 4528 3035 4584 sanctorum
3074 4526 3354 4599 imagines
3413 4531 3585 4607 depo-

1945 4610 2060 4667 suit
2083 4616 2143 4666 et
2175 4608 2453 4678 incendit,
2486 4615 2545 4666 et
2568 4611 2820 4667 Romano
2851 4614 3111 4684 pontifici
3131 4616 3178 4672 si
3204 4633 3364 4675 suam
3405 4620 3583 4679 vellet

1944 4697 2419 4767 haberegratiam
2438 4697 3585 4778 mandavit.Quodpontifexcoutempsit.

1945 4785 2273 4855 Omnesque
2304 4784 2519 4841 talibus
2540 4785 2717 4855 jussis
2742 4801 2853 4842 uno
2876 4789 3066 4845 animo
3126 4793 3491 4862 restiterunt,
3525 4799 3585 4851 et

1945 4874 2055 4930 nisi
2085 4888 2185 4931 eos
2218 4872 2477 4945 pontifex
2507 4873 2649 4944 ipse,
2683 4874 2954 4933 videlicet
2986 4877 3300 4947 Gregorius
3337 4880 3424 4949 IV,
3454 4896 3584 4953 pro-

1945 4961 2252 5031 hibuisset,
2290 4961 2699 5032 imperatorem
2758 4976 2939 5034 super
2993 4979 3058 5020 se
3111 4966 3578 5027 constituissent.

1947 5048 2126 5117 Quem
2159 5053 2351 5104 tamen
2386 5052 2584 5120 postea
2615 5064 2759 5122 papa
2785 5051 3077 5122 deposuit.
3110 5053 3428 5111 Germanus
3444 5056 3585 5113 Con-

1946 5137 2500 5210 stantinOpolitanus
2532 5138 2859 5209 patriarcha
2883 5140 3068 5195 errori
3085 5139 3459 5212 imperatoris
3474 5158 3587 5201 non

1947 5225 2337 5296 consentiens,
2370 5239 2402 5283 a
2429 5225 2569 5283 sede
2600 5224 2807 5299 pulsus
2834 5229 2945 5282 est.
2981 5225 3285 5286 Sarraceni
3311 5244 3443 5289 cum
3473 5244 3590 5289 ma-

1556 5375 1795 5432 νΑῆιῶ
1832 5373 2234 5433 LECTIONES.

252 5486 327 5521 ’“
356 5489 440 5545 Eo
466 5488 828 5548 obsederunt
852 5492 921 5549 in
936 5505 1128 5564 marg.
1158 5492 1228 5528 ³ου
1254 5493 1382 5562 quo
1409 5525 1473 5538 -
1500 5496 1719 5557 nobilis
1736 5498 1809 5561 in
1831 5509 2024 5571 marg.
2055 5494 2125 5532 ²⁰⁷
2150 5494 2254 5553 Hic
2280 5522 2351 5537 -
2380 5490 2586 5567 pulsus
2612 5497 2701 5582 est
2738 5494 2809 5559 in
2824 5509 3015 5573 marg.

426 5584 693 5652 Paeon.
725 5585 935 5652 CLIV.
