3940 6048
274 258 428 327 ’11η

1272 192 1643 325 HUGONIS
1686 246 2037 321 ABBATIS
2081 242 2759 315 FLAVINIACENSIS

3602 252 3715 317 108

311 434 426 492 gno
452 418 713 477 exercitu
743 411 1303 485 Constantinopolim
1349 414 1671 485 venientes,
1706 405 1957 469 triennio
1988 384 2045 447 Α

2136 388 2286 443 :unte
2317 389 2512 443 cetera
2548 384 2710 456 regni
2743 386 2983 457 negocia
3016 385 3199 458 major
3228 389 3433 448 domus
3473 389 3714 446 admini-

312 509 610 569 civitatem
633 505 927 573 obsident,
956 502 1060 559 sed
1083 502 1310 559 civibus
1334 503 1512 559 multa
1570 498 1842 558 instantia
1887 496 1957 552 ad

310 600 487 654 Deum
516 591 953 651 revertentibus
978 590 1209 663 plurimi
1262 606 1461 647 eorum
1493 592 1661 657 fame,
1719 587 1954 654 frigore,

316 683 652 759 pestilentia
688 681 1008 754 perierunt,
1031 684 1089 735 et
1110 680 1191 737 sic
1214 680 1435 750 pertesi
1458 676 1818 734 obsidionem
1874 687 1960 728 re-

315 775 603 843 linquunt.
630 771 767 827 Inde
791 768 1176 838 Vulgarorum
1193 771 1424 836 gentem
1448 764 1771 837 pecierunt.
1788 777 1817 818 a
1837 760 1955 831 qui-

316 865 425 919 bus
444 862 589 919 victi
625 874 804 917 naves
828 871 966 916 suas
983 857 1366 930 repetierunt.
1400 855 1508 910 Sed
1530 868 1660 911 cum
1717 851 1829 907 alta
1865 864 1959 922 pe-

317 954 526 1018 terent,
553 949 860 1020 ingruente
891 948 1242 1017 tempestate
1272 942 1560 999 submersi
1593 945 1746 998 sunt.
1793 941 1955 995 Intus

314 1033 962 1105 “Constantinopolim
988 1046 1126 1088 vero
1152 1036 1408 1088 trecenta
1462 1030 1616 1085 milia
1666 1028 1956 1083 hominum

317 1123 651 1197 pestilentia
667 1119 1387 1194 perierunt.Liutbrandus
1408 1114 1813 1185 audiensquod
1832 1117 1899 1169 Sa
1911 1130 1959 1167 r-

318 1212 512 1269 raceni
543 1211 668 1266 loca
702 1208 800 1264 illa
832 1206 1116 1276 fedarent,
1153 1207 1249 1263 ubi
1282 1220 1409 1263 ossa
1429 1204 1615 1260 sancti
1652 1202 1954 1271 Augustini

317 1298 453 1355 olim
470 1305 709 1370 propter
733 1295 1017 1352 barbaros
1056 1292 1415 1349 translataet
1457 1290 1775 1346 honoriﬁce
1825 1302 1958 1344 con-

316 1386 436 1442 dita
471 1386 721 1454 fuerant,
759 1383 936 1450 misit,
971 1387 1031 1436 et
1051 1380 1187 1436 dato
1211 1394 1414 1449 magno
1441 1379 1649 1449 pretio,
1699 1377 1954 1433 Ticinum

316 1487 383 1529 ea
415 1487 545 1529 cum
578 1474 797 1529 honore
827 1470 1026 1526 debito
1052 1467 1372 1523 transtulit.
1408 1466 1726 1534 Gregorius
1757 1465 1830 1519 IlI
1862 1464 1959 1533 Sy-

318 1576 436 1631 rus,
456 1559 910 1631 patreJohanne,
934 1556 1147 1612 sedita.
1168 1559 1252 1621 10,
1281 1569 1352 1610 m.
1378 1560 1431 1623 8,
1467 1553 1520 1609 d.
1567 1558 1653 1609 25.
1684 1552 1951 1622 (Gestap.

318 1650 430 1722 Ιὶ.)
464 1650 566 1705 Hic
587 1647 657 1681 ²⁰⁹
689 1646 933 1703 removit
964 1646 1199 1701 Romam
1232 1649 1287 1700 et
1313 1643 1535 1699 Italiam
1555 1647 1614 1698 et
1632 1642 1820 1697 omnia
1841 1645 1956 1695 tam

2072 475 2315 531 strabat.
2346 475 2637 545 Oratergo
2658 476 2890 531 decerni
2908 477 3041 546 sibi,
3069 477 3200 547 quis
3224 493 3422 535 eorum
3443 478 3713 547 rexjuste

2073 563 2357 618 debeatur
2386 564 2500 619 dici
2536 567 2592 618 et
2626 577 2779 632 esse,
2801 564 2849 619 is
2872 564 3411 634 quidemisecurus
3444 566 3710 637 sedebat,

2070 664 2139 705 an
2174 649 2272 706 ille
2303 650 2401 720 qui
2433 664 2631 706 curam
2649 651 2811 720 regni
2835 656 2893 706 et
2913 664 3114 707 omnes
3136 653 3433 710 molestias
3456 654 3712 710 sustine-

2072 738 2188 793 bat.
2224 738 2618 795 Zachariasex
2642 738 2995 794 auctoritate
3019 740 3342 810 apostolica
3363 742 3595 797 mandat
3617 758 3714 813 po-

2068 824 2207 896 pulo
2242 826 2610 894 Francorum,
2647 830 2708 882 ut
2744 826 3041 897 Pippinus,
3082 828 3178 897 qui
3211 833 3511 899 potestate
3551 829 3711 899 regia

2070 915 2364 982 utebatur,
2391 914 2641 969 nominis
2674 928 2905 984 quoque
2929 914 3212 983 dignitate
3268 917 3582 974 frueretur.
3620 918 3702 972 Ita

2070 1000 2395 1057 Hildericus
2428 1001 2668 1057 ultimus
2686 1017 2789 1057 rex
2808 1003 2879 1057 de
2912 1002 3096 1073 stirpe
3150 1003 3592 1074 Mervingiorum
3615 1006 3711 1062 de-

2070 1089 2299 1159 positus
2330 1093 2385 1144 et
2418 1089 2471 1144 in
2507 1090 2922 1145 monasterium
2958 1094 3280 1147 trususcst.
3305 1091 3586 1162 Pippinus
3615 1108 3707 1149 ve-

2071 1191 2132 1231 ro
2156 1176 2211 1231 in
2252 1177 2491 1233 civitate
2523 1179 2872 1233 Suessonum
2906 1191 2934 1232 a
2968 1182 3171 1234 sancto
3187 1179 3491 1235 Bonefacio
3523 1181 3713 1238 archi-

2067 1264 2345 1335 episcopo
2377 1265 2431 1319 in
2466 1278 2658 1334 regem
2691 1270 2902 1321 unctus
2933 1267 3095 1335 regni
3121 1271 3211 1322 est
3244 1267 3467 1323 honore
3532 1268 3715 1325 subli-

2070 1357 2279 1408 matus.

2140 1465 2299 1521 Obiit
2324 1464 2392 1498 ’1‘
2421 1465 2729 1521 Zacharias
2759 1480 2904 1537 papa
2936 1466 3072 1523 ldus
3126 1467 3333 1538 Martii,
3397 1468 3717 1526 indictione

2070 1553 2269 1623 quinta
2306 1551 2585 1624 (Gestap.
2623 1554 2716 1625 Β).

2139 1658 2422 1714 Defuncto
2450 1657 2726 1714 u“autem
2769 1660 2823 1714 in
2868 1659 3098 1715 Christo
3159 1660 3493 1717 beatissimo
3563 1676 3712 1733 papa

322 1737 404 1791 rei
437 1735 684 1806 publicae
736 1748 905 1805 quam
964 1732 1531 1801 ecclesiasticaejura
1586 1731 1640 1783 in
1662 1728 2042 1799 HesperiisB

2136 1746 2341 1801 [charia
2375 1746 2611 1802 Romani
2641 1746 2944 1816 elegerunt
3004 1747 3356 1818 Stephanum
3428 1728 3717 1819 quendam

322 1824 587 1895 partibus
607 1824 678 1880 ab
716 1822 1053 1879 obedientia
1102 1820 1309 1876 Leonis
1367 1823 1426 1874 et
1466 1817 1689 1889 imperii
1734 1818 1843 1873 sub
1888 1830 1957 1872 eo

320 1912 649 1968 constituti.
672 1911 858 1980 (Hist.
894 1910 1093 1980 Aliso.)
1131 1908 1238 1964 Sed
1264 1912 1321 1963 et
1344 1908 1656 1971 Iohannes,
1679 1920 1788 1961 non
1817 1918 1960 1976 papa

323 2004 422 2056 aut
450 1999 784 2071 episcopus,
822 1997 925 2054 sed
952 1997 1269 2053 monachus
1300 2000 1356 2051 et
1411 1996 1715 2066 presbyter
1730 1995 1962 2048 Damas-

320 2101 500 2145 cenus
530 2092 588 2144 et
630 2087 836 2143 doctor
872 2087 1151 2157 optimus,
1203 2084 1465 2139 eumdem
1532 2083 1775 2138 Leonem
1831 2096 1961 2137 cum

325 2175 581 2232 Orientis
612 2172 1396 2245 episcopisanathemizavit,
1431 2170 1711 2241 scriptum
1756 2169 1809 2224 in
1856 2169 1967 2224 Ro-

326 2276 490 2318 mana
513 2262 755 2319 historia
781 2261 933 2318 libro
963 2261 1149 2316 XXIII.
1180 2259 1334 2315 Obiit
1363 2261 1471 2313 Leo
1502 2273 1650 2313 anno
1676 2259 1747 2313 ab
1782 2258 1965 2312 incar-

327 2350 561 2407 natione
578 2349 812 2411 Domini
847 2353 970 2404 735.

398 2513 536 2567 Post
570 2508 640 2542 ²¹⁰
662 2509 905 2564 Leonem
932 2506 1191 2578 suscepit
1218 2505 1520 2576 imperium
1551 2503 1967 2559 Constantinus

328 2599 540 2670 impius
561 2611 709 2654 anno
731 2597 803 2652 ab
827 2597 937 2651 inc.
966 2596 1123 2649 Dom.
1148 2597 1272 2664 736,
1297 2593 1464 2661 cujus
1493 2592 1657 2662 regni
1699 2605 1867 2646 anno.
1906 2632 1916 2643 .
1953 2632 1964 2643 .

325 2688 394 2721 ἰι
427 2687 754 2758 Stephanus
778 2698 924 2756 papa
945 2683 1239 2738 Franciam
1261 2681 1412 2736 venit
1438 2699 1452 2746 ;
1478 2680 1742 2749 regnavit
1777 2684 1969 2733 autem

266 2776 271 2781 ’
331 2792 381 2832 a.
414 2779 519 2840 43;
554 2779 609 2830 et
646 2773 931 2830 successit
965 2771 1074 2826 Leo
1100 2768 1253 2825 ﬁlius
1270 2770 1396 2839 ejus
1412 2782 1560 2824 anno
1583 2769 1655 2823 ab
1680 2768 1965 2821 inc.Dom.

330 2868 436 2921 770
467 2880 481 2929 ;
517 2862 780 2933 regnavit
802 2876 851 2917 a.
888 2864 939 2927 5,
973 2858 1026 2913 (l.
1055 2862 1088 2913 6
1113 2857 1322 2925 minus,
1349 2860 1408 2911 et
1434 2855 1720 2911 successit
1746 2856 1970 2925 Hyrene

331 2965 461 3007 cum
496 2949 614 3006 ﬁlio
672 2946 1051 3005 Constantino
1112 2944 1312 3000 decem
1362 2957 1641 2999 annorum
1700 2941 1768 2975 ²¹²
1828 2957 1972 2997 uxor

338 3037 703 3095 Constantini
738 3033 1087 3106 superioris,
1112 3047 1162 3087 a.
1189 3036 1314 3087 775.
1368 3031 1569 3087 indict.
1600 3035 1683 3085 13.
1708 3028 1777 3062 ²¹³
1809 3032 1971 3085 Anno

333 3130 459 3197 787,
493 3124 751 3196 synodus
778 3124 928 3179 facta
950 3125 1043 3177 est
1067 3119 1219 3191 apud
1250 3119 1479 3175 Niceam
1520 3118 1836 3175 indictione
1860 3117 1975 3188 pri-

340 3229 449 3287 ma,
486 3214 596 3271 sub
624 3212 878 3269 Adriano
899 3223 1065 3281 papa.
1094 3207 1513 3263 Constantinus
1555 3207 1803 3263 factione
1862 3220 1976 3261 ma-

340 3302 451 3359 tris
471 3314 592 3357 suze
624 3301 960 3369 peremptus
990 3299 1103 3364 est,
1137 3294 1393 3364 suscepit
1416 3293 1720 3363 imperium
1766 3294 1889 3364 ipsa
1920 3306 1969 3347 a.

340 3392 466 3452 792,
499 3391 560 3443 et
592 3384 881 3441 successit
908 3384 961 3438 ei
994 3383 1355 3453 Nicephorus
1386 3395 1437 3436 a.
1461 3385 1587 3450 795,
1612 3385 1670 3435 et
1695 3380 1748 3436 ei
1782 3393 1977 3435 suces-

344 3477 416 3532 sit
450 3471 688 3531 Michael
720 3485 771 3527 a.
805 3474 928 3539 804,
952 3476 1011 3527 et
1038 3471 1090 3525 ei
1113 3469 1403 3527 successit
1435 3470 1545 3525 Leo
1570 3467 1752 3538 (Hist.
1778 3467 1976 3537 Misc.)

417 3639 571 3696 Obiit
606 3637 921 3707 Gregorius
946 3651 1092 3708 papa
1115 3640 1164 3709 4,.
1182 3634 1471 3692 Kalendas
1485 3634 1811 3703 Decembr.,
1836 3633 1981 3689 indi-

342 3728 537 3784 ctione
568 3730 619 3796 3,
637 3724 832 3794 diem,
858 3725 1112 3781 cessavit
1137 3723 1513 3795 episcopatus
1543 3722 1597 3777 d.
1623 3726 1674 3778 8.
1702 3720 1977 3793 (Gestap.

344 3816 443 3887 Β.)
472 3815 543 3870 Et
572 3815 701 3885 post
726 3826 856 3868 eum
878 3810 1188 3867 Zacharias
1204 3812 1421 3866 Grecus
1442 3823 1591 3865 anno
1634 3808 1983 3865 incarnatio-

346 3903 436 3960 nis
464 3900 686 3959 Domini
715 3902 839 3970 742,
876 3904 1042 3970 patre
1064 3898 1458 3967 Polichronio,
1490 3911 1541 3952 a.
1578 3901 1663 3967 10,
1726 3913 1799 3952 m.
1834 3902 1887 3966 3,
1922 3896 1979 3953 d.

348 3992 433 4045 14.
469 3988 641 4058 (Ann.
673 3986 877 4059 Fuld.)
931 3988 1089 4041 Hunc
1149 3985 1322 4041 missa
1378 3984 1667 4054 legatione
1703 3984 1983 4056 Pippinus

348 4077 533 4149 major
563 4076 769 4132 domus
792 4075 848 4130 in
872 4088 1050 4143 regno
1069 4074 1420 4129 Francorum
1460 4073 1782 4143 interrogat
1801 4072 1873 4129 de
1895 4087 1983 4129 re-

345 4166 518 4235 gibus
550 4165 897 4221 Francorum
930 4176 1004 4217 ex
1034 4162 1272 4232 antiqua
1305 4161 1748 4231 Mervingiorum
1797 4161 1982 4232 stirpe

348 4251 851 4317 descendentium,
876 4249 974 4320 qui
997 4262 1166 4318 reges
1196 4248 1429 4319 quidem
1485 4249 1850 4319 dicebantur,
1878 4249 1982 4305 sed

307 4406 311 4413 ’
347 4344 471 4396 tota
495 4339 655 4408 regni
682 4342 947 4409 potestas
976 4337 1130 4408 apud
1164 4338 1439 4405 majorem
1497 4337 1704 4392 domus
1734 4336 1986 4392 habeba-

2075 1835 2497 1905 presbyterum,
2532 1838 2588 1889 et
2620 1839 3001 1891 consecratus
3023 1840 3115 1890 est
3134 1850 3297 1905 papa.
3325 1836 3431 1901 Qui
3465 1851 3595 1891 cum
3623 1836 3718 1891 die

2074 1922 2253 1977 tertio
2286 1936 2313 1977 a
2348 1921 2571 1977 somnio
2594 1936 3063 1992 surgenscausas
3090 1923 3405 1979 familiares
3452 1923 3721 1995 dispone-

2075 2014 2185 2077 ret,
2216 2009 2411 2065 subita
2442 2010 2776 2078 egritudine
2806 2024 3123 2082 percussus
3164 2011 3479 2081 obmutuit,
3533 2016 3594 2066 et
3625 2010 3717 2067 die

2074 2097 2343 2167 sequenti
2369 2102 2637 2153 mortuus
2670 2101 2782 2152 est.

2148 2206 2309 2258 Anno
2326 2202 2413 2257 ab.
2433 2204 2543 2257 inc.
2579 2204 2736 2258 Dom.
2754 2205 2878 2271 752,
2908 2202 3226 2258 indictione
3247 2208 3301 2272 5,
3328 2207 3719 2259 concurrente

2080 2297 2129 2359 1,
2161 2294 2365 2359 epacta
2397 2294 2449 2356 6,
2481 2291 2808 2360 Stephanus
2834 2290 3142 2358 Romanus,
3187 2295 3352 2361 patre
3392 2290 3721 2347 Constanti-

2076 2391 2170 2445 no,
2205 2377 2357 2432 sedit
2388 2377 2581 2432 Romae
2622 2390 2671 2431 a.
2715 2382 2768 2446 5,
2802 2376 2857 2431 d.
2894 2380 2962 2432 29
2978 2376 3161 2444 (Hist.
3179 2375 3378 2448 Aliso.)
3413 2377 3514 2432 Hic
3547 2392 3726 2448 prop-

2080 2469 2168 2519 ter
2192 2464 2618 2518 infestationem
2641 2463 2869 2519 Aistulﬁ
2915 2463 3070 2532 regis
3100 2463 3618 2532 Langobardorum
3650 2464 3726 2519 ad

2078 2551 2382 2622 Pippinum
2424 2551 2583 2607 venit
2623 2552 2677 2605 in
2708 2550 2967 2620 Francia,
3000 2554 3057 2606 et
3093 2551 3401 2607 constituit
3427 2566 3559 2606 eum
3612 2551 3728 2605 Ro-

2080 2653 2261 2695 manae
2290 2639 2552 2695 ecclesiae
2584 2639 2945 2695 defensorem
2973 2644 3030 2694 et
3064 2638 3407 2709 principem,
3441 2643 3496 2694 et
3514 2652 3722 2694 conse-

2078 2727 2264 2783 cravit
2296 2741 2425 2782 eum
2458 2741 2674 2795 regem.
2695 2726 2835 2797 (Fol.
2871 2728 2983 2795 39.)
3017 2727 3099 2781 Ex
3134 2730 3267 2782 tunc
3291 2725 3482 2781 ablata
3507 2730 3597 2781 est
3615 2726 3727 2781 Ro-

2082 2827 2170 2868 ma
2193 2828 2222 2868 a
2258 2814 2621 2884 subjectione
2653 2814 2879 2885 imperii
2911 2814 3244 2869 Grecorum.
3294 2813 3436 2879 Quia
3455 2813 3724 2882 ergojam

2082 2903 2197 2957 Deo
2227 2901 2477 2957 donante
2501 2902 2572 2956 ad
2595 2901 2651 2956 id
2682 2901 2940 2957 locorum
2964 2901 3321 2970 devenimus,
3353 2906 3416 2957 ut
3438 2901 3509 2956 de
3552 2902 3726 2956 Fran-

2083 3004 2281 3046 corum
2311 2989 2547 3058 regibus
2568 2988 3034 3059 prosequendum
3056 2988 3345 3058 videatur,
3382 2993 3719 3060 repetamus

2005 3070 2055 3133 C
2087 3076 2381 3149 paululum
2411 3077 2715 3148 superiora
2748 3081 2803 3131 et
2839 3077 3051 3145 quibus
3082 3076 3445 3147 temporibus
3468 3076 3525 3131 in
3554 3076 3726 3131 Fran-

2083 3178 2283 3219 corum
2307 3167 2461 3218 terra
2494 3176 2661 3231 reges
2679 3177 2924 3232 regnare
2946 3163 3230 3233 ceperint,
3271 3162 3444 3233 quive
3485 3161 3724 3230 fuerint,

2086 3251 2173 3307 vel
2202 3252 2350 3307 unde
2384 3252 2796 3321 processerint,
2821 3254 3050 3322 patrum
3067 3249 3225 3306 dicta
3249 3254 3566 3322 sequentes
3602 3250 3731 3305 bre-

2086 3338 2236 3394 viter
2270 3338 2675 3394 dilucidemus.

2158 3442 2423 3497 Priamus
2444 3440 2513 3473 ²¹⁶
2547 3440 2766 3511 primus
2811 3454 2912 3497 rex
2959 3443 3322 3497 Francorum.
3398 3440 3602 3509 Frigus
3662 3439 3731 3473 ²¹⁶

2088 3528 2438 3596 Francio'“,
2469 3528 2722 3584 Turchot
2750 3527 2837 3583 '1‘.
2864 3528 3080 3584 Deinde
3099 3526 3168 3560 ²¹⁶
3203 3528 3364 3584 fuere
3405 3529 3515 3584 sub
3566 3528 3731 3584 duci-

2092 3618 2201 3673 bus
2232 3616 2499 3686 usque’“
2522 3616 2592 3672 ad
2658 3616 3056 3673 Marcomirem
3098 3616 3305 3672 ducem
3350 3615 3418 3649 ²¹⁶
3467 3621 3732 3687 tempore

2088 3704 2417 3761 Theodosii.
2474 3705 2851 3761 Marcomirus
2906 3702 2975 3736 m
3019 3704 3217 3773 genuit
3282 3703 3728 3760 Faramundum.

2093 3792 2295 3849 Clodio
2316 3791 2384 3829 ²³⁶
2418 3792 2571 3849 ﬁlius
2599 3794 2745 3863 ejus,
2782 3792 3165 3862 Merovingius
3187 3790 3255 3825 ²¹⁶
3307 3792 3481 3849 ﬁlius.
3512 3790 3741 3848 Childe-

2094 3883 2249 3937 ricus
2275 3879 2343 3913 ²¹⁶
2398 3884 2661 3951 tempore
2695 3880 2973 3936 Mauricii.
3002 3878 3324 3939 Clodeveus
3343 3880 3412 3913 ²¹⁶
3460 3896 3561 3937 rex
3579 3884 3741 3937 octa-

2093 3983 2200 4025 vus
2228 3982 2259 4024 a
2280 3968 2463 4040 primo
2498 3967 2681 4036 (Hist.
2715 3968 2930 4025 Frena.
2965 3969 3127 4039 epit,
3161 3982 3212 4023 c.
3244 3972 3324 4039 2.)

2165 4078 2327 4130 Anno
2360 4074 2449 4130 ab.
2485 4074 2594 4130 inc.
2630 4075 2790 4129 Dom.
2828 4074 2949 4139 446,
2973 4073 3287 4129 indictione
3312 4076 3398 4143 M,
3433 4078 3640 4144 epacta
3678 4078 3733 4143 9,

2094 4168 2482 4220 concurrente
2512 4167 2561 4229 1,
2587 4161 2964 4232 pontiﬁcatus
2983 4161 3176 4217 domui
3203 4161 3406 4217 Leonis
3431 4162 3617 4231 Magni
3640 4176 3740 4232 pa-

2096 4265 2183 4321 pae
2206 4264 2354 4305 anno
2385 4253 2439 4320 2,
2463 4250 2519 4303 in
2540 4250 2889 4305 Francorum
2933 4254 3089 4305 terra
3121 4264 3292 4319 reges
3347 4263 3593 4319 regnare
3642 4263 3740 4304 ce-

2098 4342 2329 4409 perunt,
2355 4341 2416 4393 et
2446 4337 2668 4408 primus
2687 4352 2887 4393 eorum
2920 4337 3149 4393 nomine
3173 4337 3375 4393 Clodio
3422 4335 3688 4406 regnavit
3710 4350 3744 4390 a

350 4431 467 4495 tur,
492 4429 740 4495 excepto
763 4424 915 4495 quod
937 4428 1116 4479 cartae
1138 4428 1195 4479 et
1226 4423 1529 4493 privilegia
1553 4423 1709 4491 regis
1756 4424 1984 4479 nomine
2014 4415 2069 4475 D
2096 4428 2184 4482 20.
2213 4425 2505 4497 [Faenza]
2530 4425 2746 4480 Deinde
2779 4425 3141 4481 Childericus
3173 4424 3327 4482 ﬁlius
3360 4424 3752 4495 Merovei,ex-

351 4513 783 4582 scribebantur,
809 4516 869 4568 et
902 4512 999 4582 qui
1029 4525 1133 4567 rex
1161 4510 1469 4567 dicebatur
1502 4511 1557 4565 in
1606 4512 1804 4567 Martis
1835 4526 1986 4569 cam-

349 4614 485 4673 pum
515 4599 779 4672 plaustro
811 4602 1019 4655 vectus
1046 4597 1417 4654 trahentibus
1458 4599 1646 4655 bobus
1692 4606 1869 4671 atque
1927 4602 1984 4658 in

350 4686 627 4745 eminenti
658 4685 891 4758 sedens,
916 4685 1096 4741 semel
1128 4685 1185 4739 in
1217 4699 1407 4740 annoa
1429 4686 1644 4757 popqu
1674 4688 1854 4759 visus,
1887 4705 1987 4761 pu-

352 4774 503 4834 blica
536 4774 683 4831 dona
705 4772 1089 4845 solempniter
1113 4772 1226 4829 sibi
1239 4772 1455 4843 oblata,
1472 4778 1666 4831 stante
1699 4780 1832 4832 ante
1854 4791 1985 4834 eum

352 4864 572 4934 majore
602 4861 827 4928 domus,
861 4864 921 4917 et
953 4875 1080 4930 quae
1112 4859 1390 4930 deinceps
1430 4874 1499 4916 eo
1556 4876 1707 4918 anno
1765 4865 1986 4934 agenda

351 4955 517 5006 erant
551 4949 787 5022 populis
809 4948 1216 5017 annunciante,
1240 4947 1291 5004 ei
1322 4947 1409 5004 sic
1437 4962 1575 5019 rege
1626 4949 1856 5008 domum
1899 4969 1988 5011 re-

2099 4513 2267 4585 pulso
2291 4514 2493 4583 Egidio
2517 4513 2661 4570 duce
2679 4514 3065 4569 Romanorum
3084 4513 3155 4569 de
3171 4527 3349 4583 regno
3367 4517 3543 4583 atque
3557 4512 3743 4568 inter-

2099 4602 2273 4671 fecto,
2306 4615 2546 4671 regnum
2578 4601 2796 4657 invadit
2820 4615 2968 4657 anno
2995 4601 3083 4656 ab.
3118 4601 3227 4656 inc.
3246 4602 3405 4657 Dom.
3430 4602 3555 4670 466,
3573 4602 3630 4656 et
3658 4612 3751 4655 re-

2095 4690 2292 4759 gnavit
2316 4705 2366 4746 a.
2397 4692 2486 4759 24,
2519 4689 2615 4760 qui
2643 4689 2847 4758 genuit
2875 4687 3051 4745 ﬁlium
3068 4702 3139 4743 ex
3196 4688 3435 4745 Bassina
3473 4687 3751 4757 Toringo-

2098 4793 2224 4834 rum
2257 4777 2458 4847 regina
2497 4775 2724 4833 nomine
2756 4776 3129 4847 Clodeveum,
3152 4776 3340 4832 virum
3368 4774 3751 4832 bellicossisi-

2098 4881 2249 4922 mum
2282 4871 2341 4919 et
2370 4863 2856 4934 potentissimum,
2892 4863 2947 4918 in
2980 4864 3183 4934 primis
3222 4862 3505 4934 gentilem
3534 4865 3743 4932 postea

2097 4953 2499 5011 christianum.
2533 4950 2860 5008 Childerico
2884 4964 3023 5021 ergo
3077 4951 3353 5010 defuncto
3423 4950 3752 5007 Clodeveus

1709 5101 1943 5158 VARle
1983 5100 2381 5160 LECTIONES.

426 5219 495 5253 ²⁰⁸
527 5221 689 5275 Intus
714 5249 784 5292 -_-
836 5219 1142 5292 perierunt
1197 5220 1267 5292 in.
1307 5233 1501 5292 marg.

1585 5219 1656 5254 ²⁰⁹
1704 5222 1808 5294 Hic
1855 5255 1931 5294 7—
1974 5228 2079 5279 735
2130 5225 2199 5281 in
2233 5222 2555 5294 mar-gf”
2608 5224 2835 5279 Post—
2875 5223 3198 5294 successit
3256 5223 3392 5294 Leo_
3428 5224 3495 5294 in
3550 5234 3767 5294 Μάνῃ..

356 5288 425 5376 {ff
451 5301 693 5376 msera,
728 5288 996 5376 igtcujgts
1014 5288 1631 5376 ,ἱηὶιὶρήιξίεξρρῥμᾳαν
1658 5308 1711 5376 p.
1741 5291 1809 5325 ²ι²
1834 5293 1887 5348 (1.
1922 5288 2754 5376 ει..εαρενεσγὶριῐιυδροδξζιρε
2776 5293 3041 5372 quinque
3053 5294 3196 5376 fere
3222 5292 3522 5373 vocabula.
3547 5288 3747 5375 erasit.

355 5359 424 5393 ιιι
456 5359 639 5431 οωίιΔ
666 5357 737 5398 '—
765 5357 968 5431 ind_.'5.
1001 5361 1064 5431 in
1092 5373 1265 5431 mars

355 5497 609 5565 abscisa.

1321 5360 1390 5394 ³³⁸
1422 5360 1716 5418 Defuncto
1742 5393 1811 5402 —
1839 5360 2107 5419 mortuus
2164 5368 2253 5420 est
2283 5360 2351 5420 ἶφι
2377 5360 2569 5421 maio.
2613 5363 2681 5397 ³³⁸
2716 5360 2981 5420 Priamus
3037 5360 3281 5420 octavus
3348 5379 3380 5420 a

356 5378 424 5393 “'
456 5378 613 5415 υοιιι
666 5388 737 5398 --
766 5378 881 5414 IIII].
918 5378 968 5416 ο.
1001 5378 1064 5417 m
1092 5378 1265 5431 marg
1322 5378 1390 5394 ‘"
1434 5378 1716 5418 uetuncw
1742 5393 1811 5402 —
1839 5378 2107 5419 mortuus
2164 5378 2253 5420 εει
2283 5378 2351 5420 m
2377 5378 2512 5421 mar
2557 5406 2569 5418 .

354 5442 548 5506 marg.
573 5428 904 5487 atramento
941 5430 1136 5487 eodem
1160 5444 1276 5502 quo
1309 5432 1524 5489 textus.
1550 5431 1747 5489 Im'tz‘a
1770 5431 2070 5491 linearum
2100 5434 2192 5504 Pr,
2226 5435 2338 5505 Fri,
2371 5435 2461 5506 Fr,
2486 5378 2597 5492 ἦν

2717 5377 2981 5420 Priamus
3037 5377 3281 5420 oetavus
3348 5379 3380 5420 a
3476 5378 3624 5420 rimo
3681 5377 3755 5419 ιη

2603 5477 2617 5505 ,
2641 5433 2803 5520 Dein,
2839 5447 2926 5505 us,
2948 5433 3084 5505 duc,
3107 5434 3211 5503 Ma,
3254 5433 3376 5507 Clo,
3409 5379 3515 5505 life,
3541 5432 3663 5504 Chi,
3686 5432 3751 5488 Cl
