3936 6050
138 198 263 269 109

1398 176 1896 266 CHRONICON.
1930 232 2008 244 —
2037 193 2192 259 LIB.
2239 188 2285 260 I.

3418 199 3545 269 Δ110

137 337 439 397 successit
496 334 631 407 (42).
694 336 858 393 Anno
888 337 920 391 5
949 333 1111 406 regni
1141 335 1269 407 ejus
1311 334 1604 409 Syagrius,
1642 332 1789 403 ιεςὶ·
1818 334 1873 394 Α
1902 330 2150 388 cadaver
2178 330 2439 388 exanime
2471 331 2586 389 ruit
2621 331 2767 390 ﬂens
2791 333 3167 408 amarissime,
3193 338 3325 395 etin
3350 355 3544 398 mona-

140 428 223 484 dii
256 428 655 496 Romanorum
686 424 854 481 ducis
887 424 1062 494 ﬁlius,
1094 424 1246 495 apud
1277 424 1577 481 civitatem
1624 423 1791 477 Sues-

1904 420 2087 476 sterio
2138 425 2476 477 sanctorum
2527 424 2975 491 Agaunensium,
3011 427 3162 496 quod
3214 418 3337 497 ipse
3397 431 3541 486 miro

142 516 436 572 sionicam
496 513 692 571 sedem
752 513 1024 582 habebat,
1060 527 1236 585 super
1268 527 1437 584 quem
1469 510 1795 568 Clodoveus
1903 522 2079 579 Opere
2109 523 2139 564 a
2174 509 2565 565 fundamentis
2590 516 3021 577 construxerat,
3050 528 3156 585 per
3180 515 3307 572 dies
3330 518 3546 574 multos

144 605 344 662 irruit.
384 606 460 659 At
494 602 591 658 ille
620 601 831 658 elisum
863 615 1112 658 cernens
1142 600 1467 658 exercitum
1499 614 1689 668 suum,
1723 598 1794 654 ad

147 692 450 749 Alaricum
484 689 801 748 Gothorum
835 704 1029 759 regem
1089 705 1267 747 cursu
1315 688 1504 746 veloci
1534 686 1797 743 Tolosam

147 778 503 853 perlabitur.
527 778 723 849 [6336.
750 778 880 858 Tur.
910 793 961 843 υ,
985 778 1097 849 2⁸7.]
1119 777 1228 833 Sed
1250 777 1517 834 Alaricus
1539 774 1798 858 acceptis

148 868 313 938 regis
336 866 567 924 nunciis
596 880 727 922 cum
759 856 1146 922 intentatione
1179 866 1481 933 minarum,
1506 870 1568 920 ut
1593 856 1802 919 Gotho¥

152 970 286 1013 rum
310 969 436 1012 mos
447 964 535 1011 est
552 968 786 1027 pavere,
806 953 1104 1024 Syagrium
1118 954 1375 1009 vinctum
1392 952 1601 1021 legatis
1622 951 1805 1007 tradi-

152 1045 264 1101 dit.
302 1044 484 1111 Quem
518 1042 846 1099 Clodoveus
876 1042 1164 1098 custodiae
1199 1040 1456 1097 mandari
1497 1039 1799 1110 prmeepit,

153 1147 458 1203 regnoque
480 1132 607 1202 ejus
629 1132 873 1201 accepto
889 1144 1020 1186 eum
1041 1128 1405 1198 clamgladio
1424 1128 1582 1184 feriri
1600 1128 1801 1197 jussit.

155 1222 467 1292 [Emonam
516 1220 611 1276 Vit
635 1219 893 1290 Βαναίᾳ]
945 1220 1255 1275 Remorum
1304 1222 1445 1274 tunc
1494 1216 1805 1272 ecclesiam

157 1311 375 1365 beatus
404 1308 647 1378 regebat
679 1306 996 1377 Remigius,
1033 1306 1130 1377 qui
1164 1307 1353 1363 factus
1383 1309 1472 1361 est
1506 1319 1535 1360 a
1568 1304 1806 1360 Domino

158 1397 383 1469 populo
408 1396 525 1466 jam
545 1397 665 1451 fere
689 1394 1003 1466 desperato
1022 1394 1078 1450 in
1103 1399 1362 1466 tempore
1389 1393 1704 1450 iracundias
1727 1406 1810 1448 re-

155 1484 498 1542 conciliato.
524 1485 664 1540 Post
693 1483 1010 1539 vindictam
1042 1483 1194 1539 enim
1228 1481 1535 1539 scelerum:
1571 1496 1697 1552 quae
1731 1482 1809 1536 fa-

160 1579 259 1629 cta
291 1576 381 1630 est
415 1586 446 1627 a
471 1572 708 1628 Domino
725 1572 885 1628 crede
907 1570 1241 1640 Galliarum,
1263 1569 1675 1626 Wandalorum
1702 1570 1810 1641 pri-

164 1676 281 1731 mo,
315 1661 530 1716 deinde
562 1661 855 1717 Hunorum
889 1663 1277 1752 persequente
1308 1657 1808 1752 crudelitate,‘mi-
1837 1692 1891 1752 Β

163 1747 552 1805 sericordiam
585 1747 711 1805 caeli
744 1746 1128 1817 distillarunt,
1156 1747 1290 1803 dum
1322 1746 1394 1802 ad
1428 1745 1806 1815 mitigandum

161 1837 425 1893 furorem
447 1835 732 1893 Altissimi
754 1835 1074 1905 Remigium
1097 1835 1310 1892 mundo
1334 1834 1665 1907 pontiﬁcem
1687 1849 1811 1907 pro-

164 1923 454 1982 tulerunt.

237 2119 537 2191 [Faenza]
570 2118 1002 2176 Gundebaudus
1018 2122 1160 2174 tunc
1182 2118 1461 2188 regnabat
1477 2119 1531 2174 in
1551 2119 1810 2188 Burgun-

166 2207 260 2263 dia
286 2206 613 2263 Gundiochi
637 2207 794 2277 regis
820 2204 994 2276 ﬁlius,
1022 2205 1118 2277 qui
1152 2206 1257 2261 fuit
1291 2206 1361 2261 de
1391 2220 1605 2275 genere
1638 2209 1812 2262 Atha-

168 2297 351 2353 narici
386 2295 849 2367 persequutoris.
886 2295 1097 2351 Habuit
1149 2290 1521 2353 Gundiochus
1562 2299 1620 2350 et
1666 2295 1812 2351 alios

174 2383 349 2455 ﬁlios,
405 2383 822 2454 Godegisilum,
859 2383 1247 2454 Chilpericum
1296 2388 1354 2438 et
1404 2383 1806 2441 Godemarum.

172 2473 609 2529 Gundebaudus
638 2471 1025 2543 Chilpericum
1062 2472 1300 2529 fratrem
1331 2487 1498 2528 suum
1520 2472 1813 2528 interfecit

172 2561 393 2631 gladio,
430 2575 672 2617 uxorem
704 2560 831 2631 ejus
859 2560 1041 2631 ligato
1071 2560 1142 2616 ad
1173 2559 1384 2616 collum
1426 2560 1617 2631 lapide
1649 2561 1815 2631 aquis

174 2650 482 2720 immersit,
508 2650 655 2706 duos
683 2663 886 2706 eorum
917 2648 1069 2705 ﬁlios
1089 2648 1284 2717 gladio
1308 2648 1644 2719 trucidavit,
1671 2651 1815 2706 duas

173 2737 321 2794 ﬁlias
352 2738 534 2793 exilio
565 2738 993 2794 condemnavit.
1023 2738 1235 2793 Harum
1265 2739 1461 2793 senior
1492 2737 1814 2795 Sedeleuba

172 2841 232 2883 se
264 2826 508 2883 Domino
547 2830 768 2883 mutata
809 2829 976 2882 veste
1005 2825 1239 2896 dicavit,
1276 2826 1464 2882 minor
1496 2826 1815 2886 Crotbildis

174 2916 605 2971 nominabatur.
660 2917 794 2971 Haec
843 2915 1086 2985 quaesita
1135 2917 1224 2969 est
1257 2929 1287 2969 a
1340 2914 1629 2972 Clodoveo
1677 2931 1814 2987 rege

174 3004 546 3074 Francorum,
575 3008 633 3059 ut
666 3004 778 3060 sibi
808 3017 933 3058 eam
966 3002 1228 3059 traderet
1259 3003 1690 3061 Gundebaudus
1721 3020 1817 3076 pa-

176 3098 344 3149 truus
367 3093 516 3163 ejus.
552 3093 717 3159 Quod
748 3106 876 3147 cum
911 3091 1006 3147 ille
1038 3105 1251 3161 negare
1282 3107 1394 3148 non
1425 3094 1690 3164 auderet,
1724 3109 1817 3151 ve-

177 3181 406 3237 nientes
446 3180 652 3236 Franci
702 3184 1056 3252 acceperunt
1103 3194 1227 3236 eam
1260 3194 1291 3236 a
1322 3181 1711 3238 Gcndebaudo
1757 3187 1815 3239 et

174 3283 301 3325 cum
334 3268 539 3326 multis
570 3268 866 3325 thesauris
897 3268 967 3324 ad
994 3268 1341 3326 Clodoveum
1366 3269 1642 3340 dirigunt.
1673 3270 1811 3340 (Fel.

179 3359 287 3427 to.)
322 3356 585 3414 Consilio
616 3364 808 3415 autem
843 3358 1037 3413 Aredii
1070 3357 1161 3414 sui
1194 3358 1571 3415 reminiscens
1595 3359 1820 3416 Gunde-

182 3445 410 3503 baudus
442 3446 575 3503 mali
608 3446 760 3517 quod
796 3447 1033 3517 fecerat,
1069 3446 1200 3517 quia
1252 3446 1525 3504 videlicet
1570 3454 1816 3519 patrem,

183 3540 425 3590 matrem
445 3539 503 3590 et
521 3535 734 3591 fratres
751 3534 1063 3591 Chrotildaa
1083 3534 1494 3606 interfecisset,
1512 3541 1571 3591 et
1585 3536 1816 3605 timens,

184 3637 250 3678 ne
280 3623 331 3679 si
368 3622 649 3679 Crotildis
684 3621 1050 3694 praevaleret,
1085 3627 1331 3678 mortem
1366 3628 1669 3694 parentum
1699 3626 1822 3681 vin-

186 3711 429 3781 dicaret,
457 3716 589 3783 post
617 3725 742 3768 eam
764 3711 921 3768 misit
944 3711 1266 3768 exercitum
1290 3711 1387 3782 qui
1412 3713 1739 3771 basternam
1763 3720 1819 3770 et

183 3798 499 3857 thesauros
519 3803 814 3856 retentant
833 3817 848 3867 ;
866 3798 1057 3872 puella
1077 3798 1267 3855 levata
1288 3799 1344 3856 in
1362 3814 1574 3871 equum
1598 3816 1628 3859 a
1652 3804 1824 3859 Fran-

188 3887 267 3943 cis
295 3887 371 3943 ad
405 3886 755 3944 Clodoveum
788 3887 1082 3959 dirigitur,
1106 3902 1277 3958 quam
1311 3888 1489 3959 regali
1521 3904 1822 3949 assumens

188 3975 408 4033 honore
447 3976 504 4031 in
545 3975 973 4032 matrimonium
1031 3976 1293 4048 perfecto
1345 3976 1550 4033 dilexit
1607 3993 1817 4037 amore.

190 4063 790 4137 (Hist.Frauc.epit.)
816 4065 1076 4121 Habebat
1106 4064 1222 4134 jam
1256 4069 1396 4122 tunc
1424 4066 1825 4127 Clodoveusﬁ-

190 4151 322 4209 lium
337 4151 414 4209 de
427 4153 772 4224 concubina,
790 4153 1019 4210 nomine
1041 4153 1476 4225 Theodericum,
1496 4156 1592 4227 qui
1623 4172 1825 4228 regna-

189 4241 418 4312 vitpost
430 4255 563 4298 eum
579 4242 745 4298 annis
766 4241 972 4311 viginti
992 4242 1203 4298 tribus.
1221 4241 1514 4316 [Fanniae]
1532 4246 1743 4303 Habuit
1765 4253 1822 4304 et

188 4329 471 4387 aliostres
485 4329 638 4387 ﬁlios
663 4344 734 4386 ex
765 4328 1021 4387 Crotilde
1053 4330 1827 4402 Clodomerem,Childeber-

188 4421 385 4474 tnmet
399 4418 853 4489 Clotarium,qui
878 4424 1008 4491 post
1029 4433 1159 4476 eum
1193 4395 1604 4489 regnaverunt.
1625 4424 1821 4495 [Gnse.
1855 4395 1908 4456 D

188 4506 645 4579 Tur.]Defuncto
666 4510 859 4564 autem
883 4508 1299 4576 Gundebaudo,
1318 4523 1556 4580 regnum
1573 4514 1830 4584 Burgun-

194 4595 299 4652 ἀίω
312 4594 724 4665 Sigismuudus
739 4595 895 4653 ﬁlius
917 4596 1044 4666 ejus
1064 4597 1337 4667 obtinuit,
1356 4598 1675 4672 habuitque
1693 4618 1834 4661 uxo-

195 4697 309 4741 rem
327 4682 508 4741 ﬁliam
520 4684 860 4742 Theoderici
875 4685 1673 4761 regisltalim.[Fnznsc.]Qua
1689 4707 1837 4751 mor-

194 4775 312 4843 tua,
347 4770 523 4830 aliam
555 4771 745 4843 duxit,
779 4778 837 4829 et
870 4772 1083 4845 prioris
1112 4773 1376 4844 conjugis
1426 4776 1604 4833 ﬁlium
1637 4794 1841 4837 nover-

196 4873 275 4918 cae
299 4860 537 4918 insidiis
562 4861 740 4931 jussit
773 4860 1044 4918 interfici.
1072 4864 1207 4918 Nam
1230 4863 1482 4934 sopitum
1507 4865 1640 4922 vino
1662 4866 1839 4925 ﬁlium

201 4948 457 5005 dormire
492 4953 625 5021 post
660 4949 960 5006 meridiem
985 4949 1191 5019 jussit;
1223 4952 1315 5008 cui
1349 4952 1662 5010 dormienti
1718 4970 1845 5014 ora-

201 5037 345 5093 rium
361 5038 474 5094 sub
496 5036 649 5095 collo
671 5037 923 5109 positum
937 5041 1047 5110 est,
1066 5042 1127 5094 et
1151 5040 1260 5095 sub
1283 5045 1477 5097 mento
1500 5040 1760 5114 ligatum,
1785 5047 1843 5100 et

203 5125 282 5183 sic
315 5124 694 5183 trahentibus
725 5127 796 5184 ad
829 5140 893 5183 se
925 5126 1170 5184 invicem
1204 5129 1402 5200 pueris
1427 5129 1656 5188 duobus
1677 5131 1849 5202 sugil-

1906 596 2131 652 veniam
2167 602 2392 669 petens,
2425 602 2484 654 et
2519 598 2888 670 psallentium
2921 603 3160 659 chorum
3207 602 3543 676 instituens,
3651 608 3658 617 '

1909 685 2247 753 Lugdunum
2281 684 2474 754 rediit,
2509 685 2732 743 ultione
2774 688 2967 745 divina
2999 704 3031 745 θ
3066 690 3316 761 vestigio
3348 694 3551 750 subse-

1912 778 2145 841 quente.
2181 772 2365 841 Hujus
2404 772 2580 831 ﬁliam
2628 776 3020 834 Theodericus
3069 779 3343 837 Clodovci
3397 781 3551 839 ﬁlius

1912 875 2149 916 uxorem
2181 860 2425 931 accepit.

1986 948 2180 1019 [Gneo
2215 950 2345 1005 Tur.
2395 965 2455 1020 η,
2508 955 2595 1021 30,
2650 952 2760 1023 3L]
2812 953 3091 1011 Crotildis
3142 969 3282 1026 ergo
3332 959 3550 1028 regina,

1914 1052 2041 1093 cum
2073 1040 2229 1092 esset
2262 1037 2764 1109 christianissima,
2798 1046 2858 1095 et
2908 1041 3236 1100 Clodoveus
3289 1046 3557 1103 fanaticis

1918 1128 2184 1181 uteretur
2210 1125 2456 1196 legibus,
2474 1130 2923 1199 monereturque
2948 1130 3354 1200 frequentibus
3387 1136 3459 1190 ab
3489 1150 3555 1190 ea

1919 1217 1980 1268 ut
2004 1211 2157 1269 idola
2179 1227 2324 1269 vana
2340 1214 2683 1283 negligeret,
2698 1219 2757 1270 et
2777 1217 2949 1273 Deum
2966 1233 3167 1275 verum
3183 1228 3552 1292 agnosceret,

1919 1301 1973 1355 in
2004 1300 2175 1371 cujus
2206 1316 2373 1358 manu
2406 1307 2496 1358 est
2530 1317 2631 1359 cor
2662 1319 2863 1373 regum
2893 1311 2952 1362 et
2972 1307 3223 1363 omnium
3246 1309 3558 1380 dispositio

1917 1393 2297 1461 potestatum,
2325 1392 2702 1461 acquiescere
2724 1392 2929 1465 noluit,
2952 1394 3133 1451 donec
3168 1396 3320 1453 bello
3354 1403 3556 1455 contra

1920 1477 2268 1534 Alamannos
2281 1481 2933 1552 suscepto,compulsus
2956 1483 3221 1540 conﬁteri
3244 1489 3559 1543 necessita-

1921 1566 2160 1636 te,quod
2177 1567 2338 1637 prius
2353 1574 2660 1637 negaverat
2676 1569 2998 1626 voluntate.
3018 1572 3155 1627 Cum
3171 1574 3320 1629 enim
3337 1581 3560 1635 exerci-

1919 1659 2016 1711 tus
2039 1655 2162 1724 ejus
2185 1656 2255 1710 ad
2276 1656 2731 1712 internecionem
2756 1672 2942 1728 usque
2964 1660 3311 1733 mederetur,
3334 1665 3562 1723 invoca-

1922 1751 1981 1800 to
2004 1744 2229 1799 nomine
2246 1745 2376 1799 Jesu
2406 1743 2530 1798 Filii
2553 1746 2675 1815 Dei,
2692 1760 2861 1816 quem
2877 1748 3234 1821 praedicabat
3259 1753 3561 1828 Crotildis,

1920 1833 2223 1890 victoriam
2273 1832 2544 1889 obtinuit.
2580 1833 2741 1900 Quod
2775 1850 2905 1892 cum
2937 1835 3090 1893 domi
3122 1840 3362 1898 veniens
3395 1847 3561 1902 uxori

1921 1925 2240 1991 narrasset,
2268 1920 2367 1975 illa
2394 1921 2542 1977 clam
2561 1924 2853 1979 accersito
2880 1924 3051 1980 beato
3073 1927 3335 1998 Remigio
3359 1932 3565 1990 Remo-

1921 2024 2047 2065 rum
2076 2010 2519 2081 archiepiscopo
2552 2010 2777 2081 suadet,
2814 2017 2879 2068 ut
2911 2015 3030 2083 regi
3062 2018 3303 2074 verbum
3351 2021 3563 2082 salutis

1922 2098 2198 2153 insinuet.
2236 2098 2400 2164 Quod
2432 2112 2561 2154 cum
2606 2099 2821 2154 faceret
2847 2109 3063 2157 —-erat
3112 2106 3265 2161 enim
3308 2112 3559 2179 egregiae

1921 2186 2203 2257 scientiae,
2229 2192 2288 2241 et
2320 2186 2631 2243 rhetoricis
2662 2188 2922 2259 adprime
2954 2190 3213 2249 imbutus
3258 2197 3470 2254 studiis
3491 2232 3560 2241 —

1922 2276 2118 2331 divina
2148 2274 2423 2346 prmduce
2452 2274 2641 2345 gratia
2676 2291 2778 2331 rex
2809 2278 3080 2349 credidit,
3117 2286 3175 2336 et
3222 2299 3353 2340 cum
3399 2301 3564 2344 exer-

1923 2363 2043 2419 citu
2078 2364 2410 2434 baptizatus
2443 2367 2533 2419 est
2564 2367 2625 2417 15
2653 2378 2802 2419 anno
2835 2368 2996 2435 regni
3030 2369 3142 2437 sui,
3171 2369 3379 2429 Albino
3409 2375 3469 2428 V.
3498 2377 3555 2432 C.

1923 2450 2184 2522 consule,
2226 2451 2444 2507 incarn.
2478 2452 2636 2507 Dom.
2676 2468 2724 2508 a.
2762 2457 2881 2508 502.

1997 2558 2191 2629 {Cum}.
2225 2557 2355 2614 Tur.
2391 2572 2430 2626 ι,
2454 2558 2566 2630 32.]
2592 2558 3031 2629 Burgundiones
3055 2567 3191 2621 tunc
3217 2568 3561 2626 Arianorum

1926 2652 2141 2704 sectam
2187 2650 2456 2702 tenentes
2502 2646 2846 2704 habitabant
2873 2651 3028 2707 circa
3064 2654 3286 2710 Ararim
3317 2661 3375 2711 et
3406 2659 3561 2715 circa

1926 2736 2283 2805 Rhodanum,
2319 2735 2415 2805 qui
2449 2735 2633 2791 fluunt
2662 2736 2828 2806 juxta
2864 2740 3064 2795 urbem
3098 2742 3562 2819 Lugdunensem,

1927 2824 2139 2896 quibus
2180 2829 2468 2895 praeerant
2502 2824 2934 2883 Gundebaudus
2966 2833 3024 2883 et
3054 2830 3423 2902 Godegisilus
3456 2837 3568 2893 fra-

1928 2918 2065 2969 tres.
2089 2913 2170 2984 (n,
2189 2915 2299 2983 34.)
2317 2912 2711 2981 Godegisilum
2728 2914 3158 2974 Gundebaudus
3175 2920 3487 2996 interfecit,
3507 2933 3563 2983 et

1926 3003 2050 3073 ipse
2064 3016 2192 3057 cum
2209 3005 2588 3056 moneretura
2603 3008 2805 3057 sancto
2820 3004 2989 3059 Avito
3009 3006 3314 3065 Viennensi
3350 3015 3568 3070 archie-

1926 3090 2184 3162 piscopo,
2204 3092 2266 3145 ut
2280 3089 2660 3145 conﬁteretur
2682 3090 2972 3147 Christum
2988 3092 3192 3149 Filium
3208 3097 3304 3151 Dei
3321 3103 3377 3152 et
3394 3100 3569 3173 Sipri-

1929 3181 2049 3234 tum
2066 3176 2624 3246 sanctumzequalem
2641 3178 2797 3232 Patri
2819 3211 2879 3218 —
2902 3184 3026 3235 erat
3054 3182 3205 3237 enim
3231 3186 3479 3244 Arianus
3500 3222 3569 3232 -

1929 3264 2076 3320 clam
2094 3270 2154 3321 ut
2170 3266 2592 3321 chrismaretur
2607 3266 2992 3337 expetiit.Sed
3008 3268 3107 3325 illo
3122 3271 3571 3347 adhortante,ne

1932 3352 2269 3409 formidaret
2286 3368 2386 3408 rex
2399 3354 2521 3409 sedi
2533 3354 2745 3410 tionem
2762 3356 3176 3429 populi,neque
3191 3363 3569 3423 erubesceret

1930 3441 1986 3497 in
2005 3441 2218 3499 szecula
2242 3446 2579 3512 regnantem
2603 3442 2659 3497 in
2683 3444 2899 3500 saeculo
2917 3446 3205 3519 conﬁteri,
3224 3449 3349 3521 ipse
3364 3453 3573 3513 hacra-

1930 3532 2089 3587 tione
2120 3531 2395 3587 confusus
2428 3546 2607 3602 usque
2637 3531 2707 3587 ad
2740 3532 2876 3589 vitae
2899 3535 3118 3592 exitum
3142 3538 3199 3593 in
3223 3554 3324 3597 sua
3349 3542 3570 3604 insania

1932 3618 2431 3692 perduravit;cui
2485 3620 2889 3689 Sigismuudus
2934 3627 3238 3682 successit.
3292 3630 3410 3701 (fol.
3466 3635 3572 3708 40')

1935 3708 2258 3765 Clodoveus
2288 3709 2483 3780 itaque
2532 3724 2661 3764 cum
2708 3714 2862 3766 esset
2907 3712 3085 3769 armis
3117 3718 3393 3776 strenuus
3425 3727 3484 3777 et
3517 3722 3573 3779 in

1934 3796 2045 3853 ﬁde
2077 3801 2281 3854 saneta
2302 3797 2824 3868 nominatissimus,
2845 3803 2903 3855 et
2924 3801 3150 3857 videret
3173 3806 3411 3879 Gothos,
3438 3825 3575 3880 quo-

1934 3900 2060 3942 rum
2090 3890 2217 3942 erat
2250 3886 2522 3957 princeps
2570 3891 2631 3943 et
2677 3901 2779 3943 rex
2831 3888 3118 3961 Alaricus,
3150 3898 3208 3947 et
3257 3896 3575 3958 dominatio

1933 3989 2133 4031 eorum
2168 3975 2320 4031 ultra
2355 3975 2620 4045 Ligerim,
2647 3963 2889 4033 Arriana
2913 3982 3079 4049 peste
3102 3985 3161 4035 et
3182 3987 3574 4052 perversitate

1934 4065 2268 4135 corruptos,
2303 4062 2596 4131 velletque
2627 4068 2711 4133 ut,
2747 4066 3043 4134 superatis
3085 4068 3171 4124 eis
3214 4085 3342 4126 cum
3378 4073 3572 4132 divino

1935 4152 2173 4223 auxilio,
2208 4157 2366 4207 terra
2400 4151 2765 4220 redigeretur
2805 4152 3011 4209 ditioni
3046 4171 3184 4226 sure,
3220 4168 3573 4220 commotum

1936 4242 2257 4309 exercitum
2286 4240 2563 4309 Pietavis,
2591 4240 2687 4296 ubi
2712 4255 2815 4296 rex
2841 4241 3105 4300 Alaricus
3128 4248 3467 4306 morabatur
3491 4252 3572 4310 di-

1938 4332 2110 4388 rexit.
2138 4330 2220 4402 (n,
2255 4330 2366 4393 37.)
2386 4329 2429 4384 E
2450 4328 2746 4385 contrario
2769 4329 3034 4387 Alaricus
3056 4348 3185 4389 cum
3208 4337 3331 4392 suis
3355 4338 3577 4402 decimo

1940 4424 2012 4480 ab
2046 4422 2188 4477 urbe
2218 4417 2489 4474 milliario
2518 4418 2747 4474 obviam
2779 4419 2935 4475 venit
2968 4419 3343 4495 adversariis,
3365 4433 3422 4484 et
3447 4446 3582 4488 con-

1942 4510 2277 4582 ﬂigentibus
2306 4507 2388 4563 eis
2422 4506 2477 4562 in
2511 4507 2817 4578 Campania
2868 4509 3229 4580 Voglanense
3276 4514 3583 4579 victoriam

1946 4598 2272 4657 Clodoveus
2291 4594 2361 4651 de
2386 4595 2650 4652 Arrianis
2666 4596 2939 4653 obtinuit.
2970 4597 3263 4674 [Fnsnse]
3290 4603 3581 4664 Alaricum

1946 4702 2077 4746 cum
2100 4684 2343 4757 plurima
2370 4684 2685 4741 Gothorum
2710 4699 2878 4742 manu
2896 4685 3211 4759 interfecit,
3231 4705 3585 4764 regnumque

1949 4775 2076 4845 ejus
2105 4789 2134 4831 a
2169 4773 2309 4829 mari
2360 4773 2656 4843 Tyrrheno
2701 4777 2759 4828 ct
2808 4774 3008 4844 Ligere
3058 4777 3232 4834 ﬁuvio
3280 4795 3465 4851 usque
3515 4783 3587 4838 ad

1953 4867 2181 4920 montes
2210 4863 2517 4932 Pyrenaeos
2538 4865 2598 4917 et
2620 4875 2775 4917 mare
2802 4862 3088 4919 Oceanum
3112 4868 3439 4937 occupavit,
3467 4870 3590 4926 the-

1956 4964 2281 5021 saurosque
2310 4950 2435 5020 ejus
2468 4964 2498 5005 a
2530 4950 2735 5007 Tolosa
2770 4952 3057 5021 auferens,
3092 4967 3284 5009 secum
3329 4958 3589 5017 Parisius

1956 5040 2210 5096 advexit.
2249 5039 2330 5109 (ιι,
2368 5042 2478 5110 38.)
2528 5039 2636 5094 Per
2679 5039 2829 5095 idem
2882 5044 3110 5111 tempus
3159 5043 3231 5098 ab
3281 5046 3593 5105 Anastasio

1959 5130 2313 5200 imperatore
2332 5126 2638 5184 codicillos
2666 5142 2773 5199 pro
2804 5128 3112 5186 consulatu
3147 5133 3397 5205 accepit,
3418 5140 3475 5192 et
3500 5151 3596 5193 co-

204 5210 356 5272 latus
388 5218 503 5271 est.
532 5211 728 5285 (Gneo.
756 5214 913 5287 Tur.]
936 5214 1047 5272 Sed
1062 5215 1179 5284 jam
1204 5230 1335 5273 sero
1358 5219 1649 5289 paenitens
1671 5233 1851 5293 super
1959 5233 2160 5276 ronam
2184 5229 2418 5275 auream
2440 5220 2498 5273 et
2524 5216 2776 5274 tunicam
2801 5215 3099 5291 hlatteam,
3117 5234 3189 5279 ex
3213 5237 3323 5293 qua
3349 5223 3441 5281 die
3464 5239 3596 5282 con—

1790 5333 2010 5392 ΝΟΤιΕ.

272 5414 664 5488 (92)__T_extum
694 5416 970 5488 foliorum
1003 5422 1062 5474 31
1099 5448 1168 5459 —
1198 5420 1266 5475 4ο
1295 5418 1575 5480 debemus
1602 5420 1728 5479 viro
1769 5420 1843 5481 cl.

209 5484 537 5546 D.'Urlichs
572 5487 891 5562 professori
925 5487 1087 5560 regio
1118 5489 1485 5566 Gryphiensi,
1519 5492 1653 5568 quia
1683 5506 1751 5553 ea
1781 5494 1846 5555 D.

1955 5420 2170 5495 Thema
2220 5417 2509 5495 Phillipps
2554 5422 2683 5495 Bar.
2716 5420 3151 5495 "benignissime
3209 5425 3437 5484 favente
3493 5425 3602 5482 hoc

1962 5506 2111 5555 anno
2139 5493 2196 5552 in
2230 5489 2588 5556 bibliotheca
2620 5489 3077 5555 Medioméntana
3118 5495 3455 5567 exscripsit.
