3940 6048
354 260 463 325 111

1308 256 1692 331 HUGONIS
1719 256 2075 320 ABBA’l‘lS
2121 252 2816 320 FLAVINIACENSIS

3644 256 3758 321 112

351 394 444 453 sul
472 398 830 465 etaugustus
860 397 953 451 est
985 384 1359 466 appellatusﬁ
1384 392 1581 467 (Gneo.
1603 395 1761 465 Tur,,
1793 409 1852 464 ιι,
1878 391 1987 463 40.]
2022 397 2072 455 Α
2106 388 2503 463 apostolorum
2538 388 2834 463 principis,
2872 386 2967 446 ubi
3000 402 3102 462 per
3137 388 3315 448 multa
3358 394 3617 463 tempora
3652 392 3757 450 de-

355 486 493 541 Cum
509 498 650 554 ergo
666 488 998 540 morarethr
1011 484 1087 538 Pa
1097 482 1359 552 risius,et
1375 482 1564 553 cogita
1575 489 1663 539 ret
1676 482 1766 551 adj
1778 493 1993 551 ungere

352 572 563 629 ditioni
597 587 717 628 suae
753 586 993 641 regnum
1023 572 1310 641 Sigeberti
1346 571 1653 643 propinqui
1685 570 1791 638 sui,
1826 570 1993 639 cujus

350 661 515 730 regni
532 662 705 717 sedes
728 658 964 716 Colonia
985 659 1192 716 civitas
1205 666 1352 729 erat,
1369 672 1537 729 quem
1561 660 1734 715 etiam
1760 658 1815 712 in
1840 656 1993 712 bello

347 755 551 805 contra
583 748 875 803 Alarieum
912 748 1236 817 adjutorem
1286 747 1514 803 fidelem
1558 746 1862 812 habuerat,
1895 745 1995 800 do-

348 836 474 893 lose
488 836 820 906 egitmissis
835 836 1062 891 nunciis
1082 836 1152 891 ad
1173 834 1587 892 Theodericum
1616 835 1798 905 ipsius
1814 834 1991 889 lilium

350 925 624 995 Sigiberti
661 928 743 994 (ll,
780 925 893 996 37,)
927 925 1022 993 qui
1056 939 1159 994 pro
1204 931 1389 994 patre,
1425 923 1555 993 quia
1590 929 1756 993 pater
1787 926 1990 978 contra

350 1012 700 1069 Alamannos
721 1025 983 1082 pugnans
1001 1026 1324 1082 percussus
1347 1012 1399 1066 in
1418 1010 1688 1081 geniculo
1710 1008 1992 1066 claudica-

348 1102 469 1171 bat,
505 1099 659 1157 bello
701 1100 945 1170 praefato
995 1099 1361 1169 interfuerat,
1397 1105 1460 1154 ut
1495 1099 1649 1155 ﬁlius
1680 1104 1899 1169 patrem
1934 1097 1989 1152 in

345 1189 600 1245 tentorio
630 1186 874 1243 meridie
902 1187 1308 1257 dormientem,
1339 1186 1503 1257 quasi
1534 1200 1774 1256 regnum
1804 1185 1989 1256 ipsius

345 1290 749 1347 possessurus,
768 1276 1041 1332 immissis
1054 1274 1588 1346 persequutoribus
1608 1274 1984 1329 interficeret.

345 1365 429 1435 (η,
455 1365 722 1437 40.)Οιιηι
745 1378 884 1432 ergo
908 1364 1073 1433 quasi
1093 1362 1563 1432 gratulabundus
1589 1361 1659 1419 de
1684 1365 1867 1417 morte
1892 1374 1989 1432 pa-

344 1455 454 1509 tris
480 1453 725 1508 nuncios
748 1452 1039 1508 Clodoveo
1058 1450 1339 1520 mitteret,
1363 1445 1424 1505 ut
1445 1451 1515 1506 ad
1536 1464 1597 1506 se
1623 1448 1824 1505 fideles
1847 1463 1987 1505 suos

342 1534 645 1610 dirigeret,
664 1539 759 1609 qui
785 1538 856 1594 de
877 1538 1172 1594 thesauris
1186 1538 1393 1609 patris,
1411 1537 1565 1608 quod
1581 1537 1987 1608 placeretocu-

340 1628 412 1685 lis
439 1629 565 1699 ejus
597 1626 864 1695 eﬁ‘erent,
897 1626 1224 1681 Clodoveus
1255 1626 1465 1682 iterum
1515 1625 1717 1680 dolose
1746 1627 1887 1694 egit,
1927 1628 1988 1680 ut

2105 479 2265 535 lituit
2297 479 2614 536 thesaurus
2639 480 2732 536 hic
2756 478 3145 549 delectabilis,
3173 492 3204 535 a
3231 482 3499 550 tempore
3523 479 3755 538 scilicet

2106 568 2380 624 Clodovei
2415 582 2599 638 usque
2635 569 2707 624 ad
2751 574 2982 639 tempus
3012 567 3258 623 Othonis
3288 567 3492 638 Magni.
3528 568 3753 626 Verum

2105 655 2176 710 ad
2209 670 2329 711 rem
2361 656 2687 712 redeamus.

2175 759 2314 833 (1b.)
2348 761 2585 817 Obsessi
2617 775 2777 830 ergo,
2803 775 2954 830 cum,
2980 767 3043 815 ut
3067 759 3339 830 diximus,
3362 760 3545 817 clausi
3583 764 3683 816 ten
3698 777 3755 817 e-

2115 852 2316 904 rentur
2346 849 2686 919 viribusque
2736 848 3083 918 dit’liderent,
3118 853 3177 903 et
3209 853 3440 904 mortuo
3469 848 3751 919 episcopo

2118 935 2317 991 nullus
2345 941 2656 1007 putaretur
2688 941 2861 1007 aptus
2890 936 3133 1006 reperiri
3189 937 3285 1006 qui
3321 949 3524 1007 preces
3555 933 3750 1008 populi

2103 1025 2521 1080 convenienter
2545 1023 2825 1094 allegaret
2844 1037 3041 1078 coram
3067 1025 3326 1095 principe
3351 1023 3433 1080 ira
3462 1025 3749 1093 fervente,

2104 1126 2305 1168 omnes
2335 1112 2387 1166 in
2423 1127 2591 1168 unam
2622 1113 2817 1168 coiere
2849 1111 3219 1181 sententiam,
3256 1118 3318 1167 ut
3362 1116 3626 1168 sanctum
3673 1110 3752 1166 vi-

2101 1215 2228 1256 rum
2260 1200 2619 1271 Euspicium,
2647 1200 2743 1270 qui
2771 1201 2879 1256 sub
2910 1199 3087 1256 titulo
3110 1201 3554 1271 presbyteratus
3580 1200 3633 1254 in
3660 1213 3753 1255 ea-

2101 1287 2230 1343 dem
2264 1290 2408 1344 urbe
2443 1288 2711 1358 degebat,
2738 1288 2806 1344 ad
2834 1288 3151 1360 principem
3180 1289 3477 1344 mitterent
3503 1287 3743 1343 misero-

2104 1391 2229 1432 rum
2259 1376 2471 1432 civium
2508 1390 2714 1447 preces
2747 1376 3115 1446 allegantem,
3149 1382 3209 1431 et
3237 1375 3364 1445 ejus
3412 1375 3716 1431 misericor

2102 1463 2254 1519 diam
2287 1464 2719 1535 deprecantem.
2745 1465 2798 1520 Is
2820 1472 3013 1520 autem
3045 1465 3285 1519 Domino
3318 1460 3749 1519 misericordia-

2100 1566 2213 1623 que
2236 1551 2441 1623 plenus
2460 1566 2696 1608 suorum
2722 1552 2933 1608 civium
2958 1552 3250 1623 postulata
3276 1566 3387 1606 non
3406 1550 3621 1619 renuit,
3642 1549 3747 1606 sed

2102 1640 2156 1695 in
2189 1654 2258 1696 eo
2285 1639 2604 1709 conlidens,
2632 1640 2729 1710 qui
2763 1640 2912 1696 dixit
2943 1639 3252 1710 discipulis
3272 1639 3434 1695 suis:
3466 1639 3613 1695 (lum
3636 1639 3750 1695 ste-

341 1715 475 1810 (μιῐη
493 1715 595 1810 ille
620 1714 991 1810 κξθηξεῗη-ιίδυε
1011 1713 1237 1810 “Ruf/iis
1260 1714 1444 1785 Patris
1463 1715 1772 1769 thesauros
1796 1718 1989 1769 οειθη·
2016 1751 2070 1810 Β
2102 1728 2299 1786 teritis
2312 1729 2629 1798 antereges
2643 1726 3751 1799 etprzesidesmolitecogitarequaliter

342 1804 447 1873 dit,
473 1803 609 1858 dum
639 1801 874 1858 inclinis
906 1801 1205 1857 arcellulae
1238 1816 1486 1871 manum,
1512 1807 1802 1873 etlcuncta
1827 1816 1988 1857 scru-

342 1895 524 1961 tetur,
548 1890 830 1959 immittit,
856 1904 1007 1946 unus
1033 1891 1341 1960 bipennem
1377 1891 1623 1945 cerebro
1654 1889 1780 1958 ejus
1812 1889 1991 1945 illide-

343 1985 453 2036 ret.
485 1981 556 2035 Et
585 1978 667 2036 sic
697 1993 825 2048 qum
856 1978 909 2032 in
942 1981 1162 2049 patrem
1198 1983 1420 2049 egerat,
1454 1978 1502 2033 is
1546 1977 1785 2048 recepit.
1822 1977 1987 2044 Quod

346 2066 587 2123 audiens
619 2066 943 2123 Clodoveus
962 2066 1029 2120 ad
1051 2066 1295 2121 eundem
1322 2065 1510 2122 locum
1534 2065 1713 2135 venit,
1737 2072 1795 2120 et
1820 2065 1987 2135 quasi

343 2155 439 2226 qui
470 2162 624 2213 esset
656 2154 924 2210 innoxius
957 2168 987 2208 a
1021 2153 1302 2222 sanguine
1360 2158 1661 2225 parentum
1724 2168 1984 2222 suorum,

345 2242 563 2315 populo
587 2242 894 2310 satisfecit,
918 2246 976 2297 et
1004 2242 1056 2296 in
1081 2255 1273 2311 regem
1296 2242 1660 2298 constitutus
1684 2248 1795 2297 est.
1822 2240 1988 2307 Quod

343 2330 703 2401 quarundam
737 2329 1044 2385 civitatum
1070 2329 1434 2385 habitatores
1459 2328 1692 2399 indigne
1711 2330 1984 2397 ferentes,

344 2422 551 2474 contra
574 2432 703 2474 eum
735 2417 782 2472 si
817 2417 1020 2473 fuisset
1052 2416 1332 2489 possibile
1363 2416 1475 2471 nisi
1508 2420 1641 2471 sunt
1671 2415 1982 2471 rebellare.

341 2505 512 2575 (Vita
531 2504 815 2574 Mazim.,
839 2521 892 2576 p.
916 2506 1061 2575 582).
1079 2507 1235 2560 Inter
1258 2518 1404 2574 quos
1423 2505 1584 2560 cives
1608 2503 1987 2560 Virdunensis

341 2593 541 2665 oppidi
572 2593 960 2649 defectionem
999 2600 1175 2663 atque
1208 2591 1557 2649 duellionem
1606 2596 1807 2648 contra
1855 2605 1986 2647 eum

344 2682 619 2738 dicuntur
669 2680 933 2736 meditati
984 2680 1181 2751 (Gneo.
1213 2681 1369 2750 Tur.,
1400 2694 1461 2747 ιι,
1498 2680 1607 2750 41.]
1662 2679 1986 2736 Clodoveus

342 2774 477 2842 post
508 2768 630 2824 haec
661 2768 1033 2824 Chararieum
1065 2783 1258 2838 regem
1286 2772 1346 2824 et
1378 2768 1556 2823 filium
1580 2768 1727 2837 ejus,
1753 2768 1987 2838 propin-

343 2872 491 2928 quos
503 2870 642 2912 suos
657 2855 808 2911 dolis
821 2856 1254 2912 circumventos
1268 2855 1443 2926 cepit,
1464 2855 1692 2910 vinctos
1707 2855 1981 2924 totondit,

341 2949 399 3001 et
429 2949 654 3016 patrem
688 2943 919 3014 quidem
957 2944 1385 3015 presbyterum,
1419 2942 1598 2998 filium
1628 2957 1765 2998 vero
1795 2943 1986 2999 diaco-

351 3046 480 3089 nem
509 3030 766 3087 ordinari
799 3031 954 3088 fecit.
992 3032 1102 3087 Sed
1146 3038 1406 3087 sentiens
1453 3030 1605 3101 quod
1654 3030 1766 3086 sibi
1809 3044 1986 3086 caesa-

345 3120 489 3177 riem
527 3119 597 3175 ad
645 3120 1028 3176 crescendum
1078 3120 1406 3175 niterentur
1453 3118 1670 3189 laxare,
1705 3123 1985 3188 utrosque

335 3208 511 3278 jussit
539 3207 731 3279 capite
760 3207 961 3279 plecti,
985 3221 1346 3277 regnumque
1373 3221 1574 3263 eorum
1598 3222 1729 3263 eum
1752 3208 1986 3263 thesau-

341 3297 424 3352 ris
452 3301 511 3351 et
540 3295 773 3366 populis
803 3295 1143 3365 adquisivit.

413 3400 586 3471 (Vita
609 3400 890 3471 Maxim,
918 3416 971 3470 p.
1006 3403 1154 3472 582.)
1190 3400 1401 3456 Audita
1435 3404 1626 3456 autem
1659 3399 1985 3456 defectione

346 3487 812 3555 Virdunensium,
847 3492 902 3542 et
933 3492 1097 3543 ratus
1128 3503 1239 3543 non
1272 3502 1403 3543 esse
1436 3486 1984 3558 procrastiuandum

342 3577 398 3633 in
435 3575 674 3645 talibus,
699 3574 923 3631 viribus
949 3576 1349 3645 undecumque
1373 3576 1621 3637 coactis.
1646 3590 1773 3630 cum
1794 3573 1987 3631 valida

346 3678 515 3720 manu
549 3662 784 3718 militari
816 3663 885 3718 ad
915 3663 1156 3718 eandem
1182 3663 1385 3718 urbem
1407 3662 1587 3729 venit,
1614 3662 1839 3731 injuriae
1860 3675 1988 3731 gra-

347 3751 429 3807 tia
461 3749 833 3807 ulciscendae.
859 3749 1034 3819 Cujus
1056 3765 1250 3806 muros
1271 3765 1484 3806 corona
1516 3750 1762 3806 militum
1794 3752 1988 3807 obam-

346 3839 453 3911 bit,
488 3852 731 3909 aggeres
769 3838 967 3908 struit,
1004 3852 1208 3909 aspera
1255 3838 1605 3909 complanat,
1639 3841 1697 3892 et
1744 3853 1986 3908 quaeque

345 3927 475 3984 urbi
508 3927 809 3998 capiendae
844 3927 1146 3983 commoda
1185 3925 1440 3996 ordinat,
1476 3926 1661 3997 portis
1688 3926 1987 3982 custodias

345 4014 637 4084 admovet,
660 4020 716 4071 et
743 4029 813 4071 ne
839 4014 968 4085 quis
1001 4018 1125 4070 tute
1161 4020 1351 4083 exeat,
1375 4029 1581 4082 magno
1605 4014 1986 4085 studiosoque

343 4102 644 4160 conamine
670 4102 959 4174 prohibet.
980 4090 1119 4171 (Fel.
1140 4102 1390 4172 41.)Quo
1423 4103 1478 4157 in
1516 4102 1988 4173 temporeFirmi-

343 4206 452 4249 nus
464 4191 775 4263 epis00pus
789 4189 1046 4260 ejusdem
1063 4190 1511 4260 civitatis,mirae
1526 4192 1861 4247 sanctitatis
1877 4191 1983 4261 vir,

344 4279 495 4336 diem
521 4278 732 4334 clausit
756 4277 1041 4335 ultimum.
1067 4278 1168 4334 llic
1191 4277 1444 4334 Tullensi
1468 4279 1770 4334 territorio
1794 4284 1983 4353 ortus,

343 4373 404 4423 et
420 4365 643 4422 civitati
668 4365 1116 4422 Virdunensium
1141 4369 1275 4437 post
1297 4370 1558 4421 sanctum
1582 4368 1984 4423 Posscssorem

2098 1816 2211 1873 aut
2226 1815 2379 1887 quid
2400 1816 2774 1886 loquamini;
2786 1815 3030 1872 dabitur
3048 1814 3378 1872 enimoobis
3394 1817 3461 1871 in
3475 1814 3587 1871 illa
3600 1815 3751 1871 liora

2098 1905 2251 1975 quid
2264 1905 2715 1977 loquamini;ad
2738 1904 3077 1975 principem,
3096 1909 3159 1960 ut
3176 1904 3508 1975 petebatur,
3531 1902 3567 1957 ii
3585 1916 3616 1957 e
3639 1901 3748 1958 dis-

2101 1993 2314 2064 posuit.
2333 1996 2589 2063 Cumque
2621 2006 2686 2047 se
2716 1982 3016 2048 humiliter
3036 2006 3230 2047 coram
3255 2005 3392 2058 rege
3419 1994 3593 2046 terrm
3618 2004 3750 2061 pro-

2096 2080 2429 2149 stravisset,
2465 2081 2535 2135 ab
2566 2094 2636 2135 eo
2670 2084 3007 2135 reverenter
3042 2083 3370 2149 surgere,et
3395 2091 3622 2133 causam
3651 2076 3748 2132 ad-

2098 2172 2307 2224 ventus
2335 2168 2420 2223 sui
2456 2167 2650 2222 dicere
2680 2171 2769 2222 est
2795 2167 3022 2236 jussus.
3069 2169 3206 2224 Tum
3262 2166 3362 2221 ille
3413 2164 3485 2221 ad
3535 2178 3666 2221 eum
3695 2163 3747 2220 is

2099 2257 2287 2311 fertur
2309 2255 2505 2311 verbis
2531 2269 2671 2311 usus
2699 2254 3139 2324 :Nobilissime,
3169 2253 3378 2324 inquit,
3404 2254 3668 2310 omnium
3688 2253 3749 2308 et

2082 2342 2366 2417 piissime
2382 2357 2611 2413 regum,
2622 2357 2780 2414 pene
2801 2342 3449 2413 unioersoperculqata
3462 2342 3568 2397 tua
3580 2339 3738 2397 boni-

2098 2431 2190 2488 tas
2202 2432 2497 2500 etseculo,
2501 2444 2615 2500 per
2626 2444 2808 2501 quam
2822 2428 3141 2486 bonitatem
3159 2430 3323 2485 tuam
3337 2428 3653 2497 teobsecro,
3670 2428 3746 2483 ut

2082 2534 2169 2590 pa
2177 2519 2388 2575 tienter
2402 2532 2492 2575 me
2504 2521 2723 2576 audias
2735 2532 2995 2573 meorum
3010 2519 3231 2574 civium
3240 2529 3448 2586 preces
3466 2516 3713 2585 alteqan
3723 2545 3749 2556 -

2097 2609 2209 2664 tem
2231 2609 2292 2664 et
2308 2607 2471 2665 tuam
2490 2606 2971 2665 misericordiam
3010 2604 3442 2677 deprecantem.
3472 2603 3749 2660 Emersit

2094 2695 2335 2767 quidem
2351 2696 2508 2753 inter
2527 2709 2630 2752 nos
2652 2694 3024 2767 quorundam
3037 2691 3390 2764 improbitas
3412 2691 3740 2761 hominum,
3764 2728 3775 2736 ι

2093 2798 2226 2854 quae
2246 2784 2307 2839 et
2320 2784 2644 2840 multorum
2663 2781 3381 2852 maculaeitimperitiam
3394 2779 3741 2849 etjucenum

2092 2872 2314 2929 sustuli
2321 2872 2449 2929 tstu
2456 2872 2992 2943 ltamprotereiam.
3004 2868 3335 2941 thuidem
3348 2868 3452 2924 tua
3465 2867 3638 2937 digni
3650 2880 3740 2923 su-

2090 2974 2224 3017 mus
2236 2960 2888 3029 animadversione,nec
2902 2959 3245 3028 diﬂtemm':
3257 2956 3362 3014 sed
3370 2954 3741 3029 obsecropro-

2019 3096 2061 3156 ς
2091 3049 2222 3118 pter
2238 3047 2575 3115 Dominum,
2602 3048 2845 3103 interim
2863 3045 3305 3156 subtranantur
3322 3042 3741 3156 cuipis‘debit‘a

2052 3133 2064 3153 ι
2101 3150 2241 3156 ---μμ
2258 3136 2391 3156 η-ξ-
2429 3136 2687 3156 Αι..,..-..’..
2703 3135 2833 3156 -.ι-...
2849 3136 2981 3156 ξυμ-.
2997 3134 3078 3156 ---ἑ
3113 3135 3161 3156 ι..
3182 3133 3315 3156 -1-...
3331 3146 3389 3156 ΑΔ.
3425 3132 3484 3156 ἐι.
3580 3143 3635 3156 ΔΑ
3649 3143 3679 3156 ι-

2093 3135 2833 3206 supplicia,etporrzyatm
2845 3133 3161 3190 immeritis
3175 3128 3743 3189 clementia.Necab-

2095 3222 2368 3279 horreret
2383 3236 2422 3279 a
2442 3223 2695 3279 victoria
2719 3223 2821 3278 tua
2844 3222 3051 3279 nostra
3085 3221 3420 3291 persuasio,
3439 3219 3586 3291 quia
3606 3230 3740 3274 cum

2094 3311 2283 3367 eicior
2305 3312 2388 3368 sis
2420 3311 2741 3379 hominum,
2750 3310 3058 3381 passionis
3086 3321 3318 3379 quoque
3333 3307 3595 3379 propria
3601 3304 3744 3376 for-

2098 3399 2214 3455 tior
2227 3405 2347 3456 eris
2364 3399 2845 3471 triumphator,si
2856 3397 3146 3454 malueris
3145 3395 3634 3467 patientiaeoires
3645 3407 3743 3449 ea:-

2097 3501 2308 3557 ercere,
2324 3488 2814 3557 quamsanguine
2833 3487 3056 3544 civium
3080 3485 3244 3540 tuum
3258 3483 3503 3555 foedare
3534 3482 3745 3538 trium-

2084 3575 2293 3646 phum.
2314 3576 2414 3631 His
2428 3589 2531 3630 rex
2546 3574 2851 3642 auditis,et
2874 3573 3224 3631 vidictorum
3241 3571 3645 3642 gravitateque
3661 3568 3743 3626 vi-

2097 3663 2145 3718 ri
2172 3668 2496 3734 perspecta,
2521 3662 2699 3734 coepit
2724 3662 2889 3731 vigor
2921 3660 3094 3717 animi
3125 3660 3250 3730 ejus
3284 3656 3649 3715 mansuefieri
3680 3661 3738 3713 et

2098 3752 2424 3807 amaritudo
2443 3750 2594 3806 fellis
2607 3749 2921 3807 dulcorari.
2940 3750 3036 3812 Dei
3055 3749 3257 3819 utique
3276 3752 3419 3803 nutu
3434 3746 3489 3802 id
3505 3750 3736 3816 agente,

2096 3839 2266 3908 cujus
2290 3838 2618 3895 fortitudini
2642 3839 2914 3894 immania
2936 3838 3249 3907 cedunt,et
3273 3836 3417 3892 dura
3440 3834 3735 3891 fatiscunt.

2099 3926 2240 3997 (Pol.
2267 3926 2395 3999 Μ’).
2424 3927 2680 3997 Denique
2712 3933 2909 3983 tactus
2938 3926 3136 3983 divino
3167 3928 3310 3980 nutu
3344 3937 3446 3979 rex
3476 3921 3623 3977 adeo
3643 3926 3737 3977 est

2097 4015 2363 4079 affectus,
2388 4019 2451 4071 ut
2479 4014 2746 4086 petitioni
2771 4029 3072 4071 assensum
3097 4014 3405 4085 praeberet,
3429 4013 3487 4067 et
3509 4009 3739 4066 veniam

2096 4104 2326 4160 civibus
2348 4103 2613 4174 quamvis
2638 4102 2886 4172 ingratis
2911 4097 3741 4171 tribueret,utimplercturde

2095 4206 2166 4248 eo
2203 4190 2347 4248 illud
2391 4190 2684 4262 Sapientis
2715 4193 2928 4248 :Hanc
2966 4203 3219 4262 quoque,
3244 4188 3453 4258 inquit,
3478 4185 3611 4243 vidi
3632 4182 3742 4242 sub

2096 4294 2158 4337 so
2166 4280 2218 4336 le
2226 4279 2591 4350 sapientiam
2603 4277 3274 4349 etprobaoimaximam:
3291 4276 3740 4345 Civitasparoa,

2099 4368 2159 4423 et
2163 4367 2351 4438 pauci
2371 4367 2436 4422 iri
2459 4380 2529 4422 ea
2546 4367 2882 4435 oiri;venit
2891 4366 3098 4423 contra
3114 4378 3243 4421 eam
3259 4377 3374 4426 res;
3392 4374 3669 4433 magnus,
3686 4361 3747 4417 et

344 4457 549 4525 pastor
572 4452 953 4521 constitutus,
980 4457 1213 4522 quantm
1236 4452 1572 4508 sanctitatis
1596 4453 1787 4524 fuerit,
1815 4468 1983 4523 quam
2013 4445 2069 4507 D
2097 4453 2360 4512 vallavit
2373 4466 2522 4524 eam,
2538 4455 2927 4525 extraxitque
2940 4454 3301 4510 munitiones
3303 4462 3664 4523 perqyrum.
3687 4449 3755 4504 et

343 4539 631 4596 sollicitas
655 4538 932 4594 excubias
950 4554 1127 4610 super
1144 4553 1379 4610 gregem
1400 4539 1511 4595 sibi
1536 4539 1823 4596 creditum
1846 4556 1985 4597 cura

344 4626 608 4699 pervigili
638 4627 990 4697 exercuerit,
1027 4641 1196 4697 quam
1238 4641 1370 4698 plus
1402 4626 1457 4681 in
1490 4627 1778 4697 subditos,
1815 4643 1986 4698 quam

343 4715 628 4772 terribilis
658 4729 796 4784 erga
831 4714 1113 4785 reprobos
1145 4714 1340 4785 fuerit,
1366 4720 1662 4771 testantur
1685 4716 1982 4788 miracula,

343 4820 470 4877 qua:
486 4804 556 4861 ad
576 4804 909 4876 sepulcrum
935 4803 1062 4874 ejus
1087 4818 1487 4874 saepenumero
1512 4804 1746 4860 fiebant.
1766 4804 1988 4863 inveni-

340 4896 441 4950 tur
472 4888 648 4950 etiam
677 4892 963 4964 scriptum
997 4891 1053 4946 in
1093 4891 1299 4961 gestis,
1332 4890 1487 4961 quod
1537 4890 1665 4960 ejus
1705 4892 1986 4950 instinctu

345 4982 596 5052 populus
625 4979 1007 5037 Virdunensis
1027 4978 1363 5034 desciverit.
1393 4979 1551 5034 Obiit
1574 4984 1766 5036 autem
1792 4995 1985 5038 mense

340 5066 703 5137 Decembrio,
736 5068 829 5123 die
880 5066 1159 5136 secundo,
1195 5079 1344 5122 anno
1388 5073 1664 5136 quantum
1707 5068 1986 5137 colligere

341 5168 657 5226 possumus
687 5157 758 5211 ab
809 5155 919 5213 inc.
956 5157 1112 5211 Dom.
1150 5156 1273 5225 {£04,
1308 5154 1631 5226 imperante
1681 5156 1985 5212 Anastasio

340 5255 490 5299 anno
513 5245 599 5313 14,
618 5242 796 5299 tertio
820 5242 1221 5299 conversionis
1244 5242 1516 5299 Clodovei
1535 5258 1702 5314 anno,
1721 5244 1904 5299 Atheo
1917 5245 1978 5300 V.

340 5330 398 5384 C.
432 5330 695 5400 consule,
731 5330 1130 5401 pontificatum
1164 5331 1359 5387 Romae
1393 5335 1602 5400 agente
1632 5332 1803 5387 beato
1836 5345 1982 5402 papa

338 5416 675 5488 Symmacho
692 5422 779 5484 ;et
806 5416 997 5472 soluta
1016 5417 1323 5474 obsidione
1342 5432 1444 5488 sep
1458 5418 1639 5474 ultum
1654 5420 1742 5473 est
1765 5431 1982 5488 corpus

337 5502 463 5577 ejus
493 5503 951 5562 sacratissimum
981 5503 1053 5559 ad
1079 5502 1380 5561 dexteram
1403 5504 1609 5562 altaris
1636 5505 1792 5562 beati
1822 5505 1981 5561 Petri

2086 4542 2361 4614 perfecta
2382 4542 2474 4598 est
2487 4541 2733 4600 obsidio.
2762 4541 3161 4613 Inoentusque
3179 4540 3272 4597 est
3284 4541 3353 4595 in
3373 4552 3444 4594 ea
3471 4538 3745 4607 τέτραπ-

2084 4643 2199 4703 per
2220 4629 2282 4687 et
2295 4630 2557 4702 sapiens,
2580 4628 2932 4687 etliberaeit
2944 4628 3147 4684 urbem
3160 4626 3468 4698 sapientia
3482 4636 3612 4681 sua.
3632 4623 3745 4692 lgi-

2100 4723 2195 4774 tur
2217 4717 2343 4773 viro
2359 4717 2459 4772 Dei
2474 4717 2849 4773 ordinanteet
2870 4730 3097 4771 manum
3118 4714 3274 4784 regis
3293 4716 3549 4781 tenente,
3576 4723 3742 4781 repa-

2096 4805 2231 4876 gula
2249 4809 2547 4876 portarum
2566 4804 2765 4860 reduci
2782 4803 2900 4859 visa
2924 4806 3139 4859 suntet
3165 4806 3350 4873 portae
3370 4799 3604 4872 aperiri.
3622 4796 3739 4853 Sed

2096 4897 2155 4949 et
2170 4891 2366 4949 clerus
2390 4891 2710 4963 procedere
2731 4895 2820 4947 est
2847 4891 3174 4959 ordinatus,
3192 4903 3386 4959 regem
3400 4901 3529 4944 cum
3554 4884 3739 4942 laudi-

2097 4980 2209 5037 bus
2228 4987 2287 5036 et
2304 4982 2418 5035 Deo
2432 4980 2624 5049 dignis
2637 4978 2948 5035 cantilenis
2966 4983 3368 5049 suscepturus,
3388 4990 3490 5046 per
3505 4988 3651 5046 ρυλε
3670 4977 3734 5030 et

2094 5067 2336 5122 Domino
2358 5080 2479 5122 sum
2502 5065 2869 5122 liberationis
2890 5066 3122 5139 oﬂ‘erret
3140 5063 3555 5135 tripudium,ac
3582 5062 3743 5133 prin-

2094 5154 2209 5224 cipi
2226 5153 2586 5210 sedulitatis-
2606 5169 2693 5210 uae
2709 5154 2980 5211 devotum
2998 5156 3351 5210 monstraret
3363 5150 3734 5221 obsequium.

2094 5240 2217 5296 Rex
2248 5241 2445 5311 itaque
2477 5246 2783 5312 postquam
2816 5242 2895 5297 ira
2926 5242 3273 5310 refrigerata
3307 5252 3411 5310 per
3452 5236 3734 5293 famulum

2092 5327 2219 5397 ejus
2247 5343 2310 5384 se
2340 5329 2519 5386 sensit
2556 5329 2787 5387 immani
2833 5335 3099 5401 ereptum
3133 5325 3383 5398 piaculo,
3417 5322 3643 5395 gratias
3675 5321 3739 5377 in

2092 5415 2339 5473 ecclesia
2360 5418 2478 5473 Deo
2501 5416 2774 5487 reddidit,
2791 5422 2848 5473 et
2861 5416 3089 5475 civibua
3104 5412 3415 5487 principali
3428 5410 3742 5481 indulgen-

2093 5503 2176 5560 tia
2205 5503 2364 5576 data,
2389 5506 2461 5563 ad
2487 5505 2744 5563 curanda
2769 5504 2939 5575 juxta
2966 5515 3187 5561 morem
3216 5499 3409 5575 epulis
3435 5496 3741 5570 regalibus
