3936 6050
327 172 441 237 115

1281 184 1650 253 HUGONIS
1693 184 2045 251 ABBATIS
2087 189 2771 264 FLAVINIACENSIS

3607 202 3724 269 116

395 323 763 397 Beatoigitur
784 324 1063 386 Vitonoin
1087 325 1535 399 gaudioDomini
1561 302 1881 402 assumpto,
1906 335 1963 387 et
1993 316 2051 386 Α
2082 326 2236 386 tione
2261 332 2625 392 mortisﬂlim
2654 332 2886 393 soronis
2914 331 3211 409 Clodovei,
3246 350 3375 408 quae
3407 337 3598 400 fuerat
3625 357 3725 404 co-

322 430 427 487 pro
451 414 734 472 fidelitate
749 431 1065 487 paucorum
1090 424 1145 474 et
1171 416 1337 475 lucro
1362 435 1536 491 supra
1563 420 1741 476 multa
1765 423 1967 491 etper-

322 510 494 576 petua
516 506 661 561 bona
687 506 1010 561 constituto
1031 506 1163 577 (43),
1194 507 1572 565 Desideratus
1596 509 1885 565 successit
1907 509 1962 563 in

318 593 708 666 cpis00palem
728 608 925 650 curam
942 594 1122 650 multa
1143 596 1440 664 vigilantia
1458 601 1724 666 egentem
1748 595 1966 653 sollici-

320 683 582 738 tudinum
599 682 915 751 angoribus
927 682 1789 755 circumseptam.Theodericus
1810 686 1960 741 enim

318 785 446 827 cum
461 774 614 827 esset
638 770 953 841 pertinacis
966 776 1020 826 et
1049 771 1179 828 mali
1198 772 1369 827 animi
1394 777 1452 828 ct
1476 788 1580 844 pro
1600 772 1961 830 dissensione

318 860 471 916 inter
504 876 564 917 se
606 866 664 916 et
708 862 944 917 fratrem
979 877 1143 917 suum
1178 862 1411 934 multas,
1466 869 1529 919 ut
1564 864 1957 935 praediximus,

318 952 496 1008 urbes
520 951 838 1019 amixissct,
865 954 923 1006 et
955 950 1155 1019 {Guar}.
1179 953 1333 1021 Tur.,
1362 967 1443 1017 m,
1472 951 1558 1024 34]
1584 952 1963 1011 Desideratus

317 1040 441 1111 ipse
478 1043 608 1111 post
632 1039 811 1097 multa
839 1040 950 1094 sibi
982 1039 1141 1095 illata
1170 1041 1395 1111 damna,
1423 1042 1616 1112 exilia,
1649 1051 1959 1114 aerumnas;

317 1128 577 1196 injurias,
600 1128 714 1196 jam
735 1127 805 1183 ad
821 1128 1151 1185 libertatem
1171 1130 1413 1184 Domino
1429 1130 1669 1199 jubentc
1684 1131 1955 1201 redisset,

315 1222 375 1271 et
409 1217 558 1286 apud
591 1217 930 1277 Virdunum,
968 1221 1029 1272 ut
1065 1217 1336 1283 diximus,
1363 1218 1739 1288 episcopatus
1770 1220 1962 1288 funge-

316 1311 481 1360 retur
507 1306 713 1373 of’licio,
777 1306 963 1361 fuerat
997 1306 1147 1360 enim
1182 1306 1236 1360 in
1268 1306 1485 1362 saeculo
1532 1305 1956 1377 nobilissimus,

312 1394 534 1450 habens
563 1408 800 1449 uxorem
824 1398 880 1448 et
904 1392 1104 1463 filium,
1132 1393 1359 1449 nomine
1382 1394 1704 1464 Syagrium.
1724 1395 1828 1463 (ιιι,
1846 1398 1958 1466 35.)

314 1482 424 1539 Sed
448 1499 475 1539 a
510 1481 808 1552 Syrivaldo
842 1482 1088 1552 quodam
1122 1481 1270 1553 apud
1307 1483 1611 1553 prmfatum
1653 1497 1845 1553 regem
1879 1482 1960 1538 in-

314 1576 575 1640 cusatus,
626 1584 736 1626 non
766 1569 953 1626 solum
1001 1568 1291 1640 spoliatus
1319 1570 1517 1640 rebus,
1548 1585 1749 1628 verum
1781 1573 1956 1627 etiam

312 1747 600 1803 electione
631 1747 772 1802 cleri
804 1752 862 1803 et
896 1746 1092 1819 populi
1122 1748 1476 1805 Virdunensi
1512 1749 1721 1805 fuisset
1755 1748 1958 1820 praela-

315 1841 411 1892 tus
442 1835 730 1905 ecclesiae,
760 1835 1151 1892 Theodericus
1185 1842 1502 1908 perpetuas
1525 1836 1786 1893 retinens
1817 1851 1954 1906 erga

314 1939 445 1980 eum
480 1924 831 1993 inimicitias,
868 1924 999 1994 quia
1046 1939 1159 1981 non
1192 1925 1553 1982 consentiret
1601 1926 1799 1997 pravis
1832 1927 1957 1996 ejus

315 2014 611 2083 Operibus,
669 2013 966 2068 civitatem
998 2028 1125 2068 cum
1173 2012 1606 2070 habitatoribus
1653 2014 1959 2070 vehemen-

316 2107 407 2157 ter
452 2102 701 2157 attrivit.
740 2102 1083 2171 Supervenit
1131 2101 1372 2172 insuper
1409 2101 1849 2171 divinojudicio
1881 2104 1957 2158 fa-

317 2204 437 2245 mes
468 2189 654 2245 valida
688 2189 941 2245 invalido
968 2189 1228 2245 civitatis
1261 2190 1494 2260 pepulo,
1532 2204 1643 2260 qua
1666 2192 1954 2246 attenuati

319 2278 371 2331 in
407 2277 713 2333 afﬂictione
766 2277 936 2332 nimia
970 2282 1136 2338 erant
1169 2276 1365 2347 positi.
1402 2276 1539 2347 (Ῑῡ.)
1571 2278 1797 2333 Etcum
1833 2279 1956 2348 ipse

318 2365 387 2420 de
422 2365 595 2421 rebus
625 2364 747 2420 suis
780 2378 881 2435 per
911 2364 1329 2420 Theodericum
1355 2364 1735 2421 remansisset
1765 2370 1958 2421 extra-

317 2466 481 2521 neus,
517 2466 621 2508 nec
654 2452 894 2508 haberet
928 2466 999 2509 ex
1045 2452 1305 2523 proprio,
1342 2449 1595 2521 qualiter
1627 2452 1957 2522 indigentes

317 2545 376 2593 et
409 2541 728 2596 destitutos
768 2541 926 2596 cives
981 2554 1118 2596 suos
1153 2537 1580 2610 consolaretur,
1631 2538 1867 2596 dolebat
1899 2549 1956 2595 et

318 2627 691 2683 tristabatur.
746 2629 849 2697 (Ill,
883 2630 971 2695 23,
1005 2628 1119 2698 25.)
1168 2626 1454 2683 Defuncto
1485 2631 1677 2684 autem
1707 2627 1959 2683 Theode-

320 2715 440 2770 rico
472 2728 620 2770 anno
675 2716 836 2784 regni
896 2715 982 2771 sui
1031 2719 1119 2783 23,
1155 2715 1226 2769 ab
1286 2715 1685 2772 incarnatione
1735 2715 1956 2770 Domini

320 2805 442 2869 541,
475 2817 603 2858 cum
650 2802 1085 2859 Theodehertus
1118 2801 1270 2859 filius
1297 2804 1422 2873 ejus
1469 2817 1708 2873 regnum
1765 2817 1960 2860 susce-

322 2890 523 2960 pisset,
560 2895 613 2945 et
648 2894 851 2946 contra
902 2890 1260 2947 voluntatem
1295 2890 1649 2947 Childeherti
1683 2896 1740 2947 et
1774 2890 1961 2948 Clota-

323 2978 389 3032 rii
415 2978 469 3032 in
494 2993 673 3047 regno
697 2994 725 3033 a
745 2979 864 3035 suis
886 2978 1157 3035 leudihus
1181 2979 1654 3036 essetstabilitus
1676 2983 1851 3049 atque
1866 2980 1960 3036 tir-

320 3071 528 3136 matus,
547 3071 604 3122 et
628 3067 994 3138 postmodum
1019 3082 1047 3123 a
1068 3066 1442 3123 Childeberto
1462 3068 1726 3124 maximis
1766 3082 1960 3124 mune-

322 3155 858 3225 ribusmuneratus,
887 3155 942 3211 iu
968 3154 1146 3211 filium
1160 3159 1317 3211 esset
1335 3155 1668 3225 adoptatus,
1692 3169 1958 3225 magnum

322 3257 384 3296 se
414 3246 470 3297 et
523 3244 878 3314 praecipuum
924 3244 981 3298 in
1013 3243 1163 3299 omni
1216 3243 1478 3299 bonitate
1508 3244 1785 3299 ostendit.
1823 3244 1957 3298 Erat

319 3330 471 3384 enim
503 3345 743 3399 regnum
775 3344 904 3387 cum
921 3330 1149 3399 justitia
1181 3344 1406 3400 regens,
1433 3330 1769 3387 sacerdotes
1793 3345 1960 3386 vene-

323 3432 477 3485 rans,
522 3417 800 3474 ecclesias
855 3432 1184 3486 munerans,
1241 3432 1529 3488 pauperes
1578 3417 1864 3487 relevans,
1899 3423 1959 3474 et

323 3500 502 3562 multa
536 3505 734 3562 multis
767 3504 1045 3562 beneficia
1071 3506 1165 3576 pia
1196 3509 1254 3561 et
1286 3504 1621 3563 dulcissima
1655 3506 1957 3563 voluntate

323 3592 787 3663 accommodans,
838 3593 1059 3650 tributa
1092 3595 1288 3663 etiam,
1324 3607 1452 3664 quae
1502 3593 1573 3649 ab
1604 3593 1871 3650 ecclesiis
1902 3596 1957 3650 in

324 3683 582 3737 Arverno
605 3681 732 3737 sitis
751 3680 893 3738 fisco
918 3681 1335 3751 reddebantur,
1351 3681 1670 3739 clementer
1692 3680 1953 3740 indulsit.

323 3768 427 3838 (ιιι,
461 3771 575 3840 26.)
607 3770 867 3826 Habebat
901 3784 1141 3826 uxorem
1172 3769 1522 3839 Deuteriam,
1548 3775 1609 3827 et
1641 3770 1813 3826 filiam
1841 3770 1957 3838 jam

322 3856 579 3914 adultam
606 3875 620 3923 ;
651 3856 750 3912 sed
781 3858 1052 3914 Deuteria
1082 3857 1308 3927 timens,
1344 3872 1415 3915 ne
1445 3872 1507 3914 se
1532 3858 1757 3928 relicta,
1784 3857 1957 3913 filiam

323 3944 433 4001 sibi
457 3959 559 4000 rex
596 3946 651 4001 in
684 3944 1016 4014 conjugium
1050 3951 1399 4013 assumeret,
1433 3945 1487 4000 in
1523 3948 1797 4002 basterna
1832 3960 1957 4002 eam

322 4033 565 4103 positam
583 4032 882 4089 indomitis
908 4033 1093 4090 bobus
1109 4034 1440 4102 conjunctis
1464 4033 1613 4104 apud
1641 4033 1958 4090 Virdunum

322 4119 393 4177 de
416 4124 591 4192 ponte
617 4120 1023 4191 praecipitavit.
1053 4135 1179 4191 quae
1204 4121 1258 4176 in
1284 4120 1409 4191 ipso
1436 4120 1667 4178 flumine
1687 4122 1956 4193 spiritum

321 4208 594 4265 reddidit.
637 4207 742 4277 (ιη,
774 4210 862 4281 34)
896 4208 1270 4265 Desideratus
1302 4207 1498 4279 itaque
1551 4208 1870 4265 bonitatem
1900 4212 1956 4266 et

321 4293 687 4351 clementiam
716 4296 1098 4352 Theodeberti
1127 4296 1284 4364 regis
1304 4310 1440 4365 erga
1465 4310 1666 4352 omnes
1688 4310 1955 4365 cernens,

2078 418 2276 487 pulata
2305 425 2547 493 praefato
2603 424 2954 482 Theoderico
2986 426 3042 482 in
3102 426 3532 487 matrimonium
3561 435 3618 489 et
3649 448 3722 492 eo

2076 509 2351 567 defuncto
2376 518 2581 570 contra
2629 515 2855 572 natales
2884 529 3022 573 suos
3054 529 3225 572 servo
3276 524 3557 590 nupserat
3590 520 3717 591 (fol.

2073 599 2184 669 63),
2221 603 2280 654 et
2309 601 2442 670 quia
2466 606 2650 658 mater
2669 603 2967 673 indignata
2994 606 3152 659 moto
3176 610 3381 661 contra
3405 621 3530 662 eam
3554 624 3721 665 exer-

2074 686 2193 741 citu
2227 702 2458 745 servum
2491 695 2836 761 peremerat,
2864 691 3156 763 filiamque
3181 691 3251 747 ad
3280 692 3513 751 domum
3550 699 3720 755 redu-

2073 779 2259 845 xerat,
2296 777 2392 833 illa
2424 778 2570 835 irata
2601 792 2883 835 venenum
2918 780 2973 834 in
2996 780 3201 851 calice,
3236 795 3351 851 quo
3382 788 3568 841 mater
3590 791 3721 844 erat

2071 866 2587 937 communicatura,
2624 867 2823 937 posuit
2852 897 2921 907 -—
2951 872 3116 923 erant
3151 870 3303 924 enim
3354 871 3595 929 Arriana
3624 874 3722 931 de-

2074 952 2217 1006 tenti
2238 952 2501 1024 perfidia,
2522 985 2590 994 —
2614 968 2729 1023 quo
2753 955 2961 1012 hausto
2984 970 3113 1012 mox
3132 961 3318 1013 mater
3341 965 3567 1017 mortua
3603 968 3716 1032 est,

2072 1041 2131 1091 et
2161 1040 2235 1094 ob
2283 1040 2392 1096 hoc
2424 1041 2707 1110 indignati
2760 1042 2910 1113 Itali,
2971 1058 3038 1099 ea
3072 1045 3319 1115 abjecta,
3371 1045 3717 1118 praedictum

2070 1125 2436 1183 Theodadum
2468 1142 2660 1199 regem
2692 1132 3150 1202 constituerunt,
3204 1148 3233 1187 a
3266 1148 3381 1204 quo
3435 1150 3719 1194 succenso

2073 1214 2444 1272 vehementer
2466 1216 2673 1273 balneo
2702 1217 2947 1287 inclusa,
2973 1219 3125 1275 inter
3152 1219 3313 1277 diros
3340 1236 3592 1294 vapores
3624 1239 3722 1297 pa-

2070 1302 2328 1360 vimento
2350 1318 2652 1375 corruens,
2680 1311 2910 1362 mortua
2931 1312 3038 1362 est.
3065 1305 3169 1378 (m,
3191 1309 3301 1380 32).
3329 1309 3719 1376 Quamobrem

2071 1394 2130 1445 et
2142 1390 2500 1447 Theodebert
2513 1408 2574 1449 us
2589 1394 2812 1449 Italiam
2837 1395 3117 1466 pervasit,
3140 1395 3245 1452 sed
3268 1398 3401 1467 quia
3415 1400 3718 1459 exercitus

2072 1477 2197 1547 ejus
2226 1479 2477 1536 diversis
2502 1480 2761 1538 febribus
2789 1483 3132 1553 vexabatur,
3162 1484 3368 1540 ducem
3393 1502 3523 1543 cum
3547 1494 3720 1559 parte

2072 1568 2369 1623 exercitus
2393 1568 2471 1623 ibi
2496 1569 2733 1639 dimisit,
2753 1570 2850 1640 qui
2870 1585 3096 1627 omnem
3117 1572 3340 1629 Italiam
3362 1573 3567 1632 ditioni
3591 1576 3719 1646 ejus

190 1664 214 1688 '
316 1659 505 1716 fuerat
528 1658 831 1729 suppliciis
853 1658 1116 1728 affectus,
1146 1674 1275 1715 cum
1304 1664 1646 1716 tonsuratus
1669 1664 1871 1730 postea
1896 1665 1953 1715 et
1984 1670 2042 1733 Β
2072 1655 2333 1712 subdidit
2356 1662 2531 1727 atque
2555 1658 2827 1727 Siciliam,
2853 1664 2913 1715 et
2935 1660 3239 1717 thesauros
3261 1663 3721 1723 innumerabiles

2071 1744 2123 1798 ei
2154 1744 2385 1800 direxit.
2436 1746 2732 1819 (Fanni-:6.)
2779 1748 2979 1817 Magna
3012 1748 3162 1804 enim
3195 1747 3445 1807 felicitas
3474 1752 3629 1822 regis
3660 1753 3719 1809 in

2071 1831 2160 1888 his
2210 1833 2477 1889 omnibus
2518 1834 2647 1903 fuit,
2693 1836 2825 1905 quia
2852 1835 3044 1892 timuit
3076 1837 3396 1908 Dominum,
3430 1844 3488 1895 et
3523 1852 3718 1896 sacer-

2070 1919 2237 1976 dotes
2268 1927 2323 1976 et
2374 1919 2660 1978 ecclesias
2697 1923 2825 1994 ejus
2867 1924 3273 1981 venerabatur.
3311 1925 3510 1996 (Gnec.
3555 1928 3716 1999 Tur.)

2070 2006 2279 2064 Audita
2297 2008 2479 2077 igitur
2498 2010 2781 2080 petitione
2795 2009 3180 2068 Virdunensis
3198 2013 3479 2085 episcopi,
3501 2027 3603 2070 rex
3624 2029 3722 2072 an-

2069 2096 2213 2163 nuit,
2250 2100 2441 2153 motus
2462 2097 2531 2152 ad
2565 2098 3120 2169 misericordiam,et
3144 2105 3375 2172 septem
3400 2100 3555 2158 milia
3583 2101 3721 2159 soli-

2069 2183 2273 2241 dorum
2300 2186 2350 2241 ei
2378 2186 2636 2257 tradens,
2662 2187 3056 2243 conditionem
3081 2188 3420 2260 adscripsit,
3447 2194 3509 2245 ut
3534 2203 3603 2246 eo
3635 2196 3722 2247 te-

2070 2287 2207 2328 nore
2240 2274 2562 2344 partiretur
2594 2274 3010 2345 indigentibus,
3038 2280 3326 2345 quatenus
3355 2280 3463 2335 hoc
3496 2277 3716 2334 auxilio

2069 2361 2225 2417 victo
2257 2362 2422 2417 famis
2449 2361 2721 2432 dominio,
2750 2377 2852 2420 sua
2876 2364 2986 2419 sibi
3019 2378 3149 2420 cum
3185 2364 3375 2434 gratia
3407 2365 3721 2423 redderen-

2070 2454 2165 2505 tur
2193 2463 2267 2505 ex
2283 2463 2542 2506 numero.
2569 2450 2673 2519 (ru,
2701 2452 2812 2523 34.)
2844 2450 2981 2517 Quae
3008 2452 3268 2522 pontifex
3294 2453 3591 2524 accipiens
3611 2467 3717 2526 per

2068 2538 2225 2594 cives
2242 2552 2382 2594 suos
2400 2538 2683 2610 erogavit,
2704 2538 2854 2595 unde
2873 2543 2928 2595 et
2946 2540 3342 2609 negotiatores
3363 2541 3497 2598 facti
3524 2556 3711 2613 usque

2070 2625 2238 2682 hodie
2277 2625 2419 2682 clari
2450 2626 2755 2683 habentur.
2795 2628 3051 2697 Cumque
3081 2628 3187 2684 hoc
3219 2626 3433 2685 solatio
3466 2628 3623 2687 docti
3657 2630 3715 2685 in

2071 2713 2276 2770 melius
2307 2714 2709 2785 experimento
2739 2713 2983 2786 periculi
3019 2716 3448 2773 mediocritatis
3480 2717 3716 2790 Optimae

2070 2802 2316 2859 scientia
2340 2803 2744 2874 profecissent,
2772 2810 2829 2860 et
2847 2803 3054 2874 procul
3074 2803 3374 2875 respicere
3389 2806 3717 2875 proximum

2072 2891 2284 2947 bonum
2306 2905 2435 2947 esse
2457 2890 2828 2961 didicissent,
2850 2893 3151 2963 pecuniam
3176 2891 3450 2948 alacriter
3474 2893 3723 2951 recolle-

2069 2984 2300 3049 gerunt,
2335 2983 2393 3034 et
2425 2979 2703 3050 episcopo
2751 2994 2970 3049 magna)
3002 2980 3205 3048 gratim
3237 2979 3561 3035 mediatore
3591 2983 3716 3051 regi

2070 3082 2198 3123 cum
2221 3066 2766 3136 votivisgratiarum
2788 3066 3094 3137 praeconiis
3120 3065 3482 3121 obtulerunt.
3509 3069 3632 3123 Rex
3651 3073 3724 3125 ut
3816 3130 3819 3133 η

2070 3154 2324 3210 advertit
2360 3154 2841 3223 sublevationem,
2875 3154 3020 3209 vidit
3054 3152 3202 3209 lzetae
3234 3153 3567 3210 devotionis
3600 3170 3721 3211 ma-

2068 3242 2527 3312 gnanimitatem,
2554 3245 2613 3297 et
2629 3241 2912 3310 colligens
2933 3242 3151 3311 regium
3177 3245 3237 3295 et
3254 3242 3513 3312 pecuniae
3536 3242 3724 3299 domi-

2069 3334 2300 3386 nantem
2331 3330 2579 3385 animum
2630 3328 2873 3385 indulsit
2900 3328 3005 3399 eis,
3059 3330 3129 3385 ad
3165 3333 3588 3401 praepotentem
3619 3345 3722 3387 cu-

2069 3416 2286 3473 mulum
2317 3416 2451 3481 boni
2500 3416 2769 3484 nominis,
2812 3421 2871 3472 et
2894 3416 2963 3472 ad
2990 3417 3326 3474 memoriam
3362 3416 3718 3474 laudabilem

2070 3508 2208 3560 tunc
2230 3504 2536 3575 prasentis
2561 3507 2618 3558 et
2637 3504 2845 3561 futurae
2866 3505 3285 3575 generationis.
3316 3505 3421 3573 (ιη,
3450 3506 3563 3577 35.)
3584 3506 3720 3575 Sya-

2069 3591 2231 3661 grius
2256 3595 2466 3662 autem,
2494 3592 2816 3648 Desiderati
2842 3592 3100 3664 episcopi
3126 3591 3300 3662 filius,
3323 3596 3453 3664 post
3470 3604 3718 3650 mortem

2066 3679 2401 3736 Theoderici
2426 3679 2805 3736 reminiscens
2824 3680 3163 3749 injuriarum
3183 3681 3390 3752 patris,
3419 3695 3563 3752 quas
3585 3695 3720 3752 pas-

2068 3782 2170 3823 sus
2200 3771 2291 3823 est
2327 3781 2357 3823 a
2380 3767 2737 3824 'lbeodorico
2768 3767 3082 3837 instigante
3111 3774 3169 3825 et
3210 3772 3529 3825 accusante
3563 3769 3720 3838 Syri-

2068 3854 2282 3924 waldo,
2300 3854 2548 3925 sumptis
2563 3855 2877 3912 comitibus
2894 3856 3051 3912 venit
3070 3855 3141 3912 ad
3166 3855 3361 3913 villam
3388 3856 3719 3927 proprieta-

2069 3943 2146 3999 tis
2176 3943 2302 4012 ejus
2327 3943 2381 3999 in
2404 3943 2735 4000 Divionensi
2764 3944 3070 4000 territorio
3094 3945 3289 4014 sitam,
3315 3943 3483 4015 cuius
3506 3958 3716 4002 nomen

2068 4031 2385 4099 Floriacus,
2401 4036 2457 4087 et
2474 4045 2638 4088 mane
2656 4031 2825 4101 facto,
2843 4045 2973 4088 cum
2988 4036 3144 4088 esset
3160 4031 3368 4088 nebula
3393 4031 3714 4105 condensa,

2070 4118 2300 4176 domum
2318 4119 2587 4189 ingressi,
2609 4133 2780 4175 unum
2794 4118 3712 4192 amicorumejusinterfecerunt,

2071 4210 2345 4277 putantes
2376 4207 2566 4277 ipsum
2597 4220 2728 4263 esse
2757 4206 3162 4279 Syriwaldum.
3200 4207 3308 4263 Sed
3341 4221 3473 4265 cum
3501 4221 3720 4278 cogno-

2069 4293 2294 4349 vissent
2324 4294 2514 4364 ipsum
2546 4308 2658 4350 non
2720 4294 2917 4363 fuisse,
2950 4293 3165 4351 iterato
3198 4295 3430 4351 domum
3472 4294 3720 4352 circum-

323 4383 580 4447 cumriam
607 4383 855 4453 populus
878 4382 1259 4448 dilaberetur,
1287 4386 1344 4438 et
1377 4382 1586 4439 civitas
1610 4383 1767 4452 quasi
1792 4384 1844 4438 in
1870 4398 1960 4439 so-
1987 4369 2042 4434 D
2072 4374 2295 4451 dantes,
2328 4381 2542 4438 effosso
2592 4381 2813 4453 pariete
2865 4381 3289 4438 interfecerunt
3318 4396 3470 4440 eum.
3509 4383 3718 4440 Actum

324 4466 624 4524 litudinem
666 4470 1052 4539 redigeretur,
1088 4469 1157 4524 ad
1189 4483 1381 4540 regem
1412 4483 1473 4525 se
1496 4470 1764 4541 contulit,
1794 4471 1963 4527 mise-

323 4554 467 4611 riam
486 4556 681 4627 populi
698 4554 1127 4627 lacrymabilem
1144 4556 1785 4628 deploravit,petitione
1813 4559 1964 4615 beni-

321 4656 429 4713 gna
446 4643 697 4699 animum
712 4644 933 4712 regium
958 4644 1200 4714 inﬂexit,
1227 4649 1291 4700 ut
1314 4644 1384 4701 de
1405 4645 1703 4703 thesauris
1726 4647 1847 4703 suis
1862 4647 1963 4702 mi-

322 4745 527 4788 serans
550 4729 869 4789 calamitati
903 4732 1186 4801 obstaret,
1218 4732 1757 4804 famemcohiberet,
1785 4749 1963 4806 popu-

324 4819 437 4875 lum
459 4823 805 4891 pereuntem
821 4819 1125 4885 retineret,
1149 4824 1204 4876 et
1221 4820 1581 4877 commodata
1599 4835 1701 4893 per
1713 4821 1959 4891 gratiam

323 4907 584 4976 periculo
601 4923 666 4964 su
678 4912 880 4979 perato
894 4922 1023 4964 cum
1038 4908 1226 4977 gratia
1242 4908 1341 4964 Dei
1358 4907 1765 4978 hominumque
1780 4910 1960 4965 susci-

325 4998 511 5063 peret,
547 4994 650 5064 (ιη,
685 4998 798 5068 31.)
830 4997 1149 5068 Acceperat
1181 4995 1330 5051 enim
1366 5009 1395 5051 a
1435 4995 1740 5052 Theodado
1767 4994 1961 5054 Italiae

325 5093 481 5149 rege,
510 5081 849 5139 Theuderici
881 5096 1243 5153 successore,
1271 5098 1400 5140 cum
1431 5087 1642 5155 patruo
1673 5098 1780 5140 suo
1813 5083 1962 5139 Chil-

325 5167 570 5225 deberto
592 5169 1007 5242 quinquaginta
1033 5184 1345 5228 aureorum
1374 5169 1528 5227 milia
1549 5184 1656 5241 pro
1676 5171 1962 5242 composi-

2069 4473 2160 4525 est
2188 4470 2294 4526 hoc
2323 4472 2453 4541 post
2487 4473 2729 4525 mortem
2761 4468 3085 4526 Desiderati
3116 4470 3398 4541 episcopi.

2144 4557 2315 4625 (Vita
2336 4557 2622 4629 Agerici.)
2646 4558 2853 4614 Verum
2882 4563 2942 4613 ut
2964 4556 3036 4613 ad
3057 4557 3361 4628 superiora
3382 4556 3713 4629 redeamus,

2070 4649 2130 4701 et
2159 4645 2617 4702 misericordiam
2652 4645 2751 4701 Dei
2785 4646 3021 4701 uberem
3051 4658 3193 4715 erga
3221 4659 3382 4701 suam
3406 4644 3718 4715 imaginem

2070 4732 2347 4790 subtilius
2364 4732 2723 4802 indagemus,
2746 4731 3111 4802 providentia
3147 4732 3344 4788 divina
3364 4731 3716 4803 dispositum

2070 4820 2290 4877 habens
2322 4820 2392 4875 de
2425 4820 2581 4876 fonte
2612 4818 3027 4877 misericordia)
3048 4819 3332 4877 aacclesia
3366 4818 3715 4877 Virdunensi

2071 4922 2437 4977 succurrere,
2459 4910 2517 4963 et
2549 4907 2908 4978 supradictis
2942 4907 3463 4965 innumerabilibus
3478 4907 3716 4965 calami-

2070 4999 2255 5052 tatum
2281 4994 2615 5052 infortuniis
2636 4994 2993 5067 periclitanti
3017 5009 3248 5054 manum
3282 4994 3483 5053 auxilii
3507 4995 3718 5052 subro-

2068 5097 2227 5153 gare,
2260 5082 2353 5138 die
2374 5085 2431 5137 et
2457 5086 2717 5154 tempore
2749 5098 2862 5154 quo
2890 5083 3097 5154 voluit,
3124 5083 3196 5141 de
3219 5082 3507 5140 altissimo
3534 5096 3599 5140 ac
3623 5096 3718 5139 se-

2072 5168 2382 5225 renissimo
2424 5168 2706 5226 bonitatis
2740 5183 2858 5229 sum
2890 5170 3155 5241 consilio,
3190 5171 3340 5228 hanc
3365 5171 3519 5227 viam
3548 5183 3717 5228 novaa

1906 5280 2128 5340 ΝΟΤΛΕ.

397 5389 511 5461 (43)
543 5388 780 5461 Brevem
804 5387 996 5461 Yitoni
1020 5389 1208 5461 Vitam
1232 5404 1305 5446 ex
1326 5388 1736 5461 antiquissimo
1757 5388 1963 5446 codice

322 5458 680 5531 Trajectensi
739 5458 902 5516 dedit
932 5460 1135 5518 Surius
1190 5462 1315 5518 Act.
1349 5458 1541 5531 SS.,‘t.
1574 5459 1691 5532 VII,
1721 5474 1778 5534 p.
1834 5462 1960 5532 820,

2070 5386 2342 5445 Miracula
2378 5392 2615 5447 auctore
2645 5387 2894 5447 Rudolfo
2924 5388 3135 5446 abbate
3167 5392 3222 5447 S.
3246 5391 3441 5450 Vitoni
3473 5395 3717 5450 exstant

2070 5458 2343 5519 Mabillon
2374 5461 2503 5520 Act.
2541 5460 2635 5518 SS.
2668 5460 2811 5520 $330.
2845 5461 2934 5532 VI,
2959 5475 3015 5535 p.
3050 5464 3173 5520 565.
