3936 6050
208 190 324 257 117

1460 180 1959 259 CHRONICON.
1994 221 2072 234 —
2098 186 2257 255 LIB.
2306 192 2352 254 Ι.

3494 190 3608 259 118

204 325 422 388 salutis
452 326 693 397 invenit,
720 331 782 384 ut
808 325 1073 401 angelum
1104 334 1369 391 sanctum
1401 328 1663 389 mitteret
1687 326 1757 383 de
1780 339 1852 381 ex
1880 316 1938 384 Α
1967 328 2162 383 tentes
2195 324 2264 384 ad
2299 324 2540 385 eandem
2572 339 2701 385 eum
2734 324 3054 386 aecclesiam
3095 327 3514 401 perduxerunt,
3548 332 3610 388 et

205 415 371 473 celso
397 416 675 474 calorum
708 417 1058 487 habitaculo,
1094 420 1191 490 qui
1226 420 1566 492 parentibus
1600 419 1850 475 futuram

204 518 281 561 ex
318 504 727 562 misericordia
760 506 932 562 unius
962 508 1123 577 pueri
1158 509 1519 564 nativitatem
1554 505 1853 563 denuntia-

206 598 323 662 ret,
346 594 663 650 terminum
688 609 801 664 quo
826 595 882 651 id
907 595 1031 652 fieri
1050 597 1295 655 deberet
1313 598 1617 665 indiceret,
1645 608 1849 652 nomen

214 696 330 751 quo
359 687 709 740 censeretur
747 689 996 754 aptaret.
1041 686 1315 742 Nimirum
1349 690 1590 757 propter
1622 684 1851 740 nimiam

211 768 614 840 dilectionem,
649 786 759 841 qua
790 787 951 829 suam
984 774 1038 828 in
1072 774 1302 831 homine
1347 774 1625 843 diligebat
1660 772 1855 842 imagi-

208 870 365 926 nem,
398 857 703 915 condoluit
751 860 979 917 miseris
1019 861 1363 919 mortalibus
1389 876 1564 931 grave
1591 862 1789 932 jugum
1822 875 1852 916 a

209 945 403 1016 primo
434 951 603 1016 patre
645 948 1038 1018 portantibus,
1072 956 1130 1005 et
1162 950 1416 1018 generali
1452 948 1850 1006 misericordia

209 1034 495 1104 populum
519 1036 689 1103 hunc,
741 1050 910 1105 quem
943 1037 1281 1108 specialiter
1323 1044 1557 1108 peccata
1601 1037 1855 1093 obtrive-

207 1125 365 1189 rant,
401 1123 773 1179 restauravit.
808 1124 1020 1193 Tetigit
1054 1126 1236 1197 prius,
1271 1130 1331 1183 et
1363 1126 1752 1189 conturbavit,
1789 1140 1852 1180 ac

206 1216 461 1280 paterno
492 1210 738 1269 verbere
771 1211 1013 1269 livorem
1048 1214 1276 1283 inflixit,
1306 1219 1507 1285 postea
1532 1213 1853 1284 reapiciens

202 1296 461 1353 mirabili
496 1299 754 1356 remedio
784 1302 1140 1371 percuravit.
1177 1302 1341 1357 Venit
1367 1318 1508 1372 ergo
1530 1302 1758 1358 consilii
1778 1302 1854 1358 di-

204 1385 326 1440 vini
352 1384 603 1455 legatus,
640 1389 884 1456 protulit
918 1389 1242 1460 imperium,
1280 1390 1668 1461 promulgavit
1700 1390 1853 1446 edic-

203 1477 353 1542 tum,
371 1478 434 1529 et
450 1474 745 1544 praelecti
772 1476 934 1547 pueri
962 1485 1233 1547 parentes
1254 1478 1554 1549 alloquens
1578 1479 1854 1534 miseran-

206 1560 300 1616 dis
339 1560 573 1617 civibus
614 1578 795 1619 cornu
831 1564 1040 1621 salutis
1071 1567 1278 1622 erexit.
1321 1567 1468 1624 Post
1502 1568 1843 1628 triennium.

1967 431 2097 473 cum
2129 415 2342 486 gaudio
2365 421 2424 473 et
2445 416 2753 487 praeconiis
2774 418 2981 486 gratim
3006 416 3146 473 inibi
3169 418 3426 476 ordinari
3460 418 3608 477 fece-

1968 510 2121 559 runt.
2160 506 2371 562 Omnes
2414 508 2605 562 autem
2649 507 2811 577 quasi
2859 520 2930 563 ex
2962 519 3077 562 uno
3108 520 3210 563 ore
3242 508 3556 564 cantabant
3589 527 3602 562 :

1972 592 2258 649 Eaaltaci
2272 594 2517 651 electam
2535 593 2921 665 deplebemea
2936 612 2948 647 :
2965 595 3088 650 oleo
3105 594 3308 652 sancto
3318 606 3442 652 meo
3454 596 3610 652 amari

1966 694 2095 736 cum
2118 682 2308 746 (Psal.
2340 697 2608 750 Lxxxvm,
2625 687 2739 751 20),
2768 682 2900 752 quia
2920 697 2949 738 a
2966 682 3195 738 Christo
3219 681 3460 738 Domino
3480 686 3606 741 erat

1965 769 2206 837 electus,
2242 774 2305 825 ut
2336 769 2465 825 oleo
2508 770 2831 840 spiritualis
2873 771 3078 841 gratias
3109 774 3263 828 esset
3301 769 3601 827 fovendus.

1968 856 2105 925 (Fol.
2125 859 2237 925 44.)
2254 858 2508 927 Contigit
2526 859 2747 914 interea
2762 858 3163 915 Desideratum
3178 857 3409 914 nomine
3423 857 3609 915 officio

1964 960 2093 1001 cum
2115 946 2231 1000 vita
2253 946 2506 1015 defungi,
2525 951 2582 1002 et
2604 960 3005 1003 successorem
3030 947 3300 1003 idoneum
3326 946 3604 1003 cathedra

1964 1033 2229 1091 ecclesiae
2248 1034 2484 1091 viduata
2509 1035 2866 1106 requirebat.
2896 1035 3013 1090 Non
3034 1034 3277 1091 multum
3304 1034 3454 1105 quod
3479 1034 3610 1091 ade-

1968 1127 2058 1178 rat
2089 1122 2374 1192 queritur,
2412 1138 2513 1179 nec
2546 1123 2644 1179 diu
2696 1124 2989 1179 sententia
3024 1122 3228 1179 melior
3261 1121 3607 1193 ignorantia

1966 1216 2139 1266 nocte
2161 1209 2446 1265 differtur.
2469 1210 2679 1266 Omnes
2696 1210 2749 1265 in
2768 1225 2939 1265 unum
2959 1214 3194 1278 coeunt,
3212 1224 3413 1267 omnes
3439 1210 3536 1267 uni
3552 1211 3608 1267 in

1966 1298 2254 1354 electione
2276 1298 2636 1365 incumbunt,
2656 1311 2853 1354 omnes
2870 1299 3127 1355 ordinari
3143 1296 3213 1354 ad
3231 1298 3609 1370 pontificatus

1969 1386 2183 1443 infulas
2232 1386 2541 1456 Agericum
2586 1387 2927 1459 deposcunt.
2963 1387 3223 1458 Temptat
3256 1402 3406 1443 unus
3439 1386 3609 1445 resis-

1968 1478 2091 1529 tere
2138 1474 2424 1545 plurimis,
2479 1475 2722 1531 multum
2755 1490 2816 1531 se
2848 1474 3183 1531 excusando
3222 1474 3470 1545 laborat,
3503 1475 3606 1532 sed

1967 1563 2282 1619 roborante
2314 1564 2427 1619 Deo
2460 1563 2767 1634 praevaluit
2800 1563 3089 1620 sententia
3111 1562 3255 1620 cleri
3287 1567 3347 1618 et
3377 1561 3599 1635 populi.

206 1646 423 1719 inquit,
441 1651 770 1720 eamectatio
783 1652 982 1709 dilata
986 1653 1555 1724 probabitur,ﬂlius
1572 1657 1697 1725 ipse
1710 1655 1855 1723 Αθε-
1884 1673 1937 1733 Β
1967 1651 2119 1706 Deus
2138 1650 2287 1707 enim
2309 1650 2379 1707 ad
2401 1652 2690 1708 munimen
2715 1651 2878 1708 urbis
2902 1651 3172 1707 invalidae
3196 1652 3604 1722 reparandum,

201 1737 372 1794 riqu
384 1738 715 1795 vocabitur.
733 1740 1037 1798 Indicium
1049 1742 1851 1815 estpotiorisacsupereacel—

207 1824 564 1896 lcutisapud
590 1827 780 1883 Deum
794 1829 1166 1900 gricilegiia
1188 1832 1308 1887 Deo
1335 1831 1578 1888 titulum
1590 1831 1854 1907 ‘nomim's

206 1911 1066 1985 cuilibetcelpoaieelmutari.
1093 1916 1383 1990 Magnum
1398 1919 1592 1989 igitur
1614 1918 1851 1988 donum,

209 2013 441 2071 magna
464 2002 687 2073 gratia
716 2003 1011 2075 dignatio,
1039 2019 1262 2078 magna
1279 2008 1517 2078 ﬁducia
1531 2008 1856 2078 prmissa-

210 2101 367 2147 rum.
384 2088 519 2146 Non
526 2092 725 2161 potest
742 2093 1077 2162 immutari,
1103 2095 1264 2163 quod
1274 2095 1344 2151 de
1358 2095 1654 2151 tribunali
1672 2096 1854 2164 Regis

212 2176 428 2233 sterni
442 2178 662 2236 calcati
676 2179 866 2250 legato
877 2183 1329 2252 euangelizante
1344 2183 1627 2239 luctatur.
1647 2182 1854 2251 Ageri-

208 2275 336 2332 om,
362 2265 576 2337 inquit,
601 2267 926 2325 vocabitur.
956 2270 1273 2326 Abusivum
1297 2285 1524 2339 nomen,
1554 2285 1657 2326 nec
1672 2270 1855 2340 scrip-

213 2354 481 2409 turarum
507 2353 734 2425 paginis
759 2355 1005 2425 haereus,
1042 2358 1142 2414 sed
1178 2364 1395 2427 quanto
1427 2358 1678 2427 ignotius
1701 2357 1851 2427 apud

204 2438 664 2510 bomines,tanto
678 2441 905 2514 dignius
923 2444 1095 2500 divini
1108 2445 1299 2515 tati,et
1315 2452 1532 2516 quanto
1552 2446 1852 2516 acceptius

207 2526 347 2595 Deo,
373 2533 541 2586 tanto
557 2532 919 2589 commodius
937 2531 1175 2588 homini.
1204 2532 1354 2590 Nulli
1380 2534 1640 2604 profecto
1663 2536 1851 2607 potest

205 2627 340 2671 esse
362 2615 720 2687 ambiguum,
748 2620 900 2689 quod
928 2634 1078 2676 nunc
1101 2634 1332 2690 quoque
1353 2620 1535 2677 oblita
1552 2620 1637 2677 sui
1653 2636 1764 2677 non
1778 2621 1853 2676 sit

212 2699 412 2772 lingua
437 2702 811 2775 caelorum,et
828 2707 980 2777 quod
1001 2707 1292 2778 scriptura
1313 2708 1634 2766 caelestisin
1651 2723 1853 2781 perpe-

214 2793 377 2846 tuum
416 2796 633 2863 teneat,
670 2793 823 2865 quod
855 2793 1304 2852 caeluminterra
1336 2795 1665 2868 descripsit.
1700 2798 1850 2866 Ergo

205 2879 371 2933 terra
404 2892 516 2935 non
560 2881 858 2953 reprobet,
894 2882 1047 2951 quod
1079 2882 1284 2939 caelum
1317 2885 1544 2954 probat.
1581 2885 1851 2941 Nascitur

208 2963 593 3034 igiturinfans
608 2970 1099 3039 posttriennium;
1135 2970 1303 3040 longa
1329 2978 1853 3043 parentumexpec-

207 3054 355 3111 tatio
390 3056 713 3127 porrigitur
737 3057 1100 3129 ineﬂ‘ectum,
1139 3058 1200 3114 flt
1230 3060 1501 3127 gratusin
1518 3061 1761 3130 croceis,
1796 3061 1849 3116 in

214 3141 528 3199 cunabulis
560 3143 770 3202 dulcis.
803 3146 1253 3216 Transgreditur
1275 3146 1651 3204 ebdomadam
1674 3149 1853 3205 infan-

214 3229 314 3286 tiae
347 3244 730 3290 euccrescens
762 3233 831 3289 ad
867 3234 1112 3291 officium
1146 3234 1386 3303 linguae;
1422 3235 1480 3290 fit
1515 3236 1855 3306 puerincre-

212 3322 430 3388 mento,
466 3332 612 3389 puer
653 3319 1003 3389 innocentia,
1045 3325 1310 3378 naturam
1353 3322 1626 3379 tenellam
1659 3324 1854 3380 indole

208 3404 528 3475 pralucida
545 3410 898 3479 perornabat
920 3409 1193 3479 ;angelus
1206 3410 1437 3482 quippe,
1457 3410 1553 3481 qui
1569 3424 1699 3467 eum
1719 3427 1857 3481 prae-

213 3493 620 3565 nunciaverat,
658 3501 874 3567 praesto
905 3496 957 3553 ei
989 3495 1059 3554 ad
1088 3498 1409 3554 custodiam
1442 3513 1672 3569 semper
1704 3506 1849 3555 erat.

212 3578 401 3637 Datur
412 3582 697 3654 puerulus
726 3584 1014 3640 vacationi
1049 3584 1856 3656 sapientiae,jungiturcontu-

217 3666 423 3725 bernio
437 3669 905 3737 scolasticorum,
923 3672 990 3728 ba
1002 3672 1117 3729 urit
1132 3674 1323 3730 fontes
1336 3674 1555 3745 sophia:
1574 3674 1857 3731 inundan-

214 3752 292 3810 tia
307 3769 546 3828 semper
560 3758 738 3815 ubera
771 3759 952 3829 sugit,
987 3760 1588 3833 voluptatesinternas
1600 3767 1657 3818 et
1675 3764 1857 3820 karis-

211 3848 366 3900 mata
391 3844 634 3901 meliora
669 3846 911 3905 sedulus
940 3848 1251 3905 emulatur.
1283 3850 1496 3906 Doctor
1524 3851 1676 3905 enim
1710 3851 1857 3908 inte-

210 3930 354 3999 rior,
373 3932 474 4002 qui
488 3946 618 3989 eum
635 3934 945 4004 imbuerat,
960 3950 1089 3992 cum
1121 3936 1315 3992 aetatis
1347 3950 1626 3995 successu
1643 3939 1854 3996 indicia

208 4016 498 4076 virtutum
512 4020 809 4091 ejusclara
824 4023 1190 4079 monstrabat
1213 4024 1309 4093 qui
1324 4030 1383 4079 et
1399 4026 1707 4095 praescitus
1720 4032 1854 4083 ante

211 4107 470 4175 uterum,
494 4108 968 4180 spnetificatusin
986 4115 1176 4179 utero,
1203 4111 1637 4168 sanctimoniam
1661 4116 1715 4169 et
1743 4128 1855 4169 ma-

207 4192 607 4262 gnificentiam
628 4196 684 4251 in
708 4197 1169 4253 sanctiﬁcatione
1192 4198 1291 4253 Dei
1315 4200 1584 4268 augebat.
1615 4199 1855 4256 Ama'ba-

212 4283 311 4335 tur
342 4282 417 4338 ab
449 4283 741 4353 omnibus,
795 4283 1043 4340 invidias
1070 4288 1127 4340 et
1161 4284 1561 4343 detractiones
1600 4287 1850 4343 omnium

1885 3015 1934 3077 C

1969 1738 2041 1793 ad
2062 1754 2243 1794 cornu
2260 1739 2470 1796 salutis
2492 1744 2699 1796 contra
2723 1739 2999 1795 malitiam
3019 1739 3380 1811 erigendum,
3400 1752 3610 1810 coope-

1969 1826 2211 1883 rabatur
2235 1828 2287 1882 in
2315 1828 2559 1900 populo,
2578 1828 2783 1885 Tribus
2804 1827 2953 1885 enim
2989 1833 3123 1899 post
3144 1832 3449 1885 tonsuram
3482 1840 3608 1899 per-

1969 1914 2115 1971 actis
2162 1916 2346 1984 annis,
2383 1929 2413 1971 a
2441 1916 2610 1987 plebe
2658 1915 3111 1973 Virdunensium
3161 1916 3391 1987 rapitur
3442 1920 3501 1971 et
3547 1915 3603 1971 in

1968 2001 2216 2059 ecclesia
2232 2004 2466 2073 majoris
2488 2008 2706 2061 sanctas
2721 2005 2816 2060 Dei
2836 2004 3144 2076 genitricis
3167 2003 3529 2075 perducitur,
3545 2007 3606 2059 et

1969 2089 2041 2145 ab
2061 2091 2356 2162 episcopis
2379 2092 2691 2163 episcopus
2710 2096 3113 2149 consecratur.
3141 2091 3406 2163 Suscepit
3427 2090 3498 2147 ad
3519 2104 3605 2145 re-

1967 2177 2186 2245 gendas
2214 2194 2353 2237 oves
2382 2180 2603 2237 Domini
2638 2180 2990 2251 pastoralem
3024 2180 3266 2249 virgam,
3291 2183 3486 2236 etnon
3519 2182 3603 2250 ty-

1971 2280 2209 2322 ranuum
2242 2282 2304 2322 se
2334 2268 2542 2324 ovibus
2582 2267 2867 2337 exhibuit,
2900 2266 3001 2323 sed
3032 2281 3105 2322 ex
3137 2266 3387 2322 veritate
3418 2271 3609 2337 pasto-

1969 2366 2109 2408 rem.
2146 2356 2267 2410 Non
2292 2355 2646 2426 patiebatur,
2674 2360 2738 2411 ut
2765 2360 2918 2410 terra
2945 2369 3047 2411 sua
3080 2357 3284 2410 contra
3313 2368 3375 2410 se
3398 2352 3607 2410 clama-

1972 2446 2079 2509 ret,
2116 2445 2175 2496 et
2201 2457 2331 2499 eum
2362 2457 2425 2498 ea
2458 2442 2602 2499 sulci
2633 2443 2759 2511 ejus
2786 2444 3090 2511 deflerent,
3117 2439 3220 2497 sed
3246 2440 3492 2512 impiger
3525 2441 3607 2507 in-

1970 2528 2160 2583 stabat
2185 2529 2432 2585 culturze
2454 2530 2574 2601 Dei,
2599 2534 2661 2585 ut
2682 2542 2858 2600 opere
2883 2528 3176 2598 redderet,
3200 2527 3355 2598 quod
3374 2527 3605 2584 nomine

1970 2617 2280 2672 fatebatur.
2317 2617 2576 2673 Habebat
2609 2616 2836 2673 fidelem
2869 2622 3003 2673 ante
3027 2616 3229 2673 oculos
3258 2614 3602 2672 advocatum

1967 2704 2267 2760 Dominum
2290 2706 2481 2761 Iesum
2504 2705 2798 2761 Christum
2817 2704 3060 2773 justum,
3078 2704 3248 2775 eique
3263 2717 3325 2760 se
3351 2716 3605 2775 suosque

1969 2776 2393 2862 supplicatione
2412 2792 2647 2849 assidua
2672 2792 3095 2849 committebat.
3120 2791 3477 2849 Holocausta
3498 2805 3607 2847 me-

1969 2880 2189 2936 dullata
2213 2880 2492 2936 oﬂ‘erebat
2520 2895 2624 2951 pro
2648 2881 2877 2949 ovibus,
2899 2894 2971 2936 ne
2996 2880 3144 2936 forte
3169 2879 3339 2937 labiis
3357 2880 3605 2936 honora-

1968 2971 2095 3024 rent
2112 2969 2307 3037 Deum,
2324 2974 2383 3024 et
2398 2969 2574 3025 corde
2590 2967 2760 3037 longe
2779 2969 2972 3039 posito
2998 2968 3262 3025 manibus
3276 2967 3598 3038 irritarent,

1967 3055 2254 3127 fidemque
2289 3058 2465 3115 verbo
2496 3061 2666 3112 tenus
2699 3056 3043 3127 profitentes
3078 3056 3409 3112 actionibus
3437 3055 3608 3113 abne-

1964 3149 2189 3214 garent.
2227 3145 2701 3216 Circumspectus
2724 3158 2954 3214 semper
2979 3144 3203 3199 leonem
3235 3142 3604 3201 insidiantem

1964 3232 2334 3290 Orationibus
2348 3232 2647 3300 allidehat,
2665 3231 3382 3295 ﬂammastemntationum
3396 3230 3610 3287 elemo-

1966 3320 2110 3376 sinis
2125 3320 2466 3389 redimebat,
2486 3320 2767 3376 virtutum
2782 3319 3098 3390 apothecas
3111 3316 3458 3392 humilitatis
3472 3332 3607 3376 arce

1967 3410 2257 3465 servabat.
2280 3410 2556 3464 Terrebat
2569 3409 2771 3465 hostes
2791 3422 2844 3478 ιιι
2862 3406 3329 3476 ωάἱοειίοηὶὺυε,
3348 3406 3490 3463 vitia
3511 3420 3606 3463 oc-

1965 3497 2121 3553 culta
2154 3497 2487 3569 proferebat
2510 3495 2795 3565 inlucem,
2821 3500 2879 3551 et
2917 3494 3030 3551 tela
3063 3495 3365 3551 mortifera
3389 3494 3603 3552 inimici

1968 3586 2249 3642 doctrinae
2273 3584 2529 3657 potentis
2544 3584 2806 3640 acumine
2822 3582 3241 3654 perfringebat,
3260 3596 3605 3654 semperque

1967 3688 2027 3730 se
2048 3674 2174 3744 ipso
2198 3672 2495 3729 robustior
2518 3686 2622 3743 per
2642 3673 2836 3728 Iesum
2860 3675 2917 3726 et
2942 3670 3307 3727 sacerdotem
3334 3683 3602 3740 magnum

1969 3761 2222 3831 undique
2244 3760 2661 3830 triumphabat.
2689 3759 2967 3815 Nimirum
2987 3758 3281 3815 vitabatet
3302 3757 3608 3829 perhorre-

1968 3850 2062 3908 bat
2092 3849 2462 3920 aliquatenus
2493 3847 2880 3916 committere,
2919 3845 3072 3901 unde
3105 3846 3441 3902 testimonio
3473 3859 3608 3903 con-

1966 3937 2228 3995 scientiae
2252 3939 2560 3992 accusatus
2584 3937 2694 3991 sub
2718 3936 2919 3991 umbra
2940 3933 3168 3990 etfoliis
3191 3939 3503 4003 cogeretur
3528 3933 3611 3989 ef-

1970 4027 2192 4095 fugere.
2226 4024 2463 4094 Semper
2487 4023 2749 4094 pavidus,
2777 4036 3004 4093 semper
3026 4021 3319 4078 sollicitus
3342 4021 3475 4077 dum
3510 4036 3607 4077 cu-

1967 4127 2084 4169 ram
2138 4111 2393 4166 debitam
2447 4110 2741 4180 susceptis
2781 4109 2988 4165 ovibus
3021 4108 3414 4178 impendebat,
3447 4108 3604 4164 victo

1968 4202 2156 4268 hoste,
2174 4202 2231 4254 et
2248 4198 2395 4254 liber
2410 4197 2569 4253 vitiis
2583 4195 3080 4265 servitiojustitiae
3093 4209 3154 4250 se
3171 4193 3439 4249 hilariter
3454 4208 3607 4250 man-

1966 4287 2220 4358 cipabat.
2248 4286 2616 4357 Loquebatur
2640 4284 2835 4355 sepius
2858 4288 2913 4338 et
2936 4281 3153 4339 litteris
3175 4286 3232 4338 et
3257 4281 3455 4338 verbis
3477 4296 3607 4338 cum

211 4367 422 4435 gratia:
454 4371 822 4441 perrorantis
852 4371 1214 4428 sublimitate
1245 4374 1533 4429 vincebat.
1569 4375 1855 4431 Transivit
1884 4362 1938 4425 D
1973 4390 2236 4449 praecone
2253 4389 2359 4431 suo
2375 4372 2581 4443 angelo
2605 4375 2829 4439 sancto,
2856 4370 3422 4442 consilioqueipsius
3443 4374 3605 4441 gesta

210 4453 266 4511 in
299 4456 508 4513 eadem
561 4460 704 4516 urbe
744 4459 1196 4517 Virdunensium
1230 4460 1539 4531 proficiens
1568 4461 1639 4517 ad
1670 4463 1856 4534 perfe-

208 4546 363 4599 ctam
379 4558 571 4615 usque
587 4546 1077 4604 incrementorum
1092 4553 1339 4617 aetatem,
1358 4548 1633 4607 virtutem
1649 4551 1853 4607 virtuti

209 4638 519 4710 adjiciens,
540 4645 601 4698 et
625 4643 898 4714 stigmata
932 4643 1224 4714 passionis
1244 4646 1377 4701 Iesu
1400 4644 1455 4700 in
1479 4659 1723 4717 corpore
1748 4661 1855 4703 suo

209 4741 474 4810 portans,
510 4741 784 4797 currebat
830 4755 930 4812 per
978 4741 1127 4797 viam
1160 4740 1560 4799 mandatorum
1593 4743 1693 4801 Dei
1725 4759 1854 4800 eum

206 4834 427 4905 gaudio
442 4834 841 4893 inenarrabili.
858 4839 979 4893 Iam
995 4837 1397 4908 enimtriginta
1416 4852 1597 4896 annos
1611 4841 1853 4911 habens,

211 4929 270 4987 in
294 4931 422 5003 ipsa
447 4932 689 4989 civitate
720 4934 1071 4991 Virdunensi
1104 4934 1316 4992 ductus
1336 4939 1426 4991 est
1453 4934 1523 4991 ad
1546 4936 1854 4994 ecclesiam

214 5029 407 5087 sancti
428 5030 589 5086 Petri
608 5036 667 5088 et
687 5035 854 5087 tonso
870 5032 1062 5102 capite
1083 5031 1314 5088 Christo
1328 5032 1574 5101 dicatus,
1595 5033 1858 5090 florebat-

205 5140 322 5197 que
356 5127 413 5182 in
446 5127 614 5184 atriis
648 5129 854 5185 domus
886 5129 1106 5185 Domini
1143 5132 1203 5186 ut
1237 5128 1448 5201 palma,
1472 5134 1528 5185 et
1557 5135 1617 5186 ut
1641 5131 1857 5189 cedrus

204 5225 262 5282 in
286 5225 504 5282 Libano
530 5227 710 5282 totam
726 5225 958 5283 domum
974 5226 1141 5283 bonis
1155 5224 1435 5284 odoribus
1447 5229 1851 5299 respergebat.

202 5320 569 5380 Provexerat
600 5335 731 5380 eum
762 5336 987 5379 morum
1018 5323 1385 5395 speciositas,
1411 5327 1469 5380 et
1495 5323 1547 5379 in
1570 5325 1754 5395 gradu
1779 5324 1857 5382 le-

201 5417 391 5477 vitico
426 5418 817 5478 famulabatur
849 5419 1122 5490 antistiti,
1148 5435 1277 5479 cum
1296 5433 1432 5478 ecce
1455 5419 1652 5478 clerus
1674 5427 1733 5478 et
1757 5440 1857 5496 po-

202 5513 390 5588 pulus
412 5514 485 5573 ad
507 5514 788 5575 honorem
820 5516 1134 5577 sacerdotii
1167 5525 1509 5590 promovere
1532 5534 1661 5577 eum
1685 5532 1857 5594 expe-

1974 4463 2235 4537 preciosa
2276 4462 2515 4518 Domino
2543 4459 2734 4516 fidelis
2764 4459 3023 4516 athletba
3058 4458 3348 4528 mittebat,
3385 4458 3605 4533 talenta

1970 4553 2081 4609 sibi
2104 4551 2237 4608 data
2262 4550 2480 4622 saepius
2501 4550 2866 4619 numerabat,
2893 4562 2962 4604 ne
2988 4547 3138 4603 forte
3163 4547 3294 4620 plus
3316 4547 3610 4620 accipiens

1969 4641 2157 4697 minus
2187 4640 2242 4693 in
2274 4640 2438 4695 lucro
2471 4638 2740 4694 redderet
2778 4641 2838 4692 et
2862 4650 2993 4692 sero
3023 4636 3287 4707 penitens
3318 4635 3605 4692 obnoxius

1970 4728 2246 4797 tenebris,
2274 4741 2496 4798 pauper
2516 4731 2574 4781 et
2599 4723 2770 4781 nudis
2792 4723 3038 4781 vinculis
3060 4722 3417 4779 traderetur.
3448 4722 3606 4779 Fecit

1967 4817 2140 4873 etiam
2171 4816 2332 4886 signa
2368 4829 2495 4884 quae
2517 4828 2648 4870 cum
2681 4812 2906 4884 possint
2941 4827 3071 4869 cum
3102 4810 3370 4882 reprobis
3401 4809 3604 4866 haberi

1966 4904 2312 4973 communia,
2348 4902 2445 4958 ille
2475 4900 2854 4973 probabiliter
2886 4898 3133 4971 simplici
3184 4896 3377 4965 oculo,
3414 4897 3610 4954 lucido

1967 5006 2218 5063 corpore
2244 4991 2402 5060 fecit,
2423 4990 2614 5046 ovium
2639 5003 2871 5046 suarum
2895 4992 2955 5043 et
2975 4986 3159 5041 totius
3192 4986 3389 5042 mundi
3413 5000 3611 5044 neces-

1968 5081 2145 5136 sitate
2177 5078 2534 5151 compulsus.
2568 5079 2737 5134 Iusto
2769 5076 2919 5130 enim
2941 5079 2999 5130 et
3027 5077 3230 5129 sancto
3254 5074 3369 5129 Deo
3398 5072 3612 5145 populo

1966 5168 2337 5239 exasperanti
2373 5166 2543 5235 irato,
2569 5163 2873 5221 elementis
2900 5177 3004 5235 pro
3028 5176 3097 5217 eo
3121 5166 3327 5219 contra
3352 5161 3612 5219 insensa-

1967 5261 2060 5314 tos
2093 5254 2486 5328 pugnantibus
2516 5255 2887 5310 recesserunt
2918 5251 3125 5321 nubes,
3160 5248 3607 5317 aer-incanduit,

1969 5348 2127 5400 terra
2160 5341 2407 5411 exaruit,
2442 5342 2599 5397 viror
2629 5338 2942 5397 herbarum
2976 5338 3282 5409 emarcuit,
3309 5351 3456 5409 aqua
3490 5335 3612 5390 fon-

1970 5432 2110 5489 tium
2145 5444 2320 5490 venas
2350 5428 2684 5500 dereliquit.
2721 5426 3013 5501 (Ἑρμῆ’.)
3048 5426 3255 5500 Sicque
3287 5420 3614 5484 secedenti-

1969 5523 2079 5580 bus
2094 5515 2401 5578 elementis
2422 5517 2672 5577 mundus
2693 5515 2992 5577 desolatus
3014 5514 3290 5587 elanguit.
3308 5508 3617 5571 Vitiositas
