  <div class='ocr_page' id='page_1' title='image "/cluster/home/n/w/nwhite01/storage/ocr_20150623/154/hvd.32044054760129/065.png"; bbox 0 0 3936 6050; ppageno 0'>
   <div class='ocr_carea' id='block_1_1' title="bbox 264 138 378 201">
    <p class='ocr_par' dir='ltr' id='par_1_1' title="bbox 264 138 378 201">
     <span class='ocr_line' id='line_1_1' title="bbox 264 138 378 201; baseline 0.009 -1"><span class='ocrx_word' id='word_1_1' title='bbox 264 138 378 201; x_wconf 81' lang='grc'><strong>119</strong></span> 
     </span>
    </p>
   </div>
   <div class='ocr_carea' id='block_1_2' title="bbox 1233 132 2774 203">
    <p class='ocr_par' dir='ltr' id='par_1_2' title="bbox 1233 132 2774 203">
     <span class='ocr_line' id='line_1_2' title="bbox 1233 132 2774 203; baseline 0.006 -9"><span class='ocrx_word' id='word_1_2' title='bbox 1233 132 1599 197; x_wconf 82' lang='lat' dir='ltr'><strong>HUGONIS</strong></span> <span class='ocrx_word' id='word_1_3' title='bbox 1640 132 1991 195; x_wconf 80' lang='lat' dir='ltr'><strong>ABBATIS</strong></span> <span class='ocrx_word' id='word_1_4' title='bbox 2037 134 2711 203; x_wconf 81' lang='lat' dir='ltr'><strong>FLAVINIACENSIS</strong></span> <span class='ocrx_word' id='word_1_5' title='bbox 2754 138 2774 155; x_wconf 88' lang='grc'><em>’</em></span> 
     </span>
    </p>
   </div>
   <div class='ocr_carea' id='block_1_3' title="bbox 3542 137 3660 208">
    <p class='ocr_par' dir='ltr' id='par_1_3' title="bbox 3542 137 3660 208">
     <span class='ocr_line' id='line_1_3' title="bbox 3542 137 3660 208; baseline -0.059 1"><span class='ocrx_word' id='word_1_6' title='bbox 3542 137 3660 208; x_wconf 76' lang='grc'><strong>120</strong></span> 
     </span>
    </p>
   </div>
   <div class='ocr_carea' id='block_1_4' title="bbox 263 265 3660 343">
    <p class='ocr_par' dir='ltr' id='par_1_4' title="bbox 263 265 3660 343">
     <span class='ocr_line' id='line_1_4' title="bbox 263 265 3660 343; baseline 0.001 -15"><span class='ocrx_word' id='word_1_7' title='bbox 263 270 414 328; x_wconf 86' lang='lat' dir='ltr'><strong>enim</strong></span> <span class='ocrx_word' id='word_1_8' title='bbox 445 283 552 327; x_wconf 90' lang='lat' dir='ltr'><strong>usu</strong></span> <span class='ocrx_word' id='word_1_9' title='bbox 585 266 828 337; x_wconf 90' lang='lat' dir='ltr'><strong>nutrita,</strong></span> <span class='ocrx_word' id='word_1_10' title='bbox 871 265 984 325; x_wconf 82' lang='lat' dir='ltr'><strong>nisi</strong></span> <span class='ocrx_word' id='word_1_11' title='bbox 1025 265 1172 324; x_wconf 88' lang='lat' dir='ltr'><strong>duro</strong></span> <span class='ocrx_word' id='word_1_12' title='bbox 1202 265 1500 323; x_wconf 89' lang='lat' dir='ltr'><strong>molliatur</strong></span> <span class='ocrx_word' id='word_1_13' title='bbox 1528 266 1796 336; x_wconf 85' lang='lat' dir='ltr'><strong>verbere,</strong></span> <span class='ocrx_word' id='word_1_14' title='bbox 1830 265 1899 322; x_wconf 91' lang='lat' dir='ltr'><strong>ad</strong></span> <span class='ocrx_word' id='word_1_15' title='bbox 1930 265 1988 328; x_wconf 83' lang='lat' dir='ltr'><strong>A</strong></span> <span class='ocrx_word' id='word_1_16' title='bbox 2019 281 2250 339; x_wconf 84' lang='lat' dir='ltr'><strong>Operam</strong></span> <span class='ocrx_word' id='word_1_17' title='bbox 2285 269 2471 341; x_wconf 90' lang='lat' dir='ltr'><strong>daret,</strong></span> <span class='ocrx_word' id='word_1_18' title='bbox 2499 270 2814 343; x_wconf 84' lang='lat' dir='ltr'><strong>piissimam</strong></span> <span class='ocrx_word' id='word_1_19' title='bbox 2843 269 3258 341; x_wconf 77' lang='lat' dir='ltr'><strong>benignitatem</strong></span> <span class='ocrx_word' id='word_1_20' title='bbox 3290 284 3461 343; x_wconf 87' lang='lat' dir='ltr'><strong>quam</strong></span> <span class='ocrx_word' id='word_1_21' title='bbox 3490 284 3660 342; x_wconf 84' lang='lat' dir='ltr'><strong>gere-</strong></span> 
     </span>
    </p>
   </div>
   <div class='ocr_carea' id='block_1_5' title="bbox 264 354 1901 424">
    <p class='ocr_par' dir='ltr' id='par_1_5' title="bbox 264 354 1901 424">
     <span class='ocr_line' id='line_1_5' title="bbox 264 354 1901 424; baseline -0.004 -8"><span class='ocrx_word' id='word_1_22' title='bbox 264 358 532 416; x_wconf 85' lang='lat' dir='ltr'><strong>notitiam</strong></span> <span class='ocrx_word' id='word_1_23' title='bbox 565 356 653 414; x_wconf 91' lang='lat' dir='ltr'><strong>sui</strong></span> <span class='ocrx_word' id='word_1_24' title='bbox 687 356 879 414; x_wconf 91' lang='lat' dir='ltr'><strong>redire</strong></span> <span class='ocrx_word' id='word_1_25' title='bbox 932 354 1211 411; x_wconf 90' lang='lat' dir='ltr'><strong>durescit.</strong></span> <span class='ocrx_word' id='word_1_26' title='bbox 1248 355 1408 410; x_wconf 91' lang='lat' dir='ltr'><strong>Unde</strong></span> <span class='ocrx_word' id='word_1_27' title='bbox 1458 356 1668 411; x_wconf 89' lang='lat' dir='ltr'><strong>factum</strong></span> <span class='ocrx_word' id='word_1_28' title='bbox 1701 359 1787 410; x_wconf 91' lang='lat' dir='ltr'><strong>est</strong></span> <span class='ocrx_word' id='word_1_29' title='bbox 1820 360 1901 424; x_wconf 89' lang='lat' dir='ltr'><strong>ut,</strong></span> 
     </span>
    </p>
   </div>
   <div class='ocr_carea' id='block_1_6' title="bbox 265 442 1907 513">
    <p class='ocr_par' dir='ltr' id='par_1_6' title="bbox 265 442 1907 513">
     <span class='ocr_line' id='line_1_6' title="bbox 265 442 1907 513; baseline -0.004 -10"><span class='ocrx_word' id='word_1_30' title='bbox 265 447 457 503; x_wconf 90' lang='lat' dir='ltr'><strong>tribus</strong></span> <span class='ocrx_word' id='word_1_31' title='bbox 480 446 646 501; x_wconf 90' lang='lat' dir='ltr'><strong>annis</strong></span> <span class='ocrx_word' id='word_1_32' title='bbox 669 446 975 502; x_wconf 91' lang='lat' dir='ltr'><strong>subtracta</strong></span> <span class='ocrx_word' id='word_1_33' title='bbox 1001 442 1404 499; x_wconf 85' lang='lat' dir='ltr'><strong>benedictione</strong></span> <span class='ocrx_word' id='word_1_34' title='bbox 1434 442 1779 513; x_wconf 81' lang='lat' dir='ltr'><strong>pluviarum,</strong></span> <span class='ocrx_word' id='word_1_35' title='bbox 1815 455 1907 497; x_wconf 87' lang='lat' dir='ltr'><strong>ce-</strong></span> 
     </span>
    </p>
   </div>
   <div class='ocr_carea' id='block_1_7' title="bbox 266 529 1907 606">
    <p class='ocr_par' dir='ltr' id='par_1_7' title="bbox 266 529 1907 606">
     <span class='ocr_line' id='line_1_7' title="bbox 266 529 1907 606; baseline -0.004 -17"><span class='ocrx_word' id='word_1_36' title='bbox 266 533 384 591; x_wconf 87' lang='lat' dir='ltr'><strong>lum</strong></span> <span class='ocrx_word' id='word_1_37' title='bbox 409 548 588 606; x_wconf 81' lang='lat' dir='ltr'><strong>super</strong></span> <span class='ocrx_word' id='word_1_38' title='bbox 609 547 712 589; x_wconf 91' lang='lat' dir='ltr'><strong>eos</strong></span> <span class='ocrx_word' id='word_1_39' title='bbox 733 531 1151 588; x_wconf 87' lang='lat' dir='ltr'><strong>extenderetur</strong></span> <span class='ocrx_word' id='word_1_40' title='bbox 1181 535 1239 587; x_wconf 94' lang='lat' dir='ltr'><strong>ut</strong></span> <span class='ocrx_word' id='word_1_41' title='bbox 1268 532 1502 586; x_wconf 89' lang='lat' dir='ltr'><strong>ferrum.</strong></span> <span class='ocrx_word' id='word_1_42' title='bbox 1532 529 1907 585; x_wconf 71' lang='lat' dir='ltr'><strong>Per-tulerunt</strong></span> 
     </span>
    </p>
   </div>
   <div class='ocr_carea' id='block_1_8' title="bbox 268 618 1905 694">
    <p class='ocr_par' dir='ltr' id='par_1_8' title="bbox 268 618 1905 694">
     <span class='ocr_line' id='line_1_8' title="bbox 268 618 1905 694; baseline -0.004 -15"><span class='ocrx_word' id='word_1_43' title='bbox 268 623 513 694; x_wconf 89' lang='lat' dir='ltr'><strong>primum</strong></span> <span class='ocrx_word' id='word_1_44' title='bbox 529 635 737 678; x_wconf 89' lang='lat' dir='ltr'><strong>annum</strong></span> <span class='ocrx_word' id='word_1_45' title='bbox 753 623 1152 691; x_wconf 77' lang='lat' dir='ltr'><strong>expectantes,</strong></span> <span class='ocrx_word' id='word_1_46' title='bbox 1170 618 1487 676; x_wconf 91' lang='lat' dir='ltr'><strong>secundum</strong></span> <span class='ocrx_word' id='word_1_47' title='bbox 1505 618 1905 687; x_wconf 82' lang='lat' dir='ltr'><strong>desperantes,</strong></span> 
     </span>
    </p>
   </div>
   <div class='ocr_carea' id='block_1_9' title="bbox 269 704 1910 777">
    <p class='ocr_par' dir='ltr' id='par_1_9' title="bbox 269 704 1910 777">
     <span class='ocr_line' id='line_1_9' title="bbox 269 704 1910 777; baseline -0.003 -13"><span class='ocrx_word' id='word_1_48' title='bbox 269 709 323 765; x_wconf 92' lang='lat' dir='ltr'><strong>in</strong></span> <span class='ocrx_word' id='word_1_49' title='bbox 358 710 532 767; x_wconf 92' lang='lat' dir='ltr'><strong>tertio</strong></span> <span class='ocrx_word' id='word_1_50' title='bbox 564 709 924 764; x_wconf 90' lang='lat' dir='ltr'><strong>defecerunt.</strong></span> <span class='ocrx_word' id='word_1_51' title='bbox 963 708 1216 777; x_wconf 85' lang='lat' dir='ltr'><strong>Cumque</strong></span> <span class='ocrx_word' id='word_1_52' title='bbox 1242 706 1394 762; x_wconf 88' lang='lat' dir='ltr'><strong>inter</strong></span> <span class='ocrx_word' id='word_1_53' title='bbox 1417 720 1479 763; x_wconf 87' lang='lat' dir='ltr'><strong>se</strong></span> <span class='ocrx_word' id='word_1_54' title='bbox 1503 704 1722 761; x_wconf 91' lang='lat' dir='ltr'><strong>nullum</strong></span> <span class='ocrx_word' id='word_1_55' title='bbox 1757 705 1910 759; x_wconf 90' lang='lat' dir='ltr'><strong>inve-</strong></span> 
     </span>
    </p>
   </div>
   <div class='ocr_carea' id='block_1_10' title="bbox 269 792 1907 867">
    <p class='ocr_par' dir='ltr' id='par_1_10' title="bbox 269 792 1907 867">
     <span class='ocr_line' id='line_1_10' title="bbox 269 792 1907 867; baseline -0.004 -14"><span class='ocrx_word' id='word_1_56' title='bbox 269 798 496 855; x_wconf 91' lang='lat' dir='ltr'><strong>nissent</strong></span> <span class='ocrx_word' id='word_1_57' title='bbox 517 796 843 866; x_wconf 76' lang='lat' dir='ltr'><strong>consilium,</strong></span> <span class='ocrx_word' id='word_1_58' title='bbox 868 796 1113 852; x_wconf 90' lang='lat' dir='ltr'><strong>tamdem</strong></span> <span class='ocrx_word' id='word_1_59' title='bbox 1140 795 1623 867; x_wconf 76' lang='lat' dir='ltr'><strong>praevaricatores</strong></span> <span class='ocrx_word' id='word_1_60' title='bbox 1637 792 1706 848; x_wconf 90' lang='lat' dir='ltr'><strong>ad</strong></span> <span class='ocrx_word' id='word_1_61' title='bbox 1731 793 1907 848; x_wconf 89' lang='lat' dir='ltr'><strong>corda</strong></span> 
     </span>
    </p>
   </div>
   <div class='ocr_carea' id='block_1_11' title="bbox 270 879 1909 957">
    <p class='ocr_par' dir='ltr' id='par_1_11' title="bbox 270 879 1909 957">
     <span class='ocr_line' id='line_1_11' title="bbox 270 879 1909 957; baseline -0.004 -16"><span class='ocrx_word' id='word_1_62' title='bbox 270 887 692 957; x_wconf 89' lang='lat' dir='ltr'><strong>quodammodo</strong></span> <span class='ocrx_word' id='word_1_63' title='bbox 708 886 889 941; x_wconf 80' lang='lat' dir='ltr'><strong>oblita</strong></span> <span class='ocrx_word' id='word_1_64' title='bbox 906 885 1240 955; x_wconf 83' lang='lat' dir='ltr'><strong>redeuntes,</strong></span> <span class='ocrx_word' id='word_1_65' title='bbox 1259 882 1704 939; x_wconf 90' lang='lat' dir='ltr'><strong>concurruntad</strong></span> <span class='ocrx_word' id='word_1_66' title='bbox 1725 879 1909 952; x_wconf 89' lang='lat' dir='ltr'><strong>ponti-</strong></span> 
     </span>
    </p>
   </div>
   <div class='ocr_carea' id='block_1_12' title="bbox 271 971 1907 1044">
    <p class='ocr_par' dir='ltr' id='par_1_12' title="bbox 271 971 1907 1044">
     <span class='ocr_line' id='line_1_12' title="bbox 271 971 1907 1044; baseline -0.004 -16"><span class='ocrx_word' id='word_1_67' title='bbox 271 972 459 1043; x_wconf 85' lang='lat' dir='ltr'><strong>ficem,</strong></span> <span class='ocrx_word' id='word_1_68' title='bbox 511 979 805 1044; x_wconf 84' lang='lat' dir='ltr'><strong>pastorem</strong></span> <span class='ocrx_word' id='word_1_69' title='bbox 857 973 1191 1041; x_wconf 87' lang='lat' dir='ltr'><strong>inclamant,</strong></span> <span class='ocrx_word' id='word_1_70' title='bbox 1237 976 1297 1028; x_wconf 90' lang='lat' dir='ltr'><strong>ut</strong></span> <span class='ocrx_word' id='word_1_71' title='bbox 1334 972 1681 1043; x_wconf 88' lang='lat' dir='ltr'><strong>propitiaret</strong></span> <span class='ocrx_word' id='word_1_72' title='bbox 1730 971 1907 1025; x_wconf 43' lang='lat' dir='ltr'><strong>Deum</strong></span> 
     </span>
    </p>
   </div>
   <div class='ocr_carea' id='block_1_13' title="bbox 269 1058 1910 1134">
    <p class='ocr_par' dir='ltr' id='par_1_13' title="bbox 269 1058 1910 1134">
     <span class='ocr_line' id='line_1_13' title="bbox 269 1058 1910 1134; baseline -0.004 -17"><span class='ocrx_word' id='word_1_73' title='bbox 269 1062 531 1134; x_wconf 84' lang='lat' dir='ltr'><strong>peccatis</strong></span> <span class='ocrx_word' id='word_1_74' title='bbox 562 1061 793 1131; x_wconf 88' lang='lat' dir='ltr'><strong>iratum,</strong></span> <span class='ocrx_word' id='word_1_75' title='bbox 832 1066 1160 1118; x_wconf 90' lang='lat' dir='ltr'><strong>removeret</strong></span> <span class='ocrx_word' id='word_1_76' title='bbox 1196 1058 1532 1128; x_wconf 88' lang='lat' dir='ltr'><strong>vindictam,</strong></span> <span class='ocrx_word' id='word_1_77' title='bbox 1567 1058 1910 1129; x_wconf 86' lang='lat' dir='ltr'><strong>impetraret</strong></span> 
     </span>
    </p>
   </div>
   <div class='ocr_carea' id='block_1_14' title="bbox 270 1145 1909 1218">
    <p class='ocr_par' dir='ltr' id='par_1_14' title="bbox 270 1145 1909 1218">
     <span class='ocr_line' id='line_1_14' title="bbox 270 1145 1909 1218; baseline -0.004 -13"><span class='ocrx_word' id='word_1_78' title='bbox 270 1149 514 1218; x_wconf 82' lang='lat' dir='ltr'><strong>veniam,</strong></span> <span class='ocrx_word' id='word_1_79' title='bbox 551 1154 610 1204; x_wconf 90' lang='lat' dir='ltr'><strong>et</strong></span> <span class='ocrx_word' id='word_1_80' title='bbox 642 1154 980 1205; x_wconf 80' lang='lat' dir='ltr'><strong>arescentes</strong></span> <span class='ocrx_word' id='word_1_81' title='bbox 1024 1154 1216 1204; x_wconf 89' lang='lat' dir='ltr'><strong>terras</strong></span> <span class='ocrx_word' id='word_1_82' title='bbox 1266 1146 1490 1203; x_wconf 86' lang='lat' dir='ltr'><strong>colonis</strong></span> <span class='ocrx_word' id='word_1_83' title='bbox 1522 1145 1909 1201; x_wconf 87' lang='lat' dir='ltr'><strong>morientibus</strong></span> 
     </span>
    </p>
   </div>
   <div class='ocr_carea' id='block_1_15' title="bbox 270 1233 1909 1306">
    <p class='ocr_par' dir='ltr' id='par_1_15' title="bbox 270 1233 1909 1306">
     <span class='ocr_line' id='line_1_15' title="bbox 270 1233 1909 1306; baseline -0.003 -15"><span class='ocrx_word' id='word_1_84' title='bbox 270 1237 633 1292; x_wconf 87' lang='lat' dir='ltr'><strong>rcformaret.</strong></span> <span class='ocrx_word' id='word_1_85' title='bbox 669 1237 853 1292; x_wconf 83' lang='lat' dir='ltr'><strong>Flexit</strong></span> <span class='ocrx_word' id='word_1_86' title='bbox 876 1241 1137 1293; x_wconf 88' lang='lat' dir='ltr'><strong>sanctum</strong></span> <span class='ocrx_word' id='word_1_87' title='bbox 1162 1234 1455 1306; x_wconf 84' lang='lat' dir='ltr'><strong>generalis</strong></span> <span class='ocrx_word' id='word_1_88' title='bbox 1479 1233 1819 1302; x_wconf 78' lang='lat' dir='ltr'><strong>necessitas,</strong></span> <span class='ocrx_word' id='word_1_89' title='bbox 1851 1236 1909 1287; x_wconf 89' lang='lat' dir='ltr'><strong>et</strong></span> 
     </span>
    </p>
   </div>
   <div class='ocr_carea' id='block_1_16' title="bbox 269 1320 1910 1397">
    <p class='ocr_par' dir='ltr' id='par_1_16' title="bbox 269 1320 1910 1397">
     <span class='ocr_line' id='line_1_16' title="bbox 269 1320 1910 1397; baseline -0.002 -16"><span class='ocrx_word' id='word_1_90' title='bbox 269 1339 571 1381; x_wconf 90' lang='lat' dir='ltr'><strong>commune</strong></span> <span class='ocrx_word' id='word_1_91' title='bbox 603 1324 924 1397; x_wconf 87' lang='lat' dir='ltr'><strong>perieulum</strong></span> <span class='ocrx_word' id='word_1_92' title='bbox 953 1324 1239 1380; x_wconf 91' lang='lat' dir='ltr'><strong>communi</strong></span> <span class='ocrx_word' id='word_1_93' title='bbox 1266 1324 1530 1379; x_wconf 85' lang='lat' dir='ltr'><strong>oratione</strong></span> <span class='ocrx_word' id='word_1_94' title='bbox 1552 1320 1679 1377; x_wconf 80' lang='lat' dir='ltr'><strong>tolli</strong></span> <span class='ocrx_word' id='word_1_95' title='bbox 1706 1336 1910 1378; x_wconf 88' lang='lat' dir='ltr'><strong>consu-</strong></span> 
     </span>
    </p>
   </div>
   <div class='ocr_carea' id='block_1_17' title="bbox 271 1409 1909 1483">
    <p class='ocr_par' dir='ltr' id='par_1_17' title="bbox 271 1409 1909 1483">
     <span class='ocr_line' id='line_1_17' title="bbox 271 1409 1909 1483; baseline -0.002 -16"><span class='ocrx_word' id='word_1_96' title='bbox 271 1411 396 1469; x_wconf 88' lang='lat' dir='ltr'><strong>luit.</strong></span> <span class='ocrx_word' id='word_1_97' title='bbox 419 1412 1261 1483; x_wconf 88' lang='lat' dir='ltr'><strong>ltaquetriduanumjejunium</strong></span> <span class='ocrx_word' id='word_1_98' title='bbox 1284 1411 1512 1478; x_wconf 82' lang='lat' dir='ltr'><strong>indixit,</strong></span> <span class='ocrx_word' id='word_1_99' title='bbox 1536 1409 1783 1465; x_wconf 90' lang='lat' dir='ltr'><strong>letanias</strong></span> <span class='ocrx_word' id='word_1_100' title='bbox 1811 1423 1909 1480; x_wconf 91' lang='lat' dir='ltr'><strong>per</strong></span> 
     </span>
    </p>
   </div>
   <div class='ocr_carea' id='block_1_18' title="bbox 271 1496 1909 1570">
    <p class='ocr_par' dir='ltr' id='par_1_18' title="bbox 271 1496 1909 1570">
     <span class='ocr_line' id='line_1_18' title="bbox 271 1496 1909 1570; baseline -0.002 -15"><span class='ocrx_word' id='word_1_101' title='bbox 271 1500 557 1557; x_wconf 86' lang='lat' dir='ltr'><strong>ecclesias</strong></span> <span class='ocrx_word' id='word_1_102' title='bbox 574 1502 669 1557; x_wconf 89' lang='lat' dir='ltr'><strong>Dei</strong></span> <span class='ocrx_word' id='word_1_103' title='bbox 689 1501 834 1570; x_wconf 77' lang='lat' dir='ltr'><strong>fieri,</strong></span> <span class='ocrx_word' id='word_1_104' title='bbox 851 1515 1061 1556; x_wconf 81' lang='lat' dir='ltr'><strong>cruces</strong></span> <span class='ocrx_word' id='word_1_105' title='bbox 1080 1499 1149 1555; x_wconf 88' lang='lat' dir='ltr'><strong>ad</strong></span> <span class='ocrx_word' id='word_1_106' title='bbox 1175 1498 1785 1554; x_wconf 88' lang='lat' dir='ltr'><strong>misericordissimam</strong></span> <span class='ocrx_word' id='word_1_107' title='bbox 1810 1496 1909 1552; x_wconf 86' lang='lat' dir='ltr'><strong>Dei</strong></span> 
     </span>
    </p>
   </div>
   <div class='ocr_carea' id='block_1_19' title="bbox 2018 356 3660 433">
    <p class='ocr_par' dir='ltr' id='par_1_19' title="bbox 2018 356 3660 433">
     <span class='ocr_line' id='line_1_19' title="bbox 2018 356 3660 433; baseline 0.002 -21"><span class='ocrx_word' id='word_1_108' title='bbox 2018 357 2117 412; x_wconf 88' lang='lat' dir='ltr'><strong>bat</strong></span> <span class='ocrx_word' id='word_1_109' title='bbox 2139 356 2194 412; x_wconf 91' lang='lat' dir='ltr'><strong>in</strong></span> <span class='ocrx_word' id='word_1_110' title='bbox 2220 364 2429 427; x_wconf 83' lang='lat' dir='ltr'><strong>mente,</strong></span> <span class='ocrx_word' id='word_1_111' title='bbox 2457 359 2715 416; x_wconf 79' lang='lat' dir='ltr'><strong>ostendit</strong></span> <span class='ocrx_word' id='word_1_112' title='bbox 2747 359 3012 416; x_wconf 89' lang='lat' dir='ltr'><strong>miraculi</strong></span> <span class='ocrx_word' id='word_1_113' title='bbox 3047 358 3462 429; x_wconf 80' lang='lat' dir='ltr'><strong>magnitudine.</strong></span> <span class='ocrx_word' id='word_1_114' title='bbox 3487 361 3548 415; x_wconf 92' lang='lat' dir='ltr'><strong>In</strong></span> <span class='ocrx_word' id='word_1_115' title='bbox 3574 360 3660 433; x_wconf 87' lang='lat' dir='ltr'><strong>ip-</strong></span> 
     </span>
    </p>
   </div>
   <div class='ocr_carea' id='block_1_20' title="bbox 2018 445 3658 517">
    <p class='ocr_par' dir='ltr' id='par_1_20' title="bbox 2018 445 3658 517">
     <span class='ocr_line' id='line_1_20' title="bbox 2018 445 3658 517; baseline 0.004 -18"><span class='ocrx_word' id='word_1_116' title='bbox 2018 460 2080 500; x_wconf 93' lang='lat' dir='ltr'><strong>so</strong></span> <span class='ocrx_word' id='word_1_117' title='bbox 2121 445 2271 500; x_wconf 90' lang='lat' dir='ltr'><strong>enim</strong></span> <span class='ocrx_word' id='word_1_118' title='bbox 2313 446 2579 516; x_wconf 91' lang='lat' dir='ltr'><strong>ingressu</strong></span> <span class='ocrx_word' id='word_1_119' title='bbox 2639 446 3062 517; x_wconf 88' lang='lat' dir='ltr'><strong>mulierculam,</strong></span> <span class='ocrx_word' id='word_1_120' title='bbox 3102 445 3513 504; x_wconf 88' lang='lat' dir='ltr'><strong>Theresindem</strong></span> <span class='ocrx_word' id='word_1_121' title='bbox 3553 462 3658 505; x_wconf 89' lang='lat' dir='ltr'><strong>no-</strong></span> 
     </span>
    </p>
   </div>
   <div class='ocr_carea' id='block_1_21' title="bbox 2019 531 3657 605">
    <p class='ocr_par' dir='ltr' id='par_1_21' title="bbox 2019 531 3657 605">
     <span class='ocr_line' id='line_1_21' title="bbox 2019 531 3657 605; baseline 0.004 -19"><span class='ocrx_word' id='word_1_122' title='bbox 2019 531 2190 603; x_wconf 91' lang='lat' dir='ltr'><strong>mine,</strong></span> <span class='ocrx_word' id='word_1_123' title='bbox 2242 533 2468 590; x_wconf 88' lang='lat' dir='ltr'><strong>obviam</strong></span> <span class='ocrx_word' id='word_1_124' title='bbox 2521 534 2743 603; x_wconf 86' lang='lat' dir='ltr'><strong>habuit,</strong></span> <span class='ocrx_word' id='word_1_125' title='bbox 2778 549 2905 605; x_wconf 74' lang='lat' dir='ltr'><strong>quae</strong></span> <span class='ocrx_word' id='word_1_126' title='bbox 2953 533 3161 592; x_wconf 90' lang='lat' dir='ltr'><strong>baculo</strong></span> <span class='ocrx_word' id='word_1_127' title='bbox 3210 539 3449 604; x_wconf 57' lang='lat' dir='ltr'><strong>regente</strong></span> <span class='ocrx_word' id='word_1_128' title='bbox 3493 549 3657 592; x_wconf 67' lang='lat' dir='ltr'><strong>casco</strong></span> 
     </span>
    </p>
   </div>
   <div class='ocr_carea' id='block_1_22' title="bbox 2017 622 3659 693">
    <p class='ocr_par' dir='ltr' id='par_1_22' title="bbox 2017 622 3659 693">
     <span class='ocr_line' id='line_1_22' title="bbox 2017 622 3659 693; baseline 0.002 -19"><span class='ocrx_word' id='word_1_129' title='bbox 2017 624 2169 678; x_wconf 88' lang='lat' dir='ltr'><strong>viam</strong></span> <span class='ocrx_word' id='word_1_130' title='bbox 2202 622 2536 693; x_wconf 88' lang='lat' dir='ltr'><strong>queritabat</strong></span> <span class='ocrx_word' id='word_1_131' title='bbox 2569 637 2788 690; x_wconf 90' lang='lat' dir='ltr'><strong>errore,</strong></span> <span class='ocrx_word' id='word_1_132' title='bbox 2820 627 2880 678; x_wconf 92' lang='lat' dir='ltr'><strong>et</strong></span> <span class='ocrx_word' id='word_1_133' title='bbox 2913 622 3117 678; x_wconf 89' lang='lat' dir='ltr'><strong>ducem</strong></span> <span class='ocrx_word' id='word_1_134' title='bbox 3150 623 3513 692; x_wconf 88' lang='lat' dir='ltr'><strong>sequebatur</strong></span> <span class='ocrx_word' id='word_1_135' title='bbox 3535 622 3659 679; x_wconf 88' lang='lat' dir='ltr'><strong>ani-</strong></span> 
     </span>
    </p>
   </div>
   <div class='ocr_carea' id='block_1_23' title="bbox 2020 709 3657 782">
    <p class='ocr_par' dir='ltr' id='par_1_23' title="bbox 2020 709 3657 782">
     <span class='ocr_line' id='line_1_23' title="bbox 2020 709 3657 782; baseline 0.002 -19"><span class='ocrx_word' id='word_1_136' title='bbox 2020 724 2169 766; x_wconf 91' lang='lat' dir='ltr'><strong>mum</strong></span> <span class='ocrx_word' id='word_1_137' title='bbox 2220 710 2526 766; x_wconf 90' lang='lat' dir='ltr'><strong>oculorum</strong></span> <span class='ocrx_word' id='word_1_138' title='bbox 2574 709 2959 767; x_wconf 85' lang='lat' dir='ltr'><strong>desolatione.</strong></span> <span class='ocrx_word' id='word_1_139' title='bbox 3013 710 3118 776; x_wconf 88' lang='lat' dir='ltr'><strong>Qui</strong></span> <span class='ocrx_word' id='word_1_140' title='bbox 3170 710 3370 767; x_wconf 88' lang='lat' dir='ltr'><strong>statim</strong></span> <span class='ocrx_word' id='word_1_141' title='bbox 3404 709 3657 782; x_wconf 89' lang='lat' dir='ltr'><strong>simplici</strong></span> 
     </span>
    </p>
   </div>
   <div class='ocr_carea' id='block_1_24' title="bbox 2020 797 3659 868">
    <p class='ocr_par' dir='ltr' id='par_1_24' title="bbox 2020 797 3659 868">
     <span class='ocr_line' id='line_1_24' title="bbox 2020 797 3659 868; baseline 0.002 -16"><span class='ocrx_word' id='word_1_142' title='bbox 2020 802 2236 854; x_wconf 63' lang='lat' dir='ltr'><strong>sancta</strong></span> <span class='ocrx_word' id='word_1_143' title='bbox 2264 798 2457 855; x_wconf 89' lang='lat' dir='ltr'><strong>crucis</strong></span> <span class='ocrx_word' id='word_1_144' title='bbox 2488 797 2865 854; x_wconf 88' lang='lat' dir='ltr'><strong>medicamine</strong></span> <span class='ocrx_word' id='word_1_145' title='bbox 2893 798 3168 854; x_wconf 90' lang='lat' dir='ltr'><strong>tenebras</strong></span> <span class='ocrx_word' id='word_1_146' title='bbox 3195 797 3525 868; x_wconf 88' lang='lat' dir='ltr'><strong>quindecim</strong></span> <span class='ocrx_word' id='word_1_147' title='bbox 3558 811 3659 855; x_wconf 86' lang='lat' dir='ltr'><strong>an-</strong></span> 
     </span>
    </p>
   </div>
   <div class='ocr_carea' id='block_1_25' title="bbox 2019 884 3657 956">
    <p class='ocr_par' dir='ltr' id='par_1_25' title="bbox 2019 884 3657 956">
     <span class='ocr_line' id='line_1_25' title="bbox 2019 884 3657 956; baseline 0.001 -17"><span class='ocrx_word' id='word_1_148' title='bbox 2019 899 2222 941; x_wconf 85' lang='lat' dir='ltr'><strong>norum</strong></span> <span class='ocrx_word' id='word_1_149' title='bbox 2259 885 2555 956; x_wconf 85' lang='lat' dir='ltr'><strong>eﬂ&#39;ugavit,</strong></span> <span class='ocrx_word' id='word_1_150' title='bbox 2586 890 2643 941; x_wconf 93' lang='lat' dir='ltr'><strong>et</strong></span> <span class='ocrx_word' id='word_1_151' title='bbox 2676 884 2859 942; x_wconf 90' lang='lat' dir='ltr'><strong>lucem</strong></span> <span class='ocrx_word' id='word_1_152' title='bbox 2900 884 2997 942; x_wconf 92' lang='lat' dir='ltr'><strong>diu</strong></span> <span class='ocrx_word' id='word_1_153' title='bbox 3030 886 3331 941; x_wconf 86' lang='lat' dir='ltr'><strong>absentem</strong></span> <span class='ocrx_word' id='word_1_154' title='bbox 3360 885 3491 942; x_wconf 90' lang='lat' dir='ltr'><strong>luce</strong></span> <span class='ocrx_word' id='word_1_155' title='bbox 3522 884 3657 941; x_wconf 81' lang='lat' dir='ltr'><strong>ﬁdei</strong></span> 
     </span>
    </p>
   </div>
   <div class='ocr_carea' id='block_1_26' title="bbox 2020 972 3656 1045">
    <p class='ocr_par' dir='ltr' id='par_1_26' title="bbox 2020 972 3656 1045">
     <span class='ocr_line' id='line_1_26' title="bbox 2020 972 3656 1045; baseline 0.001 -18"><span class='ocrx_word' id='word_1_156' title='bbox 2020 973 2400 1044; x_wconf 80' lang='lat' dir='ltr'><strong>resplendens</strong></span> <span class='ocrx_word' id='word_1_157' title='bbox 2422 974 2692 1045; x_wconf 89' lang='lat' dir='ltr'><strong>protinus</strong></span> <span class='ocrx_word' id='word_1_158' title='bbox 2715 973 3027 1045; x_wconf 88' lang='lat' dir='ltr'><strong>reparavit.</strong></span> <span class='ocrx_word' id='word_1_159' title='bbox 3055 972 3323 1029; x_wconf 85' lang='lat' dir='ltr'><strong>Radiavit</strong></span> <span class='ocrx_word' id='word_1_160' title='bbox 3340 972 3527 1030; x_wconf 84' lang='lat' dir='ltr'><strong>virtus</strong></span> <span class='ocrx_word' id='word_1_161' title='bbox 3550 986 3656 1044; x_wconf 88' lang='lat' dir='ltr'><strong>per</strong></span> 
     </span>
    </p>
   </div>
   <div class='ocr_carea' id='block_1_27' title="bbox 2020 1060 3659 1141">
    <p class='ocr_par' dir='ltr' id='par_1_27' title="bbox 2020 1060 3659 1141">
     <span class='ocr_line' id='line_1_27' title="bbox 2020 1060 3659 1141; baseline 0.001 -25"><span class='ocrx_word' id='word_1_162' title='bbox 2020 1075 2273 1129; x_wconf 88' lang='lat' dir='ltr'><strong>crucem,</strong></span> <span class='ocrx_word' id='word_1_163' title='bbox 2298 1062 2551 1118; x_wconf 87' lang='lat' dir='ltr'><strong>radiavit</strong></span> <span class='ocrx_word' id='word_1_164' title='bbox 2571 1066 2627 1116; x_wconf 90' lang='lat' dir='ltr'><strong>et</strong></span> <span class='ocrx_word' id='word_1_165' title='bbox 2655 1077 2757 1133; x_wconf 90' lang='lat' dir='ltr'><strong>per</strong></span> <span class='ocrx_word' id='word_1_166' title='bbox 2788 1061 3140 1133; x_wconf 85' lang='lat' dir='ltr'><strong>pontificem.</strong></span> <span class='ocrx_word' id='word_1_167' title='bbox 3175 1063 3234 1117; x_wconf 92' lang='lat' dir='ltr'><strong>In</strong></span> <span class='ocrx_word' id='word_1_168' title='bbox 3268 1060 3544 1141; x_wconf 71' lang='lat' dir='ltr'><strong>pontifice</strong></span> <span class='ocrx_word' id='word_1_169' title='bbox 3569 1073 3659 1117; x_wconf 88' lang='lat' dir='ltr'><strong>re-</strong></span> 
     </span>
    </p>
   </div>
   <div class='ocr_carea' id='block_1_28' title="bbox 2018 1147 3663 1221">
    <p class='ocr_par' dir='ltr' id='par_1_28' title="bbox 2018 1147 3663 1221">
     <span class='ocr_line' id='line_1_28' title="bbox 2018 1147 3663 1221; baseline -0.001 -17"><span class='ocrx_word' id='word_1_170' title='bbox 2018 1151 2233 1219; x_wconf 87' lang='lat' dir='ltr'><strong>gnabat</strong></span> <span class='ocrx_word' id='word_1_171' title='bbox 2267 1150 2471 1221; x_wconf 90' lang='lat' dir='ltr'><strong>pietas,</strong></span> <span class='ocrx_word' id='word_1_172' title='bbox 2508 1150 2563 1205; x_wconf 90' lang='lat' dir='ltr'><strong>in</strong></span> <span class='ocrx_word' id='word_1_173' title='bbox 2592 1164 2765 1206; x_wconf 87' lang='lat' dir='ltr'><strong>cruce</strong></span> <span class='ocrx_word' id='word_1_174' title='bbox 2813 1153 3089 1221; x_wconf 90' lang='lat' dir='ltr'><strong>potestas.</strong></span> <span class='ocrx_word' id='word_1_175' title='bbox 3124 1150 3243 1204; x_wconf 87' lang='lat' dir='ltr'><strong>Nec</strong></span> <span class='ocrx_word' id='word_1_176' title='bbox 3270 1148 3461 1220; x_wconf 89' lang='lat' dir='ltr'><strong>pietas</strong></span> <span class='ocrx_word' id='word_1_177' title='bbox 3493 1147 3663 1219; x_wconf 89' lang='lat' dir='ltr'><strong>quid-</strong></span> 
     </span>
    </p>
   </div>
   <div class='ocr_carea' id='block_1_29' title="bbox 2022 1236 3651 1310">
    <p class='ocr_par' dir='ltr' id='par_1_29' title="bbox 2022 1236 3651 1310">
     <span class='ocr_line' id='line_1_29' title="bbox 2022 1236 3651 1310; baseline -0.002 -16"><span class='ocrx_word' id='word_1_178' title='bbox 2022 1252 2191 1306; x_wconf 90' lang='lat' dir='ltr'><strong>quam</strong></span> <span class='ocrx_word' id='word_1_179' title='bbox 2224 1238 2594 1310; x_wconf 79' lang='lat' dir='ltr'><strong>profecisset,</strong></span> <span class='ocrx_word' id='word_1_180' title='bbox 2627 1238 2738 1294; x_wconf 90' lang='lat' dir='ltr'><strong>nisi</strong></span> <span class='ocrx_word' id='word_1_181' title='bbox 2773 1238 2828 1293; x_wconf 91' lang='lat' dir='ltr'><strong>in</strong></span> <span class='ocrx_word' id='word_1_182' title='bbox 2859 1236 2969 1292; x_wconf 85' lang='lat' dir='ltr'><strong>fide</strong></span> <span class='ocrx_word' id='word_1_183' title='bbox 2999 1237 3195 1293; x_wconf 89' lang='lat' dir='ltr'><strong>crucis</strong></span> <span class='ocrx_word' id='word_1_184' title='bbox 3228 1236 3651 1308; x_wconf 64' lang='lat' dir='ltr'><strong>praevaluisset.</strong></span> 
     </span>
    </p>
   </div>
   <div class='ocr_carea' id='block_1_30' title="bbox 2021 1323 3665 1394">
    <p class='ocr_par' dir='ltr' id='par_1_30' title="bbox 2021 1323 3665 1394">
     <span class='ocr_line' id='line_1_30' title="bbox 2021 1323 3665 1394; baseline -0.001 -13"><span class='ocrx_word' id='word_1_185' title='bbox 2021 1327 2294 1382; x_wconf 88' lang='lat' dir='ltr'><strong>Potestas</strong></span> <span class='ocrx_word' id='word_1_186' title='bbox 2323 1327 2472 1382; x_wconf 90' lang='lat' dir='ltr'><strong>enim</strong></span> <span class='ocrx_word' id='word_1_187' title='bbox 2500 1332 2657 1383; x_wconf 89' lang='lat' dir='ltr'><strong>tanta</strong></span> <span class='ocrx_word' id='word_1_188' title='bbox 2695 1326 2801 1382; x_wconf 89' lang='lat' dir='ltr'><strong>fuit</strong></span> <span class='ocrx_word' id='word_1_189' title='bbox 2832 1325 2885 1380; x_wconf 93' lang='lat' dir='ltr'><strong>in</strong></span> <span class='ocrx_word' id='word_1_190' title='bbox 2919 1338 3117 1394; x_wconf 89' lang='lat' dir='ltr'><strong>cruce,</strong></span> <span class='ocrx_word' id='word_1_191' title='bbox 3145 1329 3208 1381; x_wconf 90' lang='lat' dir='ltr'><strong>ut</strong></span> <span class='ocrx_word' id='word_1_192' title='bbox 3230 1339 3340 1380; x_wconf 92' lang='lat' dir='ltr'><strong>non</strong></span> <span class='ocrx_word' id='word_1_193' title='bbox 3369 1323 3555 1381; x_wconf 92' lang='lat' dir='ltr'><strong>solum</strong></span> <span class='ocrx_word' id='word_1_194' title='bbox 3582 1324 3665 1380; x_wconf 89' lang='lat' dir='ltr'><strong>fe-</strong></span> 
     </span>
    </p>
   </div>
   <div class='ocr_carea' id='block_1_31' title="bbox 2021 1411 3665 1472">
    <p class='ocr_par' dir='ltr' id='par_1_31' title="bbox 2021 1411 3665 1472">
     <span class='ocr_line' id='line_1_31' title="bbox 2021 1411 3665 1472; baseline 0.001 -2"><span class='ocrx_word' id='word_1_195' title='bbox 2021 1414 2188 1471; x_wconf 75' lang='lat' dir='ltr'><strong>minze</strong></span> <span class='ocrx_word' id='word_1_196' title='bbox 2220 1415 2442 1471; x_wconf 89' lang='lat' dir='ltr'><strong>vu&#39;tum</strong></span> <span class='ocrx_word' id='word_1_197' title='bbox 2466 1414 2793 1470; x_wconf 77' lang='lat' dir='ltr'><strong>illustraret</strong></span> <span class='ocrx_word' id='word_1_198' title='bbox 2827 1413 3093 1469; x_wconf 87' lang='lat' dir='ltr'><strong>orbatum</strong></span> <span class='ocrx_word' id='word_1_199' title='bbox 3148 1411 3251 1469; x_wconf 88' lang='lat' dir='ltr'><strong>sed</strong></span> <span class='ocrx_word' id='word_1_200' title='bbox 3284 1411 3472 1469; x_wconf 88' lang='lat' dir='ltr'><strong>lucem</strong></span> <span class='ocrx_word' id='word_1_201' title='bbox 3502 1412 3665 1472; x_wconf 84' lang='lat' dir='ltr'><strong>inde-</strong></span> 
     </span>
    </p>
   </div>
   <div class='ocr_carea' id='block_1_32' title="bbox 2024 1500 3661 1574">
    <p class='ocr_par' dir='ltr' id='par_1_32' title="bbox 2024 1500 3661 1574">
     <span class='ocr_line' id='line_1_32' title="bbox 2024 1500 3661 1574; baseline 0 -16"><span class='ocrx_word' id='word_1_202' title='bbox 2024 1504 2312 1560; x_wconf 84' lang='lat' dir='ltr'><strong>ﬁcientem</strong></span> <span class='ocrx_word' id='word_1_203' title='bbox 2343 1517 2442 1574; x_wconf 90' lang='lat' dir='ltr'><strong>per</strong></span> <span class='ocrx_word' id='word_1_204' title='bbox 2464 1507 2650 1559; x_wconf 92' lang='lat' dir='ltr'><strong>totum</strong></span> <span class='ocrx_word' id='word_1_205' title='bbox 2675 1501 2999 1558; x_wconf 78' lang='lat' dir='ltr'><strong>effunderet</strong></span> <span class='ocrx_word' id='word_1_206' title='bbox 3025 1500 3318 1557; x_wconf 91' lang='lat' dir='ltr'><strong>mundum.</strong></span> <span class='ocrx_word' id='word_1_207' title='bbox 3347 1503 3661 1572; x_wconf 83' lang='lat' dir='ltr'><strong>Postquam</strong></span> 
     </span>
    </p>
   </div>
   <div class='ocr_carea' id='block_1_33' title="bbox 273 1585 3659 1672">
    <p class='ocr_par' dir='ltr' id='par_1_33' title="bbox 273 1585 3659 1672">
     <span class='ocr_line' id='line_1_33' title="bbox 273 1585 3659 1672; baseline 0.001 -30"><span class='ocrx_word' id='word_1_208' title='bbox 273 1589 607 1645; x_wconf 90' lang='lat' dir='ltr'><strong>memoriam</strong></span> <span class='ocrx_word' id='word_1_209' title='bbox 635 1588 790 1653; x_wconf 82' lang='lat' dir='ltr'><strong>ferri,</strong></span> <span class='ocrx_word' id='word_1_210' title='bbox 820 1588 1000 1669; x_wconf 85' lang='lat' dir='ltr'><strong>utqui</strong></span> <span class='ocrx_word' id='word_1_211' title='bbox 1028 1602 1236 1658; x_wconf 90' lang='lat' dir='ltr'><strong>passus</strong></span> <span class='ocrx_word' id='word_1_212' title='bbox 1257 1591 1343 1642; x_wconf 90' lang='lat' dir='ltr'><strong>cst</strong></span> <span class='ocrx_word' id='word_1_213' title='bbox 1373 1601 1477 1657; x_wconf 90' lang='lat' dir='ltr'><strong>pro</strong></span> <span class='ocrx_word' id='word_1_214' title='bbox 1504 1585 1912 1657; x_wconf 88' lang='lat' dir='ltr'><strong>peccatoribus</strong></span> <span class='ocrx_word' id='word_1_215' title='bbox 1941 1613 1995 1672; x_wconf 84' lang='lat' dir='ltr'><strong>B</strong></span> <span class='ocrx_word' id='word_1_216' title='bbox 2024 1592 2174 1648; x_wconf 89' lang='lat' dir='ltr'><strong>enim</strong></span> <span class='ocrx_word' id='word_1_217' title='bbox 2208 1591 2306 1647; x_wconf 87' lang='lat' dir='ltr'><strong>lux</strong></span> <span class='ocrx_word' id='word_1_218' title='bbox 2335 1591 2529 1649; x_wconf 92' lang='lat' dir='ltr'><strong>mundi</strong></span> <span class='ocrx_word' id='word_1_219' title='bbox 2574 1590 2847 1662; x_wconf 83' lang='lat' dir='ltr'><strong>pependit</strong></span> <span class='ocrx_word' id='word_1_220' title='bbox 2879 1590 2932 1644; x_wconf 92' lang='lat' dir='ltr'><strong>in</strong></span> <span class='ocrx_word' id='word_1_221' title='bbox 2965 1603 3164 1658; x_wconf 90' lang='lat' dir='ltr'><strong>cruce,</strong></span> <span class='ocrx_word' id='word_1_222' title='bbox 3198 1589 3393 1645; x_wconf 90' lang='lat' dir='ltr'><strong>mundi</strong></span> <span class='ocrx_word' id='word_1_223' title='bbox 3426 1589 3659 1646; x_wconf 89' lang='lat' dir='ltr'><strong>climata</strong></span> 
     </span>
    </p>
   </div>
   <div class='ocr_carea' id='block_1_34' title="bbox 275 1674 1913 1747">
    <p class='ocr_par' dir='ltr' id='par_1_34' title="bbox 275 1674 1913 1747">
     <span class='ocr_line' id='line_1_34' title="bbox 275 1674 1913 1747; baseline -0.002 -17"><span class='ocrx_word' id='word_1_224' title='bbox 275 1675 540 1733; x_wconf 87' lang='lat' dir='ltr'><strong>Christus</strong></span> <span class='ocrx_word' id='word_1_225' title='bbox 565 1677 991 1747; x_wconf 80' lang='lat' dir='ltr'><strong>prapiciaretur</strong></span> <span class='ocrx_word' id='word_1_226' title='bbox 1011 1677 1097 1732; x_wconf 91' lang='lat' dir='ltr'><strong>eis</strong></span> <span class='ocrx_word' id='word_1_227' title='bbox 1114 1680 1448 1732; x_wconf 88' lang='lat' dir='ltr'><strong>sanctorum</strong></span> <span class='ocrx_word' id='word_1_228' title='bbox 1476 1674 1913 1730; x_wconf 90' lang='lat' dir='ltr'><strong>intercessioni-</strong></span> 
     </span>
    </p>
   </div>
   <div class='ocr_carea' id='block_1_35' title="bbox 274 1763 1914 1835">
    <p class='ocr_par' dir='ltr' id='par_1_35' title="bbox 274 1763 1914 1835">
     <span class='ocr_line' id='line_1_35' title="bbox 274 1763 1914 1835; baseline -0.001 -16"><span class='ocrx_word' id='word_1_229' title='bbox 274 1763 402 1820; x_wconf 89' lang='lat' dir='ltr'><strong>bus.</strong></span> <span class='ocrx_word' id='word_1_230' title='bbox 436 1765 644 1821; x_wconf 92' lang='lat' dir='ltr'><strong>lndixit</strong></span> <span class='ocrx_word' id='word_1_231' title='bbox 681 1765 788 1820; x_wconf 91' lang='lat' dir='ltr'><strong>hoc</strong></span> <span class='ocrx_word' id='word_1_232' title='bbox 820 1770 880 1820; x_wconf 93' lang='lat' dir='ltr'><strong>et</strong></span> <span class='ocrx_word' id='word_1_233' title='bbox 903 1764 1103 1833; x_wconf 87' lang='lat' dir='ltr'><strong>jussit,</strong></span> <span class='ocrx_word' id='word_1_234' title='bbox 1138 1770 1197 1819; x_wconf 88' lang='lat' dir='ltr'><strong>et</strong></span> <span class='ocrx_word' id='word_1_235' title='bbox 1222 1764 1444 1835; x_wconf 90' lang='lat' dir='ltr'><strong>primus</strong></span> <span class='ocrx_word' id='word_1_236' title='bbox 1475 1763 1625 1834; x_wconf 89' lang='lat' dir='ltr'><strong>quod</strong></span> <span class='ocrx_word' id='word_1_237' title='bbox 1654 1767 1914 1832; x_wconf 82' lang='lat' dir='ltr'><strong>jusserat</strong></span> 
     </span>
    </p>
   </div>
   <div class='ocr_carea' id='block_1_36' title="bbox 276 1850 1912 1923">
    <p class='ocr_par' dir='ltr' id='par_1_36' title="bbox 276 1850 1912 1923">
     <span class='ocr_line' id='line_1_36' title="bbox 276 1850 1912 1923; baseline -0.001 -17"><span class='ocrx_word' id='word_1_238' title='bbox 276 1852 431 1908; x_wconf 89' lang='lat' dir='ltr'><strong>fecit.</strong></span> <span class='ocrx_word' id='word_1_239' title='bbox 459 1853 850 1923; x_wconf 87' lang='lat' dir='ltr'><strong>Egrediuntur</strong></span> <span class='ocrx_word' id='word_1_240' title='bbox 873 1853 1273 1908; x_wconf 68' lang='lat' dir='ltr'><strong>indifferenter</strong></span> <span class='ocrx_word' id='word_1_241' title='bbox 1290 1851 1623 1916; x_wconf 83' lang='lat' dir='ltr'><strong>exealciati,</strong></span> <span class='ocrx_word' id='word_1_242' title='bbox 1643 1850 1839 1907; x_wconf 88' lang='lat' dir='ltr'><strong>cinere</strong></span> <span class='ocrx_word' id='word_1_243' title='bbox 1853 1854 1912 1906; x_wconf 93' lang='lat' dir='ltr'><strong>et</strong></span> 
     </span>
    </p>
   </div>
   <div class='ocr_carea' id='block_1_37' title="bbox 272 1939 1915 2010">
    <p class='ocr_par' dir='ltr' id='par_1_37' title="bbox 272 1939 1915 2010">
     <span class='ocr_line' id='line_1_37' title="bbox 272 1939 1915 2010; baseline -0.001 -14"><span class='ocrx_word' id='word_1_244' title='bbox 272 1939 465 1997; x_wconf 91' lang='lat' dir='ltr'><strong>cilicio</strong></span> <span class='ocrx_word' id='word_1_245' title='bbox 480 1942 890 2010; x_wconf 87' lang='lat' dir='ltr'><strong>obvolvuntur,</strong></span> <span class='ocrx_word' id='word_1_246' title='bbox 912 1940 1224 1996; x_wconf 89' lang='lat' dir='ltr'><strong>inclamant</strong></span> <span class='ocrx_word' id='word_1_247' title='bbox 1242 1939 1668 1995; x_wconf 80' lang='lat' dir='ltr'><strong>miserationem</strong></span> <span class='ocrx_word' id='word_1_248' title='bbox 1686 1953 1744 1994; x_wconf 91' lang='lat' dir='ltr'><strong>sa</strong></span> <span class='ocrx_word' id='word_1_249' title='bbox 1756 1946 1915 1995; x_wconf 87' lang='lat' dir='ltr'><strong>ncto—</strong></span> 
     </span>
    </p>
   </div>
   <div class='ocr_carea' id='block_1_38' title="bbox 276 2026 1914 2099">
    <p class='ocr_par' dir='ltr' id='par_1_38' title="bbox 276 2026 1914 2099">
     <span class='ocr_line' id='line_1_38' title="bbox 276 2026 1914 2099; baseline -0.001 -16"><span class='ocrx_word' id='word_1_250' title='bbox 276 2042 422 2094; x_wconf 92' lang='lat' dir='ltr'><strong>rum,</strong></span> <span class='ocrx_word' id='word_1_251' title='bbox 444 2029 924 2099; x_wconf 87' lang='lat' dir='ltr'><strong>propiciationcm</strong></span> <span class='ocrx_word' id='word_1_252' title='bbox 954 2029 1071 2097; x_wconf 89' lang='lat' dir='ltr'><strong>Dei,</strong></span> <span class='ocrx_word' id='word_1_253' title='bbox 1094 2028 1345 2084; x_wconf 88' lang='lat' dir='ltr'><strong>tundunt</strong></span> <span class='ocrx_word' id='word_1_254' title='bbox 1368 2032 1623 2098; x_wconf 86' lang='lat' dir='ltr'><strong>pectora,</strong></span> <span class='ocrx_word' id='word_1_255' title='bbox 1644 2026 1914 2082; x_wconf 88' lang='lat' dir='ltr'><strong>lacrimas</strong></span> 
     </span>
    </p>
   </div>
   <div class='ocr_carea' id='block_1_39' title="bbox 278 2113 1916 2185">
    <p class='ocr_par' dir='ltr' id='par_1_39' title="bbox 278 2113 1916 2185">
     <span class='ocr_line' id='line_1_39' title="bbox 278 2113 1916 2185; baseline 0 -17"><span class='ocrx_word' id='word_1_256' title='bbox 278 2115 546 2175; x_wconf 89' lang='lat' dir='ltr'><strong>fundunt.</strong></span> <span class='ocrx_word' id='word_1_257' title='bbox 582 2132 651 2170; x_wconf 85' lang='lat' dir='ltr'><strong>ne</strong></span> <span class='ocrx_word' id='word_1_258' title='bbox 681 2118 831 2172; x_wconf 90' lang='lat' dir='ltr'><strong>Deus</strong></span> <span class='ocrx_word' id='word_1_259' title='bbox 875 2116 1094 2185; x_wconf 88' lang='lat' dir='ltr'><strong>judicia</strong></span> <span class='ocrx_word' id='word_1_260' title='bbox 1145 2115 1361 2171; x_wconf 83' lang='lat' dir='ltr'><strong>faciens</strong></span> <span class='ocrx_word' id='word_1_261' title='bbox 1395 2114 1448 2169; x_wconf 90' lang='lat' dir='ltr'><strong>in</strong></span> <span class='ocrx_word' id='word_1_262' title='bbox 1483 2113 1761 2184; x_wconf 88' lang='lat' dir='ltr'><strong>operibus</strong></span> <span class='ocrx_word' id='word_1_263' title='bbox 1802 2128 1916 2168; x_wconf 88' lang='lat' dir='ltr'><strong>ma-</strong></span> 
     </span>
    </p>
   </div>
   <div class='ocr_carea' id='block_1_40' title="bbox 278 2201 1916 2274">
    <p class='ocr_par' dir='ltr' id='par_1_40' title="bbox 278 2201 1916 2274">
     <span class='ocr_line' id='line_1_40' title="bbox 278 2201 1916 2274; baseline 0.001 -20"><span class='ocrx_word' id='word_1_264' title='bbox 278 2217 451 2257; x_wconf 90' lang='lat' dir='ltr'><strong>nuum</strong></span> <span class='ocrx_word' id='word_1_265' title='bbox 485 2218 719 2259; x_wconf 90' lang='lat' dir='ltr'><strong>suarum</strong></span> <span class='ocrx_word' id='word_1_266' title='bbox 768 2201 1292 2274; x_wconf 86' lang='lat' dir='ltr'><strong>comprehenderet</strong></span> <span class='ocrx_word' id='word_1_267' title='bbox 1336 2206 1701 2273; x_wconf 88' lang='lat' dir='ltr'><strong>peccatores.</strong></span> <span class='ocrx_word' id='word_1_268' title='bbox 1735 2201 1916 2270; x_wconf 89' lang='lat' dir='ltr'><strong>Igitur</strong></span> 
     </span>
    </p>
   </div>
   <div class='ocr_carea' id='block_1_41' title="bbox 279 2289 1917 2362">
    <p class='ocr_par' dir='ltr' id='par_1_41' title="bbox 279 2289 1917 2362">
     <span class='ocr_line' id='line_1_41' title="bbox 279 2289 1917 2362; baseline -0.001 -18"><span class='ocrx_word' id='word_1_269' title='bbox 279 2289 462 2360; x_wconf 91' lang='lat' dir='ltr'><strong>prima</strong></span> <span class='ocrx_word' id='word_1_270' title='bbox 497 2289 840 2347; x_wconf 88' lang='lat' dir='ltr'><strong>letaniarum</strong></span> <span class='ocrx_word' id='word_1_271' title='bbox 876 2290 969 2346; x_wconf 89' lang='lat' dir='ltr'><strong>die</strong></span> <span class='ocrx_word' id='word_1_272' title='bbox 1004 2294 1200 2362; x_wconf 88' lang='lat' dir='ltr'><strong>pastor</strong></span> <span class='ocrx_word' id='word_1_273' title='bbox 1234 2290 1358 2361; x_wconf 89' lang='lat' dir='ltr'><strong>ipse</strong></span> <span class='ocrx_word' id='word_1_274' title='bbox 1396 2305 1525 2345; x_wconf 87' lang='lat' dir='ltr'><strong>cum</strong></span> <span class='ocrx_word' id='word_1_275' title='bbox 1553 2289 1760 2345; x_wconf 88' lang='lat' dir='ltr'><strong>ovibus</strong></span> <span class='ocrx_word' id='word_1_276' title='bbox 1788 2302 1917 2358; x_wconf 88' lang='lat' dir='ltr'><strong>gra-</strong></span> 
     </span>
    </p>
   </div>
   <div class='ocr_carea' id='block_1_42' title="bbox 280 2376 1918 2449">
    <p class='ocr_par' dir='ltr' id='par_1_42' title="bbox 280 2376 1918 2449">
     <span class='ocr_line' id='line_1_42' title="bbox 280 2376 1918 2449; baseline 0 -18"><span class='ocrx_word' id='word_1_277' title='bbox 280 2377 465 2439; x_wconf 83' lang='lat' dir='ltr'><strong>diens,</strong></span> <span class='ocrx_word' id='word_1_278' title='bbox 484 2379 540 2432; x_wconf 92' lang='lat' dir='ltr'><strong>in</strong></span> <span class='ocrx_word' id='word_1_279' title='bbox 568 2379 878 2449; x_wconf 71' lang='lat' dir='ltr'><strong>przesentia</strong></span> <span class='ocrx_word' id='word_1_280' title='bbox 903 2378 1375 2435; x_wconf 80' lang='lat' dir='ltr'><strong>concurrentirm</strong></span> <span class='ocrx_word' id='word_1_281' title='bbox 1400 2376 1603 2434; x_wconf 88' lang='lat' dir='ltr'><strong>oculos</strong></span> <span class='ocrx_word' id='word_1_282' title='bbox 1624 2376 1918 2433; x_wconf 88' lang='lat' dir='ltr'><strong>convertit</strong></span> 
     </span>
    </p>
   </div>
   <div class='ocr_carea' id='block_1_43' title="bbox 277 2464 1915 2537">
    <p class='ocr_par' dir='ltr' id='par_1_43' title="bbox 277 2464 1915 2537">
     <span class='ocr_line' id='line_1_43' title="bbox 277 2464 1915 2537; baseline 0 -16"><span class='ocrx_word' id='word_1_283' title='bbox 277 2464 347 2521; x_wconf 92' lang='lat' dir='ltr'><strong>ad</strong></span> <span class='ocrx_word' id='word_1_284' title='bbox 380 2466 606 2536; x_wconf 66' lang='lat' dir='ltr'><strong>caelum,</strong></span> <span class='ocrx_word' id='word_1_285' title='bbox 640 2467 695 2521; x_wconf 92' lang='lat' dir='ltr'><strong>in</strong></span> <span class='ocrx_word' id='word_1_286' title='bbox 728 2466 902 2523; x_wconf 92' lang='lat' dir='ltr'><strong>corde</strong></span> <span class='ocrx_word' id='word_1_287' title='bbox 933 2482 1037 2523; x_wconf 90' lang='lat' dir='ltr'><strong>suo</strong></span> <span class='ocrx_word' id='word_1_288' title='bbox 1069 2466 1467 2537; x_wconf 88' lang='lat' dir='ltr'><strong>quiescentem</strong></span> <span class='ocrx_word' id='word_1_289' title='bbox 1498 2464 1813 2522; x_wconf 88' lang='lat' dir='ltr'><strong>commovit</strong></span> <span class='ocrx_word' id='word_1_290' title='bbox 1843 2464 1915 2521; x_wconf 91' lang='lat' dir='ltr'><strong>ad</strong></span> 
     </span>
    </p>
   </div>
   <div class='ocr_carea' id='block_1_44' title="bbox 276 2552 1920 2624">
    <p class='ocr_par' dir='ltr' id='par_1_44' title="bbox 276 2552 1920 2624">
     <span class='ocr_line' id='line_1_44' title="bbox 276 2552 1920 2624; baseline -0.002 -15"><span class='ocrx_word' id='word_1_291' title='bbox 276 2553 738 2610; x_wconf 86' lang='lat' dir='ltr'><strong>misericordiam</strong></span> <span class='ocrx_word' id='word_1_292' title='bbox 757 2557 1021 2624; x_wconf 87' lang='lat' dir='ltr'><strong>Deum,et</strong></span> <span class='ocrx_word' id='word_1_293' title='bbox 1036 2554 1232 2611; x_wconf 92' lang='lat' dir='ltr'><strong>subito</strong></span> <span class='ocrx_word' id='word_1_294' title='bbox 1249 2554 1500 2609; x_wconf 87' lang='lat' dir='ltr'><strong>nubibus</strong></span> <span class='ocrx_word' id='word_1_295' title='bbox 1516 2553 1711 2608; x_wconf 88' lang='lat' dir='ltr'><strong>densis</strong></span> <span class='ocrx_word' id='word_1_296' title='bbox 1725 2552 1920 2608; x_wconf 90' lang='lat' dir='ltr'><strong>obum-</strong></span> 
     </span>
    </p>
   </div>
   <div class='ocr_carea' id='block_1_45' title="bbox 278 2634 1917 2711">
    <p class='ocr_par' dir='ltr' id='par_1_45' title="bbox 278 2634 1917 2711">
     <span class='ocr_line' id='line_1_45' title="bbox 278 2634 1917 2711; baseline -0.001 -15"><span class='ocrx_word' id='word_1_297' title='bbox 278 2634 444 2696; x_wconf 87' lang='lat' dir='ltr'><strong>brato</strong></span> <span class='ocrx_word' id='word_1_298' title='bbox 466 2655 600 2697; x_wconf 85' lang='lat' dir='ltr'><strong>aere</strong></span> <span class='ocrx_word' id='word_1_299' title='bbox 622 2643 912 2698; x_wconf 85' lang='lat' dir='ltr'><strong>ﬂuxerunt</strong></span> <span class='ocrx_word' id='word_1_300' title='bbox 929 2656 1111 2710; x_wconf 65' lang='lat' dir='ltr'><strong>aquae.</strong></span> <span class='ocrx_word' id='word_1_301' title='bbox 1132 2642 1342 2710; x_wconf 89' lang='lat' dir='ltr'><strong>Sicque</strong></span> <span class='ocrx_word' id='word_1_302' title='bbox 1369 2656 1468 2711; x_wconf 90' lang='lat' dir='ltr'><strong>per</strong></span> <span class='ocrx_word' id='word_1_303' title='bbox 1488 2640 1745 2696; x_wconf 87' lang='lat' dir='ltr'><strong>triduum</strong></span> <span class='ocrx_word' id='word_1_304' title='bbox 1772 2639 1917 2695; x_wconf 89' lang='lat' dir='ltr'><strong>illud</strong></span> 
     </span>
    </p>
   </div>
   <div class='ocr_carea' id='block_1_46' title="bbox 278 2727 1915 2799">
    <p class='ocr_par' dir='ltr' id='par_1_46' title="bbox 278 2727 1915 2799">
     <span class='ocr_line' id='line_1_46' title="bbox 278 2727 1915 2799; baseline -0.001 -16"><span class='ocrx_word' id='word_1_305' title='bbox 278 2727 675 2785; x_wconf 84' lang='lat' dir='ltr'><strong>deﬂuentibus</strong></span> <span class='ocrx_word' id='word_1_306' title='bbox 694 2729 910 2799; x_wconf 84' lang='lat' dir='ltr'><strong>pluviis</strong></span> <span class='ocrx_word' id='word_1_307' title='bbox 934 2733 1091 2784; x_wconf 90' lang='lat' dir='ltr'><strong>terra</strong></span> <span class='ocrx_word' id='word_1_308' title='bbox 1112 2731 1388 2798; x_wconf 83' lang='lat' dir='ltr'><strong>vigorem,</strong></span> <span class='ocrx_word' id='word_1_309' title='bbox 1415 2728 1610 2784; x_wconf 71' lang='lat' dir='ltr'><strong>herba:</strong></span> <span class='ocrx_word' id='word_1_310' title='bbox 1642 2727 1915 2797; x_wconf 86' lang='lat' dir='ltr'><strong>virorem,</strong></span> 
     </span>
    </p>
   </div>
   <div class='ocr_carea' id='block_1_47' title="bbox 280 2815 1915 2886">
    <p class='ocr_par' dir='ltr' id='par_1_47' title="bbox 280 2815 1915 2886">
     <span class='ocr_line' id='line_1_47' title="bbox 280 2815 1915 2886; baseline 0 -17"><span class='ocrx_word' id='word_1_311' title='bbox 280 2815 468 2871; x_wconf 87' lang='lat' dir='ltr'><strong>fontes</strong></span> <span class='ocrx_word' id='word_1_312' title='bbox 495 2816 756 2886; x_wconf 84' lang='lat' dir='ltr'><strong>fluorem,</strong></span> <span class='ocrx_word' id='word_1_313' title='bbox 809 2818 1049 2873; x_wconf 89' lang='lat' dir='ltr'><strong>arbores</strong></span> <span class='ocrx_word' id='word_1_314' title='bbox 1091 2817 1267 2873; x_wconf 88' lang='lat' dir='ltr'><strong>vitam</strong></span> <span class='ocrx_word' id='word_1_315' title='bbox 1299 2821 1358 2871; x_wconf 90' lang='lat' dir='ltr'><strong>et</strong></span> <span class='ocrx_word' id='word_1_316' title='bbox 1390 2816 1639 2871; x_wconf 88' lang='lat' dir='ltr'><strong>mundus</strong></span> <span class='ocrx_word' id='word_1_317' title='bbox 1690 2815 1915 2885; x_wconf 86' lang='lat' dir='ltr'><strong>plenam</strong></span> 
     </span>
    </p>
   </div>
   <div class='ocr_carea' id='block_1_48' title="bbox 281 2903 1917 2974">
    <p class='ocr_par' dir='ltr' id='par_1_48' title="bbox 281 2903 1917 2974">
     <span class='ocr_line' id='line_1_48' title="bbox 281 2903 1917 2974; baseline 0.001 -17"><span class='ocrx_word' id='word_1_318' title='bbox 281 2903 507 2974; x_wconf 89' lang='lat' dir='ltr'><strong>recepit</strong></span> <span class='ocrx_word' id='word_1_319' title='bbox 535 2904 968 2961; x_wconf 89' lang='lat' dir='ltr'><strong>abundantiam.</strong></span> <span class='ocrx_word' id='word_1_320' title='bbox 1001 2907 1113 2960; x_wconf 75' lang='lat' dir='ltr'><strong>Nec</strong></span> <span class='ocrx_word' id='word_1_321' title='bbox 1137 2904 1309 2959; x_wconf 88' lang='lat' dir='ltr'><strong>latuit</strong></span> <span class='ocrx_word' id='word_1_322' title='bbox 1334 2903 1616 2972; x_wconf 90' lang='lat' dir='ltr'><strong>homines,</strong></span> <span class='ocrx_word' id='word_1_323' title='bbox 1647 2903 1917 2958; x_wconf 90' lang='lat' dir='ltr'><strong>viderunt</strong></span> 
     </span>
    </p>
   </div>
   <div class='ocr_carea' id='block_1_49' title="bbox 278 2989 1914 3064">
    <p class='ocr_par' dir='ltr' id='par_1_49' title="bbox 278 2989 1914 3064">
     <span class='ocr_line' id='line_1_49' title="bbox 278 2989 1914 3064; baseline 0.001 -21"><span class='ocrx_word' id='word_1_324' title='bbox 278 2994 336 3044; x_wconf 89' lang='lat' dir='ltr'><strong>et</strong></span> <span class='ocrx_word' id='word_1_325' title='bbox 367 2991 653 3047; x_wconf 86' lang='lat' dir='ltr'><strong>ammirati</strong></span> <span class='ocrx_word' id='word_1_326' title='bbox 707 2996 863 3064; x_wconf 89' lang='lat' dir='ltr'><strong>sunt,</strong></span> <span class='ocrx_word' id='word_1_327' title='bbox 901 2997 1112 3061; x_wconf 89' lang='lat' dir='ltr'><strong>quanta</strong></span> <span class='ocrx_word' id='word_1_328' title='bbox 1146 2992 1217 3047; x_wconf 89' lang='lat' dir='ltr'><strong>de</strong></span> <span class='ocrx_word' id='word_1_329' title='bbox 1252 2996 1485 3063; x_wconf 87' lang='lat' dir='ltr'><strong>pastore</strong></span> <span class='ocrx_word' id='word_1_330' title='bbox 1528 2995 1731 3047; x_wconf 77' lang='lat' dir='ltr'><strong>sancto</strong></span> <span class='ocrx_word' id='word_1_331' title='bbox 1763 2989 1914 3061; x_wconf 87' lang='lat' dir='ltr'><strong>apud</strong></span> 
     </span>
    </p>
   </div>
   <div class='ocr_carea' id='block_1_50' title="bbox 282 3078 1918 3149">
    <p class='ocr_par' dir='ltr' id='par_1_50' title="bbox 282 3078 1918 3149">
     <span class='ocr_line' id='line_1_50' title="bbox 282 3078 1918 3149; baseline 0.001 -18"><span class='ocrx_word' id='word_1_332' title='bbox 282 3079 451 3135; x_wconf 89' lang='lat' dir='ltr'><strong>Deum</strong></span> <span class='ocrx_word' id='word_1_333' title='bbox 487 3095 625 3137; x_wconf 84' lang='lat' dir='ltr'><strong>cura</strong></span> <span class='ocrx_word' id='word_1_334' title='bbox 659 3080 878 3137; x_wconf 79' lang='lat' dir='ltr'><strong>extitit.</strong></span> <span class='ocrx_word' id='word_1_335' title='bbox 912 3082 1048 3136; x_wconf 85' lang='lat' dir='ltr'><strong>Nam</strong></span> <span class='ocrx_word' id='word_1_336' title='bbox 1076 3095 1204 3137; x_wconf 90' lang='lat' dir='ltr'><strong>cum</strong></span> <span class='ocrx_word' id='word_1_337' title='bbox 1232 3081 1341 3135; x_wconf 89' lang='lat' dir='ltr'><strong>sub</strong></span> <span class='ocrx_word' id='word_1_338' title='bbox 1366 3079 1519 3135; x_wconf 91' lang='lat' dir='ltr'><strong>nudo</strong></span> <span class='ocrx_word' id='word_1_339' title='bbox 1549 3094 1684 3135; x_wconf 92' lang='lat' dir='ltr'><strong>aere</strong></span> <span class='ocrx_word' id='word_1_340' title='bbox 1715 3078 1918 3149; x_wconf 86' lang='lat' dir='ltr'><strong>grade-</strong></span> 
     </span>
    </p>
   </div>
   <div class='ocr_carea' id='block_1_51' title="bbox 280 3167 1922 3239">
    <p class='ocr_par' dir='ltr' id='par_1_51' title="bbox 280 3167 1922 3239">
     <span class='ocr_line' id='line_1_51' title="bbox 280 3167 1922 3239; baseline -0.001 -17"><span class='ocrx_word' id='word_1_341' title='bbox 280 3170 462 3234; x_wconf 86' lang='lat' dir='ltr'><strong>retur,</strong></span> <span class='ocrx_word' id='word_1_342' title='bbox 480 3182 799 3239; x_wconf 88' lang='lat' dir='ltr'><strong>omnesque</strong></span> <span class='ocrx_word' id='word_1_343' title='bbox 812 3169 979 3237; x_wconf 90' lang='lat' dir='ltr'><strong>aquis</strong></span> <span class='ocrx_word' id='word_1_344' title='bbox 994 3167 1487 3223; x_wconf 86' lang='lat' dir='ltr'><strong>descendentibus</strong></span> <span class='ocrx_word' id='word_1_345' title='bbox 1507 3167 1922 3237; x_wconf 82' lang='lat' dir='ltr'><strong>perfunderen-</strong></span> 
     </span>
    </p>
   </div>
   <div class='ocr_carea' id='block_1_52' title="bbox 279 3254 1920 3327">
    <p class='ocr_par' dir='ltr' id='par_1_52' title="bbox 279 3254 1920 3327">
     <span class='ocr_line' id='line_1_52' title="bbox 279 3254 1920 3327; baseline 0.001 -18"><span class='ocrx_word' id='word_1_346' title='bbox 279 3260 399 3326; x_wconf 87' lang='lat' dir='ltr'><strong>tur,</strong></span> <span class='ocrx_word' id='word_1_347' title='bbox 432 3256 540 3326; x_wconf 89' lang='lat' dir='ltr'><strong>ipsi</strong></span> <span class='ocrx_word' id='word_1_348' title='bbox 573 3258 725 3313; x_wconf 89' lang='lat' dir='ltr'><strong>Deus</strong></span> <span class='ocrx_word' id='word_1_349' title='bbox 756 3256 808 3311; x_wconf 93' lang='lat' dir='ltr'><strong>in</strong></span> <span class='ocrx_word' id='word_1_350' title='bbox 844 3256 1036 3327; x_wconf 89' lang='lat' dir='ltr'><strong>pluvia</strong></span> <span class='ocrx_word' id='word_1_351' title='bbox 1086 3254 1485 3311; x_wconf 84' lang='lat' dir='ltr'><strong>umbraculum</strong></span> <span class='ocrx_word' id='word_1_352' title='bbox 1523 3255 1679 3310; x_wconf 89' lang='lat' dir='ltr'><strong>fecit.</strong></span> <span class='ocrx_word' id='word_1_353' title='bbox 1719 3256 1831 3309; x_wconf 86' lang='lat' dir='ltr'><strong>[lac</strong></span> <span class='ocrx_word' id='word_1_354' title='bbox 1859 3258 1920 3310; x_wconf 91' lang='lat' dir='ltr'><strong>et</strong></span> 
     </span>
    </p>
   </div>
   <div class='ocr_carea' id='block_1_53' title="bbox 280 3342 1918 3414">
    <p class='ocr_par' dir='ltr' id='par_1_53' title="bbox 280 3342 1918 3414">
     <span class='ocr_line' id='line_1_53' title="bbox 280 3342 1918 3414; baseline 0.002 -20"><span class='ocrx_word' id='word_1_355' title='bbox 280 3342 435 3408; x_wconf 89' lang='lat' dir='ltr'><strong>illac,</strong></span> <span class='ocrx_word' id='word_1_356' title='bbox 474 3344 567 3399; x_wconf 92' lang='lat' dir='ltr'><strong>ubi</strong></span> <span class='ocrx_word' id='word_1_357' title='bbox 619 3349 732 3412; x_wconf 90' lang='lat' dir='ltr'><strong>est,</strong></span> <span class='ocrx_word' id='word_1_358' title='bbox 787 3344 947 3414; x_wconf 89' lang='lat' dir='ltr'><strong>jussa</strong></span> <span class='ocrx_word' id='word_1_359' title='bbox 981 3358 1125 3413; x_wconf 92' lang='lat' dir='ltr'><strong>aqua</strong></span> <span class='ocrx_word' id='word_1_360' title='bbox 1161 3343 1395 3412; x_wconf 86' lang='lat' dir='ltr'><strong>cecidit,</strong></span> <span class='ocrx_word' id='word_1_361' title='bbox 1450 3343 1635 3413; x_wconf 90' lang='lat' dir='ltr'><strong>ipsum</strong></span> <span class='ocrx_word' id='word_1_362' title='bbox 1667 3344 1739 3398; x_wconf 89' lang='lat' dir='ltr'><strong>ab</strong></span> <span class='ocrx_word' id='word_1_363' title='bbox 1771 3357 1918 3412; x_wconf 90' lang='lat' dir='ltr'><strong>aqua</strong></span> 
     </span>
    </p>
   </div>
   <div class='ocr_carea' id='block_1_54' title="bbox 280 3430 1914 3503">
    <p class='ocr_par' dir='ltr' id='par_1_54' title="bbox 280 3430 1914 3503">
     <span class='ocr_line' id='line_1_54' title="bbox 280 3430 1914 3503; baseline 0.001 -19"><span class='ocrx_word' id='word_1_364' title='bbox 280 3433 439 3501; x_wconf 84' lang='lat' dir='ltr'><strong>tangi</strong></span> <span class='ocrx_word' id='word_1_365' title='bbox 465 3432 786 3503; x_wconf 83' lang='lat' dir='ltr'><strong>prohibuit,</strong></span> <span class='ocrx_word' id='word_1_366' title='bbox 814 3432 908 3501; x_wconf 93' lang='lat' dir='ltr'><strong>qui</strong></span> <span class='ocrx_word' id='word_1_367' title='bbox 934 3432 1120 3487; x_wconf 92' lang='lat' dir='ltr'><strong>omnia</strong></span> <span class='ocrx_word' id='word_1_368' title='bbox 1157 3445 1519 3501; x_wconf 61' lang='lat' dir='ltr'><strong>quiecunque</strong></span> <span class='ocrx_word' id='word_1_369' title='bbox 1551 3430 1735 3487; x_wconf 90' lang='lat' dir='ltr'><strong>voluit</strong></span> <span class='ocrx_word' id='word_1_370' title='bbox 1760 3432 1914 3487; x_wconf 87' lang='lat' dir='ltr'><strong>fecit.</strong></span> 
     </span>
    </p>
   </div>
   <div class='ocr_carea' id='block_1_55' title="bbox 352 3518 1919 3589">
    <p class='ocr_par' dir='ltr' id='par_1_55' title="bbox 352 3518 1919 3589">
     <span class='ocr_line' id='line_1_55' title="bbox 352 3518 1919 3589; baseline 0 -15"><span class='ocrx_word' id='word_1_371' title='bbox 352 3522 489 3575; x_wconf 87' lang='lat' dir='ltr'><strong>Cum</strong></span> <span class='ocrx_word' id='word_1_372' title='bbox 522 3534 662 3588; x_wconf 83' lang='lat' dir='ltr'><strong>ergo</strong></span> <span class='ocrx_word' id='word_1_373' title='bbox 684 3519 850 3587; x_wconf 88' lang='lat' dir='ltr'><strong>juxta</strong></span> <span class='ocrx_word' id='word_1_374' title='bbox 880 3519 1360 3574; x_wconf 90' lang='lat' dir='ltr'><strong>consuetudinem</strong></span> <span class='ocrx_word' id='word_1_375' title='bbox 1397 3518 1748 3589; x_wconf 87' lang='lat' dir='ltr'><strong>pastoralem</strong></span> <span class='ocrx_word' id='word_1_376' title='bbox 1774 3519 1919 3574; x_wconf 87' lang='lat' dir='ltr'><strong>limi-</strong></span> 
     </span>
    </p>
   </div>
   <div class='ocr_carea' id='block_1_56' title="bbox 282 3605 1921 3678">
    <p class='ocr_par' dir='ltr' id='par_1_56' title="bbox 282 3605 1921 3678">
     <span class='ocr_line' id='line_1_56' title="bbox 282 3605 1921 3678; baseline 0.001 -17"><span class='ocrx_word' id='word_1_377' title='bbox 282 3622 349 3662; x_wconf 90' lang='lat' dir='ltr'><strong>na</strong></span> <span class='ocrx_word' id='word_1_378' title='bbox 376 3607 642 3663; x_wconf 65' lang='lat' dir='ltr'><strong>ecclesize</strong></span> <span class='ocrx_word' id='word_1_379' title='bbox 678 3605 1017 3678; x_wconf 90' lang='lat' dir='ltr'><strong>principalis</strong></span> <span class='ocrx_word' id='word_1_380' title='bbox 1049 3612 1266 3663; x_wconf 73' lang='lat' dir='ltr'><strong>sanctae</strong></span> <span class='ocrx_word' id='word_1_381' title='bbox 1296 3606 1483 3662; x_wconf 67' lang='lat' dir='ltr'><strong>Mariae</strong></span> <span class='ocrx_word' id='word_1_382' title='bbox 1514 3610 1760 3672; x_wconf 88' lang='lat' dir='ltr'><strong>tereret,</strong></span> <span class='ocrx_word' id='word_1_383' title='bbox 1797 3607 1921 3677; x_wconf 92' lang='lat' dir='ltr'><strong>qui-</strong></span> 
     </span>
    </p>
   </div>
   <div class='ocr_carea' id='block_1_57' title="bbox 281 3694 1920 3760">
    <p class='ocr_par' dir='ltr' id='par_1_57' title="bbox 281 3694 1920 3760">
     <span class='ocr_line' id='line_1_57' title="bbox 281 3694 1920 3760; baseline 0 -10"><span class='ocrx_word' id='word_1_384' title='bbox 281 3695 407 3751; x_wconf 91' lang='lat' dir='ltr'><strong>dam</strong></span> <span class='ocrx_word' id='word_1_385' title='bbox 430 3696 721 3752; x_wconf 83' lang='lat' dir='ltr'><strong>Johanncs</strong></span> <span class='ocrx_word' id='word_1_386' title='bbox 745 3695 973 3751; x_wconf 90' lang='lat' dir='ltr'><strong>nomine</strong></span> <span class='ocrx_word' id='word_1_387' title='bbox 1005 3694 1276 3750; x_wconf 87' lang='lat' dir='ltr'><strong>membris</strong></span> <span class='ocrx_word' id='word_1_388' title='bbox 1307 3694 1559 3760; x_wconf 89' lang='lat' dir='ltr'><strong>solutus,</strong></span> <span class='ocrx_word' id='word_1_389' title='bbox 1590 3694 1786 3751; x_wconf 89' lang='lat' dir='ltr'><strong>nervis</strong></span> <span class='ocrx_word' id='word_1_390' title='bbox 1809 3695 1920 3751; x_wconf 90' lang='lat' dir='ltr'><strong>ari-</strong></span> 
     </span>
    </p>
   </div>
   <div class='ocr_carea' id='block_1_58' title="bbox 279 3782 1919 3853">
    <p class='ocr_par' dir='ltr' id='par_1_58' title="bbox 279 3782 1919 3853">
     <span class='ocr_line' id='line_1_58' title="bbox 279 3782 1919 3853; baseline 0.001 -15"><span class='ocrx_word' id='word_1_391' title='bbox 279 3782 411 3853; x_wconf 90' lang='lat' dir='ltr'><strong>dus,</strong></span> <span class='ocrx_word' id='word_1_392' title='bbox 444 3789 711 3839; x_wconf 89' lang='lat' dir='ltr'><strong>mortuus</strong></span> <span class='ocrx_word' id='word_1_393' title='bbox 740 3783 983 3851; x_wconf 90' lang='lat' dir='ltr'><strong>viribus,</strong></span> <span class='ocrx_word' id='word_1_394' title='bbox 1038 3783 1224 3839; x_wconf 86' lang='lat' dir='ltr'><strong>anima</strong></span> <span class='ocrx_word' id='word_1_395' title='bbox 1274 3782 1658 3851; x_wconf 87' lang='lat' dir='ltr'><strong>subsistente,</strong></span> <span class='ocrx_word' id='word_1_396' title='bbox 1708 3782 1919 3853; x_wconf 72' lang='lat' dir='ltr'><strong>linguae</strong></span> 
     </span>
    </p>
   </div>
   <div class='ocr_carea' id='block_1_59' title="bbox 281 3871 1920 3942">
    <p class='ocr_par' dir='ltr' id='par_1_59' title="bbox 281 3871 1920 3942">
     <span class='ocr_line' id='line_1_59' title="bbox 281 3871 1920 3942; baseline 0 -14"><span class='ocrx_word' id='word_1_397' title='bbox 281 3876 504 3929; x_wconf 92' lang='lat' dir='ltr'><strong>tantum</strong></span> <span class='ocrx_word' id='word_1_398' title='bbox 536 3871 720 3927; x_wconf 77' lang='lat' dir='ltr'><strong>oﬂleio</strong></span> <span class='ocrx_word' id='word_1_399' title='bbox 745 3871 1089 3942; x_wconf 72' lang='lat' dir='ltr'><strong>praevalens,</strong></span> <span class='ocrx_word' id='word_1_400' title='bbox 1114 3871 1372 3940; x_wconf 91' lang='lat' dir='ltr'><strong>vocibus,</strong></span> <span class='ocrx_word' id='word_1_401' title='bbox 1398 3885 1540 3940; x_wconf 91' lang='lat' dir='ltr'><strong>quas</strong></span> <span class='ocrx_word' id='word_1_402' title='bbox 1569 3871 1802 3927; x_wconf 90' lang='lat' dir='ltr'><strong>enervis</strong></span> <span class='ocrx_word' id='word_1_403' title='bbox 1824 3871 1920 3928; x_wconf 87' lang='lat' dir='ltr'><strong>ha-</strong></span> 
     </span>
    </p>
   </div>
   <div class='ocr_carea' id='block_1_60' title="bbox 282 3958 1921 4033">
    <p class='ocr_par' dir='ltr' id='par_1_60' title="bbox 282 3958 1921 4033">
     <span class='ocr_line' id='line_1_60' title="bbox 282 3958 1921 4033; baseline 0.001 -18"><span class='ocrx_word' id='word_1_404' title='bbox 282 3960 475 4025; x_wconf 87' lang='lat' dir='ltr'><strong>bebat,</strong></span> <span class='ocrx_word' id='word_1_405' title='bbox 497 3960 831 4033; x_wconf 86' lang='lat' dir='ltr'><strong>episcopum</strong></span> <span class='ocrx_word' id='word_1_406' title='bbox 854 3958 1139 4027; x_wconf 87' lang='lat' dir='ltr'><strong>exoravit,</strong></span> <span class='ocrx_word' id='word_1_407' title='bbox 1165 3959 1366 4015; x_wconf 90' lang='lat' dir='ltr'><strong>dicens</strong></span> <span class='ocrx_word' id='word_1_408' title='bbox 1392 3978 1403 4015; x_wconf 87' lang='lat'><strong>:</strong></span> <span class='ocrx_word' id='word_1_409' title='bbox 1433 3959 1695 4029; x_wconf 80' lang='lat' dir='ltr'><strong>Obsecro,</strong></span> <span class='ocrx_word' id='word_1_410' title='bbox 1719 3962 1921 4018; x_wconf 73' lang='lat' dir='ltr'><strong>sancte</strong></span> 
     </span>
    </p>
   </div>
   <div class='ocr_carea' id='block_1_61' title="bbox 278 4047 1918 4125">
    <p class='ocr_par' dir='ltr' id='par_1_61' title="bbox 278 4047 1918 4125">
     <span class='ocr_line' id='line_1_61' title="bbox 278 4047 1918 4125; baseline -0.002 -17"><span class='ocrx_word' id='word_1_411' title='bbox 278 4050 411 4118; x_wconf 75' lang='lat' dir='ltr'><strong>Dei,</strong></span> <span class='ocrx_word' id='word_1_412' title='bbox 440 4050 514 4106; x_wconf 77' lang='lat' dir='ltr'><strong>ut</strong></span> <span class='ocrx_word' id='word_1_413' title='bbox 539 4048 765 4125; x_wconf 68' lang='lat' dir='ltr'><strong>habeas</strong></span> <span class='ocrx_word' id='word_1_414' title='bbox 792 4049 858 4106; x_wconf 77' lang='lat' dir='ltr'><strong>in</strong></span> <span class='ocrx_word' id='word_1_415' title='bbox 874 4062 965 4104; x_wconf 77' lang='lat' dir='ltr'><strong>me</strong></span> <span class='ocrx_word' id='word_1_416' title='bbox 990 4047 1486 4105; x_wconf 65' lang='lat' dir='ltr'><strong>misericordiam.</strong></span> <span class='ocrx_word' id='word_1_417' title='bbox 1515 4048 1615 4103; x_wconf 85' lang='lat' dir='ltr'><strong>Cui</strong></span> <span class='ocrx_word' id='word_1_418' title='bbox 1640 4048 1918 4105; x_wconf 86' lang='lat' dir='ltr'><strong>sacerdos</strong></span> 
     </span>
    </p>
   </div>
   <div class='ocr_carea' id='block_1_62' title="bbox 281 4135 1920 4208">
    <p class='ocr_par' dir='ltr' id='par_1_62' title="bbox 281 4135 1920 4208">
     <span class='ocr_line' id='line_1_62' title="bbox 281 4135 1920 4208; baseline 0 -16"><span class='ocrx_word' id='word_1_419' title='bbox 281 4137 464 4195; x_wconf 84' lang='lat' dir='ltr'><strong>ﬂexus</strong></span> <span class='ocrx_word' id='word_1_420' title='bbox 503 4136 926 4208; x_wconf 89' lang='lat' dir='ltr'><strong>quodammodo</strong></span> <span class='ocrx_word' id='word_1_421' title='bbox 955 4141 1172 4192; x_wconf 90' lang='lat' dir='ltr'><strong>etcum</strong></span> <span class='ocrx_word' id='word_1_422' title='bbox 1207 4135 1433 4191; x_wconf 83' lang='lat' dir='ltr'><strong>infirmo</strong></span> <span class='ocrx_word' id='word_1_423' title='bbox 1476 4135 1803 4192; x_wconf 83' lang='lat' dir='ltr'><strong>inﬁrmatus</strong></span> <span class='ocrx_word' id='word_1_424' title='bbox 1834 4151 1920 4192; x_wconf 90' lang='lat' dir='ltr'><strong>re-</strong></span> 
     </span>
    </p>
   </div>
   <div class='ocr_carea' id='block_1_63' title="bbox 280 4223 1910 4297">
    <p class='ocr_par' dir='ltr' id='par_1_63' title="bbox 280 4223 1910 4297">
     <span class='ocr_line' id='line_1_63' title="bbox 280 4223 1910 4297; baseline 0 -16"><span class='ocrx_word' id='word_1_425' title='bbox 280 4226 518 4297; x_wconf 90' lang='lat' dir='ltr'><strong>spondit</strong></span> <span class='ocrx_word' id='word_1_426' title='bbox 544 4245 554 4280; x_wconf 93' lang='lat'><strong>:</strong></span> <span class='ocrx_word' id='word_1_427' title='bbox 586 4225 743 4291; x_wconf 70' lang='lat' dir='ltr'><strong>Quid</strong></span> <span class='ocrx_word' id='word_1_428' title='bbox 769 4224 879 4281; x_wconf 81' lang='lat' dir='ltr'><strong>tibi</strong></span> <span class='ocrx_word' id='word_1_429' title='bbox 908 4224 1292 4295; x_wconf 72' lang='lat' dir='ltr'><strong>eisfaciam?</strong></span> <span class='ocrx_word' id='word_1_430' title='bbox 1316 4223 1397 4279; x_wconf 72' lang='lat' dir='ltr'><strong>ad</strong></span> <span class='ocrx_word' id='word_1_431' title='bbox 1430 4224 1535 4279; x_wconf 92' lang='lat' dir='ltr'><strong>hec</strong></span> <span class='ocrx_word' id='word_1_432' title='bbox 1569 4223 1910 4293; x_wconf 88' lang='lat' dir='ltr'><strong>languidus:</strong></span> 
     </span>
    </p>
   </div>
   <div class='ocr_carea' id='block_1_64' title="bbox 279 4300 1999 4381">
    <p class='ocr_par' dir='ltr' id='par_1_64' title="bbox 279 4300 1999 4381">
     <span class='ocr_line' id='line_1_64' title="bbox 279 4300 1999 4381; baseline -0.003 -12"><span class='ocrx_word' id='word_1_433' title='bbox 279 4313 359 4369; x_wconf 87' lang='lat' dir='ltr'><strong>Ut</strong></span> <span class='ocrx_word' id='word_1_434' title='bbox 380 4315 727 4371; x_wconf 77' lang='lat' dir='ltr'><strong>miserearis</strong></span> <span class='ocrx_word' id='word_1_435' title='bbox 755 4313 888 4381; x_wconf 83' lang='lat' dir='ltr'><strong>mei,</strong></span> <span class='ocrx_word' id='word_1_436' title='bbox 914 4312 1013 4367; x_wconf 88' lang='lat' dir='ltr'><strong>a&#39;t.</strong></span> <span class='ocrx_word' id='word_1_437' title='bbox 1039 4313 1194 4367; x_wconf 87' lang='lat' dir='ltr'><strong>Tunc</strong></span> <span class='ocrx_word' id='word_1_438' title='bbox 1225 4313 1506 4367; x_wconf 87' lang='lat' dir='ltr'><strong>sacerJos</strong></span> <span class='ocrx_word' id='word_1_439' title='bbox 1532 4312 1585 4366; x_wconf 93' lang='lat' dir='ltr'><strong>in</strong></span> <span class='ocrx_word' id='word_1_440' title='bbox 1612 4313 1726 4367; x_wconf 81' lang='lat' dir='ltr'><strong>De)</strong></span> <span class='ocrx_word' id='word_1_441' title='bbox 1752 4311 1918 4369; x_wconf 87' lang='lat' dir='ltr'><strong>ditis-</strong></span> <span class='ocrx_word' id='word_1_442' title='bbox 1944 4300 1999 4363; x_wconf 91' lang='lat' dir='ltr'><strong>D</strong></span> 
     </span>
    </p>
   </div>
   <div class='ocr_carea' id='block_1_65' title="bbox 277 4399 1918 4471">
    <p class='ocr_par' dir='ltr' id='par_1_65' title="bbox 277 4399 1918 4471">
     <span class='ocr_line' id='line_1_65' title="bbox 277 4399 1918 4471; baseline 0 -14"><span class='ocrx_word' id='word_1_443' title='bbox 277 4400 459 4457; x_wconf 91' lang='lat' dir='ltr'><strong>simus</strong></span> <span class='ocrx_word' id='word_1_444' title='bbox 492 4414 670 4471; x_wconf 46' lang='lat' dir='ltr'><strong>pauca</strong></span> <span class='ocrx_word' id='word_1_445' title='bbox 702 4400 772 4456; x_wconf 91' lang='lat' dir='ltr'><strong>de</strong></span> <span class='ocrx_word' id='word_1_446' title='bbox 804 4399 1016 4456; x_wconf 90' lang='lat' dir='ltr'><strong>loculis</strong></span> <span class='ocrx_word' id='word_1_447' title='bbox 1055 4399 1317 4471; x_wconf 87' lang='lat' dir='ltr'><strong>protulit,</strong></span> <span class='ocrx_word' id='word_1_448' title='bbox 1352 4404 1409 4455; x_wconf 92' lang='lat' dir='ltr'><strong>et</strong></span> <span class='ocrx_word' id='word_1_449' title='bbox 1443 4399 1670 4456; x_wconf 84' lang='lat' dir='ltr'><strong>infirmo</strong></span> <span class='ocrx_word' id='word_1_450' title='bbox 1704 4399 1774 4455; x_wconf 90' lang='lat' dir='ltr'><strong>de</strong></span> <span class='ocrx_word' id='word_1_451' title='bbox 1802 4400 1918 4471; x_wconf 91' lang='lat' dir='ltr'><strong>ple-</strong></span> 
     </span>
    </p>
   </div>
   <div class='ocr_carea' id='block_1_66' title="bbox 277 4487 1919 4545">
    <p class='ocr_par' dir='ltr' id='par_1_66' title="bbox 277 4487 1919 4545">
     <span class='ocr_line' id='line_1_66' title="bbox 277 4487 1919 4545; baseline 0.001 -2"><span class='ocrx_word' id='word_1_452' title='bbox 277 4487 542 4544; x_wconf 89' lang='lat' dir='ltr'><strong>nitudine</strong></span> <span class='ocrx_word' id='word_1_453' title='bbox 576 4489 707 4543; x_wconf 92' lang='lat' dir='ltr'><strong>boni</strong></span> <span class='ocrx_word' id='word_1_454' title='bbox 736 4488 930 4545; x_wconf 92' lang='lat' dir='ltr'><strong>cordis</strong></span> <span class='ocrx_word' id='word_1_455' title='bbox 960 4488 1204 4544; x_wconf 84' lang='lat' dir='ltr'><strong>exibuit.</strong></span> <span class='ocrx_word' id='word_1_456' title='bbox 1232 4489 1368 4543; x_wconf 86' lang='lat' dir='ltr'><strong>Nam</strong></span> <span class='ocrx_word' id='word_1_457' title='bbox 1399 4487 1595 4543; x_wconf 86' lang='lat' dir='ltr'><strong>carnis</strong></span> <span class='ocrx_word' id='word_1_458' title='bbox 1625 4493 1919 4545; x_wconf 89' lang='lat' dir='ltr'><strong>sustenta-</strong></span> 
     </span>
    </p>
   </div>
   <div class='ocr_carea' id='block_1_67' title="bbox 277 4575 1913 4646">
    <p class='ocr_par' dir='ltr' id='par_1_67' title="bbox 277 4575 1913 4646">
     <span class='ocr_line' id='line_1_67' title="bbox 277 4575 1913 4646; baseline -0.001 -14"><span class='ocrx_word' id='word_1_459' title='bbox 277 4575 471 4633; x_wconf 88' lang='lat' dir='ltr'><strong>culum</strong></span> <span class='ocrx_word' id='word_1_460' title='bbox 494 4576 776 4646; x_wconf 86' lang='lat' dir='ltr'><strong>tribuens,</strong></span> <span class='ocrx_word' id='word_1_461' title='bbox 796 4575 954 4632; x_wconf 92' lang='lat' dir='ltr'><strong>dedit</strong></span> <span class='ocrx_word' id='word_1_462' title='bbox 971 4575 1141 4633; x_wconf 87' lang='lat' dir='ltr'><strong>simul</strong></span> <span class='ocrx_word' id='word_1_463' title='bbox 1165 4575 1432 4646; x_wconf 88' lang='lat' dir='ltr'><strong>corporis</strong></span> <span class='ocrx_word' id='word_1_464' title='bbox 1446 4575 1913 4633; x_wconf 89' lang='lat' dir='ltr'><strong>solidamentum.</strong></span> 
     </span>
    </p>
   </div>
   <div class='ocr_carea' id='block_1_68' title="bbox 280 4663 1920 4736">
    <p class='ocr_par' dir='ltr' id='par_1_68' title="bbox 280 4663 1920 4736">
     <span class='ocr_line' id='line_1_68' title="bbox 280 4663 1920 4736; baseline -0.001 -16"><span class='ocrx_word' id='word_1_465' title='bbox 280 4664 494 4722; x_wconf 83' lang='lat' dir='ltr'><strong>Aridus</strong></span> <span class='ocrx_word' id='word_1_466' title='bbox 528 4679 755 4736; x_wconf 88' lang='lat' dir='ltr'><strong>quoque</strong></span> <span class='ocrx_word' id='word_1_467' title='bbox 783 4680 912 4721; x_wconf 91' lang='lat' dir='ltr'><strong>cum</strong></span> <span class='ocrx_word' id='word_1_468' title='bbox 960 4664 1073 4721; x_wconf 81' lang='lat' dir='ltr'><strong>ﬁde</strong></span> <span class='ocrx_word' id='word_1_469' title='bbox 1118 4663 1329 4719; x_wconf 89' lang='lat' dir='ltr'><strong>Christi</strong></span> <span class='ocrx_word' id='word_1_470' title='bbox 1362 4663 1622 4735; x_wconf 90' lang='lat' dir='ltr'><strong>suscepit</strong></span> <span class='ocrx_word' id='word_1_471' title='bbox 1651 4664 1801 4720; x_wconf 89' lang='lat' dir='ltr'><strong>dona</strong></span> <span class='ocrx_word' id='word_1_472' title='bbox 1832 4678 1920 4719; x_wconf 90' lang='lat' dir='ltr'><strong>sa-</strong></span> 
     </span>
    </p>
   </div>
   <div class='ocr_carea' id='block_1_69' title="bbox 278 4751 1917 4815">
    <p class='ocr_par' dir='ltr' id='par_1_69' title="bbox 278 4751 1917 4815">
     <span class='ocr_line' id='line_1_69' title="bbox 278 4751 1917 4815; baseline -0.003 -3"><span class='ocrx_word' id='word_1_473' title='bbox 278 4753 556 4815; x_wconf 86' lang='lat' dir='ltr'><strong>cerdotis.</strong></span> <span class='ocrx_word' id='word_1_474' title='bbox 598 4758 655 4809; x_wconf 93' lang='lat' dir='ltr'><strong>et</strong></span> <span class='ocrx_word' id='word_1_475' title='bbox 689 4767 815 4810; x_wconf 90' lang='lat' dir='ltr'><strong>cum</strong></span> <span class='ocrx_word' id='word_1_476' title='bbox 857 4753 1061 4810; x_wconf 88' lang='lat' dir='ltr'><strong>eodem</strong></span> <span class='ocrx_word' id='word_1_477' title='bbox 1096 4765 1333 4809; x_wconf 89' lang='lat' dir='ltr'><strong>munere</strong></span> <span class='ocrx_word' id='word_1_478' title='bbox 1362 4751 1573 4808; x_wconf 92' lang='lat' dir='ltr'><strong>meruit</strong></span> <span class='ocrx_word' id='word_1_479' title='bbox 1605 4751 1917 4807; x_wconf 89' lang='lat' dir='ltr'><strong>sanitatem</strong></span> 
     </span>
    </p>
   </div>
   <div class='ocr_carea' id='block_1_70' title="bbox 280 4838 1917 4915">
    <p class='ocr_par' dir='ltr' id='par_1_70' title="bbox 280 4838 1917 4915">
     <span class='ocr_line' id='line_1_70' title="bbox 280 4838 1917 4915; baseline -0.001 -18"><span class='ocrx_word' id='word_1_480' title='bbox 280 4842 562 4915; x_wconf 89' lang='lat' dir='ltr'><strong>recipere.</strong></span> <span class='ocrx_word' id='word_1_481' title='bbox 586 4842 688 4899; x_wconf 86' lang='lat' dir='ltr'><strong>llis</strong></span> <span class='ocrx_word' id='word_1_482' title='bbox 707 4847 767 4898; x_wconf 92' lang='lat' dir='ltr'><strong>et</strong></span> <span class='ocrx_word' id='word_1_483' title='bbox 790 4841 1119 4913; x_wconf 90' lang='lat' dir='ltr'><strong>hujusmodi</strong></span> <span class='ocrx_word' id='word_1_484' title='bbox 1148 4839 1379 4896; x_wconf 89' lang='lat' dir='ltr'><strong>indiciis</strong></span> <span class='ocrx_word' id='word_1_485' title='bbox 1412 4838 1769 4896; x_wconf 84' lang='lat' dir='ltr'><strong>clarificante</strong></span> <span class='ocrx_word' id='word_1_486' title='bbox 1804 4841 1917 4895; x_wconf 91' lang='lat' dir='ltr'><strong>Deo</strong></span> 
     </span>
    </p>
   </div>
   <div class='ocr_carea' id='block_1_71' title="bbox 280 4928 1917 5001">
    <p class='ocr_par' dir='ltr' id='par_1_71' title="bbox 280 4928 1917 5001">
     <span class='ocr_line' id='line_1_71' title="bbox 280 4928 1917 5001; baseline -0.002 -15"><span class='ocrx_word' id='word_1_487' title='bbox 280 4943 511 4987; x_wconf 88' lang='lat' dir='ltr'><strong>servum</strong></span> <span class='ocrx_word' id='word_1_488' title='bbox 531 4946 719 5000; x_wconf 91' lang='lat' dir='ltr'><strong>suum,</strong></span> <span class='ocrx_word' id='word_1_489' title='bbox 738 4928 1273 5001; x_wconf 81' lang='lat' dir='ltr'><strong>cepitmanifestum</strong></span> <span class='ocrx_word' id='word_1_490' title='bbox 1288 4941 1422 4984; x_wconf 92' lang='lat' dir='ltr'><strong>esse</strong></span> <span class='ocrx_word' id='word_1_491' title='bbox 1447 4928 1738 4998; x_wconf 73' lang='lat' dir='ltr'><strong>erunibus,</strong></span> <span class='ocrx_word' id='word_1_492' title='bbox 1765 4928 1917 4999; x_wconf 90' lang='lat' dir='ltr'><strong>quod</strong></span> 
     </span>
    </p>
   </div>
   <div class='ocr_carea' id='block_1_72' title="bbox 280 5014 1916 5088">
    <p class='ocr_par' dir='ltr' id='par_1_72' title="bbox 280 5014 1916 5088">
     <span class='ocr_line' id='line_1_72' title="bbox 280 5014 1916 5088; baseline -0.002 -14"><span class='ocrx_word' id='word_1_493' title='bbox 280 5024 518 5074; x_wconf 90' lang='lat' dir='ltr'><strong>sanctus</strong></span> <span class='ocrx_word' id='word_1_494' title='bbox 542 5017 826 5086; x_wconf 83' lang='lat' dir='ltr'><strong>Agericus</strong></span> <span class='ocrx_word' id='word_1_495' title='bbox 846 5016 1062 5073; x_wconf 88' lang='lat' dir='ltr'><strong>Christi</strong></span> <span class='ocrx_word' id='word_1_496' title='bbox 1086 5020 1238 5073; x_wconf 91' lang='lat' dir='ltr'><strong>esset</strong></span> <span class='ocrx_word' id='word_1_497' title='bbox 1254 5014 1542 5073; x_wconf 90' lang='lat' dir='ltr'><strong>alumnus.</strong></span> <span class='ocrx_word' id='word_1_498' title='bbox 1561 5017 1737 5071; x_wconf 89' lang='lat' dir='ltr'><strong>Tanta</strong></span> <span class='ocrx_word' id='word_1_499' title='bbox 1754 5015 1916 5088; x_wconf 87' lang='lat' dir='ltr'><strong>quip-</strong></span> 
     </span>
    </p>
   </div>
   <div class='ocr_carea' id='block_1_73' title="bbox 282 5103 1921 5178">
    <p class='ocr_par' dir='ltr' id='par_1_73' title="bbox 282 5103 1921 5178">
     <span class='ocr_line' id='line_1_73' title="bbox 282 5103 1921 5178; baseline -0.002 -16"><span class='ocrx_word' id='word_1_500' title='bbox 282 5119 350 5178; x_wconf 91' lang='lat' dir='ltr'><strong>pe</strong></span> <span class='ocrx_word' id='word_1_501' title='bbox 397 5105 680 5161; x_wconf 91' lang='lat' dir='ltr'><strong>virtutum</strong></span> <span class='ocrx_word' id='word_1_502' title='bbox 730 5105 895 5177; x_wconf 88' lang='lat' dir='ltr'><strong>copia</strong></span> <span class='ocrx_word' id='word_1_503' title='bbox 937 5105 1009 5161; x_wconf 89' lang='lat' dir='ltr'><strong>de</strong></span> <span class='ocrx_word' id='word_1_504' title='bbox 1044 5103 1143 5161; x_wconf 90' lang='lat' dir='ltr'><strong>illo</strong></span> <span class='ocrx_word' id='word_1_505' title='bbox 1172 5104 1389 5175; x_wconf 87' lang='lat' dir='ltr'><strong>exibat,</strong></span> <span class='ocrx_word' id='word_1_506' title='bbox 1425 5108 1489 5159; x_wconf 92' lang='lat' dir='ltr'><strong>ut</strong></span> <span class='ocrx_word' id='word_1_507' title='bbox 1523 5103 1572 5161; x_wconf 92' lang='lat' dir='ltr'><strong>si</strong></span> <span class='ocrx_word' id='word_1_508' title='bbox 1602 5104 1734 5175; x_wconf 90' lang='lat' dir='ltr'><strong>quis</strong></span> <span class='ocrx_word' id='word_1_509' title='bbox 1765 5104 1921 5159; x_wconf 78' lang='lat' dir='ltr'><strong>infir-</strong></span> 
     </span>
    </p>
   </div>
   <div class='ocr_carea' id='block_1_74' title="bbox 282 5192 1921 5265">
    <p class='ocr_par' dir='ltr' id='par_1_74' title="bbox 282 5192 1921 5265">
     <span class='ocr_line' id='line_1_74' title="bbox 282 5192 1921 5265; baseline 0 -16"><span class='ocrx_word' id='word_1_510' title='bbox 282 5208 410 5251; x_wconf 90' lang='lat' dir='ltr'><strong>mus</strong></span> <span class='ocrx_word' id='word_1_511' title='bbox 433 5192 695 5263; x_wconf 88' lang='lat' dir='ltr'><strong>eulogias</strong></span> <span class='ocrx_word' id='word_1_512' title='bbox 719 5192 789 5249; x_wconf 88' lang='lat' dir='ltr'><strong>de</strong></span> <span class='ocrx_word' id='word_1_513' title='bbox 812 5207 979 5249; x_wconf 87' lang='lat' dir='ltr'><strong>manu</strong></span> <span class='ocrx_word' id='word_1_514' title='bbox 1009 5192 1135 5264; x_wconf 89' lang='lat' dir='ltr'><strong>ejus</strong></span> <span class='ocrx_word' id='word_1_515' title='bbox 1167 5193 1514 5265; x_wconf 90' lang='lat' dir='ltr'><strong>susciperet,</strong></span> <span class='ocrx_word' id='word_1_516' title='bbox 1544 5192 1811 5265; x_wconf 88' lang='lat' dir='ltr'><strong>protinus</strong></span> <span class='ocrx_word' id='word_1_517' title='bbox 1833 5207 1921 5249; x_wconf 88' lang='lat' dir='ltr'><strong>sa-</strong></span> 
     </span>
    </p>
   </div>
   <div class='ocr_carea' id='block_1_75' title="bbox 284 5280 1922 5354">
    <p class='ocr_par' dir='ltr' id='par_1_75' title="bbox 284 5280 1922 5354">
     <span class='ocr_line' id='line_1_75' title="bbox 284 5280 1922 5354; baseline -0.002 -15"><span class='ocrx_word' id='word_1_518' title='bbox 284 5282 523 5339; x_wconf 90' lang='lat' dir='ltr'><strong>nitatem</strong></span> <span class='ocrx_word' id='word_1_519' title='bbox 549 5281 858 5353; x_wconf 88' lang='lat' dir='ltr'><strong>reciperet.</strong></span> <span class='ocrx_word' id='word_1_520' title='bbox 886 5281 1027 5351; x_wconf 82' lang='lat' dir='ltr'><strong>(Fol.</strong></span> <span class='ocrx_word' id='word_1_521' title='bbox 1050 5284 1162 5354; x_wconf 74' lang='grc'><strong>45.)</strong></span> <span class='ocrx_word' id='word_1_522' title='bbox 1185 5283 1323 5339; x_wconf 91' lang='lat' dir='ltr'><strong>Cum</strong></span> <span class='ocrx_word' id='word_1_523' title='bbox 1341 5296 1481 5353; x_wconf 87' lang='lat' dir='ltr'><strong>ergo</strong></span> <span class='ocrx_word' id='word_1_524' title='bbox 1496 5282 1753 5354; x_wconf 63' lang='lat' dir='ltr'><strong>prmfatae</strong></span> <span class='ocrx_word' id='word_1_525' title='bbox 1775 5280 1922 5337; x_wconf 90' lang='lat' dir='ltr'><strong>basi-</strong></span> 
     </span>
    </p>
   </div>
   <div class='ocr_carea' id='block_1_76' title="bbox 282 5367 1922 5442">
    <p class='ocr_par' dir='ltr' id='par_1_76' title="bbox 282 5367 1922 5442">
     <span class='ocr_line' id='line_1_76' title="bbox 282 5367 1922 5442; baseline -0.001 -16"><span class='ocrx_word' id='word_1_526' title='bbox 282 5368 412 5426; x_wconf 66' lang='lat' dir='ltr'><strong>lica;</strong></span> <span class='ocrx_word' id='word_1_527' title='bbox 435 5368 693 5426; x_wconf 88' lang='lat' dir='ltr'><strong>calcaret</strong></span> <span class='ocrx_word' id='word_1_528' title='bbox 715 5368 931 5439; x_wconf 90' lang='lat' dir='ltr'><strong>limina,</strong></span> <span class='ocrx_word' id='word_1_529' title='bbox 957 5372 1015 5426; x_wconf 94' lang='lat' dir='ltr'><strong>et</strong></span> <span class='ocrx_word' id='word_1_530' title='bbox 1039 5385 1112 5427; x_wconf 87' lang='lat' dir='ltr'><strong>ex</strong></span> <span class='ocrx_word' id='word_1_531' title='bbox 1134 5386 1291 5428; x_wconf 90' lang='lat' dir='ltr'><strong>more</strong></span> <span class='ocrx_word' id='word_1_532' title='bbox 1314 5370 1529 5429; x_wconf 87' lang='lat' dir='ltr'><strong>studiis</strong></span> <span class='ocrx_word' id='word_1_533' title='bbox 1552 5367 1922 5442; x_wconf 82' lang='lat' dir='ltr'><strong>spiritalibus</strong></span> 
     </span>
    </p>
   </div>
   <div class='ocr_carea' id='block_1_77' title="bbox 2027 1676 3659 1751">
    <p class='ocr_par' dir='ltr' id='par_1_77' title="bbox 2027 1676 3659 1751">
     <span class='ocr_line' id='line_1_77' title="bbox 2027 1676 3659 1751; baseline -0.002 -15"><span class='ocrx_word' id='word_1_534' title='bbox 2027 1679 2512 1751; x_wconf 82' lang='lat' dir='ltr'><strong>reSplenduerunt</strong></span> <span class='ocrx_word' id='word_1_535' title='bbox 2557 1694 2665 1734; x_wconf 92' lang='lat' dir='ltr'><strong>non</strong></span> <span class='ocrx_word' id='word_1_536' title='bbox 2715 1679 2996 1748; x_wconf 89' lang='lat' dir='ltr'><strong>sequente</strong></span> <span class='ocrx_word' id='word_1_537' title='bbox 3046 1681 3237 1733; x_wconf 91' lang='lat' dir='ltr'><strong>nocte.</strong></span> <span class='ocrx_word' id='word_1_538' title='bbox 3287 1678 3406 1733; x_wconf 85' lang='lat' dir='ltr'><strong>Nox</strong></span> <span class='ocrx_word' id='word_1_539' title='bbox 3442 1676 3659 1734; x_wconf 90' lang='lat' dir='ltr'><strong>diaboli</strong></span> 
     </span>
    </p>
   </div>
   <div class='ocr_carea' id='block_1_78' title="bbox 2026 1764 3659 1839">
    <p class='ocr_par' dir='ltr' id='par_1_78' title="bbox 2026 1764 3659 1839">
     <span class='ocr_line' id='line_1_78' title="bbox 2026 1764 3659 1839; baseline -0.004 -14"><span class='ocrx_word' id='word_1_540' title='bbox 2026 1782 2265 1839; x_wconf 86' lang='lat' dir='ltr'><strong>regnum</strong></span> <span class='ocrx_word' id='word_1_541' title='bbox 2300 1766 2575 1838; x_wconf 89' lang='lat' dir='ltr'><strong>perdidit,</strong></span> <span class='ocrx_word' id='word_1_542' title='bbox 2600 1766 2725 1824; x_wconf 90' lang='lat' dir='ltr'><strong>dies</strong></span> <span class='ocrx_word' id='word_1_543' title='bbox 2744 1766 2938 1823; x_wconf 87' lang='lat' dir='ltr'><strong>crucis</strong></span> <span class='ocrx_word' id='word_1_544' title='bbox 2960 1764 3215 1836; x_wconf 91' lang='lat' dir='ltr'><strong>optinuit</strong></span> <span class='ocrx_word' id='word_1_545' title='bbox 3246 1765 3659 1837; x_wconf 90' lang='lat' dir='ltr'><strong>principatum.</strong></span> 
     </span>
    </p>
   </div>
   <div class='ocr_carea' id='block_1_79' title="bbox 2024 1852 3658 1926">
    <p class='ocr_par' dir='ltr' id='par_1_79' title="bbox 2024 1852 3658 1926">
     <span class='ocr_line' id='line_1_79' title="bbox 2024 1852 3658 1926; baseline -0.004 -14"><span class='ocrx_word' id='word_1_546' title='bbox 2024 1857 2167 1913; x_wconf 89' lang='lat' dir='ltr'><strong>Hinc</strong></span> <span class='ocrx_word' id='word_1_547' title='bbox 2188 1862 2280 1913; x_wconf 90' lang='lat' dir='ltr'><strong>est</strong></span> <span class='ocrx_word' id='word_1_548' title='bbox 2302 1856 2455 1926; x_wconf 91' lang='lat' dir='ltr'><strong>quod</strong></span> <span class='ocrx_word' id='word_1_549' title='bbox 2482 1861 2718 1912; x_wconf 87' lang='lat' dir='ltr'><strong>sanctus</strong></span> <span class='ocrx_word' id='word_1_550' title='bbox 2736 1854 3047 1925; x_wconf 87' lang='lat' dir='ltr'><strong>episcopus</strong></span> <span class='ocrx_word' id='word_1_551' title='bbox 3066 1857 3290 1909; x_wconf 90' lang='lat' dir='ltr'><strong>tantum</strong></span> <span class='ocrx_word' id='word_1_552' title='bbox 3330 1852 3658 1924; x_wconf 65' lang='lat' dir='ltr'><strong>praevaluit,</strong></span> 
     </span>
    </p>
   </div>
   <div class='ocr_carea' id='block_1_80' title="bbox 2026 1940 3663 2015">
    <p class='ocr_par' dir='ltr' id='par_1_80' title="bbox 2026 1940 3663 2015">
     <span class='ocr_line' id='line_1_80' title="bbox 2026 1940 3663 2015; baseline -0.002 -14"><span class='ocrx_word' id='word_1_553' title='bbox 2026 1945 2156 2015; x_wconf 93' lang='lat' dir='ltr'><strong>quia</strong></span> <span class='ocrx_word' id='word_1_554' title='bbox 2183 1945 2368 2002; x_wconf 70' lang='lat' dir='ltr'><strong>lutem</strong></span> <span class='ocrx_word' id='word_1_555' title='bbox 2391 1958 2492 2015; x_wconf 93' lang='lat' dir='ltr'><strong>per</strong></span> <span class='ocrx_word' id='word_1_556' title='bbox 2519 1944 2687 1999; x_wconf 86' lang='lat' dir='ltr'><strong>fidem</strong></span> <span class='ocrx_word' id='word_1_557' title='bbox 2711 1942 2903 1999; x_wconf 89' lang='lat' dir='ltr'><strong>crucis</strong></span> <span class='ocrx_word' id='word_1_558' title='bbox 2924 1946 2984 1998; x_wconf 92' lang='lat' dir='ltr'><strong>et</strong></span> <span class='ocrx_word' id='word_1_559' title='bbox 3007 1940 3375 1999; x_wconf 90' lang='lat' dir='ltr'><strong>dilectionem</strong></span> <span class='ocrx_word' id='word_1_560' title='bbox 3399 1941 3453 1996; x_wconf 91' lang='lat' dir='ltr'><strong>in</strong></span> <span class='ocrx_word' id='word_1_561' title='bbox 3480 1940 3663 1998; x_wconf 89' lang='lat' dir='ltr'><strong>corde</strong></span> 
     </span>
    </p>
   </div>
   <div class='ocr_carea' id='block_1_81' title="bbox 2026 2028 3664 2101">
    <p class='ocr_par' dir='ltr' id='par_1_81' title="bbox 2026 2028 3664 2101">
     <span class='ocr_line' id='line_1_81' title="bbox 2026 2028 3664 2101; baseline -0.002 -13"><span class='ocrx_word' id='word_1_562' title='bbox 2026 2033 2292 2089; x_wconf 91' lang='lat' dir='ltr'><strong>nutrivit.</strong></span> <span class='ocrx_word' id='word_1_563' title='bbox 2331 2032 2564 2101; x_wconf 87' lang='lat' dir='ltr'><strong>Signum</strong></span> <span class='ocrx_word' id='word_1_564' title='bbox 2597 2030 2792 2088; x_wconf 90' lang='lat' dir='ltr'><strong>crucis</strong></span> <span class='ocrx_word' id='word_1_565' title='bbox 2818 2044 2995 2100; x_wconf 88' lang='lat' dir='ltr'><strong>super</strong></span> <span class='ocrx_word' id='word_1_566' title='bbox 3017 2029 3219 2086; x_wconf 88' lang='lat' dir='ltr'><strong>oculos</strong></span> <span class='ocrx_word' id='word_1_567' title='bbox 3247 2029 3469 2086; x_wconf 70' lang='lat' dir='ltr'><strong>orbatae</strong></span> <span class='ocrx_word' id='word_1_568' title='bbox 3503 2028 3664 2085; x_wconf 85' lang='lat' dir='ltr'><strong>femi-</strong></span> 
     </span>
    </p>
   </div>
   <div class='ocr_carea' id='block_1_82' title="bbox 2026 2116 3667 2192">
    <p class='ocr_par' dir='ltr' id='par_1_82' title="bbox 2026 2116 3667 2192">
     <span class='ocr_line' id='line_1_82' title="bbox 2026 2116 3667 2192; baseline -0.002 -16"><span class='ocrx_word' id='word_1_569' title='bbox 2026 2136 2112 2178; x_wconf 63' lang='lat' dir='ltr'><strong>na</strong></span> <span class='ocrx_word' id='word_1_570' title='bbox 2146 2120 2363 2192; x_wconf 90' lang='lat' dir='ltr'><strong>posuit,</strong></span> <span class='ocrx_word' id='word_1_571' title='bbox 2399 2119 2531 2190; x_wconf 91' lang='lat' dir='ltr'><strong>quia</strong></span> <span class='ocrx_word' id='word_1_572' title='bbox 2563 2119 2817 2191; x_wconf 89' lang='lat' dir='ltr'><strong>Spiritus</strong></span> <span class='ocrx_word' id='word_1_573' title='bbox 2847 2121 3087 2174; x_wconf 88' lang='lat' dir='ltr'><strong>sanctus</strong></span> <span class='ocrx_word' id='word_1_574' title='bbox 3111 2118 3164 2172; x_wconf 93' lang='lat' dir='ltr'><strong>in</strong></span> <span class='ocrx_word' id='word_1_575' title='bbox 3197 2116 3385 2186; x_wconf 78' lang='lat' dir='ltr'><strong>digito</strong></span> <span class='ocrx_word' id='word_1_576' title='bbox 3416 2131 3520 2187; x_wconf 87' lang='lat' dir='ltr'><strong>per</strong></span> <span class='ocrx_word' id='word_1_577' title='bbox 3551 2116 3667 2173; x_wconf 87' lang='lat' dir='ltr'><strong>vir-</strong></span> 
     </span>
    </p>
   </div>
   <div class='ocr_carea' id='block_1_83' title="bbox 2027 2203 3667 2277">
    <p class='ocr_par' dir='ltr' id='par_1_83' title="bbox 2027 2203 3667 2277">
     <span class='ocr_line' id='line_1_83' title="bbox 2027 2203 3667 2277; baseline -0.002 -13"><span class='ocrx_word' id='word_1_578' title='bbox 2027 2213 2213 2264; x_wconf 91' lang='lat' dir='ltr'><strong>tutem</strong></span> <span class='ocrx_word' id='word_1_579' title='bbox 2247 2208 2439 2265; x_wconf 83' lang='lat' dir='ltr'><strong>crucis</strong></span> <span class='ocrx_word' id='word_1_580' title='bbox 2472 2208 2596 2264; x_wconf 89' lang='lat' dir='ltr'><strong>fuit.</strong></span> <span class='ocrx_word' id='word_1_581' title='bbox 2632 2206 2780 2273; x_wconf 86' lang='lat' dir='ltr'><strong>Quid</strong></span> <span class='ocrx_word' id='word_1_582' title='bbox 2813 2205 3024 2277; x_wconf 84' lang='lat' dir='ltr'><strong>plura?</strong></span> <span class='ocrx_word' id='word_1_583' title='bbox 3051 2205 3271 2261; x_wconf 88' lang='lat' dir='ltr'><strong>Gaudet</strong></span> <span class='ocrx_word' id='word_1_584' title='bbox 3302 2203 3528 2273; x_wconf 88' lang='lat' dir='ltr'><strong>mulier,</strong></span> <span class='ocrx_word' id='word_1_585' title='bbox 3563 2205 3667 2261; x_wconf 90' lang='lat' dir='ltr'><strong>mi-</strong></span> 
     </span>
    </p>
   </div>
   <div class='ocr_carea' id='block_1_84' title="bbox 2028 2292 3668 2365">
    <p class='ocr_par' dir='ltr' id='par_1_84' title="bbox 2028 2292 3668 2365">
     <span class='ocr_line' id='line_1_84' title="bbox 2028 2292 3668 2365; baseline -0.002 -14"><span class='ocrx_word' id='word_1_586' title='bbox 2028 2300 2198 2352; x_wconf 87' lang='lat' dir='ltr'><strong>ratur</strong></span> <span class='ocrx_word' id='word_1_587' title='bbox 2228 2294 2430 2365; x_wconf 92' lang='lat' dir='ltr'><strong>solem,</strong></span> <span class='ocrx_word' id='word_1_588' title='bbox 2464 2296 2741 2352; x_wconf 89' lang='lat' dir='ltr'><strong>tenebras</strong></span> <span class='ocrx_word' id='word_1_589' title='bbox 2772 2297 3104 2361; x_wconf 86' lang='lat' dir='ltr'><strong>execratur,</strong></span> <span class='ocrx_word' id='word_1_590' title='bbox 3139 2296 3455 2349; x_wconf 91' lang='lat' dir='ltr'><strong>veneratur</strong></span> <span class='ocrx_word' id='word_1_591' title='bbox 3490 2292 3668 2348; x_wconf 88' lang='lat' dir='ltr'><strong>medi-</strong></span> 
     </span>
    </p>
   </div>
   <div class='ocr_carea' id='block_1_85' title="bbox 2027 2380 3665 2453">
    <p class='ocr_par' dir='ltr' id='par_1_85' title="bbox 2027 2380 3665 2453">
     <span class='ocr_line' id='line_1_85' title="bbox 2027 2380 3665 2453; baseline -0.002 -13"><span class='ocrx_word' id='word_1_592' title='bbox 2027 2398 2178 2453; x_wconf 90' lang='lat' dir='ltr'><strong>cum,</strong></span> <span class='ocrx_word' id='word_1_593' title='bbox 2206 2382 2408 2449; x_wconf 86' lang='lat' dir='ltr'><strong>adorat</strong></span> <span class='ocrx_word' id='word_1_594' title='bbox 2442 2385 2520 2439; x_wconf 92' lang='lat' dir='ltr'><strong>De</strong></span> <span class='ocrx_word' id='word_1_595' title='bbox 2565 2383 2692 2438; x_wconf 90' lang='lat' dir='ltr'><strong>min</strong></span> <span class='ocrx_word' id='word_1_596' title='bbox 2718 2397 2910 2438; x_wconf 89' lang='lat' dir='ltr'><strong>rerum</strong></span> <span class='ocrx_word' id='word_1_597' title='bbox 2941 2381 3287 2438; x_wconf 89' lang='lat' dir='ltr'><strong>diversitate</strong></span> <span class='ocrx_word' id='word_1_598' title='bbox 3317 2380 3665 2451; x_wconf 89' lang='lat' dir='ltr'><strong>mirabilem,</strong></span> 
     </span>
    </p>
   </div>
   <div class='ocr_carea' id='block_1_86' title="bbox 2029 2469 3675 2542">
    <p class='ocr_par' dir='ltr' id='par_1_86' title="bbox 2029 2469 3675 2542">
     <span class='ocr_line' id='line_1_86' title="bbox 2029 2469 3675 2542; baseline -0.001 -15"><span class='ocrx_word' id='word_1_599' title='bbox 2029 2486 2156 2541; x_wconf 70' lang='lat' dir='ltr'><strong>quze</strong></span> <span class='ocrx_word' id='word_1_600' title='bbox 2178 2472 2572 2529; x_wconf 83' lang='lat' dir='ltr'><strong>confusionem</strong></span> <span class='ocrx_word' id='word_1_601' title='bbox 2603 2470 2765 2542; x_wconf 91' lang='lat' dir='ltr'><strong>prius</strong></span> <span class='ocrx_word' id='word_1_602' title='bbox 2788 2469 3189 2526; x_wconf 86' lang='lat' dir='ltr'><strong>tantummodo</strong></span> <span class='ocrx_word' id='word_1_603' title='bbox 3218 2472 3466 2525; x_wconf 90' lang='lat' dir='ltr'><strong>noverat</strong></span> <span class='ocrx_word' id='word_1_604' title='bbox 3486 2473 3546 2524; x_wconf 90' lang='lat' dir='ltr'><strong>et</strong></span> <span class='ocrx_word' id='word_1_605' title='bbox 3568 2484 3675 2526; x_wconf 86' lang='lat' dir='ltr'><strong>no-</strong></span> 
     </span>
    </p>
   </div>
   <div class='ocr_carea' id='block_1_87' title="bbox 2028 2555 3672 2630">
    <p class='ocr_par' dir='ltr' id='par_1_87' title="bbox 2028 2555 3672 2630">
     <span class='ocr_line' id='line_1_87' title="bbox 2028 2555 3672 2630; baseline -0.001 -16"><span class='ocrx_word' id='word_1_606' title='bbox 2028 2563 2197 2614; x_wconf 90' lang='lat' dir='ltr'><strong>ctem.</strong></span> <span class='ocrx_word' id='word_1_607' title='bbox 2233 2560 2314 2615; x_wconf 88' lang='lat' dir='ltr'><strong>lta</strong></span> <span class='ocrx_word' id='word_1_608' title='bbox 2349 2561 2501 2616; x_wconf 89' lang='lat' dir='ltr'><strong>Deus</strong></span> <span class='ocrx_word' id='word_1_609' title='bbox 2550 2574 2652 2630; x_wconf 87' lang='lat' dir='ltr'><strong>per</strong></span> <span class='ocrx_word' id='word_1_610' title='bbox 2695 2573 2895 2615; x_wconf 90' lang='lat' dir='ltr'><strong>verum</strong></span> <span class='ocrx_word' id='word_1_611' title='bbox 2942 2557 3266 2613; x_wconf 87' lang='lat' dir='ltr'><strong>Israelitam</strong></span> <span class='ocrx_word' id='word_1_612' title='bbox 3317 2555 3672 2613; x_wconf 86' lang='lat' dir='ltr'><strong>illuminavit</strong></span> 
     </span>
    </p>
   </div>
   <div class='ocr_carea' id='block_1_88' title="bbox 2028 2644 3671 2719">
    <p class='ocr_par' dir='ltr' id='par_1_88' title="bbox 2028 2644 3671 2719">
     <span class='ocr_line' id='line_1_88' title="bbox 2028 2644 3671 2719; baseline 0.001 -19"><span class='ocrx_word' id='word_1_613' title='bbox 2028 2646 2175 2703; x_wconf 91' lang='lat' dir='ltr'><strong>hanc</strong></span> <span class='ocrx_word' id='word_1_614' title='bbox 2207 2647 2494 2716; x_wconf 83' lang='lat' dir='ltr'><strong>feminam,</strong></span> <span class='ocrx_word' id='word_1_615' title='bbox 2528 2645 2921 2719; x_wconf 91' lang='lat' dir='ltr'><strong>populumque</strong></span> <span class='ocrx_word' id='word_1_616' title='bbox 2967 2645 3351 2701; x_wconf 86' lang='lat' dir='ltr'><strong>admirantem</strong></span> <span class='ocrx_word' id='word_1_617' title='bbox 3382 2644 3671 2702; x_wconf 81' lang='lat' dir='ltr'><strong>excitavit</strong></span> 
     </span>
    </p>
   </div>
   <div class='ocr_carea' id='block_1_89' title="bbox 2027 2734 2950 2805">
    <p class='ocr_par' dir='ltr' id='par_1_89' title="bbox 2027 2734 2950 2805">
     <span class='ocr_line' id='line_1_89' title="bbox 2027 2734 2950 2805; baseline 0 -16"><span class='ocrx_word' id='word_1_618' title='bbox 2027 2734 2098 2790; x_wconf 92' lang='lat' dir='ltr'><strong>ad</strong></span> <span class='ocrx_word' id='word_1_619' title='bbox 2128 2734 2356 2791; x_wconf 90' lang='lat' dir='ltr'><strong>laudem</strong></span> <span class='ocrx_word' id='word_1_620' title='bbox 2389 2738 2445 2790; x_wconf 95' lang='lat' dir='ltr'><strong>et</strong></span> <span class='ocrx_word' id='word_1_621' title='bbox 2477 2734 2721 2805; x_wconf 72' lang='lat' dir='ltr'><strong>gloriam</strong></span> <span class='ocrx_word' id='word_1_622' title='bbox 2768 2748 2950 2790; x_wconf 91' lang='lat' dir='ltr'><strong>suam.</strong></span> 
     </span>
    </p>
   </div>
   <div class='ocr_carea' id='block_1_90' title="bbox 2097 2819 3661 2894">
    <p class='ocr_par' dir='ltr' id='par_1_90' title="bbox 2097 2819 3661 2894">
     <span class='ocr_line' id='line_1_90' title="bbox 2097 2819 3661 2894; baseline -0.002 -16"><span class='ocrx_word' id='word_1_623' title='bbox 2097 2823 2226 2880; x_wconf 83' lang='lat' dir='ltr'><strong>Alio</strong></span> <span class='ocrx_word' id='word_1_624' title='bbox 2255 2828 2516 2894; x_wconf 91' lang='lat' dir='ltr'><strong>tempore</strong></span> <span class='ocrx_word' id='word_1_625' title='bbox 2546 2837 2676 2879; x_wconf 91' lang='lat' dir='ltr'><strong>cum</strong></span> <span class='ocrx_word' id='word_1_626' title='bbox 2708 2822 2952 2877; x_wconf 91' lang='lat' dir='ltr'><strong>vidisset</strong></span> <span class='ocrx_word' id='word_1_627' title='bbox 2974 2819 3393 2878; x_wconf 69' lang='lat' dir='ltr'><strong>misericordias</strong></span> <span class='ocrx_word' id='word_1_628' title='bbox 3415 2823 3661 2889; x_wconf 90' lang='lat' dir='ltr'><strong>amator,</strong></span> 
     </span>
    </p>
   </div>
   <div class='ocr_carea' id='block_1_91' title="bbox 2029 2906 3663 2980">
    <p class='ocr_par' dir='ltr' id='par_1_91' title="bbox 2029 2906 3663 2980">
     <span class='ocr_line' id='line_1_91' title="bbox 2029 2906 3663 2980; baseline -0.001 -15"><span class='ocrx_word' id='word_1_629' title='bbox 2029 2911 2266 2980; x_wconf 90' lang='lat' dir='ltr'><strong>pietatis</strong></span> <span class='ocrx_word' id='word_1_630' title='bbox 2311 2910 2525 2979; x_wconf 89' lang='lat' dir='ltr'><strong>cultor,</strong></span> <span class='ocrx_word' id='word_1_631' title='bbox 2577 2909 2865 2967; x_wconf 89' lang='lat' dir='ltr'><strong>sollicitus</strong></span> <span class='ocrx_word' id='word_1_632' title='bbox 2909 2908 3102 2964; x_wconf 88' lang='lat' dir='ltr'><strong>ovium</strong></span> <span class='ocrx_word' id='word_1_633' title='bbox 3141 2912 3344 2977; x_wconf 88' lang='lat' dir='ltr'><strong>pastor</strong></span> <span class='ocrx_word' id='word_1_634' title='bbox 3376 2906 3663 2975; x_wconf 90' lang='lat' dir='ltr'><strong>quandam</strong></span> 
     </span>
    </p>
   </div>
   <div class='ocr_carea' id='block_1_92' title="bbox 2026 2993 3665 3069">
    <p class='ocr_par' dir='ltr' id='par_1_92' title="bbox 2026 2993 3665 3069">
     <span class='ocr_line' id='line_1_92' title="bbox 2026 2993 3665 3069; baseline -0.003 -13"><span class='ocrx_word' id='word_1_635' title='bbox 2026 2999 2300 3069; x_wconf 85' lang='lat' dir='ltr'><strong>puellam,</strong></span> <span class='ocrx_word' id='word_1_636' title='bbox 2332 2997 2690 3055; x_wconf 90' lang='lat' dir='ltr'><strong>Childuidem</strong></span> <span class='ocrx_word' id='word_1_637' title='bbox 2721 2996 2968 3061; x_wconf 89' lang='lat' dir='ltr'><strong>nomine,</strong></span> <span class='ocrx_word' id='word_1_638' title='bbox 2995 3009 3023 3049; x_wconf 92' lang='lat' dir='ltr'><strong>a</strong></span> <span class='ocrx_word' id='word_1_639' title='bbox 3048 2994 3260 3065; x_wconf 90' lang='lat' dir='ltr'><strong>spiritu</strong></span> <span class='ocrx_word' id='word_1_640' title='bbox 3295 2993 3544 3062; x_wconf 87' lang='lat' dir='ltr'><strong>maligno</strong></span> <span class='ocrx_word' id='word_1_641' title='bbox 3574 3008 3665 3051; x_wconf 86' lang='lat' dir='ltr'><strong>ra-</strong></span> 
     </span>
    </p>
   </div>
   <div class='ocr_carea' id='block_1_93' title="bbox 2026 3081 3667 3157">
    <p class='ocr_par' dir='ltr' id='par_1_93' title="bbox 2026 3081 3667 3157">
     <span class='ocr_line' id='line_1_93' title="bbox 2026 3081 3667 3157; baseline -0.002 -15"><span class='ocrx_word' id='word_1_642' title='bbox 2026 3091 2183 3157; x_wconf 90' lang='lat' dir='ltr'><strong>ptam</strong></span> <span class='ocrx_word' id='word_1_643' title='bbox 2208 3091 2383 3154; x_wconf 89' lang='lat' dir='ltr'><strong>atque</strong></span> <span class='ocrx_word' id='word_1_644' title='bbox 2413 3098 2736 3156; x_wconf 89' lang='lat' dir='ltr'><strong>pervasam,</strong></span> <span class='ocrx_word' id='word_1_645' title='bbox 2768 3082 3085 3139; x_wconf 91' lang='lat' dir='ltr'><strong>condolens</strong></span> <span class='ocrx_word' id='word_1_646' title='bbox 3117 3081 3388 3149; x_wconf 67' lang='lat' dir='ltr'><strong>miseriae,</strong></span> <span class='ocrx_word' id='word_1_647' title='bbox 3420 3095 3667 3138; x_wconf 88' lang='lat' dir='ltr'><strong>memor-</strong></span> 
     </span>
    </p>
   </div>
   <div class='ocr_carea' id='block_1_94' title="bbox 2028 3168 3664 3245">
    <p class='ocr_par' dir='ltr' id='par_1_94' title="bbox 2028 3168 3664 3245">
     <span class='ocr_line' id='line_1_94' title="bbox 2028 3168 3664 3245; baseline -0.003 -14"><span class='ocrx_word' id='word_1_648' title='bbox 2028 3189 2139 3245; x_wconf 93' lang='lat' dir='ltr'><strong>que</strong></span> <span class='ocrx_word' id='word_1_649' title='bbox 2161 3174 2351 3244; x_wconf 81' lang='lat' dir='ltr'><strong>oﬁlcii,</strong></span> <span class='ocrx_word' id='word_1_650' title='bbox 2388 3172 2649 3228; x_wconf 88' lang='lat' dir='ltr'><strong>ascendit</strong></span> <span class='ocrx_word' id='word_1_651' title='bbox 2681 3171 2952 3242; x_wconf 89' lang='lat' dir='ltr'><strong>protinus</strong></span> <span class='ocrx_word' id='word_1_652' title='bbox 2983 3184 3054 3225; x_wconf 88' lang='lat' dir='ltr'><strong>ex</strong></span> <span class='ocrx_word' id='word_1_653' title='bbox 3085 3168 3353 3238; x_wconf 91' lang='lat' dir='ltr'><strong>adverso,</strong></span> <span class='ocrx_word' id='word_1_654' title='bbox 3387 3169 3664 3239; x_wconf 88' lang='lat' dir='ltr'><strong>opposuit</strong></span> 
     </span>
    </p>
   </div>
   <div class='ocr_carea' id='block_1_95' title="bbox 2030 3257 3667 3328">
    <p class='ocr_par' dir='ltr' id='par_1_95' title="bbox 2030 3257 3667 3328">
     <span class='ocr_line' id='line_1_95' title="bbox 2030 3257 3667 3328; baseline -0.004 -9"><span class='ocrx_word' id='word_1_655' title='bbox 2030 3277 2093 3319; x_wconf 91' lang='lat' dir='ltr'><strong>se</strong></span> <span class='ocrx_word' id='word_1_656' title='bbox 2126 3277 2348 3317; x_wconf 89' lang='lat' dir='ltr'><strong>murum</strong></span> <span class='ocrx_word' id='word_1_657' title='bbox 2403 3260 2614 3316; x_wconf 90' lang='lat' dir='ltr'><strong>furenti</strong></span> <span class='ocrx_word' id='word_1_658' title='bbox 2666 3258 2921 3328; x_wconf 89' lang='lat' dir='ltr'><strong>inimico,</strong></span> <span class='ocrx_word' id='word_1_659' title='bbox 2955 3261 3015 3312; x_wconf 92' lang='lat' dir='ltr'><strong>et</strong></span> <span class='ocrx_word' id='word_1_660' title='bbox 3046 3257 3366 3314; x_wconf 88' lang='lat' dir='ltr'><strong>ostendens</strong></span> <span class='ocrx_word' id='word_1_661' title='bbox 3397 3270 3458 3313; x_wconf 88' lang='lat' dir='ltr'><strong>se</strong></span> <span class='ocrx_word' id='word_1_662' title='bbox 3492 3272 3667 3313; x_wconf 90' lang='lat' dir='ltr'><strong>unum</strong></span> 
     </span>
    </p>
   </div>
   <div class='ocr_carea' id='block_1_96' title="bbox 2029 3344 3671 3417">
    <p class='ocr_par' dir='ltr' id='par_1_96' title="bbox 2029 3344 3671 3417">
     <span class='ocr_line' id='line_1_96' title="bbox 2029 3344 3671 3417; baseline -0.004 -10"><span class='ocrx_word' id='word_1_663' title='bbox 2029 3350 2100 3407; x_wconf 90' lang='lat' dir='ltr'><strong>de</strong></span> <span class='ocrx_word' id='word_1_664' title='bbox 2131 3350 2249 3405; x_wconf 92' lang='lat' dir='ltr'><strong>illis</strong></span> <span class='ocrx_word' id='word_1_665' title='bbox 2280 3347 2542 3413; x_wconf 89' lang='lat' dir='ltr'><strong>canibus,</strong></span> <span class='ocrx_word' id='word_1_666' title='bbox 2578 3347 2648 3403; x_wconf 90' lang='lat' dir='ltr'><strong>de</strong></span> <span class='ocrx_word' id='word_1_667' title='bbox 2672 3347 2885 3417; x_wconf 90' lang='lat' dir='ltr'><strong>quibus</strong></span> <span class='ocrx_word' id='word_1_668' title='bbox 2916 3346 3132 3402; x_wconf 90' lang='lat' dir='ltr'><strong>dicitur</strong></span> <span class='ocrx_word' id='word_1_669' title='bbox 3157 3363 3169 3399; x_wconf 93' lang='lat'>:</span> <span class='ocrx_word' id='word_1_670' title='bbox 3194 3344 3431 3415; x_wconf 73' lang='lat' dir='ltr'><strong>Lingua</strong></span> <span class='ocrx_word' id='word_1_671' title='bbox 3456 3358 3671 3402; x_wconf 77' lang='lat' dir='ltr'><strong>canum</strong></span> 
     </span>
    </p>
   </div>
   <div class='ocr_carea' id='block_1_97' title="bbox 2031 3432 3673 3505">
    <p class='ocr_par' dir='ltr' id='par_1_97' title="bbox 2031 3432 3673 3505">
     <span class='ocr_line' id='line_1_97' title="bbox 2031 3432 3673 3505; baseline -0.004 -10"><span class='ocrx_word' id='word_1_672' title='bbox 2031 3439 2266 3496; x_wconf 77' lang='lat' dir='ltr'><strong>tuorum</strong></span> <span class='ocrx_word' id='word_1_673' title='bbox 2287 3451 2361 3493; x_wconf 74' lang='lat' dir='ltr'><strong>ea;</strong></span> <span class='ocrx_word' id='word_1_674' title='bbox 2381 3436 2648 3493; x_wconf 81' lang='lat' dir='ltr'><strong>inimicis</strong></span> <span class='ocrx_word' id='word_1_675' title='bbox 2675 3435 2749 3491; x_wconf 76' lang='lat' dir='ltr'><strong>ab</strong></span> <span class='ocrx_word' id='word_1_676' title='bbox 2777 3436 2907 3505; x_wconf 71' lang='lat' dir='ltr'><strong>ipso</strong></span> <span class='ocrx_word' id='word_1_677' title='bbox 2935 3433 3126 3499; x_wconf 83' lang='lat' dir='ltr'><strong>(Psal.</strong></span> <span class='ocrx_word' id='word_1_678' title='bbox 3156 3447 3322 3501; x_wconf 77' lang='lat' dir='ltr'><strong>vau,</strong></span> <span class='ocrx_word' id='word_1_679' title='bbox 3348 3435 3460 3504; x_wconf 76' lang='grc'><strong>24),</strong></span> <span class='ocrx_word' id='word_1_680' title='bbox 3497 3432 3673 3489; x_wconf 88' lang='lat' dir='ltr'><strong>mise-</strong></span> 
     </span>
    </p>
   </div>
   <div class='ocr_carea' id='block_1_98' title="bbox 2030 3519 3667 3592">
    <p class='ocr_par' dir='ltr' id='par_1_98' title="bbox 2030 3519 3667 3592">
     <span class='ocr_line' id='line_1_98' title="bbox 2030 3519 3667 3592; baseline -0.002 -13"><span class='ocrx_word' id='word_1_681' title='bbox 2030 3520 2109 3580; x_wconf 72' lang='lat' dir='ltr'><strong>rae</strong></span> <span class='ocrx_word' id='word_1_682' title='bbox 2142 3523 2479 3580; x_wconf 88' lang='lat' dir='ltr'><strong>mcdicalem</strong></span> <span class='ocrx_word' id='word_1_683' title='bbox 2533 3523 2784 3592; x_wconf 76' lang='lat' dir='ltr'><strong>linguam</strong></span> <span class='ocrx_word' id='word_1_684' title='bbox 2833 3520 3055 3587; x_wconf 86' lang='lat' dir='ltr'><strong>auxilii,</strong></span> <span class='ocrx_word' id='word_1_685' title='bbox 3088 3519 3243 3574; x_wconf 89' lang='lat' dir='ltr'><strong>hosti</strong></span> <span class='ocrx_word' id='word_1_686' title='bbox 3274 3524 3331 3575; x_wconf 91' lang='lat' dir='ltr'><strong>et</strong></span> <span class='ocrx_word' id='word_1_687' title='bbox 3364 3519 3667 3591; x_wconf 87' lang='lat' dir='ltr'><strong>pervasori</strong></span> 
     </span>
    </p>
   </div>
   <div class='ocr_carea' id='block_1_99' title="bbox 2031 3606 3671 3678">
    <p class='ocr_par' dir='ltr' id='par_1_99' title="bbox 2031 3606 3671 3678">
     <span class='ocr_line' id='line_1_99' title="bbox 2031 3606 3671 3678; baseline -0.004 -10"><span class='ocrx_word' id='word_1_688' title='bbox 2031 3612 2239 3668; x_wconf 91' lang='lat' dir='ltr'><strong>dentes</strong></span> <span class='ocrx_word' id='word_1_689' title='bbox 2270 3610 2502 3667; x_wconf 86' lang='lat' dir='ltr'><strong>exeruit</strong></span> <span class='ocrx_word' id='word_1_690' title='bbox 2533 3607 2876 3678; x_wconf 89' lang='lat' dir='ltr'><strong>imperantis</strong></span> <span class='ocrx_word' id='word_1_691' title='bbox 2902 3606 3032 3677; x_wconf 91' lang='lat' dir='ltr'><strong>zeli,</strong></span> <span class='ocrx_word' id='word_1_692' title='bbox 3057 3610 3114 3662; x_wconf 92' lang='lat' dir='ltr'><strong>et</strong></span> <span class='ocrx_word' id='word_1_693' title='bbox 3144 3606 3369 3663; x_wconf 91' lang='lat' dir='ltr'><strong>latrans</strong></span> <span class='ocrx_word' id='word_1_694' title='bbox 3398 3621 3540 3664; x_wconf 87' lang='lat' dir='ltr'><strong>voce</strong></span> <span class='ocrx_word' id='word_1_695' title='bbox 3570 3606 3671 3663; x_wconf 90' lang='lat' dir='ltr'><strong>do-</strong></span> 
     </span>
    </p>
   </div>
   <div class='ocr_carea' id='block_1_100' title="bbox 2030 3695 3670 3768">
    <p class='ocr_par' dir='ltr' id='par_1_100' title="bbox 2030 3695 3670 3768">
     <span class='ocr_line' id='line_1_100' title="bbox 2030 3695 3670 3768; baseline -0.002 -13"><span class='ocrx_word' id='word_1_696' title='bbox 2030 3699 2260 3768; x_wconf 84' lang='lat' dir='ltr'><strong>minica,</strong></span> <span class='ocrx_word' id='word_1_697' title='bbox 2296 3713 2423 3768; x_wconf 56' lang='lat' dir='ltr'><strong>qua;</strong></span> <span class='ocrx_word' id='word_1_698' title='bbox 2458 3696 2613 3752; x_wconf 91' lang='lat' dir='ltr'><strong>mitis</strong></span> <span class='ocrx_word' id='word_1_699' title='bbox 2644 3700 2702 3751; x_wconf 92' lang='lat' dir='ltr'><strong>et</strong></span> <span class='ocrx_word' id='word_1_700' title='bbox 2732 3695 2970 3767; x_wconf 91' lang='lat' dir='ltr'><strong>paciens</strong></span> <span class='ocrx_word' id='word_1_701' title='bbox 3007 3709 3116 3750; x_wconf 90' lang='lat' dir='ltr'><strong>non</strong></span> <span class='ocrx_word' id='word_1_702' title='bbox 3149 3695 3443 3764; x_wconf 86' lang='lat' dir='ltr'><strong>clamavit,</strong></span> <span class='ocrx_word' id='word_1_703' title='bbox 3479 3708 3670 3766; x_wconf 86' lang='lat' dir='ltr'><strong>neque</strong></span> 
     </span>
    </p>
   </div>
   <div class='ocr_carea' id='block_1_101' title="bbox 2029 3781 3671 3855">
    <p class='ocr_par' dir='ltr' id='par_1_101' title="bbox 2029 3781 3671 3855">
     <span class='ocr_line' id='line_1_101' title="bbox 2029 3781 3671 3855; baseline -0.002 -12"><span class='ocrx_word' id='word_1_704' title='bbox 2029 3786 2231 3844; x_wconf 91' lang='lat' dir='ltr'><strong>audita</strong></span> <span class='ocrx_word' id='word_1_705' title='bbox 2247 3788 2341 3841; x_wconf 88' lang='lat' dir='ltr'><strong>est</strong></span> <span class='ocrx_word' id='word_1_706' title='bbox 2362 3785 2416 3840; x_wconf 93' lang='lat' dir='ltr'><strong>in</strong></span> <span class='ocrx_word' id='word_1_707' title='bbox 2444 3784 2654 3855; x_wconf 90' lang='lat' dir='ltr'><strong>platea,</strong></span> <span class='ocrx_word' id='word_1_708' title='bbox 2683 3783 3003 3855; x_wconf 88' lang='lat' dir='ltr'><strong>perterruit</strong></span> <span class='ocrx_word' id='word_1_709' title='bbox 3025 3796 3143 3839; x_wconf 90' lang='lat' dir='ltr'><strong>sem</strong></span> <span class='ocrx_word' id='word_1_710' title='bbox 3155 3796 3256 3852; x_wconf 86' lang='lat' dir='ltr'><strong>per</strong></span> <span class='ocrx_word' id='word_1_711' title='bbox 3275 3781 3553 3838; x_wconf 90' lang='lat' dir='ltr'><strong>tumidam</strong></span> <span class='ocrx_word' id='word_1_712' title='bbox 3573 3796 3671 3839; x_wconf 89' lang='lat' dir='ltr'><strong>ne-</strong></span> 
     </span>
    </p>
   </div>
   <div class='ocr_carea' id='block_1_102' title="bbox 2031 3869 3673 3946">
    <p class='ocr_par' dir='ltr' id='par_1_102' title="bbox 2031 3869 3673 3946">
     <span class='ocr_line' id='line_1_102' title="bbox 2031 3869 3673 3946; baseline -0.004 -15"><span class='ocrx_word' id='word_1_713' title='bbox 2031 3873 2293 3946; x_wconf 92' lang='lat' dir='ltr'><strong>quitiam,</strong></span> <span class='ocrx_word' id='word_1_714' title='bbox 2320 3877 2375 3930; x_wconf 93' lang='lat' dir='ltr'><strong>et</strong></span> <span class='ocrx_word' id='word_1_715' title='bbox 2401 3872 2703 3941; x_wconf 85' lang='lat' dir='ltr'><strong>imaginem</strong></span> <span class='ocrx_word' id='word_1_716' title='bbox 2731 3871 2852 3940; x_wconf 91' lang='lat' dir='ltr'><strong>Dei,</strong></span> <span class='ocrx_word' id='word_1_717' title='bbox 2881 3885 3008 3938; x_wconf 69' lang='lat' dir='ltr'><strong>quae</strong></span> <span class='ocrx_word' id='word_1_718' title='bbox 3030 3870 3423 3927; x_wconf 89' lang='lat' dir='ltr'><strong>ancillabatur</strong></span> <span class='ocrx_word' id='word_1_719' title='bbox 3452 3869 3673 3926; x_wconf 87' lang='lat' dir='ltr'><strong>violen-</strong></span> 
     </span>
    </p>
   </div>
   <div class='ocr_carea' id='block_1_103' title="bbox 2031 3956 3668 4029">
    <p class='ocr_par' dir='ltr' id='par_1_103' title="bbox 2031 3956 3668 4029">
     <span class='ocr_line' id='line_1_103' title="bbox 2031 3956 3668 4029; baseline -0.003 -12"><span class='ocrx_word' id='word_1_720' title='bbox 2031 3968 2122 4018; x_wconf 92' lang='lat' dir='ltr'><strong>ter</strong></span> <span class='ocrx_word' id='word_1_721' title='bbox 2144 3976 2253 4018; x_wconf 91' lang='lat' dir='ltr'><strong>non</strong></span> <span class='ocrx_word' id='word_1_722' title='bbox 2288 3961 2543 4029; x_wconf 89' lang='lat' dir='ltr'><strong>Domino,</strong></span> <span class='ocrx_word' id='word_1_723' title='bbox 2579 3958 2831 4021; x_wconf 66' lang='lat' dir='ltr'><strong>Reddidit</strong></span> <span class='ocrx_word' id='word_1_724' title='bbox 2868 3958 3131 4015; x_wconf 90' lang='lat' dir='ltr'><strong>liberam.</strong></span> <span class='ocrx_word' id='word_1_725' title='bbox 3168 3959 3483 4027; x_wconf 82' lang='lat' dir='ltr'><strong>Postquam</strong></span> <span class='ocrx_word' id='word_1_726' title='bbox 3514 3956 3668 4013; x_wconf 89' lang='lat' dir='ltr'><strong>enim</strong></span> 
     </span>
    </p>
   </div>
   <div class='ocr_carea' id='block_1_104' title="bbox 2031 4043 3670 4120">
    <p class='ocr_par' dir='ltr' id='par_1_104' title="bbox 2031 4043 3670 4120">
     <span class='ocr_line' id='line_1_104' title="bbox 2031 4043 3670 4120; baseline -0.004 -12"><span class='ocrx_word' id='word_1_727' title='bbox 2031 4050 2176 4108; x_wconf 82' lang='lat' dir='ltr'><strong>dixit</strong></span> <span class='ocrx_word' id='word_1_728' title='bbox 2198 4070 2210 4105; x_wconf 92' lang='lat'><strong>:</strong></span> <span class='ocrx_word' id='word_1_729' title='bbox 2229 4051 2523 4120; x_wconf 66' lang='lat' dir='ltr'><strong>Pracipio</strong></span> <span class='ocrx_word' id='word_1_730' title='bbox 2548 4048 2676 4116; x_wconf 77' lang='lat' dir='ltr'><strong>tibi,</strong></span> <span class='ocrx_word' id='word_1_731' title='bbox 2700 4048 2953 4118; x_wconf 78' lang='lat' dir='ltr'><strong>spiritus</strong></span> <span class='ocrx_word' id='word_1_732' title='bbox 2972 4045 3291 4112; x_wconf 70' lang='lat' dir='ltr'><strong>immunda,</strong></span> <span class='ocrx_word' id='word_1_733' title='bbox 3317 4046 3574 4103; x_wconf 66' lang='lat' dir='ltr'><strong>uteieeas</strong></span> <span class='ocrx_word' id='word_1_734' title='bbox 3593 4043 3670 4102; x_wconf 80' lang='lat' dir='ltr'><strong>ab</strong></span> 
     </span>
    </p>
   </div>
   <div class='ocr_carea' id='block_1_105' title="bbox 2030 4133 3672 4210">
    <p class='ocr_par' dir='ltr' id='par_1_105' title="bbox 2030 4133 3672 4210">
     <span class='ocr_line' id='line_1_105' title="bbox 2030 4133 3672 4210; baseline -0.003 -15"><span class='ocrx_word' id='word_1_735' title='bbox 2030 4153 2119 4202; x_wconf 75' lang='lat' dir='ltr'><strong>ea,</strong></span> <span class='ocrx_word' id='word_1_736' title='bbox 2141 4139 2203 4195; x_wconf 78' lang='lat' dir='ltr'><strong>et</strong></span> <span class='ocrx_word' id='word_1_737' title='bbox 2216 4139 2477 4210; x_wconf 73' lang='lat' dir='ltr'><strong>amplius</strong></span> <span class='ocrx_word' id='word_1_738' title='bbox 2503 4151 2621 4194; x_wconf 74' lang='lat' dir='ltr'><strong>non</strong></span> <span class='ocrx_word' id='word_1_739' title='bbox 2646 4136 2912 4194; x_wconf 76' lang='lat' dir='ltr'><strong>introeas</strong></span> <span class='ocrx_word' id='word_1_740' title='bbox 2938 4136 3007 4193; x_wconf 84' lang='lat' dir='ltr'><strong>in</strong></span> <span class='ocrx_word' id='word_1_741' title='bbox 3037 4148 3184 4200; x_wconf 77' lang='lat' dir='ltr'><strong>eam,</strong></span> <span class='ocrx_word' id='word_1_742' title='bbox 3222 4133 3319 4190; x_wconf 89' lang='lat' dir='ltr'><strong>ille</strong></span> <span class='ocrx_word' id='word_1_743' title='bbox 3351 4147 3672 4204; x_wconf 80' lang='lat' dir='ltr'><strong>percussus</strong></span> 
     </span>
    </p>
   </div>
   <div class='ocr_carea' id='block_1_106' title="bbox 2032 4221 3675 4295">
    <p class='ocr_par' dir='ltr' id='par_1_106' title="bbox 2032 4221 3675 4295">
     <span class='ocr_line' id='line_1_106' title="bbox 2032 4221 3675 4295; baseline -0.002 -15"><span class='ocrx_word' id='word_1_744' title='bbox 2032 4226 2249 4282; x_wconf 89' lang='lat' dir='ltr'><strong>virtute</strong></span> <span class='ocrx_word' id='word_1_745' title='bbox 2271 4223 2726 4295; x_wconf 61' lang='lat' dir='ltr'><strong>omnipotentis,</strong></span> <span class='ocrx_word' id='word_1_746' title='bbox 2754 4222 3055 4294; x_wconf 83' lang='lat' dir='ltr'><strong>projectus</strong></span> <span class='ocrx_word' id='word_1_747' title='bbox 3075 4221 3245 4278; x_wconf 89' lang='lat' dir='ltr'><strong>estin</strong></span> <span class='ocrx_word' id='word_1_748' title='bbox 3271 4225 3482 4277; x_wconf 90' lang='lat' dir='ltr'><strong>tetram</strong></span> <span class='ocrx_word' id='word_1_749' title='bbox 3506 4222 3675 4292; x_wconf 79' lang='lat' dir='ltr'><strong>abys-</strong></span> 
     </span>
    </p>
   </div>
   <div class='ocr_carea' id='block_1_107' title="bbox 2031 4306 3675 4381">
    <p class='ocr_par' dir='ltr' id='par_1_107' title="bbox 2031 4306 3675 4381">
     <span class='ocr_line' id='line_1_107' title="bbox 2031 4306 3675 4381; baseline -0.004 -10"><span class='ocrx_word' id='word_1_750' title='bbox 2031 4329 2154 4371; x_wconf 91' lang='lat' dir='ltr'><strong>sum</strong></span> <span class='ocrx_word' id='word_1_751' title='bbox 2207 4313 2365 4369; x_wconf 89' lang='lat' dir='ltr'><strong>sedis</strong></span> <span class='ocrx_word' id='word_1_752' title='bbox 2411 4326 2552 4380; x_wconf 81' lang='lat' dir='ltr'><strong>su:e,</strong></span> <span class='ocrx_word' id='word_1_753' title='bbox 2588 4311 2641 4366; x_wconf 92' lang='lat' dir='ltr'><strong>in</strong></span> <span class='ocrx_word' id='word_1_754' title='bbox 2677 4310 2839 4380; x_wconf 88' lang='lat' dir='ltr'><strong>ignea</strong></span> <span class='ocrx_word' id='word_1_755' title='bbox 2875 4324 3076 4381; x_wconf 78' lang='lat' dir='ltr'><strong>Spuma</strong></span> <span class='ocrx_word' id='word_1_756' title='bbox 3112 4323 3281 4380; x_wconf 89' lang='lat' dir='ltr'><strong>quam</strong></span> <span class='ocrx_word' id='word_1_757' title='bbox 3315 4306 3507 4380; x_wconf 90' lang='lat' dir='ltr'><strong>puella</strong></span> <span class='ocrx_word' id='word_1_758' title='bbox 3538 4321 3675 4364; x_wconf 92' lang='lat' dir='ltr'><strong>evo-</strong></span> 
     </span>
    </p>
   </div>
   <div class='ocr_carea' id='block_1_108' title="bbox 2031 4395 3673 4469">
    <p class='ocr_par' dir='ltr' id='par_1_108' title="bbox 2031 4395 3673 4469">
     <span class='ocr_line' id='line_1_108' title="bbox 2031 4395 3673 4469; baseline -0.004 -11"><span class='ocrx_word' id='word_1_759' title='bbox 2031 4402 2225 4458; x_wconf 90' lang='lat' dir='ltr'><strong>mebat</strong></span> <span class='ocrx_word' id='word_1_760' title='bbox 2251 4399 2588 4469; x_wconf 90' lang='lat' dir='ltr'><strong>ostendens,</strong></span> <span class='ocrx_word' id='word_1_761' title='bbox 2614 4414 2729 4469; x_wconf 92' lang='lat' dir='ltr'><strong>quo</strong></span> <span class='ocrx_word' id='word_1_762' title='bbox 2761 4399 3009 4466; x_wconf 89' lang='lat' dir='ltr'><strong>camino,</strong></span> <span class='ocrx_word' id='word_1_763' title='bbox 3037 4411 3150 4468; x_wconf 92' lang='lat' dir='ltr'><strong>quo</strong></span> <span class='ocrx_word' id='word_1_764' title='bbox 3177 4396 3409 4453; x_wconf 91' lang='lat' dir='ltr'><strong>clibano</strong></span> <span class='ocrx_word' id='word_1_765' title='bbox 3438 4395 3673 4452; x_wconf 85' lang='lat' dir='ltr'><strong>clande-</strong></span> 
     </span>
    </p>
   </div>
   <div class='ocr_carea' id='block_1_109' title="bbox 2031 4484 3671 4559">
    <p class='ocr_par' dir='ltr' id='par_1_109' title="bbox 2031 4484 3671 4559">
     <span class='ocr_line' id='line_1_109' title="bbox 2031 4484 3671 4559; baseline -0.004 -13"><span class='ocrx_word' id='word_1_766' title='bbox 2031 4490 2185 4546; x_wconf 92' lang='lat' dir='ltr'><strong>stino</strong></span> <span class='ocrx_word' id='word_1_767' title='bbox 2202 4489 2468 4545; x_wconf 91' lang='lat' dir='ltr'><strong>miseram</strong></span> <span class='ocrx_word' id='word_1_768' title='bbox 2493 4487 2837 4559; x_wconf 86' lang='lat' dir='ltr'><strong>possidebat</strong></span> <span class='ocrx_word' id='word_1_769' title='bbox 2854 4484 3128 4542; x_wconf 89' lang='lat' dir='ltr'><strong>adurens.</strong></span> <span class='ocrx_word' id='word_1_770' title='bbox 3146 4484 3248 4541; x_wconf 87' lang='lat' dir='ltr'><strong>Illa</strong></span> <span class='ocrx_word' id='word_1_771' title='bbox 3270 4485 3671 4541; x_wconf 88' lang='lat' dir='ltr'><strong>mansuefacta</strong></span> 
     </span>
    </p>
   </div>
   <div class='ocr_carea' id='block_1_110' title="bbox 2031 4571 3670 4648">
    <p class='ocr_par' dir='ltr' id='par_1_110' title="bbox 2031 4571 3670 4648">
     <span class='ocr_line' id='line_1_110' title="bbox 2031 4571 3670 4648; baseline -0.003 -16"><span class='ocrx_word' id='word_1_772' title='bbox 2031 4592 2211 4647; x_wconf 92' lang='lat' dir='ltr'><strong>seque</strong></span> <span class='ocrx_word' id='word_1_773' title='bbox 2244 4576 2427 4648; x_wconf 89' lang='lat' dir='ltr'><strong>ipsam</strong></span> <span class='ocrx_word' id='word_1_774' title='bbox 2457 4574 2838 4647; x_wconf 72' lang='lat' dir='ltr'><strong>[cognoscens</strong></span> <span class='ocrx_word' id='word_1_775' title='bbox 2888 4572 3236 4629; x_wconf 88' lang='lat' dir='ltr'><strong>lassabunda</strong></span> <span class='ocrx_word' id='word_1_776' title='bbox 3286 4571 3574 4640; x_wconf 88' lang='lat' dir='ltr'><strong>subsedit,</strong></span> <span class='ocrx_word' id='word_1_777' title='bbox 3608 4575 3670 4627; x_wconf 90' lang='lat' dir='ltr'><strong>et</strong></span> 
     </span>
    </p>
   </div>
   <div class='ocr_carea' id='block_1_111' title="bbox 2031 4658 3668 4736">
    <p class='ocr_par' dir='ltr' id='par_1_111' title="bbox 2031 4658 3668 4736">
     <span class='ocr_line' id='line_1_111' title="bbox 2031 4658 3668 4736; baseline -0.003 -16"><span class='ocrx_word' id='word_1_778' title='bbox 2031 4665 2258 4736; x_wconf 89' lang='lat' dir='ltr'><strong>perdita</strong></span> <span class='ocrx_word' id='word_1_779' title='bbox 2290 4663 2615 4720; x_wconf 88' lang='lat' dir='ltr'><strong>crassantis</strong></span> <span class='ocrx_word' id='word_1_780' title='bbox 2643 4661 2889 4718; x_wconf 88' lang='lat' dir='ltr'><strong>interius</strong></span> <span class='ocrx_word' id='word_1_781' title='bbox 2918 4659 3134 4716; x_wconf 90' lang='lat' dir='ltr'><strong>inimici</strong></span> <span class='ocrx_word' id='word_1_782' title='bbox 3160 4665 3454 4716; x_wconf 90' lang='lat' dir='ltr'><strong>armatura</strong></span> <span class='ocrx_word' id='word_1_783' title='bbox 3484 4658 3668 4730; x_wconf 87' lang='lat' dir='ltr'><strong>mitis,</strong></span> 
     </span>
    </p>
   </div>
   <div class='ocr_carea' id='block_1_112' title="bbox 2029 4747 3671 4821">
    <p class='ocr_par' dir='ltr' id='par_1_112' title="bbox 2029 4747 3671 4821">
     <span class='ocr_line' id='line_1_112' title="bbox 2029 4747 3671 4821; baseline -0.003 -13"><span class='ocrx_word' id='word_1_784' title='bbox 2029 4757 2086 4808; x_wconf 92' lang='lat' dir='ltr'><strong>et</strong></span> <span class='ocrx_word' id='word_1_785' title='bbox 2109 4752 2377 4809; x_wconf 90' lang='lat' dir='ltr'><strong>omnibus</strong></span> <span class='ocrx_word' id='word_1_786' title='bbox 2402 4751 2550 4807; x_wconf 87' lang='lat' dir='ltr'><strong>facta</strong></span> <span class='ocrx_word' id='word_1_787' title='bbox 2574 4748 2877 4813; x_wconf 85' lang='lat' dir='ltr'><strong>miraculo,</strong></span> <span class='ocrx_word' id='word_1_788' title='bbox 2900 4748 3150 4821; x_wconf 91' lang='lat' dir='ltr'><strong>amplius</strong></span> <span class='ocrx_word' id='word_1_789' title='bbox 3172 4761 3235 4804; x_wconf 92' lang='lat' dir='ltr'><strong>se</strong></span> <span class='ocrx_word' id='word_1_790' title='bbox 3258 4747 3384 4819; x_wconf 91' lang='lat' dir='ltr'><strong>ipsa</strong></span> <span class='ocrx_word' id='word_1_791' title='bbox 3407 4747 3671 4819; x_wconf 91' lang='lat' dir='ltr'><strong>pavitan-</strong></span> 
     </span>
    </p>
   </div>
   <div class='ocr_carea' id='block_1_113' title="bbox 2030 4835 3673 4907">
    <p class='ocr_par' dir='ltr' id='par_1_113' title="bbox 2030 4835 3673 4907">
     <span class='ocr_line' id='line_1_113' title="bbox 2030 4835 3673 4907; baseline -0.002 -11"><span class='ocrx_word' id='word_1_792' title='bbox 2030 4840 2103 4897; x_wconf 94' lang='lat' dir='ltr'><strong>do</strong></span> <span class='ocrx_word' id='word_1_793' title='bbox 2138 4840 2402 4896; x_wconf 90' lang='lat' dir='ltr'><strong>miratur.</strong></span> <span class='ocrx_word' id='word_1_794' title='bbox 2452 4838 2677 4902; x_wconf 76' lang='lat' dir='ltr'><strong>Habere</strong></span> <span class='ocrx_word' id='word_1_795' title='bbox 2709 4849 2771 4893; x_wconf 89' lang='lat' dir='ltr'><strong>se</strong></span> <span class='ocrx_word' id='word_1_796' title='bbox 2805 4835 3031 4906; x_wconf 90' lang='lat' dir='ltr'><strong>incipit,</strong></span> <span class='ocrx_word' id='word_1_797' title='bbox 3067 4850 3195 4907; x_wconf 71' lang='lat' dir='ltr'><strong>quae</strong></span> <span class='ocrx_word' id='word_1_798' title='bbox 3226 4835 3574 4904; x_wconf 85' lang='lat' dir='ltr'><strong>habebatur,</strong></span> <span class='ocrx_word' id='word_1_799' title='bbox 3609 4838 3673 4892; x_wconf 91' lang='lat' dir='ltr'><strong>et</strong></span> 
     </span>
    </p>
   </div>
   <div class='ocr_carea' id='block_1_114' title="bbox 2027 4922 3672 5000">
    <p class='ocr_par' dir='ltr' id='par_1_114' title="bbox 2027 4922 3672 5000">
     <span class='ocr_line' id='line_1_114' title="bbox 2027 4922 3672 5000; baseline -0.004 -14"><span class='ocrx_word' id='word_1_800' title='bbox 2027 4927 2325 5000; x_wconf 90' lang='lat' dir='ltr'><strong>paulisper</strong></span> <span class='ocrx_word' id='word_1_801' title='bbox 2350 4925 2559 4997; x_wconf 91' lang='lat' dir='ltr'><strong>spiritu</strong></span> <span class='ocrx_word' id='word_1_802' title='bbox 2585 4926 2829 4996; x_wconf 88' lang='lat' dir='ltr'><strong>purgata</strong></span> <span class='ocrx_word' id='word_1_803' title='bbox 2844 4929 3125 4980; x_wconf 87' lang='lat' dir='ltr'><strong>extraneo</strong></span> <span class='ocrx_word' id='word_1_804' title='bbox 3147 4922 3419 4995; x_wconf 90' lang='lat' dir='ltr'><strong>spiritum</strong></span> <span class='ocrx_word' id='word_1_805' title='bbox 3442 4928 3672 4979; x_wconf 62' lang='lat' dir='ltr'><strong>natura)</strong></span> 
     </span>
    </p>
   </div>
   <div class='ocr_carea' id='block_1_115' title="bbox 2030 5009 3671 5085">
    <p class='ocr_par' dir='ltr' id='par_1_115' title="bbox 2030 5009 3671 5085">
     <span class='ocr_line' id='line_1_115' title="bbox 2030 5009 3671 5085; baseline -0.004 -13"><span class='ocrx_word' id='word_1_806' title='bbox 2030 5014 2340 5085; x_wconf 85' lang='lat' dir='ltr'><strong>recolligit.</strong></span> <span class='ocrx_word' id='word_1_807' title='bbox 2374 5013 2641 5069; x_wconf 84' lang='lat' dir='ltr'><strong>Remittit</strong></span> <span class='ocrx_word' id='word_1_808' title='bbox 2672 5025 2878 5068; x_wconf 87' lang='lat' dir='ltr'><strong>servus</strong></span> <span class='ocrx_word' id='word_1_809' title='bbox 2908 5011 3009 5068; x_wconf 90' lang='lat' dir='ltr'><strong>Dei</strong></span> <span class='ocrx_word' id='word_1_810' title='bbox 3041 5011 3112 5068; x_wconf 91' lang='lat' dir='ltr'><strong>de</strong></span> <span class='ocrx_word' id='word_1_811' title='bbox 3142 5010 3387 5068; x_wconf 91' lang='lat' dir='ltr'><strong>servitio</strong></span> <span class='ocrx_word' id='word_1_812' title='bbox 3420 5009 3671 5080; x_wconf 86' lang='lat' dir='ltr'><strong>maligno</strong></span> 
     </span>
    </p>
   </div>
   <div class='ocr_carea' id='block_1_116' title="bbox 2028 5097 3669 5170">
    <p class='ocr_par' dir='ltr' id='par_1_116' title="bbox 2028 5097 3669 5170">
     <span class='ocr_line' id='line_1_116' title="bbox 2028 5097 3669 5170; baseline -0.004 -9"><span class='ocrx_word' id='word_1_813' title='bbox 2028 5104 2368 5169; x_wconf 88' lang='lat' dir='ltr'><strong>liberatam;</strong></span> <span class='ocrx_word' id='word_1_814' title='bbox 2396 5104 2456 5157; x_wconf 93' lang='lat' dir='ltr'><strong>et</strong></span> <span class='ocrx_word' id='word_1_815' title='bbox 2485 5099 2745 5170; x_wconf 85' lang='lat' dir='ltr'><strong>legitimo</strong></span> <span class='ocrx_word' id='word_1_816' title='bbox 2788 5098 3019 5156; x_wconf 90' lang='lat' dir='ltr'><strong>domino</strong></span> <span class='ocrx_word' id='word_1_817' title='bbox 3052 5097 3477 5168; x_wconf 65' lang='lat' dir='ltr'><strong>universorum,</strong></span> <span class='ocrx_word' id='word_1_818' title='bbox 3511 5097 3669 5170; x_wconf 90' lang='lat' dir='ltr'><strong>quod</strong></span> 
     </span>
    </p>
   </div>
   <div class='ocr_carea' id='block_1_117' title="bbox 2030 5185 3667 5255">
    <p class='ocr_par' dir='ltr' id='par_1_117' title="bbox 2030 5185 3667 5255">
     <span class='ocr_line' id='line_1_117' title="bbox 2030 5185 3667 5255; baseline -0.006 -4"><span class='ocrx_word' id='word_1_819' title='bbox 2030 5207 2237 5250; x_wconf 90' lang='lat' dir='ltr'><strong>servus</strong></span> <span class='ocrx_word' id='word_1_820' title='bbox 2284 5189 2531 5248; x_wconf 85' lang='lat' dir='ltr'><strong>mendax</strong></span> <span class='ocrx_word' id='word_1_821' title='bbox 2562 5193 2618 5245; x_wconf 91' lang='lat' dir='ltr'><strong>et</strong></span> <span class='ocrx_word' id='word_1_822' title='bbox 2652 5189 2723 5245; x_wconf 91' lang='lat' dir='ltr'><strong>ab</strong></span> <span class='ocrx_word' id='word_1_823' title='bbox 2751 5187 2929 5245; x_wconf 89' lang='lat' dir='ltr'><strong>inicio</strong></span> <span class='ocrx_word' id='word_1_824' title='bbox 2979 5185 3269 5244; x_wconf 89' lang='lat' dir='ltr'><strong>homicida</strong></span> <span class='ocrx_word' id='word_1_825' title='bbox 3319 5185 3667 5255; x_wconf 88' lang='lat' dir='ltr'><strong>abstulerat,</strong></span> 
     </span>
    </p>
   </div>
   <div class='ocr_carea' id='block_1_118' title="bbox 2032 5274 3675 5352">
    <p class='ocr_par' dir='ltr' id='par_1_118' title="bbox 2032 5274 3675 5352">
     <span class='ocr_line' id='line_1_118' title="bbox 2032 5274 3675 5352; baseline -0.004 -14"><span class='ocrx_word' id='word_1_826' title='bbox 2032 5279 2254 5338; x_wconf 87' lang='lat' dir='ltr'><strong>servire</strong></span> <span class='ocrx_word' id='word_1_827' title='bbox 2281 5277 2582 5352; x_wconf 65' lang='lat' dir='ltr'><strong>praecepit.</strong></span> <span class='ocrx_word' id='word_1_828' title='bbox 2610 5278 2654 5333; x_wconf 95' lang='grc' dir='ltr'>Ο</span> <span class='ocrx_word' id='word_1_829' title='bbox 2673 5278 2824 5334; x_wconf 91' lang='lat' dir='ltr'><strong>Deus</strong></span> <span class='ocrx_word' id='word_1_830' title='bbox 2845 5274 3274 5350; x_wconf 87' lang='lat' dir='ltr'><strong>potentissime,</strong></span> <span class='ocrx_word' id='word_1_831' title='bbox 3307 5274 3675 5334; x_wconf 87' lang='lat' dir='ltr'><strong>victoriosis-</strong></span> 
     </span>
    </p>
   </div>
   <div class='ocr_carea' id='block_1_119' title="bbox 2034 5361 3671 5439">
    <p class='ocr_par' dir='ltr' id='par_1_119' title="bbox 2034 5361 3671 5439">
     <span class='ocr_line' id='line_1_119' title="bbox 2034 5361 3671 5439; baseline -0.004 -14"><span class='ocrx_word' id='word_1_832' title='bbox 2034 5368 2197 5439; x_wconf 85' lang='lat' dir='ltr'><strong>sime,</strong></span> <span class='ocrx_word' id='word_1_833' title='bbox 2267 5364 2839 5435; x_wconf 88' lang='lat' dir='ltr'><strong>misericordissime,</strong></span> <span class='ocrx_word' id='word_1_834' title='bbox 2898 5362 3151 5423; x_wconf 89' lang='lat' dir='ltr'><strong>reddant</strong></span> <span class='ocrx_word' id='word_1_835' title='bbox 3207 5363 3314 5421; x_wconf 91' lang='lat' dir='ltr'><strong>tibi</strong></span> <span class='ocrx_word' id='word_1_836' title='bbox 3366 5363 3526 5422; x_wconf 88' lang='lat' dir='ltr'><strong>servi</strong></span> <span class='ocrx_word' id='word_1_837' title='bbox 3585 5361 3671 5421; x_wconf 89' lang='lat' dir='ltr'><strong>tui</strong></span> 
     </span>
    </p>
   </div>
  </div>
