3940 6048
159 216 267 281 121

1400 216 1899 283 CHRONICON.
1934 253 2013 265 —
2039 219 2196 284 LIB.
2242 221 2289 283 Ι.
2360 242 2369 251 '

3421 226 3537 292 122

154 352 436 422 potentes,
468 350 622 422 quod
650 351 863 409 habent
908 353 1014 409 abs
1044 356 1103 408 te
1130 350 1434 409 victoriosi
1465 353 1523 408 et
1554 352 1783 410 miseri-
1810 353 1868 416 Α
1900 352 2070 411 beato
2101 354 2375 411 Sanctino
2402 359 2747 412 consecrata
2780 354 3205 415 honorabiliter
3232 361 3290 416 et
3319 359 3539 419 sancti-

157 438 378 504 cordes,
406 444 577 509 teque
610 445 671 495 et
701 441 890 496 omnia
920 455 1153 512 semper
1182 442 1496 497 habebunt.

219 526 755 598 Hactenussequuti
780 544 982 586 sumus
1009 529 1309 586 Dominum
1336 529 1501 599 quasi
1539 543 1639 600 per
1670 533 1787 584 ter-

157 613 668 686 ramgradientem,
687 617 1107 685 deseribentes,
1129 623 1298 689 prout
1319 616 1517 673 datum
1540 623 1632 673 est
1648 617 1782 687 (44),

157 706 413 756 sanctum
428 718 596 759 suum
616 704 887 762 famulum
903 707 957 761 in
974 705 1788 779 caductiscorporibuSpieta-

157 788 227 844 tis
255 793 315 844 et
337 790 750 849 misericordia:
773 809 950 865 opera
976 801 1345 852 exercentem
1370 814 1382 849 :
1404 794 1525 862 (fol.
1544 792 1785 866 45’)jam

155 890 300 932 nunc
324 892 429 933 nos
452 878 684 935 elevare
702 882 859 951 cogit
881 883 1127 953 spiritus
1151 883 1449 938 vivificaris
1472 881 1785 937 volubilem

153 968 331 1020 rotam
356 967 665 1038 scripturas
679 975 735 1024 et
752 970 1059 1040 spirituale
1085 970 1425 1027 miraculum
1453 984 1637 1041 penna
1660 964 1787 1024 c'or-

152 1065 320 1121 porca
362 1059 418 1107 et
472 1055 689 1111 visibili
738 1059 1038 1114 denotare.
1072 1058 1091 1128 (
1116 1060 1243 1116 Γὶιιι
1285 1059 1463 1130 ampl.
1496 1057 1783 1130 Agerici.)

152 1138 357 1196 Beatus
386 1142 535 1197 enim
569 1145 850 1213 Agericus
873 1145 1122 1217 apostoli
1150 1153 1505 1217 praeceptum
1532 1147 1585 1198 in
1608 1143 1785 1200 corde

152 1241 407 1298 servans,
440 1236 502 1285 et
531 1247 709 1302 opere
741 1234 1058 1305 complens,
1095 1234 1343 1290 dicentis
1377 1254 1389 1289 :
1421 1235 1571 1291 Sine
1606 1234 1786 1290 inter-

149 1316 423 1372 missione
443 1321 626 1385 orate,
645 1321 712 1376 in
732 1321 1000 1379 omnibus
1006 1324 1248 1393 gratias
1261 1323 1442 1393 agite,
1458 1321 1707 1389 contigit
1723 1323 1786 1375 ut

143 1400 351 1468 jaeeret
382 1404 436 1459 in
464 1412 751 1477 tempesto
774 1410 1073 1479 cujusdam
1100 1410 1291 1465 noctis
1319 1425 1536 1465 memor
1563 1407 1783 1462 Domini

153 1486 203 1543 in
229 1496 419 1548 stratu
452 1508 577 1564 suo,
604 1502 662 1551 et
687 1511 751 1552 se
775 1502 1003 1553 secreto
1027 1498 1188 1553 suavi
1213 1512 1278 1553 ac
1302 1497 1456 1553 dulei
1482 1496 1785 1567 voluptate

155 1577 627 1639 meditationibus
646 1586 826 1641 castis
849 1586 1171 1655 ignescens,
1198 1587 1384 1656 ipsius
1409 1600 1636 1655 quoque
1660 1598 1787 1639 cor-

1897 442 2041 498 sime
2071 444 2143 498 ab
2166 443 2292 514 ipso
2318 444 2440 499 viro
2466 445 2563 499 Dei
2590 444 2775 513 pridie
2798 446 2989 500 Nonas
3015 445 3372 516 Septembris
3398 452 3536 506 sunt

1896 530 2183 600 ordinata,
2201 536 2260 586 et
2283 532 2406 587 dies
2427 532 2836 588 translationis
2854 538 2912 587 et
2944 533 3533 593 revelationiseorum

1897 632 1999 701 per
2027 619 2398 675 succedentia
2424 625 2685 690 tempora
2711 620 3077 677 celebritatis
3100 636 3303 679 annuas
3325 627 3414 697 est
3440 626 3537 682 ho-

1896 719 2037 760 nore
2067 706 2359 776 insignita.
2387 708 2642 773 Quorum
2675 709 2875 763 merita
2910 709 2978 764 ad
3007 709 3277 779 sepulcra
3302 710 3534 767 illorum

1896 794 2210 849 ostendunt
2238 795 2561 863 frequentia
2585 795 2878 851 miracula.
2898 798 3011 853 Nos
3033 812 3173 866 ergo
3196 811 3266 853 eo
3283 798 3400 865 jam
3425 812 3540 856 me-

1896 879 2041 936 liore
2071 881 2155 937 via
2190 886 2484 952 suscepto,
2511 882 2628 952 jam
2662 883 2734 938 ad
2764 885 3008 954 patriam
3041 885 3343 942 felicitatis
3367 890 3535 942 teter-

1895 982 1983 1024 na}
2010 969 2310 1039 perducto,
2330 983 2532 1025 secure
2556 971 2626 1025 de
2644 977 2761 1025 tam
2781 971 3040 1040 gloriosa
3068 973 3440 1030 miseratione
3464 973 3535 1030 ad

1895 1055 2125 1111 laudem
2156 1058 2253 1111 Dei
2285 1062 2343 1112 et
2375 1058 2726 1127 pszeconium
2760 1059 2911 1113 servi
2942 1059 3033 1115 sui
3067 1060 3256 1117 ﬁdelis
3280 1060 3534 1125 fideliter

1896 1149 1955 1199 et
1984 1143 2191 1199 devota
2234 1144 2562 1200 humilitate
2596 1146 2855 1216 placeret
2886 1146 3309 1215 aliquantulum
3343 1148 3535 1205 decla-

1896 1246 2073 1287 mare.
2106 1232 2364 1302 Denique
2396 1232 2493 1287 ille
2529 1232 2762 1302 placens
2794 1238 2854 1288 et
2884 1233 3188 1290 adhaerens
3219 1238 3333 1291 Deo
3363 1236 3418 1290 in
3450 1250 3537 1291 re-

1896 1319 2063 1387 gione
2092 1320 2351 1375 vivorum
2384 1319 2549 1374 nobis
2596 1320 2920 1389 exemplum
2958 1321 3219 1391 reliquit,
3252 1322 3532 1378 auxilium

1897 1406 2177 1477 impendit
2212 1406 2262 1460 in
2300 1407 2534 1475 regione
2588 1413 2969 1475 mortuorum,
3005 1412 3068 1463 ut
3110 1414 3169 1463 et
3200 1424 3301 1464 nos
3334 1414 3534 1465 nostra

1896 1494 1964 1547 ad
1992 1494 2511 1563 normamjustitiaa
2546 1494 2921 1550 informemus
2952 1510 3149 1564 opera,
3177 1500 3236 1550 et
3272 1496 3536 1565 dejustis

1897 1583 2173 1652 operibus
2219 1584 2579 1652 proferamus
2634 1584 2830 1636 verba.
2868 1581 2989 1649 (Fol
3019 1585 3130 1655 46.)
3166 1584 3380 1638 Orabat
3413 1583 3539 1639 sine

154 1678 301 1733 poris
332 1669 561 1737 pondus
592 1673 836 1742 spiritus
869 1672 1109 1729 lenitate
1140 1673 1789 1739 excedens;subit01u-
1814 1699 1868 1759 Β
1899 1669 2348 1735 intermissione,
2385 1676 2445 1724 ut
2476 1669 2745 1740 impleret
2773 1675 3131 1740 praeceptum
3181 1670 3402 1727 Domini
3456 1671 3541 1727 di-

155 1765 288 1820 men,
324 1758 483 1825 quod
517 1765 653 1816 ante
689 1760 873 1831 ipsum
923 1762 1186 1833 ardebat,
1223 1764 1689 1829 extinctumest,
1724 1768 1782 1817 et

154 1844 425 1899 remansit
456 1849 706 1917 pervigil
740 1864 805 1906 ac
833 1852 1082 1921 sobrius,
1108 1867 1217 1906 non
1245 1852 1391 1919 visu,
1420 1867 1531 1907 non
1556 1851 1780 1920 auditu,

153 1939 250 1982 non
285 1930 409 1988 ullo
440 1949 718 1992 sensuum
746 1938 995 2008 quinque
1018 1940 1336 1996 carnalium
1360 1938 1666 1995 obstaculo
1687 1939 1787 1992 im-

154 2018 400 2086 peditus.
437 2025 694 2095 Cumque
726 2032 886 2084 totus
918 2043 1135 2097 secum,
1160 2033 1346 2084 totum
1372 2044 1433 2084 se
1458 2030 1572 2083 Deo
1594 2031 1788 2082 exten-

154 2105 322 2175 deret,
339 2116 407 2165 et
420 2113 609 2168 anima
625 2120 823 2170 sancta
848 2130 1097 2186 corpore
1120 2116 1279 2185 gravi
1308 2130 1509 2187 pressa
1538 2117 1590 2170 in
1612 2118 1784 2171 Deum

152 2208 206 2249 se
234 2198 599 2266 speculando
630 2202 927 2272 dilataret,
965 2204 1318 2260 ascendente
1345 2218 1414 2259 eo
1438 2203 1509 2259 ad
1534 2218 1786 2274 superna

155 2298 215 2339 ex
244 2283 565 2358 desiderio,
597 2290 812 2346 familia
847 2292 916 2347 ad
948 2306 1076 2347 eum
1106 2307 1354 2363 superna
1382 2291 1704 2362 descendit,
1729 2296 1788 2348 et

154 2373 460 2430 multitudo
484 2377 824 2445 angelorum
848 2378 1054 2436 domus
1072 2380 1198 2449 ejus
1219 2380 1668 2437 sanctitudinem
1691 2396 1788 2451 pe-

152 2463 399 2517 netravit
429 2468 489 2518 et
520 2465 920 2535 perlustravit.
948 2468 1294 2538 Refulgebat
1320 2468 1467 2524 cel'a
1494 2469 1788 2524 aceubita-

154 2547 215 2605 lis
236 2555 574 2609 sanctorum
601 2553 936 2622 angelorum
961 2556 1398 2625 splendoribus,
1425 2560 1485 2611 et
1513 2562 1655 2626 quot
1688 2556 1788 2610 mi-

153 2636 303 2692 nistri
324 2639 559 2708 gloriae,
590 2645 673 2697 tot
708 2641 922 2698 lumina
953 2644 1273 2711 gloriarum
1301 2663 1315 2710 ;
1346 2645 1633 2699 canebant
1670 2660 1790 2713 ym-

154 2739 243 2781 nos
262 2742 394 2782 cum
412 2729 638 2783 concivi
652 2735 710 2785 et
724 2732 1130 2787 contubernali
1148 2747 1274 2799 suo,
1293 2737 1350 2787 et
1368 2732 1787 2788 inenarrabiles

152 2811 252 2868 Deo
278 2813 524 2871 deorum
552 2817 811 2886 gloriose
849 2820 905 2873 in
945 2819 1165 2876 sanctis
1217 2820 1507 2875 armenias
1552 2834 1790 2876 resona-

158 2899 296 2955 bant.
320 2904 640 2960 llauriebat
674 2904 774 2961 ille
805 2920 868 2961 ac
904 2907 1250 2976 degustabat
1278 2908 1625 2964 suavitatem
1652 2922 1786 2962 vase

157 2985 362 3058 fragilis
385 2993 659 3062 corporis
681 2994 1043 3065 ampliorem,
1074 3009 1436 3057 necjmunera
1461 2995 1558 3051 Dei
1584 3011 1647 3050 su
1661 3011 1788 3065 per-

157 3077 420 3134 nndantia
443 3094 586 3136 caro
608 3080 830 3138 infirma
857 3083 1350 3152 comprehendere
1370 3082 1460 3138 vel
1486 3084 1781 3139 continer:

154 3164 388 3235 valebat.
423 3167 795 3225 Laudabatur
813 3171 885 3224 ab
909 3170 1129 3239 ange?is
1151 3170 1371 3226 sanctis
1389 3171 1577 3239 gratia
1601 3172 1699 3226 Dei
1724 3175 1784 3226 et

151 3252 543 3312 misericordia
577 3257 632 3311 in
662 3263 899 3313 sanctos
921 3258 1047 3325 ejus
1072 3262 1131 3313 et
1154 3264 1459 3329 respectus
1482 3259 1536 3312 in
1559 3258 1783 3314 electos

151 3340 311 3398 illius.
334 3345 597 3414 Cumque
619 3347 704 3401 tot
728 3345 937 3415 gaudia
955 3346 1007 3400 in
1029 3351 1352 3415 conspectu
1369 3346 1628 3416 episcopi
1654 3348 1783 3402 cho-

150 3443 231 3485 rea
253 3429 523 3487 celestis
544 3433 831 3501 exiberet,
847 3434 914 3488 ad
932 3434 1258 3505 profectum
1277 3433 1781 3504 supplendumque

149 3519 316 3575 totius
339 3524 563 3576 sanctas
587 3520 852 3577 ecclesiae
878 3521 1234 3592 prmsidium,
1262 3527 1495 3577 sanctos
1519 3527 1782 3579 anteces-

148 3620 298 3662 seres
317 3622 463 3663 suos
484 3608 795 3679 episcopos
818 3610 1092 3679 Maurum,
1111 3610 1423 3673 Salvinum,
1451 3611 1777 3679 Aratorem,

148 3692 232 3749 ille
262 3701 605 3751 sanctorum
634 3702 875 3752 senatus
910 3696 1211 3767 revelavit,
1247 3712 1491 3766 quorum
1525 3704 1691 3753 erant
1725 3698 1779 3754 in

149 3794 242 3837 suo
267 3783 521 3852 collegio
553 3784 780 3848 animai,
815 3799 1062 3853 corpora
1096 3799 1233 3841 vero
1268 3790 1439 3841 terra:
1468 3784 1691 3842 credita
1726 3786 1781 3841 in

151 3866 464 3936 ignorantia
498 3871 865 3927 celabantur.
902 3873 1035 3927 Haec
1058 3886 1323 3940 munera,
1352 3872 1472 3928 haec
1503 3877 1616 3928 tam
1653 3888 1782 3943 pre-

152 3954 292 4011 ciosa
326 3958 589 4029 symbola
613 3957 883 4015 caelestes
903 3958 1176 4016 concives
1200 3959 1415 4031 hospiti
1440 3976 1545 4016 suo
1568 3964 1627 4016 et
1648 3976 1783 4016 con-

151 4042 246 4097 civi
270 4045 321 4099 in
342 4046 737 4102 munificentia
757 4046 1141 4117 reliquerunt,
1160 4048 1256 4117 qui
1283 4048 1480 4103 multis
1495 4053 1628 4104 ante
1650 4064 1781 4106 eum

154 4130 303 4187 anni;
337 4134 760 4190 Virdunenscm
791 4134 1113 4190 tecelesiam
1144 4140 1442 4205 rexerant,
1464 4140 1521 4190 et
1545 4138 1785 4208 conjun-

153 4218 220 4273 cti
244 4220 358 4275 Deo
380 4220 680 4290 conjuncti
705 4236 934 4291 quoque
960 4223 1116 4277 fuere
1141 4223 1433 4294 sepulcro.
1455 4224 1635 4292 Igitur
1654 4231 1783 4295 post

153 4306 536 4364 visitationem
563 4313 676 4364 tam
700 4309 1044 4378 mirabilem,
1071 4324 1199 4366 cum
1222 4310 1316 4366 lux
1338 4316 1398 4366 et
1420 4313 1606 4380 angeli
1632 4313 1782 4369 emlo

155 4396 610 4465 serecepissent,
631 4396 710 4450 illi
738 4398 833 4467 qui
857 4398 1131 4454 cubiculo
1154 4397 1323 4455 simul
1350 4398 1598 4467 inerant,
1618 4404 1782 4457 tanto
1811 4387 1864 4447 D

154 4483 375 4537 attoniti
423 4483 707 4540 miraculo
747 4499 894 4556 pene
925 4486 1222 4542 exanimes
1253 4491 1386 4542 sunt
1422 4486 1631 4541 redditi
1662 4492 1785 4544 stu-

158 4582 283 4635 pore
303 4570 521 4627 divino.
548 4572 770 4637 Quibus
791 4578 1032 4629 sanctus
1053 4573 1153 4628 Dei
1179 4574 1496 4630 fortissima
1522 4574 1786 4646 increpa-

155 4654 300 4713 tione
329 4658 652 4729 prohibuit,
688 4674 758 4715 ne
788 4658 890 4715 ulli
925 4660 1219 4716 hominum
1255 4660 1375 4717 htee
1405 4660 1650 4717 dicendo
1683 4678 1786 4732 pu-

158 4742 747 4817 blicarent,quamdin
763 4747 889 4817 ipse
913 4746 969 4801 in
994 4746 1164 4816 hujus
1186 4747 1320 4804 vitae
1341 4749 1638 4805 curriculo
1656 4764 1787 4820 per-

158 4837 426 4889 maneret.
445 4834 656 4890 Levata
680 4839 813 4891 sunt
837 4848 979 4905 ergo
1002 4841 1334 4892 sanctorum
1358 4850 1606 4906 corpora
1641 4851 1784 4892 auro

155 4920 346 4977 obrizo
371 4921 750 4992 preciosiora,
770 4926 830 4977 et
854 4922 909 4978 in
931 4921 1205 4991 ecclesia,
1233 4922 1328 4978 ubi
1352 4922 1548 4978 sedem
1574 4923 1786 4980 habue-

154 5010 274 5064 rant
305 5008 710 5080 reqnietionis,
741 5009 926 5066 sancti
980 5009 1139 5066 Petri
1189 5008 1442 5080 apostoli
1488 5009 1721 5067 nomine
1751 5025 1781 5067 a

1816 3039 1864 3102 C

1899 1759 2087 1814 centis
2120 1778 2131 1812 :
2169 1759 2405 1830 Oportet
2427 1772 2653 1837 semper
2673 1773 2865 1827 crare,
2898 1759 2957 1814 et
2972 1773 3089 1815 non
3109 1760 3356 1827 deﬁcere
3375 1761 3533 1820 (Luc.

1897 1860 2052 1913 xvm,
2085 1851 2160 1911 4).
2197 1845 2495 1912 Quomodo
2543 1859 2734 1901 autem
2784 1861 2893 1901 non
2948 1847 3227 1903 deficiens
3275 1848 3536 1903 orabat?

1898 1934 2041 2001 Quia
2077 1934 2375 1989 Dominum
2409 1936 2627 1989 sanctis
2661 1934 2934 2004 precibus
2967 1935 3302 2004 sanctisque
3348 1934 3538 2006 operi-

1899 2023 2009 2078 bus
2039 2022 2439 2090 benedicebat,
2480 2022 2964 2092 quemadmodum
3002 2023 3181 2077 David
3212 2022 3284 2078 de
3314 2036 3376 2077 se
3409 2023 3539 2092 ipso

1897 2119 1929 2174 d
1939 2120 2131 2174 icebat
2151 2119 2534 2175 :Bencdicam
2546 2118 2859 2174 Dominum
2876 2119 2943 2174 in
2954 2121 3111 2175 omm‘
3125 2119 3542 2188 temporc,scm-

1883 2222 1996 2279 μιν
2028 2208 2164 2264 laus
2194 2207 2323 2276 ejus
2353 2207 2420 2261 in
2446 2220 2544 2262 ore
2561 2220 2685 2261 meo
2708 2208 3107 2276 (Psalxxxm,
3127 2208 3205 2275 2).
3234 2208 3300 2260 Et
3322 2206 3533 2262 Tobias

1897 2295 1966 2350 ad
2000 2295 2222 2350 ﬁlium:
2276 2294 2463 2359 Omni,
2514 2294 2724 2364 inquit,
2759 2294 3011 2364 tempore
3061 2293 3299 2350 benedic
3349 2295 3538 2349 Deum

1899 2382 2058 2446 (Τοῦ.
2086 2398 2158 2450 ιν,
2188 2384 2299 2449 20),
2326 2388 2382 2437 et
2408 2380 2651 2450 reliqua.
2680 2382 2841 2437 Sicut
2872 2381 3021 2435 enim
3057 2379 3222 2435 malis
3251 2381 3535 2450 operibus

1898 2469 2066 2525 fidem
2100 2484 2396 2539 negamus,
2432 2469 2516 2523 sic
2546 2474 2782 2523 econtra
2819 2468 2986 2522 bonis
3010 2468 3290 2537 operibus
3323 2468 3539 2524 astrui-

1844 2578 1851 2583 ·
1896 2572 2022 2613 mus
2047 2574 2060 2616 ;
2085 2563 2143 2612 et
2177 2558 2319 2611 bene
2356 2558 2529 2611 Deum
2560 2561 2708 2622 orat,
2736 2556 2830 2625 qui
2863 2568 3035 2625 prece
3055 2560 3157 2610 aut
3182 2556 3333 2612 bono
3355 2568 3533 2624 opere

1894 2642 2221 2715 proicimuzn
2251 2643 2504 2699 edificat.
2538 2642 2678 2708 Quia
2713 2648 2928 2711 autem,
2962 2642 3110 2698 sicut
3145 2642 3232 2697 illi
3271 2648 3539 2712 pastores

1896 2732 2211 2800 evangelici
2246 2746 2420 2802 supra
2449 2745 2683 2800 gregem
2716 2730 3053 2799 vigilabant,
3084 2731 3159 2786 ita
3187 2731 3297 2787 iste
3328 2732 3542 2788 oratio-

1896 2820 2067 2877 nibus
2096 2822 2210 2875 Deo
2240 2820 2501 2890 acceptis
2547 2818 2832 2876 custodite
2865 2819 3307 2875 commissorum
3360 2819 3540 2876 insta-

1897 2909 2014 2978 bat,
2052 2908 2181 2963 ideo
2212 2908 2419 2962 meruit
2469 2908 2541 2962 ab
2592 2907 2815 2975 angelis
2862 2907 3110 2975 visitari,
3165 2911 3222 2962 et
3272 2907 3536 2964 mortalis

1897 2996 2083 3051 adhuc
2115 2995 2242 3051 luce
2281 2994 2585 3050 celestium
2620 2995 2860 3065 per'rui.
2899 2996 2964 3049 Et
2996 2995 3146 3049 sicut
3181 2993 3264 3050 illi
3293 2994 3536 3064 gloriam

1895 3083 1949 3139 in
1980 3083 2229 3139 excelsis
2256 3084 2391 3149 Deo,
2424 3085 2479 3136 et
2515 3096 2709 3152 pacem
2745 3083 2905 3137 bonze
2937 3080 3260 3136 voluntatis
3294 3081 3536 3137 homini-

1896 3173 2003 3228 bus
2034 3170 2484 3237 annunciabant,
2512 3170 2588 3223 ita
2619 3168 2715 3223 isti
2740 3171 2914 3223 Deum
2948 3168 3002 3223 in
3037 3182 3142 3222 suo
3171 3172 3375 3223 sancto
3400 3182 3536 3239 pon-

1894 3259 2050 3314 tilice
2073 3257 2497 3328 glorificabant.
2527 3256 2748 3322 Quomo
2775 3256 2826 3310 lo
2858 3256 3032 3310 etiam
3069 3256 3150 3310 illi
3182 3255 3252 3311 ad
3284 3255 3533 3312 salutem

1893 3345 2088 3403 mundi
2121 3345 2574 3413 designaverunt
2605 3344 2969 3399 nativitatem
3003 3343 3240 3413 Christi,
3277 3344 3385 3400 ista
3438 3341 3538 3399 isti

1891 3436 1962 3491 ad
1987 3435 2236 3490 salutem
2258 3432 2540 3489 aecelesiaa
2563 3437 2895 3487 sanctorum
2912 3445 3159 3501 corpora
3181 3436 3533 3487 monstrave-

1891 3526 2046 3579 rnnt.
2083 3523 2265 3592 Igitur
2296 3523 2367 3577 ab
2400 3520 2638 3589 angelis,
2666 3520 2737 3573 ab
2771 3519 2955 3574 anima
2971 3519 3077 3574 bus
3107 3519 3347 3583 sanctis,
3374 3532 3405 3573 a
3440 3531 3541 3573 no-

1894 3612 1983 3667 bis
2006 3611 2181 3666 ctiam
2207 3611 2262 3664 in
2285 3622 2530 3679 corpore
2555 3606 2802 3662 minimis
2827 3607 3174 3663 deeantetur
3195 3606 3382 3675 gloria
3409 3605 3533 3674 regi

1892 3697 2222 3755 seculorum
2254 3694 2585 3763 immortali,
2612 3693 2911 3762 invisibili,
2939 3694 3036 3763 qui
3065 3698 3154 3749 est
3191 3692 3533 3749 benedictus

1892 3787 1950 3842 in
1982 3784 2199 3842 secula.
2235 3786 2367 3841 Haec
2397 3784 2466 3839 ad
2499 3781 2741 3851 gloriam
2775 3781 2875 3837 Dei
2917 3786 2976 3836 et
3023 3780 3531 3837 commonitionem

1892 3873 2252 3931 audientium
2297 3871 2519 3928 dixisse
2573 3870 2839 3940 sufficiat,
2897 3869 3031 3926 hinc
3088 3870 3398 3926 redeamus
3457 3868 3527 3924 ad

1893 3976 2147 4018 causam.

1964 4051 2126 4104 Anno
2157 4050 2257 4103 157
2289 4049 2422 4117 post
2451 4044 2763 4100 transitum
2797 4044 2982 4101 sancti
3034 4042 3262 4099 Martini
3296 4045 3536 4098 sanctus

1894 4135 2204 4192 Eufronius
2234 4132 2518 4188 Eduensis
2545 4132 2860 4201 episcopus
2891 4131 3231 4186 Turonicam
3255 4129 3520 4184 sedem...

1895 4226 2173 4293 regnante
2197 4219 2510 4286 Clothario,
2529 4220 2624 4288 qui
2650 4219 2926 4274 defuncto
2949 4217 3242 4286 Ariberto,
3262 4218 3318 4271 in
3331 4216 3529 4272 sedem
3618 4208 3625 4219 ’

1893 4312 2021 4382 ejus
2049 4310 2410 4379 Sigebertum
2445 4305 2692 4362 induxit.

1968 4399 2164 4469 [ϐκεο.
2196 4399 2350 4465 Tur.,
2386 4410 2458 4463 iv,
2492 4394 2568 4465 9.]
2597 4392 2998 4449 Theodeberto
3045 4390 3224 4460 igitur
3272 4402 3413 4459 rege
3459 4386 3528 4446 ad

1895 4499 2146 4557 superna
2163 4479 2990 4552 demigrante,Tbeodebaldns
3005 4480 3158 4537 ﬁlius
3171 4480 3541 4549 ejussucees-

1896 4576 1991 4644 sit,
2025 4572 2192 4628 valde
2226 4571 2461 4642 iniquus
2487 4574 2548 4625 et
2581 4569 2713 4624 mali
2748 4569 2986 4638 ingenii,
3021 4567 3117 4638 qui
3151 4567 3296 4625 obiit
3325 4572 3359 4623 7
3385 4581 3537 4622 anno

1895 4662 2056 4730 regni
2091 4661 2201 4715 sui.
2234 4660 2490 4727 Regnum
2521 4657 2650 4727 ejus
2680 4657 3009 4713 Clotharius
3037 4655 3285 4725 accepit.
3312 4653 3538 4710 Childe-

1896 4750 2099 4806 bertus
2133 4761 2362 4816 quoque
2380 4745 2649 4801 Parisius
2666 4744 2813 4801 obiit
2836 4764 2847 4798 :
2874 4748 2932 4799 et
2953 4744 3036 4800 sic
3059 4741 3391 4799 Clotharius
3417 4755 3538 4795 mo-

1897 4834 2189 4891 narchiam
2217 4833 2492 4904 optinuit.
2530 4832 2869 4903 (Gcncalog.
2902 4831 3128 4898 Caret.)
3164 4828 3267 4884 Hie
3314 4827 3538 4883 Clotha-

1893 4924 2018 4981 rius
2046 4936 2307 4979 sororem
2340 4935 2501 4977 suam
2536 4922 2824 4976 Ansberto
2858 4920 2913 4975 in
2948 4916 3377 4974 matrimonium
3404 4914 3534 4984 jun-

1893 5011 1999 5081 xit,
2031 5009 2129 5081 qui
2161 5013 2218 5065 et
2257 5008 2459 5078 genuit
2511 5006 2848 5077 Arnoldum,
2886 5004 3179 5062 Arnoldus
3226 5002 3530 5060 Arnulfnm

1729 5140 1950 5197 NOTAE.

219 5252 329 5323 (44)
362 5252 659 5323 anlicem
690 5251 1505 5323 AgericiVitamereviorem
1531 5266 1701 5308 unam
1724 5257 1781 5309 et

160 5321 533 5392 antiquiorem
565 5321 1106 5392 illam,’ampliorem
1132 5322 1373 5379 alteram
1398 5336 1460 5379 se
1495 5326 1628 5379 ante
1649 5338 1785 5378 oeu-

161 5390 531 5465 losb‘abuisse
560 5390 1266 5450 testantur‘Bollandistae
1305 5396 1431 5450 Act.
1468 5394 1560 5450 SS.
1599 5395 1782 5465 Sept.,

158 5464 198 5515 t.
230 5463 292 5519 ll.
324 5466 444 5520 222.
481 5464 834 5537 Ampliorem
867 5468 1134 5521 secutum
1165 5477 1298 5521 esse
1338 5466 1655 5535 Hugonem,
1677 5463 1787 5536 ‘pa-

1891 5257 1977 5307 tet
2009 5266 2081 5308 ex
2112 5250 2242 5309 loco
2269 5250 2515 5321 quodam
2540 5249 2686 5321 vitae
2710 5245 3145 5321 breyioriquui
3168 5246 3204 5303 l.
3227 5246 3529 5321 l._lgegitur.

1894 5324 1973 5377 Ex
2003 5323 2113 5379 hoc
2148 5317 2304 5378 fonte
2336 5321 2578 5377 alteram
2613 5317 2767 5373 illam
2801 5317 2987 5373 Vitam
3010 5317 3251 5376 ﬂuxisse
3274 5317 3532 5386 Hugonis

1896 5393 2230 5450 narratione
2262 5392 2565 5463 probatur.
2597 5390 2658 5446 Κ.
