3936 6050
332 152 445 231 128

1283 169 1652 240 HUGONIS
1692 170 2046 242 ABBATIS
2087 169 2768 238 FLAVINIACENSIS

3607 164 3723 231 124

327 300 665 375 episcopum
723 301 1083 377 Mettensem,
1121 305 1401 366 Arnulfus
1441 308 1745 368 Anchisem
1780 307 1875 380 qui
1907 313 1967 366 et
1995 307 2052 370 A
2079 322 2258 380 gnare
2291 308 2489 382 coepit,
2516 311 2577 366 et
2600 306 2863 379 regnavit
2886 301 3053 362 annis
3077 299 3551 375 quatuordecim;
3574 301 3728 360 Gun-

329 391 667 465 Ansegisus,
727 395 1041 467 Ansegisus
1086 396 1411 469 Pippinum,
1467 399 1749 471 Pippinus
1800 400 1970 455 Caro-

330 477 468 535 lum.

405 568 601 639 [Gaza
628 573 781 642 Tur.,
808 587 881 643 ιν,
906 574 1020 645 20.]
1045 575 1134 630 Eo‘
1156 577 1417 645 tempore
1437 573 1767 631 Clotharius
1793 574 1970 631 filium

335 669 503 713 suum
536 658 862 715 Chrannum
891 666 1091 718 contra
1122 676 1184 718 se
1225 661 1629 729 rebellantem,
1661 666 1718 716 et
1753 677 1847 717 res
1875 676 1972 717 no-

334 757 438 799 vas
467 745 820 817 molientem,
846 763 973 805 cum
1007 750 1167 820 prius
1190 754 1398 820 captus
1423 750 1626 806 fuisset
1650 754 1706 805 et
1732 749 1969 819 ligatus,

329 830 505 901 jussit
539 834 670 904 igne
691 837 970 892 comburi.
997 837 1135 892 Post
1160 838 1267 893 hec
1291 837 1622 893 Clotbarius
1642 852 1748 908 pro
1774 852 1974 908 pecca-

334 918 414 974 tis
445 920 564 977 suis
598 922 664 977 ad
697 923 892 979 limina
925 924 1111 980 sancti
1156 925 1380 981 Martini
1432 926 1787 996 properavit,
1825 924 1973 980 unde

335 1006 568 1064 rediens
600 1011 950 1081 Compendio
980 1012 1117 1067 villa
1156 1013 1301 1069 obiit
1351 1027 1502 1070 anno
1550 1014 1774 1069 ab~inc.
1812 1014 1969 1068 Dom.

338 1097 458 1164 569,
490 1097 683 1152 astatis
727 1113 847 1154 suae
898 1112 1045 1155 anno
1095 1104 1180 1169 95,
1217 1116 1364 1157 anno
1414 1102 1575 1172 regni
1620 1102 1707 1157 sui
1752 1104 1856 1168 51;
1888 1115 1975 1155 re-

334 1195 507 1249 gnum
540 1184 665 1253 ejus
697 1190 951 1256 quatuor
983 1187 1083 1243 ﬁlii
1128 1188 1255 1257 ejus
1304 1189 1455 1245 inter
1508 1204 1570 1245 se
1623 1188 1969 1245 diviserunt.

338 1269 508 1330 (Vita
530 1272 740 1344 Prcej.)
766 1274 1128 1345 Chilpericus
1153 1290 1392 1346 regnum
1412 1278 1596 1348 patris
1618 1277 1871 1348 optinuit
1889 1292 1977 1334 se-

2081 402 2341 453 tramnus
2373 412 2603 467 quoque
2638 394 3045 465 Langobardos
3076 407 3258 463 regno
3290 404 3397 449 suo
3430 392 3728 449 irruentes

2080 489 2241 541 tanta
2272 486 2429 542 caJde
2463 484 2809 555 perdomuit,
2833 489 2897 540 ut
2926 498 2998 539 ex
3019 481 3171 539 omni
3197 480 3464 537 exercitu
3488 479 3726 538 illorum

2082 574 2468 645 quadraginta
2483 578 2705 628 tantum
2726 571 2947 627 Italiam
2964 570 3241 625 redirent.
3265 567 3404 637 (Fol.
3424 567 3556 640 ιδ’.)
3579 570 3730 625 Post

2080 662 2204 719 haec
2235 662 2599 733 Chilpericus
2630 665 2690 715 et
2714 659 3053 728 Sigebertus
3075 657 3383 714 consilium
3410 657 3636 722 ineunt,
3662 660 3728 712 ut

2082 751 2498 807 Guntramnum
2523 747 2898 816 interficiant,
2916 750 2974 801 et
2996 761 3235 816 regnum
3258 745 3385 816 ejus
3408 744 3721 817 accipiant.

2084 838 2190 894 Sed
2223 838 2443 894 Domini
2474 837 2780 893 voluntate
2833 835 3039 891 mutati
3088 834 3337 891 consilio
3385 833 3729 904 Sigebertus

2084 942 2262 997 super
2284 925 2671 997 Chilpericum
2700 924 2893 993 irruit,
2911 924 3007 994 qui
3025 922 3171 992 fugit
3190 924 3532 993 Tornacum,
3548 925 3607 978 et
3626 921 3725 976 ille

2083 1016 2343 1071 Parisius
2374 1015 2550 1083 venit,
2578 1014 2672 1069 ubi
2704 1016 3016 1082 correptus
3039 1026 3068 1067 a
3088 1014 3291 1067 sancto
3319 1011 3600 1067 Germano
3622 1011 3729 1064 Pa-

2084 1101 2727 1171 risiensi,utdesisteret
2745 1102 2980 1155 fratrem
2995 1098 3500 1170 persequi,audire
3513 1098 3722 1154 noluit.

2085 1190 2185 1247 Cui
2209 1190 2519 1260 episcop‘us
2538 1189 2685 1244 dixit
2702 1208 2713 1242 :
2732 1188 3041 1259 Scriptum
3053 1206 3072 1242 :
3093 1187 3207 1253 Qui
3206 1184 3404 1257 parat
3398 1184 3728 1257 frameae

2067 1278 2333 1349 foveam.
2342 1279 2520 1349 prior
2540 1276 2765 1334 incidit
2781 1277 2846 1331 in
2869 1288 3015 1331 eam.
3039 1273 3289 1329 Veniens
3312 1276 3505 1329 autem
3530 1272 3729 1329 Victu-

334 1354 464 1411 dem
497 1358 717 1416 habens
746 1362 1110 1431 Suessionis;
1143 1364 1250 1418 sub
1284 1363 1351 1396 "7
1376 1380 1488 1435 quo
1518 1365 1629 1437 (45)
1655 1380 1860 1437 passus
1882 1369 1971 1421 est
2084 1365 2260 1434 riaco,
2289 1380 2489 1421 omnes
2519 1362 2888 1420 Neustrasios
2922 1362 2977 1417 in
3011 1361 3363 1417 deditionem
3393 1361 3641 1431 recepit,
3664 1366 3730 1415 et

333 1448 571 1501 sanctus
604 1448 918 1515 Prasjeetus
950 1455 1169 1519 martyr
1197 1455 1256 1506 et
1290 1453 1549 1522 pontifex
1584 1456 1971 1509 Arvernorum
2084 1454 2161 1509 ibi
2196 1454 2331 1509 dolo
2363 1453 2708 1508 interfectus
2737 1456 2829 1505 est
2861 1465 2890 1506 a
2924 1449 3150 1506 duobus
3182 1449 3402 1520 pueris,
3431 1448 3526 1519 qui
3550 1447 3728 1504 etiam

332 1528 683 1591 interfectus
714 1549 742 1590 a
777 1537 899 1592 suis
926 1537 1170 1605 civibus,
1207 1553 1355 1595 anno
1389 1541 1460 1595 ab
1508 1541 1616 1597 inc.
1652 1543 1811 1609 Dom,
1847 1546 1969 1610 580,
2084 1538 3089 1611 deprehensiinterfectisunt,etsic
3106 1536 3727 1608 Chilpericusregnum

423 1623 708 1712 successit
742 1629 980 1681 sanctus
1012 1626 1235 1695 Avitus,
1264 1627 1359 1696 qui
1395 1629 1623 1699 praefuit
1650 1643 1760 1685 non
1786 1630 1972 1700 plenis
2002 1654 2053 1712 Β
2086 1629 2329 1699 recepit.
2355 1628 2553 1699 [Gnsc.
2578 1629 2732 1689 Tur.,
2758 1643 2831 1695 iv,
2851 1625 2961 1697 41.]
2987 1624 3144 1681 Obiit
3166 1629 3358 1680 autem
3384 1623 3729 1695 Sigebertus

332 1708 398 1758 15
424 1708 589 1762 annis
632 1712 767 1781 (46),
818 1718 872 1767 et
912 1714 961 1768 ei
1007 1718 1246 1769 sanctus
1300 1715 1543 1771 Bonitus
1592 1718 1779 1786 primo
1824 1732 1972 1773 anno
2002 1708 2047 1712 —
2086 1731 2235 1772 anno
2264 1716 2424 1784 regni
2449 1716 2833 1784 suit3,:etate
2859 1712 3423 1782 quadragenaria,et
3445 1712 3730 1782 regnabat

330 1793 627 1850 Teoderici
670 1800 973 1856 succeSsit.
1022 1802 1191 1865 (Vita
1246 1803 1499 1870 Boniti.)
1546 1805 1852 1861 Aribertus
1885 1820 1973 1860 re-

329 1893 504 1947 gnum
521 1883 897 1953 Childeberti,
916 1888 1111 1943 sedem
1137 1888 1356 1945 habens
1379 1891 1665 1947 Parisius:
1689 1892 1975 1948 Guntran-

334 1980 442 2024 nus
468 1984 704 2039 regnum
741 1973 1099 2031 Clodomeris
1130 1979 1324 2031 sedem
1357 1978 1577 2035 habens
1609 1979 1969 2036 Aurelianis:

275 2119 283 2123 ,
336 2054 674 2124 Sigebertus
706 2073 945 2129 regnum
973 2063 1334 2133 Tbeodorici,
1361 2065 1556 2121 sedem
1588 2068 1807 2123 habens
1838 2069 1976 2123 Met-

335 2141 458 2197 tim.
495 2144 787 2219 [Fasces]
820 2150 964 2204 Huni
1009 2150 1225 2207 Gallias
1272 2153 1664 2223 expetierunt,
1702 2169 1847 2225 quos
1892 2156 1975 2210 Si-

334 2232 613 2299 gebertus
644 2234 804 2305 vicit,
831 2238 1073 2307 fugavit,
1099 2243 1155 2293 et
1177 2246 1303 2310 post
1331 2255 1459 2296 cum
1484 2242 1568 2297 eis
1593 2256 1791 2312 pacem
1821 2243 1970 2299 iniit.

334 2318 696 2389 Chilpericus
757 2323 978 2380 interea
1037 2326 1375 2383 Remensem
1439 2329 1639 2385 urbem
1714 2335 1773 2386 et
1830 2331 1976 2388 alias

334 2405 513 2462 urbes
538 2408 608 2463 de
628 2423 807 2479 regno
831 2412 1116 2481 Sigeberti
1140 2415 1373 2481 invasit,
1392 2417 1545 2473 unde
1571 2415 1783 2474 bellum
1801 2419 1974 2475 civile

334 2491 490 2549 inter
518 2508 622 2552 eos
658 2498 785 2553 fuit.
822 2500 1161 2568 Sigebertus
1201 2516 1338 2559 vero
1384 2504 1747 2561 Suessionem
1794 2507 1974 2578 obpu-

333 2586 493 2651 gnat,
525 2583 988 2643 Theodebertum
1023 2588 1333 2659 Chilperici
1373 2591 1550 2648 filium
1582 2593 1739 2663 capit
1771 2601 1832 2649 et
1857 2595 1975 2650 exi-

334 2665 414 2723 lio
435 2667 666 2740 religat,
694 2671 877 2742 ipsum
904 2680 1161 2745 superat,
1186 2682 1244 2731 et
1270 2678 1446 2733 urbes
1470 2679 1697 2750 recipit.
1718 2682 1856 2737 Post
1879 2696 1976 2737 an-

336 2767 469 2809 num
506 2755 684 2813 filium
712 2758 764 2813 ei
798 2760 1013 2830 reddit,
1040 2765 1096 2817 et
1126 2774 1323 2832 pacem
1358 2764 1566 2821 firmat.
1601 2767 1974 2825 Guntrannus

335 2839 391 2895 in
429 2842 761 2912 Burgundia
792 2861 1043 2917 regnans
1070 2849 1179 2905 fuit
1210 2850 1299 2905 vir
1332 2851 1519 2908 bonus
1548 2857 1607 2909 et
1639 2854 1973 2914 elemosinis

2085 1803 2495 1859 Cbildebertus
2522 1803 2674 1859 filius
2705 1802 2831 1871 ejus
2865 1817 2968 1873 pro
2997 1814 3065 1856 eo
3086 1814 3234 1855 anno
3257 1802 3378 1869 582,
3406 1799 3730 1856 indictione

2083 1894 2165 1945 15.
2188 1890 2480 1962 [Fanni-36.]
2501 1889 2889 1947 Brunichildis
2913 1888 3176 1944 Parisius
3189 1888 3295 1945 sub
3317 1886 3580 1943 custodia
3596 1901 3728 1944 cum

2085 1977 2200 2033 filio
2220 1978 2595 2035 Childeberto
2618 1978 2989 2035 detinebatur
3004 1993 3018 2041 ;
3035 1976 3135 2032 sed
3154 1990 3298 2048 puer
3313 1976 3367 2032 in
3385 1989 3518 2047 pera
3536 1990 3639 2047 per
3656 1977 3731 2031 fe-

2083 2070 2341 2122 nestram
2366 2066 2716 2136 demittitur,
2732 2069 2789 2121 et
2804 2065 3023 2120 Mettim
3039 2078 3067 2119 a
3084 2063 3481 2119 Gundebaudo
3502 2063 3650 2120 duce
3667 2063 3725 2119 in

2084 2167 2263 2223 regno
2283 2154 2466 2223 patris
2500 2154 2867 2209 sublimatur.
2897 2150 3497 2223 [Gnsc.Tur.,v,1,2.]
3526 2151 3729 2208 Bruni-

2081 2240 2294 2297 childis
2308 2240 2617 2311 verojussu
2638 2240 2950 2312 Chilperici
2971 2240 3351 2308 Rotomagum
3376 2237 3554 2295 exilio
3569 2239 3730 2317 dam-

2084 2334 2256 2385 natur
2271 2344 2419 2385 anno
2433 2329 2619 2399 primo
2636 2329 2795 2398 regni
2814 2327 3193 2383 Childeberti.
3212 2328 3291 2383 Eo
3314 2340 3462 2382 anno
3487 2326 3726 2383 transiit

2084 2422 2323 2473 sanctus
2347 2417 2665 2472 Germanus
2696 2414 3051 2471 Parisiorum
3075 2414 3488 2486 episcopus,et
3504 2414 3731 2484 Regna-

2084 2504 2335 2563 mundus
2373 2503 2679 2561 successit.
2705 2501 3070 2575 Chilpericus
3111 2502 3309 2572 itaque
3331 2500 3509 2558 filium
3554 2516 3727 2559 suum

2082 2595 2408 2649 Meroveum
2442 2590 2693 2647 Pictavis
2711 2605 2840 2647 cum
2863 2589 3123 2646 exercitu
3144 2588 3380 2659 direxit,
3398 2588 3493 2661 qui
3522 2589 3729 2646 relicta

2082 2679 2450 2736 ordinatione
2468 2679 2670 2750 patris,
2692 2678 2967 2747 adjuncto
2989 2677 3099 2733 sibi
3126 2677 3484 2734 Guntramno
3500 2677 3730 2734 Bosone

2084 2768 2250 2836 duce,
2273 2768 2654 2835 Rotomagum
2682 2765 2872 2836 petiit,
2893 2770 2952 2821 et
2986 2764 3411 2820 Brunichildem
3436 2764 3492 2820 in
3528 2764 3732 2835 conju-

2083 2856 2238 2925 gium
2254 2854 2497 2924 accepit.
2517 2851 2934 2919 Quodaudiens
2951 2851 3314 2923 Chilpericus
3339 2853 3729 2922 Rotomagum

336 2926 591 2987 deditus.
616 2932 957 3003 Sigebertus
989 2951 1129 2993 vero
1159 2937 1384 3005 videns,
1413 2940 1566 3011 quod
1588 2942 1896 3001 Aribertus
1916 2949 1975 3002 et
2009 2994 2053 3014 η
2086 2940 3732 3014 venitetpostpaucosdies,assumptoMeroveo,Suessio-

338 3014 712 3077 Guntrannus
747 3021 892 3079 viles
923 3038 1131 3081 uxores
1160 2994 1514 3097 acciperent,
1544 3029 1811 3098 Brunam,
1848 3045 1973 3101 quae
2007 2994 2056 3056 Ο
2084 3031 2174 3087 nis
2197 2994 2391 3099 rediirt,
2412 2994 2605 3086 etrnon
2631 3028 2813 3085 multo
2838 3033 2966 3099 post
2989 2994 3228 3099 propter
3252 3027 3730 3097 conjunctionem

335 3106 394 3159 et
413 3104 804 3166 Brunichildis
826 3109 1063 3181 dicitur,
1082 3112 1253 3170 filiam
1279 3114 1647 3184 Athanagildi
1672 3118 1830 3188 regis
1854 3120 1977 3177 llis-

336 3193 544 3264 paniae,
575 3210 812 3253 uxorem
844 3200 1091 3272 accepit,
1127 3202 1294 3271 cujus
1327 3202 1574 3259 consilio
1618 3204 1797 3261 multa
1830 3207 1975 3265 mala

336 3284 397 3365 et
446 3283 748 3351 sanguinis
777 3285 983 3343 effusio
1016 3287 1071 3342 in
1102 3289 1340 3344 Francia
1374 3290 1523 3346 facta
1558 3297 1715 3348 sunt.
1752 3293 1978 3365 Chilpe-

336 3364 499 3424 ricus
525 3383 755 3440 quoque
786 3386 1049 3430 sororem
1080 3375 1206 3444 ejus
1236 3376 1713 3435 Gachilissindam
1740 3396 1975 3438 uxorem

339 3452 526 3522 duxit,
560 3456 901 3530 relinquens
952 3462 1387 3533 Fredegundem
1436 3469 1490 3521 et
1546 3466 1690 3523 alias
1737 3482 1973 3533 uxores,

337 3553 482 3626 quas
502 3542 775 3616 habebat,
802 3561 971 3617 quam
1003 3557 1205 3619 postea
1238 3551 1424 3609 fracto
1446 3552 1801 3625 juramento,
1821 3556 1975 3626 quod

336 3625 623 3688 habuerat
654 3633 723 3690 ad
760 3635 997 3703 Gothos,
1020 3652 1091 3693 ne
1127 3652 1252 3694 eam
1293 3638 1363 3694 de
1408 3654 1585 3709 regno
1629 3625 1973 3713 deponeret,

336 3716 617 3787 sugillare
669 3722 825 3793 fecit,
859 3729 919 3781 et
964 3725 1047 3781 sic
1093 3726 1525 3796 Fredegundem
1566 3730 1812 3801 recepit,
1849 3746 1975 3801 quae

337 3806 705 3874 postmodum
738 3811 1205 3869 crudelissimam
1237 3814 1414 3870 vitam
1446 3815 1618 3885 digna
1644 3824 1829 3874 morte
1855 3819 1978 3874 fini-

336 3891 437 3946 vit.
475 3893 672 3966 [Gnsa
709 3898 862 3968 Tur.,
899 3914 951 3968 v,
982 3901 1094 3972 29.]
1126 3900 1227 3957 Hic
1283 3902 1508 3959 Nerone
1552 3904 1716 3975 pejor
1763 3910 1824 3962 et
1872 3908 1980 3963 He-

338 3981 481 4037 rode
513 3983 797 4042 ecclesias
825 3986 924 4043 Dei
958 3989 1226 4058 vastavit,
1261 3994 1318 4045 et
1370 3990 1588 4047 multos
1638 3998 1975 4051 sanctorum

337 4068 670 4139 interfecit;
704 4073 1130 4146 descriptiones
1162 4077 1539 4146 gravissimas
1573 4079 1625 4135 in
1661 4085 1780 4136 toto
1799 4096 1977 4152 regno

337 4169 446 4213 suo
476 4158 635 4228 fecit,
662 4174 806 4229 quas
825 4176 954 4219 cum
979 4163 1159 4219 ferme
1190 4179 1293 4235 per
1324 4180 1493 4222 omne
1517 4181 1756 4237 regnum
1779 4183 1980 4241 perce-

337 4243 545 4315 pisset,
572 4246 667 4316 qui
702 4248 948 4319 ferebat,
972 4264 1003 4304 a
1030 4252 1409 4309 Lemovicinis
1436 4253 1820 4327 interceptus.
1849 4272 1979 4328 per-

2088 3117 2478 3175 Brunichildis
2494 3121 2830 3189 suspectum
2861 3116 3079 3172 habens
3112 3114 3421 3186 Spoliatum
3452 3115 3732 3173 omnibus

2084 3205 2367 3263 custodias
2399 3204 2765 3275 mancipavit.
2803 3203 2878 3272 (v,
2914 3206 2990 3275 3.)
3024 3202 3131 3269 Qui
3162 3203 3297 3258 dum
3349 3202 3401 3257 in
3453 3202 3731 3260 custodia

2086 3294 3293 3362 detineretur,tonsoratusest,mutataque
3307 3294 3470 3346 veste
3488 3291 3732 3362 presby-

2085 3386 2177 3437 ter
2197 3381 2521 3449 ordinatur,
2539 3384 2596 3435 et
2614 3379 2837 3449 fugiens
2860 3378 3164 3435 ecclesiam
3186 3378 3361 3450 petiit
3382 3378 3566 3434 sancti
3589 3379 3732 3435 Mar-

2087 3469 2191 3525 tini
2226 3468 2375 3539 apud
2407 3469 2608 3524 urbem
2654 3467 3015 3536 Turonicam,
3051 3466 3147 3521 ubi
3197 3466 3318 3521 haec
3369 3470 3533 3536 gesta
3566 3471 3727 3523 sunt.

2088 3556 2507 3627 (v,14.)Latuit
2532 3556 2586 3610 in
2609 3555 2807 3611 eadem
2835 3554 3075 3611 basilica
3104 3568 3211 3625 per
3243 3553 3389 3610 duos
3411 3567 3654 3624 menses,
3669 3559 3729 3611 et

2087 3650 2218 3715 post
2249 3644 2371 3700 haec
2412 3643 2483 3698 ad
2517 3641 2947 3700 Brunichildem
2981 3642 3178 3711 rediit,
3209 3644 3266 3697 et
3299 3642 3372 3699 ab
3405 3642 3734 3699 Austrasiis

2088 3736 2361 3803 receptus
2391 3745 2501 3787 non
2534 3736 2647 3787 est.
2683 3732 2819 3786 Cum
2852 3744 2994 3800 ergo
3024 3730 3080 3785 in
3121 3730 3385 3786 Remensi
3420 3730 3731 3800 Campania

2088 3819 2367 3889 latitaret,
2428 3817 2631 3874 dolose
2686 3823 2895 3889 captus
2955 3818 3027 3873 ab
3113 3816 3620 3885 Atrebatensibus,
3669 3821 3731 3874 et

2085 3907 2298 3963 timens
2344 3919 2413 3962 ne
2465 3906 2615 3977 patri
2673 3905 3040 3973 redderetur,
3105 3904 3327 3961 socium
3384 3903 3608 3960 monuit
3665 3909 3734 3961 ut

2087 3993 2340 4051 irrueret
2371 4007 2548 4065 super
2591 4007 2742 4050 eum.
2778 3992 2902 4058 Quo
2957 3992 3111 4047 facto
3163 3991 3509 4047 adveniente
3570 4004 3728 4061 rege,

2087 4086 2353 4138 mortuus
2402 4081 2672 4138 inventus
2720 4085 2832 4137 est.

2158 4168 2233 4237 (v,
2265 4169 2378 4240 3t.)
2412 4168 2512 4223 His
2542 4168 2748 4224 diebus
2779 4164 2929 4237 apud
2982 4164 3543 4236 Constantinopolim
3597 4180 3731 4223 cum

2087 4255 2335 4311 amentia
2368 4259 2599 4311 mortuo
2628 4254 2879 4323 Iustino,
2894 4252 3160 4309 Tiberius
3193 4252 3511 4322 imperator
3543 4252 3735 4310 factus

339 4336 763 4403 emptusest,et
783 4336 1557 4407 descriptionescombustm.
1579 4342 1749 4403 (Vita
1763 4344 1974 4415 Pref.)
2006 4354 2058 4414 ι)
2088 4349 2177 4401 est
2200 4342 2401 4412 largus
2424 4342 2477 4397 in
2503 4341 2907 4412 eleemosynis.
2936 4340 3010 4410 (v,
3039 4342 3150 4412 38.)
3173 4339 3387 4407 Quinto
3409 4354 3557 4397 anno
3581 4339 3736 4397 Chil-

342 4418 429 4474 Ab
458 4417 566 4475 hoc
593 4420 766 4477 etiam
789 4427 1130 4494 peremptus
1148 4430 1238 4481 est
1264 4427 1476 4482 Hector
1499 4428 1768 4485 Massilia;
1792 4436 1915 4500 pat.
1932 4432 1975 4486 i-

337 4504 486 4575 cius,
520 4520 649 4563 cum
683 4509 756 4565 ab
801 4522 870 4567 eo
919 4517 1158 4569 sanctus
1206 4512 1526 4583 Praajectus
1578 4516 1793 4586 injuste
1840 4522 1975 4574 ante

338 4590 528 4665 ipsum
560 4594 795 4654 delatus
822 4602 1002 4667 esset,
1036 4604 1096 4657 et
1124 4614 1356 4657 causam
1399 4600 1577 4657 delati
1612 4603 1878 4674 probare,
1913 4610 1978 4660 ut

337 4679 585 4754 dixerat,
621 4684 1003 4756 nequivisset.

413 4769 707 4845 [Faenza]
742 4777 904 4831 Anno
937 4776 1008 4831 ab
1038 4775 1149 4832 inc.
1178 4777 1336 4832 Dom.
1364 4778 1486 4847 566,
1517 4776 1857 4847 Sigebertus
1887 4792 1975 4833 re-

2089 4430 2314 4487 deberti
2340 4443 2542 4499 magna
2565 4429 3018 4486 christianorum
3039 4427 3421 4499 persequutio
3447 4427 3502 4482 in
3527 4426 3734 4499 Hispa-

2088 4519 2198 4575 niis
2229 4518 2379 4574 facta
2410 4523 2520 4574 est.
2556 4517 2631 4588 (v,
2656 4519 2769 4589 35.)
2794 4516 3209 4587 Dysentericus
3231 4528 3462 4587 quoque
3486 4515 3730 4572 morbus

2089 4604 2303 4662 Gallias
2325 4604 2794 4693 praeoccupavit,
2815 4618 2929 4693 quo
2960 4603 3425 4693 ingravescente,
3444 4600 3734 4675 Chilperi-

2087 4707 2191 4749 cus
2206 4692 2436 4750 adultos
2451 4694 2568 4764 jam
2583 4696 2706 4749 tres
2719 4688 2870 4747 filios
2886 4705 2999 4748 uno
3011 4704 3160 4747 anno
3176 4688 3456 4763 perdidit;
3474 4693 3727 4761 quartus

2091 4780 2185 4850 qui
2221 4779 2532 4851 superfuit,
2559 4778 2788 4836 nomine
2812 4777 3156 4847 Clodoveus,
3181 4777 3404 4834 carceri
3441 4776 3732 4850 mancipa-

1699 4900 1934 4955 VARL‘E
1976 4899 2371 4957 LECTIONES.

405 4988 672 5049 '"sub—
708 4993 1013 5051 Teoderici
1052 4993 1971 5065 successitinmaryineadditur.

1919 5118 2137 5174 ΝΟΤτΕ.

408 5207 522 5283 (tu)
556 5208 778 5283 Duplex
810 5212 939 5267 Vita
960 5213 1013 5267 S.
1041 5211 1307 5282 Praejecti
1340 5212 1513 5268 testis
1541 5218 1650 5283 est,
1672 5226 1801 5271 eum
1827 5214 1975 5270 Chil-

339 5277 537 5351 deric'o
571 5277 710 5351 rege
741 5282 1112 5340 interfectum
1143 5277 1271 5340 esse
1298 5283 1454 5339 circa
1486 5297 1517 5339 a
1548 5277 1675 5350 674,
1709 5289 1773 5339 ιιι
1801 5284 1971 5341 docet

337 5349 611 5477 gla%billon
645 5349 789 5409 'Act.
827 5352 920 5408 SS.
956 5367 1089 5411 saec.
1126 5355 1211 5421 ll;
1245 5356 1371 5411 Act.
1407 5354 1500 5411 SS.
1533 5355 1790 5425 Januar.,
1824 5358 1867 5410 t.
1901 5356 1970 5421 II,

2157 5213 2270 5283 (46)
2310 5213 2418 5286 Ter
2444 5212 2655 5286 quinis
2668 5213 2812 5286 fere
2838 5213 3100 5286 amplius
3120 5212 3301 5286 annis
3319 5225 3561 5286 manere
3575 5212 3728 5285 fuit,

2083 5284 2213 5409 fiala
2240 5283 2585 5411 eisothAvitus
2622 5283 2685 5341 in'
2705 5285 2836 5342 Vita
2868 5283 3153 5341 SfBoniti
3186 5285 3309 5341 Act.
3339 5284 3433 5339 SS.
3466 5283 3733 5341 Ianuar;-

2113 5394 2124 5407 .
2198 5396 2211 5424 ,
2400 5395 2411 5409 .
