3936 6050
157 219 279 285 125

1421 223 1919 296 CHRONICON.
1952 262 2033 275 --
2057 226 2213 293 LIB.
2258 230 2307 295 Ι.

3393 246 3399 252 ’
3442 230 3558 299 126

159 362 278 425 tur,
309 360 375 416 et
410 357 659 419 factione
687 360 893 421 matris
926 360 1118 422 cultro
1154 378 1184 423 a
1242 370 1410 440 patre
1474 364 1799 438 perimitur.
1833 362 1888 424 A
1920 365 2071 438 apud
2106 368 2282 427 Deum
2341 368 2395 427 in
2454 368 2639 443 gloria
2708 373 2925 428 aeterna
2985 366 3253 440 fulgeret.
3309 365 3553 436 Quidam

160 446 578 506 Childebertus
602 466 704 507 rex
717 467 977 511 sororem
1002 468 1161 511 suam
1186 455 1621 525 Herminigildo,
1648 455 1807 511 Wisi-

158 536 474 605 gotborum
531 540 690 609 regis
741 540 884 611 ﬁlio,
928 543 1191 613 tradidit,
1245 544 1414 615 cujus
1460 544 1695 600 hortatu
1749 546 1807 599 et

159 622 410 679 Leandri
437 626 795 698 Hispalensis
817 630 1076 702 episcopi
1101 632 1516 702 praedicatione
1543 632 1612 687 ad
1638 631 1805 687 fidem

164 710 387 768 Christi
401 727 725 773 conversus
743 722 852 774 est.
870 717 1159 792 [FREDEG].
1177 723 1317 778 Post
1345 721 1634 777 Tiberium
1658 720 1809 774 Mau-

160 800 348 857 ricius
381 803 607 872 accepit
635 804 1007 876 imperium,a
1048 822 1161 878 quo
1192 808 1601 865 Childebertus
1646 807 1809 877 quin-

162 889 449 959 quaginta
478 891 634 947 milia
650 892 870 949 solidos
884 895 1006 951 auri
1037 896 1280 966 accepit,
1308 900 1368 951 ut
1399 895 1807 965 Langobardos

158 976 332 1032 Italia
348 977 881 1047 pelleret.lntravit
898 997 1038 1052 ergo
1059 982 1370 1052 Italiam,et
1387 998 1587 1039 omnes
1600 982 1807 1038 ditioni

163 1065 293 1134 ejus
309 1078 374 1121 se
398 1066 947 1138 subdiderunt,cum
975 1072 1188 1140 quibus
1211 1076 1265 1127 et
1283 1072 1594 1128 amicitiam
1620 1071 1808 1127 firma-

162 1153 267 1223 vit,
283 1153 618 1224 etgloriose
634 1156 768 1212 inde
784 1170 1053 1215 reversus
1066 1159 1208 1229 est.(
1226 1161 1647 1232 VitaAgerici).
1669 1159 1806 1214 Cum

160 1255 307 1310 ergo
327 1241 615 1313 placitum
643 1249 703 1298 et
727 1250 1076 1303 conventum
1110 1249 1422 1305 multorum
1446 1248 1685 1304 Virduni
1715 1247 1810 1302 ha-

162 1329 305 1384 bere
341 1329 671 1401 debuisset,
703 1336 760 1388 et
795 1334 1025 1390 beatum
1052 1336 1203 1391 hunc
1234 1336 1562 1406 Agericum,
1599 1336 1669 1391 de
1693 1349 1806 1404 quo

166 1416 388 1487 agitur,
417 1418 750 1476 dilectionis
767 1424 823 1476 et
848 1423 1239 1479 venerationis
1253 1424 1617 1495 amplexibus
1633 1424 1809 1478 hono-

173 1510 353 1573 raret,
374 1519 505 1562 eum
523 1508 787 1577 opsoniis
808 1510 1154 1567 necessariis
1170 1512 1400 1582 gravari
1421 1526 1530 1566 non
1557 1511 1803 1581 patiens,

163 1593 415 1647 removit
430 1594 652 1649 servitii
669 1597 1097 1669 necessitatem,
1115 1599 1457 1670 etplacitum
1502 1598 1807 1655 transtulit

1917 456 2090 512 etiam
2122 459 2290 514 valde
2321 460 2554 529 nobilis,
2590 475 2720 517 cum
2747 474 2849 530 pro
2876 458 3000 515 suis
3026 456 3350 514 sceleribus
3369 470 3398 512 a
3416 470 3552 526 rege

1916 543 2034 601 vita
2070 547 2283 616 privari
2318 548 2640 616 debuisset,
2672 552 2729 604 et
2771 548 3048 618 precibus
3082 544 3235 601 beati
3269 544 3554 600 antistitis

1916 633 2179 689 salvatus
2213 639 2305 690 est
2341 636 2522 691 :unde
2547 636 2707 693 dedit
2741 634 2838 690 ille
2881 633 3229 690 Virdunensi
3281 630 3551 688 ecclesiae

1920 719 2171 777 alodium
2205 738 2371 780 suum
2405 728 2462 779 et
2494 725 2719 795 scripto
2750 723 3068 779 roboravit.

1991 809 2114 875 (Fol
2139 808 2269 875 46’.)
2296 811 2689 867 Guntramnus
2716 809 2786 844 “9
2816 813 2965 866 Boso
2998 811 3114 865 dux
3156 822 3286 863 cum
3335 821 3552 864 exosus

1918 898 2134 965 reginae
2152 898 2488 968 haberetur,
2526 900 2704 970 coepit
2739 914 2839 970 per
2854 898 3159 968 episcopos
3195 894 3252 950 et
3279 907 3555 966 proceres

1919 982 2333 1053 discurrcrc,et
2365 986 2589 1041 veniam
2606 987 2928 1057 deprecari.
2963 986 3325 1057 [Gnsc.Tun.,
3367 999 3443 1039 rx.
3474 983 3554 1053 8.]

1917 1071 2054 1126 Nam
2089 1087 2215 1128 cum
2251 1078 2407 1129 esset
2431 1074 2838 1130 Childebertus
2864 1074 3114 1143 juvenis,
3139 1072 3396 1141 reginam
3420 1084 3555 1127 con-

1916 1157 2085 1214 viciis
2099 1167 2158 1214 et
2178 1161 2249 1214 im
2260 1162 2547 1231 properiis
2564 1161 3076 1229 lacessebat,unde
3090 1164 3146 1216 et
3163 1176 3191 1215 a
3211 1159 3553 1228 regejussus

1918 1251 2009 1301 est
2051 1249 2323 1317 persequi
2349 1267 2363 1315 ;
2386 1248 2622 1318 quicum
2646 1263 2705 1304 sc
2726 1253 2994 1305 cerneret
3018 1248 3072 1303 in
3103 1246 3439 1303 discrimine
3456 1260 3555 1316 po-

1918 1333 2115 1403 situm,
2153 1335 2472 1392 Virdunum
2510 1337 2699 1405 petiit,
2736 1341 2946 1406 putans
2982 1349 3080 1406 per
3104 1336 3335 1390 beatum
3362 1332 3554 1402 Ageri-

1918 1434 2067 1491 cum,
2088 1423 2185 1492 qui
2204 1428 2369 1494 pater
2391 1424 2509 1493 regi
2535 1427 2662 1479 erat
2686 1439 2753 1479 ex
2772 1424 3022 1492 lavacro,
3039 1437 3100 1478 se
3124 1436 3294 1493 posse
3311 1419 3546 1488 salvari,

1920 1523 2024 1579 pro
2043 1524 2156 1579 quo
2173 1511 2408 1582 episcop
2419 1526 2485 1567 us
2500 1512 2603 1566 inti
2624 1526 2827 1567 rcessu
2838 1528 2934 1568 rus
2949 1512 3017 1566 ad
3038 1523 3232 1579 regem
3246 1511 3545 1579 properat.

1920 1595 2084 1660 Quod
2108 1612 2237 1653 cum
2274 1614 2375 1653 rex
2392 1614 2603 1668 negare
2627 1600 2914 1669 nequiret,
2943 1599 3019 1654 ait
3048 1617 3061 1653 :
3094 1594 3554 1665 Veniat,etdatis

163 1678 231 1734 ad
264 1680 585 1738 Metensem
615 1684 931 1741 civitatem.
961 1687 1214 1756 Cumque
1247 1687 1627 1758 consequenti
1669 1692 1805 1741 tem-
1835 1706 1890 1767 Β
1908 1683 2373 1763 ﬂdejussoribus
2394 1688 2796 1759 inpraesentia
2803 1688 3024 1759 patrui
3059 1686 3175 1743 mei
3213 1682 3551 1753 eaequatm'

163 1781 301 1837 pore
331 1782 441 1839 per
464 1770 667 1825 urbem
703 1772 1409 1845 fecissettransitum,eta
1440 1780 1642 1831 sancto
1668 1788 1806 1844 pon-

164 1855 321 1911 tiﬁce
343 1857 596 1927 benigna
612 1864 771 1915 esset
788 1866 1094 1932 susceptus
1110 1862 1440 1933 dulcedine,
1474 1863 1805 1919 humanitas

167 1958 405 2015 quoque
438 1946 751 2018 hospitalis
774 1949 826 2004 ei
857 1950 1196 2007 exiberetur
1218 1966 1347 2008 cum
1372 1951 1525 2007 omni
1576 1965 1715 2007 cura
1747 1955 1804 2007 et

165 2031 592 2105 sollicitudine,
619 2035 674 2089 in
701 2036 826 2107 ipso
852 2038 1077 2094 fervore
1102 2040 1277 2109 regim
1310 2039 1615 2096 servitutis
1646 2053 1807 2095 accc-

164 2120 305 2177 dens
341 2120 418 2176 ad
441 2134 571 2177 eum
597 2135 913 2181 economus
946 2140 1139 2182 rerum
1162 2142 1395 2184 suarum
1424 2127 1805 2192 universalis;

166 2209 323 2266 Etsi
344 2209 502 2279 alia,
530 2210 734 2281 inquit,
752 2212 1378 2286 Domineprooidendo
1409 2215 1804 2284 abundamus,

163 2296 370 2352 vinum
392 2298 785 2369 utmajostati
802 2301 987 2371 regia
1012 2302 1188 2373 decet,
1247 2303 1483 2361 scribere
1512 2317 1627 2360 non
1672 2317 1810 2375 1208-

165 2395 396 2454 mmus,
419 2387 573 2455 quia
590 2387 812 2457 prater
840 2390 1234 2461 casmedium,
1260 2392 1419 2462 quod
1462 2393 1643 2449 tonna
1682 2391 1811 2447 cul-

166 2472 408 2540 gariter
432 2471 679 2542 dicitur,
704 2476 898 2533 nichil
917 2475 1379 2535 habemus.Tunc
1406 2479 1497 2535 vir
1537 2479 1636 2536 Dei
1666 2479 1723 2533 in
1749 2492 1809 2535 re

173 2573 457 2631 corporea
490 2563 878 2634 augustiatus,
905 2564 1003 2621 sed
1026 2566 1203 2622 corde
1228 2567 1282 2621 in
1324 2567 1563 2623 Domino
1612 2567 1812 2623 dilata-

169 2649 280 2702 tus.
314 2646 481 2717 Noli,
509 2649 611 2718 ait,
635 2648 1044 2721 desperatione
1058 2655 1435 2724 languescere
1478 2654 1584 2712 sed
1644 2655 1812 2728 affer

168 2734 316 2792 milii
348 2733 423 2793 dc
443 2735 642 2792 eodem
664 2739 896 2809 liquore
913 2744 1154 2812 :potens
1176 2744 1267 2799 est
1280 2745 1441 2801 Deus
1493 2744 1815 2802 tristitiam

170 2823 498 2892 parvitatis
515 2825 820 2883 nostrain
831 2828 1128 2897 gaudium
1147 2830 1532 2889 abundantia
1566 2843 1815 2889 commu-

174 2910 815 2984 tare.(Fol.t7.)Dixit,
840 2920 896 2972 et
923 2915 1100 2973 allato
1143 2918 1253 2974 sibi
1344 2919 1477 2975 vino
1518 2918 1812 2990 paululum

178 2999 427 3069 sorbuit,
458 3004 519 3055 et
547 3000 619 3056 ad
651 3001 812 3058 celos
843 3003 1045 3061 oculos
1075 3005 1703 3077 sublevans:Domine,
1735 3006 1814 3062 in-

180 3087 325 3157 quit,
345 3100 449 3144 oro
470 3088 676 3160 utjtat
713 3090 895 3148 istius
918 3092 1049 3148 cini
1097 3094 1507 3166 ampliﬁcatio.
1559 3096 1813 3165 Cumque

93 3165 98 3168 ’
180 3174 365 3246 ipsius
390 3181 691 3247 praecepto
705 3177 1019 3236 refudisset
1038 3179 1179 3236 illud
1221 3180 1275 3236 in
1292 3195 1430 3238 vase
1452 3182 1811 3254 supradicto,

174 3264 335 3335 cepit
351 3264 551 3320 vinum
565 3265 803 3337 copiose
820 3266 1158 3339 ministrari,
1193 3269 1350 3341 cepit
1378 3270 1614 3340 c0piose
1628 3270 1816 3327 amne-

176 3363 254 3417 re,
281 3355 342 3406 et
370 3356 591 3420 quanto
610 3352 1229 3424 ampliusvacuabatur
1260 3357 1329 3413 ad
1355 3356 1581 3415 libitum
1621 3357 1817 3414 biben-

182 3436 323 3493 tium
341 3437 838 3509 eﬂ'erendo,tanto
856 3442 1038 3511 magis
1051 3445 1374 3513 augebatur
1395 3445 1816 3514 Creatorisjus—

185 3536 249 3580 su
263 3529 329 3580 et
345 3525 570 3582 virtute
591 3527 995 3585 redundando."
1009 3531 1245 3586 Poterat
1261 3533 1674 3602 namqueistud
1690 3533 1818 3589 Om-

178 3612 578 3684 nipotens,qui
595 3615 665 3671 de
678 3630 827 3686 aqua
840 3616 1033 3673 vinum
1052 3618 1266 3675 fecerat
1288 3620 1341 3675 in
1358 3621 1545 3677 Chana
1562 3620 1813 3690 Galileae,

177 3704 410 3770 poterat
428 3704 489 3757 et
514 3701 587 3758 de
604 3702 736 3758 vino
760 3704 956 3759 vinum
985 3706 1173 3762 facere
1195 3706 1423 3763 sincera
1435 3708 1595 3765 verbi
1619 3713 1819 3780 peten-

177 3788 249 3845 tis
268 3793 329 3844 et
351 3788 593 3846 indubia
619 3789 907 3857 ﬁdc.Quid
928 3792 1132 3864 plura?
1150 3794 1429 3851 Biberunt
1453 3800 1513 3853 ut
1538 3796 1817 3864 Galli,nec

176 3881 299 3934 erat
327 3890 603 3934 mensura
632 3878 686 3932 in
720 3881 1035 3949 erogando.
1063 3882 1257 3939 Multis
1302 3883 1510 3941 diebus
1534 3899 1633 3941 vas
1673 3884 1817 3942 illud

178 3965 468 4021 vinarium
496 3967 691 4022 conati
715 3975 1133 4039 suntvacuare,
1159 3976 1215 4025 et
1242 3970 1663 4041 quodammodo
1688 3973 1817 4029 vina

186 4051 495 4109 infundere
526 4053 897 4125 videbantur,
924 4055 1055 4113 dum
1070 4057 1339 4115 eﬂ‘usioni
1364 4058 1817 4118 instarent.Cre-

176 4144 373 4199 scebat
403 4141 627 4198 modica
658 4142 992 4201 benedictio
1015 4145 1212 4202 multis
1234 4147 1594 4217 vorantibus,
1629 4150 1818 4206 etDeo

174 4231 506 4302 imperante
537 4227 766 4286 modum
797 4234 1020 4288 naturae
1049 4234 1384 4304 superabat.
1423 4234 1504 4290 Ad
1548 4235 1815 4292 ultimum

174 4318 340 4375 finito
372 4316 638 4386 servitio,
666 4318 1090 4377 necimminuto
1104 4319 1255 4390 vino,
1283 4335 1384 4377 rex
1398 4320 1675 4378 miraculo
1699 4326 1818 4380 stu-

174 4404 756 4477 pefactus,episcopo
782 4405 1139 4470 humiliatus.
1157 4388 1329 4464 Deum
1353 4408 1405 4463 in
1432 4408 1560 4480 ipso
1582 4423 1818 4466 venera-
1846 4388 1898 4449 Ῑ)

173 4492 519 4563 tus,regiam
537 4493 797 4549 ostendit
819 4492 1239 4565 largitatem,et
1253 4495 1348 4564 qui
1363 4495 1601 4552 virtutis
1622 4497 1816 4555 vinum

175 4581 426 4651 biberat,
454 4580 724 4637 vineaset
770 4580 1180 4653 possessiones
1199 4597 1271 4638 ex
1294 4596 1502 4639 amore
1539 4591 1596 4640 et
1647 4585 1819 4641 devo-

178 4668 333 4724 tione
355 4667 623 4739 episcopi
648 4667 913 4726 ecclesiae
929 4666 1164 4740 cptulit,
1193 4683 1337 4740 quas
1358 4676 1411 4726 et
1440 4685 1624 4742 usque
1645 4672 1816 4730 hodie

174 4754 488 4827 privilegio
509 4758 569 4810 et
604 4754 879 4827 deinceps
910 4756 1265 4812 auctoritate
1292 4757 1489 4814 stabili
1532 4759 1811 4830 possedit.

178 4842 323 4899 Sane
347 4841 592 4899 virtutis
614 4842 809 4899 vinum
845 4856 948 4913 per
970 4843 1283 4914 prtesulem
1342 4849 1608 4902 sanctum
1627 4860 1657 4903 a
1704 4848 1819 4904 Deo

175 4930 462 4987 virtutum
478 4929 599 5000 regi
619 4934 677 4985 et
692 4929 1008 4987 comitibus
1020 4945 1129 5002 pro
1137 4931 1393 5003 pinatum
1407 4931 1582 4989 corda
1607 4933 1816 4991 devota

177 5017 377 5090 populi
402 5016 550 5074 adeo
572 5021 714 5074 tunc
730 5017 1018 5090 temporis
1039 5016 1381 5090 lmtificavit,
1404 5020 1681 5078 utiuloco
1705 5036 1818 5092 quo

178 5106 348 5178 copia
380 5118 456 5161 ex
488 5104 896 5162 benedictione
911 5107 1291 5177 produxerat,
1312 5106 1496 5164 altare
1518 5114 1819 5166 construe-

181 5197 332 5262 rent,
387 5192 664 5263 quatinus
716 5192 1045 5264 hujusmodi
1096 5194 1264 5264 signo
1306 5195 1520 5253 saecula
1570 5201 1817 5254 ventura

177 5283 514 5350 noscerent,
532 5281 701 5351 cujus
715 5279 910 5337 meriti
931 5280 1277 5338 excellentia
1304 5283 1512 5340 beatus
1535 5283 1817 5353 Agericus

1845 3048 1894 3111 Ο

1908 1772 2232 1841 judicium.
2254 1775 2553 1831 Adductus
2565 1791 2703 1844 ergo
2716 1780 2771 1831 et
2806 1776 2981 1832 armis
3004 1773 3259 1830 nudatus
3276 1774 3341 1826 et
3360 1782 3554 1826 coram

1920 1874 2055 1929 rege
2081 1868 2412 1932 prostratus
2432 1878 2461 1917 a
2479 1868 2637 1918 terra
2653 1863 2852 1933 jussus
2867 1868 2957 1919 est
2978 1875 3239 1933 surgere,
3260 1864 3318 1916 et
3353 1862 3556 1916 sancto

1918 1949 2212 2005 sacerdoti
2239 1950 2504 2019 usquead
2528 1952 2894 2021 praesentiam
2917 1951 3256 2007 Guntramni
3277 1953 3369 2007 est
3400 1961 3556 2004 com-

1918 2035 2149 2093 missus.
2186 2037 2283 2107 (ix,
2318 2040 2397 2110 9.)
2430 2041 2563 2095 Post
2601 2040 2723 2096 haec
2757 2039 3307 2095 Childebertuscum
3343 2040 3550 2106 matre,

1916 2137 2121 2180 sorore
2152 2130 2211 2180 et
2226 2126 2468 2195 conjuge
2493 2126 2547 2181 in
2566 2141 2875 2183 occursum
2901 2127 3093 2198 patrui
3114 2126 3369 2187 festinat.
3412 2122 3544 2191 Qui-

1920 2211 2027 2267 bus
2058 2214 2386 2283 conjunctis
2416 2219 2808 2284 przesentatur
2838 2220 2896 2271 et
2957 2216 3349 2271 Guntramnus
3398 2213 3545 2268 Boso

1918 2300 2140 2369 absque
2165 2303 2341 2361 ullius
2368 2305 2722 2373 defensione,
2752 2305 2885 2375 quia
2918 2304 2997 2360 sic
3027 2305 3378 2358 convenerat
3394 2313 3558 2355 sanc-

1917 2390 2016 2443 tus
2031 2390 2361 2462 episcopus:
2384 2394 2697 2463 episcopus
2712 2405 2848 2447 vero
2864 2389 3159 2446 remansit.
3179 2388 3289 2444 Sed
3309 2401 3439 2444 cum
3458 2386 3558 2442 ille

1918 2490 2026 2546 pro
2059 2477 2309 2534 diversis
2340 2479 2721 2535 facilitatibus
2748 2475 3459 2549 culpabilisjudicaretur,
3478 2474 3551 2529 ad

1922 2563 2275 2621 mansionem
2302 2566 2561 2638 episcopi
2584 2566 2862 2634 confugit.
2890 2565 3013 2631 Quo
3035 2579 3165 2621 cum
3208 2577 3339 2619 eum
3374 2562 3551 2618 inter-

1923 2650 2179 2709 fectores
2194 2653 2656 2724 insequerentur,
2683 2658 2740 2710 et
2757 2654 2854 2709 ille
2878 2668 2907 2710 a
2922 2653 3046 2709 viro
3068 2655 3272 2709 sancto
3293 2648 3465 2707 avelli
3492 2660 3556 2705 se

1922 2753 2032 2794 non
2068 2744 2388 2810 pateretur,
2424 2741 2616 2797 nuncii
2641 2740 2900 2797 etiamad
2933 2753 3125 2809 regem
3155 2737 3315 2795 missi
3340 2737 3412 2793 ab
3437 2736 3558 2807 epi-

1922 2828 2541 2898 scopointercessores
2558 2829 2873 2885 abbateset
2894 2825 3091 2884 clerici
3131 2841 3243 2882 non
3290 2824 3560 2882 audiren-

1924 2918 2040 2986 tur,
2061 2916 2228 2985 jussu
2249 2917 2585 2973 Guntramni
2612 2916 2860 2985 injectus
2873 2920 2965 2971 est
2985 2913 3135 2984 ignis
3159 2912 3353 2970 domui
3382 2911 3557 2981 illi,ut

1924 3003 1969 3057 si
2000 3004 2310 3075 episcopus
2328 3005 2526 3074 egredi
2586 3003 2786 3072 nollet,
2812 3002 3028 3072 pariter
3076 3003 3556 3057 concremaretur

1926 3089 2048 3160 (Fol
2071 3094 2155 3148 47.
2180 3094 2197 3154 )
2227 3091 2390 3157 Quod
2415 3090 2719 3146 audientes
2742 3089 3024 3159 clerici,et
3043 3088 3286 3146 eil’racto
3300 3086 3454 3144 ostio
3475 3099 3565 3142 sa-

1924 3180 2219 3236 cerdotem
2242 3178 2292 3248 ej
2302 3179 2503 3234 iciunt.
2529 3178 2699 3234 Miser
2719 3181 2911 3234 autem
2937 3176 3053 3245 ille,
3087 3189 3217 3232 cum
3232 3188 3295 3230 se
3327 3173 3556 3230 videret

1927 3265 2169 3322 flammis
2208 3266 2423 3336 urgeri,
2458 3265 2801 3335 demumque
2818 3262 3017 3333 egredi
3042 3265 3324 3333 tentaret,
3363 3273 3562 3318 susce-

1927 3360 2065 3425 ptus
2093 3355 2163 3411 ab
2185 3354 2450 3411 hostibus
2472 3353 2949 3414 interfectusest;
2986 3351 3141 3422 quod
3184 3348 3428 3406 multum
3473 3362 3564 3405 sa-

1928 3444 2139 3502 cerdos
2161 3442 2367 3499 doluit.
2395 3442 2492 3512 (ix,
2520 3442 2632 3511 12.)
2657 3441 2794 3496 Cum
2816 3445 3008 3495 autem
3025 3437 3258 3508 quidam
3280 3436 3352 3493 de
3393 3434 3556 3506 regni

1928 3531 2285 3603 primoribus
2307 3528 2377 3585 de
2403 3532 2589 3584 morte
2603 3542 2822 3597 regum,
2849 3526 3042 3598 patrui
3059 3525 3285 3581 scilicet
3306 3528 3365 3580 et
3388 3537 3563 3595 nepo-

1927 3619 2407 3689 tis,tractassent,
2432 3621 2491 3672 et
2513 3615 2857 3687 deprehensi
2913 3613 3410 3682 interficerentur,
3444 3608 3569 3683 qui-

1930 3707 2058 3763 dam
2080 3720 2282 3762 eorum
2308 3701 2682 3760 Bertefredus
2695 3701 2927 3758 nomine
2950 3701 3020 3757 ad
3036 3701 3239 3759 urbem
3253 3698 3571 3756 Virdunen-

1930 3795 2081 3852 sium
2119 3792 2399 3861 confugit.
2432 3790 2556 3857 Quo
2610 3789 3055 3861 insequentibus
3098 3783 3563 3845 adversariisdo-

1929 3896 2081 3938 mum
2113 3880 2464 3949 ecclesiae,in
2489 3892 2598 3949 qua
2614 3877 3085 3949 eratepiscopus,
3110 3879 3169 3933 et
3194 3889 3363 3946 quam
3386 3878 3447 3931 et
3469 3872 3570 3932 ille

1928 3968 2289 4038 confugerat,
2315 3966 2581 4022 exercitu
2602 3965 2840 4035 vallant,
2875 3968 2930 4020 et
2974 3963 3363 4020 asdendentes
3381 3974 3559 4034 super

1931 4053 2396 4126 tectum,tegulis
2420 4053 2756 4109 etmateriis
2779 4052 2922 4108 tecti
2947 4049 3244 4106 illidentes
3260 4048 3569 4106 interfece-

1930 4148 2064 4202 runt
2085 4143 2243 4200 illum
2273 4155 2403 4199 cum
2435 4141 2626 4198 tribus
2652 4140 2866 4211 pueris.
2892 4138 3132 4195 Multum
3151 4151 3224 4193 ex
3246 4138 3352 4193 hoc
3374 4134 3565 4193 doluit

1930 4234 2171 4288 sanctus
2194 4230 2526 4301 episcopus,
2554 4227 2708 4297 quod
2731 4240 2843 4282 non
2885 4225 3070 4283 solum
3102 4239 3233 4281 eum
3256 4223 3566 4280 defensare

1928 4333 2039 4375 non
2071 4317 2260 4389 potuit
2292 4330 2491 4371 verum
2506 4315 2680 4370 etiam
2703 4313 2896 4371 locum
2920 4326 3034 4383 quo
3057 4326 3228 4369 orare
3251 4324 3567 4369 consueve-

1929 4405 2146 4471 rat,ubi
2167 4409 2227 4460 et
2250 4403 2487 4474 pignera
2508 4406 2845 4458 sanctorum
2880 4399 3061 4457 multa
3112 4400 3558 4470 aggregaverat,

1928 4494 2175 4551 humano
2196 4491 2475 4561 sanguine
2499 4488 2858 4561 polluividit.
2876 4488 3050 4545 Multa
3072 4502 3213 4545 vero
3238 4486 3571 4544 Childeber-

1928 4585 2024 4638 tus
2046 4594 2284 4636 munera
2307 4578 2482 4648 misit,
2507 4582 2572 4633 ut
2600 4592 2630 4633 a
2664 4591 2910 4633 mmrore
2935 4568 3258 4647 revocaret,
3292 4573 3397 4632 sed
3428 4587 3562 4632 con-

1928 4669 2107 4727 solari
2127 4682 2236 4725 non
2267 4666 2479 4738 potuit.
2507 4667 2604 4735 (rx,
2628 4666 2743 4736 23.)
2774 4664 2987 4721 Verum
3021 4664 3312 4721 diuturna:
3362 4660 3566 4719 amari-

1924 4752 2151 4814 tudinis
2182 4768 2430 4810 mmrore
2451 4753 2711 4823 graviter
2742 4756 3030 4821 aegrotare
3070 4751 3268 4822 coepit,
3312 4761 3563 4821 praeser-

1928 4845 2029 4902 tim
2062 4848 2254 4900 autem
2284 4839 2623 4897 Guntramni
2655 4838 3011 4896 filiossecum
3061 4838 3319 4895 retinens
3379 4837 3568 4907 quoti-

1928 4933 2021 4990 die
2044 4932 2187 4987 ilens
2211 4929 2346 4986 illos
2366 4927 2473 4985 sibi
2508 4926 2895 4984 solirelictos
2921 4924 3231 4997 orphanos.

2000 5019 2170 5090 (Vita
2197 5013 2805 5088 Agerici.)Transibat
2835 5010 3149 5085 aliquando
3179 5010 3273 5067 hic
3324 5017 3566 5071 sanctus

1927 5121 2032 5182 per
2047 5105 2348 5163 civitatem
2367 5103 2914 5172 Laudunensium,et
2928 5113 3064 5158 ecce
3081 5099 3310 5156 obviam
3326 5101 3437 5158 sibi
3459 5102 3569 5159 fuit

1930 5194 2164 5270 quidam
2191 5191 2429 5250 manicis
2452 5191 2699 5248 strictus
2721 5193 2781 5245 et
2803 5187 3202 5260 compedibus,
3220 5188 3314 5245 cui
3339 5194 3564 5247 tortore

1931 5286 2436 5357 praeeuntcarcere
2450 5275 3562 5351 aperiebaturobscurus.(Fol.47’.)lbat

1530 5379 1766 5437 VARLE
1806 5379 2205 5439 LECTIONES.

241 5472 313 5509 ²ι⁸
346 5473 741 5531 Guntramnus
767 5504 840 5516 —
869 5474 1164 5549 orphanos
1192 5474 1259 5535 in
1277 5475 1677 5549 marginefol.
1714 5480 1782 5535 46
1809 5480 1862 5536 et
1896 5479 1982 5537 47.
