3936 6050
315 149 428 213 12⁸1

1276 148 1641 216 HUGONIS
1681 147 2029 212 ABBATIS
2072 148 2751 219 FLAVINIACENSIS

3594 155 3709 218 128

317 286 422 342 sed
439 286 621 356 magis
646 286 1277 358 impellebaturinfel‘x
1307 288 1602 358 vagitibus
1616 285 1954 358 plateasim-
1984 285 2041 346 A
2074 286 2247 345 Deum
2281 290 2623 363 placabilem
2657 288 2979 364 improvide
3010 287 3341 357 offendisse,
3373 288 3530 361 quod
3562 304 3710 348 nun-

321 377 509 449 plens,
540 385 599 432 et
631 377 889 435 lacrimis
922 391 1123 432 omnes
1147 393 1293 449 quos
1342 376 1673 433 offendebat
1697 374 1768 430 ad
1798 373 1970 455 auxi-~

321 464 458 521 lium
491 466 716 523 ululatu
750 472 807 521 et
830 467 1049 535 gemitu
1076 466 1451 538 provocabat.
1476 464 1629 519 Talis
1657 468 1959 533 estpecca-

320 558 509 611 torum
545 554 815 611 redditio:
844 569 972 610 sera
1003 568 1233 624 semper
1266 552 1603 624 pzenitentia
1667 553 1956 605 tormento

321 643 660 714 suscipitur,
685 648 743 698 et
764 643 1056 698 illecebrae
1080 642 1443 712 voluptatum
1466 639 1693 710 a<peris
1724 643 1783 693 et
1808 650 1959 691 ama-

321 731 403 786 ris
433 731 689 786 exitibus
720 730 1060 801 puniuntur:
1098 731 1350 799 Cumque
1400 726 1753 782 miserabilis
1794 726 1959 779 mise-

322 819 609 874 ricordem
644 820 932 889 aspiceret
964 819 1172 885 virum,
1196 817 1425 888 petivit,
1467 820 1531 871 ut
1565 815 1784 886 potuit:
1846 814 1954 869 sibi

325 906 632 975 refugium,
660 911 717 961 et
748 911 805 961 ut
831 907 881 961 ei
909 907 1269 977 impenderet
1293 905 1576 961 orationis
1598 902 1953 971 suffragium,

328 994 564 1050 Audivit
594 994 1013 1062 misericordia,
1042 1000 1100 1048 et
1135 994 1391 1065 pontifex
1425 997 1617 1049 tactus
1665 991 1866 1047 dolore
1899 994 1956 1045 et

329 1082 730 1152 eompassione
764 1083 1107 1137 iutreseeus.
1143 1082 1415 1137 convenit
1459 1085 1741 1136 tortorem
1777 1071 1956 1134 multa

326 1183 504 1239 prece
539 1169 787 1239 supplici
816 1169 1228 1240 postulatione,
1260 1175 1317 1223 ut
1374 1170 1711 1224 flecteretur
1734 1172 1788 1222 ct
1829 1183 1960 1238 pro-

323 1255 641 1326 pitiaretur
668 1257 881 1312 misero
916 1257 1287 1326 indulgentia:
1306 1256 1581 1312 lzenitate.
1612 1255 1954 1323 Abuegavit,

324 1348 382 1397 et
420 1343 696 1414 reppu'it,
733 1360 834 1399 nec
862 1360 987 1399 eum
1015 1344 1599 1413 aliquatenusaudire
1636 1342 1955 1398 consensit.

327 1430 493 1486 Illius
521 1432 801 1500 Cagitiaet
832 1434 1080 1486 facinora
1142 1432 1395 1488 animum
1440 1431 1654 1500 judicis
1713 1431 1960 1484 infrena-

328 1520 485 1579 bant,
525 1534 593 1573 ne
628 1520 964 1574 ﬂecteretur
996 1520 1414 1575 misericordia.
1474 1519 1647 1574 Pctiit
1702 1518 1958 1573 secundo

2068 376 2179 433 ciis
2212 380 2506 436 Bab‘lonis
2532 383 2841 438 thesauros
2862 392 3008 436 suos
3039 381 3097 434 et
3153 383 3478 435 aromatum
3520 376 3710 436 cellas

2067 464 2334 523 inventus
2362 473 2422 524 et
2441 471 2826 540 reprehensus
2858 474 2949 526 est
2970 466 3329 525 ostendisse.
3360 467 3619 523 Timebat
3640 468 3701 523 et

2065 553 2356 611 sollicitus
2389 557 2745 626 invigilabat,
2781 572 2851 615 ne
2882 558 2929 614 si
2960 556 3149 615 hostis
3204 554 3509 624 insidians,
3569 554 3706 611 hos-

2066 640 2235 697 tiaria
2268 644 2524 713 segniter
2557 650 2851 717 soporota,
2885 646 3115 702 dmum
3143 643 3270 714 ejus
3316 643 3695 714 irrumperet,

2067 743 2266 786 somno
2290 734 2493 790 mortis
2514 734 2763 791 obrutus
2795 733 3148 803 negligentia
3200 731 3515 803 deperiret.
3554 728 3705 797 Qua-

2065 823 2309 889 propter
2338 823 2606 877 servabat
2639 837 2741 878 cor
2771 836 2939 879 suum
2960 821 3112 878 omni
3144 820 3435 889 custodia,
3459 822 3516 874 et
3550 822 3696 874 tem-

2067 905 2223 975 plum
2257 916 2519 965 sanetum
2542 911 2634 966 Dei
2658 911 2713 966 in
2747 925 2809 967 se
2839 910 3066 966 illesum
3121 909 3529 979 illibatumque
3569 920 3706 962 con-

2067 1006 2325 1066 servans,
2352 1001 2411 1052 et
2443 998 2853 1068 permundans,
2890 998 3065 1053 variis
3122 999 3403 1053 bonorum
3464 1006 3707 1065 operum

2068 1081 2310 1138 ﬂoribus
2332 1084 2671 1141 adornabat.
2707 1087 3105 1142 Concurrebat
3134 1084 3285 1141 enim
3327 1081 3597 1154 populus.
3633 1082 3695 1137 et

2066 1169 2274 1226 civitas
2307 1177 2428 1227 tota
2455 1173 2671 1229 cotidie
2694 1174 3117 1240 conﬂuebat,ut
3144 1173 3215 1229 de
3233 1168 3700 1228 sanctuarioDei

2067 1272 2171 1327 per
2204 1259 2412 1329 ipsum,
2446 1261 2680 1317 oracula
2716 1261 3104 1328 salutis,sicut
3130 1262 3407 1330 antiquus
3450 1257 3703 1329 populus

2070 1360 2173 1416 per
2204 1347 2449 1417 Moysen,
2467 1354 2524 1404 et
2551 1350 2685 1406 vitae
2708 1364 2983 1419 responsa
3003 1349 3388 1420 perciperent.
3415 1344 3705 1403 Sacerdos

2067 1432 2191 1503 ipse
2220 1450 2482 1493 summus
2514 1440 2627 1492 tam
2654 1452 2756 1507 pro
2791 1452 2854 1493 se
2888 1452 3056 1507 quam
3092 1452 3194 1508 pro
3218 1434 3550 1493 commissis
3568 1435 3703 1488 hos-

2071 1520 2181 1577 tias
2211 1524 2324 1579 Deo
2357 1525 2551 1594 sepius
2581 1524 2936 1591 immolabat,
2961 1529 3019 1578 et
3044 1525 3227 1593 legem
3252 1524 3349 1580 Dei
3377 1523 3448 1579 ad
3493 1520 3707 1576 facien-

324 1611 382 1662 et
413 1608 613 1675 tertio,
649 1608 917 1677 repu‘sus
948 1613 1036 1661 est
1072 1626 1086 1671 ;
1121 1608 1439 1677 triplieavit
1467 1623 1546 1678 pr.
1573 1622 1717 1676 cem,
1774 1611 1834 1660 et
1862 1620 1959 1659 au-
1986 1628 2040 1688 Β
2071 1608 2204 1665 dum
2226 1624 2350 1665 eam
2381 1612 2743 1667 decatliedra
2767 1612 3051 1668 tecclesite
3074 1611 3551 1682 perdocebat.Ita
3576 1620 3711 1663 ves-

328 1693 488 1748 ditus
512 1709 620 1748 non
648 1699 755 1749 est.
786 1695 929 1760 Quid
961 1698 1174 1751 faceret
1198 1697 1409 1766 pietas?
1433 1696 1557 1761 Quo
1579 1710 1639 1751 se
1662 1693 1959 1748 verteret?

324 1782 503 1837 Homo
537 1783 823 1836 hominem
858 1799 1042 1852 neque
1060 1799 1271 1853 cogere
1304 1800 1488 1853 neque
1542 1782 1770 1854 precari
1810 1779 1961 1835 vale-

329 1868 446 1937 bat,
474 1876 530 1923 et
585 1871 771 1940 pietas
821 1872 1229 1928 niclxilominus
1307 1872 1692 1927 increscebat.
1760 1872 1961 1938 Itaque

326 1972 645 2014 conversus
665 1960 734 2014 ad
768 1960 1063 2015 Dominum
1112 1960 1371 2031 porrexit
1414 1964 1547 2014 vota
1592 1960 1647 2013 in
1707 1959 1956 2021 caelum;

327 2046 590 2101 cucurrit
616 2046 682 2101 ad
712 2047 1126 2101 misericordize
1160 2049 1372 2103 fontem
1398 2048 1592 2117 sepius
1628 2052 1955 2116 expertum,

324 2146 498 2187 orans
529 2135 587 2187 ut
616 2134 825 2189 misero
845 2140 1000 2189 esset
1027 2135 1080 2188 in
1107 2135 1467 2202 auxilium,et
1491 2135 1745 2190 solveret
1771 2134 1959 2202 jussio

325 2219 637 2276 invisibilis
668 2227 726 2276 et
781 2223 1146 2294 omnipotens
1184 2239 1329 2293 quos
1371 2224 1720 2294 despexerat
1778 2222 1958 2292 judex

327 2310 619 2377 superbus
648 2313 703 2363 et
733 2311 1017 2366 insolens:

460 2424 659 2495 Audiit
678 2425 1077 2494 Omnipotens,
1105 2426 1413 2495 subitoqne
1438 2426 1708 2495 ligamina
1743 2422 1954 2488 solvit;

461 2493 659 2568 Yincla
687 2496 991 2568 eadunt,et
1014 2512 1177 2568 nemo
1194 2493 1352 2568 patet
1374 2498 1468 2566 qui
1491 2493 1725 2568 ‘vincula
1742 2496 1952 2568 solvat,

463 2564 628 2620 Nulla
656 2580 880 2633 manus,
902 2567 988 2621 vis
1015 2564 1206 2635 nulla,
1241 2569 1337 2622 Dei
1372 2564 1688 2637 nisijussio
1745 2564 1952 2621 sumni.

327 2671 582 2737 Cumque
607 2670 714 2725 hoc
743 2670 919 2741 judex
944 2672 1387 2742 obstupefactus
1408 2673 1720 2741 aSpiceret,
1759 2671 1958 2726 confu-

320 2770 422 2812 sus
442 2763 499 2810 et
525 2757 733 2811 timore
757 2764 1084 2828 correptus,
1118 2760 1339 2815 corruit
1382 2760 1453 2815 ad
1477 2782 1492 2798 ο
1512 2761 1690 2830 pedes
1744 2759 1953 2828 sancti,

322 2842 730 2900 inobedientiae
762 2847 1042 2915 compede
1065 2846 1317 2911 vinctus,
1352 2853 1557 2917 petens
1581 2846 1697 2916 jam
1756 2852 1817 2903 et
1858 2847 1959 2901 im-

320 2929 561 3002 plorans
618 2933 727 2989 sibi
787 2934 1028 3003 veniam,
1076 2950 1243 3004 quam
1302 2936 1566 2991 noluerat
1620 2935 2035 3034 impenderec

321 3019 590 3089 proximo
622 3022 961 3091 postulanti.
982 3023 1458 3092 lndulgetvincto
1485 3039 1585 3094 per
1608 3023 1958 3094 culpam,so~

323 3107 446 3163 luto
464 3123 566 3178 per
586 3111 804 3165 veniam
832 3116 1054 3167 tantum
1095 3111 1341 3181 gratiam
1370 3111 1690 3182 postulans,
1725 3126 1831 3182 qua
1849 3111 1958 3167 sol-

316 3201 508 3252 vatur.
559 3199 642 3252 lta
670 3200 819 3253 Deus
868 3199 1217 3268 operatusiu
1258 3214 1509 3268 servum,
1575 3199 1737 3256 illum
1765 3205 1952 3269 reatu,

315 3284 475 3340 illum
512 3284 871 3353 indulgentia
932 3286 1221 3341 liberavit.

393 3374 528 3427 [Lee
561 3386 742 3443 pauca
777 3372 987 3429 divina:
1011 3373 1246 3429 virtutis
1284 3374 1557 3431 miracula
1591 3388 1696 3445 per
1766 3376 1954 3431 virum

320 3463 579 3517 sanctum
614 3459 782 3515 nobis
814 3464 1154 3529 monstrata,
1182 3476 1287 3517 nos
1318 3477 1421 3532 pro
1470 3462 1703 3518 modulo
1752 3469 1953 3520 nostro

319 3547 536 3604 litteris
553 3547 843 3604 indicibus
861 3549 1111 3618 posteris
1127 3549 1197 3604 ad
1214 3550 1475 3605 notitiam
1494 3550 1702 3607 salutis
1718 3556 1955 3607 annota-
1994 3541 1997 3545 ⁴

314 3636 599 3701 vimus,et
640 3636 883 3704 digitum
902 3637 1017 3705 Dei,
1047 3651 1331 3707 perquem
1363 3652 1640 3710 oppressa
1673 3640 1948 3709 Egyptus,

314 3738 418 3795 per
450 3738 618 3794 quem
643 3723 863 3793 ejectus
886 3728 974 3779 est
1008 3725 1295 3791 inimicus,
1330 3741 1430 3796 per
1480 3741 1645 3797 quem
1682 3741 1952 3783 mensura

317 3810 469 3881 ﬂdci,
497 3826 599 3882 per
623 3826 791 3881 quem
810 3810 1021 3867 divisio
1052 3813 1427 3869 earismatum
1461 3818 1546 3870 est
1599 3814 1948 3885 divinorum,

314 3899 370 3956 in
396 3899 487 3965 his
519 3904 821 3970 operatum
848 3900 1176 3956 adoramus.
1238 3902 1566 3972 Exteriore,
1620 3903 1754 3972 quia
1815 3908 1953 3959 sunt

311 3986 590 4055 visibilia,
619 3987 778 4058 quasi
814 3988 1012 4044 faciem
1034 3988 1204 4058 hujus
1222 3991 1407 4060 patris
1442 3990 1624 4046 nostri
1648 3991 1949 4061 pulchram

310 4074 698 4145 decoramque
714 4076 1040 4146 pingentes,
1056 4079 1113 4131 et
1139 4077 1436 4134 coloribus
1453 4079 1765 4135 verborum
1792 4079 1951 4149 igno-

312 4161 513 4219 bilium
549 4163 947 4220 informantes.
975 4164 1086 4219 Sed
1132 4165 1177 4220 si
1211 4180 1340 4221 eum
1398 4166 1714 4223 sudoribus
1759 4173 1820 4222 et
1878 4154 1951 4221 la-

312 4250 454 4306 bore
483 4250 580 4304 vix
613 4251 984 4321 pervenimus
1003 4253 1073 4308 ad
1098 4253 1332 4319 ostium,
1365 4254 1419 4308 id
1452 4258 1541 4309 est
1574 4253 1645 4309 ad
1685 4269 1949 4326 compre-

2070 1697 2230 1754 tibus
2265 1700 2448 1754 Aaron
2476 1699 2752 1769 pretiosis
2770 1705 2825 1753 et
2861 1699 3079 1755 sanctis
3103 1698 3395 1769 spirituali
3422 1697 3550 1766 lege
3582 1710 3715 1767 per-

2072 1786 2336 1855 fungens,
2372 1786 2583 1842 domini
2609 1786 2823 1842 Christi
2853 1787 3105 1843 vicarius
3134 1802 3195 1842 se
3229 1787 3415 1857 ipsum
3450 1784 3707 1841 hostiam

2071 1880 2327 1929 sanetam
2352 1876 2465 1930 Deo
2480 1875 2808 1945 placentem
2827 1874 3111 1930 offerebat
3133 1889 3238 1945 pro
3258 1890 3292 1946 p
3306 1873 3455 1944 )puli
3487 1873 3703 1944 salute,

2070 1962 2126 2016 in
2160 1961 2551 2032 adquisitione
2577 1962 2766 2018 laudis
2789 1964 3211 2019 zeternaﬂunc
3232 1962 3405 2017 talem
3436 1966 3553 2017 tam
3577 1960 3705 2030 glo-

2070 2049 2171 2105 rize
2203 2050 2802 2119 singularisheredem
2824 2053 2973 2106 Deus
2999 2051 3120 2121 ipse
3144 2048 3706 2119 reddebat,quieum

2068 2141 2122 2191 et
2145 2142 2450 2208 antequam
2475 2143 2820 2194 nasceretur
2845 2137 3245 2210 praeelegerat,
3266 2138 3497 2207 quicum
3518 2150 3618 2208 per
3640 2149 3708 2191 se

2067 2238 2172 2294 per
2220 2225 2516 2281 ministros
2544 2225 2737 2282 claros
2756 2226 2961 2282 domus
2993 2241 3132 2286 suae.
3159 2230 3219 2280 et
3256 2240 3385 2281 cum
3431 2239 3501 2280 eo
3548 2223 3708 2280 omni

2069 2319 2327 2383 tempore
2348 2319 2561 2381 crat,et
2576 2314 2976 2384 frequentibus
2994 2314 3379 2370 concursibus
3396 2312 3699 2368 visitabat.

2065 2401 2181 2457 Hos
2202 2401 2536 2471 fasces,hzec
2556 2402 2802 2472 insignia
2838 2402 2998 2459 urbis
3019 2406 3274 2470 mternae,
3292 2402 3437 2457 hanc
3458 2400 3706 2458 civicam

2063 2503 2338 2545 coronam
2359 2490 2676 2546 Jerusalem
2694 2505 2981 2561 supernas,
3008 2490 3294 2560 quomodo
3322 2493 3520 2561 potest
3543 2487 3705 2544 illius

2065 2577 2318 2634 hominis
2335 2578 2545 2634 vermis
2567 2580 3007 2649 apprehendere
3029 2577 3322 2649 ?(Fol.48.)
3352 2576 3517 2644 Quod
3547 2576 3595 2633 si
3616 2575 3704 2633 di-

2064 2667 2384 2738 casetipse
2416 2667 2569 2722 filius
2610 2667 2857 2722 hominis
2913 2671 2969 2722 et
3032 2666 3156 2735 ipse
3209 2666 3446 2730 vermis,
3490 2679 3702 2722 verum

2067 2754 2857 2824 utiquedicis,sedm’racula
2882 2768 2983 2825 per
3003 2753 3205 2810 Filium
3238 2754 3338 2809 Dei
3371 2758 3429 2809 et
3455 2753 3711 2811 hominis

2067 2842 2407 2914 specialiter
2438 2843 2587 2898 facta
2624 2841 3410 2912 inamicissuperexeellunt,
3437 2855 3544 2897 nec
3561 2846 3708 2898 sunt

2067 2930 2409 3000 applicanda
2445 2931 2761 2986 servilibus
2792 2936 2852 2985 et
2903 2930 3039 2985 Adae
3090 2928 3439 3000 paupertati.
3500 2929 3703 2985 Dicam

2066 3018 2316 3087 interim,
2353 3018 2539 3075 dicam
2562 3018 2632 3074 de
2663 3033 2769 3087 me,
2802 3017 2935 3088 quia
2970 3032 3210 3087 pressus
3231 3016 3544 3072 sarcinulis
3573 3031 3710 3072 cor-

2065 3106 2353 3177 ruptionis
2369 3106 2457 3162 avi
2470 3112 2673 3175 tae,nec
2691 3105 2943 3161 radicem
2958 3103 3353 3173 earitatisejus
3372 3102 3707 3160 coelofixam

2064 3195 2320 3250 conabor
2342 3195 2650 3263 attingere,
2668 3207 2772 3248 nec
2796 3192 3030 3262 d‘gnum
3055 3208 3142 3249 me
3157 3191 3707 3262 fatebercorrigiam

2063 3281 2427 3338 calciamenti
2458 3282 2584 3349 ejus
2612 3280 2859 3338 solvere.
2879 3281 3098 3352 Sequar
3124 3287 3311 3337 tamen
3328 3279 3456 3349 ejus
3485 3294 3708 3351 praeco-

2063 3369 2254 3426 nando
2289 3370 2557 3439 vestigia,
2589 3370 2637 3425 si
2669 3384 2779 3440 qua
2808 3371 2960 3425 Deus
2990 3368 3318 3426 illuminato
3362 3383 3469 3425 suo
3524 3368 3701 3425 fuerit

2064 3458 2274 3530 dignus
2301 3458 2633 3514 ostendere.

2136 3549 2272 3603 Cum
2304 3560 2443 3616 ergo
2478 3546 2564 3601 vir
2621 3545 2719 3600 Dei
2739 3543 3230 3601 inenarrabilibus
3257 3547 3316 3601 et
3342 3542 3705 3616 supradictis

2064 3634 2189 3691 dies
2221 3633 2689 3691 suosvirtutibus
2711 3633 2863 3690 omni
2888 3633 3084 3689 studio
3110 3631 3453 3704 repleret,et
3474 3630 3704 3688 lucrum

2065 3725 2276 3781 bonum
2307 3721 2632 3779 detalentis
2647 3722 2756 3778 sibi
2781 3721 3110 3778 commissis
3130 3722 3279 3777 bono
3297 3720 3533 3776 Domino
3565 3718 3706 3775 Iide-

2062 3810 2197 3868 lite:
2214 3814 2618 3881 congregaret,
2654 3808 3342 3880 hospitalitatisoiﬂcium
3371 3808 3539 3878 juxta
3563 3821 3705 3878 apo-

2059 3900 2197 3955 stoli
2231 3904 2584 3970 prmeepLum
2615 3897 2907 3953 sollicitus
2930 3896 3484 3965 exiberet,contigit
3516 3896 3704 3952 semel

2063 3988 2174 4044 sibi
2205 3987 2481 4044 clericum
2539 3988 2916 4041 Fortunatam
2973 3984 3202 4039 nomine
3256 3984 3694 4054 supervenisse.

2063 4078 2257 4146 ΙΡΑῦιι
2282 4075 2442 4132 Hist.
2474 4075 2654 4144 Lang.
2679 4076 2834 4139 11,13;
2861 4073 3029 4128 Bsnr.
3063 4072 3311 4143 vr.]Cum
3342 4070 3496 4127 enim
3541 4075 3702 4127 esset

2062 4163 2210 4219 idem
2244 4164 2600 4218 Fortunatus
2630 4161 2687 4217 in
2712 4160 2968 4228 ltalia,in
2996 4160 3143 4216 urbe
3160 4158 3392 4215 scilicet
3407 4160 3701 4230 Ravenna,

2062 4257 2121 4308 et
2153 4252 2389 4307 nimium
2422 4249 2720 4306 oculorum
2757 4247 3017 4303 dolorem
3065 4250 3387 4318 pateretur,
3421 4246 3599 4303 venit.
3624 4246 3700 4302 ad

310 4335 651 4394 hensionem
681 4339 1060 4404 exteriorum,
1095 4340 1231 4409 quid
1265 4341 1336 4395 de
1368 4341 1410 4395 ir
1432 4341 1747 4397 terioribus
1779 4314 1948 4398 falcic-
1977 4314 2028 4373 Ῑ)
2060 4340 2347 4410 quoddam
2383 4336 2799 4393 monasterium
2828 4335 2885 4390 in
2915 4334 3117 4390 eadem
3176 4334 3320 4392 urbe
3361 4334 3519 4390 intra
3579 4347 3701 4390 mu-

312 4437 439 4479 mus
473 4424 496 4478 ?
526 4424 823 4489 Quomodo
872 4425 1067 4482 clausa
1105 4431 1165 4481 et
1217 4428 1561 4483 abscondita
1619 4428 1946 4500 penetrabi-

313 4525 442 4566 mus
470 4511 790 4568 “Nimirum
826 4512 949 4584 ipse
982 4513 1081 4569 Dei
1106 4528 1313 4571 servus
1362 4515 1417 4571 in
1464 4517 1571 4572 hoc
1622 4517 1864 4573 maxime
1887 4522 1948 4573 et

237 4640 259 4665 ,
311 4597 567 4655 sollicite
585 4599 824 4655 servivit
856 4602 990 4669 Deo,
1019 4602 1150 4671 quia
1180 4617 1381 4658 vocem
1436 4604 1564 4675 ejus
1606 4603 1944 4661 medullitus

309 4686 807 4757 obaudivit,quam
824 4689 1125 4758 evangelio
1140 4690 1545 4761 promulgante
1567 4691 1847 4763 percepit:
1863 4693 1949 4748 Tu

308 4774 516 4846 inquit,
549 4788 678 4833 cum
696 4777 980 4846 oraveris,
1005 4777 1174 4834 intra
1192 4780 1260 4835 in
1286 4778 1625 4836 cubiculum
1666 4778 1728 4836 σῖ
1745 4780 1948 4836 clauso

304 4863 456 4937 qstio
473 4878 580 4920 ora
604 4864 847 4920 Patrem
872 4864 1037 4921 tuum
1086 4866 1408 4936 (Matthxi,
1434 4870 1511 4940 6.)
1564 4866 1709 4934 Quid
1757 4868 1940 4938 igitur

308 4950 533 5019 mirum,
561 4951 891 5008 siarehana
923 4953 1050 5022 ejus
1101 4954 1408 5025 nequimus
1459 4969 1795 5025 agnoscere,
1850 4955 1947 5023 qui

306 5040 471 5093 extra
496 5040 705 5094 ostium
731 5040 1138 5111 compellimur
1167 5044 1509 5098 excubare?
1538 5043 1809 5100 Nimirum
1846 5042 1948 5101 de-

310 5124 571 5182 trimenti
587 5139 821 5183 causam
836 5127 1234 5199 deputabat,si
1253 5130 1339 5185 vel
1356 5131 1577 5187 amicus
1597 5136 1825 5188 secreta
1842 5145 1948 5187 sua

309 5217 715 5280 cognosceret.
749 5216 994 5285 Legerat
1027 5217 1322 5274 Ezechiam
1361 5232 1552 5289 regem
1585 5218 1642 5274 in
1696 5219 1805 5275 hoc
1836 5220 1946 5274 sibi

2057 4444 2152 4488 ros
2183 4429 2238 4484 iu
2262 4429 2477 4484 honore
2506 4429 2842 4482 sanctorum
2870 4422 3107 4479 Joannis
3131 4425 3191 4477 et
3246 4422 3408 4478 Pauli
3448 4421 3504 4477 in
3560 4434 3705 4491 qua-

2056 4517 2230 4574 etiam
2260 4516 2330 4549 ²¹⁹
2361 4513 2630 4571 altarium
2657 4511 2808 4567 beati
2832 4510 3474 4567 Martiniconstructum
3504 4507 3573 4541 ²²⁹
3593 4508 3698 4565 ho-

2058 4602 2605 4675 nore,propinquam
2635 4597 2704 4632 ²¹⁹
2736 4599 2985 4654 habebat
3021 4598 3336 4657 fenestram
3386 4597 3442 4652 in
3472 4595 3586 4667 Qua
3621 4594 3697 4629 ω

2058 4692 2292 4748 lucerna
2326 4694 2455 4746 erat
2485 4687 2812 4744 constituta
2836 4685 3000 4754 “ﬁco
3024 4685 3246 4741 nitante
3287 4698 3486 4742 secum
3550 4684 3696 4741 Feli-

2058 4795 2123 4835 ce
2153 4777 2220 4812 ²¹⁹
2246 4775 2520 4833 Tarvisias
2553 4774 2715 4830 urbis
2745 4773 3019 4845 episeopo
3047 4772 3135 4842 ³η,
3181 4773 3278 4843 qui
3340 4772 3467 4845 pari
3526 4771 3699 4829 modo

2059 4864 2361 4925 oculorum
2393 4863 2655 4919 dolorem
2686 4860 2756 4894 ἰθ
2786 4860 3143 4932 patiebatur;
3175 4865 3232 4915 et
3254 4859 3439 4917 visum
3471 4865 3560 4917 est
3589 4859 3701 4931 illi,

2061 4960 2123 5011 ut
2155 4953 2225 5008 de
2239 4952 2368 5008 oleo
2395 4948 2681 5020 lampadis
2705 4954 2841 5005 aute
2864 4946 3544 5005 altareardentisoculos
3558 4962 3701 5005 suos

2060 5041 2293 5097 linirent
2330 5039 2438 5095 sub
2471 5036 2700 5092 nomine
2731 5036 2917 5093 sancti
2947 5036 3195 5092 Martini.
3232 5035 3395 5103 Quod
3429 5041 3489 5091 ut
3533 5035 3695 5105 fecit,

2056 5128 2325 5201 protinus
2358 5124 2581 5182 meritis
2612 5124 2799 5194 ipsius
2827 5124 3131 5181 oculorum
3162 5128 3412 5194 uterque
3443 5121 3697 5181 salutem

2059 5215 2299 5287 recepit.
2336 5213 2444 5281 Qui
2467 5212 2722 5283 ﬂagrans
2746 5212 3040 5270 desiderio
3063 5210 3285 5269 visendi
3314 5210 3698 5282 sepulchrum

1660 5314 1896 5370 VABIAS
1938 5310 2338 5371 LECTIONES.

373 5404 441 5439 ἰο
470 5406 644 5465 etiam
676 5410 812 5481 alta,
843 5414 1145 5484 construe,
1177 5427 1329 5485 nam,
1360 5427 1396 5470 n
1429 5424 1560 5484 qua,
1596 5410 1743 5470 ituta
1774 5409 1904 5483 lice,
1939 5410 2239 5485 episcopo,
2276 5406 2534 5470 dolorem
2565 5404 2778 5467 dolata.
