3940 6048
182 234 302 298 129

1461 231 1960 301 CHRONIGON.
1994 274 2071 285 —
2103 236 2234 302 LIB
2265 241 2309 302 Ι.

3462 255 3577 318 130

179 365 370 424 sancti
401 364 653 437 Martini,
680 365 752 423 de
774 363 939 424 Italia
962 364 1121 423 venit
1144 366 1201 422 in
1226 365 1566 437 Galliam,et
1589 367 1825 424 fuititer
1852 368 1911 431 A
1939 369 2223 440 Dogmate
2270 368 2473 430 diuino
2489 373 2720 445 praesul
2729 372 3004 448 facunde
3039 377 3427 454 triumphans,

180 454 343 512 illius
370 469 475 526 per
504 454 844 512 Virdunum.
877 454 1055 521 Quem
1076 456 1522 527 episeopus,cui
1553 455 1640 512 lex
1658 469 1827 512 cano-

178 542 309 599 nica
335 543 510 612 jubet
540 558 740 599 omnes
769 543 1084 614 suscipere,
1122 544 1367 613 benigne
1410 545 1692 614 suscepit,
1728 544 1829 600 hu-

180 643 353 687 mane
383 630 647 699 servivit,
682 636 741 686 et
767 631 995 686 viscera
1028 644 1206 702 super
1233 646 1363 687 eum
1394 632 1583 687 totius
1615 631 1830 687 sancti-

177 718 326 774 tatis
339 722 403 773 et
419 717 662 789 pietatis
675 718 1220 788 proconsuetudine
1234 733 1338 775 sua
1356 720 1500 775 bona
1529 718 1823 789 patefecit.

177 808 253 862 At
284 806 387 861 ille
418 805 945 862 remunerationem
969 806 1235 875 cogitans
1264 822 1366 877 pro
1393 807 1680 863 servitute
1703 819 1829 861 sus-

178 900 523 964 eepta,cum
539 898 679 949 voto
698 893 1184 966 expleto.(Bsnr.)
1203 894 1480 950 Pictavim
1505 894 1738 950 rediens
1753 892 1829 948 ibi

178 980 497 1050 habitaret,
533 986 919 1038 consecratus
970 982 1024 1037 in
1073 982 1488 1052 presbiterum,
1522 987 1582 1037 et
1612 985 1746 1052 post
1776 980 1829 1035 in

182 1067 447 1136 ejusdem
499 1069 664 1124 urbis
709 1069 1074 1140 episeOpum,
1130 1074 1189 1124 et
1237 1073 1392 1124 esset
1443 1069 1654 1127 doctus
1707 1073 1832 1123 arte

179 1155 589 1225 grammatica,
619 1157 947 1228 composuit
981 1157 1059 1212 ibi
1090 1171 1322 1212 carmen
1356 1158 1410 1211 in
1443 1156 1614 1213 laude
1647 1156 1833 1227 ipsius

182 1243 546 1299 hexametris
605 1250 904 1314 comptum
964 1249 1022 1301 et
1085 1244 1467 1315 pentametris
1538 1244 1827 1313 versibus,

181 1345 334 1401 quos
364 1331 456 1388 hic
488 1331 843 1402 subiungere
873 1347 1066 1403 operas
1110 1332 1370 1403 precium
1422 1332 1713 1389 duximus.
1750 1332 1831 1387 ita

179 1431 324 1487 ergo
352 1433 584 1476 carmen
620 1419 676 1474 id
711 1419 928 1475 dicitur
960 1438 975 1474 :

257 1519 414 1578 Urbs
446 1520 734 1587 Virduna,
754 1519 945 1578 brecis
956 1535 1173 1591 quame
1182 1520 1234 1577 is
1255 1521 1572 1578 elaudaris
1592 1521 1657 1577 in
1678 1519 1829 1587 orbe,

254 1607 575 1679 Pontiﬁcis
606 1608 838 1665 meritis
867 1608 1242 1680 amplificata
1257 1608 1481 1680 places.

180 1694 391 1767 Major
418 1696 486 1752 in
515 1696 767 1767 angusto
784 1697 1122 1769 prafulget
1138 1697 1350 1767 gratia
1369 1710 1542 1768 ggro,

251 1785 527 1854 Agerice,
560 1785 716 1853 tuus,
750 1776 931 1856 quam
959 1786 1157 1854 magis
1186 1785 1370 1841 audit
1392 1786 1592 1842 honor.

186 1871 473 1929 Plan-ima
499 1885 861 1942 magnarum
875 1872 1114 1944 fudisti
1143 1871 1373 1929 semina
1408 1872 1671 1941 laudum,

256 1960 401 2025 Quae
426 1961 672 2016 matura
701 1974 871 2033 apere
884 1961 1224 2033 fertilitate
1250 1962 1449 2019 metes.

189 2048 467 2119 Tempore
483 2051 779 2121 presenti
805 2051 1026 2107 victum
1048 2050 1300 2119 largiris
1329 2050 1547 2120 egenis.

255 2135 426 2192 Unde
436 2137 672 2208 futura
703 2137 830 2194 dies
869 2136 1303 2206 centuplicabit
1328 2150 1480 2207 opes.

180 2226 499 2294 Damnatis
526 2225 782 2281 archani
804 2238 1037 2281 reseras
1058 2225 1405 2295 penetralia
1430 2224 1645 2298 pastor
1674 2244 1693 2279 .-

252 2314 390 2369 Non
414 2313 609 2369 solum
639 2313 910 2384 dapibus,
932 2313 1142 2384 pascis
1169 2313 1227 2369 et
1267 2327 1367 2369 ore
1390 2326 1617 2384 greges.

190 2401 431 2473 Templa
456 2402 691 2459 vetusta
714 2415 917 2471 novas,
944 2401 1275 2471 preciosius
1305 2403 1359 2456 et
1409 2416 1561 2457 nova
1608 2399 1832 2470 condis,

257 2488 506 2547 Culcior
535 2490 630 2547 est
651 2491 894 2547 Domini
925 2490 979 2545 te
993 2489 1347 2561 famulante
1376 2488 1597 2546 domus.

189 2578 485 2648 Egregios
498 2578 709 2648 fontes
733 2578 896 2635 sacri
927 2576 1310 2649 baptismatis
1342 2578 1559 2648 exples,

266 2665 413 2721 Tam
428 2666 548 2737 pia
579 2665 781 2722 dicina
794 2664 973 2738 fonte
998 2665 1261 2736 repletus
1292 2667 1449 2735 agis.
1548 2698 1569 2716 ι

195 2752 480 2810 Candida
508 2752 739 2811 sincero
764 2753 979 2811 radiat
1001 2753 1101 2810 nec
1146 2753 1295 2809 aula
1343 2766 1547 2809 sereno
1574 2770 1594 2807 .-

255 2841 346 2896 Bt
365 2842 423 2897 si
451 2841 543 2898 sol
546 2841 790 2913 fugiat,
820 2841 919 2898 hic
943 2840 1150 2897 manet
1166 2840 1306 2897 arta
1329 2840 1473 2897 dies.

189 2927 284 2984 Ad
304 2940 455 2985 noua
488 2928 707 2999 templa
734 2929 911 2986 aeide
937 2928 1303 2985 concurrunt
1323 2927 1593 2999 undique
1609 2925 1831 3000 plebes,

257 3016 347 3073 Et
370 3015 595 3074 tribuis
614 3016 860 3088 populis
877 3018 1025 3088 plus
1055 3017 1123 3072 in
1146 3030 1341 3071 amore
1380 3018 1583 3071 Deum.

194 3103 271 3159 Te
294 3103 566 3161 solamen
585 3105 756 3175 inops
782 3104 1018 3173 meruit,
1047 3104 1101 3159 te
1128 3103 1324 3161 nudus
1355 3104 1654 3161 amictum.

259 3191 349 3247 Et
374 3190 538 3248 solus
567 3192 801 3249 cunctis
819 3193 1002 3264 potus
1047 3192 1107 3247 et
1143 3205 1277 3248 esca
1304 3204 1527 3248 manes.

193 3277 393 3348 Felix,
418 3279 528 3351 qui
551 3279 790 3336 meritis
835 3280 1065 3336 (eterna
1112 3279 1265 3337 lucis
1300 3280 1554 3349 amator,

267 3367 547 3438 Tempora
564 3368 704 3439 jam
728 3367 955 3424 modico
989 3381 1106 3423 non
1149 3367 1447 3423 mor-tura
1480 3380 1694 3438 paras.

190 3452 432 3511 Pkebus
460 3455 531 3511 ut
547 3455 771 3511 elatum
790 3454 1104 3526 suspendit
1123 3456 1189 3511 in
1212 3455 1415 3511 ethera
1438 3468 1695 3524 cursum,

258 3543 468 3597 Purus
494 3543 554 3598 et
572 3542 912 3615 igni/erum
950 3543 1194 3612 spargit
1219 3542 1441 3611 ubique
1458 3541 1649 3610 jubar
1678 3560 1699 3596 :

186 3628 431 3701 Ejusis
474 3630 674 3687 radiis
708 3630 892 3685 totum
920 3629 1040 3687 sibi
1069 3630 1353 3686 cendicat
1378 3628 1589 3698 orbem,

263 3716 524 3789 (Fol.48‘)
539 3716 785 3783 Montes,
790 3717 988 3787 plana
1005 3717 1263 3787 replens,
1276 3719 1401 3772 ima
1414 3718 1509 3773 vel
1516 3716 1648 3773 alta
1670 3715 1840 3772 tenet.

190 3803 309 3862 .S'ic
326 3803 557 3875 pmsul
580 3804 894 3876 splendore
929 3804 1123 3860 animi
1157 3817 1290 3859 cum
1331 3804 1452 3860 sole
1503 3804 1840 3872 ekoruscas,

265 3891 390 3949 Ille
415 3890 545 3948 suis
570 3890 774 3948 radiis
788 3891 1017 3962 fulget,
1048 3892 1103 3946 et
1148 3891 1278 3960 ipse
1308 3890 1448 3960 tuis,

196 3978 454 4049 Ager-tce
475 3991 663 4047 sacer,
706 3979 881 4049 cujus
905 3991 1170 4034 sermone
1196 3977 1419 4034 colente

268 4065 554 4123 Ecclesia
578 4066 803 4135 segetes
813 4065 1153 4137 fertilitate
1184 4063 1450 4135 placent,

204 4151 482 4211 Ter-renis
507 4152 739 4210 sterilis
761 4152 957 4221 rebus,
973 4151 1236 4224 fecunde
1262 4149 1558 4221 supernis,

270 4239 507 4298 Cuncta
532 4239 762 4296 caduca
786 4252 1033 4311 negans,
1061 4238 1226 4296 dices
1268 4238 1429 4293 ituro
1452 4238 1629 4308 polis.

198 4325 515 4384 Illecebris
537 4327 814 4396 mundus,
844 4326 1060 4383 mundi
1090 4324 1322 4383 lascica
1362 4326 1673 4395 repellens,

271 4412 393 4473 Nil
416 4414 515 4471 cui
539 4414 1069 4485 subripuitearnis
1098 4426 1345 4469 amarus
1372 4425 1555 4468 amor.

194 4500 461 4559 Lubrica
479 4502 657 4572 culpa
664 4499 847 4572 perit,
864 4513 1054 4572 neque
1067 4513 1225 4557 mors
1248 4500 1318 4555 de
1338 4500 1588 4557 crimine
1598 4497 1841 4571 gaudet,

274 4588 430 4646 Cum
456 4589 561 4645 tua
590 4588 821 4645 delictis
851 4587 1042 4645 libera
1082 4586 1329 4643 menbra
1372 4588 1556 4645 rides.

198 4674 282 4733 In
306 4676 545 4747 templis
564 4674 893 4732 Labitando
916 4676 1044 4746 piis
1070 4676 1161 4732 sic
1176 4688 1374 4746 purus
1403 4675 1665 4745 tiaberis,

277 4762 367 4819 Ut
387 4764 493 4820 tua
518 4762 715 4831 corda,
736 4763 935 4833 pater,
965 4762 1093 4819 sint
1111 4763 1221 4832 pia
1253 4763 1471 4832 templa
1500 4765 1630 4819 Dei.

194 4851 413 4921 Eligit
437 4850 506 4906 in
537 4850 650 4907 tali
677 4863 742 4906 se
770 4850 1053 4909 L'Itristus
1091 4863 1233 4905 case
1256 4850 1531 4916 recondi;

276 4940 475 5005 Quam
498 4936 619 4994 sibi
634 4937 946 5009 purgavit,
964 4935 1236 5007 possidet
1283 4938 1407 5006 ipse
1449 4936 1699 4992 domum.

200 5026 347 5085 Non
373 5024 546 5082 dolus
570 5025 638 5081 in
666 5022 789 5080 labi
818 5035 868 5092 s,
897 5035 1014 5079 non
1038 5023 1183 5079 sunt
1194 5022 1345 5094 fera
1372 5023 1585 5080 nubila
1608 5023 1846 5093 mentis,

269 5113 555 5171 Sinceris
573 5110 797 5167 animis
824 5110 1042 5166 cernat
1060 5110 1127 5165 in
1153 5122 1256 5166 ore
1282 5109 1427 5166 dies.

196 5199 630 5270 Doctiloquum
643 5198 878 5270 ﬂumen
903 5197 1152 5254 salienti
1163 5196 1343 5269 fonte
1374 5195 1678 5270 refundis,

272 5287 367 5346 Et
383 5298 598 5344 sensus
617 5285 854 5343 steriles
881 5297 1017 5343 race
1039 5284 1283 5355 rigante
1296 5284 1492 5357 foves.

197 5371 419 5433 Ardua
448 5373 726 5431 calorum
741 5371 973 5445 pandis
1021 5371 1298 5430 misleria
1339 5372 1537 5444 terris,

274 5460 402 5522 Per
425 5458 759 5533 amplus
780 5457 1101 5520 Dominum
1116 5458 1252 5530 scit,
1277 5458 1464 5530 tinxi,
1484 5460 1639 5532 orat,
1664 5462 1849 5523 amat.

1869 3065 1918 3125 Ο

2008 460 2134 517 Das
2151 462 2365 531 pastor
2399 463 2646 520 monitis
2670 478 2745 520 ne
2779 464 3020 535 premat
3058 480 3222 522 error
3277 483 3421 527 ores.

1935 546 2189 605 Deliciis
2205 550 2425 619 reﬁcis,
2450 566 2604 623 quas
2626 554 2831 620 celum,
2858 567 3029 624 arca,
3054 556 3216 611 unda
3236 558 3567 629 ministrat,

2007 635 2092 690 Et
2111 636 2312 692 sociat
2324 641 2574 708 pepuv’os
2605 638 2746 697 hinc
2773 640 2957 709 cibus,
2991 642 3128 698 inde
3155 644 3330 715 fides.

1934 723 2147 778 Sumit
2154 739 2391 796 pauper
2416 740 2594 797 opem,
2623 729 2819 785 tristis
2844 742 3022 801 spem,
3049 732 3246 788 nudus
3267 735 3569 802 amictum,

2012 811 2223 867 Omnia
2251 813 2555 885 quidquid
2580 815 2763 872 habes
2789 817 3058 875 omnibus
3098 834 3221 876 esse
3232 821 3425 892 facis.

1939 899 2060 954 Hie
2091 900 2121 954 t.
2142 898 2199 953 bi
2239 900 2416 971 longa
2460 903 2630 959 salus
2666 906 2926 973 maneat,
2962 907 3105 962 licet
3137 907 3279 964 inde
3303 910 3570 980 futura:
3621 928 3632 938 ·

2012 987 2203 1059 Atque
2233 987 2340 1044 diu
2353 991 2565 1060 pastor
2579 1006 2694 1062 pro
2717 1005 2898 1062 grege
2925 995 3061 1050 eota
3073 996 3307 1066 ferens.

2014 1166 2152 1220 Cum
2186 1164 2364 1234 igitur
2396 1167 2807 1237 prolongatum
2857 1170 2993 1225 vitae
3040 1171 3213 1240 hujus
3262 1174 3577 1231 incolatum

1945 1258 2188 1307 mortem
2222 1253 2652 1309 delectabiliter
2679 1261 2993 1326 expectans
3027 1257 3122 1314 diu
3156 1261 3580 1330 patientissime

1943 1340 2307 1410 pertulisset,
2326 1346 2381 1395 et
2408 1341 2635 1411 pondus
2667 1342 2998 1413 impositum
3029 1346 3139 1401 diei
3172 1354 3232 1402 et
3262 1356 3444 1404 aestus
3478 1364 3579 1421 spe

1944 1428 2187 1485 salutari
2205 1429 2649 1498 infatigabiliter
2666 1433 3056 1503 deportasset,
3074 1440 3130 1489 et
3155 1434 3424 1493 lacrimas
3444 1453 3582 1507 quo-

1946 1530 2055 1585 que
2086 1517 2410 1572 crescentis
2432 1518 2648 1573 cotidie
2672 1519 2945 1575 desiderii
2971 1536 3149 1591 panes
3174 1524 3424 1591 bonaeque
3450 1524 3580 1581 lotae

1943 1605 2368 1660 consolationis
2393 1605 2713 1676 habuisset,
2732 1608 2935 1663 videns
2960 1609 3225 1664 inimicos
3248 1626 3384 1668 suos
3405 1613 3585 1668 victo-

1862 1718 1918 1779 B
1950 1692 2030 1748 ria
2066 1693 2339 1748 vitiorum
2375 1694 2693 1749 seabellum
2743 1694 2953 1764 pedum
3005 1711 3261 1762 suorum,
3291 1700 3585 1769 gaudebat

1946 1781 2132 1837 anima
2166 1783 2292 1851 ejus
2324 1781 2377 1835 in
2412 1782 2671 1849 Domino,
2697 1787 2751 1837 et
2777 1784 3078 1839 exultabat
3112 1786 3357 1856 spiritus
3381 1787 3506 1858 ejus
3529 1787 3585 1843 in

1945 1870 2062 1924 Deo
2093 1868 2337 1925 salutari
2370 1884 2495 1924 suo.
2531 1870 2767 1925 Vincula
2820 1876 3065 1928 terrenae
3112 1874 3278 1930 molis
3326 1874 3587 1939 graxiter

1947 1956 2259 2026 tolerabat,
2276 1964 2335 2012 et
2355 1962 2572 2027 quanto
2592 1958 2814 2014 viribus
2837 1960 3103 2030 corporis
3126 1960 3581 2035 destituebatur,

1945 2049 2109 2100 tanto
2141 2045 2322 2114 magis
2349 2045 2679 2100 libertatem
2706 2047 3049 2116 promissam
3073 2050 3320 2119 amplius
3343 2049 3584 2106 siti.bat

1945 2147 2071 2188 cum
2103 2132 2371 2203 apostolo
2401 2133 2601 2188 dicens
2636 2153 2647 2186 :
2686 2135 2871 2205 Cupio
2902 2136 3168 2206 dissolvi,
3203 2138 3263 2193 et
3296 2152 3418 2195 esse
3455 2153 3587 2196 cum

1948 2220 2185 2277 Christo
2225 2220 2408 2276 multo
2437 2224 2635 2292 magis
2660 2224 2875 2280 melius
2905 2225 3249 2297 (Philippi,
3279 2233 3391 2293 23).
3421 2225 3584 2292 Quod

1944 2323 2050 2379 per
2077 2309 2375 2379 speculum
2408 2309 2460 2364 in
2494 2311 2781 2379 enigmate
2816 2313 2931 2381 jam
2982 2328 3155 2368 senex
3188 2327 3256 2369 ac
3286 2314 3583 2370 lassaban-

1945 2396 2054 2452 dus
2076 2398 2333 2465 tenebat,
2354 2398 2460 2452 hoc
2486 2398 2683 2453 videre
2706 2398 2946 2454 ardebat
2973 2413 3075 2469 per
3099 2402 3372 2471 Speciem.
3396 2404 3588 2457 Bonus

1945 2489 2136 2540 autem
2162 2484 2435 2539 Dominus
2459 2486 2664 2540 messis
2686 2485 2991 2541 diﬂ'erebat
3016 2488 3424 2557 suecisiouem,
3450 2488 3585 2559 quia

1945 2577 2333 2642 opportunam
2369 2573 3472 2644 noveratetdisponebatmaturitatem.
3496 2577 3586 2631 Vi-

1944 2659 2253 2715 derateum
2276 2659 2662 2731 ct‘adjuVerat
2686 2662 2739 2715 in
2768 2664 2872 2717 bac
2897 2662 3081 2717 hieme
3106 2676 3311 2733 aspera
3340 2664 3587 2734 pernici-

1944 2751 2033 2803 ter
2046 2747 2597 2814 desudasse,ventos
2614 2750 3078 2819 temptationem,
3093 2752 3329 2820 pruinas
3344 2752 3583 2808 tribula-

1943 2836 2185 2903 tionum,
2213 2836 2550 2892 adustiones
2564 2837 2926 2907 voluptatum
2952 2852 3286 2908 superasse,
3306 2846 3365 2894 et
3388 2840 3581 2909 provi-

1945 2922 2055 2978 dus
2086 2930 2418 2979 sanetarum
2453 2924 2733 2980 virtutum
2757 2926 3012 2995 agricola
3040 2929 3287 2981 fructum
3311 2926 3589 2998 multipli-

1947 3026 2069 3068 cem
2096 3018 2268 3068 terraa
2296 3014 2459 3067 bonae
2485 3012 2789 3067 diﬂ‘ereliat
2824 3015 3148 3083 succidere,
3170 3015 3587 3084 plenitudinem

1949 3100 2461 3169 ejusaceumulans
2490 3100 2542 3153 in
2566 3101 2866 3171 patientia.
2893 3101 3592 3171 Appropinquavitigitur

1949 3202 2193 3258 vespera
2228 3188 2450 3257 mortis,
2474 3194 2534 3242 et
2565 3190 2849 3263 gaudens,
2894 3204 2959 3243 ac
2994 3190 3428 3259 praeteritorum
3454 3202 3591 3258 quo-

1952 3275 2256 3331 dammodo
2270 3276 2590 3345 immemor,
2610 3277 2661 3329 in
2687 3276 2978 3330 anteriora
2996 3292 3057 3330 se
3073 3276 3424 3330 extendebat
3449 3289 3593 3347 prae-

1953 3374 2172 3434 parata:
2190 3362 2550 3433 pausationis
2574 3365 2871 3419 denarium
2895 3378 2925 3418 a
2966 3369 3128 3435 patre
3156 3364 3401 3417 familias
3422 3378 3589 3433 repo-

1953 3464 2123 3507 scens
2147 3456 2331 3520 pactas
2356 3466 2421 3505 ac
2446 3451 2543 3505 diu
2565 3458 2890 3522 expectata;
2917 3452 3219 3506 mercedis.
3243 3454 3360 3507 Non
3388 3451 3591 3506 fefellit

1952 3551 2082 3593 eum
2108 3537 2227 3606 (fol.
2256 3542 2367 3610 49.)
2397 3538 2519 3608 spei
2550 3553 2761 3595 ancora
2789 3540 3059 3595 omnibus
3094 3540 3255 3594 firma
3287 3539 3586 3611 periculis,

1954 3630 2011 3679 et
2044 3626 2259 3681 veritas
2291 3626 2359 3681 de
2390 3628 2791 3697 promissionis
2827 3629 3164 3683 umbraculo
3216 3626 3505 3698 processit
3535 3627 3591 3681 in

1954 3711 2161 3768 lucem.
2198 3715 2407 3769 Tactus
2438 3716 2588 3769 enim
2637 3715 2997 3784 digladiabili
3050 3721 3207 3770 sorte
3257 3722 3499 3782 naturae,
3536 3717 3597 3769 et

1956 3806 2150 3857 sciens
2182 3802 2292 3857 sibi
2324 3803 2629 3858 discidium
2660 3805 2927 3874 corporis
2949 3809 3008 3859 et
3031 3805 3235 3859 animae
3259 3801 3594 3874 superveni-

1956 3903 2039 3957 re,
2067 3890 2366 3945 eonfidens
2390 3891 2443 3944 in
2465 3893 2598 3960 Deo,
2617 3892 2712 3961 qui
2739 3896 2931 3962 potest
2952 3897 3011 3946 et
3030 3893 3274 3946 animam
3300 3899 3355 3946 et
3378 3903 3595 3961 corpus

1954 3978 2201 4047 perdere
2225 3982 2282 4031 et
2304 3979 2552 4047 salvare,
2579 3980 2884 4034 convocari
2906 3980 3083 4048 jussit
3107 3994 3308 4033 omnes
3332 3977 3596 4034 ecclesiae

1956 4077 2076 4118 sua:
2115 4063 2261 4118 ﬁlios
2290 4070 2349 4119 et
2369 4065 2422 4119 in
2446 4066 2727 4121 wcclesite
2749 4066 3037 4135 meliores,
3063 4072 3122 4121 et
3144 4072 3422 4121 consueta
3445 4064 3597 4120 salu-

1955 4149 2034 4204 tis
2048 4149 2393 4205 documenta
2412 4152 2718 4220 replicans,
2739 4167 2916 4221 seque
2940 4154 3053 4208 illis
3068 4154 3499 4220 commendans,
3518 4151 3591 4207 ad

1955 4235 2220 4292 ultimum
2247 4234 2321 4290 ait
2357 4237 2549 4292 futura
2582 4241 3005 4308 pronuntians:
3035 4240 3299 4296 Sabbato
3326 4240 3596 4308 uenturo,

1956 4324 2076 4388 filii
2090 4324 3205 4398 karissimi,mdgnamscitote/uiarum
3217 4327 3597 4383 serenitatem

1871 4404 1927 4465 D
1956 4412 2542 4470 coeliSerenissi/nus
2555 4417 2709 4470 enim
2721 4414 2956 4471 sabbati
2968 4416 3257 4471 Dominus
3268 4416 3420 4471 milii
3434 4426 3601 4470 seruo

1954 4513 2060 4558 suo
2069 4500 2247 4571 ﬁdeli
2272 4500 2765 4558 dabitsabbatum
2783 4503 3196 4574 requietionis,
3223 4505 3281 4557 et
3300 4503 3601 4573 pertesum

1957 4586 2157 4643 labore
2175 4601 2282 4644 sea:
2300 4588 2531 4644 dierum
2551 4590 2662 4659 liuj
2668 4604 2734 4645 us
2752 4591 2958 4660 seculi,
2987 4590 3051 4647 in
3070 4590 3323 4661 septima
3354 4589 3483 4645 sine
3509 4599 3602 4643 oe-

1954 4688 2130 4747 spera
2152 4676 2311 4731 omni
2334 4675 2533 4731 labore
2547 4677 2798 4733 liberum
2816 4678 3264 4748 transportabit.
3283 4678 3473 4732 Terrae
3487 4675 3602 4744 igi-

1958 4763 2059 4819 tru
2089 4761 2290 4832 matri,
2324 4764 2482 4833 quad
2498 4779 2671 4820 suum
2694 4766 2783 4821 est
2798 4766 2906 4820 red
2923 4767 3061 4833 lite;
3081 4779 3220 4820 nam
3249 4765 3425 4830 Deus,
3473 4762 3605 4818 cita

1955 4852 2274 4921 mea,recip
2305 4852 2375 4917 et,
2384 4852 2544 4923 quod
2556 4853 2880 4923 inspiravit
2889 4854 2955 4909 in
2951 4854 3186 4925 faciem
3196 4863 3387 4906 meam
3408 4834 3603 4920 spina:

1958 4940 2153 4995 culum
2166 4940 2321 4995 oitee.
2346 4941 2447 4995 Vos
2459 4940 2637 4995 etiam
2650 4940 3011 5013 obs:cro,fra
3021 4940 3500 5007 tres,etnunepro
3510 4948 3607 4991 co-

1960 5024 2050 5081 bis
2062 5025 2386 5094 sollicitus,
2407 5027 2476 5081 ut
2493 5041 2819 5098 numquam
2836 5043 2873 5083 ιι
2898 5028 3183 5081 memoria
3219 5025 3423 5081 uestra
3453 5037 3606 5081 rece-

1960 5112 2433 5183 dat,quisemper
2447 5113 2732 5183 etubique
2743 5114 3038 5169 vobiscum
3058 5116 3163 5181 est,
3189 5103 3495 5168 Dominus.
3518 5111 3606 5167 Di-

1958 5202 2130 5257 cebat
2156 5200 2275 5257 haac
2297 5202 2526 5271 aliaque
2550 5200 2856 5270 similia,ct
2881 5199 3045 5270 quasi
3070 5199 3139 5255 ad
3164 5203 3380 5272 pascha
3408 5214 3606 5271 super-

1960 5293 2269 5345 venturum
2297 5303 2357 5346 se
2374 5303 2730 5360 praeparans,
2749 5288 2954 5343 sordes
2976 5292 3036 5343 et
3058 5288 3327 5358 contagia
3347 5288 3605 5345 circuns-

1959 5376 2738 5447 tantiumatquelugentium
2762 5389 2929 5433 sacra
2953 5381 3013 5432 et
3034 5376 3373 5434 multimoda
3396 5389 3608 5432 ammo-

1965 5464 2192 5523 nitione
2212 5463 2647 5534 eluebat;uunc
2666 5463 2739 5524 de
2759 5463 2854 5523 his
2874 5479 3006 5538 quae
3028 5464 3420 5539 relinquebat,
3433 5465 3611 5522 eastl—
