3936 6050
244 118 249 122 ’
305 155 416 220 131

1251 134 1620 213 HUGONIS
1660 140 2015 210 ABBATIS
2054 124 2733 207 FLAVINIAGENSIS

3574 127 3692 201 132

300 291 490 368 gando
520 256 827 351 retrahens
844 302 995 347 nunc
1016 282 1086 346 ad
1114 302 1180 346 ea
1210 284 1282 343 ad
1306 302 1435 359 quae
1462 283 1940 355 transmigrabat,
1971 279 2026 339 A
2057 278 2220 368 solus
2252 276 2573 336 derelictus
2602 273 3268 368 est.Hune_I_1ade_lulfus
3298 248 3697 333 Silvanecten-

304 380 639 453 instigando
658 378 983 450 impellens.
1003 376 1175 433 Venit
1197 377 1349 447 quod
1372 375 1722 446 praedixerat
1741 372 1945 428 sabba-

304 476 447 542 tum,
472 473 531 526 et
560 482 697 526 ecce
728 471 969 537 repente
1001 466 1057 520 in
1090 464 1237 521 cella
1264 464 1360 520 ubi
1387 477 1525 533 eger
1550 459 1945 528 recumbebat,

307 558 546 617 auditur
586 554 931 626 frequentia,
967 553 1282 610 audiuntur
1325 565 1517 620 voces,
1554 563 1699 620 quas
1750 546 1946 614 lingua

308 647 539 704 edicere
570 658 674 701 nec
704 657 815 700 vox
847 644 1044 712 potest
1075 653 1345 696 resonare
1376 635 1722 693 mortalium.
1752 635 1950 690 Cesse-

312 738 448 791 runt
478 732 752 801 lacrimas,
787 732 996 799 stupor
1026 732 1085 783 et
1112 727 1331 783 extasis
1358 739 1558 781 omnes
1589 722 1823 791 invasit,
1850 720 1950 776 mi-

312 821 511 879 raculo
538 824 594 879 et
627 823 851 875 terrore
888 829 1088 872 omnes
1116 819 1359 870 tenuere
1389 811 1704 869 silentium.
1741 809 1950 865 Audie-

312 910 527 966 bantur
553 906 806 965 carmina
829 918 1066 961 sexuum
1089 902 1432 959 diversitate
1454 901 1706 963 diversa.
1722 912 1828 953 nec
1852 896 1949 967 qui

312 1001 510 1055 essent
538 999 831 1059 cantores,
864 990 1228 1062 corpulentia
1274 989 1587 1045 tenebrosa
1634 991 1695 1042 et
1728 984 1950 1053 fragilis

312 1086 512 1142 videre
540 1080 911 1154 praevalebat.
941 1081 1055 1134 lloc
1078 1077 1356 1148 tripudio,
1381 1077 1487 1131 hac
1510 1073 1835 1144 simphonia
1856 1071 1954 1128 las-

316 1172 460 1229 titiaa
491 1171 646 1226 inter
677 1180 1062 1239 supernorum
1092 1165 1305 1221 civium
1351 1162 1763 1229 exultationes,
1800 1161 1953 1215 inter

314 1273 517 1315 manus
545 1261 878 1313 sanctorum
911 1252 1249 1323 angelorum
1303 1248 1623 1306 dulcissimi
1660 1246 1953 1318 pontificis

315 1346 500 1405 anima
529 1345 600 1401 de
623 1341 993 1413 corruptibili
1018 1353 1254 1396 carcere
1276 1341 1563 1407 exempta,
1584 1335 1765 1391 veluti
1788 1335 1953 1389 nivea

314 1435 584 1491 columba
616 1431 845 1489 cunctis
872 1428 1208 1485 videntibus
1228 1425 1503 1493 evolavit,
1534 1437 1777 1494 quorum
1801 1424 1953 1479 Deus

315 1522 538 1592 oculos,
572 1524 633 1577 ut
663 1517 859 1574 videre
906 1519 1291 1583 mererentur,
1326 1513 1577 1583 aperuit.
1610 1511 1692 1566 lbi
1725 1509 1862 1566 felix
1893 1514 1949 1565 et

2057 367 2139 423 sis
2169 368 2481 438 episcopus
2510 371 2686 423 noctu
2718 365 3011 436 sepelivit.
3035 364 3191 421 Obiit
3216 380 3268 422 a.
3293 367 3415 432 588,
3448 378 3693 420 anno....

2057 453 2413 511 Childeherti
2457 453 2558 509 filii
2600 453 2907 524 Sigeberti.

2133 542 2422 614 [Fanni-16.]
2456 545 2619 598 Anno
2651 542 2830 611 igitur
2851 541 2924 597 ab
2948 541 3059 597 inc.
3087 541 3225 597 Dom
3270 544 3392 611 593,
3416 545 3701 611 regnante

2058 632 2436 700 Guntramno,
2469 644 2618 685 anno
2652 630 2812 699 regni
2848 629 2935 686 sui
2975 632 3066 695 25,
3098 629 3224 699 ipse
3265 628 3511 684 domnus
3549 628 3705 684 Gun-

2056 722 2322 774 tramnus
2350 734 2453 777 rex
2483 717 2794 774 ecclesiam
2835 716 2893 772 in
2925 716 3208 772 suburbio
3241 715 3611 771 Cabilononsi
3645 715 3702 770 in

2058 806 2275 862 honore
2303 806 2488 862 sancti
2520 804 2776 861 Marcelli
2809 803 3327 873 aedificavit,quam
3366 804 3543 860 rebus
3576 801 3705 874 plu-

2061 894 2224 950 rimis
2258 894 2487 963 ditavit,
2518 898 2576 948 et
2603 905 2968 962 congregans
2999 890 3279 962 synodum
3313 890 3705 961 quadraginta

2061 982 2485 1053 episcoporum,
2538 980 2850 1037 monachos
2885 979 3026 1035 inibi
3058 993 3192 1035 esse
3226 978 3490 1034 decrevit
3520 976 3589 1033 ad
3623 978 3707 1032 in-

2062 1074 2185 1125 star
2213 1069 2549 1126 monasterii
2586 1067 2967 1139 Agaunensis.
3005 1069 3259 1138 Cumque
3308 1066 3362 1123 ei
3413 1064 3705 1138 perlatum

2064 1157 2289 1227 ﬁxisset,
2326 1157 2479 1228 quod
2513 1157 2695 1212 frater
2726 1171 2867 1213 suus
2925 1155 3328 1226 Chilperichus
3361 1154 3710 1213 interfectus

2066 1245 2293 1316 fuisset,
2314 1245 2456 1301 abiit
2478 1245 2759 1314 Parisius,
2783 1244 3141 1315 baptizatum
3166 1241 3344 1299 ﬁlium
3371 1241 3705 1313 Chilperici,

2064 1334 2293 1389 nomine
2326 1332 2702 1403 Clotharium,
2739 1333 2864 1403 ipse
2915 1330 2985 1387 de
3034 1332 3193 1387 fonte
3241 1330 3521 1401 suscepit,
3555 1335 3615 1385 et
3650 1329 3710 1385 in

2065 1437 2241 1492 regna
2274 1422 2460 1494 patris
2499 1422 2831 1479 constituit.

2136 1514 2299 1566 Anno
2328 1513 2398 1565 26
2429 1510 2592 1579 regni
2647 1510 2795 1580 ejus,
2832 1508 2987 1565 filius
3034 1508 3293 1565 nascitur
3331 1505 3712 1563 Childeherto

318 1612 489 1667 beata
519 1608 705 1664 anima
734 1604 877 1661 illud
903 1618 1078 1660 unum
1101 1601 1255 1672 quod
1276 1602 1329 1656 in
1354 1599 1657 1668 evangelio
1687 1598 1953 1653 Salvator
1981 1616 2036 1678 Β
2064 1599 2522 1667 Theodebertus,
2553 1602 2610 1654 et
2640 1612 2789 1656 anno
2821 1597 3087 1668 sequenti
3120 1594 3526 1652 Theodericus.
3559 1595 3714 1652 Gun-

316 1697 486 1753 docet
510 1692 923 1761 necessarium,
948 1692 1021 1746 ab
1044 1690 1244 1746 eodem
1268 1688 1505 1743 Domino
1532 1686 1866 1757 perenniter
1895 1689 1953 1739 et

320 1783 571 1842 feliciter
601 1781 828 1852 recipit.
867 1778 1063 1849 (Gaza.
1099 1779 1252 1845 Tur.,
1286 1790 1361 1844 ix,
1395 1777 1510 1845 23.)
1564 1773 1717 1829 Obiit
1765 1777 1955 1829 autem

319 1886 427 1945 pro
450 1870 587 1940 illis,
604 1874 669 1926 ut
691 1880 868 1939 supra
891 1865 1161 1933 diximus,
1177 1862 1374 1919 causis
1395 1860 1799 1917 amaritudinis
1825 1861 1958 1915 felle

320 1955 944 2029 adgravatus,maxime
958 1951 1147 2008 inedia
1162 1964 1398 2007 consum
1411 1950 1848 2020 ptus.Curatum
1867 1952 1958 2003 est

320 2061 460 2105 sane
473 2042 825 2116 corpusejus
844 2038 1298 2097 sacratissimum
1324 2037 1412 2108 pia
1441 2035 1691 2091 ﬁliorum
1715 2034 1960 2103 diligen-

323 2134 666 2206 tia,etjuxta
683 2128 870 2202 patris
890 2127 1093 2184 ultima
1110 2130 1400 2196 praecepta
1425 2128 1602 2179 terra)
1626 2122 1959 2178 mandatum

324 2225 382 2279 in
413 2219 675 2279 zecclesia
705 2216 893 2274 sancti
925 2214 1170 2271 Andreae
1198 2215 1255 2267 et
1290 2212 1444 2267 beati
1474 2210 1700 2266 Martini
1732 2210 1960 2266 nomine

323 2313 686 2369 consecrata.
713 2304 819 2361 Ubi
843 2301 1069 2359 meritis
1092 2300 1219 2369 ejus
1247 2306 1307 2356 et
1338 2299 1614 2370 precibus
1636 2299 1961 2353 exuberant

323 2398 515 2456 divina
549 2393 848 2461 beneficia,
878 2393 1236 2458 cunctosque
1292 2387 1391 2442 Dei
1437 2387 1703 2442 medetur
1750 2386 1956 2455 pietas.

321 2483 630 2557 Requievit
664 2484 857 2538 autem
890 2491 1084 2533 mense
1110 2475 1476 2544 Decembrio,
1504 2474 1596 2529 die
1631 2474 1839 2545 primo,
1866 2472 1963 2542 qui

322 2579 450 2633 erat
481 2572 607 2628 dies
637 2567 881 2626 sabbati.
918 2564 1319 2621 Annunciatus
1345 2568 1439 2618 est
1471 2564 1543 2618 ab
1575 2562 1781 2631 angelo
1812 2575 1963 2617 anno

324 2664 399 2720 ab
427 2662 538 2716 inc.
573 2660 730 2714 Dom.
766 2659 888 2723 518,
923 2655 1092 2708 natus
1124 2655 1256 2721 post
1286 2650 1599 2705 triennium
1639 2664 1688 2704 a.
1723 2654 1845 2718 521,
1876 2663 1965 2703 or-

326 2749 563 2807 dinatus
596 2745 651 2800 in
681 2740 1011 2815 pontificem
1064 2752 1210 2793 anno
1241 2737 1436 2793 aetatis
1469 2752 1589 2792 sua;
1621 2741 1707 2792 33.
1744 2738 1816 2792 ab
1848 2736 1959 2792 inc.

324 2836 484 2893 Dom.
520 2835 641 2901 553,
677 2827 995 2886 indictione
1045 2831 1098 2895 3,
1148 2825 1308 2894 regni
1360 2824 1744 2880 Theodeberti
1794 2839 1824 2880 a
1878 2828 1961 2894 13,

326 2925 465 2997 post
494 2920 755 2992 quintam
786 2914 1065 2986 synodum
1099 2911 1799 2983 Constantinopolitanam
1831 2926 1881 2966 a.
1910 2915 1964 2980 2,

326 3007 730 3084 pontificatum
753 3008 961 3073 agente
982 3003 1252 3057 Romanas
1273 2999 1540 3056 ecclesiae
1564 3014 1708 3070 papa
1734 2999 1961 3069 Vigilio,

328 3098 654 3169 imperante
680 3091 1006 3150 Iustiniano
1056 3089 1279 3145 minore
1310 3103 1359 3144 a.
1391 3091 1479 3157 28,
1512 3087 1820 3143 Iustiniani
1854 3103 1969 3143 ma-

324 3185 473 3259 joris
504 3185 737 3254 nepote.
769 3178 926 3234 Vixit
956 3178 1012 3232 in
1042 3176 1385 3247 episcopatu
1418 3191 1468 3231 a.
1501 3179 1588 3242 47,
1615 3175 1872 3231 decessit
1901 3191 1970 3232 ze-

328 3272 473 3329 tatis
503 3284 624 3327 suae
656 3283 706 3324 a.
740 3270 830 3336 81,
864 3267 935 3322 ab
965 3265 1076 3320 inc.
1112 3266 1271 3319 Dom.
1305 3266 1428 3332 602,
1453 3262 1842 3332 indictioneb,
1869 3263 1968 3333 qui

328 3363 456 3415 erat
486 3370 671 3413 annus
703 3351 1041 3410 Guntramni
1070 3356 1157 3421 33,
1192 3358 1439 3422 papatus
1468 3350 1661 3405 domui
1703 3350 1968 3419 Gregorii

328 3459 496 3518 papa
527 3458 578 3500 a.
616 3446 698 3500 12.
735 3440 924 3511 (Bm.
958 3441 1079 3509 vn.)
1111 3437 1489 3493 Butiovaldus
1526 3437 1757 3507 quidam
1786 3439 1969 3493 abbas

329 3533 733 3606 episcopatum
764 3528 1042 3597 ambiens,
1080 3526 1211 3596 quia
1243 3531 1400 3581 esset
1441 3524 1754 3596 superbus,
1788 3523 1968 3580 nichil

331 3619 605 3692 optinuit.
633 3619 1000 3673 Caramerum
1033 3612 1488 3669 referendarium
1521 3626 1652 3668 cum
1681 3627 1969 3670 consensu

329 3708 542 3766 civium
569 3702 785 3775 regalis
815 3702 1067 3759 assensit
1091 3700 1412 3756 auctoritas
1433 3699 1558 3755 fieri
1579 3701 1965 3757 sacerdotem.

327 3798 469 3854 Post
499 3807 631 3850 eum
660 3789 1043 3848 extitit........
1093 3787 1162 3821 ²²⁰
1207 3786 1349 3855 (Fol.
1410 3786 1516 3859 49’)
1548 3786 1969 3857 Ermenfridus,

332 3883 403 3940 de
436 3881 650 3955 quibus
680 3877 897 3934 nullam
931 3874 1101 3931 aliam
1144 3874 1423 3930 habemus
1472 3874 1824 3945 memoriam,
1856 3875 1970 3931 nisi

332 3969 487 4043 quod
516 3969 573 4025 in
605 3966 809 4024 ordine
840 3965 1247 4035 episcoporum
1270 3962 1530 4033 episcopi
1559 3966 1698 4018 sunt
1728 3962 1965 4034 reperti.

329 4059 544 4115 Verum
574 4054 646 4111 de
676 4054 768 4110 his
794 4066 946 4109 nunc
976 4051 1085 4107 ista
1127 4048 1433 4106 sufficiant.
1856 4096 1865 4121 \

404 4145 602 4217 {GRH}.
633 4143 788 4210 Tur.,
821 4154 897 4211 iv,
930 4137 1040 4210 46.]
1085 4137 1446 4208 Chilpericus
1495 4136 1711 4207 itaque,
1746 4137 1971 4193 Nerone

333 4232 501 4307 pejor
526 4235 588 4287 et
615 4226 862 4296 Herode,
898 4231 1033 4297 post
1060 4224 1241 4281 multa
1284 4225 1451 4293 mala,
1487 4222 1656 4293 bella,
1691 4223 1881 4279 caedes
1912 4229 1972 4279 et

2064 1692 2331 1743 tramnus
2384 1684 2819 1742 Childehertum
2865 1684 3166 1757 adeptavit
3215 1683 3270 1738 in
3323 1682 3522 1753 filium,
3572 1682 3711 1753 quia

2068 1775 2218 1830 filios
2249 1788 2363 1830 non
2395 1774 2664 1829 habebat.
2700 1774 2831 1844 Ipso
2862 1787 3012 1830 anno
3044 1786 3188 1842 gens
3238 1773 3544 1828 Persarum
3584 1785 3713 1828 cre—

2068 1862 2214 1919 didit
2248 1862 2499 1931 Christo,
2536 1866 2596 1916 et
2629 1863 2962 1933 baptizatus
3000 1866 3093 1919 est
3142 1862 3460 1932 imperator
3505 1860 3717 1917 Persa-

2071 1965 2195 2006 rum
2229 1965 2256 2005 a
2302 1956 2504 2006 sancto
2559 1950 2817 2006 Iohanne
2876 1947 3523 2021 ConstantinOpolitano
3576 1962 3713 2005 cum

2069 2042 2137 2094 60
2168 2038 2405 2093 milibus
2434 2050 2653 2093 eorum.

2141 2128 2304 2182 Anno
2338 2129 2405 2181 30
2433 2126 2595 2194 regni
2629 2124 2772 2195 ejus,
2807 2125 2903 2195 qui
2949 2129 3079 2181 erat
3122 2124 3194 2181 ab
3248 2125 3357 2180 inc.
3394 2124 3551 2181 Dom.
3585 2126 3715 2193 598,

2071 2214 2301 2269 inventa
2333 2216 2423 2269 est
2449 2213 2644 2269 tunica
2668 2212 2891 2269 Domini
2917 2214 3103 2269 nostri
3120 2214 3257 2269 Iesu
3283 2211 3497 2268 Christi
3518 2212 3721 2269 incon-

2072 2300 2286 2372 sutilis,
2307 2306 2364 2358 et
2385 2315 2414 2356 a
2439 2301 2718 2371 Gregorio
2743 2300 3123 2370 Antiocheno,
3144 2300 3351 2357 Thoma
3386 2299 3724 2372 Hierosoly-

2073 2390 2309 2458 mitano,
2325 2389 2580 2446 Iohanne
2603 2387 3271 2461 Constantinopolitano,
3288 2393 3348 2445 et
3362 2387 3490 2445 aliis
3513 2387 3721 2446 multis

2073 2477 2144 2533 de
2173 2477 2358 2533 Zafati
2386 2477 2626 2533 civitate
2658 2492 2787 2533 cum
2830 2491 2961 2533 arca
3010 2491 3325 2533 marmorea
3379 2475 3589 2548 levata,
3621 2490 3722 2533 or-

2074 2564 2206 2622 dine
2236 2564 2493 2636 pedestri
2525 2564 2979 2636 Hierosolymam
3012 2565 3233 2637 perlata
3269 2569 3381 2635 est,
3404 2571 3464 2621 et
3497 2564 3551 2620 in
3586 2564 3719 2621 loco

2075 2653 2170 2709 ubi
2203 2666 2350 2708 crux
2381 2651 2678 2721 adoratur,
2710 2667 2840 2709 cum
2887 2651 3181 2723 triumpho
3214 2652 3424 2723 posita.

2146 2740 2561 2810 Guntramnus,
2585 2745 2886 2811 postquam
2909 2744 2977 2796 33
2999 2741 3165 2797 annis
3191 2754 3432 2811 regnum
3456 2741 3722 2811 Burgun-

2076 2828 2185 2884 ἀίω
2219 2828 2425 2897 tenuit,
2460 2828 2707 2885 moritur
2753 2834 2783 2885 δ
2832 2827 2953 2885 Kal.
3007 2829 3261 2900 Aprilis;
3308 2829 3576 2900 sepultus
3625 2834 3723 2884 est

1997 2962 2046 3022 Ο
2078 2916 2150 2971 Ca
2160 2915 2639 2985 bilone.Regnum
2654 2915 2779 2985 ejus
2794 2916 3205 2973 Childehertus
3217 2931 3408 2973 assum
3417 2916 3724 2990 psit,quod

2076 3016 2259 3060 annos
2292 3008 2545 3073 quatuor
2575 3004 2783 3073 tenuit,
2808 3010 2867 3060 et
2899 3009 3279 3085 mortuusest
3302 3004 3357 3060 in
3383 3005 3729 3062 adolescen-

2074 3093 2177 3162 tia,
2214 3106 2363 3148 anno
2398 3096 2557 3162 regni
2588 3092 2677 3149 sui
2709 3097 2797 3161 17,
2832 3093 3027 3149 astatis
3057 3097 3144 3162 25,
3172 3094 3244 3149 ab
3274 3093 3385 3149 inc.
3410 3095 3569 3149 Dom.
3591 3095 3724 3149 605.

2078 3180 2204 3235 Filii
2238 3180 2367 3249 ejus
2400 3195 2635 3250 regnum
2687 3186 3076 3252 susceperunt
3105 3181 3543 3238 Theodebertus
3576 3183 3728 3237 Aus-

2077 3268 2416 3339 trasiorum,
2475 3269 2672 3325 sedem
2732 3269 2952 3325 habens
3009 3269 3270 3333 Mettim;
3330 3269 3728 3327 Theodericus

2078 3371 2318 3426 regnum
2364 3357 2702 3413 Guntramni
2752 3357 2808 3413 in
2862 3357 3211 3427 Burgundia,
3247 3358 3445 3414 sedem
3497 3358 3727 3415 habens

2081 3442 2427 3500 Aurelianis.
2463 3443 2529 3498 Hi
2563 3444 2676 3500 duo
2711 3458 2879 3513 reges
2918 3450 3125 3501 contra
3177 3445 3535 3502 Clotharium
3568 3446 3727 3503 Chil-

2079 3530 2260 3603 perici
2294 3529 2473 3587 filium
2506 3544 2664 3587 arma
2696 3537 2946 3601 movent,
2979 3533 3083 3588 ubi
3115 3533 3406 3590 Clotarius
3446 3534 3728 3605 opprimi-

2075 3624 2193 3688 tur,
2227 3623 2288 3674 et
2317 3632 2429 3689 qua
2462 3621 2658 3688 potest
2688 3619 3023 3676 conditione
3056 3634 3253 3691 pacem
3309 3621 3466 3679 facit.

2150 3705 2289 3777 (Fol.
2318 3708 2435 3778 :50.)
2469 3708 2628 3762 Anno
2661 3706 2914 3777 regni....
2948 3707 3305 3780 Theoderici,
3342 3710 3439 3781 qui
3482 3714 3613 3767 erat
3647 3711 3725 3768 ab

2078 3794 2191 3850 inc.
2225 3795 2386 3849 Dom.
2419 3796 2543 3863 602,
2581 3794 2804 3850 Phocas
2836 3795 2954 3851 dux
2976 3800 3036 3850 et
3057 3796 3343 3866 patricius
3366 3797 3448 3853 rei
3471 3795 3726 3868 publica

2077 3881 2413 3939 Mauricium
2434 3880 2842 3952 imperatorem
2868 3883 3168 3939 interfecit
3196 3888 3256 3940 et
3288 3883 3596 3956 imperium
3634 3897 3727 3942 as-

2081 3969 2347 4040 sumpsit.
2378 3968 2735 4026 Theoderico
2767 3974 3092 4027 nascuntur
3139 3969 3243 4026 filii
3290 3971 3634 4043 Sigebertus
3664 3976 3729 4029 et

2082 4056 2513 4114 Childehertus.
2574 4056 2967 4113 Brunichildis
3022 4063 3083 4114 et
3138 4058 3492 4116 Prothadius
3543 4059 3729 4130 major

2081 4143 2287 4201 domus
2311 4142 2724 4200 Theodericum
2749 4144 3032 4203 adversus
3056 4145 3293 4202 fratrem
3317 4153 3682 4204 commovent
3710 4166 3727 4215 ;

2083 4232 2458 4302 quamobrem
2488 4232 2803 4288 Protadius
2835 4233 2908 4289 ab
2931 4234 3195 4290 exercitu
3216 4235 3552 4291 Theoderici
3578 4235 3731 4307 peri-

334 4317 767 4390 descriptiones
798 4328 977 4371 novas
1006 4318 1066 4368 et
1102 4311 1498 4382 gravissimas,
1534 4325 1679 4380 quas
1720 4310 1777 4366 in
1817 4312 1971 4368 omni
2000 4310 2053 4371 D
2085 4319 2279 4387 mitur,
2312 4322 2369 4375 et
2415 4318 2630 4375 fratres
2679 4324 2982 4391 pacantur.
3033 4321 3431 4379 Theodericus
3479 4322 3731 4381 consilio

334 4420 515 4478 regno
545 4419 651 4461 suo
684 4403 841 4470 fecit,
865 4402 1001 4457 dum
1024 4400 1095 4455 de
1126 4399 1429 4455 venatione
1460 4398 1614 4468 apud
1642 4397 1837 4455 villam
1872 4401 1971 4456 Ca-

335 4492 728 4561 lensemjuxta
741 4486 1148 4556 Parisiumjam
1164 4486 1526 4542 subobscura
1544 4489 1711 4542 nocte
1726 4486 1966 4558 rediret,

334 4584 470 4643 dum
499 4579 571 4638 de
598 4591 748 4649 equo
779 4573 1199 4646 susciperetur,
1233 4578 1293 4628 et
1327 4587 1493 4629 unam
1525 4588 1753 4630 manum
1793 4588 1969 4645 super

335 4670 502 4748 pueri
533 4665 831 4739 scapulam
850 4666 1098 4731 teneret,
1126 4660 1439 4748 adveniens
1462 4660 1717 4733 quidam,
1743 4660 1971 4748 nomine

335 4746 527 4839 Falco,
554 4755 768 4813 missus
788 4766 819 4809 a
844 4747 1233 4817 Brunichilde,
1258 4746 1451 4804 cultro
1475 4763 1605 4805 eum
1628 4750 1734 4805 sub
1758 4747 1972 4805 ascella

332 4835 650 4924 percussit,
710 4846 771 4897 et
817 4839 1029 4896 iterato
1111 4837 1233 4924 ictu
1287 4836 1557 4924 spiritum
1612 4836 1740 4905 ejus
1798 4835 1966 4924 fudit.

338 4930 632 5010 [Faenza]
668 4929 770 4986 Hic
815 4926 1030 4984 multas
1069 4923 1335 4993 regiones
1364 4923 1712 4993 devastavit,
1747 4923 1975 4994 episco-

336 5039 444 5097 pos
494 5018 903 5085 execrabatur,
951 5015 1302 5069 testamenta
1355 5011 1731 5068 ecclesiarum
1791 5011 1971 5068 multa

343 5108 619 5181 disrupit,
632 5103 852 5163 nullum
882 5114 1135 5173 unquam
1163 5099 1387 5170 dilexit,
1407 5112 1438 5155 a
1467 5099 1692 5155 nemine
1723 5098 1974 5155 dilectus

343 5201 453 5258 est.
490 5195 686 5269 [Gaza
718 5193 874 5261 Tur.,
897 5204 972 5261 tv,
1003 5188 1116 5261 46.]
1149 5187 1288 5245 Cum
1316 5186 1585 5259 spiritum
1617 5185 1969 5257 exhalasset,

2084 4405 2477 4463 Brunichildis
2508 4407 2653 4464 aviae
2685 4420 2806 4465 suae
2839 4413 3106 4465 sanctum
3156 4408 3519 4467 Desiderium
3567 4410 3735 4468 Vien-

2083 4504 2320 4549 nensem
2351 4493 2855 4567 archiepiscopum
2889 4495 3067 4552 exilio
3118 4494 3430 4566 damnavit,
3465 4500 3521 4552 et
3555 4496 3735 4554 redu-

2081 4581 2237 4635 ctum
2272 4577 2342 4634 de
2371 4578 2549 4636 exilio
2581 4580 2841 4652 lapidare
2876 4580 3033 4638 fecit.
3061 4582 3337 4640 Sanctum
3366 4595 3597 4653 quoque
3630 4582 3734 4640 Co-

2083 4663 2416 4722 lumbanum
2442 4668 2513 4724 de
2535 4682 2713 4738 regno
2739 4683 2844 4726 suo
2869 4671 3226 4740 exturbavit,
3246 4684 3416 4742 quem
3434 4668 3730 4729 Clotarius

2084 4751 2568 4823 Chilpericifilius
2587 4757 3025 4827 suscepit.Erat
3059 4756 3209 4814 enim
3243 4761 3471 4814 amator
3501 4757 3732 4830 sapien-

2085 4838 2422 4897 tianterum
2438 4841 2509 4898 lis
2523 4842 2678 4898 inter
2693 4842 2906 4900 fratres
2921 4843 3311 4902 Brunichildis
3331 4845 3590 4915 agitatur
3600 4860 3735 4904 cou-

2083 4925 2233 4995 silio,
2258 4932 2318 4983 et
2335 4928 2583 4985 collecto
2605 4930 2870 4987 exercitu
2894 4930 3148 4989 Tullensi
3165 4932 3490 5002 conﬂigunt
3504 4947 3737 5006 campa-

2085 5014 2196 5069 nia.
2226 5014 2426 5072 Victor
2455 5016 2847 5076 Theodericus
2877 5020 3342 5077 Theodebertum
3364 5034 3554 5091 usque
3567 5020 3736 5079 Colo-

2086 5101 2237 5158 niam
2253 5102 2603 5175 insequitur,
2645 5106 2743 5161 ubi
2768 5106 3206 5167 Theodebertus
3218 5108 3623 5181 redintegrato
3635 5122 3736 5167 ex-

2084 5188 2272 5247 ercitu
2286 5190 2503 5251 bellum
2516 5194 2914 5253 movet.Tanta
2928 5194 3010 5254 ibi
3022 5200 3256 5268 strages
3278 5196 3430 5256 facta
3445 5201 3627 5270 est,ut
3640 5210 3738 5256 ca-

1694 5289 1930 5347 VARIE
1970 5290 2366 5353 LECTIONES.

415 5397 486 5437 ’⁸ο
514 5396 676 5479 tam
703 5402 912 5469 erat“:
939 5389 998 5453 at
1020 5400 1246 5457 eam“
1273 5388 1345 5454 in
1372 5400 1421 5449 ο.
1454 5387 1640 5453 tertia
1661 5398 1810 5461 pem
1843 5386 2030 5450 linea.
