3936 6050
117 217 227 282 133

1367 216 1859 284 CHRONICON.
1895 257 1971 269 -—
1999 219 2159 286 LIB.
2207 220 2252 286 Ῑ.

3391 218 3504 296 ist

112 354 319 411 davera
352 357 713 411 mortuorum
746 368 856 411 non
894 353 1174 412 haberent
1209 368 1322 426 quo
1346 357 1600 421 ruerent,
1624 369 1743 426 pra:
1774 356 1828 416 A
1859 369 1998 414 usus
2015 357 2258 415 consilio
2286 363 2508 430 partem
2534 361 2871 430 regnifratri
2892 366 3181 422 concessit
3214 366 3498 438 Tolosam,

113 443 490 498 multitudine
524 444 880 500 occisorum.
942 443 1282 500 ATulbiaco
1341 458 1526 513 usque
1584 444 1747 500 Colo-

112 532 256 585 niam
294 536 632 601 prostratus
648 532 947 587 exercitus
972 536 1188 587 terram
1212 533 1460 602 cperuit.
1497 531 1750 588 Theode-

113 620 268 674 ricus
297 619 491 674 victor
517 619 752 674 fratrem
787 619 1180 689 persequitur,
1207 627 1266 674 et
1296 635 1527 676 suorum
1561 619 1750 690 prodi-

113 707 264 762 tione
284 710 524 776 captum
555 707 698 762 aviae
722 707 1077 762 Brunichildi
1103 707 1300 776 dirigit
1329 725 1342 772 ;
1369 722 1535 776 quem
1571 707 1665 761 illa
1697 708 1749 761 in

111 792 387 850 clericum
422 794 676 849 totondit
707 799 763 849 et
802 799 933 864 post
968 794 1263 864 paululum
1325 795 1639 850 interfecit.

178 881 353 948 (Vita
377 881 596 938 ϐων-ἰοί
616 883 821 953 ampl.)
847 882 1144 951 Regnante
1164 881 1566 938 Theodeberto
1619 897 1753 950 rege

113 973 354 1024 sanctus
384 969 781 1037 Gaericus,rex
802 970 1126 1038 Aquitaniae
1152 969 1407 1037 ultimus,
1430 969 1604 1038 justis
1639 970 1756 1040 pol-

115 1057 234 1110 lens
255 1057 542 1124 moribus,
571 1071 600 1112 a
626 1057 860 1113 Domino
883 1057 1148 1112 caecitate
1175 1072 1508 1127 percussus,
1543 1057 1756 1113 revela-

114 1145 266 1199 tione
297 1144 563 1213 angelica
612 1145 824 1201 Mettim
875 1144 1153 1213 venit,cui
1214 1150 1459 1214 praeerat
1520 1149 1757 1200 sanctus

115 1230 388 1288 Arnulfus
412 1232 776 1302 propinquus
805 1231 930 1299 ejus
956 1249 970 1296 ;
995 1236 1052 1286 et
1073 1232 1436 1287 illuminatus
1479 1247 1509 1286 a
1553 1237 1758 1286 sancto

114 1319 1458 1389 StephanodomumsanctiPetriconstruxit,et
1500 1324 1758 1388 tempore

116 1407 446 1474 Dagoberti,
472 1413 676 1462 sancto
701 1407 1208 1461 Arnulfoeremum
1228 1413 1479 1476 petente,
1545 1407 1757 1461 ibidem

117 1494 379 1562 pontifex
413 1495 858 1560 subrogatuslB
895 1496 1061 1548 annis
1117 1495 1372 1564 praefuit,
1400 1494 1654 1550 decessit
1696 1499 1759 1548 13

117 1581 400 1636 Kalendas
416 1581 710 1645 Octobris,
734 1581 999 1650 sepultus
1024 1582 1076 1635 in
1092 1583 1358 1637 cmnobio
1382 1581 1566 1636 sancti
1607 1584 1760 1650 Sym-

118 1668 382 1737 phoriani
443 1669 612 1736 (Vita
636 1669 785 1738 Lupi
804 1670 969 1738 Sen).
1005 1671 1282 1739 Tempore
1320 1669 1657 1724 Theoderici
1699 1673 1758 1722 et

122 1755 508 1811 Brunichildis
531 1762 768 1811 sanctus
789 1757 978 1826 Lupus
994 1756 1339 1812 Senonensis
1359 1755 1564 1824 viguit,
1583 1770 1762 1825 nepos

122 1844 376 1899 Austerii
411 1843 849 1899 Aurelianensis
874 1849 932 1898 et
966 1844 1204 1899 Aunarii
1230 1842 1762 1899 Antissiodorensis

121 1931 551 2002 episcoporum.

182 2019 486 2090 [FREDEG.]
521 2021 684 2074 Anno
719 2019 914 2088 itaque
951 2024 1016 2074 16
1047 2019 1209 2088 regni
1235 2019 1345 2089 sui,
1383 2019 1478 2088 qui
1531 2022 1658 2072 erat
1690 2018 1761 2072 ab

122 2108 224 2161 inc.
265 2109 424 2163 Dom.
444 2110 504 2162 61
518 2107 974 2175 5,Theodericus
987 2107 1188 2162 volens
1203 2121 1381 2177 super
1405 2105 1604 2162 Clotha
1615 2105 1760 2159 rium

123 2197 367 2258 irruere,
395 2194 590 2250 Mettis
614 2194 896 2265 proﬂuvio
915 2195 1395 2250 ventrisinteriit.
1443 2191 1764 2250 Brunichil-

121 2283 202 2338 dis
228 2283 602 2352 Sigebertum
638 2281 816 2337 filium
846 2282 974 2351 ejus
994 2281 1194 2337 inlceo
1218 2283 1402 2352 patris
1431 2279 1756 2338 substituit.

123 2370 452 2426 Clotharius
482 2384 621 2426 vero
654 2369 797 2425 ﬁnes
828 2371 990 2438 regni
1022 2370 1119 2439 qui
1166 2385 1282 2426 sua:
1316 2369 1521 2423 ditioni
1593 2369 1763 2424 debe-

122 2460 331 2514 bantur
365 2462 612 2514 conatur
644 2458 931 2528 recipere,
963 2458 1057 2514 cui
1089 2457 1428 2525 Sigebertus
1479 2457 1758 2525 occurrit,

124 2546 630 2616 quemClotharius
647 2560 885 2601 suorum
901 2546 1230 2616 proditione
1243 2550 1474 2614 captum
1494 2545 1760 2614 peremit,

125 2639 175 2687 et
210 2635 470 2704 quinque
497 2635 707 2689 fratres
730 2633 856 2702 ejus
877 2648 1006 2689 cum
1033 2633 1404 2688 Brunichilde
1429 2632 1604 2702 cepit.
1624 2624 1766 2687 Puel-

129 2736 218 2776 ros
247 2721 565 2792 separatim
604 2721 867 2791 peremit,
903 2721 1328 2776 Brunichildem
1351 2719 1764 2775 indomitorum

128 2824 404 2878 equorum
438 2807 639 2864 caudis
672 2809 961 2864 irretitam
988 2807 1303 2863 miserabili
1328 2812 1514 2863 morte
1538 2807 1766 2862 damna-

132 2898 208 2950 vit
238 2910 390 2952 anno
424 2897 497 2951 ab
532 2897 640 2951 ine.
701 2897 861 2965 Dom,
919 2900 1042 2964 623,
1095 2911 1221 2965 qua:
1277 2901 1337 2950 et
1394 2895 1622 2966 sepulta
1677 2899 1766 2950 est

134 2985 320 3041 Eduae.

200 3072 680 3128 Clotariustrium
697 3087 1006 3141 regnorum
1023 3071 1680 3127 monarcbiamobtinuit
1713 3084 1765 3124 a.
1801 3045 1847 3105 Ο

133 3166 194 3216 28
224 3160 387 3230 regni
423 3159 701 3229 sui,sicut
724 3164 781 3213 et
804 3161 1008 3214 beatus
1043 3159 1431 3215 Columbanus
1486 3158 1768 3229 praedixe-

133 3254 236 3316 rat,
271 3254 400 3304 eta.
427 3251 495 3303 38
519 3248 677 3317 regni
695 3247 784 3303 sui
808 3249 1198 3316 Dagobertum
1224 3247 1401 3303 filium
1437 3251 1768 3302 consortem

131 3337 288 3407 regni
322 3336 482 3392 facit.
512 3341 674 3391 Anno
705 3349 844 3390 vero
868 3338 936 3390 42
959 3335 1117 3403 regni
1150 3334 1277 3402 ejus
1327 3334 1479 3389 inter
1544 3333 1772 3388 Clotha-

133 3425 272 3479 rium
293 3430 350 3480 et
379 3423 560 3479 illium
583 3438 749 3478 suum
779 3423 974 3492 gravis
1003 3427 1131 3477 orta
1177 3426 1262 3477 est
1321 3422 1640 3486 contentio,
1701 3434 1770 3474 eo

132 3513 278 3581 quod
306 3511 645 3566 Clotharius
673 3515 883 3566 cuncta
915 3525 1042 3578 qua:
1075 3509 1144 3564 ad
1168 3524 1403 3578 regnum
1445 3507 1772 3563 Austrasio-

132 3615 250 3654 rum
295 3600 692 3670 pertinebant,
754 3598 864 3652 sibi
927 3597 1155 3652 volebat
1219 3599 1494 3651 retinere.
1567 3595 1773 3660 Quam-

132 3689 328 3743 obrem
361 3687 539 3742 electi
570 3690 700 3742 sunt
736 3684 1289 3754 duodecimjudices
1309 3699 1379 3738 ex
1419 3683 1673 3752 Francis,
1693 3682 1774 3736 in-

136 3783 220 3830 ter
251 3790 404 3845 quos
439 3774 545 3830 fuit
580 3778 821 3830 sanctus
854 3773 1130 3829 Arnulfus
1154 3771 1519 3827 Mettensium
1551 3771 1774 3840 episco-

136 3877 513 3934 pus,quorum
547 3861 795 3917 consilio
819 3865 981 3930 pater
1003 3859 1484 3930 paciﬁcaturcum
1504 3858 1642 3914 filio.
1676 3860 1776 3914 Su-

141 3952 351 4021 periori
384 3965 528 4006 vero
562 3963 726 4016 anno,
762 3964 889 4004 cum
915 3949 1029 4018 jam
1055 3948 1417 4016 Dagobertus
1449 3947 1777 4002 Austrasio-

142 4055 257 4095 rum
285 4054 532 4108 regnum
556 4043 792 4093 strenue
837 4040 1086 4104 regeret,
1113 4035 1344 4104 quidam
1374 4035 1481 4101 vir,
1549 4033 1776 4088 nomine

142 4128 468 4183 Haroaldus
494 4124 1054 4197 (£7),ejusoffensam
1075 4123 1338 4190 incurrit,
1358 4137 1464 4192 pro
1479 4121 1779 4190 quointer-

143 4229 408 4272 cessores
441 4214 581 4269 facti
613 4217 748 4268 sunt
777 4212 1045 4267 dominus
1070 4211 1346 4266 Arnulfus
1376 4214 1435 4263 et
1500 4207 1778 4278 Pippinus

146 4304 324 4372 major
357 4303 586 4370 domus,
621 4300 723 4355 sed
754 4314 867 4354 non
902 4299 1084 4355 multo
1103 4302 1240 4368 post
1287 4296 1552 4352 Treveris
1597 4297 1779 4350 inter-

142 4392 327 4445 fectus
361 4394 471 4445 est.

207 4483 374 4534 Anno
406 4481 512 4532 630
545 4475 834 4532 Clotarius
866 4475 1132 4544 moritur,
1165 4478 1224 4529 et
1252 4474 1615 4543 Dagobertns
1665 4485 1783 4526 mo-

143 4566 440 4622 narcbiam
465 4564 720 4620 obtinuit
751 4577 800 4618 a.
832 4568 913 4617 15.
943 4564 1044 4617 Hic
1095 4567 1260 4634 patre
1318 4561 1578 4629 orbatus,
1640 4562 1783 4614 Aus-

141 4654 340 4709 trasiis
358 4666 508 4724 quos
531 4643 791 4720 regebat,
819 4650 985 4719 jubet
1021 4651 1341 4706 exercitum
1418 4660 1778 4719 promovere,

145 4742 358 4798 missos
385 4740 646 4809 dirigens
670 4739 726 4793 in
763 4737 1185 4807 Burgundia,et
1205 4737 1438 4794 caeteris
1462 4735 1620 4805 regni
1657 4749 1786 4804 par-

143 4830 326 4899 tibus,
365 4834 426 4884 ut
458 4828 511 4882 in
529 4841 697 4883 suum
722 4839 960 4896 regnum
981 4825 1284 4894 eligerent.
1309 4827 1563 4893 Cumque
1591 4821 1784 4876 Remis

145 4918 426 4984 venisset,
445 4928 646 4970 omnes
668 4928 728 4969 se
751 4914 803 4969 ei
837 4912 1222 4968 tradiderunt.
1271 4911 1580 4967 Aribertus
1605 4909 1785 4964 frater

144 5005 266 5073 ejus
297 5003 600 5059 nitebatur
628 5017 690 5057 se
725 5015 898 5071 posse
923 5014 1160 5069 regnum
1191 5013 1505 5054 assumere:
1542 4997 1643 5052 sed
1659 4997 1786 5067 ejus

146 5093 420 5147 voluntas
436 5105 540 5161 pro
555 5088 932 5159 simplicitate
949 5103 1149 5157 parum
1167 5087 1373 5141 sortita
1391 5090 1478 5140 est
1494 5084 1782 5140 effectum.

149 5180 515 5250 Dagobertus
549 5192 686 5234 vero
721 5190 850 5232 cum
865 5175 1494 5242 obtinuissetregnum,
1537 5171 1787 5242 sapienti

1861 446 2247 515 Caturcinam,
2278 452 2654 518 Agenensem,
2688 451 3124 520 Petragoricum
3167 459 3222 510 et
3266 455 3503 511 Sancto-

1860 533 2071 601 nicum,
2106 540 2164 589 et
2198 539 2348 604 quod
2381 536 2451 589 ab
2486 537 2572 592 his
2598 552 2800 593 versus
2835 539 3127 606 Pyreneos
3153 547 3378 598 montes
3407 556 3504 596 ex-

1861 619 2119 677 cluditur
2151 639 2164 685 ;
2197 625 2555 690 etregnabat
2606 625 2914 681 Aribertus
2978 627 3033 681 in
3085 628 3386 684 Provincia
3445 635 3504 684 et

1865 708 2169 776 Aquitania
2195 715 2254 764 et
2283 716 2415 778 post
2448 717 2568 766 tres
2602 727 2785 768 annos
2818 719 2998 769 totam
3035 716 3374 772 Vasconiam
3407 731 3502 774 su-

1864 809 2077 864 perans
2107 796 2217 851 sibi
2245 798 2526 851 subdidit.

1937 882 2229 954 [BERTAIL]
2265 887 2422 939 Anno
2446 885 2667 940 Domini
2702 891 2803 942 582
2834 888 2976 942 obiit
3002 895 3242 947 sanctus
3274 891 3504 946 Germa-

1867 984 1974 1024 nus
1999 971 2342 1026 Parisiensis
2368 977 2426 1026 et
2457 987 2505 1026 a.
2552 977 2656 1029 630
2686 973 2791 1028 sub
2823 975 3148 1045 Dagoberto
3173 978 3356 1046 viguit
3377 994 3503 1034 san-

1867 1061 1996 1112 ctus
2031 1057 2241 1114 Paulus
2273 1060 2650 1115 Virdunensis
2692 1063 2872 1116 frater
2899 1063 3040 1131 ejus.
3076 1064 3239 1129 Quod
3312 1066 3384 1135 si,
3438 1072 3502 1122 ut

1868 1145 2164 1214 scribitur,
2200 1146 2275 1201 ita
2306 1155 2415 1213 est,
2441 1148 2743 1216 sexaginta
2808 1153 2864 1203 et
2907 1164 2976 1205 eo
3027 1152 3278 1220 amplius
3337 1153 3504 1209 annis

1871 1232 2010 1287 vixit
2042 1238 2174 1302 post
2207 1248 2356 1290 eum.
2390 1235 2515 1288 Nati
2549 1241 2685 1290 sunt
2717 1236 2771 1290 in
2832 1250 2979 1306 pago
3028 1238 3301 1307 Eduensi,
3376 1240 3505 1295 vico

1871 1320 2095 1388 Lausia,
2130 1321 2256 1375 etin
2282 1336 2474 1376 manso
2502 1323 2824 1378 nativitatis
2848 1338 3047 1379 eorum
3077 1339 3184 1380 non
3201 1339 3503 1395 cams,non

1871 1407 1993 1461 avis
2023 1408 2274 1476 praedam
2308 1423 2511 1479 rapere
2547 1411 2978 1480 pravalet,qua3
3011 1426 3122 1467 non
3179 1413 3374 1468 statim
3418 1415 3504 1468 in~

1869 1499 2059 1549 tereat
2093 1513 2107 1559 ;
2139 1496 2287 1563 quod
2319 1498 2719 1566 experimento
2749 1501 3055 1568 probatum
3083 1505 3195 1554 est.
3221 1500 3508 1565 Quilocus

1874 1596 2056 1650 usque
2082 1581 2250 1636 hodie
2279 1583 2643 1639 ecelesiolam
2661 1587 2879 1640 retinet
2907 1587 3374 1642 sanctiGermani
3411 1603 3507 1644 no-

1792 1701 1842 1758 B
1873 1668 2022 1723 mine
2055 1674 2112 1723 et
2145 1671 2419 1725 virtutem
2454 1671 2756 1740 insignem.

1945 1756 2234 1826 [Henna]
2264 1757 2441 1825 Hujus
2475 1760 2783 1827 Dagoberti
2815 1766 3078 1831 tempore
3107 1766 3238 1832 post
3279 1763 3511 1818 Ermen-

1873 1842 2081 1898 fridum
2111 1845 2447 1914 episcopum
2463 1846 2882 1903 Virdunensem
2904 1853 3130 1905 tractus
3163 1854 3253 1905 est
3291 1851 3361 1906 de
3395 1863 3511 1906 mo-

1871 1932 2126 1987 nasterio
2155 1931 2463 2000 Theolegio
2497 1940 2738 1990 sanctus
2763 1935 2996 2002 Paulus,
3029 1937 3124 2006 qui
3158 1937 3267 1992 fuit
3329 1937 3510 1993 frater

1872 2019 2057 2074 sancti
2091 2019 2355 2074 Germani
2388 2021 2728 2076 Parisiensis
2759 2022 3025 2078 ecclesiaa
3048 2023 3330 2095 episcopi,
3368 2028 3428 2080 et
3451 2025 3507 2080 in

1871 2106 2218 2162 Virdunensi
2247 2106 2495 2162 ecclesia
2525 2108 2838 2179 episcopus
2883 2116 3304 2178 consecratus;
3338 2111 3502 2180 cujus

1871 2195 2146 2248 memoria
2175 2199 2390 2251 aeterna
2421 2196 2650 2250 est.Hic
2683 2197 3057 2254 monasticam
3081 2199 3255 2254 vitam
3281 2198 3501 2256 ducens

1869 2295 1999 2336 cum
2033 2281 2088 2336 in
2120 2283 2370 2352 pistrino
2399 2284 2641 2338 fratrum
2674 2284 2971 2340 habuisset
3010 2285 3508 2352 obedientiam,et

1871 2367 2104 2424 timeret
2137 2384 2206 2424 ne
2237 2371 2374 2426 hora
2399 2376 2620 2426 statuta
2653 2372 2863 2426 fratres
2895 2387 3100 2442 panem
3158 2375 3374 2428 habere
3409 2389 3507 2444 po-

1873 2455 2146 2524 tuissent,
2172 2457 2359 2526 ejecto
2383 2457 2511 2525 igne
2531 2457 2601 2513 de
2619 2458 2850 2513 clibano
2867 2460 2992 2529 ipse
3008 2461 3162 2516 intus
3178 2461 3496 2532 ingressus,

1873 2557 2001 2598 cum
2031 2543 2258 2598 cuculla
2293 2558 2390 2598 sua
2424 2544 2713 2599 clibanum
2748 2547 3034 2615 purgavit,
3067 2553 3126 2602 et
3158 2561 3360 2618 panem
3387 2547 3506 2603 illic

1874 2631 1945 2685 ad
1974 2630 2336 2699 coquendum
2365 2631 2674 2700 ordinavu,
2709 2647 3000 2703 sanusque
3032 2635 3188 2690 foras
3231 2649 3508 2704 egressus

1876 2731 2077 2790 panem
2103 2723 2362 2774 sanctum
2392 2719 2672 2775 fratribus
2697 2721 2752 2774 in
2774 2721 3362 2794 refectoriotempore
3398 2728 3514 2778 sta-

1875 2809 2006 2861 tuto
2036 2805 2359 2861 distribuit.
2395 2807 2530 2862 Cum
2562 2821 2700 2876 ergo
2728 2814 2886 2863 esset
2932 2809 3245 2881 episcopus
3277 2811 3507 2866 ordina-

1875 2897 2180 2963 tus,nepos
2217 2895 2522 2963 Dagoberti
2556 2895 2707 2964 regis
2739 2896 2930 2951 Grimo
2953 2897 3248 2966 diaconus,
3287 2898 3381 2967 qui
3450 2904 3512 2953 et

1879 2981 2187 3049 Adelgisus
2215 2980 2409 3038 dictus
2440 2987 2685 3050 est,cum
2711 2983 2913 3040 fuisset
2948 2999 2976 3039 a
3002 2989 3205 3040 sancto
3224 2985 3403 3040 Paulo
3436 2986 3510 3040 ab

1879 3067 2117 3123 infantia
2151 3075 2487 3124 reverenter
2517 3070 2932 3141 educatus,pro
2952 3087 3145 3126 amore
3179 3073 3366 3141 ipsius
3409 3087 3508 3128 an-

1881 3156 2091 3211 tistitis
2115 3170 2271 3211 suam
2305 3157 2744 3226 proprietatem,
2779 3158 2832 3211 id
2857 3163 2947 3213 est
2989 3157 3357 3227 Theolegium
3401 3173 3515 3214 mo-

1881 3244 2218 3310 nasterium,
2257 3250 2474 3299 sanctae
2498 3246 2685 3300 Marias
2715 3245 2770 3299 in
2820 3246 3074 3301 Virduno
3126 3260 3232 3301 suo
3285 3239 3507 3316 scripto

1879 3336 1937 3386 et
1957 3331 2266 3386 multorum
2283 3331 2537 3386 fidelium
2580 3332 3069 3402 scriptistradidit
3147 3334 3512 3404 roboranter,

1881 3425 1939 3473 et
1973 3424 2034 3474 ut
2077 3419 2454 3475 Virdunensis
2481 3419 2724 3476 ecclesia
2756 3421 2944 3490 ipsum
2988 3422 3399 3477 monasterium
3461 3422 3519 3476 in

1884 3507 2300 3576 sempiternum
2322 3507 2582 3572 haberet,
2631 3509 2783 3562 omni
2833 3509 3185 3564 auctoritate
3243 3508 3513 3564 firmavit.

1882 3594 2073 3649 Victui
2101 3610 2234 3649 vero
2269 3597 2509 3650 fratrum
2536 3596 2728 3650 Grimo
2773 3596 3112 3652 Frasindum
3163 3596 3359 3652 villam
3409 3612 3516 3667 pro

1883 3697 1981 3736 sua
2008 3683 2225 3752 pietate
2247 3681 2810 3751 delegavit.Sanctus
2823 3686 2998 3739 etiam
3015 3683 3228 3740 Paulus
3269 3683 3510 3740 Basonis

1883 3769 2089 3825 villare
2121 3769 2191 3825 de
2218 3770 2341 3826 suis
2373 3769 2700 3825 redditibus
2723 3773 3099 3841 comparavit.
3138 3770 3516 3841 Privilegium

1885 3859 2224 3913 canonicum
2256 3857 2440 3928 ipsius
2471 3857 2734 3914 ecclesiae
2765 3858 2834 3913 de
2875 3858 3301 3928 antiquioribus
3362 3858 3519 3915 villis

1887 3945 2046 4013 fecit,
2069 3951 2126 4000 et
2149 3959 2250 4000 sua
2286 3945 2644 4014 aliorumque
2691 3946 3095 4016 episcoporum
3161 3946 3516 4002 auctoritate

1888 4034 2075 4103 ipsum
2106 4033 2215 4087 sub
2237 4032 2428 4086 divina
2494 4033 2873 4088 attestatione
2922 4034 3238 4089 roboravit.
3302 4033 3404 4090 Hic
3464 4033 3520 4088 in

1887 4120 2224 4190 episcopatu
2258 4118 2500 4188 positus,
2522 4119 2702 4173 multa
2730 4120 3004 4176 miracula
3019 4126 3297 4190 operatus
3312 4125 3422 4190 est,
3457 4124 3516 4175 et

1889 4212 2023 4278 post
2051 4221 2214 4261 suum
2246 4218 2548 4260 excessum
2583 4206 2808 4274 positus
2832 4206 2885 4259 in
2921 4207 3158 4261 basilica
3195 4208 3382 4262 sancti
3415 4208 3510 4263 Sa-

1889 4294 2405 4362 turnini,omnibus
2433 4307 2562 4348 cum
2589 4293 2697 4348 fide
2715 4293 3088 4363 poscentibus
3105 4295 3282 4350 multa
3307 4296 3521 4352 sanita-

1808 4384 1860 4443 D
1890 4386 2010 4437 tum
2046 4380 2320 4436 beneﬁcia
2354 4379 2599 4448 largitus
2627 4380 2945 4436 est.Caecos
2965 4395 3208 4452 namque
3234 4383 3520 4440 illumina-

1889 4469 2197 4536 vit,surdis
2225 4469 2486 4524 auditum
2511 4467 2913 4537 dedit,c|ausis
2943 4484 3211 4538 gressum
3245 4473 3520 4543 praebuit,

1891 4564 2144 4627 aegrotos
2167 4570 2196 4610 a
2229 4557 2406 4611 variis
2439 4555 2878 4612 infirmitatibus
2940 4557 3232 4614 liberavit.
3268 4559 3334 4614 Et
3387 4559 3524 4630 quid

1895 4645 2059 4716 plura
2082 4646 2104 4698 ?
2127 4643 2444 4700 Ecclesiam
2469 4644 2578 4698 sibi
2609 4645 2970 4700 commissam
2994 4647 3171 4702 rebus
3191 4647 3526 4718 temporali-

1894 4734 2003 4790 bus
2027 4731 2313 4801 dilatavit,
2348 4732 2626 4787 bonorum
2652 4745 2890 4802 operum
2916 4733 3158 4789 floribus
3199 4734 3521 4803 adornavit,

1893 4828 1952 4875 et
1969 4820 2241 4875 Dominus
2263 4819 2632 4888 omnipotens
2653 4819 2897 4875 animam
2921 4821 3046 4890 ejus
3071 4835 3198 4877 cum
3234 4820 3525 4876 sanctisin

1895 4913 2111 4963 aeterna
2136 4906 2318 4974 gloria
2344 4905 2600 4975 gaudere
2622 4907 2777 4961 facit.
2803 4907 3316 4977 Requievitautem
3333 4921 3527 4963 mense

1896 4995 2232 5062 Februario,
2296 4994 2386 5049 die
2437 4997 2486 5048 9.
2550 4996 2685 5048 Post
2733 4995 2882 5049 hunc
2923 4995 3116 5049 extitit
3197 4993 3529 5052 Gisloaldus

1897 5083 2223 5154 episcopus,
2258 5081 2612 5136 Gerebertus
2641 5080 2732 5136 ³³³.

1973 5169 2266 5240 [Faenza]
2300 5169 2663 5238 Dagobertus
2721 5167 2902 5238 igitur
2949 5181 3098 5225 anno
3159 5173 3321 5242 regni
3379 5171 3529 5234 sui6

1498 5267 1734 5326 VARIE
1774 5265 2171 5325 LECTIONES.

1729 5406 1951 5467 ΝΟΤᾸΞ.

215 5347 282 5382 ³³⁸
321 5345 461 5412 Quo:
485 5343 881 5419 sequebantur
907 5342 1132 5402 abrasa
1160 5341 1316 5400 mut.

223 5489 338 5563 (47)
371 5488 520 5560 Lege
553 5483 984 5548 chrodoaldm.
1015 5481 1185 5545 Fred°
1211 5497 1266 5560 ο,
1287 5483 1373 5539 52.
