3936 6050
301 248 417 316 189

1239 233 1606 314 HUGQNIS
1646 231 1999 299 ABBATIS
2042 224 2728 297 FLAVINIACENSIS

3576 220 3700 286 140

295 383 630 458 epiSCOpus,
665 378 761 456 qui
783 378 1092 455 perpaucis
1117 374 1408 450 annisipsi
1434 372 1724 448 prafuere
1747 368 1934 428 eecle-
1964 367 2020 428 A
2051 364 2340 423 sumdedit
2374 380 2682 436 regnorum
2714 363 2865 435 jura.
2917 362 3158 420 Inﬂatur
3206 374 3356 418 unus
3406 359 3700 415 adversus

298 490 417 532 ειω.

370 561 535 634 (ΟῘιν.
565 559 830 631 Divion.)
862 562 1023 616 Anno
1056 557 1127 614 ab
1160 556 1268 612 inc.
1309 556 1467 609 Dom.
1518 554 1640 620 741,
1693 546 1937 605 Karolus

301 656 568 710 mortuus
599 654 708 721 est,
739 654 798 705 et
832 648 933 702 filii
962 646 1088 716 ejus
1120 642 1537 700 Karlomannus
1568 641 1626 695 et
1656 637 1938 709 Pippinus

302 740 685 811 susceperunt
719 735 880 806 regni
914 730 1330 804 gubernacula,
1367 728 1466 785 sed
1516 726 1939 782 Karlomannus

301 830 551 900 septimo
585 829 714 898 post
748 824 932 897 patris
963 821 1185 878 obitum
1218 833 1367 874 anno
1397 817 1468 872 ab
1492 816 1601 871 inc.
1629 816 1788 871 Dom.
1810 816 1938 881 747,

303 917 507 975 relicta
535 929 675 971 cura
705 911 866 981 regni
898 909 1143 981 Pippino
1180 906 1367 975 fratri,
1412 906 1629 960 Roman
1679 900 1943 974 perrexit

301 1009 358 1061 et
394 1004 450 1059 in
482 1005 676 1058 monte
706 997 931 1068 Serapti
966 995 1282 1051 monachus
1316 991 1734 1048 habitationem
1780 986 1944 1043 insti-

306 1091 435 1149 tuit.
471 1090 683 1145 Postea
713 1101 823 1142 non
848 1086 1040 1140 ferens
1063 1081 1361 1138 molestias
1382 1080 1592 1135 crebro
1617 1092 1678 1133 se
1702 1076 1944 1132 visitan-

303 1178 469 1247 tium,
522 1177 593 1231 ad
641 1178 903 1231 sanctum
954 1170 1330 1227 Benedictum
1377 1167 1433 1222 in
1484 1169 1675 1221 monte
1723 1163 1941 1221 Cassini

305 1261 726 1332 commigravit.
766 1259 969 1333 (Gesta
980 1273 1045 1330 λ).
1073 1258 1170 1327 R.)
1195 1259 1347 1312 Tunc
1373 1255 1611 1323 regebat
1632 1254 1945 1307 Romanam

307 1351 613 1408 ecclesiam
626 1347 931 1405 Zacharias
948 1360 1114 1417 papa,
1132 1344 1227 1414 qui
1248 1341 1537 1399 successit
1557 1339 1831 1409 Gregorio
1848 1339 1941 1409 Ill,

309 1454 360 1497 a.
392 1441 516 1508 742,
550 1440 606 1492 et
641 1436 793 1492 rexit
825 1435 1008 1505 ipsam
1040 1432 1351 1487 ecclesiam
1386 1445 1435 1486 a.
1473 1434 1558 1499 10,
1595 1444 1666 1483 m.
1694 1431 1745 1499 3,
1772 1426 1828 1482 d.
1857 1428 1943 1482 14.

311 1524 592 1598 [ΒΕοιΝο]
628 1524 730 1579 Hic
764 1524 1003 1592 accepta
1036 1519 1324 1590 legatione
1357 1535 1386 1575 a
1416 1518 1662 1590 Pippino
1688 1530 1788 1587 per
1810 1517 1949 1570 Bur-

308 1618 552 1685 gardum
582 1611 1107 1679 Vitzoburgensem
1140 1608 1500 1678 episcopum,
1534 1610 1593 1661 et
1637 1604 1949 1660 Fulradum

2050 455 2246 526 alium,
2268 455 2488 511 invadit
2514 454 2757 525 quisque
2772 467 2977 510 nomen
2993 451 3236 522 regium.
3255 450 3373 505 Hac
3386 450 3699 504 crescente

2051 544 2343 602 discordia
2377 546 2552 601 urbes
2583 542 3031 615 depopulantur,
3067 538 3333 597 ecclesia
3376 532 3698 592 incendun-

2051 633 2496 704 tur,ministeria
2522 631 2713 688 divina
2739 631 3148 697 detrahuntur,
3174 623 3523 682 monasteria
3547 621 3704 678 viro-

2052 736 2181 779 rum
2213 721 2587 791 dejiciuntur,
2623 718 2949 791 puellarum
2983 716 3363 783 deluduntur,
3403 718 3458 769 et
3485 716 3701 768 cuncta

2051 815 2359 868 vastantur
2384 827 2398 875 ;
2434 809 2661 879 fuitque
2690 823 2759 863 eo
2783 812 3044 877 tempore
3068 819 3182 860 non
3210 802 3395 858 minor
3420 801 3474 855 in
3496 796 3703 856 acele-

2055 901 2159 957 siis
2188 898 2462 970 gemitus,
2495 912 2665 969 quam
2699 895 3000 952 Decianeis
3030 890 3526 960 Diocletianisque
3555 891 3705 942 tem-

2056 988 2314 1061 poribus.
2356 986 2545 1058 [Βειιτ.
2582 984 2669 1056 12]
2705 983 2828 1049 Quo
2860 981 3093 1039 turbine
3136 976 3519 1035 Virdunensis
3564 973 3707 1031 civi-

2055 1081 2147 1133 tas
2198 1075 2494 1145 exagitata
2544 1074 2821 1130 defuncto
2871 1070 3122 1140 Agroino
3170 1066 3445 1139 episcopo
3491 1062 3703 1120 diebus

2058 1164 2257 1221 multis
2290 1163 2500 1220 mansit
2534 1176 2736 1231 vacua,
2772 1164 3008 1231 pastore
3037 1157 3292 1213 viduata.

2129 1253 2228 1309 His
2261 1252 2468 1309 diebus
2501 1249 2831 1306 ablactatus
2865 1247 3049 1302 almus
3074 1258 3217 1316 puer
3240 1241 3591 1310 Maldeveus,
3617 1252 3708 1293 re-

2060 1342 2282 1413 ligiosis
2295 1340 2436 1397 viris
2454 1338 2709 1395 traditus
2723 1341 2813 1392 est
2832 1334 3050 1391 litteris
3069 1331 3434 1395 imbuendus,
3453 1341 3701 1399 quarum

2060 1429 2366 1488 elementis
2386 1426 2547 1485 brevi
2578 1426 2733 1482 datis
2753 1422 3066 1491 memoria,
3095 1419 3254 1476 dedit
3278 1432 3512 1490 operam
3533 1413 3711 1471 intel-

2064 1520 2243 1589 ligere
2279 1518 2566 1589 pracepta
2602 1514 2746 1570 artis
2774 1511 3188 1583 grammatica,
3238 1522 3341 1579 per
3388 1520 3514 1576 qua
3561 1518 3707 1562 vera

2064 1611 2428 1678 agnosceret,
2465 1604 2611 1661 vicia
2642 1603 2833 1673 quiret
2862 1601 3067 1657 vitare.
3103 1601 3240 1654 Post
3274 1597 3399 1652 hac
3446 1590 3709 1650 tribunal

312 1679 496 1773 ipsius
517 1698 747 1769 Pippini
766 1697 1152 1768 capellanum,
1182 1696 1252 1750 de
1279 1694 1624 1750 incivilitate
1648 1706 1848 1762 regum
1879 1705 1953 1746 ex
1981 1717 2035 1776 Β
2066 1696 2326 1754 ascendit
2348 1693 2677 1751 rethorica.
2705 1691 2814 1747 Sed
2830 1690 2962 1761 quia
2987 1688 3189 1744 rethor
3209 1679 3684 1741 esttraditorelo
3702 1709 3716 1720 ο

314 1789 552 1859 antiqua
575 1785 1037 1854 Merovingorum
1060 1784 1248 1854 stirpe
1264 1782 1760 1852 descendentium,
1781 1784 1840 1836 ut
1859 1794 1954 1836 su-

317 1876 513 1948 perius
535 1873 991 1945 praiibavimus,
1016 1872 1248 1926 mandat
1266 1870 1480 1941 populo
1494 1872 1871 1933 Francorum,
1888 1872 1950 1924 ut

314 1963 613 2035 Pippinus,
641 1961 736 2032 qui
760 1964 1055 2032 potestate
1070 1959 1229 2028 regia
1245 1960 1541 2027 utebatur,
1560 1957 1806 2013 nominis
1822 1971 1956 2027 quo-

316 2066 427 2122 que
459 2049 744 2119 dignitate
778 2049 1089 2104 frueretur.
1126 2048 1299 2117 (Ann.
1332 2045 1535 2116 Fald.)
1565 2046 1649 2100 Ita
1675 2043 1958 2100 Childeri-

315 2152 420 2193 cus
451 2151 554 2191 rex
584 2135 824 2191 ultimus
857 2135 927 2189 de
960 2133 1082 2205 ipsa
1108 2132 1293 2203 stirpe
1324 2132 1649 2202 depositus,
1677 2136 1734 2186 et
1760 2131 1812 2189 in
1840 2145 1957 2186 mo-

315 2223 633 2280 nasterium
666 2227 886 2291 trusus,
922 2224 977 2276 et
1015 2220 1294 2291 Pippiuus
1327 2220 1383 2275 in
1408 2234 1603 2288 regem
1626 2220 1871 2288 electus,
1896 2223 1956 2273 et

313 2314 698 2368 consecratus
731 2313 817 2366 est
873 2323 903 2364 a
954 2308 1250 2363 Bonifacio
1294 2308 1604 2378 Moguntia
1653 2307 1953 2378 episcopo,

316 2398 639 2455 Suessionis
672 2398 727 2452 in
757 2395 915 2452 villa.
952 2410 982 2450 a
1016 2400 1138 2450 752.
1165 2395 1469 2466 (Gestap.
1497 2396 1594 2465 R.)
1621 2395 1731 2449 Sed
1754 2398 1812 2449 et
1837 2396 1959 2449 Ste-

315 2484 561 2556 phanus,
597 2483 692 2553 qui
719 2482 1010 2539 Zachariae
1044 2484 1436 2549 successerat,
1458 2484 1701 2552 propter
1726 2481 1960 2536 infesta-

314 2571 532 2626 tionem
557 2568 787 2624 Aistulfi
810 2567 967 2637 regis
991 2568 1507 2636 Langobardorum
1535 2572 1603 2623 14
1626 2568 1717 2623 die
1742 2567 1959 2623 mensis

316 2656 589 2713 Octobris
619 2657 797 2712 Roma
829 2669 1118 2724 egressus,
1155 2654 1478 2711 indictione
1510 2660 1562 2725 7,
1599 2660 1847 2727 papatus
1871 2655 1962 2711 sui

318 2761 367 2801 a.
401 2749 454 2815 2,
481 2745 552 2799 ab
575 2743 684 2799 inc.
713 2744 872 2798 Dom.
898 2744 1019 2797 754.
1048 2742 1119 2797 ad
1142 2743 1407 2813 Pipinum
1434 2744 1589 2798 venit
1618 2744 1673 2798 in
1696 2743 1956 2813 Francia,

315 2835 372 2890 et
402 2830 706 2887 constituit
742 2844 873 2886 eum
904 2831 1173 2884 Romana
1206 2829 1475 2887 ecclesia
1508 2830 1874 2886 defensorem
1905 2835 1960 2885 et

318 2918 660 2993 principem,
686 2922 743 2974 et
768 2917 1133 2973 confirmavit
1163 2918 1439 2974 unctione
1463 2933 1567 2974 sua
1594 2918 1648 2973 in
1673 2922 1961 2988 regem,et

319 3007 480 3065 unxit
511 3007 659 3063 duos
692 3005 841 3062 filios
890 3005 1015 3075 ejus
1062 3005 1511 3062 Carlomannum
1562 3011 1623 3062 et
1674 3005 1961 3063 Carolum.

316 3096 491 3168 (Am.
520 3094 724 3165 Fuld.)
749 3095 973 3150 Extunc
1006 3093 1199 3149 ablata
1224 3100 1318 3149 est
1340 3095 1518 3149 Roma
1543 3109 1573 3150 a
1600 3093 1967 3164 subjectione

322 3183 548 3254 imperii
603 3182 956 3238 Gracorum.
1012 3183 1172 3236 Anno
1201 3180 1269 3214 ³³³
1301 3186 1405 3237 755
1457 3186 1587 3252 post
1641 3182 1966 3253 Gayronum

323 3271 662 3342 episcopum
681 3269 1133 3325 Flaviniacensis
1154 3268 1438 3325 acclesia
1462 3270 1732 3325 abbatem
1756 3270 1971 3325 Manas-

324 3372 419 3415 ses
451 3357 757 3414 ordinatur
785 3356 967 3413 abbas
996 3360 1261 3428 tempore
1285 3356 1514 3428 Pippini
1540 3357 1830 3427 quondam
1856 3372 1971 3413 ma-

319 3445 468 3516 joris
498 3444 721 3515 domus,
758 3452 897 3501 tunc
932 3449 1123 3501 autem
1160 3445 1313 3514 regis
1343 3447 1717 3502 Francorum.

398 3536 561 3590 Anno
593 3532 774 3601 igitur
804 3532 875 3587 ab
903 3532 1302 3589 incarnatione
1326 3533 1623 3590 humanati
1650 3534 1824 3591 Verbi
1843 3538 1970 3606 753,

329 3620 572 3691 suscipit
605 3618 984 3691 prasulatum
1017 3620 1400 3677 Virdunensis
1431 3621 1697 3679 ecclesia
1729 3623 1975 3680 domnus

328 3707 676 3765 Maldeveus.
712 3707 813 3763 Hic
844 3708 898 3762 in
919 3708 1120 3764 eadem
1144 3710 1288 3765 urbe
1313 3710 1654 3766 christianis
1672 3715 1730 3766 et
1755 3710 1973 3768 inclitis

330 3795 673 3868 parentibus
692 3800 778 3851 est
804 3797 1021 3852 editus.
1043 3796 1150 3863 Qui
1174 3798 1372 3853 statim
1389 3805 1629 3855 renatus
1651 3814 1721 3855 ex
1743 3814 1891 3870 aqua
1913 3805 1973 3856 et

331 3884 543 3956 spiritu
566 3883 622 3940 in
647 3890 865 3955 septem
883 3884 1561 3957 baptismatisgradibus,
1580 3892 1802 3960 septem
1822 3903 1977 3945 com-

333 3971 644 4044 prehendit
674 3972 820 4028 dona
853 3971 1123 4043 paracliti
1153 3973 1426 4045 Spiritus,
1472 3976 1712 4048 Accepit
1765 3977 1975 4033 deinde

334 4074 538 4116 carnes
566 4059 696 4130 agni
728 4060 1082 4117 immaculati
1115 4076 1245 4118 cum
1280 4063 1581 4134 sanguine,
1618 4065 1972 4123 candidatus

334 4146 687 4217 virginitatis
735 4153 919 4219 veste,
958 4147 1273 4207 decoratus
1324 4150 1785 4209 immortalitatis
1836 4153 1977 4209 lam-

333 4236 499 4307 pade.
528 4234 667 4305 (Fol.
691 4236 820 4306 52’.)
838 4237 1164 4294 Ardebatea
1182 4244 1527 4310 tempestate
1541 4241 1726 4297 omnis
1742 4240 1973 4310 Belgica

261 4338 265 4342 ‘
334 4322 627 4377 cotidiana
660 4323 948 4379 bellorum
972 4325 1271 4380 instantia.
1303 4328 1484 4397 [ΕιΝει.
1532 4328 1669 4385 Vita
1700 4328 1801 4399 Εἴ]
1836 4330 1974 4384 Nam

2067 1785 2340 1857 quentia,
2387 1780 2718 1852 eloquentia
2769 1793 2908 1836 vero
2960 1777 3088 1833 sine
3137 1772 3422 1846 sapientia
3468 1768 3713 1827 nimium

2067 1877 2241 1932 obest
2268 1872 2630 1945 plerumque,
2663 1868 2902 1940 prodest
2936 1877 3269 1934 numquam,
3303 1859 3517 1916 omissa
3538 1870 3712 1912 exer-

2067 1944 2347 2018 citatione
2368 1958 2618 2028 dicendi,
2646 1957 2701 2011 in
2727 1951 3070 2011 rectissimis
3085 1955 3259 2021 atque
3284 1944 3716 2004 honestissimis

2068 2050 2284 2107 studiis
2318 2047 2562 2104 rationis
2592 2059 2817 2102 omnem
2847 2056 3006 2100 suam
3039 2036 3397 2109 consumpsit
3446 2047 3713 2105 operam,

2070 2138 2326 2195 studium
2361 2140 2537 2193 recta
2566 2133 2814 2190 rationis
2844 2130 2915 2187 ad
2949 2128 3165 2198 divina,
3198 2125 3456 2183 studium
3480 2119 3715 2178 honesti

2070 2226 2242 2282 ofﬁcii
2277 2225 2538 2281 referens
2568 2222 2637 2279 ad
2669 2222 2936 2277 humana.
2972 2218 3114 2273 Hinc
3138 2229 3234 2271 res
3258 2226 3474 2279 omnes,
3501 2224 3632 2280 qua
3654 2208 3714 2262 in

2071 2314 2247 2370 dictis
2266 2318 2326 2369 et
2349 2312 2521 2369 factis
2540 2315 2596 2366 et
2623 2311 2679 2366 in
2701 2313 2830 2365 toto
2844 2306 3058 2363 mundo
3072 2308 3344 2373 aguntur,
3360 2301 3561 2356 decem
3579 2310 3716 2353 esse

2072 2402 2425 2472 intelligens,
2453 2414 2580 2470 qua
2616 2396 3063 2469 pradicamenta
3088 2392 3386 2457 dicuntur,
3411 2399 3718 2457 argumen-

2073 2497 2263 2549 torum
2297 2491 2461 2546 fucos
2492 2493 2547 2544 et
2583 2485 3036 2555 sillogismorum
3070 2478 3478 2552 perplexiones
3515 2472 3716 2543 sagaci

2074 2580 2266 2636 animo
2298 2575 2600 2645 discrevit,
2633 2580 2692 2629 et
2725 2573 2778 2628 in
2812 2572 2898 2627 eis
2931 2570 3111 2627 aciem
3140 2567 3230 2625 sui
3265 2565 3474 2622 docilis
3504 2574 3718 2619 sensus

2076 2668 2146 2724 ad
2182 2680 2429 2736 unguem
2461 2662 2714 2721 exacuit.
2749 2663 2934 2716 Intrat
2963 2672 3036 2714 ex
3052 2658 3162 2713 hoc
3181 2652 3587 2726 quadruvium,
3612 2648 3717 2706 ubi

2077 2756 2261 2813 cubos
2291 2752 2694 2819 arithmetica,
2726 2763 2900 2806 sonos
2942 2746 3193 2814 musica,
3244 2741 3448 2799 modos
3490 2751 3719 2810 geome-

2077 2844 2226 2913 tria,
2253 2840 2451 2898 radios
2474 2837 2842 2897 astronomia
2868 2832 3190 2907 perspicaci
3212 2829 3541 2903 percipiens
3563 2839 3722 2882 men-

2079 2939 2158 3004 te,
2194 2930 2264 2987 ad
2299 2928 2711 3003 perfectionem
2744 2923 2997 2997 duplicis
3026 2921 3234 2991 thesis,
3269 2917 3327 2975 id
3356 2922 3449 2975 est
3502 2913 3725 2973 theori-

2081 3037 2162 3078 ca
2198 3018 2461 3091 pervenit
2491 3021 2549 3074 et
2583 3016 2877 3087 practica.

2150 3107 2481 3165 Puerilibus
2511 3104 2691 3175 igitur
2711 3102 2897 3168 annis,
2922 3106 2987 3157 ut
3008 3096 3343 3171 patriarcha
3358 3095 3565 3164 Jacob,
3588 3091 3727 3148 sim-

2085 3196 2316 3269 pliciter
2331 3194 2486 3252 domi
2500 3191 2835 3259 transactis,
2855 3189 3125 3261 pulsabat
3139 3182 3552 3243 adolescentia
3570 3181 3729 3269 fores

2086 3268 2419 3357 proficiens,
2439 3286 2495 3339 et
2512 3281 2751 3354 placens
2768 3285 2883 3335 tam
2899 3279 3012 3332 Deo
3026 3289 3195 3348 quam
3208 3271 3560 3329 hominibus.
3579 3268 3731 3357 Sane

2086 3355 2216 3445 post
2238 3373 2415 3429 ﬂores
2438 3369 2771 3427 rethoricos
2797 3382 2863 3424 ac
2885 3379 3105 3436 angues
3129 3359 3569 3432 sillogismicos,
3593 3355 3734 3414 scri-

2088 3467 2276 3534 ptura
2307 3461 2517 3517 divina
2549 3456 2878 3529 ingreditur
2907 3467 3161 3525 campos,
3214 3450 3313 3507 ubi
3360 3447 3604 3505 audiens
3658 3445 3733 3501 ab

2090 3548 2374 3622 Apostolo
2399 3567 2411 3605 :
2439 3549 2641 3605 Omnis
2663 3547 2771 3618 qui
2782 3543 2943 3602 caste
2954 3541 3124 3611 eicit,
3143 3534 3735 3611 templumestSpiri-

2090 3621 2183 3696 tus
2197 3638 2392 3695 sancti
2407 3636 2620 3703 (Ῑσον.
2635 3649 2710 3703 v1,
2729 3638 2819 3699 19)
2831 3630 2987 3703 ,-(fol.
3007 3630 3095 3702 53)
3111 3629 3248 3686 item
3274 3627 3331 3682 in
3355 3621 3633 3696 Apocalip
3644 3623 3690 3678 si
3719 3640 3731 3674 :

2095 3728 2209 3794 Qui
2220 3741 2351 3784 cum
2360 3721 2714 3782 mulieribus
2724 3713 3738 3789 nonsuntcoinquz’mti,hiisegmm

2092 3818 2190 3873 tur
2218 3828 2440 3887 agnam
2469 3825 2813 3884 quocunque
2839 3809 2986 3867 ierit
3014 3809 3208 3879 (Apoc.
3246 3820 3357 3874 xxv,
3392 3804 3472 3871 4),
3529 3798 3733 3855 statim

2094 3905 2409 3977 primevam
2432 3916 2598 3959 suam
2622 3899 2903 3957 etatulam
2924 3897 3154 3954 Christo
3172 3893 3411 3959 Domino
3426 3902 3735 3948 consecra-

2092 3974 2213 4059 vit;
2249 3991 2333 4047 illi
2366 3995 2490 4047 toto
2522 3989 2709 4044 animo
2741 3986 2973 4059 placere
2997 3999 3064 4040 ac
3087 3981 3308 4039 servire
3328 3978 3613 4050 gestiens,
3639 3974 3736 4045 qui

2092 4085 2184 4138 est
2222 4094 2356 4153 pars
2384 4083 2441 4135 et
2469 4076 2769 4134 hereditas
2798 4073 2946 4144 (jus,
2977 4071 3363 4141 eogitansque
3403 4065 3528 4125 vias
3576 4077 3737 4133 suas,

2095 4168 2390 4226 convertit
2422 4166 2601 4239 pedes
2634 4179 2773 4221 suos
2805 4164 2861 4218 in
2900 4159 3238 4217 testimonia
3285 4159 3441 4226 Iesu,
3489 4165 3748 4225 querens

2097 4257 2295 4313 videre
2330 4256 2480 4312 bona
2510 4252 2733 4310 Domini
2780 4252 2837 4306 in
2884 4256 3042 4309 terra
3088 4245 3423 4305 viventium.
3478 4241 3747 4312 Adeptus

2098 4345 2333 4401 tandem
2363 4342 2681 4400 clericatus
2712 4340 3011 4409 honorem,
3047 4334 3271 4407 accepit
3305 4347 3335 4388 a
3382 4330 3621 4387 Domino
3653 4328 3753 4383 be-

337 4407 848 4503 fP8§1i3_9fg_nit_33,
874 4425 1045 4481 (illa?a
1070 4413 1333 4503 Μθυογρο
1358 4428 1493 4483 Pege
1518 4421 1846 4486 sumpserat
1872 4416 1976 4472 ίηί·
2006 4405 2065 4467 D
2100 4433 2514 4503 nedictionem,
2548 4436 2606 4488 et
2654 4405 3112 4487 misericordiam
3162 4405 3204 4480 a
3244 4425 3362 4478 Deo
3401 4419 3749 4477 salutarem.

334 4494 438 4564 tia,
462 4495 519 4549 in
542 4495 893 4552 Hildericum
919 4512 1113 4566 regem
1140 4499 1235 4568 qui
1255 4498 1423 4568 jussu
1441 4502 1716 4572 Stephani
1732 4504 1973 4560 Romani

336 4581 632 4653 pontiﬁcis
646 4583 993 4661 detonsuset
1011 4585 1065 4641 in
1082 4588 1498 4646 monasterium
1521 4592 1724 4646 trusus
1738 4596 1986 4663 est,por-

337 4676 520 4741 recta,
546 4670 647 4727 illo
669 4671 724 4726 in
752 4676 1013 4743 tempore
1037 4674 1255 4731 nullius
1281 4676 1498 4744 vigoris
1523 4683 1670 4749 erat,
1698 4681 1982 4750 necquic-

338 4771 507 4829 quam
524 4759 579 4815 in
593 4774 654 4815 se
670 4761 1063 4831 praterinane
1078 4763 1233 4832 regis
1251 4765 1594 4821 vocabulum
1612 4769 1993 4837 praeferebat-

338 4846 490 4942 Qpes
504 4848 718 4942 quippe
731 4853 790 4904 et
805 4848 1101 4942 redituum
1118 4852 1601 4924 atiluentia,regni
1617 4855 1991 4937 administra-

337 4933 421 4989 tio
436 4949 537 4991 seu
551 4936 763 5007 omnia,
782 4950 909 5008 qua
929 4936 1020 4993 vel
1035 4938 1187 4994 domi
1211 4938 1303 4994 vel
1322 4940 1461 4997 foris
1472 4932 1692 5011 agenda
1711 4958 1776 5001 ac
1793 4946 1991 5018 dispo-

336 5020 521 5076 nenda
551 5031 738 5094 erant,
773 5039 951 5097 penes
981 5027 1289 5097 prafectos
1325 5029 1548 5100 palatii,
1586 5031 1683 5100 qui
1729 5033 1988 5102 majores

337 5106 543 5165 domus
569 5109 932 5184 dicebantur,
968 5116 1296 5171 manebant.
1334 5115 1454 5181 Qua
1477 5119 1891 5188 prafectorum
1919 5122 1990 5177 li-

333 5195 526 5251 centia
555 5198 739 5253 crevit
771 5214 994 5257 morum
1025 5203 1358 5274 insolentia,
1409 5206 1665 5264 adolevit
1720 5209 1987 5268 domino-

339 5296 465 5339 rum
493 5283 750 5343 crudelis
781 5289 1062 5360 potentia,
1093 5305 1202 5349 nec
1232 5291 1417 5350 defuit
1439 5294 1676 5369 invidia,
1701 5312 1830 5369 qua
1856 5318 1984 5373 pes-

2104 4522 2406 4580 Cotidiano
2438 4521 2727 4593 siquidem
2760 4520 3039 4591 provectu
3069 4515 3193 4571 ibat
3215 4511 3287 4568 de
3309 4511 3528 4568 virtute
3553 4506 3611 4593 in
3629 4504 3757 4561 vir-

2105 4617 2310 4681 tutem,
2343 4592 2527 4668 latam
2552 4616 2612 4667 et
2640 4609 2960 4682 spatiosam
2992 4604 3141 4662 viam
3166 4615 3295 4673 qua
3318 4596 3478 4656 ducit
3504 4592 3577 4651 ad
3600 4607 3757 4650 mor-

2106 4708 2221 4758 tem
2255 4702 2525 4770 horrens,
2561 4702 2746 4770 artam
2778 4702 2838 4752 et
2866 4697 3173 4770 angustam
3205 4703 3317 4761 qua
3351 4687 3468 4744 itur
3492 4683 3564 4741 ad
3588 4686 3751 4770 astra

2106 4752 2386 4844 sequens,
2405 4752 2647 4827 éah’niii
2662 4752 2891 4825 timore
2919 4752 3018 4822 fici
3051 4752 3258 4820 carnes
3306 4772 3464 4826 suas,
3511 4752 3756 4812 mortiﬁ-

2104 4843 2246 4920 cans
2280 4861 2537 4917 membra
2585 4874 2687 4917 sua
2736 4872 2866 4914 cum
2913 4854 3083 4912 viciis
3124 4856 3183 4910 et
3230 4843 3756 4921 concupiscentiis,

2111 4951 2328 5023 spiritu
2360 4947 2679 5018 ambulans,
2714 4934 3006 5003 desideria
3039 4940 3233 5000 carnis
3262 4954 3377 4996 non
3419 4935 3756 5009 perfleiens,

2112 5020 2531 5096 misericordia
2562 5036 2839 5109 operibus
2870 5032 3139 5101 studens,
3170 5028 3386 5099 vigiliis
3424 5030 3486 5080 et
3520 5020 3763 5094 jejuniis

2113 5143 2331 5199 corpus
2361 5127 2638 5196 afﬂigens,
2674 5122 2923 5181 orationi
2955 5120 3253 5189 insistens,
3286 5110 3656 5172 meditationi
3677 5109 3765 5165 in-

2115 5196 2404 5288 serviens,
2436 5229 2609 5272 aures
2641 5214 2711 5269 ab
2731 5212 3029 5270 auditione
3054 5206 3202 5265 mala
3228 5216 3532 5272 coercens,
3558 5196 3769 5257 oculos

2112 5321 2149 5363 a
2180 5286 2440 5363 vanitate
2469 5306 2757 5371 avertens,
2792 5300 2937 5359 odor
2968 5299 3153 5357 bonus
3182 5297 3301 5352 Deo
3330 5293 3388 5350 in
3436 5288 3590 5348 omni
3636 5286 3771 5345 loco

1694 5420 1940 5494 VARLE
1980 5428 2387 5491 LECTIONES.

414 5500 484 5537 ⁸³⁸
511 5503 579 5560 in
603 5503 881 5575 margine
