3936 6050
146 210 262 281 141

1408 214 1908 321 CHRONICQN.
1940 255 2019 269 -
2046 217 2204 284 LIB.
2241 219 2287 284 ι.

3438 222 3553 288 142

143 365 276 409 esse
302 354 601 425 satagens,
631 367 698 410 os
721 362 888 411 suum
906 367 937 410 a
955 348 1325 424 multiloquio
1343 352 1436 411 vel
1463 352 1796 425 vaniloquio
1825 354 1881 415 A
1912 353 2046 410 licet
2080 353 2310 411 diversa
2342 353 2458 411 sint
2485 352 2737 425 nomina,
2756 353 2904 426 legis
2927 354 3136 414 divinae
3159 354 3290 428 poni
3312 362 3375 414 et
3420 372 3552 414 esse

144 441 517 511 custodiens,
544 456 747 498 manus
768 442 838 498 ab
861 442 1012 497 omni
1039 457 1276 498 munere
1294 443 1622 512 excutiens,
1662 457 1797 498 con-

146 529 350 585 silium
380 544 649 601 opusque
680 546 843 587 suum
878 530 950 586 ad
974 533 1149 587 Deum
1174 544 1401 601 semper
1424 534 1791 600 convertens,

145 617 201 671 in
230 618 393 672 omni
427 623 562 674 actu
621 632 729 675 suo
790 619 911 688 Dei,
974 633 1087 674 non
1144 633 1307 675 suam
1363 618 1605 688 gloriam
1659 632 1795 689 que-

144 701 301 743 rens.

213 775 472 831 Vivebat
503 775 716 832 studiis
748 775 1091 833 adolescens
1117 775 1316 845 justus
1348 775 1403 831 in
1430 775 1577 845 istis,

217 863 545 921 Ordinibus
574 864 760 921 sacris
790 864 1151 935 respondens
1183 865 1441 922 moribus
1475 864 1649 935 aptis.

216 952 366 1007 Post
393 952 504 1008 hec
536 953 607 1008 ad
640 951 857 1022 majora
879 952 1304 1019 conscendens,
1325 952 1665 1024 presbiterii
1696 952 1795 1007 ho-

141 1054 352 1095 norem
375 1040 606 1098 electus
627 1041 876 1112 accepit,
895 1040 1255 1111 justiﬁcatus
1273 1041 1549 1113 optinuit.
1572 1043 1795 1098 Consti-

143 1126 340 1182 tuitur
371 1128 572 1199 itaque
604 1128 859 1185 unanimi
894 1143 1161 1195 assensu,
1192 1129 1483 1184 electione
1514 1128 1794 1184 omnium-

142 1218 351 1271 rector
381 1220 443 1271 et
471 1217 618 1272 abba
643 1215 910 1272 ecclesiae
933 1216 1120 1272 sancti
1146 1216 1360 1286 Vitoni,
1380 1231 1550 1287 quam
1583 1220 1640 1271 et
1674 1222 1794 1272 stu-

141 1301 241 1357 dio
255 1302 592 1373 spiritualis
604 1303 871 1359 exercitii
886 1308 945 1358 et
961 1305 1137 1358 rebus
1153 1302 1576 1374 temporalibus
1598 1303 1795 1359 melio-

141 1393 356 1461 ratam,
391 1390 661 1462 exemplo
690 1395 746 1447 et
788 1392 1057 1448 doctrina
1110 1388 1181 1447 ad
1240 1391 1418 1446 divini
1482 1390 1793 1447 famulatus

141 1493 406 1535 amorem
439 1480 722 1536 accendit.
756 1479 884 1536 Fuit
911 1480 1062 1535 enim
1081 1479 1410 1535 humilitate
1440 1479 1788 1550 praecipuus,

141 1568 402 1625 caritate
435 1567 702 1639 diffusus,
746 1568 1053 1639 prudentia
1111 1567 1414 1636 mirabilis,
1472 1568 1792 1623 sobrietate

143 1655 488 1727 laudabilis,
500 1657 731 1725 justitia
756 1656 1020 1726 insignis,
1049 1655 1391 1711 fortitudine
1414 1655 1789 1727 spectabilis;

142 1748 202 1799 et
234 1743 387 1800 licet
418 1748 666 1802 cunctos
694 1745 977 1814 dignitate
1008 1744 1399 1815 praecelleret,
1433 1748 1559 1799 erat
1601 1748 1794 1800 tamen

144 1832 492 1889 obedientia
536 1833 765 1890 cunctis
811 1833 1103 1903 subditus,
1159 1832 1437 1903 patientia
1486 1833 1791 1904 probatus,

146 1922 337 1983 forma
372 1922 569 1978 factus
596 1921 759 1991 gregi
810 1935 882 1976 ex
926 1920 1137 1991 animo,
1192 1926 1256 1977 ut
1299 1920 1357 1975 in
1403 1934 1472 1976 eo
1521 1919 1796 1977 subditus

146 2010 401 2081 quisque
462 2013 829 2080 agnosceret,
886 2024 1055 2080 quam
1099 2008 1211 2064 sibi
1258 2008 1488 2065 vivendi
1536 2022 1795 2064 normam

146 2102 506 2155 assumeret.
547 2099 679 2154 Hazc
709 2098 780 2154 de
830 2111 899 2154 eo
949 2097 1095 2153 fama
1142 2097 1357 2168 ubique
1406 2096 1652 2166 ferebat,
1705 2096 1796 2153 hic

148 2201 353 2243 rumor
413 2186 668 2243 omnium
716 2187 772 2242 in
823 2200 923 2242 ore
970 2185 1285 2242 continuus
1317 2189 1486 2250 erat;
1518 2183 1795 2240 Madelvei

145 2275 344 2346 pietas
374 2274 622 2346 ejusque
652 2275 915 2346 probitas
943 2274 1234 2330 lustrabat
1263 2273 1505 2345 patrias,
1525 2272 1793 2343 replebat

147 2362 403 2435 plateas,
424 2363 564 2419 edes
576 2363 848 2434 pulsabat
867 2362 1280 2435 palatinas.His
1293 2360 1796 2433 praecurrentibus

147 2451 364 2507 muniis
392 2455 744 2507 cunctorum
776 2449 931 2506 votis
955 2450 1011 2505 in
1035 2449 1382 2521 pontificatu
1403 2447 1643 2517 eligitur
1675 2448 1798 2503 Vir-

145 2538 435 2595 dunensis
467 2537 651 2594 urbis.
690 2537 853 2604 Quod
888 2537 1021 2593 licet
1052 2537 1260 2592 timore
1286 2536 1385 2591 Dei
1421 2534 1627 2607 plenus
1644 2535 1797 2590 omni

145 2627 455 2683 conanime
471 2625 764 2695 rejecerit,
786 2629 1029 2695 totoque
1045 2625 1246 2680 adnisu
1264 2624 1800 2694 recusaverit,mul-

147 2719 343 2771 torum
365 2717 567 2769 tamen
592 2713 881 2769 sententia
905 2713 1003 2769 Dei
1025 2712 1213 2781 gratia
1245 2710 1615 2783 prmcedente
1657 2726 1801 2782 pra:-

145 2800 435 2872 valuit,ac
452 2815 563 2857 una
576 2800 721 2858 cleri
737 2799 1050 2872 populique
1064 2798 1375 2855 concordia
1389 2798 1799 2869 episcoporum

143 2891 375 2961 judicio
405 2889 620 2960 dignus
669 2890 724 2945 in
753 2887 1072 2946 chatbedra
1127 2886 1451 2959 pontificali
1483 2886 1800 2959 exaltatur,

149 2978 566 3035 benedictione
580 2976 1144 3047 firmatur,unctione
1159 2981 1447 3031 sacratur.
1458 2975 1661 3046 (Gesta
1673 2989 1797 3047 φρ.

150 3065 346 3138 Matt.)
379 3066 646 3137 Regebat
676 3069 815 3123 tunc
843 3067 1156 3122 Romanam
1188 3063 1516 3121 aacclesiam
1565 3064 1803 3135 Stepha-
1835 3049 1882 3110 C

150 3170 262 3213 nus
282 3155 608 3223 secundus,
631 3154 867 3211 Francis
890 3169 1029 3211 vero
1047 3153 1492 3225 principabatur
1522 3150 1803 3224 Pippinus

151 3243 349 3303 Caroli
378 3244 607 3301 Tuditis
638 3242 810 3315 illius,
844 3256 915 3299 ex
944 3242 1161 3311 majore
1191 3241 1395 3298 domus
1427 3246 1486 3297 et
1525 3242 1803 3313 praefecto

149 3332 356 3405 palatii
389 3346 496 3388 rex
524 3332 908 3402 constitutus,
941 3345 971 3387 a
1006 3346 1119 3402 quo
1152 3329 1609 3401 Chrodegandus
1630 3329 1798 3400 abba,

147 3423 239 3477 vir
268 3420 550 3492 egregius
574 3424 634 3477 et
664 3420 933 3477 omnibus
982 3419 1313 3475 eﬂ‘erendus
1359 3418 1690 3490 praeconiis,
1745 3417 1801 3472 in

151 3509 377 3583 palatio
408 3508 636 3581 praefati
669 3507 860 3565 Caroli
892 3508 1175 3574 nutritus,
1207 3506 1451 3578 ejusque
1470 3506 1803 3563 referenda-

152 3599 299 3671 rius,
333 3599 409 3654 ab
441 3598 571 3669 ipso
598 3601 657 3653 et
697 3597 937 3654 Francis
984 3595 1253 3653 omnibus
1294 3595 1520 3653 electus
1565 3596 1800 3651 Romam

149 3686 369 3744 missus
396 3691 512 3756 est,
546 3688 606 3740 ut
640 3682 1008 3756 praelibatum
1064 3682 1417 3756 Stephanum
1468 3697 1674 3755 papam
1731 3681 1801 3737 ad

151 3774 396 3844 Gallias,
433 3778 498 3830 ut
526 3776 871 3830 cunctorum
921 3776 1058 3829 vota
1104 3771 1476 3842 anhelabant,
1528 3775 1797 3828 evocaret

152 3862 253 3935 (fol
285 3861 399 3935 53’)
427 3879 442 3929 ;
475 3860 630 3934 quod
657 3865 717 3917 et
748 3860 884 3918 fecit
914 3880 926 3915 :
962 3875 992 3917 a
1025 3875 1140 3931 quo
1169 3861 1345 3917 etiam
1378 3860 1434 3915 in
1467 3859 1798 3931 pontificem

149 3950 463 4010 Mettensis
488 3948 793 4020 ecclesiae,
828 3952 1059 4005 astante
1086 3961 1222 4019 rege
1252 3953 1311 4003 et
1337 3946 1576 4020 pOpulo,
1601 3962 1801 4003 conse-

149 4039 628 4114 cratus,pallium
649 4038 975 4110 promeruit
995 4052 1126 4094 cum
1156 4037 1388 4093 nomine
1415 4035 1802 4107 archiepisco-

150 4129 410 4206 pi.Quod
424 4128 600 4185 etiam
614 4126 961 4199 quibusdam
974 4126 1276 4183 Mettensis
1288 4123 1569 4182 aaeclesiae
1584 4138 1804 4196 praesu-

151 4219 310 4277 libus
322 4216 640 4289 aliquoties
652 4229 992 4272 concessum
1019 4214 1197 4271 fuisse
1221 4214 1457 4286 legitur,
1482 4230 1589 4287 pro
1612 4214 1804 4271 multi-

155 4308 331 4367 moda
358 4304 693 4364 vastatione
721 4304 1081 4360 Trevirensis
1111 4303 1314 4360 matris
1335 4303 1640 4376 :ecclesiae,
1676 4318 1804 4376 quae

1823 1700 1877 1760 B

1903 442 2209 511 jusserunt
2234 460 2248 510 ;
2265 447 2458 499 tamen
2481 444 2559 500 ita
2577 444 2878 501 multoties
2894 445 3149 516 peccatis
3181 447 3553 515 exigentibus

1908 530 2110 585 attrita
2142 530 2270 600 fuit,
2306 535 2367 587 ut
2416 546 2482 587 ea
2531 536 2775 588 vacante
2823 533 3191 588 Mettensium
3269 530 3575 603 praesules

1908 617 2345 689 metropolitani
2376 620 2756 688 fungerentur
2777 620 2965 676 officio
2980 623 3035 675 et
3066 620 3372 691 dignitate.
3428 619 3554 676 Tul-

1908 703 2168 762 lensibus
2193 722 2421 777 quoque
2455 711 2701 779 przeerat
2736 708 2893 763 Godo
2924 707 3292 764 venerandus
3331 708 3556 778 episco-

1910 809 2035 865 pus,
2072 793 2169 864 qui
2202 794 2625 851 immunitatem
2659 795 2918 852 civitatis
2950 800 3005 851 et
3050 796 3554 867 recuperationem

1909 883 2243 938 chartarum
2308 883 2438 953 igne
2497 887 2971 955 consumptarum
3028 884 3181 953 apud
3248 884 3554 954 praefatum

1911 983 2110 1038 regem
2147 969 2451 1040 Pippinum
2484 984 2602 1025 sua)
2625 968 2941 1039 adquisivit
2964 968 3267 1025 aecclesiae.

1979 1058 2142 1111 Inter
2172 1057 2280 1112 hos
2321 1058 2527 1113 beatus
2576 1056 2905 1112 Madelveus
2955 1057 3238 1113 virtutum
3288 1055 3554 1112 radiabat

1914 1142 2147 1215 decore,
2165 1148 2221 1199 et
2238 1145 2583 1213 dignitatem
2601 1144 2991 1215 pontificalem
3008 1144 3290 1200 bonorum
3315 1159 3556 1215 operum

1911 1231 2239 1286 adornabat
2283 1232 2494 1288 nitore.
2548 1230 2708 1297 Quod
2759 1231 3027 1297 officium,
3081 1231 3345 1300 quamvis
3389 1231 3554 1286 rudis

1909 1320 2202 1389 acceperit
2231 1324 2512 1391 tempore,
2540 1324 2711 1389 aptus
2733 1319 2981 1375 accessit
3008 1326 3239 1374 assueta
3276 1319 3553 1374 bonitatis

1908 1398 2471 1454 ubertate.lnstabat
2489 1397 3296 1468 praedicationibusﬁrmabat
3326 1396 3552 1466 plebem

1906 1484 2439 1555 benedictionibus,
2464 1486 2748 1541 incitabat
2770 1486 2837 1540 ad
2862 1484 3098 1539 meliora
3116 1484 3294 1540 sacris
3324 1487 3557 1539 exorta-

1906 1574 2362 1640 tionibus.Quod
2382 1576 2629 1631 docebat
2646 1574 3227 1644 verbis,monstrabat
3249 1572 3550 1643 exemplis.

1908 1664 2043 1719 Erat
2068 1666 2209 1719 tunc
2233 1662 2439 1719 civitas
2464 1663 2587 1733 ipsa
2618 1662 3005 1718 insectatione
3039 1661 3342 1716 barbarica
3386 1659 3554 1733 bellis

1908 1751 2135 1820 attrita,
2154 1750 2563 1806 obsidionibus
2580 1750 2838 1819 fatigata,
2856 1748 3289 1809 calamitatibus
3304 1746 3547 1818 repleta.

1907 1837 2139 1908 Templa
2166 1839 2263 1893 Dei
2298 1838 2350 1892 in
2384 1853 2446 1893 ea
2481 1836 2721 1909 polluta,
2758 1836 3089 1894 sanctuaria
3121 1842 3348 1906 exusta,
3391 1834 3554 1890 mini-

1910 1927 2090 1982 steria
2116 1926 2351 1996 violata,
2378 1926 2562 1982 ofﬁcia
2588 1925 2792 1981 diurna
2815 1924 2906 1981 vel
2940 1926 3220 1980 nocturna
3262 1921 3547 1993 neglecta.

1913 2013 2117 2070 Clerici
2152 2014 2248 2069 alii
2283 2013 2487 2083 fugati,
2512 2013 2745 2083 quidam
2769 2012 2982 2082 necati,
3018 2012 3114 2082 qui
3157 2014 3553 2067 remanserant

1907 2102 2087 2159 multa
2116 2108 2464 2173 paupertate
2488 2100 2724 2169 addicti,
2746 2100 2875 2172 plus
2891 2100 3143 2171 pr0priis
3167 2114 3270 2155 seu
3305 2098 3554 2156 terrenis

1908 2204 2077 2260 quam
2112 2189 2435 2245 celestibus
2468 2188 2781 2244 studebant
2813 2188 3080 2257 negotiis.
3119 2188 3233 2243 Hoc
3276 2189 3550 2257 respectu

1906 2277 1996 2331 vir
2024 2276 2248 2332 Domini
2282 2291 2477 2331 amaro
2506 2291 2635 2331 cum
2668 2280 2827 2331 esset
2877 2275 3084 2344 animo,
3142 2274 3332 2345 posuit
3391 2287 3551 2345 spem

1907 2380 2069 2421 suam
2104 2365 2158 2419 in
2209 2363 2448 2419 Domino
2497 2362 2756 2420 clamans
2804 2362 2886 2417 illi
2938 2362 3149 2432 spiritu
3199 2360 3550 2434 humiliato;

1911 2455 2123 2509 Omnia
2150 2465 2284 2523 qua
2297 2451 2512 2523 fecisti
2540 2450 2728 2520 nobis,
2763 2450 3029 2517 Domine,
3062 2450 3129 2504 in
3161 2462 3297 2504 vero
3314 2447 3555 2517 judicio

1894 2541 2157 2612 fecisti;
2178 2540 2714 2612 quiapeccarimus
2737 2537 2845 2596 tibi
2865 2539 2923 2594 et
2948 2536 3254 2593 mandatis
3285 2537 3404 2592 tuis
3440 2548 3557 2592 non

1909 2626 2273 2685 obedirimus
2297 2628 2473 2698 (Dan.
2503 2642 2584 2697 ιιι,
2611 2626 2720 2697 31).
2749 2627 2849 2682 Cui
2866 2641 2999 2681 mox
3011 2625 3313 2681 Dominus:
3339 2626 3558 2682 Inooca

1908 2730 2018 2786 me,
2051 2715 2239 2786 inquit
2272 2717 2338 2772 in
2367 2717 2462 2772 die
2486 2714 2920 2785 tribulationis,
2946 2728 3150 2770 eruam
3173 2713 3227 2769 te
3246 2712 3303 2769 et
3326 2711 3558 2768 honori-

1900 2804 2123 2878 ficabis
2150 2818 2243 2861 me
2275 2805 2465 2877 (Psal.
2500 2819 2647 2874 xux,
2684 2804 2792 2873 15).
2830 2806 2898 2857 At
2934 2802 3032 2858 ille
3084 2800 3285 2857 humili
3334 2814 3506 2872 prece
3539 2821 3557 2856 .-

1913 2895 2073 2950 Deus
2085 2906 2268 2963 meus,
2283 2892 2700 2950 misericordia
2711 2906 2862 2960 mea,
2883 2892 2947 2947 tu
2964 2904 3022 2947 es
3042 2889 3349 2962 refugium
3368 2903 3560 2944 meum

1913 2995 1952 3037 a
1973 2980 2360 3037 tribulatione
2379 2994 2509 3050 qua
2520 2978 2912 3036 circumdedit
2934 2992 3046 3047 me,
3083 2977 3375 3034 exultatio
3404 2989 3555 3045 mea,

1913 3065 2722 3125 eruenteacircumdantibus
2747 3078 2838 3121 me
2866 3066 3169 3136 angustiis
3200 3066 3258 3120 et
3282 3065 3559 3136 ﬁliorum

1911 3156 2365 3214 necessitatibus
2388 3155 2560 3227 (Psal.
2588 3170 2739 3222 xxxr,
2764 3154 2837 3224 7).
2863 3154 2977 3209 Nec
3002 3167 3182 3221 mora,
3234 3153 3558 3209 consolatio

1916 3260 1988 3301 ex
2018 3260 2119 3302 ore
2152 3244 2428 3301 Veritatis
2460 3244 2621 3299 affuit
2648 3263 2659 3297 :
2687 3243 2982 3311 Primum,
3010 3240 3296 3312 inquiens,
3322 3243 3555 3313 querito:

1912 3348 2164 3405 regnum
2182 3335 2291 3391 Dei
2310 3333 2367 3390 et
2370 3335 2407 3404 j
2413 3333 2677 3389 ustiliam
2694 3334 2844 3402 ejus,
2872 3330 2929 3386 et
2953 3331 3154 3387 omnia
3195 3330 3564 3399 adjiciantur
3580 3361 3604 3369 -

1911 3420 2512 3492 oobis(]l1attli.vr,33)
2529 3419 2652 3491 (fol.
2674 3420 2945 3489 54).Tunc
2962 3416 3057 3473 ille
3071 3417 3557 3487 gratulabundus.

1912 3509 2325 3574 Audituimeo,
2342 3506 3187 3578 aitDomine,dabisgaudium
3210 3507 3265 3561 et
3280 3507 3558 3577 letitiam,

1915 3605 1969 3656 et
2000 3597 2359 3655 exultabant
2383 3610 2519 3654 ossa
2546 3597 2876 3653 humiliata
2917 3594 3155 3665 (.1.,Psal
3194 3595 3298 3665 10).
3345 3596 3560 3653 Gressu

1916 3702 2058 3758 ergo
2086 3685 2262 3743 celeri
2288 3684 2612 3741 zecclesiam
2638 3684 2897 3753 intravit,
2923 3683 3142 3738 clerum
3171 3682 3561 3755 populumque

1914 3776 2243 3847 advocavit,
2258 3774 2477 3845 judicia
2494 3774 2591 3829 Dei
2608 3787 2744 3829 vera
2760 3772 3034 3840 innotuit,
3053 3772 3296 3828 crimina
3311 3772 3399 3829 vel
3436 3787 3564 3844 pec-

1912 3870 2045 3922 cata
2096 3864 2446 3920 alterutrum
2499 3861 2767 3919 conﬁteri
2818 3860 3297 3931 monuit,fructus
3359 3862 3566 3931 dignos

1913 3950 2250 4027 penitentiie
2267 3952 2456 4007 facere
2471 3949 2677 4019 suasit,
2696 3949 3015 4005 aecclesiam
3034 3950 3424 4020 frequentare,
3447 3964 3546 4006 ora

1911 4042 2172 4100 tionibus
2203 4054 2332 4095 cum
2365 4038 2623 4094 lacrimis
2657 4038 3015 4107 incumbere,
3050 4036 3253 4093 laudes
3286 4039 3385 4092 Dei
3434 4054 3565 4095 cum

1915 4128 2150 4188 silentio
2178 4132 2235 4184 et
2270 4126 2597 4182 reverentia
2627 4124 2851 4194 audire,
2882 4124 3232 4179 elemosinas
3256 4140 3358 4195 pro
3391 4143 3564 4197 posse

1917 4220 2169 4276 libenter
2208 4216 2367 4285 dare,
2410 4212 2868 4285 hospitalitatem
2919 4214 3041 4268 sine
3107 4215 3564 4273 murmuratione

1920 4323 2181 4376 servare,
2208 4304 2618 4361 discordantes
2642 4305 2775 4359 ante
2798 4300 2942 4357 solis
2965 4317 3232 4358 occasum
3256 4303 3326 4359 ad
3361 4320 3562 4375 paccm

160 4399 301 4455 licet
332 4396 650 4469 primatum
681 4393 966 4466 petitione
998 4392 1228 4450 Helena)
1274 4394 1491 4463 regina)
1538 4409 1569 4449 a
1621 4395 1804 4450 beatae
1835 4405 1891 4468 ι)
1922 4397 2139 4465 redire,
2171 4409 2367 4467 pacein
2402 4392 2599 4449 falsam
2634 4408 2743 4449 non
2773 4393 2933 4459 dare,
2966 4392 3287 4461 gehennam
3339 4396 3559 4467 timere,

160 4484 460 4544 memoriae
494 4497 640 4556 papa
672 4481 955 4539 Silvestro
987 4496 1090 4553 per
1136 4497 1355 4554 corpus
1396 4482 1623 4539 Mathize
1673 4497 1810 4554 apo-

158 4574 293 4633 stoli
325 4578 388 4631 et
423 4585 527 4644 per
557 4569 827 4627 baculum
859 4570 1012 4626 beati
1036 4570 1194 4626 Petri
1218 4571 1534 4642 acceperit,
1562 4571 1718 4642 quod
1750 4575 1808 4626 et

158 4666 229 4722 ab
273 4662 523 4734 antiquo
569 4659 926 4733 possidebat,
977 4658 1113 4731 quia
1157 4658 1256 4716 ubi
1304 4663 1439 4715 ante
1497 4658 1809 4716 adventum

157 4752 384 4811 Domini
441 4751 500 4808 in
558 4750 752 4823 capite
808 4748 1243 4821 provinciarum
1298 4748 1582 4821 primates
1643 4753 1812 4805 erant

158 4842 353 4916 legum
372 4839 751 4910 secularium,
769 4838 841 4896 ad
856 4853 1000 4910 quos
1013 4837 1427 4909 confugiebant
1444 4852 1549 4911 pro
1572 4853 1644 4910 op
1654 4852 1814 4909 pres-

160 4932 429 4990 sionibus
458 4930 550 4988 vel
580 4928 884 5001 injustitiis
907 4928 1004 5000 qui
1035 4927 1107 4984 ad
1158 4928 1346 4985 aulam
1392 4927 1812 5000 imperatorum

158 5020 481 5091 confugere
501 5032 615 5075 non
643 5020 918 5089 poterant
950 5015 1042 5072 vel
1075 5015 1288 5087 quibus
1321 5015 1669 5089 permissum
1700 5029 1814 5071 non

159 5114 313 5180 erat,
340 5107 564 5182 ipsisin
584 5105 728 5164 locis
748 5104 1004 5177 apostoli
1028 5109 1087 5160 et
1107 5106 1315 5162 beatus
1347 5118 1497 5177 papa
1528 5103 1810 5173 Clemens,

159 5203 225 5257 ut
256 5199 444 5257 refert
485 5196 696 5254 beatus
749 5208 1058 5251 successor
1106 5193 1233 5264 ejus
1279 5209 1429 5267 papa
1476 5192 1814 5262 Anacletus,

164 5288 538 5363 patriarchas
566 5286 660 5344 vel
692 5285 993 5358 primates,
1029 5285 1126 5356 qui
1148 5300 1319 5344 unam
1347 5286 1588 5341 formam
1612 5287 1816 5340 tenent

1921 4486 2098 4544 vitam
2122 4489 2400 4540 aeternam
2423 4496 2661 4553 sperare
2685 4480 2963 4553 praecepit
2986 4486 3041 4536 et
3065 4482 3281 4538 docuit.
3311 4483 3567 4542 Clericos

1921 4573 2133 4632 deinde
2156 4571 2510 4643 regulariter
2533 4570 2748 4641 vivere,
2776 4570 2994 4640 septies
3012 4570 3065 4625 in
3082 4570 3207 4626 dies
3224 4570 3426 4628 laudes
3450 4575 3564 4629 Deo

1923 4664 2139 4733 dicere,
2173 4666 2229 4717 et
2264 4664 2440 4718 noctu
2474 4660 2544 4715 ad
2564 4660 2957 4716 confitendum
2984 4659 3063 4714 illi
3092 4676 3334 4729 surgere
3365 4661 3566 4717 ωεοιο-

1924 4751 2164 4809 siastica
2198 4750 2499 4807 sanctione
2531 4748 3147 4818 instituit,victumque
3180 4748 3296 4804 illis
3325 4749 3565 4805 cotidia-

1924 4857 2057 4897 num
2092 4841 2162 4897 de
2196 4838 2469 4913 propriis,
2504 4842 2679 4909 prout
2709 4836 2923 4909 potuit,
2959 4835 3265 4893 ordinavit.

1926 4930 2109 5002 [Erum
2170 4929 2303 4987 l'ita
2338 4927 2443 4997 ΛΖ]
2494 4927 2724 4983 Curiam
2784 4926 3005 4981 interea
3070 4926 3232 4996 adiit,
3293 4925 3560 4998 Pippino,

1925 5016 2477 5090 quiexauctoritate
2493 5014 3030 5085 Stephanipapzecx
3062 5017 3340 5085 praefecto
3363 5015 3563 5087 palatii
3618 5054 3637 5067 ς

1927 5123 2033 5164 rex
2062 5107 2131 5139 ²²⁶
2158 5106 2523 5165 constitutus
2554 5105 2762 5174 fuerat,
2790 5104 3127 5160 vastitatem
3148 5104 3312 5161 urbis
3334 5105 3568 5162 calami-

1930 5200 2227 5267 tatemque
2241 5194 2432 5269 plebis
2447 5207 2618 5266 quam
2632 5191 2944 5263 regendam
2960 5198 3301 5264 susceperat
3319 5193 3568 5252 innotuit

1932 5284 2331 5359 auxiliumque
2363 5283 2435 5340 ab
2464 5297 2533 5341 eo
2563 5296 2633 5339 ex
2652 5281 2832 5353 regali
2858 5281 3171 5351 largitione
3200 5281 3268 5316 ”7
3300 5284 3569 5356 quaesivit

1521 5384 1757 5442 VARLE
1795 5382 2194 5444 LECTIONES.

231 5480 299 5517 ³⁸
328 5492 407 5536 ex
437 5492 495 5551 p.
528 5490 635 5534 rex
665 5490 720 5549 p.
754 5490 801 5535 c.
880 5478 944 5513 ιη
977 5474 1298 5533 traditione
1328 5486 1617 5547 superscr.
1653 5472 1747 5531 vel
1774 5472 2087 5547 largitione
2117 5487 2163 5533 c.
