3940 6048
345 252 460 335 ita

1300 261 1668 333 HUGONIS
1709 262 2062 331 ABBATIS
2106 258 2788 330 FLAVINIACENSIS

3616 262 3728 325 144

341 407 402 461 et
446 397 720 475 optinuit.
771 384 991 471 (Βειιτζ)
1033 378 1357 457 Coilatione
1398 399 1685 472 siquidem
1728 398 1985 458 fidelium
2018 400 2071 460 A
2101 400 2400 455 Postremo
2423 411 2533 454 non
2557 402 2647 454 est
2674 394 2967 455 reveritus
2990 394 3152 468 ipsos
3174 392 3549 469 episcopatus
3570 391 3740 453 laicis

346 492 608 563 quaedam
658 489 876 560 praedia
919 488 1202 560 suscepit.
1251 491 1563 547 Wasnaum
1612 490 1840 546 scilicet
1884 502 1986 546 seu

343 578 655 636 Warnunei
703 584 967 647 curtem,
1020 579 1445 634 Ramisbatinm
1507 580 1706 648 etiam,
1760 577 1989 648 aliaque

347 664 793 737 quamplurima,
828 679 957 735 quas
1001 665 1184 720 cartis
1227 680 1394 722 manu
1441 667 1678 737 propria
1719 664 1985 733 inseruit,

349 767 494 825 quas
525 753 681 824 regis
712 751 921 809 anulus
950 753 1249 808 roboravit
1277 760 1334 809 et
1367 753 1631 810 aecclesia
1669 754 1993 809 Virdunen-

349 843 429 898 sis
456 846 671 898 extunc
711 855 822 896 non
861 841 1073 896 amisit.
1108 840 1248 911 (Fol.
1284 842 1398 911 67.)
1432 842 1667 898 Civibus
1709 846 1991 917 praeterea

349 929 505 999 regis
540 928 932 985 munificentia
980 942 1091 983 non
1141 922 1346 999 defuit,
1388 928 1610 985 clerum
1649 929 1988 999 laetificavit,

348 1016 656 1073 ecclesiam
706 1016 957 1085 ornavit,
1004 1022 1437 1073 remuneratum
1486 1018 1818 1089 pontiﬁcem
1857 1032 1995 1087 gau-

351 1104 511 1159 denti
543 1103 743 1173 populi
774 1101 845 1135 ¹²⁸
875 1104 1321 1173 repraesentavit
1341 1103 1429 1175 ω,
1456 1105 1677 1176 (Βεκτ.)
1701 1104 1876 1162 Multa
1899 1120 1995 1161 au-

353 1197 465 1246 tem
500 1195 687 1258 erant,
719 1204 848 1260 quas
874 1204 1003 1245 eum
1028 1205 1164 1261 erga
1196 1192 1378 1261 ipsam
1398 1192 1721 1249 recclesiam
1753 1193 1996 1262 diligen-

352 1277 480 1333 dam
504 1276 961 1348 promovendam
986 1283 1045 1333 et
1069 1279 1455 1349 ampliandam
1478 1279 1800 1336 accendere
1823 1282 1996 1337 debe-

353 1366 512 1436 bant,
544 1364 821 1421 videlicet
851 1366 1142 1436 Pepponis
1165 1366 1427 1439 episcOpi
1455 1368 1509 1423 in
1535 1369 1805 1425 Karolum
1829 1369 1996 1424 Tudi-

350 1458 468 1509 tem
501 1458 726 1524 patrem
757 1468 923 1509 suum
949 1468 1110 1509 amor
1134 1456 1430 1525 profusus,
1457 1457 1715 1525 gratuita
1741 1456 1994 1513 ﬁdelitas

351 1549 409 1598 et
443 1541 498 1596 in
533 1547 791 1611 tempore
823 1540 1132 1597 seditionis
1161 1547 1365 1598 contra
1399 1543 1793 1600 Raimfredum
1826 1546 1994 1600 Fran-

350 1638 549 1685 corum
580 1627 1140 1701 principem,.ipsius
1185 1624 1375 1686 Karoli
1416 1631 1710 1700 aemulum,
1746 1631 1992 1688 indivisa

353 1715 572 1806 laboris
593 1720 650 1771 et
675 1715 916 1806 periculi
939 1717 1226 1773 subeundi
1246 1718 1522 1788 dualitas,
1549 1734 1651 1790 pro
1677 1735 1790 1790 quo
1818 1720 1991 1775 etiam
2023 1744 2074 1806 Β

353 1803 504 1860 idem
534 1804 729 1873 Peppo
754 1803 931 1859 multa
958 1818 1271 1875 perpessus
1293 1811 1379 1861 est
1404 1806 1668 1863 adversa.
1695 1808 1801 1864 Sed
1829 1808 1994 1878 quid-

353 1889 482 1947 dam
507 1904 636 1946 eum
666 1890 982 1961 specialius
1013 1890 1084 1946 ad
1122 1892 1516 1964 dilectionem,
1546 1896 1994 1965 redintegratio-

352 1992 481 2035 nem
512 1982 570 2033 et
600 1992 957 2035 communem
991 1980 1295 2036 tuitionem
1325 1982 1579 2038 omnium
1607 1983 1991 2040 ecclesiarum

353 2065 605 2137 impulit,
641 2064 794 2136 quod
836 2081 947 2122 non
986 2068 1058 2123 ab
1104 2082 1164 2123 re
1203 2068 1436 2125 videtur
1467 2070 1524 2125 in
1561 2070 1787 2127 laudem
1820 2072 1994 2141 hujus

355 2154 539 2223 patris
570 2153 758 2208 nostri
790 2153 920 2210 huic
950 2154 1237 2226 opusculo
1281 2156 1598 2227 innectere,
1634 2160 1705 2214 ad
1748 2160 1995 2231 compri-

354 2240 623 2297 mendum
656 2246 940 2297 tumorem
985 2257 1184 2312 regum
1229 2248 1288 2299 et
1329 2245 1655 2316 principum
1706 2252 1902 2317 terrae,
1935 2254 1996 2304 et

353 2332 418 2384 ut
447 2328 778 2384 evidentius
810 2335 1184 2400 agnoscatur,
1217 2345 1345 2401 quae
1377 2333 1550 2388 fuerit
1572 2348 1751 2390 causa
1772 2334 1995 2392 desola-

353 2415 532 2471 tionis
560 2417 922 2473 Trevirensis
948 2423 1003 2473 et
1033 2418 1422 2475 Virdunensis
1452 2421 1740 2479 ecclesiae.

420 2503 587 2574 (σὴν.
618 2505 885 2574 Divion.)
919 2505 1025 2570 Qui
1068 2505 1245 2575 igitur
1290 2508 1585 2577 hysterias
1632 2510 1898 2579 legerunt
1934 2516 1994 2567 et

352 2596 612 2648 veterum
637 2592 857 2663 scripta
892 2594 1195 2664 rimantur,
1220 2596 1391 2665 hujus
1424 2598 1618 2653 Karoli
1649 2599 1873 2655 Tuditis
1902 2614 1994 2655 ac-

353 2685 447 2735 tus
477 2686 533 2735 et
568 2679 763 2750 prmlia
790 2686 1097 2749 noverunt,
1125 2683 1219 2751 qui
1253 2683 1382 2739 ideo
1400 2685 1638 2741 Tudites
1662 2686 1992 2757 appellatus

350 2773 464 2837 est,
492 2767 644 2837 quod
673 2772 765 2823 est
798 2766 1041 2823 malleus
1076 2769 1244 2837 fabri,
1281 2772 1417 2840 quia
1445 2773 1601 2829 sicut
1632 2766 1993 2831 malleo‘uni-

350 2869 520 2911 versa
556 2855 882 2911 tunduntur
916 2856 1382 2929 ferramenta,ita
1416 2860 1537 2930 ipse
1568 2862 1847 2918 contrivit
1875 2878 1992 2919 om-

350 2944 439 2999 nia
468 2957 643 3013 regna
668 2942 780 2998 sibi
806 2943 1377 3001 vieina.Per27enim
1401 2962 1584 3004 annos
1609 2949 1820 3019 quibus
1838 2952 1992 3021 prin-

349 3032 604 3105 cipatum
644 3025 896 3103 eptinuit
946 3034 1055 3088 sub
1095 3034 1331 3103 regibus
1369 3037 1699 3105 Dagoberto
1735 3038 1988 3108 juniore,

351 3119 1085 3192 Chilperico,Theoderieo,
1103 3120 1378 3194 Clotario,
1397 3123 1772 3181 Childeberto
1796 3133 1855 3182 et
1879 3128 1993 3182 Hil-

350 3209 547 3265 derico
588 3208 724 3280 (50),
753 3214 1059 3280 postquam
1095 3209 1166 3266 de
1209 3226 1377 3267 manu
1412 3213 1726 3269 Baimfredi
1759 3215 1995 3284 majoris

350 3296 556 3352 domus
580 3297 636 3351 in
661 3310 840 3365 regno
867 3297 1217 3354 Francorum
1240 3313 1341 3368 per
1364 3300 1543 3356 multa
1571 3300 1719 3357 bella
1745 3303 1993 3359 eundem

350 3384 740 3455 principatum
768 3384 1033 3455 sustulit,
1058 3390 1220 3441 tanta
1253 3386 1419 3443 clade
1448 3388 1636 3445 omnia
1673 3404 1845 3460 regna
1881 3392 1994 3447 sibi

351 3472 557 3541 vicina,
607 3471 663 3526 id
716 3477 805 3526 est
859 3473 1184 3543 Saxoniam,
1240 3476 1582 3546 Bawariam,
1636 3478 1994 3535 Provintiam

352 3575 531 3631 usque
559 3559 890 3631 Massiliam,
923 3562 1286 3618 Wasconiam
1322 3564 1685 3635 Frigiamque
1716 3567 1996 3623 contrivit

347 3653 405 3706 et
436 3648 851 3720 Alemanniam,
875 3655 939 3706 ut
967 3650 1163 3706 multae
1186 3651 1452 3708 ecclesia)
1480 3668 1661 3723 usque
1685 3655 1740 3709 in
1765 3655 1996 3711 hodier-

349 3752 484 3795 num
517 3738 667 3793 diem
698 3737 1122 3794 desolationem
1148 3740 1238 3795 sui
1266 3741 1476 3797 factam
1503 3742 1612 3797 sub
1635 3756 1704 3798 eo
1735 3742 1991 3814 lugeant,

348 3826 828 3882 ettribulationis
854 3826 1038 3898 ipsius
1067 3827 1460 3885 calamitatem
1494 3830 1814 3887 obliterare
1844 3831 1899 3886 in
1932 3846 1996 3887 se

349 3915 505 3971 nulla
539 3919 833 3971 vetustate
880 3916 1255 3995 praevaleant.
1293 3917 1436 3988 (Fol.
1475 3917 1606 3989 57’.)
1637 3921 1813 3976 Tanta
1844 3921 1994 3976 enim

350 4004 684 4078 profusione
716 4005 1056 4061 thesaurum
1094 4006 1275 4061 totius
1311 4006 1486 4062 erarii
1531 4008 1751 4078 publici
1791 4009 1997 4080 dilapi-

350 4094 520 4151 datus
542 4100 636 4150 est
682 4097 839 4149 tanta
866 4093 1027 4149 dedit
1050 4093 1355 4161 militibus,
1389 4110 1535 4165 quos
1561 4095 1851 4153 saldarios
1879 4098 1995 4169 (51)

348 4182 546 4239 vocari
586 4196 710 4238 mos
741 4181 1018 4252 eptinuit,
1054 4183 1150 4253 qui
1180 4196 1253 4238 ex
1283 4183 1553 4239 omnibus
1588 4185 1784 4240 mundi
1819 4186 1997 4256 parti-

353 4271 462 4327 bus
492 4285 664 4327 causa
695 4275 937 4340 questus
981 4271 1049 4325 ad
1082 4285 1212 4327 eum
1258 4272 1711 4342 concurrebant,
1750 4288 1995 4343 quorum

350 4374 534 4430 genus
563 4358 837 4415 infestum
861 4363 919 4414 et
942 4358 1271 4429 improbum
1297 4365 1557 4430 tempore
1583 4360 1712 4430 ejus
1745 4362 1998 4433 sumpsit

2100 487 2260 557 dare,
2279 487 2608 543 fautoribus
2621 485 2891 542 videlicet
2907 484 3031 542 suis
3045 489 3105 540 et
3125 483 3558 553 consentaneis,
3595 482 3740 540 adeo

2099 578 2160 631 ut
2185 574 2725 646 archiepiscopatus
2743 574 3140 629 Trevirensem
3163 576 3220 628 et
3247 571 3587 628 Remensem
3610 571 3742 626 Milo

2100 663 2333 733 quidam
2369 668 2602 720 tonsura
2636 662 2908 725 clericus.
2940 660 3225 730 moribus,
3260 660 3462 716 habitu
3496 666 3554 716 et
3606 665 3742 716 actu

2100 752 2474 820 inreligiosus
2502 750 2722 821 laycus,
2756 750 2937 807 multo
2963 757 3220 820 tempore
3248 749 3619 819 pessundans
3642 750 3744 805 ob-

2099 838 2364 909 tinuerit,
2399 839 2781 895 Viennensem
2812 852 3044 909 quoque
3075 841 3137 892 et
3170 835 3387 893 multos
3425 836 3569 892 alios
3624 837 3744 908 epi-

2104 932 2385 998 scopatus
2417 942 2518 998 per
2546 932 2740 983 terras
2762 926 3044 993 diversas,
3069 928 3131 979 ut
3154 924 3432 996 bystoriaa
3456 925 3741 995 referunt,

2106 1013 2475 1084 possiderent
2507 1013 2658 1084 laici,
2689 1018 2746 1069 et
2770 1028 2873 1085 per
2896 1026 3124 1068 manum
3152 1011 3359 1067 laicam
3379 1011 3663 1067 investiti.
3687 1013 3740 1066 Si

2105 1102 2201 1172 qui
2232 1107 2400 1157 erant
2428 1101 2711 1173 episcopi,
2744 1106 2845 1157 aut
2877 1100 2929 1156 ei
2951 1101 3185 1157 omnino
3216 1101 3503 1169 favebant,
3528 1104 3625 1156 aut
3652 1114 3747 1156 res

2104 1190 2542 1247 aeeclesiasticaa
2566 1190 3014 1261 diripiebantur,
3040 1195 3138 1245 aut
3171 1193 3333 1245 certe
3356 1187 3473 1243 illis
3488 1189 3746 1244 obeunti-

2109 1276 2216 1332 bus
2250 1277 2304 1332 in
2340 1276 2531 1335 locum
2564 1277 2794 1334 illorum
2825 1277 3149 1348 neophytus
3177 1277 3446 1346 quilibet,
3474 1274 3566 1330 vel
3599 1290 3748 1347 quos

2105 1365 2399 1420 canonicae
2414 1365 2747 1421 sanctiones
2761 1380 2869 1421 non
2889 1365 3739 1435 reeipiunt,substituebantur.

2107 1454 2193 1509 Ab
2226 1454 2331 1509 hac
2366 1459 2558 1509 autem
2609 1452 2935 1525 direptione
2982 1452 3192 1508 civitas
3242 1449 3339 1507 illa
3389 1450 3751 1522 quantulum-

2106 1555 2355 1611 cumque
2388 1542 2658 1597 immunis
2686 1548 2843 1611 erat,
2869 1555 2997 1611 quae
3028 1541 3081 1596 ei
3116 1541 3345 1596 favebat
3374 1540 3467 1595 vel
3514 1554 3644 1610 quae
3692 1541 3744 1595 ei

2107 1628 2459 1698 adjutorium
2493 1630 2835 1701 praebebat;
2869 1629 2961 1685 cui
2993 1629 3143 1684 enim
3177 1629 3560 1695 innitebatur,
3590 1628 3747 1683 illam

2108 1731 2212 1787 per
2244 1732 2307 1773 se
2339 1732 2589 1788 suosque
2620 1732 2649 1773 a
2691 1732 2753 1774 se
2801 1717 3043 1787 suisque
3091 1718 3388 1773 tuebatur.
3439 1716 3583 1772 Hine
3632 1724 3745 1787 est,

2108 1802 2259 1874 quod
2282 1804 2434 1860 inter
2454 1805 2788 1861 innumeras
2812 1818 2956 1875 quas
2975 1804 3304 1873 attriverat,
3329 1803 3748 1859 Virdunensem

2107 1894 2369 1961 tempore
2435 1891 2727 1963 Pepponis
2785 1891 3045 1962 episcopi
3095 1890 3332 1961 praediis
3381 1889 3562 1959 auxit,
3613 1890 3747 1960 quia

2103 1978 2299 2049 Peppo
2327 1978 2531 2049 isdem,
2566 1984 2629 2035 ut
2661 1979 2934 2050 superius
2965 1963 3237 2045 relatum,
3270 1983 3359 2034 est
3390 1978 3445 2032 in
3486 1984 3749 2048 tempore

2104 2064 2490 2134 dissensionis
2522 2073 2581 2123 et
2607 2072 2737 2138 part
2766 2068 2875 2123 bus
2898 2067 3025 2136 ejus
3050 2067 3187 2122 favit
3211 2071 3268 2122 et
3295 2065 3638 2122 familiarius
3660 2066 3746 2120 illi

2103 2155 2367 2213 servivit.
2394 2156 2802 2212 Verumtamen
2826 2155 2926 2211 illo
2950 2155 3244 2222 defuncto,
3270 2154 3409 2225 quid
3427 2154 3553 2211 alize
3569 2154 3752 2226 patie-

2108 2246 2337 2312 bantur,
2363 2243 2563 2299 eadem
2589 2258 2821 2314 quoque
2843 2249 3087 2314 experta
3101 2248 3212 2300 est.
3230 2245 3287 2299 In
3320 2248 3539 2299 tantum
3556 2249 3748 2299 autem

2105 2332 2382 2388 vastitate
2399 2332 2639 2402 przafata
2656 2332 3021 2388 Trevirensis
3037 2331 3377 2403 metropolis
3395 2331 3605 2388 afflicta
3623 2332 3749 2402 fuit,

2107 2425 2170 2476 ut
2202 2435 2306 2490 pro
2340 2418 2676 2475 multimoda
2709 2420 2838 2491 ejus
2864 2419 3197 2476 calamitate
3220 2424 3279 2475 et
3303 2419 3751 2476 conculcatione

2103 2511 2346 2563 vacante
2360 2522 2425 2562 ea
2443 2508 2893 2563 Mediomatricze
2916 2508 3177 2564 civitatis
3197 2507 3483 2579 praesules
3496 2512 3754 2579 postmo-

2104 2595 2237 2650 dum
2261 2596 2644 2664 fungerentur
2667 2596 3094 2667 archiepiscOpi
3116 2596 3401 2665 dignitate
3425 2596 3746 2652 etnomine.

2106 2682 2272 2754 [Aoo]
2308 2685 2544 2740 Vastata
2580 2700 2810 2755 quoque
2841 2690 2900 2741 et
2943 2685 3228 2756 dissipata
3278 2685 3641 2755 Lugdunensi
3692 2688 3751 2740 et

2104 2771 2415 2827 Viennensi
2452 2773 2770 2842 provincia,
2806 2772 3029 2843 aliquot
3074 2774 3240 2829 annis
3286 2773 3408 2829 sine
3457 2773 3752 2844 episcopis

2104 2866 2354 2931 utraque
2385 2861 2495 2916 fuit
2525 2861 2807 2918 ecclesia.
2846 2861 3144 2917 Wiliarius
3183 2862 3335 2917 enim
3381 2862 3747 2932 Viennensis,

2104 2947 2202 3017 qui
2235 2950 2622 3004 Austroberto
2670 2954 3056 3018 successerat,
3110 2949 3314 3004 videns
3362 2949 3754 3006 Viennensem

2102 3036 2424 3092 azcclesiam
2454 3037 2793 3092 indecenter
2823 3036 3113 3092 humiliari
3148 3038 3221 3092 ob
3250 3036 3473 3092 cladem
3508 3039 3761 3094 Sarace-

2104 3140 2308 3181 norum
2356 3126 2725 3196 Septimanize
2774 3129 2830 3180 et
2890 3125 3197 3180 Viennensi
3253 3131 3308 3180 et
3372 3125 3758 3194 Lugdunensi

2107 3213 2415 3285 provintiis
2439 3214 2878 3280 imminentium,
2903 3212 3084 3283 laycis
3108 3213 3393 3283 sacrilege
3416 3220 3476 3269 et
3501 3214 3759 3270 barbare

2105 3318 2201 3359 res
2226 3317 2428 3358 sacras
2442 3302 2864 3371 obtinentibus,
2884 3301 3089 3358 relicto
3105 3302 3446 3373 episcopatu
3465 3307 3759 3359 monaste-

2107 3391 2254 3447 rium
2279 3392 2627 3460 Agannense
2655 3390 2924 3460 expetiit,
2952 3390 3048 3446 ubi
3072 3394 3128 3446 et
3153 3390 3330 3446 vitam
3364 3390 3762 3447 venerabilem

2107 3479 2292 3548 duxit,
2327 3485 2387 3533 et
2419 3480 2525 3534 huc
2549 3479 2604 3533 in
2626 3482 2891 3548 tempore
2914 3479 3192 3550 Stephani
3225 3493 3390 3550 papae
3423 3479 3519 3549 qui
3544 3478 3761 3535 Zacha;

2107 3567 2207 3623 riae
2224 3572 2611 3622 successerat.
2631 3566 3009 3622 Rexitautem
3041 3571 3178 3637 post
3209 3581 3339 3623 eum
3370 3567 3757 3623 Viennensem

2106 3654 2417 3712 ecclesiam
2453 3654 2809 3724 Bertericus,
2832 3654 2927 3710 cui
2960 3654 3247 3710 successit
3272 3656 3506 3712 Paulus.

2150 3744 2462 3811 Defuncto
2495 3742 2694 3813 itaque
2725 3757 2794 3798 eo
2823 3748 2883 3798 et
2913 3743 3156 3799 Parisiis
3179 3743 3429 3814 sepulto,
3455 3746 3515 3800 et
3547 3742 3762 3809 princi-

2102 3835 2306 3902 patum
2343 3829 2662 3899 majoratus
2695 3831 2900 3887 domus
2926 3831 3190 3901 Pippino,
3216 3832 3397 3886 fratre
3425 3828 3762 3901 spiritualia

2090 3919 2362 3975 'terrenis
2386 3918 2901 3991 praeferente,solo
2922 3920 3154 3990 adepto,
3179 3920 3547 3991 postmodum
3576 3919 3756 3974 etiam

2108 4009 2309 4065 studio
2335 4022 2443 4064 suo
2460 4008 2785 4063 etRomani
2809 4006 3106 4078 pontificis
3138 4021 3404 4077 assensu,
3440 4011 3500 4063 ut
3537 4007 3758 4063 dictum

2107 4101 2218 4165 est,
2254 4097 2311 4151 in
2340 4110 2536 4165 regem
2569 4095 2820 4165 elevato,
2851 4096 3005 4152 Deus
3036 4095 3166 4166 pius
3216 4095 3416 4150 multis
3460 4110 3592 4151 eum
3643 4095 3759 4152 sibi

2108 4183 2431 4253 obligatum
2468 4183 2769 4239 beneficiis
2802 4183 3003 4240 volens
3035 4188 3091 4239 et
3127 4182 3297 4239 minis
3332 4188 3580 4253 terrere,
3598 4186 3662 4240 ut
3678 4182 3766 4239 di-

2108 4277 2306 4329 sceret
2335 4285 2573 4343 sperare
2606 4271 2662 4326 in
2696 4273 2827 4341 Deo;
2876 4286 2991 4328 non
3036 4286 3391 4343 praesumere
3441 4272 3511 4328 de
3563 4286 3647 4342 se,
3700 4277 3765 4329 et

2109 4365 2171 4416 ut
2221 4357 2675 4416 succedentibus
2722 4358 3025 4431 prosperis
3075 4361 3490 4418 recordaretur
3535 4359 3763 4416 Domini

356 4448 612 4517 inicium,
647 4451 853 4504 utnon
891 4447 944 4502 ei
986 4447 1282 4503 suffecerit
1317 4449 1632 4504 thesaurus
1662 4450 1847 4520 regni,
1884 4465 1993 4507 non
2025 4446 2079 4506 D
2112 4448 2208 4505 Dei
2258 4447 2369 4518 sui,
2420 4462 2526 4503 nec
2571 4446 2751 4503 vellet
2810 4446 3026 4503 imitari
3091 4452 3339 4519 patrem,
3412 4463 3581 4519 quem
3649 4462 3765 4506 con

354 4535 716 4608 depraedatio
765 4536 1018 4606 urbium,
1068 4551 1180 4592 non
1230 4537 1587 4593 multimoda}
1634 4538 1996 4596 vastationes

355 4639 665 4696 regnorum
696 4631 1051 4696 exterarum,
1084 4640 1198 4681 non
1234 4625 1555 4696 expoliatio
1599 4625 1995 4685 accelesiarum

354 4721 414 4771 et
445 4714 953 4785 monasteriorum,
971 4728 1082 4769 non
1099 4714 1319 4770 tributa
1341 4715 1788 4785 provinciarum.
1810 4719 1999 4773 Ausus

354 4807 445 4861 est
484 4803 656 4859 etiam
700 4802 795 4859 ubi
842 4803 948 4859 hee
978 4802 1339 4872 defecerunt,
1374 4810 1564 4859 terras
1601 4803 1997 4861 :ecclesiarum

328 4892 641 4964 ediripere,
693 4895 752 4948 et
806 4904 907 4948 eas
962 4889 1396 4947 comilitonibus
1456 4889 1575 4947 illis
1625 4894 1993 4950 contradere.

2110 4537 2308 4594 stabat
2357 4535 2759 4593 aacclesiarum
2812 4535 3009 4593 sitisse
3069 4537 3493 4608 confusionem,
3567 4537 3765 4609 posito

2108 4642 2178 4683 eo
2224 4625 2377 4697 apud
2428 4624 2874 4682 Aurelianorum
2923 4626 3148 4696 urbem,
3197 4625 3335 4697 quid
3390 4639 3528 4696 erga
3587 4627 3773 4683 Karo-

2109 4714 2226 4772 lum
2257 4719 2551 4785 ageretur,
2587 4728 2714 4784 quae
2767 4714 2818 4770 ei
2870 4728 3096 4771 merces
3146 4718 3442 4771 tantorum
3495 4712 3765 4772 laborum

2111 4806 2677 4875 recompensaretur,
2695 4803 2975 4873 ostendit,
2993 4817 3105 4859 non
3121 4803 3189 4859 ad
3207 4802 3487 4868 defuncti,
3514 4808 3578 4860 ut
3598 4818 3769 4861 vere-

2111 4908 2259 4964 mur,
2288 4891 2679 4962 refrigerium,
2705 4890 2807 4947 sed
2839 4890 2911 4948 ad
2942 4891 3391 4950 aediﬁcationem
3413 4891 3755 4951 viventium.

1713 5043 1950 5100 VARIE
1992 5042 2394 5101 LECTIONES.

425 5173 494 5210 ”'
523 5176 615 5235 ita
641 5189 688 5233 ο.
718 5174 788 5210 ²²⁹
815 5174 991 5232 Verte
1022 5175 1096 5231 III
1126 5172 1261 5232 folia
1292 5176 1349 5230 et
1388 5172 1544 5245 quod
1574 5173 1668 5231 hie
1699 5173 1868 5233 deest
1899 5175 2134 5247 require
2168 5174 2279 5233 sub
2308 5174 2416 5232 hoe
2450 5174 2618 5244 signo
2649 5189 2697 5233 ο.

1946 5323 2172 5382 NOTAE.

429 5458 543 5532 ςδο)
573 5459 769 5530 Neque
799 5456 1230 5532 ghildebertus,
1265 5471 1453 5532 neque
1495 5454 1862 5516 Childericns
1900 5459 2001 5515 Ca-

358 5529 469 5588 roli
502 5529 767 5601 tempore
798 5529 1151 5585 Francorum
1185 5542 1355 5598 reges
1385 5530 1637 5587 fuerunt.

2185 5459 2297 5527 (51)
2333 5460 2374 5513 Α
2407 5458 2750 5516 Germanico
2781 5456 2930 5529 sold,
2955 5457 3334 5531 stipendium.
