3940 6048
198 217 311 279 ί45

1330 160 1355 178 ’
1459 209 1958 278 CHRONICON.
1996 249 2067 259 -
2100 213 2257 276 me.
2298 212 2340 276 ι.

3481 211 3595 275 146

186 350 328 407 Erat
358 346 419 405 in
444 347 647 406 eadem
697 348 843 405 urbe
887 348 1203 421 episcopus
1233 346 1551 407 Eucherius
1582 346 1720 420 (52),
1753 346 1836 403 vi-
1863 345 1920 407 A
1948 363 2116 409 erum
2131 352 2279 422 ejus,
2299 349 2611 408 intueatur
2631 362 2767 408 ossa
2781 350 3004 420 patris,
3026 351 3242 408 eteaeo
3259 349 3420 424 quod
3437 349 3594 408 inve-

188 444 263 496 ιω
288 437 600 495 honestate
623 436 954 506 laudabilis,
984 452 1208 493 morum
1232 438 1528 507 probitate
1549 436 1838 508 spectabi-

185 526 282 594 lis,
317 526 411 582 cui
440 525 767 582 celebranti
815 525 1119 581 missarum
1173 525 1516 597 sollempnia
1564 525 1691 597 ipso
1745 526 1837 582 die

179 616 425 688 paschae
452 613 588 671 dum
620 612 854 670 sederet
892 613 949 670 in
978 614 1195 671 throno
1236 614 1577 684 pontiﬁcali,
1613 620 1671 670 et
1706 615 1841 671 sub-

183 704 474 774 repsisset
500 702 552 758 ei
576 702 881 773 cogitatio,
909 706 1157 773 quantos
1187 702 1423 759 labores
1457 718 1560 773 pro
1590 703 1840 759 tuitione

180 797 240 849 et
271 790 652 863 ampliatione
686 789 847 860 regni
892 789 1136 847 Karolus
1181 791 1587 859 sustinuisset,
1622 797 1840 861 quanta

185 880 391 954 praelia
410 878 899 951 prreliatusesset,
928 879 1217 949 quomodo
1242 882 1369 951 post
1394 883 1555 934 tanta
1580 878 1836 950 perieula

188 983 335 1042 pace
363 968 588 1040 potitus
619 973 799 1035 esset,
827 971 887 1022 et
916 966 970 1021 in
1004 982 1146 1038 pace
1180 968 1356 1024 vitam
1391 968 1635 1037 ﬁnisset,
1667 966 1838 1032 cujus

184 1072 343 1114 nunc
376 1056 537 1113 ﬁlius
568 1056 730 1125 regni
758 1056 976 1112 honore
1000 1056 1251 1113 donatus
1277 1064 1454 1126 esset,
1490 1057 1624 1113 dum
1660 1056 1835 1112 tacita

184 1145 550 1215 cogitatione
578 1144 801 1200 felicem
837 1136 1058 1200 dice'ret
1084 1152 1196 1200 tam
1224 1145 1520 1215 prosperis
1553 1145 1840 1201 successi-

187 1233 300 1289 bus
349 1233 565 1301 virum,
618 1232 726 1289 hac
757 1232 809 1287 ei
838 1231 1196 1301 cegitatione
1244 1233 1551 1289 fluctuanti
1602 1247 1842 1289 somnus

184 1322 492 1393 paulisper
520 1320 741 1389 allusit,
769 1324 824 1376 et
846 1324 1052 1390 raptus
1078 1322 1130 1375 in
1158 1336 1403 1378 excessu
1437 1321 1648 1378 mentis
1672 1335 1842 1389 ange-

187 1409 427 1480 licoque
460 1410 638 1466 ductu
673 1409 742 1465 ad
777 1409 1036 1465 tribunal
1076 1409 1298 1466 Iudicis
1327 1410 1541 1466 ductus
1571 1409 1689 1479 (fol.
1726 1412 1837 1480 58),

186 1498 242 1553 in
274 1501 575 1554 conventu
599 1497 698 1553 illo
721 1497 939 1554 cazlesti
965 1497 1332 1554 dulcedinem
1378 1498 1643 1554 melodize
1674 1498 1841 1569 spiri-

187 1586 367 1643 tualis
399 1586 649 1657 audivit,
674 1593 733 1642 et
756 1585 827 1641 ad
857 1589 1078 1641 tantam
1112 1586 1353 1643 visionis
1387 1587 1837 1656 magnitudinem

1948 439 2115 496 nerit
2118 438 2305 508 ﬁdem
2312 438 2518 512 faciet
2533 437 2729 495 verbis
2752 438 2890 495 tuis.
2914 437 3149 494 Dixerat
3168 438 3296 506 hec,
3319 444 3378 495 et
3403 454 3593 496 sacer-

1951 529 2058 586 dos
2092 527 2272 585 ductu
2303 527 2570 597 angelico
2600 527 2657 582 in
2691 540 2754 583 se
2784 541 3058 583 reversus
3087 527 3415 597 obstupuit.
3454 529 3594 585 Lau-

1951 617 2213 685 dansque
2262 618 2437 672 Deum
2465 621 2525 670 et
2557 614 2932 681 magniﬁcans
2967 614 3190 685 judicia
3224 614 3349 684 ejus
3383 615 3596 673 incom-

1954 703 2367 776 prehensibilia
2395 707 2451 759 et
2487 702 2928 771 investigabilcs
2957 702 3079 758 vias
3106 703 3252 773 ejus,
3284 703 3593 759 missarum

1952 793 2275 863 solempnia
2297 791 2575 861 explevit,
2601 790 2808 847 dehinc
2824 791 2943 859 regi
2960 796 3017 846 et
3039 790 3442 861 optimatibus.
3465 806 3594 863 quae

1950 882 2181 937 viderat
2203 885 2260 936 et
2287 879 2573 947 audierat,
2601 878 2891 948 quomodo
2913 878 3122 936 adimo
3146 878 3392 935 videnda
3416 885 3477 936 et
3498 894 3595 937 au-

1952 971 2160 1026 dienda
2191 968 2652 1038 cogitationibus
2689 966 2814 1023 suis
2838 966 3128 1023 adductus
3151 968 3246 1038 sit,
3274 967 3590 1024 enarravit.

1952 1059 2063 1113 Pro
2087 1072 2155 1113 eo
2186 1070 2415 1127 quoque
2440 1058 2561 1111 haec
2586 1054 2708 1110 visa
2737 1055 3014 1124 asseruit,
3043 1061 3102 1111 ut
3130 1055 3179 1111 ei
3210 1057 3490 1128 prodesse
3513 1056 3595 1112 in-

1951 1147 2175 1217 ciperet
2198 1158 2343 1216 peua
2366 1144 2573 1215 patris,
2590 1148 2645 1199 et
2674 1143 2929 1199 disceret
2948 1158 3057 1199 non
3078 1143 3481 1216 blasphemare
3501 1143 3591 1216 ²³⁰,

1954 1251 2056 1290 nec
2082 1234 2315 1304 rapinas
2338 1231 2775 1302 concupiscere,
2802 1231 2976 1287 necin
2998 1231 3305 1302 iniquitate
3331 1247 3590 1304 sperare,

1952 1326 2007 1379 et
2042 1322 2179 1379 licet
2220 1321 2523 1377 aﬂluercnt
2556 1319 2606 1373 ei
2639 1318 2881 1388 divitiae,
2925 1334 3035 1375 non
3066 1320 3151 1374 eis
3194 1320 3461 1377 studeret
3491 1334 3594 1379 eor

1951 1425 2266 1483 apponere,
2300 1410 2436 1480 quia
2468 1414 2734 1480 potestas
2767 1408 2863 1463 Dei
2898 1412 2989 1463 est
3020 1414 3075 1465 et
3109 1409 3348 1465 Domino
3374 1409 3595 1467 miseri-

1951 1501 2173 1570 cordia,
2199 1505 2259 1555 ut
2286 1497 2495 1554 reddat
2527 1496 3019 1578 unicuiquejuxta
3045 1511 3221 1567 opera
3253 1513 3375 1555 sua.
3404 1498 3596 1573 Pippi-

1952 1604 2062 1646 nus
2090 1589 2285 1658 itaque
2332 1586 2420 1642 his
2451 1585 2671 1642 auditis
2712 1586 2826 1640 Deo
2875 1585 3058 1654 magis
3091 1601 3155 1641 ac
3189 1586 3371 1655 magis
3415 1586 3595 1659 coepit

188 1675 434 1731 berebat
463 1678 737 1746 stupens.
770 1674 1077 1743 Cogitabat
1095 1680 1288 1731 autem
1314 1679 1370 1730 et
1398 1675 1494 1735 ibi.
1525 1675 1573 1731 si
1599 1675 1752 1731 inter
1776 1675 1843 1729 il-
1870 1699 1922 1760 Β
1954 1677 2201 1734 devotus
2224 1676 2483 1731 existere
2509 1673 2850 1730 sacerdotes
2872 1674 3157 1743 venerari,
3177 1673 3477 1731 :ecclesias
3498 1674 3595 1731 ho-

192 1764 279 1820 los
312 1762 629 1820 distinctos
662 1764 965 1820 beatorum
1014 1763 1284 1834 spiritum
1334 1769 1500 1820 cetus
1546 1763 1836 1820 dominum

189 1852 376 1908 totius
402 1851 660 1908 Franciae
678 1856 974 1922 etpatrem
1000 1852 1162 1922 regni
1196 1852 1463 1908 Karolum
1489 1851 1687 1908 videre
1712 1866 1843 1924 pos-

190 1946 296 2009 set,
321 1955 459 2021 cum
486 1940 685 1997 tacitis
707 1941 835 2012 ejus
857 1941 1317 2010 cogitationibus
1350 1941 1713 2012 respondens
1743 1940 1840 2010 qui

192 2028 573 2102 praesidebat,
596 2029 667 2085 ad
694 2029 884 2085 locum
910 2029 1005 2086 ubi
1032 2029 1278 2086 Karolus
1313 2031 1675 2099 servabatur,
1709 2027 1842 2085 duci

192 2133 321 2175 eum
356 2117 661 2189 praecepit.
694 2119 916 2174 Ductus
960 2118 1155 2188 itaque
1187 2123 1277 2173 est
1312 2118 1366 2172 in
1401 2118 1707 2185 infernum,
1744 2117 1841 2173 ubi

194 2206 329 2262 dum
354 2205 703 2262 miserorum
729 2206 950 2262 animas
972 2208 1314 2263 continuato
1335 2210 1393 2262 et
1418 2206 1737 2262 inedicibili
1765 2207 1845 2260 in-

193 2293 357 2350 ﬁnito
382 2308 617 2364 quoque
637 2293 905 2349 cruciatu
932 2294 1184 2362 tabidas,
1211 2294 1570 2365 squalentes,
1591 2297 1647 2349 et
1671 2293 1845 2349 nimio

193 2382 442 2439 horrore
473 2381 784 2438 sordentes
809 2381 1136 2452 miraretur,
1163 2383 1298 2438 dum
1330 2396 1608 2453 penarum
1631 2397 1844 2451 genera

192 2476 463 2544 paveret,
485 2471 619 2526 dum
645 2470 715 2527 ad
737 2470 1026 2526 terriﬁcos
1044 2471 1273 2527 sonitus
1298 2472 1470 2526 ﬂetus
1492 2476 1550 2526 et
1573 2470 1847 2527 stridoris

197 2558 461 2615 dentium
486 2574 654 2615 suum
679 2558 795 2627 jam
818 2558 980 2628 quasi
1005 2559 1226 2615 oblitus
1248 2566 1403 2616 esset
1438 2559 1729 2629 Karolum,
1768 2559 1849 2615 vi-

195 2648 279 2704 dit
307 2662 442 2704 eum
478 2647 531 2702 in
566 2647 875 2703 tormentis
905 2646 1153 2718 positum
1186 2647 1350 2718 quasi
1382 2647 1438 2703 in
1476 2648 1665 2704 medio
1700 2648 1849 2718 ignis

197 2737 401 2805 rotari,
436 2741 499 2792 et
529 2751 680 2792 nunc
713 2735 945 2806 quidem
975 2735 1104 2806 igne
1135 2740 1296 2792 torre
1312 2736 1380 2807 ri,
1413 2751 1565 2792 nunc
1598 2736 1849 2794 stridere

200 2825 415 2895 frigore
445 2824 699 2895 glaciali,
736 2839 887 2881 nunc
935 2824 1006 2880 de
1040 2824 1169 2895 igne
1199 2825 1612 2881 ascendentem
1649 2825 1703 2880 in
1728 2824 1851 2894 gla-

198 2914 282 2971 cie
314 2914 565 2983 versari,
597 2928 750 2970 nunc
777 2927 913 2969 vero
936 2914 1008 2969 ab
1032 2913 1200 2983 aquis
1231 2918 1461 2970 erutum
1495 2913 1713 2982 ignitos
1748 2927 1841 2969 va-

203 3016 375 3074 pores
407 3004 698 3072 repetere.
736 3001 1081 3057 Miserabilis
1113 3016 1307 3058 rerum
1362 3002 1542 3057 facies
1570 3004 1582 3056 ε
1618 3001 1721 3057 Ille
1753 3000 1848 3072 qui

204 3088 374 3162 paulo
396 3093 538 3146 ante
563 3089 887 3160 imperabat
907 3089 1182 3159 Francize,
1210 3090 1305 3160 qui
1328 3089 1599 3146 dominus
1623 3089 1854 3145 diceba-

206 3183 298 3234 tur
328 3183 534 3247 tcrrm,
569 3178 667 3247 qui
700 3177 892 3233 vietor
942 3177 1191 3247 urbium,
1223 3182 1539 3249 superator
1566 3177 1850 3248 gentium,

207 3266 579 3337 conquisitor
609 3280 946 3335 regnorum.
969 3270 1031 3322 ut
1058 3280 1219 3322 suam
1253 3265 1563 3337 ampliaret
1595 3269 1855 3336 potesta-

206 3358 316 3410 tem
348 3359 542 3411 totum
576 3353 964 3409 tribulaverat
996 3354 1216 3423 orbem,

205 3485 491 3542 Urituren
512 3485 775 3551 flammis,
795 3499 940 3555 quas
953 3485 1247 3553 stringere
1261 3500 1370 3542 non
1391 3484 1543 3541 valet
1562 3484 1762 3554 amnis,

206 3556 532 3627 Stringitur
548 3556 828 3627 etglaeie,
847 3562 1141 3627 nequeunt
1162 3572 1329 3628 quam
1348 3555 1578 3614 solvere
1593 3557 1852 3612 ﬂammae.

207 3682 345 3737 Cum
370 3679 495 3736 haec
518 3693 660 3749 ergo
682 3693 877 3735 secum
905 3678 1122 3735 tacitus
1157 3679 1491 3750 miraretur,
1516 3683 1576 3736 et
1598 3677 1739 3750 quid
1772 3693 1858 3735 re-

208 3784 333 3824 rum
367 3770 529 3824 esset
562 3767 771 3823 anxius
801 3781 994 3824 secum
1024 3768 1307 3838 volveret,
1343 3766 1551 3824 ductor
1584 3767 1683 3823 ille
1714 3781 1857 3823 suus

208 3856 513 3913 herentem
540 3870 671 3911 eum
697 3855 902 3912 videns
927 3874 939 3911 :
964 3858 1132 3925 Ecce,
1164 3856 1373 3927 inquit,
1398 3856 1696 3927 cogitatus
1729 3856 1819 3913 tui
1840 3877 1858 3913 .-

208 3958 333 4003 ecee
355 3944 428 4001 de
449 3958 567 4015 quo
586 3943 948 4001 anaiabaris
976 3945 1041 4002 in
1066 3945 1228 4002 domo
1250 3945 1509 4003 Domini.
1553 3945 1693 4002 Vide
1709 3943 1863 4015 quid

207 4034 413 4092 caleat
439 4033 629 4091 seculi
658 4033 1025 4104 potentatus,
1066 4033 1267 4104 aspice
1294 4034 1449 4103 quid
1472 4033 1679 4105 possit,
1710 4030 1863 4104 quid

196 4121 545 4193 portendat,
562 4120 808 4194 adquia
830 4121 1037 4178 tendat
1052 4119 1266 4179 mundi
1277 4121 1683 4193 principatus.
1712 4122 1861 4199 Ecge

205 4209 485 4267 Karolus
509 4210 807 4282 princeps,

209 4342 484 4426 Francia
502 4358 618 4426 quo
644 4342 882 4425 turnuit,
907 4344 1251 4426 cuisemper
1270 4341 1515 4426 subdita
1539 4342 1785 4426 mansit,

396 4401 683 4496 Quinam
699 4401 1061 4496 jura'ttcdit,
1087 4401 1194 4496 qui
1214 4427 1328 4471 sua
1351 4414 1566 4496 cuique
1589 4412 1749 4483 tulit,
1771 4401 1784 4412 ’
1828 4456 1833 4461 .
1888 4401 1943 4463 D

219 4485 805 4557 Torreturjtammis,
831 4484 1154 4543 ceternus'ei
1172 4485 1377 4541 manet
1390 4484 1574 4555 ignis,

216 4607 367 4681 quia
382 4608 726 4681 postposuit
740 4608 1079 4677 Dominum,
1102 4622 1209 4666 nec
1228 4606 1548 4664 abborruit
1564 4605 1862 4680 confusio-

214 4708 347 4752 nem
394 4696 820 4753 ecclesiarum.
871 4697 1111 4753 Nuncia
1140 4696 1263 4752 liae
1282 4696 1539 4768 Pippino
1558 4696 1692 4765 regi
1722 4696 1863 4765 ﬁlio

218 4786 371 4855 ejus,
394 4784 469 4841 ut
488 4783 683 4842 discat
700 4798 819 4841 non
839 4783 1163 4856 superbire,
1183 4798 1290 4841 nec
1306 4798 1550 4856 sperare
1563 4784 1625 4841 in
1639 4782 1863 4840 incerto

220 4871 720 4943 dieitiarum,sed
729 4874 795 4930 in
804 4873 1054 4930 Domino
1066 4872 1400 4945 Deo,guipo
1408 4872 1865 4929 testetanimam

217 4961 279 5017 et
290 4974 505 5033 corpus
522 4961 757 5018 mittere
773 4961 1198 5033 ingebennam.
1231 4960 1461 5027 Quodsi
1477 4959 1587 5017 tibi
1608 4974 1727 5016 non
1745 4974 1865 5017 cre-

227 5048 469 5120 diderit,
487 5048 586 5108 die
598 5048 699 5107 illi
710 5049 1292 5121 utoadatParisius,
1309 5049 1663 5122 operiatque
1674 5049 1866 5121 sepul-

1881 3049 1933 3112 Ο

1953 1780 2183 1835 norare,
2212 1769 2271 1820 et
2294 1764 2349 1819 in
2375 1763 2589 1835 quibus
2624 1764 2799 1817 Deum
2826 1777 2855 1817 a
2881 1766 3046 1833 patre
3070 1777 3177 1818 suo
3200 1762 3487 1820 didicerat
3515 1764 3597 1819 of-

1953 1856 2180 1911 fensum
2217 1853 2417 1919 fuisse,
2453 1853 2525 1908 ab
2556 1852 2646 1906 his
2679 1865 2742 1907 se
2775 1850 3052 1907 studebat
3084 1854 3211 1908 toto
3242 1851 3368 1908 nisu
3403 1856 3597 1910 custo-

1953 1944 2096 2000 dire.
2125 1945 2195 1999 Ut
2220 1947 2415 1999 autem
2439 1940 2595 1996 venit
2622 1940 2927 2009 Parisium,
2956 1940 3328 2012 sepulchrum
3353 1941 3501 2012 ejus,
3526 1941 3598 1997 de

1954 2048 2067 2104 quo
2090 2032 2363 2087 manabat
2386 2016 2532 2086 odor
2555 2028 2911 2099 sulphureus
2938 2030 3092 2085 fumo
3116 2029 3354 2096 mixtus,
3383 2029 3596 2102 aperiri

1955 2118 2659 2196 praecipiunt-mentibus
2674 2117 2969 2189 episcOpis
2983 2122 3041 2174 et
3057 2118 3438 2189 optimatibus
3452 2118 3593 2175 suis.

1955 2210 2095 2281 (Pol.
2116 2209 2246 2281 58’.)
2275 2207 2440 2274 Quod
2462 2206 2557 2262 ubi
2584 2210 2846 2277 apertum
2867 2211 2979 2276 est,
3000 2206 3197 2262 vident
3222 2207 3411 2277 ignem
3434 2212 3489 2263 et
3520 2207 3600 2263 fu-

1955 2315 2105 2356 mum
2157 2298 2536 2354 tenebrosum
2568 2300 2623 2351 et
2659 2294 2942 2362 foetidum,
2978 2293 3256 2365 reliquias
3303 2295 3596 2368 absumpti

1954 2388 2244 2460 corporis,
2272 2383 2648 2456 sepulchrum
2672 2397 2901 2452 quoque
2918 2382 2997 2438 ita
3018 2383 3244 2439 fumaet
3261 2384 3389 2453 igne
3413 2385 3600 2454 nigre-

1956 2478 2190 2545 faetum,
2227 2479 2289 2531 ut
2323 2476 2593 2544 patenter
2636 2470 2879 2526 daretur
2913 2470 3161 2541 intelligi
3194 2486 3387 2527 veram
3422 2471 3602 2529 fuisse

1953 2566 2237 2623 visionem
2259 2560 2607 2629 sacerdotis,
2636 2559 2796 2629 gravi
2823 2558 2983 2615 illum
3015 2559 3163 2631 apud
3191 2559 3410 2616 inferos
3435 2572 3603 2630 pcena

1955 2669 2083 2711 esse
2109 2652 2436 2717 multatum,
2473 2649 2640 2719 cujus
2663 2663 2879 2720 corpus
2908 2648 2962 2704 in
2986 2647 3296 2719 sepulchro
3326 2648 3471 2702 tanti
3506 2662 3604 2704 no-

1956 2744 2139 2800 vitate
2171 2734 2434 2796 miracu‘li
2476 2739 2553 2793 ita
2588 2737 2788 2794 fuisset
2826 2738 2953 2807 igne
2988 2736 3305 2808 sulphureo
3335 2750 3604 2793 consum-

1959 2836 2141 2903 ptum.
2179 2827 2425 2884 Grandis
2465 2827 2601 2882 hinc
2633 2826 2880 2883 obortus
2918 2828 3008 2880 est
3038 2830 3233 2880 terror
3266 2824 3384 2894 regi
3417 2828 3474 2881 et
3511 2840 3606 2896 po-

1959 2918 2118 2991 pulo,
2138 2915 2377 2986 grandis
2400 2912 2655 2969 adol.~vit
2679 2911 2950 2968 omnibus
2971 2926 3106 2982 erga
3133 2911 3423 2968 Christum
3440 2917 3496 2969 et
3518 2927 3605 2970 sa-

1962 3005 2234 3063 cerdotes
2263 3002 2390 3073 ejus
2424 3000 2683 3067 devotio,
2722 2999 2811 3070 pia
2847 3005 2973 3055 erat
3006 3000 3275 3056 omnibus
3299 3000 3454 3057 circa
3489 3015 3606 3057 mo-

1965 3093 2216 3151 nasteria
2247 3100 2306 3147 et
2338 3088 2636 3148 tecclesias
2670 3088 3088 3145 restaurandas
3115 3090 3433 3146 contentio.
3461 3091 3604 3148 Hinc

1964 3188 2055 3241 est
2089 3180 2318 3252 quodin
2344 3184 2608 3250 tempore
2634 3177 2761 3246 ejus
2790 3181 2874 3233 tot
2899 3177 3274 3233 inveniuntur
3298 3178 3605 3251 pontiﬁces

1966 3284 2161 3330 amore
2194 3267 2411 3325 Christi
2445 3268 2758 3334 ferventes,
2786 3265 2903 3337 qui,
2939 3269 3138 3337 Optata
3160 3281 3299 3337 pace
3321 3266 3512 3339 potiti,
3547 3273 3607 3324 et

1969 3360 2123 3431 regis
2145 3357 2457 3415 amicitiam
2492 3354 2710 3424 nancti,
2732 3353 3012 3411 recclesiis
3044 3355 3444 3413 restaurandis
3464 3355 3607 3413 invi-

1966 3448 2249 3521 gilabant,
2296 3443 2559 3501 fovendis
2608 3441 3004 3512 eurandisque
3034 3443 3337 3500 animabus
3368 3459 3605 3517 operam

1969 3538 2204 3596 dabant.
2241 3534 2376 3606 quia
2397 3534 2467 3590 de
2488 3536 2651 3589 tanta
2684 3531 3091 3603 Oppressione,
3123 3547 3234 3603 qua
3265 3535 3607 3604 premeban-

1966 3632 2065 3684 tur
2086 3623 2353 3682 ecclcsiae
2386 3636 2490 3694 per
2519 3620 2769 3690 majores
2793 3620 3023 3683 domus,
3045 3635 3246 3692 pacem
3271 3626 3332 3677 et
3352 3622 3604 3691 quietem

1969 3729 2033 3772 se
2066 3709 2486 3784 aliquantulum
2538 3707 2866 3779 optinuisse
2913 3708 3267 3778 gaudebant.
3322 3709 3606 3780 Diligebat

1969 3803 2120 3861 enim
2145 3800 2357 3857 affectu
2382 3796 2761 3854 devotissimo
2783 3810 2980 3853 omnes
3005 3796 3227 3852 Domini
3255 3798 3607 3868 sacerdotes,

1970 3895 2027 3948 et
2052 3890 2170 3945 illis
2183 3885 2525 3960 promptiori
2552 3884 2915 3941 subdebatur
2934 3883 3281 3940 humilitatis
3305 3885 3608 3957 obsequio,

1972 3994 2120 4051 quos
2150 3976 2395 4033 vidisset
2427 3987 2529 4045 per
2561 3972 2746 4029 officia
2781 3972 3024 4044 pietatis
3058 3972 3444 4044 proximiores
3472 3975 3606 4030 Deo.

1971 4070 2127 4125 Inter
2152 4080 2297 4137 quos
2320 4064 2547 4121 beatum
2570 4062 2927 4118 Madelveum
2952 4066 3116 4118 tanto
3134 4062 3498 4134 propensiori
3520 4078 3615 4119 eo-

1972 4156 2083 4214 luit
2105 4150 2437 4211 devotionis
2468 4150 2700 4219 aﬁ‘eetu,
2735 4154 2953 4220 quanto
2983 4164 3113 4206 eum
3141 4149 3378 4206 cultiori
3402 4151 3614 4207 mentis

1973 4245 2279 4303 nobilitate
2300 4240 2532 4297 Christo
2562 4241 2677 4295 Deo
2708 4238 2992 4296 adherere
3015 4239 3311 4309 cognovit,
3341 4245 3612 4297 ornatum

1976 4335 2261 4402 moribus,
2284 4333 2496 4389 bonum
2521 4329 2842 4396 doctorem,
2870 4327 3046 4399 pium,
3069 4327 3497 4399 rationabilem,
3521 4329 3617 4384 ha-

1978 4426 2209 4480 bentem
2241 4420 2391 4478 filios
2417 4419 2471 4476 in
2496 4417 2649 4475 omni
2683 4416 2946 4473 bonitate
2979 4415 3091 4471 sibi
3125 4416 3417 4488 subditos,
3451 4431 3617 4490 para-

1978 4517 2098 4569 tum
2130 4510 2397 4567 omnibus
2430 4506 2679 4564 reddere
2705 4505 2986 4562 rationem
3013 4504 3083 4560 de
3103 4518 3189 4573 ea,
3217 4518 3346 4577 quae
3370 4505 3425 4561 in
3450 4506 3617 4563 nobis

1975 4606 2084 4669 est,
2111 4613 2234 4671 spe.
2261 4596 2402 4668 (Fol.
2426 4595 2567 4668 58b.)
2588 4595 2748 4651 Licet
2769 4598 2960 4650 autem
2986 4593 3041 4650 in
3064 4594 3495 4652 restauratione
3517 4610 3620 4653 tec-

1973 4688 2285 4745 clesiarum
2311 4687 2419 4743 hac
2444 4685 2514 4742 de
2537 4697 2710 4742 causa
2745 4682 3056 4754 aliquando
3079 4682 3341 4740 studiose
3373 4683 3618 4741 desuda-

1974 4777 2147 4843 verit,
2176 4782 2364 4833 tamen
2391 4776 2552 4831 tanta
2584 4776 2711 4830 erat
2745 4771 2877 4827 mali
2912 4769 3113 4841 moles,
3140 4774 3304 4826 tanta
3328 4770 3618 4840 cupidita-

1978 4866 2054 4923 tis
2080 4865 2293 4935 rabies,
2318 4869 2379 4920 ut
2404 4876 2590 4935 usque
2621 4860 2691 4917 ad
2721 4858 2913 4917 Karoli
2946 4858 3131 4929 Magni
3161 4862 3426 4929 tempora
3460 4857 3622 4914 mali-

1977 4956 2086 5015 ciei
2105 4954 2278 5025 hujus
2298 4951 2602 5010 duraverit
2627 4949 2916 5022 pernicies
2934 4951 3267 5018 veternosa,
3304 4945 3439 5002 dum
3465 4947 3618 5018 quod

1979 5045 2128 5103 male
2169 5042 2415 5114 quisque
2445 5044 2505 5097 et
2534 5037 2794 5096 indebite
2839 5038 3243 5107 usurpaverat,
3281 5034 3447 5108 pejus
3483 5036 3624 5093 reti-

1579 5172 1817 5230 VARLE
1855 5167 2256 5229 LECTIONES.

289 5260 362 5297 ³³⁸
391 5261 798 5336 blasphemare
827 5274 874 5320 c.

294 5447 421 5533 (ea).
455 5447 958 5533 De‘sequentibus
984 5448 1060 5506 cf.
1094 5443 1404 5531 epistolam
1454 5356 2098 5519 episcoporugioarcﬁll,
2151 5443 2274 5499 117.
2330 5432 2687 5495 Ludovicum
2741 5445 2936 5504 regem
2985 5445 3115 5491 ann.
3161 5434 3285 5491 888.
3338 5430 3621 5490 Sirmond.

231 5516 447 5579 Concil.
469 5516 615 5577 Gall.
