3936 6050
332 199 445 265 14⁸7

1158 262 1163 265 Α
1264 196 1631 264 HUGONIS
1674 195 2029 260 ABBATIS
2074 194 2781 262 FLAVINIACENSES

3615 202 3731 267 148

330 334 470 393 nere
493 333 815 407 satagebat.
841 333 1144 395 Undecum
1166 332 1450 395 clamores
1473 332 1867 394 aecclesiarum
1893 331 1964 390 ad
1996 331 2049 392 A
2080 330 2198 389 ries
2233 337 2421 391 tamen
2452 334 2723 394 veritatis
2766 334 3014 408 quodam
3068 335 3412 410 compendio
3440 351 3728 414 expressa

332 424 527 483 sedem
551 427 913 484 referrentur
933 426 1334 497 apostolicam,
1349 429 1405 482 et
1422 427 1493 481 ab
1507 440 1571 481 ea
1599 423 1963 493 requirerent

326 512 632 584 justitiam,
660 515 948 573 Adrianus
973 514 1232 587 pontifex
1256 513 1526 570 Karolum
1549 513 1809 582 Magnum
1834 515 1967 567 ante

332 615 547 673 corpus
582 603 735 659 beati
785 603 942 659 Petri
975 603 1345 671 conveniens,
1383 605 1443 657 ut
1478 601 1667 657 omnia
1714 600 1971 670 corrige-

334 694 556 760 rentur,
598 691 870 763 optinuit.
918 691 1078 747 Unde
1119 690 1385 745 omnibus
1422 688 1880 759 archiepiscopis
1912 691 1970 742 et

335 778 631 851 episcopis
662 778 858 836 Galliae
890 778 1044 835 misit
1089 776 1395 848 epistolam
1426 792 1595 847 quam
1630 776 1719 831 hic
1756 790 1971 848 ponere

335 865 719 938 decrevimus,
746 868 1183 923 considerantes
1204 880 1465 935 magnam
1488 865 1543 920 in
1566 880 1629 921 ea
1657 864 1974 920 Gallicana-

336 969 460 1010 rum
477 956 871 1013 aecclesiarum
886 955 1297 1011 auctoritatem
1312 953 1598 1010 contineri
1616 954 1748 1025 (53):
1768 953 1977 1010 Adria-

333 1057 446 1101 nus
459 1046 760 1115 episcopus
780 1058 984 1101 serens
1005 1055 1309 1100 servorum
1330 1043 1461 1111 Dei,
1476 1042 1787 1099 Bertlierio
1813 1043 1977 1098 Vien-

333 1136 503 1189 nensi
526 1133 787 1204 episcopo
815 1132 1088 1189 salutem.
1107 1132 1377 1188 Dilectus
1389 1130 1721 1189 etillust-ris
1743 1144 1814 1187 ac
1837 1130 1977 1186 reli-

328 1220 717 1292 giosus/ilius
729 1234 834 1277 nos
842 1221 926 1277 ter
944 1220 1194 1278 Carolus
1204 1233 1314 1275 ree:
1327 1220 1466 1292 etpa
1474 1219 1684 1275 tricius
1696 1220 1979 1274 Romano-

312 1324 485 1379 .rnm,
506 1311 751 1366 Romam
762 1311 941 1378 venit,
959 1309 1248 1379 etpassim
1262 1309 1502 1365 Domini
1516 1307 1679 1379 apud
1686 1308 1978 1365 Sanctum

334 1398 581 1455 Petrum
595 1399 896 1455 nobiscum
919 1398 1058 1469 egit,
1074 1396 1176 1454 ubi
1190 1397 1346 1453 inter
1360 1397 1487 1452 alia
1500 1396 1834 1452 monuimus
1847 1409 1977 1452 eum

334 1488 406 1543 de
429 1487 1018 1558 metropolitanorum
1044 1486 1278 1554 Iwnore,
1302 1485 1448 1542 etde
1468 1484 1818 1541 civitatibus
1846 1497 1978 1554 gare

338 1575 515 1632 laicis
535 1575 759 1631 nomini
768 1573 872 1631 bus
892 1574 1134 1631 tradita
1154 1574 1355 1640 erant;
1378 1575 1437 1629 et
1453 1574 1602 1643 quia
1622 1573 1975 1644 episcopalis

339 1662 608 1734 dignitas
623 1663 766 1735 fere
782 1677 892 1734 per
923 1662 1221 1734 octoginta
1255 1675 1441 1719 annos
1470 1676 1508 1717 a
1535 1660 1790 1718 Francis
1826 1661 1978 1718 esset
2003 1689 2056 1749 B

338 1752 700 1808 conculcata.
724 1750 869 1808 Cum
883 1749 1422 1807 bacetbissimilia
1436 1749 1738 1821 gloriosus
1750 1763 1975 1807 rcxau-

338 1840 541 1910 disset,
564 1841 852 1911 promisit
878 1841 1015 1896 ante
1043 1854 1252 1910 corpus
1294 1839 1450 1897 beati
1489 1839 1661 1895 Petri
1700 1840 1974 1909 apostoli,

338 1929 499 2000 quod
534 1931 735 1985 omnia
765 1930 846 1985 ad
882 1928 1347 1985 emendationem
1384 1929 1649 1985 nostram
1685 1928 1971 1984 venirent.

344 2017 945 2088 Unrleplacuitnobis,
962 2017 1306 2076 utomnibus
1319 2017 1783 2089 archiepiscopis
1796 2018 1981 2088 etcpi-

337 2108 527 2177 scapis
540 2108 956 2165 auctoritatem
989 2108 1329 2164 litterarum
1358 2106 1704 2177 nostrarum
1724 2106 1979 2162 mittere-

337 2210 391 2249 nz
404 2210 487 2265 us,
504 2197 633 2251 utsi
639 2197 1020 2267 cutanliguis
1020 2197 1370 2268 privilegiis
1380 2195 1637 2267 singula
1648 2195 1981 2265 metropoli-

342 2284 497 2339 τίη-πω
524 2285 1001 2355 in‘besfundatec
1028 2286 1186 2353 sunt,
1220 2286 1311 2342 ita
1336 2284 1653 2353 maneant,
1670 2283 1738 2339 ut
1764 2283 1987 2338 habeat

340 2386 713 2443 unaquaque
740 2374 1073 2444 metropolis
1102 2370 1808 2441 cicitatessibisubditas,
1827 2386 1980 2442 quas

345 2460 448 2517 bea
457 2462 548 2518 tus
562 2464 668 2517 leo
688 2463 748 2517 et
763 2462 1324 2535 aliipredecessores
1346 2462 1775 2518 etsuccessores
1788 2462 1981 2532 ipsius

334 2550 473 2620 post
484 2550 565 2606 C’a
576 2550 1009 2608 tchidonensem
1020 2551 1291 2607 sinodum
1306 2549 1567 2621 singulis
1584 2549 1982 2619 metropo.’ita-

340 2636 436 2693 nis
450 2638 752 2694 distinxit.
764 2640 882 2696 Nec
881 2640 1198 2710 propterea
1212 2640 1340 2694 ulla
1352 2639 1608 2707 metrapo
1618 2638 1694 2694 lis
1691 2637 1849 2707 praj
1854 2638 1983 2692 ua’i-

340 2726 495 2781 cium
505 2726 644 2795 pati
656 2728 871 2795 almusi
891 2727 1077 2781 alicui
1099 2725 1624 2797 sufraganeorum
1637 2725 1858 2781 autnos
1876 2725 1985 2781 aut

334 2813 728 2884 predecessor
742 2814 936 2871 noster
946 2815 1186 2886 roganti
1194 2814 1222 2870 b
1232 2828 1297 2871 us
1302 2815 1430 2884 piis
1441 2814 1804 2870 Francorum
1822 2813 1984 2869 delci-

344 2902 448 2958 bus
458 2918 535 2972 pa
545 2903 714 2959 Ilium
731 2903 946 2974 largiti
967 2918 1190 2961 sumus.
1208 2905 1329 2960 Nec
1343 2902 1781 2960 debetacclesia
1796 2902 1984 2959 ullum

343 2986 661 3061 dampnari:
681 2995 778 3048 sui
794 2992 1027 3049 ordinis
1046 2994 1183 3049 inde
1202 2991 1516 3062 sustinere,
1532 2993 1586 3048 si
1598 3006 1704 3062 per
1720 2992 1947 3047 60aut7
1953 3000 1983 3045 0

343 3082 527 3140 aut80
544 3082 603 3139 et
628 3098 687 3139 eo
718 3082 975 3153 amplius
1002 3097 1188 3139 annos
1216 3082 1453 3151 injuria
1484 3096 1985 3152 quorumcunzgue

336 3171 657 3242 pra'sulnm
674 3172 728 3227 et
737 3172 909 3227 casta
919 3171 1074 3227 tione
1097 3170 1487 3227 barbarorum
1511 3169 1868 3241 dignitatem
1882 3184 1985 3226 an-

343 3260 429 3329 tig
440 3275 576 3316 nam.
588 3261 647 3315 et
659 3263 1049 3315 Romanorzmz
1073 3259 1287 3315 antisti
1295 3260 1417 3314 tum.
1426 3257 1670 3330 ﬂrmita
1678 3260 1729 3315 te
1749 3259 1986 3316 robora-

343 3349 463 3403 tam
472 3348 1059 3419 pcra’ieliletamisit,
1087 3362 1244 3419 quan
1255 3348 1324 3402 do
1346 3348 1677 3405 innumeris
1689 3362 1861 3419 peene
1882 3362 1987 3404 an-

341 3437 437 3491 nis
451 3436 563 3491 illa
576 3437 799 3506 spiritu
814 3435 924 3491 Dei
940 3435 1282 3505 disponente
1296 3449 1403 3491 usa
1412 3435 1633 3505 fuerit.
1651 3436 1988 3492 Auctorita-

342 3524 396 3579 te
409 3525 598 3595 igitur
619 3524 775 3580 beati
799 3524 969 3580 Petri
990 3523 1388 3594 apostolorum
1397 3524 1703 3595 principis
1722 3524 1988 3595 singulis

340 3612 813 3683 metropolitanis
826 3612 1242 3682 antiguoonore
1246 3612 1595 3682 potestatem
1606 3626 1777 3669 suam
1789 3613 1989 3669 reddi-

342 3701 627 3768 dimus,et
641 3701 851 3772 ﬁlium
874 3698 1144 3757 nostrum
1166 3700 1495 3771 gloriosum
1517 3700 1573 3755 et
1592 3701 1870 3757 inclitum
1899 3715 1988 3758 rc-

334 3803 469 3860 gem
485 3788 782 3845 A’arolum
804 3790 941 3845 ante
961 3803 1172 3859 corpus
1203 3788 1359 3845 beati
1381 3788 1553 3846 Petri
1574 3788 1714 3845 inde
1750 3789 1988 3859 rogavi-

338 3891 490 3947 mus,
516 3877 586 3933 ut
604 3877 923 3948 antiyuam
941 3873 1298 3947 dignitatem
1328 3891 1523 3934 omnes
1541 3877 1989 3948 metropolitani

342 3965 639 4023 baberent.
676 3967 816 4023 Ideo
840 3966 993 4023 lia-nc
1022 3966 1332 4038 epistolam
1360 3966 1746 4024 auctoritatis
1774 3967 1990 4024 nostra

343 4056 613 4114 omnibus
625 4056 1257 4126 misimusguamutet
1270 4056 1331 4112 tu
1344 4055 1590 4113 haberes
1601 4056 1990 4126 coluimus,ut

343 4147 401 4203 et
430 4147 494 4203 tu
521 4159 892 4217 cognosceres
930 4145 1185 4201 ecclesia
1224 4135 1537 4202 tule'suum
1565 4144 1981 4216 pricilegium,

340 4235 501 4306 quod
511 4249 547 4291 a
562 4237 671 4291 tem
670 4248 814 4305 pore
827 4234 984 4290 beati
994 4248 1174 4305 papa
1186 4235 1395 4290 Leonis
1409 4232 1639 4301 habuit,
1662 4233 1890 4303 integre
1902 4246 1987 4290 es-

339 4337 402 4381 se
414 4322 822 4395 reformatunz.
841 4321 1001 4377 Data
1015 4322 1160 4377 Kal.
1177 4322 1489 4390 Januarii,
1507 4322 1830 4390 imperante
1830 4323 1986 4391 piis-

2014 3038 2064 3103 C

2079 420 2390 494 plurimum
2424 424 2833 483 instructionis
2871 428 3135 484 conferat
3167 426 3256 484 πί.

2154 591 2295 663 (Fol.
2324 595 2436 665 54.)
2464 595 2646 665 igitur
2668 597 2947 654 sacerdos
2969 597 3219 654 eximius
3241 599 3604 672 episcopium
3632 617 3731 675 pa-

2084 681 2288 736 storali
2321 682 2719 741 sollicitudine
2747 686 3058 756 circuiens,
3082 687 3387 744 mcclesias
3419 689 3474 745 in
3510 679 3728 761 quibus

2085 784 2207 851 non.
2229 776 2396 825 erant
2429 771 2571 828 locis
2620 775 2905 843 extruxit,
2956 774 3181 832 dirutas
3224 776 3317 833 vel
3367 777 3729 837 inveteratas

2085 859 2460 929 restauravit,
2480 861 2799 917 ministeria
2816 863 3007 919 divina
3023 864 3338 935 ordinavit,
3355 866 3560 938 plebes
3574 866 3728 924 salu-

2085 947 2197 1002 tari
2223 948 2488 1005 doctrina
2507 950 2780 1022 edocens,
2802 957 2861 1008 et
2880 953 3195 1024 episcopali
3217 955 3625 1013 benedictione
3647 971 3730 1014 sa-

2086 1036 2287 1106 crique
2311 1036 2601 1094 crismatis
2622 1040 2895 1096 unctione
2918 1042 3289 1099 confirmans.
3319 1046 3507 1115 Ipsam
3532 1050 3727 1102 autem

2086 1124 2393 1180 ecclesiam
2430 1127 2582 1182 beati
2610 1128 2819 1199 Vitoni,
2847 1130 2943 1186 cui
2966 1136 3099 1186 ante
3129 1136 3464 1204 perceptam
3495 1133 3730 1205 pontiﬁ-

2087 1216 2257 1268 catus
2306 1215 2553 1283 gratiam
2600 1221 2799 1288 pastor
2830 1222 2889 1273 et
2923 1222 3118 1275 rector
3148 1219 3460 1279 institutus
3511 1223 3725 1293 fuerat,

2089 1305 2251 1357 tanta
2273 1317 2499 1375 semper
2517 1304 2832 1375 dilectione
2848 1306 3031 1364 coluit
3052 1313 3111 1365 et
3133 1310 3422 1380 provexit,
3444 1314 3502 1367 ut
3526 1326 3731 1369 curam

2088 1389 2216 1459 ejus
2240 1391 2413 1448 etiam
2445 1398 2676 1465 sumpto
2706 1396 3047 1467 episcopatu
3070 1412 3182 1453 non
3208 1398 3554 1470 dimitteret,
3587 1401 3731 1471 quin

2090 1478 2286 1547 potius
2315 1481 2469 1536 omni
2502 1496 2626 1537 eam
2666 1485 2968 1540 conamine
3000 1488 3056 1540 et
3091 1485 3301 1542 divinis
3348 1486 3731 1546 famulatibus

2088 1565 2375 1623 illustrem
2396 1564 2671 1640 reddidit,
2698 1571 2933 1642 prmdiis
2957 1588 3185 1645 quoque
3204 1578 3263 1630 et
3284 1574 3733 1633 mcclesiasticis

2090 1657 2444 1714 utensilibus
2490 1659 2809 1731 ampliavit,
2846 1662 2920 1717 ob
2954 1663 3454 1733 praedecessorum
3487 1680 3732 1722 suorum

2090 1746 2305 1805 ibidem
2341 1748 2767 1819 quiescentium
2801 1751 3029 1807 beatam
3063 1753 3418 1823 memoriam,
3454 1769 3484 1809 a
3517 1756 3736 1825 quibus

2089 1852 2195 1892 nec
2220 1852 2469 1908 corpore
2488 1852 2593 1894 noc
2612 1839 2823 1909 Spiritu
2843 1839 3075 1897 volebat
3099 1841 3373 1913 disjungi,
3398 1843 3498 1899 sed
3522 1843 3735 1901 inloco

2092 1926 2310 1996 requiei
2326 1941 2526 1983 eorum
2541 1929 2780 1998 optabat
2801 1928 3168 2001 consepeliri.
3198 1930 3365 1987 Dedit
3379 1946 3519 2002 ergo
3540 1932 3734 1988 eidem

2092 2015 2374 2072 tecclesiae
2405 2016 2476 2072 de
2506 2031 2611 2072 suo
2646 2018 2881 2089 proprio
2922 2019 3165 2075 Raherci
3197 2024 3422 2077 curtem
3455 2022 3569 2094 (54)
3599 2037 3735 2079 cum

2092 2103 2445 2176 appenditiis
2497 2121 2602 2177 pro
2652 2105 3038 2163 tumulatione
3084 2109 3169 2164 sui
3211 2110 3493 2182 corporis,
3528 2116 3584 2168 et
3618 2110 3733 2168 alia

2095 2192 2391 2265 perplura,
2427 2198 2492 2249 ut
2522 2194 2782 2250 ostendit
2832 2196 3167 2253 chartarum
3218 2198 3444 2255 notitia.
3488 2199 3736 2267 Quidam

2094 2282 2266 2337 etiam
2291 2283 2481 2338 Sartio
2502 2283 2735 2339 nomine
2759 2283 2828 2339 ad
2853 2288 3115 2341 extrema
3138 2286 3397 2359 veniens,
3419 2288 3558 2344 etin
3581 2289 3739 2345 atrio

2093 2372 2348 2443 praefatae
2372 2371 2655 2429 aecclesiae
2680 2386 2742 2428 se
2761 2372 2996 2445 sepeliri
3016 2374 3354 2447 deposcens,
3384 2380 3739 2434 testamento

2095 2460 2248 2515 facto
2272 2461 2454 2532 ipsam
2486 2460 2809 2517 azcclesiam
2829 2461 2900 2518 de
2923 2463 3101 2520 rebus
3129 2464 3269 2534 suis,
3308 2480 3452 2536 quas
3480 2465 3742 2537 posside-

2096 2549 2191 2604 bat
2219 2550 2271 2604 in
2301 2565 2446 2621 pago
2468 2549 2853 2621 Virdunense,
2881 2549 2935 2605 in
2961 2550 3088 2608 loco
3114 2552 3210 2622 qui
3243 2553 3461 2610 dicitur
3484 2555 3583 2625 Ex,
3612 2571 3744 2627 pro-

2098 2641 2226 2707 pter
2251 2636 2485 2692 ﬂuvium
2510 2636 2771 2705 ejusdem
2804 2636 3051 2694 nominis
3083 2638 3295 2695 ibidem
3322 2640 3741 2699 decurrentem

2096 2727 2229 2794 (55),
2253 2723 2525 2780 heredem
2551 2724 2830 2795 instituit,
2850 2726 3130 2783 utexinde
3151 2732 3390 2785 sanctus
3410 2730 3658 2787 Vitonus
3678 2737 3738 2787 et

2095 2812 2187 2868 hic
2204 2817 2369 2883 pater
2383 2816 2585 2869 noster
2601 2814 2807 2869 beatus
2820 2814 3150 2871 Madelveus
3164 2816 3476 2889 episcopus
3488 2819 3734 2890 etabba,

2095 2902 2489 2972 custodesque
2513 2902 2699 2958 sancti
2723 2903 2990 2974 corporis
3022 2903 3269 2961 heredes
3297 2910 3495 2963 essent
3530 2922 3738 2981 perpe-

2098 2991 2200 3047 tui.
2231 2990 2366 3061 (Fol.
2388 2989 2517 3061 54’.)
2545 2992 2719 3061 Cujus
2739 2991 3065 3063 exemplum
3087 2998 3373 3064 sequutus
3386 2999 3443 3052 et
3461 2997 3614 3053 beati
3642 3012 3742 3069 pa-

2100 3081 2208 3135 tris
2238 3080 2411 3150 hujus
2443 3093 2530 3134 am
2547 3094 2637 3134 ire
2670 3080 2883 3137 ductus
2915 3081 3301 3154 Grimbertus,
3337 3098 3649 3155 possessor
3679 3093 3742 3143 et

2097 3168 2221 3240 ipse
2248 3168 2405 3223 fundi
2427 3167 2607 3238 ipsius
2630 3174 2685 3223 et
2710 3169 3047 3226 hereditarii
3067 3171 3216 3241 juris
3236 3173 3557 3245 particeps,
3574 3175 3743 3246 quid-

2099 3258 2236 3328 quid
2253 3257 2308 3312 in
2323 3256 2524 3313 eodem
2541 3255 2666 3313 loco
2683 3258 3038 3329 possidebat,
3058 3260 3315 3317 basilicae
3339 3262 3524 3318 sancti
3542 3263 3740 3321 Vitoni

2098 3345 2450 3401 condonavit
2485 3346 2539 3400 in
2583 3346 2814 3415 mansis,
2866 3348 3104 3419 campis,
3158 3347 3305 3406 oleis
3351 3348 3485 3421 (56),
3530 3352 3737 3425 pratis,

2100 3436 2354 3506 pascuis,
2372 3435 2642 3505 concisis,
2660 3434 2843 3504 silvis,
2868 3436 3034 3505 aquis
3057 3451 3457 3509 aquarumque
3480 3439 3744 3499 exitibus

2099 3529 2158 3579 et
2190 3523 2557 3579 decursibus.
2597 3522 2700 3589 Qui
2726 3523 2934 3579 exinde
2964 3525 3329 3595 postmodum
3363 3527 3627 3598 precaria
3662 3529 3744 3586 fa-

2097 3617 2213 3682 cta,
2240 3627 2334 3668 res
2363 3612 2522 3681 ipsas
2544 3626 2573 3665 a
2600 3611 2771 3668 beato
2797 3611 2920 3667 viro
2939 3611 3070 3681 jure
3096 3613 3467 3672 beneficiario
3490 3617 3740 3689 recepit,

2099 3699 2471 3756 denominato
2495 3714 2671 3756 censu
2696 3699 2896 3770 viginti
2921 3700 3202 3757 librarum
3225 3701 3337 3758 olei
3370 3702 3620 3774 singulis
3643 3720 3744 3762 an-

2100 3790 2188 3845 nis
2212 3789 2267 3844 in
2294 3788 2614 3845 festivitate
2643 3789 2829 3845 sancti
2860 3788 3053 3845 Vitoni
3095 3790 3167 3845 ad
3206 3780 3512 3849 luminaria
3536 3793 3743 3851 mccle-

2099 3878 2201 3935 size
2224 3877 2368 3948 ejus,
2395 3877 2451 3932 in
2474 3891 2585 3948 qua
2612 3877 2916 3950 preciosus
2952 3878 3102 3935 idem
3143 3879 3444 3936 confessor
3480 3882 3743 3953 requies-

2098 3967 2198 4037 cit,
2227 3966 2575 4039 prmscripto
2605 3966 2779 4022 etiam
2808 3966 3025 4037 Spacio,
3063 3981 3177 4037 quo
3208 3971 3445 4026 sanctus
3472 3983 3539 4026 ea
3563 3969 3741 4029 debe-

2098 4060 2191 4112 ret
2215 4055 2517 4111 meliorata
2532 4055 2815 4126 recipere.
2839 4054 3000 4121 Quod
3016 4059 3431 4114 testamentum
3452 4060 3740 4130 precaria

2099 4146 2308 4201 beatus
2361 4144 2622 4215 pontifex
2651 4148 2706 4200 et
2740 4145 2886 4200 abba
2933 4145 3286 4202 auctoritate
3330 4162 3435 4204 sua
3486 4146 3738 4207 ﬁrmavit

2099 4247 2247 4289 anno
2279 4233 2457 4289 tertio
2489 4233 2650 4302 regni
2683 4232 3046 4289 Karlomanni
3081 4235 3177 4305 qui
3202 4235 3311 4291 fuit
3342 4236 3521 4293 frater
3542 4226 3739 4296 Kardli

2099 4322 2302 4392 Magni,
2337 4322 2429 4378 die
2463 4320 2699 4377 Kalend.
2729 4320 2863 4378 Julii
2896 4336 3045 4378 anno
3070 4323 3140 4377 ab
3166 4321 3277 4378 inc.
3312 4324 3622 4397 Dom.770,
3657 4326 3743 4385 in-

336 4412 752 4483 simoaugusto
787 4410 1175 4467 Constantino
1188 4423 1342 4465 anno
1376 4410 1617 4478 decimo,
1648 4408 1984 4468 etaDeoco-
2013 4396 2066 4457 D
2099 4410 2351 4467 dictione
2368 4416 2419 4469 8.
2450 4413 2714 4468 Ceterum
2739 4411 3048 4482 Aquitania
3073 4412 3405 4471 sanctitatis
3426 4414 3553 4486 ejus
3575 4396 3743 4475 acce-

336 4501 548 4556 ronato
558 4499 840 4570 piissimo
852 4512 989 4569 rege
1000 4498 1230 4555 Earolo
1242 4513 1397 4555 anno
1406 4499 1607 4571 primo
1615 4499 1985 4572 patritiatus

341 4588 489 4659 ejus.

412 4678 544 4732 llaec
569 4675 749 4745 igitur
772 4689 879 4731 nos
901 4675 971 4732 ad
996 4673 1501 4731 commonitionem
1527 4676 1888 4734 audientium
1914 4678 1983 4735 de

341 4782 482 4840 pace
512 4764 891 4823 ecclesiarum
924 4763 1023 4819 Dei
1056 4766 1163 4820 sub
1197 4764 1440 4835 Pippin
1471 4769 1531 4820 et
1559 4766 1766 4822 Karolo
1815 4767 1989 4822 resti-

343 4861 468 4912 tuta
494 4854 716 4911 dixisse
741 4853 1006 4910 sufficiat.
1046 4853 1242 4922 Neque
1270 4852 1422 4907 enim
1448 4852 1502 4909 id
1528 4854 1787 4910 additum
1821 4855 1983 4927 Operi

342 4943 473 5000 huic
494 4944 550 4999 in
572 4943 743 5000 laude
765 4942 948 5015 patris
968 4941 1156 4998 nostri
1179 4940 1452 4997 ﬁdelibus
1471 4941 1836 5000 fastidiosum
1858 4959 1987 5016 spe-

344 5046 559 5101 ramus,
584 5032 638 5087 in
665 5046 777 5103 quo
799 5036 858 5088 ct
882 5031 929 5088 si
956 5044 1147 5087 sermo
1179 5028 1353 5085 nichil
1377 5031 1641 5089 conferat
1661 5033 1870 5103 gratie,
1898 5047 1988 5089 se-

2098 4500 2181 4572 pit
2208 4500 2512 4570 magnalia,
2543 4499 2698 4556 illius
2713 4514 2850 4571 sepe
2868 4500 3169 4569 gressibus
3184 4501 3452 4573 lustrata,
3478 4501 3745 4564 lacrimis

2096 4588 2304 4659 rigata,
2331 4588 2616 4645 doctrinis
2648 4588 2942 4658 roborata,
2967 4592 3024 4644 et
3059 4588 3358 4646 miraculis
3387 4590 3735 4661 gloriﬁcata.

2097 4677 2317 4749 (BERT.)
2350 4678 2465 4732 Res
2490 4677 2723 4748 quippe,
2753 4692 2896 4748 quas
2927 4676 3312 4734 Virdunensis
3342 4676 3610 4736 aicclesia
3642 4695 3745 4738 an-

2094 4766 2344 4837 tiquitus
2368 4764 2423 4820 in
2446 4765 2571 4837 ipsa
2613 4765 2849 4835 regione
2870 4765 3152 4836 possedit,
3176 4766 3515 4838 frequenter
3542 4767 3743 4827 visita-

2098 4855 2215 4925 bat,
2242 4858 2299 4910 et
2323 4854 2485 4910 Vitas
2517 4867 2621 4911 seu
2653 4852 2930 4911 miracula
2966 4855 3467 4926 praedecessorum
3500 4870 3740 4916 suorum

2098 4942 2436 5016 pontificum
2457 4957 2654 5000 secum
2680 4943 2922 5015 ferebat,
2946 4947 3006 5001 ut
3027 4958 3132 5015 per
3152 4943 3385 5002 illorum
3409 4945 3616 5003 merita
3642 4961 3742 5005 res

2099 5032 2231 5089 illas
2261 5030 2506 5089 liberius
2535 5031 2885 5105 possideret,
2912 5031 3002 5090 vel
3029 5033 3386 5106 pagensibus
3418 5034 3741 5094 dominatio

1628 5144 1632 5149 '
1697 5129 1932 5187 VARIAZ
1975 5130 2373 5187 LECTIONES.

412 5215 480 5251 “1
510 5217 827 5275 Revertere
860 5217 929 5275 ad
961 5220 1291 5292 posteriora
1326 5223 1381 5287 et
1415 5218 1569 5292 quod
1597 5218 1867 5277 dimisisti
1899 5221 2100 5290 repete
2131 5232 2178 5275 c.
2214 5217 2281 5276 in
2296 5230 2491 5290 marg.

1928 5305 2155 5363 ΝΟΤᾹΞ.

441 5445 530 5504 Ml
563 5445 856 5504 Biecourt.

439 5377 530 5450 53)
559 5373 737 5450 litansi
769 5380 809 5431 t.
842 5377 957 5448 XII,
988 5393 1043 5450 p.
1078 5380 1199 5437 847.

415 5376 530 5590 Ξωξ
559 5376 737 5456 Mansi
769 5380 809 5431 t.
842 5377 957 5448 XII,
988 5393 1043 5450 p.
1078 5380 1163 5437 84'

441 5452 508 5504 54
563 5449 856 5504 Biecourt.

441 5523 507 5576 55
563 5521 783 5589 Axona,
820 5523 880 5577 ut
912 5518 1163 5577 videtur.

2093 5453 2097 5456 ξ
2167 5378 2279 5507 ἷόϐ)
2310 5377 2466 5460 Qlca,
2490 5391 2674 5462 germ.
2700 5377 2854 5452 escit,
2877 5381 3055 5466 terrae
3079 5379 3270 5454 portio
3290 5379 3739 5468 arabilis-fossis

2093 5463 2162 5507 ve
2215 5451 2458 5507 senibus
2488 5449 2733 5507 inclusa.

2092 5449 2186 5507 ~vel
2215 5449 2459 5525 sepibus
2488 5449 2733 5509 inclusa.
