3936 6050
154 182 270 249 M9

1335 172 1830 242 CHRONICON.
1874 206 1953 221 —
1994 174 2147 236 LIB.
2197 172 2245 236 Ι.

3438 166 3551 233 150

147 319 367 393 carior,
391 317 661 391 subjecto
686 320 844 376 esset
867 315 1157 375 humilior.
1193 313 1447 373 Fuerunt
1468 317 1662 370 autem
1704 322 1799 367 res
1828 303 1885 370 A
1916 305 2170 368 dictione
2201 314 2259 367 et
2279 306 2434 383 data,
2455 309 2573 369 exit
2601 323 2786 369 novus
2808 310 3026 383 hospes
3044 307 3099 366 in
3123 306 3319 367 cordis
3337 267 3549 366 letitta.

150 412 277 467 ista;
314 430 327 464 :
373 408 609 467 abbatia
638 406 821 465 sancti
856 404 1107 463 Amantii
1139 403 1195 459 in
1227 401 1475 460 Rotenia
1513 401 1656 458 urbe
1687 401 1798 471 (57)

148 515 280 560 cum
315 498 700 572 appendiciis,
749 498 923 553 ﬁscus
955 496 1128 551 etiam
1160 494 1354 563 regius
1384 491 1800 558 Maderniacus,

152 594 209 647 et
229 589 384 645 alius
404 588 739 644 Puliniacus
755 586 1004 653 nomine,
1024 582 1590 641 donatiservitorum
1615 579 1801 637 sancti

150 678 312 734 Petri
346 682 407 734 et
438 676 629 732 sancti
658 674 849 731 Vitoni
893 674 1096 730 usibus
1128 674 1311 745 ipsius
1370 670 1523 727 beati
1556 668 1803 725 Amantii

151 766 473 837 largitione
498 766 631 837 (58).

226 854 374 925 (Fol.
400 857 470 910 :54
489 856 557 912 in
575 854 795 925 marg.)
821 854 983 909 Anno
1001 864 1142 907 vero
1163 848 1549 906 ordinationis
1572 862 1692 902 suae
1718 850 1803 914 l3,

157 944 256 1015 qui
288 948 423 1000 erat
452 944 567 999 inc.
598 944 739 998 Dom
788 943 912 1009 765,
948 939 1140 994 delata
1175 943 1311 994 sunt
1357 938 1429 993 ab
1459 935 1602 992 urbe
1630 935 1806 989 Roma

153 1046 261 1103 per
289 1030 689 1087 venerabilem
721 1026 1163 1097 Grodegandum
1223 1026 1557 1082 Mettensem
1591 1021 1810 1078 archie-

154 1119 468 1193 piscopum
493 1133 739 1190 corpora
772 1119 1106 1173 sanctorum
1152 1113 1445 1181 Gorgonli,
1474 1110 1720 1167 Naboris
1750 1114 1809 1164 et

152 1190 413 1277 Nazarii,
440 1222 472 1263 a
496 1219 839 1265 successore
864 1203 1137 1275 Stephani
1168 1200 1346 1257 Paulo
1369 1214 1518 1273 papa
1541 1190 1655 1254 sibi
1679 1212 1812 1253 con-

153 1310 327 1352 cessa
387 1310 540 1352 nono
595 1297 849 1366 papatus
879 1292 967 1348 sui
1018 1294 1279 1359 anno,et
1336 1287 1600 1359 sequenti
1660 1300 1811 1341 anno

158 1388 416 1454 uterque
442 1382 696 1438 decessit
729 1397 757 1437 a
782 1379 981 1437 seculo
1004 1378 1319 1434 indictione
1345 1377 1567 1447 quinta,
1593 1378 1650 1430 et
1674 1375 1815 1429 Gro-

161 1470 474 1542 degandus
503 1472 559 1526 in
593 1469 964 1538 monasterio,
992 1467 1143 1538 quod
1168 1465 1371 1522 Gorzia
1397 1464 1630 1533 dicitur,
1661 1463 1811 1533 quod

162 1560 288 1632 ipse
311 1562 759 1627 construxerat,
790 1555 1118 1613 tumulatus
1134 1556 1451 1610 veneratur
1482 1551 1578 1607 ubi
1611 1556 1812 1622 postea

1986 418 2245 475 Fulcitur
2277 416 2500 489 cuneis,
2537 432 2683 488 quos
2712 416 2893 489 nectit
2920 430 3078 471 amor
3101 413 3375 487 pietatis:

1986 491 2184 546 Fletus
2208 505 2306 546 ora
2335 487 2864 559 rigant,’singultus
2884 490 3124 559 pectora
3148 488 3441 555 quassant.

1976 561 2100 615 Flet
2116 556 2641 631 p1us,ipse‘gregem
2658 556 3046 631 pi-ospeCtans
3061 556 3554 631 lieresequentem

1989 626 2313 702 Compulit,
2337 626 2705 702 ut'redeant;
2731 626 2815 702 illi
2841 628 3159 702 ferventius
3183 626 3434 702 instant,

1988 702 2098 758 Ora
2133 697 2449 772 manusque
2464 701 2642 773 pedes
2656 697 3313 768 stringunt,mulcetque
3326 707 3560 821 geﬁlen‘

3457 778 3523 821 es
3543 780 3559 821 :

3457 778 3557 822 68:

1990 844 2384 914 lngeminatur
2408 861 2421 897 :
2445 843 2582 911 Ave,
2616 841 2821 910 Salve,
2853 838 3143 908 Felimqne
3174 836 3387 894 valeto.
3408 765 3523 837 [tes
3543 806 3559 830 ’

1918 952 2139 1022 Vixque
2173 953 2304 1021 post
2359 950 2479 1004 haec
2512 946 2711 1002 multis
2767 945 3039 1015 precibus
3092 942 3327 1013 elapsus
3359 954 3559 997 eorum

1922 1040 2206 1107 manibus,
2226 1038 2433 1093 iterum
2452 1036 2638 1090 firmat
2660 1048 2763 1090 eos
2784 1030 3307 1097 benedictionibus,
3325 1042 3565 1085 monens

1920 1134 1977 1184 et
2012 1129 2334 1198 deprecans
2368 1123 2673 1181 sollicitius
2706 1120 2916 1178 divinis
2948 1118 3256 1189 invigilare
3279 1116 3561 1187 cultibus,

1922 1233 1987 1273 ac
2018 1216 2335 1272 animarum
2371 1211 2617 1268 salutem
2641 1223 2886 1281 querere
2913 1207 3284 1279 propensius.
3312 1205 3403 1260 Sic
3422 1208 3541 1260 tam

1923 1306 2050 1362 dem
2101 1320 2201 1360 eos
2250 1299 2659 1358 commendans
2712 1297 2971 1362 Domino,
3029 1294 3297 1365 graditur
3352 1306 3566 1362 aggere

1925 1393 2178 1467 publico,
2214 1392 2399 1448 fretus
2428 1388 2527 1445 Dei
2578 1386 2813 1444 auxilio.
2848 1388 3048 1455 Itaque
3106 1396 3339 1439 emensa
3369 1381 3566 1437 nativa

1927 1481 2107 1539 Gallia
2142 1484 2273 1553 post
2304 1492 2508 1550 aspera
2541 1492 2605 1533 ac
2638 1475 2806 1533 devia
2831 1473 3060 1545 Alpium
3091 1471 3300 1527 itinera
3333 1468 3565 1542 excepit

1927 1586 2055 1628 eum
2092 1570 2276 1638 Italia,
2306 1568 2603 1624 deducens
2636 1567 2869 1621 Romam
2902 1560 3300 1634 apostolorum
3332 1558 3567 1624 limina;

162 1648 422 1721 pomum
438 1650 527 1703 BSt
552 1644 969 1717 ϐοτρυδδθηοίί
985 1642 1254 1713 Gorgon“
1277 1656 1425 1731 an"?
1443 1640 1813 1731 posmb‘num
1845 1657 1898 1716 B
1930 1660 2024 1716 ubi
2063 1673 2165 1731 per
2187 1657 2419 1714 diversa
2445 1658 2762 1724 martyrum
2784 1649 3070 1708 eimiteria
3094 1662 3346 1719 querens
3366 1646 3574 1703 oratio-

161 1735 287 1807 ejus
343 1740 579 1806 quarto,
621 1733 897 1790 videlicet
933 1745 1079 1787 anno
1107 1732 1179 1786 ab
1213 1731 1324 1785 inc.
1379 1730 1537 1784 Dom.
1572 1728 1696 1797 768,
1731 1741 1815 1782 re-

159 1822 621 1894 gnautibusjam
647 1825 776 1894 post
798 1819 1104 1891 Pippinum
1131 1818 1267 1874 filiis
1287 1816 1414 1887 ejus
1434 1815 1815 1871 Karlomanno

161 1916 215 1968 et
238 1909 491 1981 Carolo(
504 1911 737 1968 Transl.
767 1909 1088 1979 Gargonii?
1111 1907 1192 1962 Cf.
1214 1903 1815 1973 Απφιαι.1«⁷τιίιίεφι.ςθ.ς.)

232 1999 385 2070 (F01.
412 1997 546 2072 54’.)
569 1998 903 2067 Dumigitur
916 1994 1226 2066 multiplici
1242 1994 1523 2050 virtutum
1544 1991 1819 2061 ﬂagraret

164 2086 492 2157 desiderio,
551 2086 756 2145 incidit
787 2087 838 2142 ei
884 2084 1164 2155 cogitatio
1197 2082 1267 2139 ad
1317 2080 1649 2153 sepulcrum
1684 2079 1816 2135 vitae

163 2176 464 2249 principis
492 2174 932 2232 Jherosolimam
968 2184 1211 2243 pergere
1236 2168 1681 2242 peregrinando.
1720 2169 1818 2222 Fe-

165 2264 417 2321 stinavit
452 2264 647 2335 itaque
676 2261 917 2334 implere
940 2259 1266 2317 voluntaria
1297 2256 1635 2325 exibitione,
1664 2255 1817 2326 quod

165 2358 366 2411 mente
396 2352 668 2423 concepit
691 2350 883 2408 divina
917 2348 1318 2421 inspiratione.
1354 2346 1612 2416 Dumque
1645 2345 1698 2398 in
1723 2343 1819 2399 ad-

167 2441 611 2499 ministratione
640 2438 865 2496 itineris
887 2435 1218 2494 necessaria
1242 2448 1470 2505 queque
1502 2431 1821 2505 prmviden-

168 2533 286 2599 tur,
325 2528 673 2601 principalis
701 2526 968 2585 mcclesia
999 2524 1255 2597 peccatis
1295 2522 1664 2592 exigentibus
1694 2520 1823 2589 igne

168 2617 640 2691 apprehenditur
690 2631 756 2674 ac
808 2615 1069 2672 seviente
1128 2610 1392 2668 incendio
1448 2607 1823 2667 succenditur

170 2706 394 2780 [BER‘L]

236 2833 583 2891 Turbantur
610 2830 833 2902 plebes,
869 2826 1159 2884 tolluntur
1199 2825 1269 2902 ad
1290 2825 1489 2902 ethera
1523 2836 1717 2902 voces,

236 2907 406 2962 Unus
430 2904 487 2958 in
519 2894 667 2959 urbe
698 2894 883 2969 dolor,
920 2897 1243 2955 communis
1262 2897 1493 2953 civibus
1523 2894 1751 2949 horror.

171 3031 333 3087 Tunc
364 3041 532 3084 mens
585 3023 861 3082 Madelvei
895 3024 950 3078 in
1012 3022 1241 3079 diversa
1279 3018 1523 3090 rapitur,
1583 3016 1830 3089 spiritus

176 3118 476 3184 anxiatur,
511 3127 729 3185 corque
761 3112 1055 3168 turbatur.
1080 3106 1328 3165 Tandem
1360 3107 1417 3161 in
1449 3120 1509 3162 se
1534 3117 1827 3172 reversus,

174 3206 465 3275 illiusque
479 3216 698 3259 memor
710 3198 1007 3272 proverbii
1026 3198 1179 3256 :Non
1192 3196 1541 3266 estmagnus
1550 3204 1835 3263 magnum

164 3294 403 3367 putans
425 3290 586 3365 quod
606 3289 802 3347 ruunt
828 3289 998 3358 ligna
1030 3286 1094 3343 et
1125 3283 1374 3357 lapides,
1420 3282 1482 3339 et
1494 3280 1836 3339 morith

174 3382 492 3450 mortales,
524 3376 848 3450 temporale
880 3375 1190 3445 dampnum
1225 3372 1517 3444 patienter
1572 3367 1733 3438 tulit,
1769 3382 1835 3423 ac

177 3469 389 3529 statim
404 3469 464 3524 in
478 3466 776 3523 meliorem
791 3468 1010 3521 statum
1037 3474 1310 3532 reparare
1336 3459 1611 3515 fabricam
1632 3455 1832 3525 jussit.
1854 3469 1857 3473 ·

181 3556 586 3618 Conventione
612 3567 785 3625 porro
810 3552 960 3608 facta
984 3564 1113 3606 cum
1138 3547 1487 3616 artificibus,
1518 3543 1840 3615 deputatis—

183 3661 299 3720 que
324 3642 699 3712 custodibus,
724 3645 785 3697 et
807 3638 1095 3696 ordinatis
1114 3633 1464 3692 necessariis
1485 3631 1834 3702 sumptibus,

182 3735 423 3805 suadet,
457 3736 732 3805 precatur
777 3729 1139 3799 imperatque
1168 3737 1315 3795 opus
1358 3721 1629 3778 inchoare
1660 3723 1842 3774 matu-

182 3826 333 3895 rius,
368 3821 706 3879 accelerare
738 3816 1043 3885 attentius,
1073 3812 1310 3884 explere
1334 3808 1693 3879 diligentius.

256 3950 364 4007 llis
415 3947 498 4004 ita
531 3942 765 4002 collatis
788 3942 961 3999 datur
988 3936 1301 3996 alternatio
1332 3933 1503 3990 votis.

258 4074 346 4143 (C.
370 4071 525 4143 780.)
556 4044 971 4139 Praeparantur
1001 4065 1270 4133 sumptus
1297 4073 1362 4115 ac
1394 4054 1660 4113 vehicula
1681 4059 1846 4112 tanto

189 4142 389 4221 itineri
430 4155 788 4225 necessaria,
815 4153 1112 4223 eliguntur
1143 4148 1389 4206 comites
1412 4159 1606 4203 amore
1632 4142 1848 4200 Christi

193 4253 524 4317 ferventes,
561 4247 619 4302 in
645 4242 946 4318 prosperis
974 4237 1243 4307 humiles,
1270 4236 1327 4291 in
1349 4233 1612 4291 adversis
1646 4232 1844 4288 fortes.

198 4340 383 4411 (790.)
420 4337 603 4392 Favor
625 4327 1058 4401 metrOpolitani
1081 4325 1369 4397 queritur,
1403 4335 1680 4379 assensus
1701 4332 1852 4375 com-

1929 1762 2064 1805 num
2110 1745 2426 1816 juvamina,
2488 1740 2857 1815 pernoctavit
2888 1737 3217 1808 vigiliarum
3272 1734 3572 1805 instantia,

1929 1836 2294 1908 frequentius
2306 1834 2459 1891 beati
2475 1831 2634 1888 Petri
2654 1829 2916 1886 revisens
2933 1826 3210 1883 oratoria.
3229 1824 3572 1881 Presidebat

1928 1942 1997 1984 eo
2026 1929 2291 1996 tempore
2315 1923 2587 1978 Romanae
2610 1917 2873 1976 ecclesiis
2896 1915 3205 1984 Adrianus,
3233 1914 3321 1969 vir
3346 1914 3576 1984 aposto-

1929 2015 2100 2083 licus,
2136 2013 2229 2070 cui
2260 2010 2574 2069 nunciatus
2623 2011 2713 2064 est
2764 2004 3094 2062 Madelveus
3140 2000 3575 2059 sacratissimus

1930 2102 2292 2176 peregrinus.
2320 2099 2573 2169 Benigne
2604 2102 2690 2153 est
2724 2096 2795 2152 ab
2824 2108 2893 2150 eo
2916 2095 3243 2163 susceptus,
3273 2088 3579 2158 benignius

1930 2192 2139 2248 diebus
2172 2189 2371 2247 multis
2402 2191 2687 2253 retentus,
2731 2181 3143 2252 benignissime
3178 2178 3421 2250 probata
3454 2177 3580 2245 ejus

1928 2281 2232 2337 voluntate
2287 2293 2417 2333 cum
2467 2272 2789 2346 apostolica
2824 2268 3225 2325 benedictione
3283 2265 3578 2322 dimissus.

1928 2371 2330 2438 Prctergressa
2346 2379 2485 2435 ergo
2500 2362 2719 2419 Nursiae
2735 2355 3350 2432 provincias,suscepit
3371 2365 3583 2411 novum

1931 2458 2217 2530 hospitem
2272 2451 2600 2524 Campania,
2634 2464 2803 2520 quem
2835 2444 3045 2503 exinde
3106 2444 3369 2515 amplexa
3400 2445 3491 2498 est
3524 2441 3581 2497 in

1936 2528 2197 2615 Gargano
2222 2539 2554 2610 archangeli
2579 2535 2867 2594 aacclesia.
2907 2533 3084 2604 Cujus
3108 2546 3210 2604 pro
3236 2530 3461 2588 foribus
3485 2528 3585 2586 ali-

1935 2635 2168 2707 quantis
2215 2631 2508 2688 excubans
2558 2626 2853 2694 noctibus,
2888 2623 3255 2679 cont’ortatur
3304 2616 3583 2688 angelicis

1935 2706 2459 2788 consolationibus,
2486 2715 2850 2772 exhilaretur
2875 2710 3085 2767 divinis
3105 2706 3580 2764 revelationibus.

1936 2810 2382 2870 Prestolabatur
2405 2820 2533 2862 eum
2553 2801 2813 2873 gaudens
2838 2797 3111 2871 Appulia,
3138 2794 3414 2865 vulgante
3440 2794 3586 2850 fama

1938 2902 2064 2973 ejus
2084 2895 2417 2955 sanctitatis
2440 2890 2707 2962 insignia;
2736 2902 2903 2959 quem
2935 2889 2998 2942 ut
3030 2884 3196 2952 vidit,
3223 2882 3428 2937 mirata
3458 2893 3590 2951 pro-

1861 3006 1910 3069 C
1941 2968 2212 3046 clamavit
2238 2998 2367 3041 cum
2390 2980 2698 3037 Psalmista
2727 2975 2937 3034 :Sz‘cut
2950 2971 3298 3031 audivimus
3318 2970 3409 3027 ita
3429 2968 3490 3025 et
3502 2968 3589 3025 υἱ-

1944 3079 2141 3136 dimus
2173 3073 2362 3147 (Paul.
2389 3084 2556 3137 xnvn,
2588 3070 2663 3139 9).
2688 3067 2827 3121 Post
2852 3064 3081 3119 diversa
3109 3063 3301 3116 autem
3326 3057 3588 3113 locorum

1945 3161 2291 3224 diverticula
2315 3158 2544 3232 pontica
2572 3156 2684 3227 (59)
2708 3150 3035 3223 ingreditur
3059 3148 3278 3203 littora.
3304 3146 3444 3200 Hinc
3469 3148 3589 3232 tur-

1948 3253 2068 3312 bidi
2099 3231 2396 3307 imminent
2440 3247 2675 3313 ﬂuctus,
2730 3237 3041 3314 procellosi
3075 3236 3389 3293 occurrunt
3423 3231 3590 3303 spiri-

1948 3349 2064 3400 tus.
2101 3338 2435 3410 Suscipiunt
2470 3331 2824 3389 Madelveum
2856 3325 3188 3399 pontiﬁcem
3224 3320 3591 3393 peregrinum
3630 3378 3632 3381 ,

1952 3433 2067 3489 vita
2103 3405 2458 3497 religiosum,
2494 3418 2825 3477 innocentia
2857 3414 3198 3486 gloriosum.
3222 3410 3329 3465 Dat
3360 3405 3595 3464 naulum

1951 3493 2482 3588 navigio,'credens
2511 3523 2573 3565 se
2610 3506 2786 3563 maris
2828 3500 3108 3576 periculo.
3148 3502 3347 3570 pastus
3376 3493 3596 3553 czelesti

1955 3583 2267 3665 sacriﬁcio.
2321 3597 2655 3655 Protclatur
2689 3591 2980 3661 navigatio
3030 3587 3340 3643 multorum
3375 3583 3596 3638 dierum

1957 3691 2272 3753 curriculo.
2294 3690 2474 3743 Instat
2491 3681 2768 3740 sacerdos
2782 3665 3599 3751 praedicationibusﬁnformat

1958 3788 2167 3842 nautas
2198 3775 2487 3836 doctrinis
2513 3769 2892 3829 salutaribus.
2923 3760 3466 3830 Continuisjcjunat
3490 3755 3606 3812 die-

1957 3875 2086 3944 bus,
2115 3867 2334 3940 vigiliis
2355 3865 2660 3938 pernoctat
2685 3863 2743 3916 et
2766 3854 3151 3913 orationibus.
3188 3852 3325 3906 Cum
3352 3860 3487 3903 vero
3510 3844 3602 3901 die

1958 3933 2204 4033 quadarn
2265 3933 2565 4010 assuetum
2625 3951 2815 4003 nautae
2879 3942 3255 3999 concinerent
3322 3933 3601 4031 celeuma,

1958 4016 2424 4120 garrulitateque
2441 4036 2881 4110 perstreperent
2901 4018 3610 4096 nautica,tempestasori-
3638 4016 3643 4023 ”

1956 4106 2057 4195 ἴω*
2089 4106 2592 4204 repentinae—lavis
2610 4126 2802 4179 autem
2828 4114 3381 4186 mediisjactabatur
3407 4106 3602 4204 llucti-

1964 4228 2097 4295 bus,
2133 4197 2371 4289 suisque
2402 4214 2740 4272 solvebatur
2763 4204 3164 4295 compagibus.
3183 4197 3451 4295 Turbatis
3473 4208 3610 4295 cun-

1965 4284 2192 4374 ctorum
2226 4284 2455 4373 animis,
2481 4300 2672 4358 ablata
2706 4310 2809 4369 spe
2827 4292 3057 4363 salutis,
3084 4289 3206 4347 sola
3238 4288 3479 4374 suberat
3502 4284 3611 4338 for-

230 4372 353 4397 .Wo
422 4372 592 4392 ι·α1υι
625 4372 809 4388 ωνυιν
856 4372 1058 4386 VII-Ulu-
1083 4372 1369 4397 v'uv-uv—u,
1404 4372 1676 4379 ——--——_V
1708 4372 1825 4375 -_,__
1976 4372 1987 4374 ν
2442 4372 2447 4373 7

197 4372 661 4503 provincialium
707 4372 1115 4492 episcOporum
1168 4413 1410 4485 petitur,
1446 4424 1551 4466 nec
1585 4412 1850 4478 negatur.
1882 4387 1936 4449 D
1969 4403 2122 4461 mido
2154 4395 2381 4503 mortjis.
2418 4388 2560 4462 (Fol.
2607 4386 2738 4503 53:2)
2762 4387 2923 4503 ξιιηο
2957 4377 3183 4503 (pres-ul
3213 4372 3608 4503 beatissimus,

1150 4499 1206 4503 μμ
1485 4498 1495 4503 -
1603 4498 1615 4503 -
1756 4495 1793 4503 ..
2194 4490 2261 4503 γι-
2337 4484 2558 4503 ,ιρι-Δ...-
2582 4490 2649 4503 nn
2684 4490 2712 4503 η
2790 4484 2929 4503 anna
2981 4483 3070 4503 nni
3109 4480 3233 4503 ιιγιια
3273 4478 3332 4503 eo
3400 4473 3538 4503 Rﬂnn
3574 4475 3608 4503 1-

202 4495 355 4587 (Fol.
400 4510 535 4583 ὅδ’.)
576 4509 906 4566 Tristantur
951 4503 1118 4560 tamti
1144 4499 1213 4534 ¹³²
1242 4498 1534 4570 comparis
1563 4495 1853 4587 absentia,

200 4583 474 4663 letantur
534 4598 606 4656 de
657 4598 783 4667 ejus
833 4593 1085 4666 justitia,
1146 4592 1463 4662 precantur
1516 4583 1600 4640 illi
1658 4584 1861 4667 adesse

205 4660 428 4751 Christ:
481 4660 876 4762 praesentiam,
937 4660 1079 4737 non.
1115 4660 1314 4735 defore
1361 4674 1613 4762 Spiritus
1668 4660 1861 4729 sancti

206 4761 494 4855 gratiam.
525 4773 992 4834 Benedictionem
1034 4771 1243 4839 rogant
1264 4764 1473 4835 rogati,
1498 4761 1755 4855 salutant
1778 4775 1867 4817 sa-

216 4848 416 4930 lutati.
450 4868 663 4925 Eorum
695 4862 923 4920 demum
969 4856 1215 4916 consilio
1256 4853 1563 4911 ordinatur
1594 4848 1861 4910 acclesia,

215 4953 664 5017 commendatur
711 4951 878 5025 plebs
925 4944 1247 5005 commissa.
1313 4942 1404 4999 Sic
1435 4942 1672 5010 accepta
1702 4937 1871 4994 bene-

1971 4458 2083 4550 non
2106 4490 2267 4545 sorte
2290 4458 2561 4540 detectus
2582 4458 2931 4533 velutJonas
2957 4467 3255 4538 fugitivus,
3273 4463 3373 4519 sed
3399 4458 3616 4518 sancti-

1974 4586 2095 4638 tate
2127 4572 2502 4645 conspicuus,
2537 4566 2632 4623 cui
2654 4564 2937 4636 probatus
2956 4553 3179 4613 Domini
3205 4564 3431 4645 servus,
3456 4560 3618 4645 voce:
3702 4556 3711 4569 '

1974 4635 2227 4726 omnium
2259 4635 2499 4728 rogatus
2548 4635 2740 4725 pulsat
2783 4645 2988 4705 cmlum
3036 4638 3414 4728 singultibus,
3445 4635 3619 4728 vocat

2304 4718 2636 4817 gemitibus.
2673 4738 2809 4794 Ilico
2842 4732 3046 4791 caelum
3071 4728 3197 4817 ejus
3230 4723 3416 4817 patuit
3440 4718 3617 4817 preci-

1981 4806 2197 4912 buspet
2232 4806 2420 4892 oratio
2469 4829 2541 4886 ad
2572 4838 2856 4899 supernos
2899 4816 3167 4893 pervenit
3212 4811 3467 4912 auditus.
3502 4806 3617 4862 Nec

1982 4896 2163 4999 nio—ra,
2182 4923 2335 4983 aeris
2347 4919 2633 4980 serenitas
2645 4896 2937 4984 marisque
2955 4905 3109 4965 redit
3132 4896 3530 4969 tranquillitas
3554 4907 3619 4950 ac

1584 5062 1820 5118 VARle
1861 5051 2260 5115 LECTIONES.

294 5167 365 5204 ³³³
396 5169 478 5225 ita
509 5165 711 5226 codex.

1808 5232 2030 5293 NOTAE.

305 5364 424 5507 illi
448 5359 706 5507 Ὺὲἕὲξξ

1983 5336 2188 5395 charta
2220 5326 2475 5397 donavit,
2537 5333 2706 5397 quam
2752 5318 2876 5391 ipse
2926 5313 3091 5382 Hugo
3138 5304 3287 5365 infra
3319 5300 3627 5361 intextum

333 5406 424 5500 3'8)
454 5406 649 5489 11in?
657 5406 788 5500 δῶ,
844 5426 1072 5500 demum
1124 5416 1546 5500 Bereuga‘riusn
1566 5414 1877 5500 episcopus
1986 5406 2231 5500 recepit;

231 5483 630 5565 Virdu'ne'n—sis'
663 5483 988 5558 Vitouiauis
1034 5494 1187 5552 bona
1221 5483 1481 5562 quédam
1514 5487 1566 5543 S.
1603 5483 1875 5544 'Amautii

2062 5465 2175 5549 (50)
2206 5478 2248 5534 Ι.
2283 5486 2335 5531 e.
2369 5465 2611 5525 marina.
