3936 6050
319 156 429 218 151

1272 165 1638 230 HUGONIS
1681 169 2029 232 ABBATIS
2072 171 2760 236 FLAVINIACENSIS

3600 176 3717 242 152

319 312 640 370 animorum
668 311 1024 383 jocunditas.
1058 311 1196 369 Inde
1228 312 1561 369 Bizanteum
1601 312 1853 369 letantes
1886 315 1967 367 te-
1993 311 2048 371 A
2080 308 2218 366 tuus
2244 310 2309 369 in
2338 310 2530 367 artum
2562 324 2755 378 suum,
2779 310 3108 369 etcomeiat
3123 309 3721 385 fructumpomarum

320 408 570 461 nuerunt
607 408 855 473 portum.
890 403 1595 474 Constantinopolitanum
1620 402 1673 457 in
1701 403 1815 458 illis
1848 403 1965 459 die-

322 493 432 549 bus
463 493 701 560 regebat
754 492 1055 551 imnerium
1108 492 1520 548 Constantinus
1551 507 1678 547 cum
1737 493 1963 561 llyrene

323 586 530 645 matre,
557 581 609 635 in
644 580 1067 637 rebusbellic‘s
1094 581 1452 638 s'.rcnuus.in
1469 580 1726 637 cultibus
1751 580 1965 637 divinis

324 672 758 728 devotissimus.
816 672 918 726 Hic
947 671 1240 741 accipirns
1263 671 1479 736 justum
1518 670 1826 726 advenisse
1857 671 1965 725 Ma-

325 760 612 825 delveum,
639 774 904 828 querere,
931 763 989 814 et
1024 759 1145 815 suis
1165 759 1582 827 conSpeetihus
1607 762 1963 828 praesentare

326 849 604 919 praecepit
628 848 941 903 inventum.
965 849 1006 903 A
1031 863 1143 915 quo
1167 846 1345 902 multa
1369 848 1611 903 audiens
1633 848 1795 904 utilia
1821 864 1962 905 sua:-

307 916 437 1007 .que
469 916 640 993 saluti
700 936 980 1007 proficua,
1034 940 1097 990 ut
1133 950 1235 1005 pro
1265 950 1324 991 se
1360 936 1455 990 Dei
1509 936 1963 992 misericordiam

324 1039 494 1079 orare
526 1025 864 1092 dignaretur
896 1038 1066 1094 prece
1097 1023 1344 1093 quesivit
1373 1023 1711 1087 humillima,
1747 1025 1967 1095 precio-

325 1126 505 1182 saque
527 1113 575 1168 ei
593 1113 843 1169 offerens
865 1112 1089 1177 exenia,
1110 1126 1237 1181 quae
1262 1112 1360 1168 ille
1379 1115 1728 1183 contemnit
1753 1114 1963 1180 omnia,

324 1205 540 1269 optatae
572 1200 677 1257 viae
701 1200 1062 1256 dimisiteum
1087 1216 1215 1257 cum
1249 1201 1595 1257 reverentia.
1624 1201 1801 1267 Quem
1835 1203 1969 1257 Gre-

323 1288 409 1344 cia
458 1289 774 1358 excipiens,
825 1290 1215 1358 peregrinum.
1254 1289 1456 1344 mirata
1505 1294 1595 1345 est
1646 1291 1798 1345 inter
1830 1306 1968 1347 suos

325 1377 940 1449 philosophum.extra
977 1392 1115 1433 suos
1146 1378 1549 1447 theos0pbum.
1586 1380 1723 1434 Erat
1755 1379 1968 1450 quippe

323 1480 458 1523 vera
494 1467 746 1537 sapiens,
792 1472 1003 1536 potens
1034 1466 1089 1521 in
1132 1466 1310 1521 verbo
1332 1470 1387 1521 et
1422 1466 1708 1523 doctrina.
1748 1468 1824 1524 De
1866 1484 1969 1523 ore

324 1555 450 1623 ejus
478 1555 835 1625 procedebat
887 1554 1019 1623 mel,
1080 1554 1327 1611 dulcedo
1376 1556 1566 1613 mellis
1597 1556 1787 1625 lingua
1822 1556 1965 1625 ejus,

328 1651 492 1700 lavus
524 1643 818 1700 (listillans
865 1643 1013 1698 labia
1048 1644 1173 1710 ejus
1219 1659 1311 1713 ex,
1347 1643 1654 1701 dulcedine
1687 1646 1970 1702 sermonis
1998 1663 2052 1724 Β

325 1734 593 1804 praebens
624 1733 853 1788 cunctis
886 1732 1210 1788 incendium
1259 1734 1489 1789 amoris.
1530 1734 1839 1790 Descendit
1890 1735 1971 1789 in-

325 1826 488 1877 terea
518 1821 803 1891 Ephesum
854 1835 1021 1876 orarr
1053 1820 1121 1876 ad
1180 1822 1458 1878 Johannis
1489 1823 1745 1892 theologi
1780 1823 1971 1893 sepul-

324 1909 611 1967 chrum.ul
637 1908 1195 1965 ieﬂ‘viditmultarum
1214 1909 1445 1965 ﬂumina
1464 1911 1973 1980 precum,circum-

326 1997 518 2053 ferens
531 1998 604 2052 In
611 1997 916 2067 principio
929 1998 1065 2053 erat
1084 1997 1327 2053 Verbum
1350 1998 1676 2071 (foun.1,l),
1704 1999 1970 2055 recolens

212 2106 229 2111 ί
326 2088 381 2141 et
398 2086 650 2140 edocens
679 2085 919 2141 Verbum
941 2086 1831 2157 caro/actum/Ibid.,16,).lnde
1848 2103 1973 2158 per-

327 2174 482 2227 venit
514 2177 757 2243 .Iopprn,
790 2173 1042 2229 diversis
1070 2174 1176 2229 viae
1212 2174 1488 2245 periculis
1514 2176 1973 2245 perquirenstu-

325 2261 487 2317 nicas
518 2266 573 2315 et
610 2270 826 2325 vestes,
878 2261 1229 2317 elemosinas
1278 2263 1575 2331 Dorcadis,
1612 2269 1970 2335 stupensque

322 2365 451 2405 cum
485 2351 659 2405 Petro
688 2349 930 2405 linteum
956 2354 1206 2419 quatuor
1237 2350 1419 2406 initiis
1446 2350 1516 2406 de
1541 2351 1684 2408 caelo
1707 2354 1975 2411 summis-

326 2452 470 2505 sum,
516 2439 717 2509 jussus
742 2438 796 2493 in
830 2452 899 2493 eo
928 2443 1184 2495 mactare
1216 2440 1616 2510 quadrupedia
1648 2445 1704 2496 et
1740 2442 1972 2513 reptilia

330 2533 501 2584 terrae
534 2527 587 2581 in
649 2527 1095 2583 mortiﬁcatione
1151 2528 1456 2597 viciorum,
1492 2544 1559 2584 ac
1601 2530 1971 2602 manducare,

328 2616 553 2671 fruetus
586 2614 793 2681 dignos
844 2615 1202 2686 poenitentiae
1260 2616 1522 2672 faciendo
1581 2619 1724 2685 (Act,
1757 2633 1831 2688 ix,
1866 2623 1970 2683 39;

326 2716 381 2767 x,
418 2703 526 2771 i1).
582 2702 1039 2772 Apprehendens
1099 2708 1228 2772 post
1271 2704 1375 2761 hec
1426 2705 1843 2761 llierosoliman
1876 2707 1974 2764 diu

328 2788 737 2857 desideratam,
766 2794 824 2844 et
850 2789 963 2857 jam
994 2790 1428 2861 concupiscenti
1468 2792 1658 2848 animo
1696 2793 1970 2866 oblatam,

328 2876 588 2932 introivit
617 2876 668 2931 in
694 2878 1069 2933 tabernacula
1090 2878 1235 2948 ejus.
1259 2894 1483 2935 omnem
1504 2880 1689 2937 locum
1710 2888 1973 2938 sanctum

329 2964 441 3021 ﬂde
461 2970 518 3019 et
544 2980 739 3023 amore
765 2965 1198 3037 l‘requentans.q
1212 2967 1263 3023 ui
1287 2972 1570 3039 estsuper
1593 2970 1778 3026 omnia
1796 2972 1972 3026 Deum

328 3054 382 3109 in
419 3053 505 3109 eis
534 3053 803 3123 adorans,
859 3056 1192 3125 sepulcrum
1224 3058 1355 3113 Jesu
1392 3058 1670 3113 Nazareni
1705 3058 1970 3115 cruciﬁxi

328 3141 695 3199 lacrimarum
729 3144 914 3199 imbre
944 3143 1035 3199 die
1067 3145 1286 3200 cotidie
1318 3146 1533 3215 rigans,
1562 3146 1974 3217 Christumque

330 3237 728 3300 resurgemten
764 3247 791 3287 a
845 3237 1029 3288 morte
1061 3233 1395 3302 gloriﬁcans
1432 3240 1487 3290 et
1521 3235 1789 3292 adorans.
1822 3238 1973 3293 Nun-

329 3318 522 3375 ciatur
553 3320 772 3375 interea
808 3320 1157 3390 patriarchae
1180 3323 1429 3379 Eusebio
1454 3324 1549 3393 qui
1582 3329 1844 3394 tempore
1874 3325 1973 3382 illo

329 3412 587 3464 sanctam
620 3409 987 3477 gubernabat
1010 3410 1351 3466 zeccleesiam
1384 3414 1552 3483 Syon,
1586 3412 1861 3469 Madelvei
1886 3428 1975 3469 re-

329 3496 724 3553 verentissimi
750 3511 886 3565 erga
914 3497 1203 3554 Christum
1230 3499 1483 3569 devotio,
1511 3501 1667 3557 circa
1693 3500 1814 3558 loca
1848 3517 1975 3558 san-

331 3587 422 3640 cta
456 3583 660 3640 diurna
696 3585 1108 3654 frequentatio.
1149 3586 1306 3655 jugis
1358 3589 1744 3658 pernoctatio.
1780 3590 1974 3646 carnis

332 3673 581 3742 propriis.
615 3672 947 3728 maceratio.
985 3673 1086 3728 llic
1147 3674 1325 3743 igitur
1359 3675 1448 3730 his
1510 3676 1726 3734 auditis
1758 3692 1973 3734 moram

330 3759 450 3830 pati
501 3759 765 3817 nesciens
820 3761 873 3815 in
904 3761 1221 3830 querendo,
1273 3762 1568 3820 inventum
1601 3765 1975 3837 amplectitur

330 3848 628 3917 continuo,
661 3850 907 3906 miratus
936 3849 988 3904 in
1021 3865 1090 3906 eo
1126 3850 1345 3906 vultum
1378 3852 1722 3923 angelicum,
1760 3868 1979 3911 sermo-

331 3950 459 3991 nem
491 3936 836 4005 modestum,
883 3937 1078 3994 mitem
1108 3952 1393 4008 gressum,
1421 3939 1679 3997 habitum
1713 3956 1977 3999 reveren-

330 4023 485 4081 dum.
513 4026 649 4080 Post
686 4025 787 4081 hec
809 4025 1133 4082 introduxit
1157 4041 1286 4083 eum
1311 4027 1363 4081 in
1388 4027 1616 4083 domum
1634 4030 1837 4085 matris
1857 4046 1975 4089 sua)

330 4116 388 4170 et
422 4113 476 4168 in
510 4113 842 4170 cubiculum
869 4115 1174 4184 geni~ricis
1200 4120 1408 4183 suze,et
1432 4116 1593 4172 dedit
1618 4116 1668 4172 ei
1705 4118 1974 4189 poculum

329 4216 401 4256 ex
435 4201 566 4258 vino
594 4203 852 4269 condito,
888 4206 947 4258 et
979 4209 1229 4259 mustum
1285 4205 1563 4260 malorum
1596 4211 1975 4273 granatorum

226 4322 231 4328 -
331 4289 531 4358 (Cant.
569 4306 685 4357 νιιι,
721 4292 794 4356 2).
829 4291 1084 4360 Cumque
1106 4306 1234 4347 eum
1262 4292 1517 4347 retinere
1548 4294 1834 4363 cogitaret
1858 4294 1977 4350 die-

2007 3018 2054 3079 C
2159 3018 2270 3073 Ore
2324 3019 2438 3071 Deo
2484 3022 2685 3086 grates
2720 3033 2891 3089 perso

2075 410 2351 468 suorum;
2373 400 2502 454 leea
2521 400 2650 469 ejus
2660 398 2768 455 sub
2788 400 2981 471 capite
2997 399 3177 468 tu0,el
3189 400 3435 458 dextera
3447 403 3580 473 ejus
3596 417 3723 461 am-

2064 486 2345 555 plexetur
2360 485 2431 541 te.
2450 487 2513 540 Ili
2564 486 3058 559 dietis[BenT.]12
3091 487 3402 544 multorum
3430 490 3725 558 pretiosas

2076 579 2412 630 sanctorum
2442 574 2719 645 reliquias
2743 575 2993 631 efferens
3016 591 3146 632 cum
3169 576 3351 633 calice
3387 577 3721 635 eriSLallino

2074 676 2250 732 opere
2272 662 2516 718 miriﬁco
2540 663 2772 734 sculpto
2786 664 2837 719 ei
2858 664 3560 737 optulit,dicens:Accipe,
3590 680 3724 724 aca-

2071 765 2136 806 re
2152 752 2451 816 meus,boc
2461 752 2655 808 mutui
2668 752 2892 809 amoris
2902 754 3144 824 pignus.
3170 755 3413 810 Annuat
3439 754 3723 813 Christus

2074 839 2364 897 Dominus
2377 840 2472 897 his
2484 854 2556 897 ac
2570 841 2827 911 reliquis
2839 842 3067 899 sanctis
3079 842 3447 899 intervenien
3454 843 3539 901 tib
3548 858 3634 911 us,
3652 843 3723 901 ut

2073 928 2290 985 iterum
2300 929 2724 987 noseideamus
2737 930 3100 1000 cumgauclio
3111 930 3177 986 in
3189 931 3539 989 caelestibus.
3558 933 3629 988 Ta
3640 948 3719 988 m-

2076 1016 2204 1071 (lem
2230 1031 2329 1071 ora
2348 1030 2549 1072 manus
2573 1016 2894 1088 oculosque
2918 1016 3266 1074 alterutrum
3281 1020 3716 1090 exosculantes,

2079 1105 2222 1160 bona
2258 1119 2656 1176 prosperaque
2687 1106 2797 1162 sibi
2830 1106 3241 1177 imprecantes,
3268 1108 3605 1165 abinvicem
3639 1110 3721 1165 di-

2078 1192 2182 1248 visi
2216 1197 2348 1249 sunt
2402 1193 2626 1250 ﬂentes.
2649 1194 2981 1251 Madelveus
3005 1196 3200 1266 itaque
3219 1182 3593 1267 sepulchrum
3621 1199 3726 1254 Do-

2080 1281 2214 1336 mini
2236 1281 2541 1353 locumque
2556 1284 3040 1351 ascensionis,ubi
3068 1285 3551 1356 steteruntpedes
3573 1286 3723 1358 ejus,

2081 1370 2289 1426 iterum
2322 1371 2649 1442 iterumque
2682 1372 2942 1429 revisens
2971 1387 3036 1429 ac
3071 1373 3441 1443 deosculans,
3466 1376 3728 1432 nativum

2082 1458 2268 1514 solum
2331 1459 2589 1515 revisere
2645 1459 2992 1516 deliberavit
3043 1462 3305 1530 gaudens
3337 1467 3397 1518 et
3427 1462 3726 1536 exultans,

2082 1548 2258 1603 Deum
2292 1547 2347 1603 in
2381 1548 2735 1618 adjutorium
2772 1565 2939 1605 suum
2974 1549 3276 1607 intendere
3310 1556 3514 1622 petens
3542 1558 3603 1609 et
3631 1567 3733 1609 ex-

2082 1649 2271 1692 orans.
2301 1637 2436 1691 lnde
2462 1635 2634 1706 longo
2667 1653 2730 1694 ac
2761 1639 2923 1694 vario
2955 1637 3155 1695 labore
3198 1639 3427 1696 itineris
3460 1641 3731 1698 redditus

2082 1730 2173 1779 est
2208 1724 2417 1781 ﬁnibus
2439 1725 2665 1796 patriis.
2694 1727 2934 1797 Recepit
2964 1725 3237 1784 alunnum
3264 1728 3377 1784 leta
3404 1728 3579 1785 tellus
3601 1729 3733 1785 Gal-

2083 1810 2447 1891 lica,occurri
2472 1815 2690 1883 pastori
2739 1815 2852 1869 Icta
2880 1814 3043 1887 plebs
3066 1816 3396 1872 Virdunica:
3432 1818 3733 1875 Μέσπιλα·

2080 1900 2208 1957 Coeli
2234 1901 2292 1957 et
2334 1903 2565 1958 exultet
2581 1904 2881 1972 terra,vox
2905 1911 3183 1960 consonat
3206 1906 3422 1961 urbana
3442 1906 3531 1962 vel
3551 1907 3734 1963 rusti-

2081 2003 2242 2044 cana.
2272 1989 2481 2046 Fluunt
2510 1990 2762 2047 lacrimae
2783 1992 2996 2061 gaudio
3028 1992 3230 2062 plenae,
3260 1993 3494 2050 madent
3517 1993 3729 2051 laetitia

2081 2092 2265 2146 gente,
2309 2084 2627 2135 coronatur
2657 2080 2888 2149 Civitas,
2927 2080 3151 2150 plateas
3194 2081 3382 2153 replet
3414 2082 3724 2154 bylaritas,

2082 2165 2379 2222 mcclesias
2400 2166 2753 2235 jocunditaa
2782 2169 3053 2225 Pontifex
3077 2170 3351 2239 egregius
3376 2171 3473 2226 Dei
3507 2170 3731 2228 auxilio

2084 2255 2285 2325 fultus,
2312 2261 2645 2313 sanctorum
2681 2256 2943 2327 reliquiis
2967 2259 3271 2327 honustus,
3307 2259 3488 2315 intrat
3527 2259 3738 2317 :eccle-

2085 2344 2225 2399 siam
2264 2342 2534 2415 devotus,
2577 2349 2708 2401 orat
2765 2346 3064 2403 Dominum
3098 2362 3347 2418 corpore
3395 2352 3569 2405 terrae
3602 2363 3738 2420 pro-

2085 2435 2328 2489 stratus.
2351 2433 2723 2503 Consul-gens
2742 2434 3131 2506 episcopalem
3155 2436 3738 2508 ascenditthronum,

2091 2520 2307 2578 salutat
2360 2521 2579 2579 clerum
2613 2538 2676 2578 ac
2712 2523 3011 2594 populum,
3064 2524 3209 2581 dans
3267 2525 3537 2582 omnibus
3570 2527 3738 2597 pacis

2087 2610 2377 2680 osculum,
2407 2611 2729 2681 adjungens
2763 2612 3187 2669 benedictionis
3217 2612 3603 2683 signaculum.

2161 2734 2420 2809 Quisque
2453 2751 2555 2809 sua
2591 2735 2825 2809 repetit,
2869 2735 3121 2809 sacraria
3150 2734 3365 2807 praesul
3388 2737 3590 2809 adivit,

2159 2807 2404 2875 Pignera
2436 2806 2731 2877 deposuit,
2756 2810 2885 2877 post
2912 2808 3018 2862 hec
3038 2806 3319 2864 sua'tecta
3353 2806 3592 2864 subivit.

2159 2877 2392 2945 Singula
2429 2878 2733 2947 perquirit,
2769 2878 2819 2932 si
2854 2892 2981 2947 pax,
3010 2878 3057 2933 si
3088 2878 3205 2934 vita
3233 2878 3519 2944 salubris;

2160 2948 2359 3002 Omnia
2387 2946 2513 3017 quae
2541 2946 2721 3002 voluit
2750 2946 2871 3003 fore
2891 2962 3169 3071 prospera
3192 2949 3659 3021 protinusaudit,

2160 3018 2270 3073 Ore
2324 3019 2438 3071 Deo
2484 3022 2685 3075 grates
2720 3033 2891 3075 uerso
2922 3023 3024 3075 Vit.
3061 3024 3297 3075 uectore
3325 3020 3549 3075 laudes.

2922 3033 3024 3083 vn,
3059 3033 3297 3090 peetore
3327 3033 3549 3077 laudes.

2084 3143 2320 3199 Postera
2371 3140 2463 3198 die
2507 3140 2759 3198 lustrata
2793 3157 2954 3199 novae
3004 3143 3291 3201 mcclesize
3325 3145 3564 3215 fabrica,
3610 3144 3736 3203 lau-

2085 3230 2219 3287 data
2279 3230 2567 3286 artificum
2624 3230 2929 3299 industria,
2990 3236 3358 3289 remunerata
3414 3234 3731 3291 custodum

2085 3318 2408 3389 diligentia,
2472 3318 2702 3374 ordinat
2762 3324 2994 3390 tempus
3050 3320 3143 3375 vel
3201 3320 3351 3377 diem
3420 3336 3734 3379 consecra-

2084 3407 2227 3463 tioni
2262 3406 2531 3474 habilem,
2566 3407 2797 3463 cunctis
2826 3407 3110 3477 religione
3144 3409 3557 3467 venerabilem.
3587 3410 3727 3477 Qum

2086 3496 2182 3553 ubi
2217 3496 2431 3565 illuxit,
2468 3494 2682 3566 praesul
2717 3511 2847 3552 cum
2881 3496 3068 3552 sacris
3099 3496 3410 3555 ordinibus
3443 3499 3744 3556 :ccclesia-

2086 3584 2235 3641 stico
2269 3584 2384 3640 ritu
2417 3583 2687 3639 omnibus
2717 3584 2980 3640 exterius
3040 3584 3401 3656 interiusque
3431 3587 3546 3643 rite
3575 3602 3746 3660 pera-

2085 3671 2218 3741 ctis,
2254 3670 2536 3741 reliquias
2557 3669 3169 3727 Jherosolimitanasin
3196 3672 3504 3744 principali
3528 3673 3732 3731 absida

2089 3758 2236 3815 locis
2280 3758 2558 3830 congruis
2598 3758 3017 3815 venerabiliter
3045 3758 3377 3817 collocavit.
3414 3760 3541 3832 (ib.)
3601 3760 3741 3829 Quae

2088 3862 2230 3904 vero
2265 3848 2320 3903 in
2355 3847 2672 3917 antiquiori
2724 3848 2885 3904 fuere
2916 3847 3207 3920 mcclesia,
3242 3849 3297 3905 in
3331 3855 3499 3922 parte
3530 3850 3739 3909 altaris

2090 3937 2292 3993 dextra
2327 3936 2381 3991 in
2412 3935 2599 4007 cripta
2649 3936 3033 3993 subterranea
3066 3936 3345 3995 decenter
3377 3939 3734 4011 composuit.

2086 4027 2224 4082 Erat
2255 4030 2448 4082 autem
2481 4025 2573 4082 hic
2623 4025 2835 4097 praesul
2870 4026 3240 4083 beatissimus
3271 4028 3465 4084 studio
3498 4030 3741 4086 castita-

2087 4113 2166 4171 tis
2214 4115 2484 4184 mundus,
2519 4114 2890 4188 abstinentia:
2926 4116 3134 4171 robore
3166 4115 3418 4181 validus.
3454 4117 3739 4176 doctrinae

2089 4202 2336 4274 dapibus
2368 4204 2641 4266 refertus,
2676 4203 2972 4274 patientius
3012 4202 3451 4274 longanimitate
3472 4206 3734 4279 humilis,

2089 4291 2463 4348 auctoritatis
2497 4292 2838 4349 fortitudine
2869 4298 3119 4363 erectus,
3159 4293 3395 4364 pietatis
3425 4294 3615 4365 gratia
3651 4296 3746 4352 be-

331 4375 441 4445 bus
471 4375 603 4432 vitae
637 4391 754 4433 suae
806 4378 1096 4443 omnibus,
1128 4378 1485 4434 revelat’one
1516 4384 1604 4436 est
1638 4380 1829 4437 divina
1862 4397 1977 4437 am-
2004 4375 2058 4436 D
2093 4380 2320 4450 nignus,
2375 4380 2623 4451 justitize
2683 4380 2997 4436 severitate
3053 4381 3376 4438 districtus.
3427 4381 3569 4451 (Fol.
3606 4382 3741 4455 56’.)

332 4464 604 4533 monitus,
631 4478 700 4518 ne
726 4465 982 4535 prepriis
1005 4466 1266 4522 intentus
1283 4465 1526 4522 aliorum
1554 4466 1839 4526 invideret
1867 4470 1977 4527 uti-

330 4546 618 4618 litatibus,
654 4565 764 4606 neu
799 4551 975 4608 vellet
1008 4552 1223 4609 habere
1255 4554 1643 4625 peregrinum,
1678 4572 1845 4628 quem
1886 4574 1978 4615 su-

331 4637 631 4710 spirabant
654 4637 755 4692 lilii
786 4645 1005 4707 patrem
1031 4642 1453 4712 evangelicum.
1478 4643 1742 4717 (Fol.56.)
1760 4647 1878 4703 Hoc
1895 4651 1979 4705 to-

331 4725 526 4783 nitruo
560 4726 885 4797 perculsus,
921 4728 1064 4784 dixit
1098 4730 1168 4785 ad
1201 4744 1331 4786 eum
1373 4732 1793 4791 tremebundus
1822 4754 1833 4790 :
1881 4736 1978 4793 Vo-

332 4811 586 4872 luntatis
608 4829 748 4871 mea:
751 4815 908 4889 fuit,
913 4816 1121 4887 frater
1139 4820 1246 4889 mi,
1271 4819 1326 4875 te
1345 4833 1380 4875 a
1403 4834 1495 4875 me
1513 4834 1795 4893 umquam
1822 4825 1980 4882 nolle

329 4915 505 4973 separ
522 4904 602 4959 iri
623 4920 637 4969 ;
660 4904 767 4961 sed
780 4906 929 4975 quia
950 4907 1069 4962 Deo
1090 4909 1404 4977 nequimus
1423 4910 1631 4979 reniti,
1662 4912 1973 4984 revertere,

333 4988 544 5047 dilecte
563 4994 667 5061 mi,
688 4994 965 5063 egredere
984 4994 1045 5051 et
1056 4993 1158 5051 abi
1155 4996 1301 5067 post
1315 4997 1569 5068 vestigia
1580 5012 1852 5070 gregum;
1871 5015 1977 5073 pa-

329 5089 423 5133 sce
438 5076 616 5135 laedas
637 5080 965 5151 tuosjuzta
987 5082 1374 5141 tabernacula
1378 5086 1862 5159 pastwum,eage
1879 5103 1977 5145 no-

333 5162 423 5221 bis
437 5166 641 5234 culpes
667 5172 983 5239 parrulas,
1023 5185 1156 5242 quae
1176 5172 1579 5230 demolirentur
1597 5177 1823 5234 vineas.
1846 5177 1975 5235 Sub

328 5249 542 5308 umbra
556 5251 728 5315 illius
739 5268 912 5325 quem
922 5257 1278 5317 desiderasti
1289 5260 1557 5332 sede,qui
1571 5261 1976 5322 introduaitte

327 5338 616 5397 incellam
628 5343 954 5414 vinariam,
987 5346 1095 5402 0rd
1122 5348 1294 5405 navit
1318 5349 1455 5407 inte
1492 5351 1822 5422 caritatem,
1838 5353 1974 5427 ful-

327 5428 557 5493 cienste
582 5430 1171 5505 ﬂoribus,stipansle
1196 5436 1697 5509 malis,aeeeniat
1720 5440 1973 5503 dilectus

2091 4469 2196 4536 Qui
2233 4468 2513 4541 pastorali
2571 4468 2970 4527 sollicitudine
2999 4470 3162 4540 gregi
3195 4469 3303 4527 sibi
3338 4470 3565 4527 credito
3599 4470 3747 4528 invi-

2088 4558 2299 4629 gilans,
2328 4558 2471 4615 alios
2495 4557 2750 4615 caelestis
2772 4558 3055 4615 doctrina:
3081 4559 3275 4615 verbis
3296 4559 3574 4629 erudivit,
3600 4561 3742 4619 mul-

2091 4654 2185 4704 tos
2209 4646 2649 4718 religiasmvitae
2672 4647 3585 4719 exemplisroboravit,plurimos
3608 4665 3749 4721 qno-
3780 4717 3785 4721 ,

2093 4750 2204 4806 que
2251 4737 2320 4791 ab
2352 4736 2504 4791 omni
2539 4735 2939 4793 infirmitatum
2992 4735 3255 4793 molestia
3288 4737 3539 4808 curavit,
3571 4752 3747 4809 quos-

2092 4824 2224 4880 dam
2257 4824 2429 4880 etiam
2463 4839 2491 4879 a
2525 4823 2883 4880 demoniacis
2915 4824 3222 4896 spiritibus
3245 4824 3537 4894 liberavit,
3563 4827 3747 4883 omni-

2093 4915 2322 4984 busque
2353 4912 2653 4984 exemplar
2681 4917 2739 4968 et
2771 4913 3072 4984 Speculum
3105 4912 3289 4970 totius
3320 4913 3661 4971 sanctitatis
3684 4930 3747 4972 se

2096 5000 2373 5075 praebuit.
2400 5000 2739 5057 lmminente
2763 5015 2905 5058 vero
2924 5000 3303 5059 resolutionis
3316 5017 3439 5058 suae
3466 5008 3748 5075 tempore,

2087 5104 2219 5147 cum
2249 5089 2620 5160 cognovisset
2650 5089 3009 5147 revelatione
3033 5089 3228 5146 divina
3259 5104 3321 5147 se
3347 5091 3657 5149 mundanis
3684 5091 3753 5148 li.

2090 5177 2406 5236 berandum
2431 5178 2799 5250 tumultibus,
2829 5178 2885 5235 in
2908 5177 3171 5236 aecclesia
3193 5179 3248 5235 in
3273 5193 3387 5251 qua
3411 5180 3753 5238 adoleverat

2086 5267 2379 5325 cotidiano
2411 5266 2695 5325 virtutum
2746 5273 3049 5340 provectu,
3082 5267 3177 5325 cui
3234 5268 3421 5341 primo
3456 5273 3659 5341 pastor
3683 5274 3744 5327 et

2086 5358 2283 5413 rector
2342 5354 2672 5425 institutus,
2730 5355 2802 5413 de
2862 5370 2975 5427 qua
3022 5355 3197 5413 etiam
3256 5356 3327 5415 ad
3385 5356 3749 5430 pontificium

2095 5448 2403 5518 promotus
2457 5444 2594 5516 fuit,
2672 5443 2994 5518 sepultura:
3067 5459 3188 5505 sua
3238 5444 3431 5505 locum
3506 5444 3749 5521 delegit.
