3936 6050
155 164 271 227 158

1380 160 1880 229 ΟΗΗΟΝῘΟΟΝ.
1925 196 2005 210 -
2046 134 2202 228 Lua.
2247 162 2323 227 Π.

3441 155 3555 225 15ι

150 297 315 356 Licet
336 295 488 355 enim
506 295 759 356 omnium
783 296 1181 356 aecclesiarum
1202 297 1509 357 insndaret
1530 298 1799 357 utilitati-
1830 297 1883 359 A
1914 298 2198 366 moribus,
2232 301 2289 355 et
2322 298 2395 357 ab
2428 295 2555 372 ipso
2588 295 3132 372 praecellentissimo
3175 306 3313 369 rege
3338 296 3553 358 Karolo

153 388 284 460 bus,
322 387 469 443 hanc
508 392 699 444 tamen
752 402 870 459 prae
919 389 1188 445 omnibus
1234 388 1381 445 locis
1427 389 1615 445 sacris
1668 394 1801 459 post

151 476 424 550 primam,
457 491 584 548 quae
615 478 786 532 sedes
817 482 908 533 est
937 477 1308 548 episcopalis,
1334 478 1535 547 caluit,
1558 477 1803 549 amplifi-

150 567 334 633 cavit,
351 572 411 621 et
431 565 720 636 provexit.
740 565 902 631 Quod
926 565 1099 620 etiam
1119 580 1317 622 omnes
1335 567 1805 638 praedecessores

150 655 279 724 ejus
305 654 522 711 fecisse
545 653 828 722 novimus,
856 659 1059 725 utpote
1083 654 1177 724 qui
1204 656 1468 725 exceptis
1494 655 1804 727 perpaucis

152 757 362 799 omnes
382 742 437 798 in
463 756 527 798 ea
554 742 750 798 sedem
776 743 990 797 habent
1014 743 1412 813 requietionis.
1432 745 1674 815 Accepit
1699 745 1804 800 hoc

156 830 455 903 privilegii
485 831 696 887 donum
729 831 993 888 aacclesia
1016 832 1135 902 ipsa
1163 848 1191 887 a
1218 834 1389 889 beato
1414 840 1578 904 patre
1609 833 1807 890 debito

153 934 283 975 cum
339 920 563 974 honore
609 919 960 975 nominando
1003 920 1298 991 Sanctino,
1350 936 1454 977 suo
1504 922 1807 977 fundatore

159 1007 470 1077 primoque
519 1008 855 1064 Christianae
907 1008 1208 1078 religionis
1253 1016 1311 1065 et
1361 1010 1609 1066 nominis
1656 1010 1805 1083 apud

157 1094 340 1166 ipsam
377 1097 581 1152 urbem
613 1097 874 1166 doctore,
914 1104 975 1152 ut
1009 1101 1137 1169 post
1191 1104 1430 1156 matrem
1481 1100 1806 1156 zecclesiam

156 1182 277 1253 ipsa
311 1188 480 1239 esset
510 1189 684 1255 caput
716 1186 968 1241 omnium
1016 1187 1395 1243 Virdunensis
1425 1188 1675 1244 diocesis
1704 1203 1809 1245 (Bc-

155 1272 541 1342 clesiarum,a
569 1287 676 1343 qua
703 1277 760 1328 et
779 1280 964 1329 mater
986 1274 1251 1331 aecclesia
1305 1277 1426 1347 ipsa
1452 1276 1807 1333 subsistendi

156 1361 492 1432 accepisset
522 1361 756 1417 inicium
786 1380 800 1428 ;
834 1378 961 1432 quae
994 1364 1165 1419 etiam
1202 1368 1298 1420 est
1347 1366 1417 1420 ab
1469 1366 1707 1434 antiquo
1740 1366 1810 1421 ab

156 1449 297 1521 ipsis
327 1450 561 1505 scilicet
592 1453 890 1506 nascentis
913 1452 1196 1509 zecclesize
1220 1454 1555 1524 primordiis
1574 1455 1812 1510 cimete-

160 1538 303 1593 rium
335 1538 751 1609 episcoporum
783 1543 841 1594 et
875 1539 1230 1610 reliquorum
1266 1541 1521 1597 fidelium
1546 1542 1813 1599 christia-

1911 388 2046 458 quia
2078 393 2135 443 et
2168 403 2488 458 congruum
2521 395 2670 453 erat.
2707 394 2768 446 ut
2801 405 2966 460 quem
3004 387 3272 445 Dominus
3291 388 3554 458 perfude-

1915 483 2002 533 rat
2032 477 2240 545 {rratia,
2275 478 2347 532 ab
2379 479 2649 535 omnibus
2697 483 3012 534 amaretur.
3045 477 3329 533 Studebat
3374 475 3555 533 omni-

1917 566 2025 622 bus
2060 580 2160 635 per
2190 566 2374 621 omnia
2412 565 2661 636 placere,
2702 582 2815 623 non
2851 583 2920 622 eo
2954 565 3141 633 modo,
3178 580 3289 636 quo
3320 563 3554 635 placent

1916 654 2264 723 hominibus,
2285 670 2529 724 quorum
2558 657 2704 711 Deus
2728 655 3037 725 dissipabit
3054 667 3201 713 ossa.
3220 653 3560 723 utreplean-

1917 747 2015 799 tur
2036 743 2374 799 confusione
2399 745 2468 799 ab
2496 744 2893 813 indignatione
2907 744 3052 813 ejus,
3073 743 3172 800 sed
3191 741 3292 798 illo
3307 757 3418 812 quo
3439 755 3557 797 om-

1919 833 2091 889 nibus
2127 847 2228 902 per
2258 833 2446 887 omnia
2481 832 2749 903 placebat
2788 832 3112 903 apostolus,
3150 845 3259 887 non
3310 843 3559 902 querens

1921 922 2072 991 quod
2108 920 2217 975 sibi
2253 926 2411 975 esset
2446 920 2606 990 utile,
2634 920 2736 976 sed
2770 921 2922 990 quod
2958 919 3176 988 multis,
3202 924 3265 975 ut
3296 918 3439 975 salvi
3464 916 3561 974 ﬂe-

1919 1014 2070 1063 rent.
2091 1008 2226 1063 Ideo
2252 1008 2397 1063 bona
2422 1008 2777 1065 conscientia
2803 1008 2994 1064 dicere
3032 1011 3257 1078 poterat
3282 1004 3562 1062 auditori-

1922 1099 2029 1153 bus
2059 1097 2181 1153 suis
2216 1113 2343 1153 cum
2382 1098 2583 1152 eodem
2618 1097 2885 1167 apostolo
2919 1115 2930 1151 :
2965 1096 3308 1153 Imitatores
3332 1095 3450 1152 mei
3479 1107 3563 1152 es-

1922 1186 2053 1253 tote,
2078 1186 2238 1243 sicut
2265 1185 2322 1240 et
2350 1199 2451 1254 ego
2482 1186 2712 1241 C'ln'isli
2742 1186 2806 1249 (Ι
2832 1184 2962 1240 Cor.
2998 1200 3070 1252 IV,
3104 1189 3212 1253 46,-
3243 1198 3318 1251 χι,
3348 1187 3424 1248 4),
3462 1181 3558 1252 qui

1923 1274 2124 1343 utique
2144 1274 2372 1329 volebat
2403 1274 2526 1329 sine
2550 1273 2863 1328 offensione
2885 1287 3011 1327 esse
3037 1271 3319 1327 accelesize
3342 1271 3462 1338 Dei,
3481 1268 3559 1325 ita

1923 1363 2152 1418 scilicet
2183 1362 2620 1432 temperandam
2675 1361 2891 1417 docens
2940 1359 3460 1429 conversationem,
3490 1372 3561 1413 ne

1924 1451 2053 1521 quis
2088 1452 2140 1505 in
2176 1465 2241 1506 ea
2275 1450 2611 1505 scandalum
2648 1454 2949 1520 pateretur
2977 1447 3064 1503 ’3‘.

1996 1540 2113 1596 Fol.
2143 1543 2254 1611 58.)
2286 1539 2395 1594 Sed
2428 1538 2563 1608 quid
2601 1553 2706 1593 nos
2740 1538 2794 1592 in
2832 1537 3000 1593 laude
3032 1537 3156 1607 ejus
3186 1538 3560 1607 temptamus,

160 1640 385 1681 norum.
406 1626 574 1693 Quod
603 1627 965 1698 privilegium
994 1629 1072 1684 ita
1098 1630 1489 1700 permansitet
1514 1636 1809 1701 permanet
1843 1652 1895 1711 Β
1927 1629 2081 1700 quod
2113 1644 2219 1683 non
2242 1614 2574 1684 sufﬁcimus
2602 1627 2936 1698 explicare?
2960 1628 3085 1698 Ipse
3112 1625 3261 1682 enim
3296 1624 3421 1681 laus
3442 1623 3565 1693 ejus

164 1715 593 1783 inconvulsum,
632 1721 692 1771 ut
728 1716 779 1772 in
814 1732 878 1772 ea
924 1719 1046 1773 fere
1090 1734 1291 1773 omnes
1341 1719 1599 1787 ejusdem
1650 1721 1813 1776 urbis

163 1803 479 1874 pontifices
504 1803 772 1874 legantur
791 1805 1005 1861 divinis
1028 1807 1209 1877 aptati
1244 1808 1521 1873 servitiis,
1550 1812 1815 1864 tonsora-

165 1891 1058 1963 ti,nutriti,edocti,consecrati,
1075 1903 1319 1965 excepta
1338 1896 1461 1965 ipsa
1478 1897 1815 1953 inunctione

164 1980 529 2050 pontificalis
545 1981 870 2052 dignitatis,
890 1998 1056 2052 quam
1074 1988 1301 2040 constat
1326 1999 1456 2040 esse
1483 1986 1684 2039 matris
1709 2001 1819 2042 {cc-

166 2069 380 2140 clesiae,
412 2076 474 2125 et
500 2071 881 2141 frequentius,
910 2073 1006 2142 qui
1032 2074 1086 2128 in
1111 2088 1174 2128 ea
1206 2074 1387 2128 functi
1422 2080 1554 2129 sunt
1590 2075 1821 2131 abbatis

166 2158 376 2227 ofﬁcio,
404 2174 512 2229 pro
536 2160 815 2215 virtutum
840 2161 1038 2217 studio
1069 2161 1404 2217 intronizati
1438 2163 1552 2218 sint
1583 2163 1638 2216 in
1673 2162 1821 2218 solio

168 2245 520 2318 episcopali.
557 2248 621 2301 Et
659 2248 866 2304 merito
898 2254 1214 2305 veneratur
1249 2251 1321 2305 ab
1358 2251 1626 2306 omnibus
1660 2249 1822 2307 locus

170 2334 285 2404 ille,
322 2335 543 2390 merito
574 2336 892 2406 expetitur.
921 2337 1129 2392 merito
1162 2336 1445 2406 diligitur,
1473 2353 1641 2407 quem
1676 2353 1822 2409 apex

170 2426 347 2479 tantae
382 2422 694 2492 dignitatis
726 2424 966 2493 attollit,
995 2426 1129 2495 quia
1160 2425 1272 2480 etsi
1304 2426 1410 2495 eis,
1440 2426 1535 2495 qui
1571 2427 1669 2481 illo
1698 2442 1825 2483 ora-

174 2511 284 2565 turi
318 2510 705 2580 conveniunt,
736 2512 833 2582 qui
854 2514 971 2568 Deo
996 2513 1135 2568 inihi
1170 2513 1541 2584 famulantur,
1570 2514 1665 2585 qui
1700 2530 1827 2570 cor-

176 2612 310 2669 pora
348 2612 459 2654 sua
491 2599 567 2653 ob
600 2602 939 2656 sanctorum
1005 2601 1326 2670 patrocinia
1382 2601 1502 2657 illic
1552 2601 1824 2657 tumulari

181 2692 520 2757 precantur,
549 2686 763 2743 desunt
788 2690 934 2745 bona
966 2690 1253 2759 adquisita
1282 2705 1382 2762 per
1406 2691 1830 2760 mcritum,suf-

183 2777 352 2833 ficere
393 2782 664 2847 possunt,
691 2792 818 2847 quae
848 2792 876 2832 a
915 2777 1025 2834 loci
1062 2779 1363 2835 fondatore
1385 2783 1590 2836 sancto
1611 2780 1831 2836 Sancti-

185 2881 271 2937 no,
306 2880 336 2921 a
394 2866 622 2923 sanctis
681 2866 822 2936 inibi
874 2866 1308 2937 quiescentibus
1368 2870 1827 2939 przestabuntur,

186 2958 377 3010 tamen
398 2953 736 3026 proutiides
774 2956 1095 3025 petentium
1138 2956 1832 3014 merebitur.Attestatur

186 3042 313 3100 huic
339 3049 567 3099 nostrae
590 3042 992 3114 astipulationi
1020 3045 1211 3099 domni
1231 3045 1474 3100 Bertarii
1492 3061 1740 3102 memora
1753 3048 1835 3102 bi-

185 3128 253 3187 lis
276 3130 632 3201 antiquitas,
658 3131 755 3200 qui
780 3137 1113 3188 sanctorum
1134 3132 1582 3190 Virdunensium
1607 3135 1833 3204 pontifi-

183 3234 306 3277 cum
336 3225 474 3275 acta
506 3218 818 3290 replicans,
845 3219 1101 3276 basilicae
1125 3236 1355 3292 quoque
1379 3221 1550 3289 hujus
1575 3224 1834 3278 meminit

185 3307 236 3363 in
269 3308 401 3366 haec
432 3309 612 3363 verba
646 3308 839 3377 (Bsn‘r.
870 3309 922 3377 4)
950 3328 961 3362 :
988 3309 1280 3379 Basilica,
1309 3310 1593 3380 inquiens,
1617 3313 1686 3368 in
1712 3325 1836 3384 qua

176 3396 462 3468 pradicti
491 3398 747 3468 episcopi
772 3398 1173 3467 requiescunt,
1208 3400 1299 3455 est
1336 3399 1401 3454 in
1444 3398 1661 3456 honore
1698 3414 1835 3458 san-

178 3485 256 3541 cti
284 3484 468 3542 Petri
497 3485 855 3555 constructa,
886 3486 947 3541 et
972 3485 1153 3541 habet
1200 3486 1522 3543 multorum
1548 3489 1836 3559 episcopo-

179 3586 311 3629 rum
335 3573 683 3646 sepulchra,
718 3573 778 3629 et
786 3573 1036 3645 propter
1064 3573 1172 3630 Iwc
1207 3575 1458 3631 multum
1493 3589 1532 3631 α
1546 3576 1837 3647 ﬁdelibus

181 3661 545 3718 veneranda.
1484 3674 1492 3686 ’

259 3749 407 3820 (Fol.
446 3749 560 3818 57.)
592 3748 734 3805 Huic
767 3763 907 3820 ergo
935 3748 1063 3805 loco
1096 3748 1304 3806 beatus
1331 3748 1662 3808 Madelveus
1689 3766 1837 3808 anno

190 3837 322 3895 vita)
357 3852 485 3894 suae
518 3836 860 3908 penultimo,
883 3837 1036 3893 dono
1053 3837 1405 3894 Theuthardi
1429 3837 1499 3871 ²³³
1520 3839 1833 3910 adquisivit

195 3940 286 3983 res
318 3925 605 3998 quasdam
638 3927 785 3982 sitas
818 3926 872 3981 in
906 3926 1255 3981 Virduncnsi
1282 3942 1450 3998 pago,
1474 3927 1598 3984 loco
1630 3929 1725 3998 qui
1758 3929 1839 3983 di-

197 4016 348 4072 citur
380 4015 611 4072 Oili-lini
642 4014 851 4083 curtis,
885 4021 945 4071 et
976 4015 1029 4070 in
1063 4016 1173 4071 fine
1223 4016 1605 4087 Bettiliniaca,
1641 4018 1693 4072 in
1731 4018 1839 4074 fine

199 4118 433 4177 quoque
464 4103 768 4173 Virelinse,
797 4119 942 4175 quas
966 4104 1115 4160 idem
1138 4105 1504 4161 Teuthardus
1526 4120 1554 4160 a
1572 4107 1840 4175 genitore

200 4205 302 4249 suo
333 4194 640 4249 Gunthero
672 4192 782 4248 sibi
817 4193 1054 4249 relictas
1077 4192 1208 4262 jure
1253 4193 1591 4264 possidebat
1623 4194 1843 4250 heredi-

198 4282 351 4338 tario
387 4282 447 4336 in
475 4281 674 4349 terris,
710 4281 945 4351 mansis,
969 4281 1213 4352 campis,
1244 4281 1448 4352 pratis,
1474 4282 1845 4353 pascuis,sil-

1861 3003 1910 3065 C

1926 1722 2038 1787 est,
2068 1718 2161 1787 qui
2200 1718 2253 1772 in
2291 1717 2510 1772 sanctis
2534 1717 2656 1772 suis
2680 1714 2991 1788 laudabilis
3015 1720 3126 1770 est.
3155 1715 3278 1779 Quo
3301 1728 3442 1781 ergo
3466 1726 3570 1768 nos

1928 1806 2089 1863 ducit
2121 1806 2350 1862 oratio?
2373 1805 2520 1872 Quid
2548 1820 2735 1860 moras
2756 1804 3102 1860 innectimus
3122 1805 3145 1858 ?
3168 1802 3313 1868 Quid
3340 1801 3565 1857 felicem

1928 1894 2055 1964 ejus
2079 1909 2108 1949 e
2143 1893 2355 1950 mundo
2392 1893 2700 1947 transitum
2739 1891 3022 1962 replicare
3057 1891 3377 1946 tricamus?
3401 1886 3569 1944 Adsit

1930 1984 2052 2054 ipsc
2084 1984 2252 2037 nobis
2279 1982 2587 2053 propitius,
2614 1986 2675 2036 ut
2695 1981 2863 2049 digna
2887 1980 2988 2035 fari
3010 1980 3324 2046 valeamus,
3349 1977 3568 2048 aspiret

1929 2072 2092 2128 cordi
2115 2075 2316 2125 nostro
2341 2070 2564 2125 meritis
2585 2069 2711 2138 ejus
2733 2068 2986 2139 Spiritus
3011 2072 3249 2123 sanctus
3271 2071 3328 2121 et
3350 2064 3581 2137 nostris

1935 2160 2273 2216 infundatur
2306 2157 2651 2214 visceribus.
2688 2158 2953 2213 Dicamus
2983 2156 3198 2229 itaque,
3224 2155 3375 2226 quod
3400 2153 3571 2210 dede-

1935 2249 2008 2303 rit
2047 2249 2171 2318 ipse
2204 2248 2275 2303 de
2308 2262 2421 2316 quo
2448 2245 2753 2316 loquimur,
2779 2251 2838 2299 et
2862 2244 3147 2314 quomodo
3170 2244 3239 2298 de
3266 2242 3478 2298 mundo
3498 2240 3568 2297 ad

1936 2337 2012 2393 Ch
2025 2335 2349 2404 ristum,cui
2368 2335 2615 2389 devotus
2631 2329 3572 2401 servierat,migraverit,breviter

1934 2425 2293 2493 indagemus.
2315 2422 2764 2491 Adveneratjam
2786 2425 2895 2475 tem
2909 2434 3009 2487 pus
3025 2417 3404 2474 resolutionis
3418 2416 3566 2485 ejus,

1936 2518 1996 2569 et
2021 2515 2226 2569 beatus
2252 2512 2376 2582 ipse
2402 2511 2470 2565 ad
2492 2509 2795 2580 quemdam
2821 2507 3101 2579 episcopii
3129 2506 3365 2562 fundum
3384 2510 3574 2561 trans-

1938 2601 2085 2657 ierat
2117 2614 2291 2656 causa
2336 2597 2860 2655 consecrandamm
2911 2595 3327 2665 mcclesiarum,
3361 2594 3459 2651 ubi
3494 2598 3575 2651 la-

1937 2695 2071 2746 ctus
2101 2686 2457 2756 digladiabili
2492 2691 2650 2743 sorte
2683 2689 2933 2751 naturze,
2964 2684 3083 2740 acri
3117 2683 3294 2754 cmpit
3346 2681 3575 2753 fatigari

1941 2777 2161 2834 dolore.
2195 2778 2238 2832 Ο
2278 2777 2531 2845 beatum,
2557 2791 2590 2830 o
2613 2789 2747 2830 vere
2782 2774 3027 2843 felicem,
3054 2773 3149 2843 qui
3175 2772 3367 2828 sciens
3397 2770 3579 2826 immi-

1941 2882 2080 2923 nere
2113 2865 2397 2921 transitus
2428 2864 2517 2920 sui
2552 2864 2722 2931 diem,
2759 2863 3092 2919 fatiscentes
3144 2864 3307 2916 artus
3347 2858 3575 2929 Spiritui

1943 2954 2165 3013 servire
2199 2954 2465 3022 cogebat,
2486 2953 2689 3007 bonam
2713 2951 2859 3006 hanc
2882 2950 3163 3005 virtutum
3188 2962 3423 3005 suarum
3447 2961 3581 3004 con-

1943 3043 2381 3101 summationem
2406 3040 2770 3108 existimans,
2797 3039 2841 3094 si
2868 3039 2922 3093 in
2948 3044 3062 3093 tam
3091 3037 3202 3108 pio,
3221 3040 3335 3091 tam
3359 3034 3577 3093 celebri

1943 3133 2037 3188 Dei
2068 3131 2309 3187 servitio
2342 3122 2699 3201 expenderet
2726 3126 2879 3197 quod
2913 3125 3201 3196 reliquum
3232 3129 3360 3180 erat
3391 3122 3579 3179 attriti

1940 3221 2205 3293 corporis
2234 3220 2462 3276 virium.
2488 3221 2725 3274 Fecerat
2761 3217 2956 3286 itaque
2987 3215 3143 3270 votis
3176 3214 3342 3271 satis.
3376 3213 3583 3269 Conse-

1943 3311 2127 3368 cravit
2161 3324 2406 3380 namque
2438 3306 2550 3363 vici
2583 3306 2740 3362 illius
2766 3304 3086 3373 aecclesias,
3117 3307 3174 3359 et
3215 3302 3582 3360 consecratio

1943 3399 2069 3471 ipsa
2118 3399 2272 3468 viget
2330 3411 2512 3467 usque
2542 3395 2596 3450 in
2630 3394 2974 3451 hodiernum
3023 3392 3195 3448 diem.
3224 3393 3402 3447 Tanta
3432 3388 3585 3445 enim

1943 3492 2069 3545 erat
2104 3492 2242 3543 tunc
2269 3492 2327 3541 et
2360 3500 2509 3541 nunc
2538 3488 2627 3540 est
2656 3482 2984 3538 auctoritas
3005 3480 3111 3537 viri
3142 3480 3351 3548 sancti,
3380 3482 3442 3535 ut
3466 3476 3588 3533 nul-

1945 3576 2037 3635 lus
2071 3575 2477 3647 episcOporum
2503 3572 2768 3643 quamvis
2792 3574 3056 3639 sanctas,
3087 3567 3585 3640 quamvisjustus,

1945 3663 2446 3722 consecrationem
2482 3662 2661 3732 ipsam
2696 3659 2979 3716 reiterare
3023 3658 3114 3714 vel
3163 3657 3450 3713 inmutare
3493 3669 3590 3712 au-

1947 3754 2103 3823 deat,
2124 3751 2220 3808 sed
2248 3749 2518 3822 perennis
2538 3753 2627 3805 est
2655 3747 2809 3819 apud
2831 3752 3072 3804 cunctos
3096 3750 3232 3802 tunc
3259 3746 3407 3802 facta
3431 3742 3591 3799 dedi-

1947 3842 2121 3912 catio,
2147 3847 2210 3896 et
2239 3840 2351 3895 erit
2386 3837 2825 3910 perpetualiter.
2851 3838 2987 3892 Tota
3021 3836 3198 3906 igitur
3227 3834 3392 3902 urbe,
3418 3833 3591 3890 immo

1947 3934 2071 3985 tota
2108 3928 2343 3999 regione
2377 3929 2605 3982 astante
2636 3929 2694 3980 et
2736 3925 2807 3982 ad
2868 3925 3105 3980 verbum
3139 3923 3259 3978 oris
3301 3921 3428 3991 ejus
3460 3934 3593 3991 pen—

1948 4020 2145 4086 dente,
2167 4029 2493 4071 sermonem
2515 4014 2649 4069 fecit
2670 4013 2940 4069 omnibus
2956 4012 3027 4067 de
3051 4011 3179 4081 ipso
3214 4011 3362 4066 festo
3393 4007 3593 4065 accele-

1951 4106 2070 4174 size,
2087 4109 2144 4160 et
2164 4105 2296 4174 quia
2315 4099 2992 4174 praesentialiteribidem
3007 4102 3244 4154 sanctus
3259 4098 3592 4151 sanctorum

1953 4189 2520 4261 advenerit,cunctis
2544 4187 2930 4256 adnuntiavit,
2947 4191 3122 4256 atque
3144 4200 3213 4242 ne
3230 4181 3593 4242 consecratio

1956 4284 2342 4340 reiteraretur
2374 4277 2689 4350 prohibuit.
2723 4275 2961 4332 l'andem
2994 4275 3262 4331 omnibus
3292 4271 3592 4341 valedixit,

200 4368 305 4439 vis,
360 4368 534 4440 aquis
581 4383 978 4440 aquarumque
1025 4369 1391 4437 decursibus,
1434 4374 1493 4424 et
1543 4370 1843 4427 basilicam
1872 4359 1926 4419 D
1958 4385 2238 4442 suumque
2270 4368 2491 4425 exitum
2543 4365 2825 4421 maturius
2871 4364 3182 4420 affuturum
3227 4361 3518 4435 praedixit.
3552 4360 3596 4416 Ο

203 4457 385 4514 sancti
431 4456 659 4512 Martini
711 4457 763 4512 in
817 4456 938 4529 ipsa
980 4456 1115 4512 villa
1156 4456 1517 4514 Bettiliniaca
1561 4457 1674 4530 (60)
1715 4474 1847 4515 con-

207 4548 513 4615 structam,
542 4560 668 4615 quae
693 4546 904 4615 omnia,
932 4545 1084 4601 sicut
1117 4545 1365 4601 habebat
1396 4551 1456 4601 et
1486 4546 1843 4617 possidebat,

207 4638 410 4689 sancto
438 4632 649 4688 Vitono
680 4638 738 4687 et
770 4633 905 4689 huic
949 4633 1100 4705 patri
1151 4636 1350 4691 nostro
1402 4634 1551 4689 idem
1601 4633 1850 4691 contulit

209 4719 637 4792 perpetualiter
666 4720 1015 4792 possidenda
1041 4736 1190 4777 anno
1215 4721 1326 4778 inc.
1358 4723 1515 4777 Dom.
1540 4727 1644 4777 775
1674 4722 1853 4778 indic-

210 4808 368 4864 tione
407 4808 491 4878 it,
526 4815 801 4878 regnante
832 4809 1044 4864 Karolo
1076 4810 1277 4879 Magno
1308 4824 1457 4865 anno
1508 4810 1669 4879 regni
1726 4809 1853 4879 ejus

208 4900 258 4967 8,
289 4898 384 4955 die
416 4901 447 4951 5
478 4898 614 4954 ldus
643 4898 1001 4968 Novembris,
1039 4898 1093 4952 in
1126 4898 1249 4969 ipsa
1303 4898 1536 4955 scilicet
1581 4898 1854 4971 sollemp-

214 4988 397 5044 nitate
427 4987 615 5044 sancti
646 4986 832 5059 patris
865 4986 1050 5043 nostri
1084 4986 1296 5043 Vitoni.

280 5062 647 5147 Diligeba'tur
678 5080 871 5133 autem
903 5076 975 5132 ab
1007 5076 1274 5133 omnibus
1300 5075 1485 5133 totius
1535 5076 1697 5146 regni
1743 5076 1858 5148 pri-

1958 4461 2210 4531 quantus
2241 4457 2295 4511 in
2338 4470 2478 4511 voce
2510 4454 2631 4511 haec
2665 4454 2856 4510 luctus
2884 4452 3160 4521 omnium,
3189 4465 3317 4521 quae
3348 4448 3599 4522 suSpiria

1953 4549 2249 4620 juvenum,
2269 4544 2471 4616 quanti
2493 4543 2744 4614 gemitus
2766 4540 3114 4598 dolentium!
3133 4542 3199 4595 Et
3225 4539 3354 4610 quis
3378 4553 3488 4595 non
3503 4537 3599 4593 tle-

1960 4640 2070 4705 ret,
2095 4635 2192 4692 ubi
2225 4638 2426 4689 tantus
2453 4632 2541 4687 vir
2571 4646 2736 4687 suum
2761 4645 2790 4687 a
2813 4628 3030 4686 saeculo
3061 4627 3369 4684 nunciabat
3402 4638 3600 4682 exces-

1963 4739 2083 4781 sum
2114 4724 2138 4777 ?
2167 4721 2275 4789 Qui
2305 4734 2368 4777 se
2400 4720 2699 4776 cohiberet
2733 4734 2761 4774 a
2795 4717 3071 4783 lacrimis,
3110 4715 3205 4771 ubi
3256 4716 3415 4769 tanta
3473 4716 3598 4769 erat

1963 4811 2271 4868 destitutio
2303 4808 2555 4865 omnium
2589 4807 2643 4861 in
2677 4806 2939 4863 absentia
2970 4802 3118 4860 tanti
3151 4801 3337 4873 patris
3364 4801 3389 4856 i
3418 4800 3602 4872 Igitur

1963 4901 2243 4956 consueta
2275 4896 2484 4954 salutis
2517 4896 2863 4951 documenta
2910 4891 3204 4963 replicans
3253 4902 3432 4960 seque
3486 4887 3603 4946 illis

1964 4985 2395 5055 commendans,
2430 4984 2699 5040 omnibus
2733 4981 3047 5049 benedixit,
3073 4983 3131 5034 et
3159 4983 3223 5035 ut
3254 4977 3470 5034 domini
3502 4976 3606 5033 Dei

1968 5075 2432 5130 memorarentur
2458 5068 2792 5139 ammonuit,
2825 5071 2881 5123 et
2913 5066 2996 5124 sic
3026 5064 3262 5137 expleto
3293 5063 3478 5121 oﬂicio
3508 5061 3608 5118 do-

1581 5191 1817 5247 VIARIE
1855 5186 2238 5247 LECTIONES

216 5285 285 5321 ⁸³³
309 5286 629 5359 geuebardi
661 5300 810 5347 corr.
846 5287 1145 5346 teuthardi
1177 5300 1223 5345 c.
1252 5285 1322 5321 ³³⁸
1354 5288 1529 5344 Verte
1560 5288 1609 5343 II
1643 5286 1779 5344 folia
1810 5291 1870 5343 et
1902 5283 2135 5356 require
2164 5278 2471 5353 sequentia
2503 5278 2613 5335 sub
2644 5276 2755 5333 hoc
2787 5275 2952 5346 signo
2984 5274 3108 5333 cod.

1806 5382 2027 5440 NOTAE.

293 5456 404 5529 (60)
439 5454 793 5514 Bettinville.
