3936 6050
349 186 459 256 155

1193 133 1200 145 Ι
1302 194 1668 262 HUGONIS
1708 190 2058 260 ABBATIS
2099 191 2789 262 FLAVINIACENSIS

3632 199 3751 262 156

347 335 502 382 mum
531 322 787 399 rediens,
820 322 1102 402 languore
1130 327 1576 405 ingravescente
1606 328 1799 392 acrius
1830 325 1984 401 cepit
2014 325 2072 389 A
2099 326 2262 389 dunt.
2295 330 2413 390 Nec
2441 329 2678 391 defuere
2708 329 2974 405 exequiis
2994 331 3149 391 beati
3177 326 3444 406 corporis
3471 327 3750 393 calestes

344 415 588 474 anxiari.
638 416 856 476 Dehinc
904 419 1127 479 relatus
1158 423 1226 480 ad
1273 423 1620 494 :ecclesiam,
1654 423 1849 480 exitus
1895 419 1985 478 sui

345 506 797 577 praestolabatur
826 509 1025 566 horam
1054 512 1335 584 gaudens,
1357 518 1412 569 et
1438 514 1613 571 verba
1649 512 1783 569 vita:
1813 512 1989 568 omni-

341 593 451 652 bus
481 597 858 655 annuncians.
892 600 1069 657 Plena
1100 607 1225 658 erat
1274 602 1542 659 ecclesiae
1593 602 1981 671 lacrimarum,

343 682 512 755 plena
540 687 881 758 gemituum,
919 689 1083 761 plena
1114 690 1509 763 plangentium
1539 697 1597 749 et
1641 690 1981 749 dolentium.

346 770 512 830 Solus
534 773 657 845 ipse
677 776 988 847 gaudebat,
1013 779 1109 849 qui
1134 795 1248 851 quo
1268 782 1589 838 vocabatur
1612 779 1984 858 agnoscebat,

345 863 403 919 et
435 864 800 922 vocationem
833 882 991 924 suam
1032 869 1305 940 precibus
1351 871 1812 928 commendabat.
1849 870 1987 925 Cum

348 949 666 1009 clamarent
691 970 889 1012 omnes
905 975 917 1014 :
937 956 1059 1013 Cur
1079 972 1202 1028 nos,
1219 959 1424 1031 Pater,
1442 961 1664 1019 deseris
1682 969 1710 1019 Ρ
1725 961 1840 1018 Cui
1854 962 1989 1017 tuas

347 1054 476 1097 oves
500 1042 796 1101 desolatas
811 1044 1146 1115 relinquis?
1160 1049 1284 1118 Ipse
1297 1050 1550 1106 omnium
1574 1051 1647 1105 mi
1656 1049 1986 1119 serabatur,

345 1129 1115 1203 omnibuscompatiehatur,
1132 1150 1369 1193 omnesa
1386 1137 1645 1195 lacrimis
1661 1143 1987 1209 temperare

347 1215 594 1272 docebat
623 1223 682 1274 et
705 1219 815 1275 sibi
841 1221 909 1276 ad
935 1224 1194 1291 requiem
1221 1225 1605 1283 festinancius
1624 1227 1877 1283 eundum
1894 1225 1983 1281 ’3’.

345 1302 459 1360 Nec
492 1305 675 1362 multo
709 1313 841 1379 post
872 1312 1032 1368 venit
1083 1314 1221 1368 hora
1255 1319 1458 1370 sancto
1491 1313 1785 1385 optabilis,
1819 1321 1989 1383 grata

345 1392 652 1462 spiritibus
682 1398 980 1468 angelicis,
1017 1406 1202 1457 mesta
1236 1402 1449 1471 filiolis,
1477 1408 1536 1458 et
1565 1418 1797 1460 servum
1822 1420 1985 1461 suum

346 1485 480 1550 post
505 1482 726 1540 diutina
755 1487 1086 1555 praeliorum
1112 1491 1392 1547 exercitia
1418 1492 1680 1549 Christus
1703 1493 1989 1550 invitabat

346 1569 416 1624 ad
450 1573 706 1640 praemia.
740 1576 1118 1635 Presentihiis
1146 1594 1285 1649 ergo
1318 1581 1601 1637 zecclesize
1659 1598 1778 1639 suae
1828 1582 1984 1652 ﬁliis,

2098 421 2474 493 exequiarum
2508 422 2781 493 ministri,
2816 423 2912 496 qui
2956 426 3189 481 beatum
3241 425 3437 493 funus,
3470 423 3607 481 dum
3639 440 3751 483 suo

2098 511 2358 568 ambiunt
2410 516 2715 585 apparatu,
2749 514 2989 571 odorem
3024 513 3423 573 dulcissimum
3454 531 3556 574 sua
3604 531 3753 587 pre-

2098 600 2286 656 sentia
2316 601 2689 672 exibuerunt,
2719 607 2780 660 ut
2816 603 3002 675 palam
3033 604 3265 660 cunctis
3299 602 3546 662 daretur
3574 604 3748 662 intel-

2098 686 2220 759 ligi,
2254 689 2556 748 advenisse
2585 691 2708 748 illic
2739 692 2924 764 ipsum
2957 707 3188 764 quoque
3219 697 3521 751 auctorem
3552 693 3748 751 suavi-

2095 778 2257 834 tatis.
2292 781 2364 836 Et
2394 794 2615 837 revera.
2638 781 2767 853 ipsa
2796 781 2947 837 enim
2981 781 3239 838 clemens
3259 780 3424 838 affuit
3445 782 3742 853 divinitas,

2098 865 2413 923 consolans
2443 867 2766 937 lugentium
2817 868 3105 938 lacrimas,
3139 869 3466 940 notilicans,
3503 884 3635 941 quas
3684 871 3742 927 in

2098 952 2373 1011 defuncto
2422 955 2632 1027 pietas,
2687 960 2901 1027 quanta
2955 957 3322 1029 simplicitas,
3365 973 3494 1029 quae
3543 958 3742 1015 cordis

2100 1041 2280 1099 fuerit
2330 1043 2573 1115 puritas.
2610 1044 2814 1100 Statim
2868 1059 3117 1117 namque
3165 1051 3228 1103 ut
3274 1046 3425 1102 caelo
3470 1046 3744 1118 spiritum

2098 1131 2375 1202 reddidit,
2402 1131 2531 1190 duae
2559 1132 2847 1191 columbae
2878 1134 3247 1191 candidiores
3277 1134 3408 1191 nive
3438 1136 3510 1191 ab
3541 1135 3745 1192 ethere

2096 1219 2324 1276 cunctis
2355 1220 2688 1277 videntibus
2719 1221 2899 1292 lapsae
2933 1237 3110 1294 super
3151 1237 3381 1279 crucem
3429 1238 3558 1293 quas
3606 1228 3744 1280 ante

2098 1320 2312 1378 corpus
2352 1311 2477 1364 erat
2529 1309 2829 1380 sederunt,
2863 1314 2918 1366 et
2970 1325 3074 1382 per
3119 1325 3321 1368 omnes
3363 1310 3743 1381 exequiarum

2099 1410 2311 1467 moras,
2347 1411 2653 1468 usquequo
2687 1398 3007 1469 sepulturae
3042 1399 3322 1456 traditum
3371 1404 3482 1469 est,
3519 1388 3746 1457 manse-

2101 1486 2254 1552 runt,
2291 1484 2491 1555 sicque
2523 1485 2886 1543 intuentibus
2917 1486 3049 1557 illis,
3086 1487 3295 1544 iterum
3347 1487 3461 1558 poli
3509 1491 3744 1544 secreta

2101 1570 2415 1642 petierunt.
2427 1576 2565 1631 Cum
2582 1579 2740 1630 tanta
2755 1589 2894 1645 ergo
2907 1574 3163 1633 caelestis
3178 1577 3470 1632 exercitus
3486 1576 3606 1646 freq
3617 1591 3748 1632 uen-

347 1663 476 1728 post
510 1660 703 1718 dulcia
735 1664 867 1721 vitae
903 1667 1136 1737 monita,
1174 1672 1303 1739 post
1337 1670 1537 1725 ultimo
1568 1670 1987 1728 consolationis
2019 1681 2071 1742 Β
2103 1661 2181 1717 tia
2204 1667 2471 1718 curatum
2495 1668 2584 1718 est
2610 1678 2828 1735 corpus
2846 1664 3028 1735 patris
3044 1664 3134 1735 pia
3152 1663 3399 1720 ﬁliorum
3416 1664 3744 1734 diligentia,

347 1746 608 1804 aﬂ‘amina
640 1750 856 1808 viatico
888 1754 1111 1812 caelesti
1147 1761 1369 1828 pastus,
1399 1773 1537 1829 pace
1558 1759 1690 1815 data
1721 1761 1988 1818 omnibus

349 1834 402 1889 in
440 1836 586 1892 bona
619 1841 980 1899 confessione
1003 1843 1273 1914 spiritum
1298 1848 1411 1902 Deo
1434 1847 1694 1917 tradens,
1723 1848 1986 1919 patribus

348 1925 472 1979 suis
501 1931 592 1981 est
626 1930 948 2000 appositus,
981 1931 1229 2004 adeptus
1270 1936 1546 2005 optimam
1582 1943 1824 2006 partem,
1859 1952 1987 2007 quae

347 2026 455 2067 non
491 2015 793 2071 auferetur
824 2018 894 2072 ab
926 2034 1016 2089 eo,
1052 2022 1182 2090 quia
1218 2022 1272 2077 in
1308 2037 1446 2093 pace
1481 2023 1584 2079 fuit
1632 2024 1793 2081 locus
1838 2025 1982 2095 ejus,

348 2104 405 2154 et
435 2100 490 2155 in
524 2102 656 2158 Sion
691 2104 973 2163 habitatio
1002 2108 1149 2177 ejus.

417 2190 556 2255 (Fol.
585 2195 696 2262 59.)
719 2194 906 2265 [BI-1m.
927 2196 1035 2267 12.]
1061 2198 1185 2253 Fuit
1209 2204 1401 2255 autem
1429 2201 1635 2257 beatus
1659 2202 1989 2261 Madelveus

343 2290 373 2332 a
410 2280 670 2349 tempore
720 2282 967 2355 Pippini,
1023 2287 1118 2356 qui
1169 2289 1448 2357 Anscgiso
1499 2294 1666 2348 ortus
1716 2291 1984 2348 Karolum

344 2367 605 2424 Tutidem
635 2372 859 2441 genuit,
895 2374 989 2445 qui
1024 2380 1189 2445 pater
1219 2377 1466 2449 Pippini,
1489 2393 1560 2434 ex
1592 2394 1705 2450 quo
1738 2380 1999 2451 Karolus,

344 2455 579 2526 Magnus
608 2463 697 2516 est
718 2462 970 2531 genitus,
997 2465 1211 2536 extitit,
1233 2466 1401 2536 cujus
1424 2482 1609 2539 usque
1632 2469 1700 2525 ad
1723 2474 1983 2542 tempora

344 2543 440 2602 hic
463 2544 658 2615 justus
686 2549 834 2605 Vixit
863 2552 981 2607 vita
1016 2554 1227 2625 sobria,
1261 2555 1568 2625 juventute
1615 2562 1796 2627 casta,
1833 2575 1986 2616 com-

345 2633 512 2705 plens
534 2650 767 2693 cursum
790 2638 925 2696 vita:
938 2643 1246 2711 praesentis
1260 2643 1315 2697 in
1331 2650 1634 2701 senectute
1650 2648 1798 2702 bona
1814 2647 1979 2711 (Gen.

349 2719 624 2789 Caroli).
652 2725 1023 2782 Senectutem
1049 2735 1242 2784 autem
1273 2730 1452 2802 ipsam
1474 2732 1739 2805 dicimus,
1766 2750 1890 2805 quae
1913 2737 1984 2793 ab

345 2809 778 2867 annohominis
801 2812 1283 2886 quinquagesimo
1309 2818 1363 2873 in
1388 2822 1880 2890 septuagesimum
1905 2839 1988 2880 se-

345 2896 590 2967 ptimum
623 2900 964 2977 porrigitur,
996 2905 1224 2973 quando
1250 2906 1365 2976 jam
1387 2921 1416 2962 a
1440 2912 1594 2964 statu
1614 2924 1719 2965 suo
1741 2910 1987 2967 minora-

346 2985 395 3083 ri
428 2988 485 3040 et
518 2986 797 3044 infirmari
829 2990 1019 3048 virtus
1050 2992 1295 3051 humana
1330 2995 1552 3068 incipit,
1589 2997 1720 3067 quia
1754 3003 1813 3054 et
1844 3004 1986 3057 aetas
2017 3029 2065 3090 Ο

341 3072 463 3144 ipsa
490 3089 617 3145 quae
639 3090 668 3133 a
692 3082 788 3133 77°
810 3093 959 3135 anno
979 3079 1033 3134 in
1057 3095 1326 3139 occasum
1350 3084 1742 3155 protenditur,
1762 3086 1984 3143 senium

340 3166 399 3218 et
430 3162 728 3236 decrepita
759 3171 1039 3233 vocatur;
1061 3170 1290 3239 quando
1313 3171 1420 3227 hoc
1445 3186 1673 3243 quoque
1707 3174 1860 3244 quod
1892 3190 1985 3231 su-

338 3256 557 3322 perest,
591 3252 835 3323 languor
866 3260 925 3312 et
957 3257 1165 3314 horror
1194 3259 1366 3314 habet
1389 3259 1474 3314 ²⁸⁸.
1502 3261 1664 3326 Quod
1688 3262 1819 3318 ideo
1845 3262 1985 3318 dici-

338 3341 455 3408 tur,
483 3354 552 3396 ne
584 3340 834 3412 simplex
862 3343 1052 3400 lector
1082 3346 1327 3402 audiens
1352 3347 1582 3403 beatum
1608 3350 1793 3406 virum
1818 3350 1873 3406 in
1897 3365 1984 3407 se-

339 3431 577 3484 nectute
608 3429 755 3486 bona
806 3446 1043 3489 cursum
1090 3449 1548 3506 consummasse,
1576 3438 1810 3494 estimet
1850 3454 1980 3496 eum

338 3530 522 3587 usque
553 3517 623 3573 ad
647 3518 904 3577 ultimam
930 3526 1289 3579 senectutem
1313 3525 1573 3589 venisse;
1598 3540 1728 3582 cum
1753 3533 1982 3584 constet

339 3619 807 3678 unumquemque
836 3614 1045 3665 exacto
1092 3611 1290 3682 spacio
1333 3613 1613 3684 temporis
1662 3615 1980 3686 praestituti

338 3693 480 3749 hora
504 3695 790 3766 prwﬁnita
814 3697 870 3752 in
902 3698 1088 3755 oculis
1120 3700 1339 3755 Domini
1375 3701 1709 3759 defunctum
1743 3718 1980 3761 cursum

336 3782 679 3854 complesse,
707 3799 811 3841 nec
832 3785 1073 3842 interest
1100 3792 1293 3843 utrum
1315 3790 1445 3859 quis
1466 3790 1521 3844 in
1545 3794 1850 3848 senectute
1880 3797 1978 3850 aut

338 3869 714 3939 injuvcntute
737 3887 839 3930 seu
866 3874 920 3930 in
943 3875 1181 3931 infantia
1207 3876 1463 3932 debitum
1480 3878 1824 3952 expleverit,
1843 3881 1979 3951 quin

338 3958 529 4016 minus
558 3964 619 4016 et
650 3961 722 4018 de
756 3962 885 4034 ipso
917 3963 1148 4021 dicatur
1181 3983 1192 4018 :
1230 3964 1486 4024 Cursum
1530 3970 1974 4026 consummavit.

338 4045 527 4118 [BERT.
566 4048 676 4121 12.]
711 4049 866 4106 Obiit
898 4056 1088 4108 autem
1116 4057 1275 4110 terra
1309 4054 1597 4126 plorante,
1638 4056 1786 4112 coelo
1822 4056 1981 4128 plau-

336 4135 531 4206 dente,
567 4136 621 4191 in
650 4139 913 4209 proximo
935 4140 1215 4213 episcopii
1241 4142 1436 4213 fundo,
1455 4144 1609 4214 quod
1641 4144 1857 4201 dicitur
1879 4146 1981 4200 No-

334 4224 566 4294 vavilla,
594 4230 626 4282 4
646 4228 786 4283 Non.
810 4228 1104 4300 Octobris,
1139 4245 1287 4286 anno
1310 4231 1503 4288 aetatis
1525 4248 1645 4289 suae
1660 4237 1748 4302 66,
1767 4233 1821 4288 in
1852 4233 1978 4304 ipso

335 4309 510 4367 inicio
555 4311 908 4371 albescentis
973 4318 1314 4388 senectutis,
1366 4334 1585 4375 exuens
1627 4321 1978 4392 corruptibi-

335 4397 448 4453 lem
480 4399 672 4456 carnis
701 4402 975 4473 tunicam,
1003 4404 1247 4461 induens
1281 4406 1542 4462 deificam
1578 4382 1978 4465 immortalita-
2006 4382 2058 4442 D

336 4484 416 4542 tis
435 4485 662 4544 stolam.
688 4489 807 4546 Hoc
830 4495 1071 4562 accepto
1092 4492 1281 4563 elogio
1299 4494 1507 4551 civitas
1531 4498 1654 4552 tota
1680 4497 1973 4567 turbatur,

336 4573 586 4647 populus
616 4577 804 4634 omnis
836 4593 1062 4635 merore
1108 4581 1376 4638 afﬁcitur.
1410 4584 1524 4639 Nec
1574 4598 1756 4654 mora,
1791 4584 1978 4641 omnis

334 4666 755 4736 etas,uterque
769 4667 1273 4726 sexusindiscrete
1288 4671 1518 4743 corpori
1535 4670 1760 4728 obviam
1777 4677 1974 4743 ruunt,

331 4750 701 4812 lacrimarum
736 4754 954 4813 imbres
983 4755 1249 4828 fundunt,
1279 4757 1657 4830 plangoribus
1684 4774 1816 4817 aera
1848 4764 1981 4817 tun-

2101 1754 2158 1805 et
2189 1750 2271 1807 sic
2302 1765 2431 1806 cum
2455 1751 2606 1806 omni
2632 1752 3007 1807 veneratione
3030 1751 3364 1822 dignissima
3389 1751 3647 1808 delatum
3672 1753 3748 1809 ad

2101 1838 2423 1896 aecclesiam
2441 1840 2595 1895 beati
2612 1840 2767 1895 Petri
2784 1839 3180 1911 apostolorum
3200 1840 3479 1911 principis
3492 1839 3749 1897 ﬁliorum

2101 1926 2377 1997 humeris,
2395 1928 2650 2000 quesita
2673 1928 2743 1984 ad
2766 1927 3285 1999 septentrionalem
3310 1927 3537 1999 plagam
3561 1929 3749 1999 urbis,

2099 2015 2155 2071 in
2189 2030 2301 2086 qua
2344 2017 2648 2088 preciosus
2696 2017 2920 2073 Domini
2969 2018 3270 2073 confessor
3318 2016 3565 2073 Vitonus
3611 2032 3746 2074 cum

2099 2103 2298 2160 multis
2332 2106 2868 2177 praedecessorihus
2898 2120 2995 2162 seu
3031 2104 3473 2161 successoribus
3504 2104 3629 2161 suis
3664 2120 3758 2160 re-

2097 2192 2349 2262 quiescit
2372 2193 2720 2264 praesulibus
2748 2193 2995 2259 sanctis;
3013 2193 3108 2249 ubi
3131 2192 3316 2248 officio
3340 2192 3754 2263 sollempniter

2095 2294 2165 2336 ex
2195 2296 2353 2337 more
2374 2280 3148 2352 celebrato,occurrentibus
3169 2280 3487 2338 vicinarum
3514 2281 3746 2337 urbium

2096 2370 2391 2442 episeOpis
2416 2377 2586 2426 terra:
2609 2373 2697 2426 est
2724 2370 3053 2426 mandatum
3076 2385 3205 2425 cum
3227 2368 3433 2440 gloria.
3453 2368 3611 2425 Felix
3634 2384 3747 2426 acc-

2095 2458 2275 2515 clesia
2305 2459 2453 2515 tanti
2502 2458 2690 2530 patris
2743 2457 3078 2514 humatione
3127 2456 3336 2527 digna!
3369 2456 3528 2513 Felix
3572 2457 3744 2515 locus

2092 2547 2241 2603 tanti
2273 2547 2534 2604 thesauri
2568 2546 2875 2617 largitione
2908 2545 3129 2602 ditatus
3160 2547 3171 2600 !
3205 2545 3445 2601 Beatum
3488 2545 3738 2602 dixerim

2096 2635 2395 2708 populum,
2427 2635 2575 2691 tanti
2610 2635 2861 2706 pastoris
2892 2634 3169 2705 regimine
3210 2632 3608 2704 sublimatum,
3643 2634 3741 2691 be-

2096 2721 3738 2795 nedictioneprotectum,iniraculisjocundatum.Etenim

2098 2812 2147 2869 si
2175 2811 2361 2882 gloria
2393 2810 2673 2868 cecclesiae
2698 2810 2824 2867 laus
2847 2810 3105 2867 doctoris
3150 2813 3261 2879 est,
3288 2813 3521 2879 quanta;
3542 2816 3734 2881 erant,

2097 2901 2270 2956 immo
2300 2903 2533 2970 quantm
2554 2904 2687 2956 sunt
2711 2899 2882 2969 hujus
2906 2899 3187 2956 aacclesiae
3210 2898 3432 2968 glorize,
3452 2900 3618 2970 cujus
3640 2900 3744 2957 do-

2096 2992 2317 3045 ctorem
2348 2992 2513 3044 tanta
2562 2990 2713 3044 Deus
2761 2988 3133 3059 omnipotens
3183 2987 3468 3059 approbat
3516 2986 3743 3045 laude?

2096 3080 2244 3135 Ecce
2274 3078 2343 3135 ad
2378 3077 2655 3148 exequias
2684 3078 2810 3148 ejus
2840 3077 3093 3134 celestes
3133 3076 3502 3132 excubabant
3547 3076 3745 3134 minis-

2097 3167 2193 3237 tri,
2228 3169 2292 3223 ut
2329 3171 2752 3237 agnosceretur
2797 3166 2852 3220 in
2901 3166 3078 3223 terris
3124 3167 3339 3237 quanta
3385 3165 3536 3222 hunc
3586 3166 3743 3222 Deus

2092 3255 2278 3327 gloria
2308 3255 2582 3311 donasset
2611 3254 2667 3309 in
2698 3254 2882 3310 caelis.

2167 3343 2306 3414 (Fol.
2334 3343 2464 3415 59’.)
2492 3345 2663 3399 Beata
2688 3343 2857 3415 plane
2879 3342 3258 3413 exequiarum
3284 3342 3509 3412 funera,
3532 3340 3739 3399 talium

2093 3432 2333 3488 testium
2364 3432 2700 3491 visitatione
2733 3432 2941 3500 digna!
2973 3431 3040 3485 Et
3067 3429 3202 3502 quid
3232 3434 3319 3487 est
3345 3428 3645 3487 columbas
3667 3429 3739 3488 de

2092 3519 2244 3576 coelo
2282 3520 2533 3591 venisse,
2571 3520 2754 3576 funeri
2804 3519 3148 3589 obsequium
3177 3525 3235 3575 et
3268 3519 3540 3575 solatium
3591 3534 3742 3591 pra:-

2093 3608 2308 3679 buisse,
2328 3609 2537 3665 iterum
2552 3610 2781 3665 cunctis
2806 3608 3138 3663 videntibus
3160 3607 3269 3663 celi
3303 3611 3526 3665 secreta
3560 3607 3739 3679 petis-

2093 3697 2293 3767 se,nisi
2310 3698 2599 3754 Christum
2616 3697 2671 3752 in
2688 3697 2883 3768 specie
2902 3696 3062 3752 alitis
3077 3696 3337 3754 innocua
3354 3696 3626 3753 fidelibus
3640 3712 3740 3769 po-

2093 3786 2245 3858 pulis
2276 3787 2346 3842 de
2370 3792 2556 3842 morte
2582 3786 2766 3856 patris
2783 3784 3166 3841 moerentibus
3186 3799 3464 3854 suamque
3488 3782 3739 3842 destitu-

2092 3874 2305 3932 tionem
2319 3873 2657 3945 lugentibus
2671 3878 2943 3945 patcnter
2957 3872 3267 3929 ostendere
3282 3871 3736 3943 voluisse,illum

2089 3964 2254 4034 cujus
2288 3964 2632 4032 funus'erat,
2669 3962 2725 4016 iii
2766 3961 3090 4018 innocentia
3139 3966 3197 4017 et
3248 3959 3625 4032 simplicitate
3659 3962 3739 4017 vi-

2090 4054 2261 4123 xisse,
2298 4052 2424 4108 sine
2458 4051 2592 4106 felle
2623 4049 3030 4107 amaritudinis
3074 4050 3251 4107 vitam
3292 4049 3468 4120 piam,
3503 4049 3739 4106 timora-

2090 4149 2226 4212 tam,
2260 4140 2768 4210 circumspectum,
2804 4136 3135 4208 sollicitam,
3173 4138 3477 4194 societatis
3506 4144 3740 4195 sancto-

2088 4246 2215 4288 rum
2248 4228 2494 4297 avidam,
2521 4228 2593 4282 ah
2624 4226 2779 4283 omni
2812 4225 3046 4283 malitim
3088 4240 3232 4281 nevo
3264 4226 3571 4283 immunem
3603 4241 3738 4284 exe-

2086 4320 2261 4390 gisse,
2287 4323 2347 4373 et
2376 4316 2671 4373 consortia
2705 4318 3035 4372 sanctorum
3069 4314 3123 4370 in
3152 4314 3335 4385 gloria
3370 4316 3547 4372 curiae
3567 4316 3738 4373 caele-

2088 4408 2198 4466 stis
2232 4406 2322 4479 pia
2348 4404 2655 4462 devotione
2678 4403 2961 4460 meruisse
2982 4411 3007 4462 ?
3030 4404 3326 4460 Accedant
3350 4402 3537 4461 adhuc
3556 4410 3616 4460 et
3637 4419 3737 4477 po-

2090 4497 2238 4553 tiora
2263 4493 2562 4562 miracula,
2578 4491 2944 4562 gloriﬁcetur
2966 4493 3118 4548 Deus
3141 4491 3195 4547 in
3217 4492 3439 4549 sanctis
3461 4493 3607 4562 suis,
3633 4494 3735 4564 qui

2087 4589 2180 4640 est
2207 4581 2494 4638 mirabilis
2526 4580 2582 4635 in
2614 4579 2888 4650 operibus
2920 4579 3058 4636 suis.
3094 4581 3340 4637 llumato
3362 4580 3513 4636 enim
3546 4581 3736 4652 patris

2087 4685 2355 4743 corpore,
2392 4673 2452 4726 ut
2486 4668 2904 4725 ostenderetur
2927 4668 2982 4723 in
3002 4667 3161 4725 caelis
3185 4683 3418 4740 semper
3436 4668 3638 4726 vivere
3660 4669 3732 4726 ad

2091 4758 2452 4817 ostendenda
2474 4757 2764 4830 praeclara
2796 4758 2925 4828 ejus
2954 4756 3178 4828 merita,
3206 4757 3420 4814 flebant
3443 4756 3515 4814 ad
3542 4756 3736 4830 sepul-

1686 4926 1924 4982 VARI/E
1963 4922 2362 4981 LECTIONES.

398 5071 473 5154 "ﬁ
500 5088 568 5129 us
597 5074 852 5154 eundum
877 5074 977 5132 vel
1012 5074 1171 5154 talia
1191 5073 1910 5154 guedamnbsciseswgt
1931 5077 1999 5133 in
2024 5090 2070 5133 ο.
2107 5075 2322 5154 Auctor
2351 5072 2762 5154 Ιιωᾳβπξθνιέίι
2786 5072 2847 5129 et
2859 5071 3071 5154 postea
3098 5070 3319 5154 iterum
3343 5073 3571 5154 delenit
3598 5093 3610 5129 :
3644 5076 3735 5154 ln-

332 5142 510 5218 fantia
541 5144 694 5200 enim
729 5151 953 5218 septem
986 5145 1153 5202 annis
1186 5142 1405 5218 linitur,
1439 5148 1507 5218 14
1540 5146 1809 5218 pueritia.
1836 5147 2105 5218 Sequens
2137 5144 2532 5218 adolescentia
2565 5143 2793 5218 duabus
2824 5142 3056 5218 constat
3095 5142 3439 5218 ebdomadis
3491 5149 3734 5218 propter

332 5211 698 5269 intellectum
732 5211 1105 5272 et'actionem
1138 5231 1170 5271 c
1201 5216 1316 5272 duo
1350 5211 1603 5272 nondu'm
1633 5220 1799 5272 erant
1832 5211 1953 5340 inp:
1978 5217 2046 5271 Et
2077 5214 2401 5295 porrigitur
2428 5214 2550 5270 haec
2578 5217 2724 5271 aetas
2755 5227 2784 5268 a
2818 5217 2910 5292 15.0
2942 5227 3090 5295 anno
3121 5214 3176 5268 in
3200 5217 3369 5270 28W.
3396 5211 3732 5296 Succedens

332 5283 608 5341 iuventus
638 5283 831 5340 tribus
861 5290 1094 5341 constat
1127 5284 1466 5341 ebdomadis
1501 5291 1743 5341 propter
1772 5287 1890 5340 inte
1922 5285 2133 5341 lectum
2166 5291 2223 5341 et
2255 5291 2541 5341 actionem
2573 5287 2634 5340 et
2663 5297 2930 5341 corporis
2972 5288 3269 5341 Virtutem.
3306 5298 3433 5341 qua:
3462 5298 3493 5339 a
3523 5289 3621 5341 29°
3651 5300 3732 5341 in-

325 5283 831 5357 juventustribus
861 5290 1094 5341 constat
1127 5284 1466 5343 ebdomadis
1501 5291 1743 5357 propter
1772 5287 1890 5340 inte

1978 5282 2133 5342 ctum
2166 5291 2223 5341 et
2245 5282 2541 5342 actionem
2573 5287 2634 5355 et
2663 5282 2930 5355 corporis
2972 5285 3269 5355 virtutem,
3306 5298 3433 5354 quae
3462 5289 3621 5355 a29°
3651 5286 3734 5349 in-

335 5352 579 5438 cipiens,
613 5356 1188 5438 t9°jconsummatur.
1225 5352 1515 5438 Senectus
1540 5352 1991 5438 veroquat‘tuor
2020 5355 2360 5438 ebdomadis
2406 5353 2755 5438 completur,
2774 5352 3442 5438 ‘propter‘acOCidentem
3500 5354 3555 5434 in
3615 5355 3733 5412 illis

332 5424 526 5481 tribus
557 5424 728 5480 animi
761 5429 818 5480 et
852 5428 1121 5496 corporis
1144 5426 1534 5497 gravitatem;
1568 5424 1767 5496 incipit
1799 5430 1893 5482 5οο
1927 5438 2098 5497 anno,
2128 5425 2223 5483 77°
2254 5424 2624 5484 terminatur.
2658 5424 2941 5482 Senectus
2969 5424 3160 5482 autem
3191 5439 3441 5496 vergens
3472 5438 3503 5480 a
3528 5424 3733 5494 juven-

327 5497 459 5554 tute
488 5494 546 5553 in
579 5494 803 5554 senium
836 5510 965 5569 quas
996 5496 1293 5570 decrepita
1320 5501 1567 5556 vocatur
1596 5498 1773 5556 vitam
1805 5496 2066 5554 ultimam
2113 5494 2411 5554 anhelans.
3175 5508 3181 5513 '
3219 5506 3226 5513 '
3318 5507 3324 5513 '
