3940 6048
192 233 312 298 157

185 466 274 523 tia
310 464 479 524 illum
511 480 541 522 a
598 480 778 538 puero
825 469 900 525 ab
955 470 1107 527 omni
1170 471 1607 544 inquinamento
1657 474 1851 532 carnis

188 556 408 625 abluit,
446 558 813 627 mentemque
835 558 1309 628 ejuscastiilcans
1324 565 1396 619 ab
1438 563 1709 622 illusione
1733 565 1853 622 dia-

189 643 389 701 bolica
424 647 702 717 potenter
732 645 1217 720 defendit,usque
1240 651 1849 711 sibimundocordeet

187 737 367 790 casto
399 748 647 804 corpore
677 735 1072 808 servivit,ejus
1104 744 1237 810 post
1260 741 1482 797 obitum
1518 742 1853 799 evidentius

189 822 705 879 manifestavit.Ut
725 824 1550 896 enimipsiusmensinviolata
1586 830 1850 902 libidine,

190 910 275 966 ita
301 925 446 967 caro
478 911 687 967 mansit
714 912 1053 985 incorrupta
1072 918 1710 990 putredine.Siquidem
1726 932 1879 976 cum'

191 1000 540 1072 sepulcrum
572 1002 697 1071 ejus
720 1001 1034 1061 cotidianis
1061 1006 1347 1064 virtutum
1401 1008 1636 1065 ﬂoreret
1661 1008 1854 1080 prodi-

193 1090 315 1159 giis
339 1095 399 1144 et
423 1089 652 1145 crebris
678 1088 1022 1161 populorum
1060 1094 1534 1165 frequentaretur
1565 1097 1856 1169 excubiis,

194 1185 329 1233 erat
366 1184 558 1233 tamen
587 1177 759 1234 situm
793 1178 1184 1250 negligentius
1217 1198 1383 1254 quam
1410 1185 1603 1255 poscit
1642 1186 1857 1243 debita)

190 1266 600 1322 venerationis
632 1265 845 1321 cultus.
884 1268 1073 1334 Quare
1099 1270 1334 1341 dignum
1363 1272 1526 1329 duxit
1560 1278 1701 1330 tunc
1719 1279 1891 1329 temv

193 1358 363 1427 poris
393 1356 709 1427 episcopus
743 1360 1053 1429 clerusque
1077 1361 1265 1417 omnis
1296 1367 1355 1417 ct
1406 1362 1657 1434 populus
1716 1362 1860 1419 illud

194 1454 431 1504 mutare
456 1450 777 1507 decentius.
812 1449 1157 1506 Presidebat
1213 1464 1282 1504 co
1338 1454 1602 1522 tempore
1655 1453 1861 1509 Virdu'

195 1537 652 1594 nensiecclesia
686 1538 1368 1609 Berhardusepiscopus,
1407 1539 1496 1594 vir
1531 1540 1861 1597 catholicus

198 1632 261 1680 et
284 1626 603 1695 religiosus
621 1627 757 1682 etin
790 1626 900 1683 fide
920 1631 1119 1683 sancta
1147 1627 1669 1699 nominatissimus,
1686 1630 1859 1702 impc-

1465 246 1959 314 CHRONICUN.
1994 283 2070 299 —
2098 248 2257 316 LIB.
2298 251 2348 315 ῐ.

186 387 365 434 crum
398 370 528 447 ejus
561 371 755 434 divina
769 373 1153 437 miracula.Et
1182 376 1315 453 quia
1344 378 1439 457 pia
1462 379 1563 441 Dei
1602 376 1851 442 clemen-
1880 377 1933 444 A
1967 384 2201 461 dunum,
2239 402 2368 462 qua
2400 386 2850 451 sitaincontlnio
2873 387 3160 451 Neustria
3183 395 3241 449 et
3265 389 3589 453 Austrasia

3490 242 3604 309 158

3597 366 3620 406 θ

1967 479 2282 550 utrobique
2312 480 2631 537 incursioni
2658 481 3054 554 diripientium
3071 482 3258 553 patuit
3282 486 3339 540 et
3366 482 3605 555 rapina.

1964 568 2204 624 Duravit
2225 569 2328 626 hec
2342 570 2592 627 vastitas
2606 585 2709 642 per
2721 586 2904 628 annos
2916 571 3269 642 complures,
3295 585 3325 628 a
3342 575 3609 643 tempore

1967 655 2192 712 scilicet
2225 658 2563 716 Theoderici
2594 664 2654 716 et
2690 660 2974 732 principis
3031 660 3293 727 Ebroini,
3360 675 3607 731 quorum

1969 745 2233 801 bestialis
2264 751 2320 802 et
2354 761 2464 803 non
2490 747 2738 805 humana
2758 749 2981 806 savitia
3005 748 3316 805 maculavit
3365 763 3607 819 regnum

1971 833 2320 891 Francorum
2352 836 2631 905 sanguine
2652 851 2959 909 procerum
2983 842 3042 893 et
3065 842 3394 907 magnatum
3427 851 3611 908 usque

1967 920 2040 977 ad
2065 924 2384 979 secundum
2399 925 2627 997 Pippini
2647 926 2800 995 regis
2814 940 3169 997 annum,quo
3184 926 3496 983 institutus
3519 930 3613 982 est

1969 1025 1999 1067 a
2042 1011 2333 1083 Stephano
2358 1027 2500 1086 papa
2517 1028 2620 1070 rex
2651 1014 3194 1085 Francorum,sicut
3213 1018 3269 1070 et
3288 1013 3613 1086 pradeces-

1971 1113 2070 1154 sor
2101 1100 2227 1168 ejus
2253 1101 2557 1158 Zacharias
2586 1103 2998 1172 constituerat,
3032 1103 3128 1173 qui
3187 1102 3294 1159 fuit
3315 1117 3501 1159 annus
3539 1104 3612 1160 ab

1972 1186 2082 1244 inc.
2119 1188 2275 1244 Dom.
2298 1190 2594 1246 1754.1‘unc
2617 1190 2862 1261 primum
2897 1191 3163 1247 discussa
3185 1189 3438 1259 caligine
3479 1190 3609 1247 hor-

1972 1275 2164 1333 ribilis
2198 1278 2469 1348 turbinis,
2496 1277 2754 1334 noValux
2774 1279 2912 1334 oriri
2933 1279 3052 1335 visa
3068 1284 3157 1335 est
3183 1278 3496 1335 Galliarum
3512 1293 3610 1350 po-

1973 1363 2149 1435 pulis,
2182 1370 2240 1421 et
2273 1365 2490 1437 plebes,
2516 1382 2643 1437 qua
2675 1367 3231 1438 carebantpastore,
3263 1381 3430 1423 suum
3458 1381 3613 1438 qua-

1973 1467 2085 1522 que
2117 1455 2385 1510 certatim
2411 1469 2616 1527 rapere
2651 1474 2665 1522 ;
2698 1470 2812 1525 quo
2836 1470 2984 1511 anno
3034 1454 3465 1511 inthronizatus
3514 1459 3607 1511 est

1971 1542 2061 1597 hic
2079 1544 2286 1599 beatus
2303 1544 2657 1599 auctoritate
2674 1544 2948 1615 Stephani
2966 1558 3127 1615 papa
3141 1547 3198 1599 et
3214 1542 3439 1614 Pippini
3456 1543 3610 1615 prin-

1971 1631 2118 1703 cipis
2149 1632 2339 1689 laude.
2367 1633 2507 1689 Dum
2540 1647 2680 1703 ergo
2706 1633 2923 1689 referat
2945 1632 3201 1703 cronica,
3224 1631 3360 1702 quid
3387 1632 3607 1688 fuerita

200 1718 373 1771 rante
406 1716 679 1772 Lothario
706 1715 981 1773 Ludovici
1015 1715 1099 1771 Pii
1136 1715 1464 1786 ﬁlio,cujus
1492 1719 1854 1787 regnumfuit
1884 1734 1937 1793 Β
1966 1723 2232 1791 tempore
2263 1720 2490 1792 Pippini
2526 1720 2622 1791 qui
2656 1721 2934 1791 Ansegiso
2966 1724 3133 1777 ortus
3151 1719 3418 1776 Karolum
3446 1717 3616 1775 Tudi-

198 1804 371 1861 ltalia
398 1819 529 1861 cum
563 1806 707 1861 urbe
738 1806 916 1861 Roma
948 1810 1006 1861 et
1040 1810 1209 1877 parte
1226 1807 1483 1863 Francia
1517 1821 1685 1879 quam
1703 1809 1854 1864 Mosa

199 1897 263 1948 et
293 1894 536 1950 Rhenus
567 1894 721 1949 inter
745 1908 809 1950 se
838 1894 1137 1951 claudunt.
1167 1894 1328 1961 Quod
1350 1910 1503 1965 cum,
1526 1895 1611 1951 uti
1640 1894 1856 1953 delibe-

199 1986 481 2038 raverant
515 1983 723 2053 animo,
751 1986 1050 2038 certarent
1095 1983 1308 2039 effosso
1356 1984 1604 2055 implere
1662 1999 1856 2041 sarco-

200 2072 416 2144 phago,
451 2072 647 2127 subito
679 2070 797 2127 illis
822 2071 1230 2129 inestimabilis
1260 2076 1492 2129 ostensa
1541 2076 1631 2128 est
1681 2074 1848 2130 visio.

202 2162 345 2216 Nam
380 2160 577 2216 ablato
606 2159 901 2232 sepulchri
934 2161 1305 2231 cooperculo,
1342 2162 1541 2218 vident
1603 2162 1853 2219 cadaver

202 2253 342 2305 ante
379 2252 446 2303 40
477 2264 659 2305 annos
685 2248 1021 2305 defunctum
1039 2248 1202 2305 velut
1225 2250 1520 2305 viventem
1568 2251 1853 2307 hominem

206 2343 577 2408 soporatum,
609 2335 1131 2393 candoreliliorum
1172 2337 1263 2394 vel
1316 2338 1526 2395 rubore
1588 2353 1853 2395 rosarum

200 2426 534 2499 perfusum,
570 2425 725 2481 nulla
756 2424 975 2481 macula
1004 2440 1107 2480 nec
1134 2425 1329 2496 aliquo
1363 2428 1568 2483 mortis
1598 2428 1763 2497 signo
1779 2427 1855 2483 fe-

202 2515 427 2572 datum.
456 2515 582 2581 Quo
598 2514 721 2570 viso
742 2513 1042 2583 miraculo,
1065 2514 1364 2585 edereque
1381 2516 1596 2586 perfusi
1631 2516 1855 2572 suavis-

202 2604 372 2673 simo,
400 2608 686 2677 ceperunt
714 2603 851 2659 flere
868 2617 987 2673 pra
1005 2602 1625 2675 gaudio,levantcsque
1639 2620 1854 2677 corpus

202 2692 395 2749 sancti
428 2707 559 2749 cum
578 2692 907 2748 reverentia
930 2696 987 2746 et
1007 2690 1220 2761 jubilo,
1240 2692 1292 2747 in
1308 2697 1638 2764 praparato
1667 2698 1855 2750 trans-

203 2787 430 2853 ponunt
470 2779 790 2851 mausoleo,
826 2779 921 2835 ubi
946 2784 1163 2836 extunc
1219 2776 1499 2851 op‘ératur
1553 2781 1847 2852 divinitas,

205 2875 576 2940 cunctosque
601 2869 698 2925 Dei
732 2867 998 2924 medetur
1030 2869 1238 2940 pietas.
1267 2869 1502 2941 Sopitur
1552 2870 1741 2927 omnis
1772 2870 1850 2927 ibi

202 2958 540 3027 inﬁrmitas,
581 2957 818 3027 fugatur
842 2955 1098 3027 cacitas,
1124 2957 1372 3027 erigitur
1386 2956 1666 3030 curvitas,
1684 2958 1853 3015 robo-

209 3051 378 3103 ratur
408 3044 712 3117 debilitas,
746 3044 1016 3102 omnibus
1038 3044 1304 3102 redditur
1334 3046 1571 3103 sanitas.

279 3134 467 3192 Habet
491 3134 610 3204 jam
644 3134 855 3191 beatus
882 3134 1373 3191 Vitonusincalis
1394 3135 1612 3191 socium
1628 3139 1686 3191 et
1717 3150 1853 3192 con-

206 3224 415 3294 civem,
456 3237 627 3295 quem
659 3222 863 3280 habuit
889 3222 1202 3294 aliquando
1237 3223 1293 3278 in
1346 3223 1525 3279 terris
1556 3222 1849 3280 alumnum

205 3318 262 3370 et
296 3312 573 3370 devotum
610 3326 1033 3369 successorem.
1069 3310 1423 3381 Conjunctus
1453 3313 1541 3367 est
1557 3296 1849 3368 sanctis'in

202 3402 415 3473 gloria,
436 3401 653 3472 quibus
676 3401 927 3456 devotus
945 3400 1186 3457 servivit
1202 3399 1255 3454 in
1272 3399 1379 3456 hac
1400 3399 1846 3471 vitallaboriosa.

203 3490 534 3557 Queramus
563 3492 620 3545 et
655 3503 760 3546 nos
787 3502 917 3545 eum
943 3494 1250 3561 patronum
1275 3493 1334 3544 et
1358 3492 1849 3558 tutorem,etcum

200 3578 449 3650 reliquis
480 3577 702 3635 sanctis
724 3577 878 3649 pium
938 3577 1091 3649 apud
1142 3578 1320 3633 Deum
1371 3577 1845 3648 intercessorem,

201 3682 375 3740 quem
409 3667 728 3723 meruimus
760 3665 977 3722 habere
1008 3665 1310 3721 doctorem
1344 3669 1399 3721 et
1424 3665 1852 3736 veritatispra-

198 3770 429 3814 cenem.
462 3754 592 3810 Illic
625 3768 766 3823 ergo
800 3754 1029 3826 positus
1062 3768 1167 3810 nos
1182 3752 1274 3809 hic
1305 3753 1845 3824 orantesexaudiat,

199 3848 446 3903 tueatur
478 3847 538 3900 et
573 3846 864 3917 protegat,
896 3846 955 3899 et
988 3857 1132 3914 quos
1153 3841 1327 3898 habet
1354 3842 1599 3897 interris
1630 3842 1851 3914 suppli-

203 3948 305 3992 ces
324 3932 992 4004 venoratores,optineat
1016 3931 1219 3988 suosin
1237 3929 1379 3988 celis
1395 3931 1515 3987 fore
1554 3931 1845 3987 concives.

280 4022 405 4093 (Fel
433 4022 549 4093 60.)
580 4021 636 4076 Si
669 4035 809 4092 ergo
836 4021 1010 4091 hujus
1034 4020 1188 4077 beati
1226 4020 1336 4076 viri
1394 4019 1607 4075 ductus
1653 4034 1849 4075 amore

209 4111 460 4182 diligens
488 4110 676 4167 lector
707 4109 1032 4175 studiosius
1078 4109 1239 4181 cupit
1288 4107 1613 4179 addiscere,
1658 4108 1850 4179 quoin

208 4207 473 4272 tempore
506 4203 678 4255 natus
711 4212 897 4269 quove
927 4199 997 4255 sit
1017 4197 1504 4270 adepiscopatum
1548 4201 1852 4269 promotus

209 4292 348 4360 quot
383 4286 1107 4363 annisanteepiscopatum
1132 4285 1382 4356 velquot
1415 4285 1470 4340 in
1504 4286 1848 4357 epiSCOpatu

210 4377 445 4445 vixerit,
479 4380 537 4431 et
575 4392 691 4446 quo
726 4375 1009 4431 hominem
1039 4373 1267 4430 exuerit
1301 4378 1501 4430 teneat
1554 4374 1848 4429 cronicam

1967 1813 2086 1865 tem
2118 1810 2340 1880 genuit,
2375 1824 2557 1880 usque
2619 1810 2689 1866 ad
2734 1810 2927 1866 Karoli
2973 1813 3257 1881 tempora,
3313 1813 3614 1865 teneamus

1969 1913 2177 1954 annum
2210 1899 2280 1953 ab
2323 1899 2432 1955 inc.
2470 1901 2626 1954 Dom.
2664 1901 2787 1965 712,
2823 1912 2938 1968 quo
2973 1898 3179 1953 beatus
3206 1897 3299 1953 hic
3329 1902 3501 1953 natus
3522 1901 3612 1952 est

1967 1986 2283 2043 indictione
2308 1989 2392 2057 13,
2428 1992 2488 2042 et
2508 1987 2591 2043 sic
2615 1986 3006 2057 computando
3028 1984 3419 2042 ascendentes
3442 1984 3604 2039 habeo
3648 2052 3651 2065 Ι

1968 2075 2157 2131 bimus
2190 2075 2349 2146 ipsos
2379 2075 2800 2146 annos,quibus
2827 2073 3109 2146 Pippinus
3150 2072 3497 2144 supervixit,
3515 2087 3613 2128 an-
3720 2128 3725 2131 .

1966 2178 2070 2219 nos
2097 2164 2272 2219 etiam
2305 2169 2393 2234 27,
2432 2164 2643 2235 quibus
2670 2163 2917 2219 Karolus
2932 2162 3186 2233 optinuit
3219 2161 3610 2233 principatum

1964 2255 2101 2322 post
2122 2254 2366 2322 patrem,
2392 2266 2494 2307 sex
2525 2252 2699 2307 etiam
2733 2252 2946 2321 quibus
2978 2250 3078 2305 lilii
3107 2250 3235 2321 ejus
3277 2248 3608 2306 Karloman-

1965 2355 2075 2396 nus
2107 2343 2164 2395 et
2187 2340 2470 2412 Pippinus
2505 2344 2635 2410 post
2666 2355 2796 2394 eum
2827 2339 3106 2396 dominati
3131 2343 3264 2394 sunt
3290 2337 3609 2394 communi-

1964 2435 2077 2498 ter,
2116 2434 2368 2500 quatuor
2401 2444 2629 2500 quoque
2649 2429 2863 2499 quibus
2893 2433 3028 2482 ante
3079 2427 3413 2483 unctionem
3447 2425 3611 2483 solus

1970 2517 2356 2589 principatum
2388 2517 2662 2589 eptinuit,
2690 2517 2877 2587 ipsum
2909 2516 3084 2571 etiam
3117 2528 3349 2584 annum,
3377 2529 3491 2585 quo
3549 2514 3605 2569 in

1967 2620 2160 2675 regem
2184 2605 2449 2662 elevatus
2465 2609 2572 2675 est,
2592 2609 2650 2660 et
2674 2605 2759 2661 sic
2783 2618 3061 2660 summam
3085 2602 3309 2658 numeri
3329 2601 3607 2672 colligen-

1968 2698 2058 2750 tes
2088 2694 2448 2750 inveniemus
2481 2694 2632 2764 quod
2668 2697 2733 2749 45
2766 2692 2960 2748 atatis
2996 2706 3281 2748 suaanno
3301 2704 3609 2748 consecra-

1968 2787 2064 2839 tus
2096 2783 2171 2839 sit
2194 2781 2478 2839 electione
2503 2796 2774 2853 superna,
2793 2794 2861 2838 eo
2885 2779 3109 2837 scilicet
3144 2793 3317 2851 anno,
3344 2777 3602 2851 quoPip-

1967 2872 2140 2945 pinus
2172 2886 2271 2928 rex
2303 2871 2663 2929 constitutus
2693 2886 2723 2927 a
2754 2885 2901 2943 papa
2933 2874 3043 2926 est.
3081 2868 3225 2926 Hinc
3248 2868 3459 2925 iterum
3474 2881 3605 2925 enu-

1966 2962 2207 3018 meratis
2232 2976 2282 3018 a.
2320 2960 2829 3031 15quibuspostea
2853 2958 3134 3030 Pippinus
3155 2957 3316 3041 solus
3339 2956 3605 3027 regnavit
3660 2964 3669 2967 '

1965 3053 2020 3106 et
2053 3054 2086 3105 8
2117 3050 2283 3105 annis
2309 3050 2470 3120 regni
2493 3048 2708 3117 Karoli,
2743 3048 2875 3118 quia
2909 3048 2965 3102 in
2995 3045 3257 3103 nonohie
3277 3046 3486 3102 beatus
3510 3046 3610 3102 bo-

1966 3138 2174 3194 minem
2208 3138 2391 3209 exuit,
2425 3136 2863 3194 cumobsideret
2927 3134 3172 3191 Karolus
3228 3133 3600 3191 Tharovisam

1964 3225 2148 3282 ltalia
2180 3226 2403 3296 urbem,
2437 3225 2798 3281 inveniemus
2830 3224 2982 3295 quod
3016 3226 3083 3279 54
3107 3221 3486 3294 pontificatus
3515 3222 3607 3278 sui

1964 3328 2116 3370 anno
2148 3312 2333 3385 perm
2365 3313 2646 3385 perituris
2660 3311 2900 3369 celestia
2915 3317 2974 3369 et
2989 3312 3606 3379 aternaeommutans,

1965 3401 2018 3457 in
2046 3401 2610 3475 proximoepiscopii
2631 3401 2830 3471 fundo,
2855 3400 2949 3471 qui
2967 3396 3518 3469 diciturNovavilla,
3536 3397 3607 3453 ad

1962 3491 2265 3548 Dominum
2280 3491 2692 3561 migraverit,4
2710 3491 2901 3545 Nonas
2932 3488 3225 3557 Octobris,
3270 3486 3466 3543 atatis
3487 3501 3606 3544 sua

1963 3593 2014 3635 a.
2050 3584 2137 3650 68,
2173 3578 2490 3635 indictione
2524 3583 2613 3647 16,
2664 3581 2869 3649 epacta
2919 3580 3008 3647 28,
3042 3590 3191 3631 anno
3228 3573 3606 3647 pontiﬁcatus

1964 3668 2380 3740 Adrianipapa
2414 3668 2527 3738 (6t)
2559 3671 2750 3737 sexto,
2784 3666 2855 3722 ab
2878 3666 2987 3721 inc.
3016 3665 3175 3721 Dom.
3213 3679 3262 3720 a.
3288 3669 3412 3735 777,
3434 3665 3610 3721 Cons-

1965 3756 2176 3812 tantini
2208 3761 2268 3813 et
2299 3758 2498 3812 lrenes
2539 3755 2922 3827 temporibus,
2988 3768 3137 3810 anno
3185 3751 3347 3824 regni
3407 3766 3609 3810 eorum

1962 3849 2152 3916 sexto,
2179 3858 2295 3901 uno
2319 3849 2453 3900 ante
2474 3843 2780 3915 septimam
2811 3842 3094 3913 synodum
3120 3855 3289 3897 anno.
3323 3841 3477 3911 Ergo
3530 3841 3613 3897 fe-

1962 3932 2042 3987 lix
2057 3933 2138 3988 Ma
2148 3932 2335 3990 delvei
2349 3937 2537 4002 ortus,
2562 3931 2789 3987 felicior
2835 3931 2972 3988 vita
2987 3944 3216 3999 cursus,
3238 3928 3612 3986 felicissimus

1961 4021 2072 4077 fuit
2101 4033 2364 4090 occasus,
2398 4022 2715 4090 prastante
2744 4021 2882 4075 Jesu
2920 4018 3135 4073 Christi
3157 4017 3344 4087 gratia
3374 4016 3466 4074 cui
3515 4021 3607 4074 est

1959 4109 2143 4165 honor
2173 4113 2233 4164 et
2261 4107 2447 4177 gloria
2480 4107 2534 4162 in
2564 4105 2897 4164 seculorum
2927 4104 3144 4162 secula.
3181 4107 3379 4161 Amen.

2033 4195 2172 4265 (Fol.
2207 4194 2339 4268 69’.)
2361 4194 2605 4264 (Chron.
2637 4196 2801 4265 Div.)
2828 4192 3186 4262 Annoigitur
3200 4192 3271 4248 ab
3302 4191 3413 4247 inc.
3440 4191 3599 4248 Dom.

1960 4287 2087 4355 754,
2111 4284 2389 4357 Pippinus
2420 4297 2523 4337 rex
2557 4281 2796 4337 intravit
2830 4278 3310 4351 Langobardiam,
3366 4282 3427 4335 et
3481 4280 3605 4335 Ste-

1964 4373 2188 4445 phanus
2222 4384 2365 4444 papa
2399 4383 2673 4427 reversus
2704 4374 2794 4426 est
2836 4371 3092 4425 Romam.
3145 4369 3307 4424 Anno
3376 4382 3606 4439 quoque

215 4463 570 4523 memorialis
603 4464 748 4536 ejus,
774 4464 927 4520 etsic
942 4478 1045 4535 per
1060 4462 1498 4520 succedentium
1517 4461 1628 4518 sibi
1649 4476 1847 4531 regum
1877 4463 1933 4525 D
1967 4463 2036 4517 ab
2055 4461 2163 4517 inc.
2199 4461 2357 4517 Dom.
2393 4459 2500 4516 760
2533 4458 2794 4531 perrexit
2824 4456 3211 4527 Wasconiam,
3253 4459 3310 4513 et
3343 4470 3494 4513 anno
3526 4469 3610 4512 se-

210 4560 270 4611 et
302 4554 691 4610 Romanorum
720 4552 1056 4624 pontificum
1087 4556 1346 4623 tempora
1378 4550 1528 4620 quod
1545 4550 1737 4621 querit
1770 4551 1852 4606 in-

210 4642 429 4698 veniet.
460 4641 728 4697 Relatum
753 4645 844 4697 est
877 4640 1168 4713 superius,
1186 4639 1337 4710 quod
1362 4643 1497 4694 ante
1538 4637 1854 4695 ordinatio-

213 4744 340 4787 nem
362 4731 491 4801 ejus
513 4744 617 4801 per
632 4728 812 4785 multa
827 4729 1049 4786 dierum
1068 4726 1360 4785 curricula
1376 4729 1598 4797 absque
1615 4730 1852 4799 pastore

215 4818 391 4875 fuerit
436 4816 602 4890 plebs
625 4816 958 4873 Virdunica.
976 4816 1097 4871 Non
1120 4815 1269 4872 enim
1285 4815 1516 4871 sinebat
1547 4813 1854 4886 prafecto-

213 4922 364 4978 rum,
402 4906 499 4978 qui
532 4904 856 4975 etmajores
886 4905 1088 4960 domus
1119 4903 1483 4971 dicebantur,
1512 4901 1854 4973 improbali-

210 4995 407 5053 centia
440 4992 743 5051 acclesias
777 4992 859 5049 uti
910 4992 1185 5048 libertate
1238 4990 1495 5063 propria,
1520 5004 1649 5047 cum
1694 4990 1854 5061 ipsas

211 5098 445 5157 quoque
474 5084 653 5141 urbes
667 5081 906 5140 nimium
927 5080 1243 5152 attriverit,
1260 5080 1505 5137 maxime
1519 5083 1712 5136 tamen
1729 5080 1853 5136 Vir—
1896 5086 1901 5089 '

1965 4549 2163 4621 quenti
2195 4563 2325 4605 cum
2356 4546 2491 4603 filiis
2522 4546 2693 4603 Karlo
2723 4550 2780 4603 et
2814 4545 3202 4603 Karlomanno
3236 4544 3604 4616 Aquitaniam

1962 4643 2021 4694 et
2052 4636 2337 4693 Biturieas
2349 4636 2525 4708 cepit.
2553 4637 2715 4691 Anno
2732 4639 2860 4703 762,
2880 4635 3088 4691 iterum
3106 4633 3213 4690 ivit
3235 4632 3604 4704 Aquitaniam

1961 4730 2019 4783 et
2037 4725 2392 4796 conquisivit
2406 4724 2737 4781 Lemovieas
2753 4723 3338 4793 civitatem.Cumque
3352 4720 3600 4792 septima

1961 4829 2086 4871 vnce
2103 4813 2327 4869 illoiret
2351 4827 2451 4884 per
2467 4811 2742 4868 Viennam
2759 4811 3068 4879 transitus,
3096 4809 3395 4865 Berterico
3416 4821 3490 4863 ex
3521 4807 3601 4863 fa-

1960 4901 2134 4959 mulis
2152 4900 2414 4958 ecclesia
2442 4900 2842 4971 episcopatum
2856 4899 3240 4955 Viennensem
3255 4895 3443 4952 dedit.
3463 4897 3605 4952 Post

1960 4991 2086 5046 hac
2116 5003 2265 5046 anno
2294 4990 2365 5045 ab
2397 4989 2508 5045 inc.
2542 4989 2699 5044 Dom.
2732 4992 2837 5044 768
2869 4986 3015 5044 obiit
3047 4988 3080 5041 8
3111 4983 3233 5041 Kal.
3302 4983 3599 5054 Octobris,

1961 5082 2017 5135 et
2038 5078 2243 5135 eodem
2275 5091 2443 5143 anno.
2480 5076 2573 5133 die
2598 5074 2875 5133 videlicet
2900 5072 3371 5145 sequenti,uncti
3391 5076 3526 5130 sunt
3551 5072 3608 5128 in

1565 5203 1802 5262 VARIzE
1841 5203 2238 5261 LECTIONES.

276 5277 348 5313 ’³⁷
376 5278 459 5337 ita
488 5289 538 5338 ο.

1795 5371 2016 5428 ΝΟΤιΕ.

282 5480 399 5553 (61)
423 5479 712 5539 Adrianus
740 5479 875 5539 inde
902 5482 962 5537 et
993 5477 1065 5537 ab
1095 5493 1146 5537 a.
1206 5480 1332 5549 772,
1396 5476 1814 5536 Constantinus
1833 5480 1892 5534 et
1914 5478 2079 5534 lrene
2100 5474 2171 5533 ab
2201 5486 2250 5530 a.
2288 5475 2395 5531 780
2417 5472 2715 5531 sederunt.
2751 5470 3010 5544 synodus
3040 5470 3269 5530 Nicana
3324 5483 3473 5528 anno
3501 5472 3608 5528 787

209 5552 509 5613 celebrata
530 5555 640 5611 est.
