3940 6048
348 214 460 282 159

1293 217 1662 283 HUGONIS
1708 212 2062 319 ABBATIS
2105 213 2785 283 FLAVINIACENSIS

3628 231 3742 294 160

347 369 518 428 reges
549 353 1596 417 KarlusetKarlomannus.Franciita
1630 356 1979 423 diviserunt,
2010 351 2069 416 Α
2099 353 2279 425 ptimo
2310 368 2460 412 anno
2495 356 2657 426 regni
2682 357 2896 414 Karoli.
2932 357 3086 417 Finis
3115 358 3296 430 igitur
3314 359 3453 419 belli
3485 360 3594 421 fuit
3608 363 3742 422 sub-

348 450 413 503 nt
443 447 687 506 Karolus
717 455 960 518 partem,
996 463 1165 519 quam
1200 452 1367 521 pater
1395 450 1978 521 Pippinustenuerat,

344 535 661 604 obtineret,
690 537 1106 594 Karlomannus
1120 552 1257 593 vero
1271 542 1517 608 partem,
1547 552 1714 608 quam
1732 550 1981 607 proavus

349 638 547 681 eorum
579 625 999 683 Karlomannus
1027 627 1331 696 habuerat,
1365 626 1711 697 susciperet.

420 712 542 781 (Fol
576 713 707 785 59').
742 717 903 771 Anno
936 716 1008 770 ab
1037 715 1148 770 ine.
1210 717 1366 771 Dom.
1392 720 1514 784 755,
1569 714 1885 771 indictione
1926 719 1979 785 8,

349 806 483 872 post
512 803 855 872 Cayroinum
874 804 1231 875 episcopum,
1259 804 1353 873 qui
1390 804 1441 859 in
1488 803 1859 875 expeditione
1884 803 1984 858 im-

350 891 641 961 peratoris
660 892 827 960 obiit,
845 892 1088 949 domnus
1103 894 1393 949 Manasses
1406 893 1711 949 ordinatur
1729 894 1909 949 abbas
1925 893 1978 948 in

348 977 678 1035 Flaviniaco
715 979 867 1035 dono
920 981 1292 1052 imperatoris
1334 982 1581 1054 Pippini.
1630 982 1729 1039 Hic
1767 998 1981 1053 corpus

349 1066 505 1122 beati
527 1067 773 1134 Prejecti
798 1068 1113 1137 martyrisa
1139 1069 1414 1126 Volovico
1428 1071 1682 1127 delatum
1699 1070 1979 1127 {ecclesiae

348 1169 469 1211 suae
505 1155 701 1211 intulit
733 1157 912 1211 Sidus
931 1158 1287 1214 Novembris.
1313 1160 1412 1215 ilic
1436 1160 1609 1215 etiam
1630 1160 1833 1216 cellam
1867 1160 1982 1231 pri-

346 1257 473 1298 mus
506 1244 833 1300 Corbiniaci
860 1244 1164 1302 instituere
1182 1248 1381 1304 volens
1406 1249 1844 1319 abimperatore
1880 1251 1981 1304 Ka-

356 1331 697 1387 rolomanno
730 1334 1004 1402 obtinuit,
1034 1348 1135 1389 nec
1167 1340 1355 1391 tamen
1402 1337 1556 1393 fecit.
1592 1337 1745 1392 Obiit
1770 1352 1818 1392 a.
1853 1340 1979 1414 787,

347 1422 491 1475 Non.
530 1422 888 1487 Novembris,
922 1428 989 1478 33
1018 1437 1165 1478 anno
1195 1440 1315 1479 suae
1363 1426 1769 1481 ordinationis.
1835 1425 1975 1493 (Fol.

345 1507 481 1578 SO’.)
510 1508 801 1566 Successit
831 1511 1711 1583 Adalbertus.KarolusMagnus
1731 1513 1980 1570 contulit

342 1598 459 1653 Deo
490 1602 547 1654 et
585 1602 790 1655 sancto
822 1601 997 1655 Petro
1023 1605 1344 1671 sanloeque
1378 1603 1644 1671 Prejecto
1693 1608 1752 1659 et
1783 1603 1977 1659 abbati

2097 450 2223 501 acta
2247 444 2434 515 Italia,
2458 450 2516 501 et
2548 444 2884 504 Desiderius
2915 453 3200 521 perpetuo
3216 449 3392 506 exilio
3424 450 3742 524 deputatus

2096 533 2152 589 in
2190 534 2448 603 Francia,
2484 534 2635 591 filius
2657 535 2785 605 ejus
2802 536 3116 607 Adalgisus
3139 537 3538 611 pulsusltalia,
3564 544 3624 598 et
3650 556 3747 601 res

2096 639 2126 681 a
2161 623 2556 692 Langobardis
2584 630 2802 695 ereptae
2834 625 3092 682 Adriano
3123 642 3284 699 papae
3310 628 3747 688 restitutaeKa-

2097 713 2259 770 rolus
2287 729 2427 785 ergo
2470 712 2865 784 langobardia
2899 715 3163 784 subjecta
3180 722 3619 775 etsacramento
3650 718 3742 775 fir-

2096 808 2246 860 mata
2270 819 2400 861 cum
2436 805 2990 876 praefecissetemni
3015 805 3195 863 Italia:
3227 807 3530 879 Pippinum
3562 806 3741 866 ﬁlium

2094 907 2261 948 suum
2291 907 2440 947 anno
2471 892 2613 964 ipso,
2651 894 2745 963 qui
2780 899 2927 963 erat,
2965 898 3026 950 ut
3050 885 3269 951 dictum
3326 898 3436 965 est,
3497 896 3567 952 ab
3624 897 3733 954 inc.

2095 982 2251 1036 Dom.
2289 980 2411 1052 776,
2450 981 2723 1053 repetivit
2761 981 2974 1038 bellum
3010 988 3213 1044 contra
3257 984 3510 1043 Saxones
3554 985 3741 1043 rebel-

2092 1068 2299 1125 lantes.

2166 1158 2338 1220 (Ann.
2372 1159 2557 1216 Petae
2588 1162 2606 1231 )
2633 1158 2824 1226 (Benr.
2854 1174 2905 1215 c.
2943 1161 3030 1233 14)
3089 1163 3251 1217 Anno
3283 1161 3354 1217 ab
3404 1160 3514 1218 inc.
3574 1164 3733 1220 Dom.

2093 1250 2215 1315 776,
2252 1247 2348 1316 qui
2366 1252 2494 1303 erat
2523 1248 2685 1316 regni
2712 1248 2902 1303 Karoli
2921 1254 2973 1317 9,
3000 1248 3146 1306 obiit
3169 1250 3498 1307 Madelveus
3517 1251 3738 1335 episeo-

2094 1350 2220 1406 pus,
2253 1341 2313 1390 et
2345 1351 2473 1391 cum
2507 1336 2807 1392 obsideret
2839 1339 3142 1395 exercitus
3184 1339 3376 1395 Karoli
3427 1340 3482 1395 in
3536 1341 3739 1397 Thara-

2093 1423 2213 1479 visa
2238 1423 2419 1481 Italiae
2436 1424 2526 1480 civ
2555 1428 2675 1480 tate
2698 1425 3044 1482 Stabilinum
3077 1442 3338 1485 socerum
3364 1428 3736 1500 Chrotgaudi,

2093 1512 2192 1582 qui
2213 1516 2418 1567 contra
2439 1513 2704 1569 Karelum
2729 1514 3141 1585 rebellaverat,
3159 1518 3216 1571 et
3243 1521 3487 1588 propter
3510 1517 3615 1576 hoc
3637 1519 3740 1575 Ka-

2094 1600 2219 1656 rolo
2252 1600 2475 1656 Italiam
2510 1602 2776 1671 ingresso
2809 1602 2862 1657 in
2898 1602 3053 1659 bello
3073 1604 3303 1661 occisus
3327 1610 3454 1663 erat
3485 1612 3649 1662 :erat
3682 1606 3738 1662 in

344 1686 639 1755 Manassae,
669 1692 728 1743 ut
754 1687 949 1744 nullus
982 1690 1271 1746 hominum
1299 1691 1749 1748 Flaviniaeensis
1782 1692 1982 1748 aeecle-
2010 1708 2064 1769 Β
2094 1690 2291 1745 eadem
2322 1690 2561 1746 civitate
2594 1692 2805 1747 Petrus
2828 1691 2916 1746 vir
2940 1691 3196 1762 Italicus,
3218 1707 3247 1747 a
3274 1708 3384 1763 quo
3406 1693 3620 1751 tradita
3644 1700 3739 1752 est

343 1774 443 1830 she
476 1776 529 1830 in
564 1776 714 1831 omni
734 1792 910 1846 regno
926 1794 1027 1833 suo
1044 1779 1331 1835 teloneum
1357 1780 1519 1836 daret
1541 1787 1601 1837 ut
1616 1782 1977 1851 civitatibus,

343 1865 814 1934 nn~'rcatis,vicis,
834 1867 1006 1933 villis,
1036 1868 1328 1938 pontibus,
1350 1871 1638 1939 portibus,
1663 1886 1771 1926 non
1799 1872 1868 1926 de
1891 1887 1980 1926 ro-

342 1952 555 2018 datico,
585 1954 981 2022 harganatico,
1018 1957 1400 2026 pulveratieo,
1464 1960 1763 2029 mutatieo,
1835 1961 1981 2015 riva-

341 2040 459 2095 tieo
490 2039 578 2107 m,
608 2040 940 2111 salutatico,
968 2043 1281 2115 laudatico,
1306 2046 1677 2103 tranatico’”
1699 2052 1755 2103 et
1781 2048 1850 2103 de
1875 2049 1979 2104 hoc

342 2129 492 2198 quod
528 2129 792 2186 homines
824 2131 893 2186 ad
928 2132 1097 2188 dorsa
1126 2138 1359 2202 portare
1380 2134 1588 2202 solent,
1613 2135 1980 2207 quidquidfad

333 2216 431 2285 jus
462 2217 586 2272 fisci
620 2219 949 2288 pertinebat
978 2222 1238 2290 indulsit,
1262 2226 1320 2277 et
1354 2222 1423 2278 de
1466 2224 1734 2281 omnibus
1803 2227 1980 2282 terris

341 2306 749 2361 monachorum
787 2307 841 2361 in
876 2312 1000 2363 toto
1032 2309 1275 2379 imperio
1304 2327 1407 2366 suo
1459 2312 1753 2369 teloneum
1813 2329 1981 2369 omne

341 2392 426 2448 eis
450 2394 741 2450 concessit
776 2400 806 2449 5
832 2398 970 2452 Non.
1008 2398 1131 2454 Maii
1154 2412 1203 2453 a.
1235 2404 1267 2455 7
1294 2400 1451 2469 regni
1487 2401 1576 2456 sui
1612 2400 1744 2473 (62‘).

413 2480 837 2551 (ﬂammma)
864 2485 1285 2544 Karlomannus
1316 2489 1495 2558 igitur
1529 2495 1660 2560 post
1709 2490 1983 2547 adminis-

338 2573 556 2625 tratum
581 2573 967 2628 communiter
1004 2574 1386 2644 quadriennio
1412 2592 1648 2647 regnum
1674 2579 1977 2636 dicessita.

337 2662 461 2723 771,
502 2658 685 2729 pridie
711 2661 830 2716 Kal.
862 2663 1196 2719 Decembris
1221 2682 1235 2730 ;
1259 2665 1497 2721 Carolus
1528 2666 1691 2722 solus
1742 2682 1980 2737 regnum

339 2746 614 2818 optinuit.
654 2752 814 2804 Anno
849 2752 1012 2820 regni
1040 2752 1785 2823 suisecundo,dumadhuc
1804 2757 1983 2812 frater

339 2834 583 2905 viveret,
608 2836 823 2893 bellum
853 2839 1303 2909 Aquitanicuma
1325 2847 1489 2912 patre
1510 2842 1864 2914 inchoatum,
1883 2844 1982 2901 sed

340 2922 595 2979 nondum
630 2924 876 2996 finitum,
910 2931 1066 2982 tanta
1102 2928 1382 2985 felicitate
1430 2933 1869 3000 consummavit,
1920 2938 1982 2990 ut

340 3025 567 3067 omnem
601 3016 659 3068 et
696 3014 1061 3084 Aquitaniam
1087 3022 1142 3072 et
1166 3019 1528 3074 Wascouiam
1557 3020 1665 3075 sibi
1700 3021 1980 3078 retineret

341 3104 400 3155 et
434 3100 544 3157 sibi
579 3101 915 3171 subjiceret.
953 3106 1134 3173 Igitur
1165 3113 1293 3177 post
1314 3108 1665 3178 Stephanum
1685 3110 1755 3143 ²⁴⁰
1772 3111 1987 3169 Paulus

344 3188 498 3245 sedit
530 3190 724 3247 Romae
756 3193 921 3248 annis
956 3200 1036 3263 10,
1072 3194 1165 3249 die
1200 3201 1248 3263 1,
1283 3196 1428 3252 obiit
1460 3212 1608 3253 anno
1648 3200 1805 3255 Dom.
1870 3200 1979 3255 inc.

347 3280 451 3334 767
485 3295 499 3343 ;
533 3284 665 3348 post
690 3294 857 3348 quem
890 3283 1216 3352 Stephanus
1248 3284 1412 3341 annis
1440 3290 1490 3355 3,
1546 3288 1837 3345 mensibus
1896 3294 1981 3357 10,

342 3364 550 3423 diebus
580 3369 666 3422 28.
704 3367 909 3435 (Gesta
924 3372 1082 3441 pont
1104 3372 1291 3439 Rom.)
1319 3374 1418 3430 Cui
1450 3377 1773 3432 succedens
1788 3377 1987 3433 Adria-

343 3466 474 3509 nus.
510 3454 620 3510 sub
655 3470 769 3525 quo
792 3456 985 3512 habita
1021 3464 1110 3515 est
1146 3460 1445 3532 aquinque
1470 3464 1987 3536 patriarehisapud

338 3539 583 3598 Nicmam
617 3545 990 3616 synodusBﬁO
1007 3548 1240 3605 Patrum
1280 3551 1642 3621 temporibus
1712 3554 1989 3610 Constan-

340 3628 449 3685 tini
480 3637 539 3685 et
565 3632 806 3703 ilyrense
840 3635 1044 3690 matris
1077 3637 1685 3709 annoimperiieorum
1716 3642 1982 3713 septimo,

341 3718 503 3788 regni
538 3719 731 3776 Karoli
763 3722 944 3791 Magni
971 3723 1216 3793 decimo,
1253 3726 1324 3781 ab
1358 3727 1635 3784 inc.Dom.
1681 3734 1805 3800 778,
1833 3731 1987 3788 sedit

338 3806 503 3863 annis
534 3811 623 3878 24,
649 3810 960 3879 mensibus,
988 3816 1038 3879 3,
1065 3812 1271 3871 diebus
1308 3820 1390 3871 17.
1424 3816 1580 3872 Obiit
1610 3831 1759 3874 anno
1826 3820 1982 3875 Dom.

337 3893 447 3949 inc.
479 3900 604 3965 796,
635 3902 695 3951 et
716 3899 1001 3955 successit
1032 3901 1160 3957 Leo.

416 3982 662 4049 (Chron.
684 3986 849 4060 Div.)
885 3988 1235 4060 Compositis
1262 3990 1456 4062 itaque
1479 3993 1726 4050 Karolus
1741 3994 1984 4052 rebusin

341 4070 677 4140 Aquitania,
712 4079 772 4128 et
804 4076 963 4132 socio
988 4078 1102 4147 jam
1128 4077 1423 4147 defuncto,
1460 4081 1984 4152 precibusAdriani

341 4160 636 4230 pontiﬁcis
670 4163 907 4220 Romani
926 4165 1139 4221 bellum
1157 4172 1359 4223 contra
1385 4169 1981 4242 Langobardoscepit.

346 4249 509 4304 Anno
541 4254 647 4305 772
678 4251 924 4308 Karolus
950 4254 1189 4312 intravit
1221 4255 1463 4327 Italiam,
1497 4262 1557 4313 et
1585 4260 1839 4330 suscepit
1869 4258 1986 4314 bel-

340 4333 457 4390 lum
482 4338 635 4405 quod
679 4351 707 4392 a
741 4347 909 4409 patre
937 4357 1062 4410 suo,
1095 4343 1384 4414 Stephano
1415 4359 1562 4415 papa
1592 4346 1980 4417 supplicante,

342 4421 535 4480 fuerat
565 4433 925 4497 susceptum.
959 4428 1199 4494 Quidam
1251 4437 1441 4487 autem
1504 4432 1575 4487 de
1635 4415 1985 4503 primoribus
2013 4415 2066 4475 D

344 4508 697 4567 Francorum
730 4515 876 4570 adeo
901 4515 1188 4573 voluntati
1205 4518 1329 4587 ejus
1348 4519 1524 4575 renisi
1546 4527 1700 4590 sunt,
1737 4527 1797 4577 ut
1822 4536 1883 4578 se
1898 4538 1985 4579 re-

339 4610 469 4667 gem
501 4596 843 4658 deserturos
861 4607 920 4658 et
936 4602 1165 4659 domum
1184 4607 1721 4679 reversurosjlihere
1737 4625 1985 4681 pronun-

341 4685 590 4743 ciarent.
631 4690 892 4759 Coeptum
925 4697 1116 4747 tamen
1139 4698 1248 4749 est.
1285 4695 1529 4752 Kaiolus
1553 4696 1731 4767 igitur
1752 4699 1987 4756 Deside-

346 4773 495 4831 rium
532 4774 1037 4846 Langobardorum
1072 4794 1264 4851 regem
1300 4796 1610 4853 paucorum
1641 4786 1863 4843 dierum
1888 4790 1986 4845 oh-

348 4861 573 4919 sidione
596 4865 901 4937 compulit,
917 4870 977 4921 et
999 4867 1231 4924 obsides
1246 4869 1404 4942 dare,
1420 4875 1479 4927 et
1499 4879 1698 4945 erepta
1715 4875 1988 4934 Romanis

342 4950 866 5025 reslituere,atque
882 4959 944 5011 ut
965 4970 1076 5011 nou
1098 4962 1505 5027 repeterentur
1519 4969 1880 5019 sacramento
1895 4966 1987 5019 li-r-

343 5051 517 5093 mare.
555 5040 728 5111 Papia
763 5049 955 5099 autem
979 5043 1196 5101 tradita
1218 5050 1311 5100 est
1336 5061 1484 5102 anno
1508 5049 1580 5103 ab
1604 5050 1714 5106 inc.
1741 5054 1863 5121 774,
1899 5068 1986 5108 se-

2017 3059 2068 3123 C

2093 1778 2321 1848 civitas,
2355 1782 2413 1834 et
2447 1778 2522 1833 ob
2550 1779 2661 1837 hoc
2683 1780 3035 1835 Virdunensi
3068 1781 3740 1853 episeopatuhonoratus

2094 1869 2208 1922 est.
2245 1866 2363 1935 (Fel
2396 1870 2510 1938 61.)
2544 1868 2668 1933 Quo
2716 1868 2770 1923 in
2827 1872 3090 1939 tempore
3151 1874 3400 1941 praeerat
3469 1871 3739 1929 ecclesiae

2094 1954 2498 2011 sanetiVitoni
2528 1955 2756 2012 abbatis
2788 1956 3017 2012 nomine
3072 1964 3130 2013 et
3182 1958 3369 2013 officio
3447 1959 3737 2016 Fretmodi

2094 2042 2375 2100 diaconus
2395 2048 2454 2098 et
2485 2044 2683 2113 abbas,
2719 2044 2816 2115 qui
2852 2050 3264 2115 postsanctum
3289 2046 3740 2104 Madelveumlo-

2092 2147 2219 2188 cum
2238 2131 2424 2201 ipsum
2442 2133 2758 2202 regendum
2780 2138 3143 2205 susceperat.
3165 2135 3741 2207 Temporibusipsius

2094 2220 2407 2289 Fretmodi,
2442 2221 2545 2277 hoc
2565 2226 2649 2276 est
2684 2222 2751 2275 14
2781 2236 2930 2277 anno
2957 2223 3115 2291 regni
3150 2222 3340 2278 Karoli
3390 2223 3485 2294 qui
3508 2229 3634 2279 erat
3668 2225 3740 2280 ab

2096 2308 2493 2364 incarnatione
2524 2309 2742 2364 Domini
2788 2324 2835 2365 a.
2870 2313 2994 2378 731,
3030 2309 3445 2381 deditquidam
3472 2312 3559 2366 vir
3582 2312 3741 2368 nobi-

2095 2397 2165 2453 lis
2188 2399 2373 2453 Bocco
2393 2397 2710 2454 canonicus
2742 2402 3018 2454 sanctoct
3037 2399 3449 2457 famulantihus
3473 2401 3600 2471 ejus
3635 2415 3740 2473 pro

2093 2486 2280 2542 anima
2314 2500 2417 2542 sua
2451 2489 2510 2541 et
2544 2501 2648 2556 pro
2706 2486 2893 2542 anima
2949 2486 3198 2558 Amlingi
3252 2488 3512 2558 germani
3541 2488 3628 2546 sui
3683 2488 3740 2545 in

2095 2573 2222 2645 ipso
2253 2573 2781 2645 cymiteriosepulti
2806 2590 2899 2630 res
2928 2575 3305 2646 proprietatis
3330 2590 3449 2632 suae
3471 2590 3615 2646 quas
3646 2577 3742 2633 ha-

2096 2662 2270 2718 bebat
2295 2662 2348 2717 in
2386 2676 2531 2732 pago
2558 2662 2928 2729 Vit-dunensi,
2962 2662 3090 2720 loco
3114 2664 3212 2735 qui
3237 2663 3451 2722 dicitur
3483 2663 3738 2722 Gailanae

2095 2751 2282 2808 curtis
2309 2766 2488 2823 super
2521 2751 2756 2808 ﬂuvium
2782 2752 2976 2822 Agira,
3015 2752 3070 2807 id
3101 2758 3190 2809 est
3217 2752 3526 2810 ecclesiam
3552 2752 3608 2809 in
3641 2753 3743 2809 ho-

2097 2855 2235 2896 nore
2260 2839 2447 2895 sancti
2491 2840 2911 2912 ChristOphori,
2974 2856 3104 2898 cum
3162 2842 3431 2897 omnibus
3480 2856 3607 2911 quae
3666 2841 3735 2898 ad

2097 2928 2280 3000 ipsam
2306 2928 2497 2984 villam
2519 2928 2812 2998 pertinere
2840 2928 3208 2995 videbantur,
3234 2929 3385 2985 sicut
3441 2929 3496 2985 in
3535 2930 3738 2987 charta

2098 3016 2454 3072 continetur.
2489 3016 2860 3072 Postmodum
2886 3016 3217 3072 interventu
3249 3015 3493 3072 ’“Petri
3517 3018 3745 3088 episco-

2098 3107 2152 3178 pi
2187 3105 2336 3161 idem
2362 3104 2667 3162 Fretmodo
2700 3104 2834 3160 fecit
2867 3104 3231 3175 praestarium
3257 3104 3585 3161 deRaherei
3607 3121 3747 3163 cur-

2099 3199 2155 3250 te
2178 3199 2236 3250 et
2261 3194 2331 3250 ad
2364 3208 2488 3249 eam
2517 3192 2947 3264 pertinentibus
2977 3192 3205 3249 cuidam
3226 3192 3459 3249 Bettoni
3516 3193 3741 3266 abbati,

2069 3283 2287 3353 .Qui....
2325 3286 2528 3339 sancto
2548 3283 2722 3338 Petro
2753 3284 2810 3337 et
2839 3285 3044 3337 sancto
3084 3280 3315 3336 Vitono:
3372 3281 3468 3352 qui
3493 3287 3554 3337 et

2099 3370 2307 3426 Garani
2338 3377 2561 3426 eurtem
2578 3386 2706 3426 cum
2731 3368 3177 3441 appendiciis,et
3202 3373 3331 3440 pest
3349 3373 3591 3426 mortem
3614 3370 3747 3442 ejus

2098 3459 2435 3515 melioratas
2462 3458 2658 3516 curias
2683 3458 2814 3514 illas
2852 3464 3089 3513 sanctus
3119 3457 3378 3528 possedit
3425 3457 3737 3516 V...dinus.

2172 3548 2362 3620 [Βειιτ.
2386 3546 2495 3617 13.]
2520 3550 2672 3603 Tunc
2694 3547 3070 3619 episcopatus
3111 3546 3492 3604 Virduncusis
3541 3561 3646 3619 per
3676 3552 3746 3602 12

2099 3651 2282 3694 annos
2313 3650 2549 3705 vacuus,
2584 3634 2684 3692 sed
2716 3635 2947 3706 quidam
2982 3648 3187 3691 servus
3216 3634 3316 3689 Dei
3367 3634 3745 3692 Amalbertus

2100 3725 2349 3794 nomine,
2376 3723 2541 3794 juxta
2581 3736 2796 3779 morem
2830 3721 3112 3794 temporis
3144 3720 3301 3778 illius
3318 3723 3747 3796 factuscorepi-

2100 3829 2316 3884 scopus
2346 3812 2587 3882 regebat
2612 3810 3152 3883 ipsamaecclesiam,
3187 3814 3244 3865 et
3276 3810 3332 3866 in
3353 3812 3600 3883 quodam
3619 3827 3750 3869 ora-

2101 3903 2252 3960 torio
2270 3901 2376 3958 sub
2408 3885 2627 3956 honore
2652 3900 2906 3956 omnium
2932 3898 3334 3970 apostolorum
3360 3901 3527 3971 quasi
3551 3900 3753 3957 solita-

2099 3992 2242 4047 riam
2276 3990 2455 4046 vitam
2480 3989 2750 4046 ducebat.
2784 3989 2853 4043 Et
2874 3992 3015 4044 tunc
3044 3988 3298 4059 perdidit
3322 3989 3447 4060 ipsa
3478 3988 3744 4047 aaccles’a

2099 4078 2383 4149 quaedam,
2422 4093 2549 4149 quae
2572 4077 2680 4134 sibi
2711 4075 2923 4133 collata
2949 4075 3258 4146 aliquando
3284 4076 3648 4148 possederat,
3681 4082 3746 4134 et

2099 4168 2207 4223 hoc
2242 4166 2297 4221 in
2331 4171 2592 4237 tempore
2625 4164 2818 4221 Karoli
2850 4164 3053 4234 Magni.
3079 4163 3215 4234 (1b.,
3254 4167 3364 4237 14.)
3401 4166 3555 4223 Licet
3587 4166 3742 4222 enim

2098 4254 2600 4324 Petruspraefatus
2615 4253 2699 4308 vir
2717 4252 2948 4309 ltalicus
2969 4268 3071 4325 pro
3087 4252 3742 4311 traditioneTharovisa:

2099 4342 2170 4397 de
2203 4340 2327 4412 ipso
2356 4342 2701 4413 episCOpatu
2735 4340 2940 4397 fuisset
2975 4340 3128 4396 abeo
3144 4341 3632 4414 honoratus,quia
3659 4346 3744 4401 ta-

2099 4446 2224 4487 men
2261 4443 2493 4502 semper
2512 4430 2772 4501 suspecti
2798 4433 2931 4485 sunt
2949 4429 3293 4499 traditores,
3322 4429 3375 4486 in
3392 4430 3740 4503 episcopatu

2100 4536 2203 4593 per
2232 4524 2467 4592 tempus
2498 4518 2903 4591 praescriptum
2940 4522 3213 4590 receptus
3237 4534 3346 4576 non
3380 4525 3489 4576 est.
3531 4521 3741 4579 Tamen

2099 4624 2169 4666 ne
2200 4608 2439 4665 verbum
2465 4608 2619 4678 regis
2647 4611 2803 4663 esset
2841 4607 3006 4662 inane
3028 4612 3085 4662 et
3115 4622 3378 4678 vacuum,
3431 4613 3563 4681 post
3594 4623 3743 4681 prae-

2097 4698 2379 4768 scriptum
2405 4710 2683 4752 annorum
2708 4695 2966 4767 spacium
2996 4709 3342 4752 concessum
3365 4701 3455 4753 est
3509 4696 3591 4753 illi
3656 4697 3737 4754 ci-

2095 4787 2336 4843 vitatem
2369 4784 2594 4854 ingredi
2626 4788 2680 4838 et
2710 4783 3050 4855 episcomtu
3074 4783 3248 4854 potiri
3290 4798 3440 4841 anno
3492 4786 3564 4842 ab
3617 4786 3732 4844 inc.

2095 4877 2254 4931 Dom.
2290 4878 2395 4932 788
2423 4872 2513 4942 "’,
2540 4872 2761 4941 mitque
2796 4886 2895 4942 per
2926 4876 2993 4927 ‘25
3034 4886 3218 4928 annos
3253 4873 3387 4947 (1b.)
3442 4878 3502 4930 et
3531 4888 3740 4947 passus

2043 5020 2052 5029 ,
2095 4968 2184 5019 est
2214 4962 2393 5019 multa
2426 4960 2688 5016 adversa.
2728 4961 2897 5015 Certe
2920 4960 3093 5016 etiam
3119 4961 3527 5019 inﬁdelitatem
3560 4963 3742 5034 impe-

2046 5104 2059 5109 -
2097 5051 2314 5107 ratoris
2389 5048 2729 5118 obiecerunt
2789 5048 2892 5119 illi,
2926 5054 2987 5105 et
3042 5050 3116 5106 ob
3158 5049 3213 5104 id
3261 5064 3362 5122 per
3412 5051 3481 5107 l2
3555 5065 3741 5109 annos

1700 5175 1935 5231 νΑΡιΙᾹΞ
1975 5174 2373 5233 LECTIONES.

407 5270 892 5361 {firm-gemam.
942 5279 1139 5361 "ltra
1174 5281 1444 5361 deletam.
1487 5285 1556 5319 ²⁶⁰
1614 5286 1798 5358 [obiit]
1835 5239 2163 5361 Stephanus
2192 5288 2256 5343 ν.
2307 5285 2428 5343 Kal.
2461 5284 2588 5344 Maii
2623 5286 2785 5359 [ind].
2813 5287 2874 5343 Χ.
2908 5286 2977 5344 in
3003 5299 3194 5360 marg.
3218 5286 3288 5322 ’“
3310 5302 3427 5347 eoa:
3457 5289 3745 5361 totafera

1928 5429 2147 5487 NOT/E.

266 5344 279 5357 '
339 5344 546 5415 periit.
581 5343 649 5378 ²⁴¹
673 5347 894 5405 lineola
918 5350 1138 5410 ultima
1148 5355 1360 5425 periit.

409 5483 522 5560 (62)
556 5485 926 5561 RouquetV.,
951 5495 1076 5563 732,
