3940 6048
207 225 320 295 161

205 452 304 509 liis
333 453 605 511 ecclesiae
638 454 818 526 ipsius
848 469 1045 511 coram
1076 455 1334 526 principe
1381 462 1537 512 recte
1569 461 1851 528 purgatus

202 541 350 599 adiit
381 541 543 599 illius
591 542 978 614 praesentiam,
1012 548 1072 599 et
1102 543 1157 598 in
1192 544 1400 601 diebus
1445 545 1570 614 ejus
1602 544 1850 599 ecclesia

204 630 319 686 sibi
350 645 466 686 non
497 630 686 686 solum
721 645 833 686 non
865 631 1200 701 adquisivit,
1236 633 1336 688 sed
1363 639 1418 689 et
1447 633 1701 705 perdidit
1731 632 1854 703 plu-

206 719 373 774 rima.
410 717 650 775 Difﬁcile
673 719 824 775 enim
848 726 960 775 est.
988 724 1048 775 ut
1077 721 1225 776 bono
1247 722 1640 777 terminentur
1666 721 1850 790 exitu,

203 820 335 877 quae
360 806 528 863 malis
546 812 683 863 sunt
703 806 970 863 inchoata
994 807 1318 878 principiis.
1336 810 1671 865 Probathec
1688 809 1851 864 ruina

203 907 312 949 sua
362 893 748 950 Virdunensis
797 895 1028 964 civitas,
1064 910 1190 965 quae
1233 897 1481 952 turrium
1533 912 1855 951 murorum-

204 988 327 1051 (ιω
353 979 424 1014 ³⁸³
453 981 813 1038 solidissimo
853 983 1095 1052 ambitu,
1132 987 1338 1054 utpote
1371 985 1581 1055 lapide,
1621 984 1854 1055 plumbo

209 1069 484 1139 ferroque
517 1075 797 1125 conserto
842 1070 1083 1140 munita,
1126 1071 1288 1142 unde.
1310 1077 1365 1127 et
1404 1087 1607 1128 nomen
1643 1072 1852 1127 sortita

202 1161 320 1224 est,
345 1160 404 1212 ut
432 1162 748 1213 vocaretur
780 1157 922 1213 urbs
956 1156 1283 1229 Clavorum,
1310 1175 1409 1230 pro
1432 1161 1648 1216 tuenda
1671 1159 1852 1215 ltalici

203 1243 1105 1316 hujusinstabilitateetexperta
1134 1246 1522 1303 infidelitates
1540 1248 1743 1303 Carolo
1767 1247 1858 1302 de-

203 1335 456 1401 structa,
478 1346 630 1389 nunc
660 1332 915 1402 ingentis
944 1335 1328 1391 tantum
1350 1335 1419 1368 ²⁴⁴
1445 1336 1682 1406 praefert
1714 1335 1857 1390 indi-

204 1420 289 1474 cia
306 1423 365 1474 et
383 1419 479 1474 vix
494 1419 685 1491 aliqua
703 1421 959 1492 antiquae
977 1421 1135 1477 illius
1152 1422 1447 1479 ﬁrmitatis
1471 1422 1854 1494 retinet...’“,

202 1505 460 1564 edocens
490 1522 690 1564 omnes
723 1524 832 1564 suo
868 1508 965 1565 tali
1000 1509 1338 1580 infortunio,
1376 1525 1503 1581 qute
1536 1512 1631 1565 Dei
1667 1515 1801 1566 sunt
1827 1526 1855 1567 a

204 1595 323 1649 Deo
354 1609 489 1651 esse
532 1596 865 1667 quaerenda.
917 1597 1110 1653 Sensit
1152 1598 1326 1653 etiam
1362 1613 1463 1653 rex
1494 1598 1856 1655 insensibilis

1464 227 1975 298 CHRONICON.
2017 263 2096 279 --
2144 228 2298 294 LIB.
2344 228 2392 293 Ῑ.

203 379 316 422 non
341 363 452 423 fuit
479 379 660 423 ausus
683 364 1092 438 imperatorem
1126 364 1343 424 videre.
1372 368 1478 424 Sed
1508 373 1709 440 postea
1735 381 1763 423 a
1790 364 1851 421 ﬁ-
1879 366 1934 426 A
1967 368 2030 422 ut
2057 380 2186 422 cum
2209 371 2364 422 esset
2388 370 2557 422 antea
2581 379 2849 435 magnum
2867 367 2921 420 et
2944 365 3114 434 forte,
3141 362 3378 435 duplum
3403 362 3486 421 illi
3510 365 3605 423 ad-
3704 406 3708 415 .

3496 228 3612 294 162

1967 456 2202 511 diderit.
2233 455 2602 527 Colebatprze
2617 454 2883 510 omnibus
2908 453 3094 510 sacris
3114 452 3206 509 loc
3232 468 3259 509 s
3282 453 3605 511 {ecclesiam

1964 544 2149 599 sancti
2173 544 2329 599 Petri
2362 544 2514 614 apud
2547 545 2800 609 Romam,
2827 542 2917 598 cui
2951 541 3123 597 etiam
3156 540 3334 596 multa
3357 542 3605 598 contulit

1965 632 2018 686 in
2044 648 2186 688 auro
2201 636 2256 687 et
2275 636 2536 701 argento.
2561 632 2641 687 Ad
2662 632 2765 686 hoc
2781 644 3014 700 semper
3040 629 3349 698 laboravit,
3376 633 3436 685 ut
3469 631 3608 685 urbs

1964 722 2215 776 Romana
2234 736 2338 776 suo
2355 720 2552 776 labore
2566 719 2749 775 veteri
2769 718 3014 790 polleret
3032 718 3387 774 auctoritate
3409 735 3422 782 ;
3440 732 3608 788 quam

1963 823 2090 863 cum
2119 813 2278 863 tanto
2311 822 2507 863 amore
2540 807 2832 875 diligeret,
2869 812 3076 877 quater
3113 812 3333 861 tantum
3366 806 3419 860 in
3453 808 3610 861 omni

1966 899 2228 965 tempore
2254 894 2549 963 regiminis
2572 894 2660 949 sui
2683 894 2783 950 illo
2804 894 2927 949 ivit.
2958 893 3140 962 [Erum
3180 894 3314 951 Vita
3337 893 3437 965 Εἴ]
3462 894 3613 950 Nun-

1965 983 2119 1039 eiato
2143 983 2250 1039 sibi
2279 982 2511 1038 Adriani
2537 982 2773 1037 Romani
2809 981 3105 1051 pontiﬁcis
3137 982 3300 1039 obitu
3326 982 3403 1037 ita
3427 981 3607 1053 ﬂevit,

1967 1084 2029 1126 ac
2054 1072 2099 1125 si
2130 1071 2366 1126 fratrem
2400 1070 2765 1125 karissimum
2795 1069 3106 1125 amisisset.

2038 1158 2179 1227 (Fol.
2197 1160 2314 1229 60‘)
2336 1160 2588 1213 Domnus
2607 1158 2895 1213 Manasses
2916 1172 3133 1227 corpus
3150 1158 3333 1213 sancti
3356 1158 3609 1226 Prejecti

1967 1246 2240 1316 martyris
2267 1260 2297 1301 a
2330 1245 2605 1302 Volovico
2652 1244 2909 1300 delatum
2944 1245 3358 1301 Flaviniacensi
3410 1246 3610 1301 intulit

1968 1334 2271 1404 accelesize,
2308 1349 2478 1405 quam
2510 1334 2564 1389 in
2607 1334 2823 1389 honore
2852 1334 3038 1389 sancti
3072 1334 3225 1389 Petri
3256 1338 3314 1388 et
3346 1334 3607 1402 ejusdem

1971 1423 2243 1493 martyris
2265 1422 2626 1477 fundaverat.
2654 1421 2931 1491 Exceptio
2954 1420 3079 1489 ejus
3102 1435 3197 1477 vui
3223 1422 3358 1477 [dus
3378 1422 3612 1477 Novem-

1972 1510 2094 1566 bris
2109 1509 2463 1566 celebratur.
2476 1509 2573 1565 llic
2588 1510 2839 1565 obtinuit
2858 1509 3009 1579 apud
3023 1508 3607 1581 Karlomannum(63),

1973 1602 2032 1653 ut
2061 1598 2114 1652 in
2141 1598 2482 1653 Corbiniaco
2506 1596 2638 1652 villa
2673 1596 3039 1652 cenobiolum
3063 1602 3453 1652 construeret.
3488 1598 3612 1666 (Se-

209 1683 529 1772 perniciem
584 1684 727 1740 tanti
776 1685 1100 1755 infortunii,
1137 1691 1201 1741 ut
1231 1701 1339 1742 non
1392 1686 1577 1742 minor
1620 1687 1714 1742 hic
1748 1687 1853 1743 nisi
1887 1687 2093 1772 Bries
2122 1685 2252 1741 abb.
2288 1686 2486 1757 Flav.)
2537 1686 2694 1740 Obiit
2744 1688 2809 1739 33
2860 1699 3009 1740 anno
3058 1684 3444 1740 ordinationis
3492 1699 3612 1740 suae

210 1771 341 1841 quia
374 1772 825 1843 praemeditatus
856 1773 1166 1830 accederet
1197 1774 1405 1844 hostis,
1436 1789 1605 1845 quam
1639 1776 1855 1831 dudum

208 1859 526 1916 Vandalica
560 1861 764 1931 pestis.
800 1862 867 1917 Et
903 1862 1141 1928 merito;
1177 1878 1305 1919 nam
1330 1865 1400 1919 ab
1425 1864 1569 1935 ipsis
1599 1864 1731 1919 ﬁdei
1765 1879 1858 1920 ru-

208 1947 489 2004 dimentis
524 1962 708 2019 usque
742 1949 811 2004 ad
846 1953 1075 2020 tempus
1107 1950 1250 2006 illud
1284 1966 1515 2022 semper
1547 1952 1601 2007 in
1635 1953 1728 2008 Dei
1763 1968 1860 2007 no-

210 2035 360 2092 mine
386 2035 686 2107 pontiﬁcis
715 2037 901 2093 valuit
923 2036 1135 2094 electio
1159 2039 1300 2094 cleri
1324 2045 1383 2095 et
1409 2039 1627 2111 populi,
1653 2047 1712 2095 et
1735 2039 1781 2095 si
1802 2039 1858 2095 in

209 2123 561 2195 quibusdam
605 2124 902 2197 principes
942 2125 1220 2196 leguntur
1262 2128 1515 2184 favorem
1540 2134 1860 2185 etconsen-

210 2227 333 2268 sum
368 2212 745 2283 prtestitisse,
779 2228 1063 2284 nusquam
1096 2219 1286 2272 tamen
1325 2217 1590 2273 feruntur
1621 2216 1861 2272 electio-

211 2315 333 2357 nem
359 2302 630 2358 vetuisse
657 2301 951 2372 pontiﬁcis
974 2302 1301 2374 ordinandi,
1324 2311 1423 2359 aut
1448 2307 1655 2361 factam
1679 2306 1861 2361 inmu-

209 2394 387 2444 tasse.
428 2389 708 2460 Sepultus
738 2395 832 2445 est
862 2389 917 2444 in
948 2390 1199 2447 ecclesia
1232 2393 1458 2449 Sanctae
1500 2394 1691 2449 Mariae
1725 2398 1860 2449 ante

210 2475 395 2532 altare
420 2477 611 2533 sancti
640 2477 815 2533 Petri.
843 2480 884 2532 A
901 2479 1229 2535 vastatione
1254 2486 1447 2536 autem
1469 2481 1630 2537 urbis
1655 2481 1861 2537 Virdu-

211 2564 374 2632 uicae,
402 2579 534 2634 quae
549 2565 697 2621 facta
712 2569 799 2622 est
816 2581 844 2622 a
859 2567 1133 2624 Vandalis
1150 2583 1334 2639 usque
1355 2569 1425 2625 ad
1442 2570 1860 2626 desolationem

213 2651 339 2721 ejus
363 2652 579 2708 factam
604 2655 712 2709 sub
736 2653 947 2710 Karolo
970 2654 1331 2725 colliguntur
1352 2658 1482 2712 anni
1508 2658 1627 2712 fere
1641 2661 1761 2714 380.
1781 2659 1860 2713 De

218 2740 456 2810 quadris
479 2741 981 2813 autemlapidibus
1001 2742 1213 2800 dirutae
1229 2744 1486 2802 civitatis
1511 2744 1858 2816 Aquisgrani

218 2828 436 2899 capella
470 2834 775 2886 exstructa
819 2835 930 2887 est.
1570 2860 1581 2865 λ

286 2916 477 2988 [Βεκτ.
506 2918 616 2989 15.]
649 2919 784 2973 Post
815 2918 982 2988 cujus
1009 2924 1255 2976 mortem
1280 2919 1586 2991 elegerunt
1613 2921 1721 2977 sibi
1747 2920 1862 2977 cle-

221 3019 315 3060 rus
335 3010 396 3061 et
419 3004 676 3077 populus
706 3007 1044 3078 episcopum
1071 3008 1142 3065 de
1166 3009 1322 3079 regis
1348 3009 1564 3080 palatio
1588 3024 1735 3066 anno
1757 3014 1861 3066 815

222 3096 634 3163 Austraunum,
657 3100 955 3152 cautorem
980 3097 1182 3167 ipsius,
1206 3098 1392 3153 virum
1418 3104 1741 3170 strenuum,
1766 3115 1864 3155 cu-
1894 3069 1943 3132 Ο

215 3179 305 3248 jus
325 3180 614 3237 industria
637 3184 955 3239 Bracenses
976 3185 1381 3253 negoeiatores
1400 3185 1657 3254 ejusdem
1677 3187 1864 3243 eccle-

219 3268 315 3325 siae
340 3268 554 3325 ditioui
605 3271 830 3326 redacti
877 3278 1032 3328 sunt.
1069 3274 1135 3328 Et
1170 3273 1262 3330 hic
1294 3276 1585 3345 superfuit
1607 3290 1789 3333 annos
1810 3282 1860 3333 5.

220 3357 531 3426 Requievit
552 3363 744 3414 autem
768 3374 916 3415 anno
939 3362 1011 3417 ab
1032 3361 1141 3418 inc.
1169 3364 1333 3418 Dom.
1364 3368 1489 3434 819,
1514 3368 1570 3420 et
1596 3366 1865 3436 sepultus

220 3444 273 3499 in
305 3444 553 3501 basilica
585 3446 773 3502 sancti
799 3448 956 3503 Petri
980 3449 1231 3520 apostoli
1258 3467 1387 3507 cum
1416 3452 1865 3523 przedecessori-

219 3533 325 3589 bus
346 3534 493 3590 suis.

286 3621 533 3693 (Chron.
568 3622 732 3694 Div.)
784 3624 1130 3696 Susceptum
1161 3641 1302 3697 ergo
1355 3630 1410 3684 li.
1431 3628 1568 3684 llum
1599 3644 1629 3684 a
1661 3628 1866 3684 Karolo

216 3716 423 3767 contra
457 3710 713 3768 Saxones
744 3727 845 3783 per
867 3717 933 3768 33
957 3728 1137 3770 annos
1170 3716 1661 3789 majoredampno
1695 3718 1867 3774 Saxo-

218 3813 352 3855 num
386 3814 560 3871 quam
595 3801 944 3858 Francorum
982 3810 1209 3872 gestum
1241 3810 1351 3860 cst.
1387 3806 1665 3862 Videnles
1695 3808 1866 3863 Saxo-

220 3901 322 3943 nes
354 3886 511 3957 quod
555 3888 837 3944 resistere
868 3904 976 3945 non
1013 3896 1306 3961 poterant,
1345 3907 1539 3963 pacem
1574 3899 1861 3964 petentes,

224 3975 517 4045 baptizata
549 3981 642 4032 est
674 3977 987 4033 multitudo
1026 3992 1246 4035 eorum.
1286 3982 1446 4037 Anno
1473 3997 1614 4051 ergo
1646 3983 1717 4037 ab
1751 3982 1860 4038 inc.

219 4064 378 4121 Dom.
413 4069 522 4122 780
553 4067 714 4121 venit
746 4067 989 4123 Kal-olus
1013 4067 1068 4123 in
1095 4069 1397 4125 Saxoniam
1422 4070 1475 4125 in
1500 4071 1627 4127 loco
1652 4072 1745 4143 qui
1771 4087 1866 4128 vo-

219 4155 391 4207 catur
411 4151 856 4221 Patrisbronna,
873 4158 930 4208 et
947 4154 1024 4210 ibi
1048 4154 1251 4210 habuit
1276 4155 1549 4226 placitum
1577 4173 1862 4229 magnum,

221 4239 381 4294 etibi
406 4246 809 4297 convenerunt
844 4242 1100 4298 Saxones
1132 4242 1202 4297 ad
1238 4244 1610 4315 baptismum,
1646 4247 1867 4303 ditione

224 4341 253 4382 a
281 4340 418 4397 rege
449 4328 659 4399 posita,
689 4331 749 4384 ut
774 4329 973 4385 Franci
995 4336 1055 4385 et
1077 4330 1335 4387 Saxones
1369 4347 1516 4389 unus
1545 4340 1736 4390 essent
1771 4349 1871 4406 p0-

1971 1775 2112 1829 Non.
2141 1775 2512 1839 Novembris;
2538 1774 2627 1829 cui
2653 1774 2935 1829 successit
2959 1773 3312 1830 Adalbertus
3336 1774 3423 1828 vir
3445 1787 3611 1828 vene-

1974 1862 2190 1918 randus
2220 1877 2368 1918 anno
2397 1867 2456 1918 21
2497 1860 2709 1930 Karoli,
2740 1865 2797 1916 et
2831 1866 2861 1916 5
2892 1875 3039 1917 anno
3079 1861 3465 1917 ordinationis
3495 1875 3613 1917 suae

1972 1950 2245 2019 decessit,
2269 1954 2329 2005 et
2359 1950 2410 2005 ei
2437 1950 2729 2006 successit
2768 1951 2972 2019 Zacho,
3001 1954 3061 2004 et
3086 1954 3295 2019 quarto
3324 1964 3472 2006 anno
3502 1964 3617 2006 mo-

1974 2038 2155 2103 ritur;
2181 2043 2240 2093 et
2264 2039 2395 2115 huic
2431 2038 2749 2093 Alchuinus
2782 2039 3154 2093 succedens7
3176 2052 3324 2093 anno
3355 2037 3521 2107 obiit,
3555 2042 3611 2094 et

1972 2126 2058 2182 sic
2088 2131 2153 2182 35
2185 2141 2334 2182 anno
2368 2126 2595 2197 imperii
2642 2125 2829 2180 Karoli
2872 2126 3117 2181 domnus
3145 2124 3498 2196 Apollinaris
3524 2140 3616 2182 or-

1972 2214 2208 2272 dinatur
2240 2216 2421 2271 abbas
2471 2215 2621 2271 dono
2676 2215 3065 2284 imperatoris.
3106 2215 3206 2270 l'ic
3236 2214 3408 2270 etiam
3443 2214 3615 2270 abba-

1970 2304 2110 2359 tiam
2135 2304 2536 2359 Divionensem
2562 2307 2615 2358 et
2645 2304 3018 2357 Reomensem
3052 2303 3222 2369 rexit,
3250 2308 3309 2357 et
3331 2301 3613 2357 ecclesias

1971 2391 2206 2447 easdem
2239 2390 2713 2462 possessionibus
2746 2390 2928 2455 auxit,
2971 2394 3304 2445 sanctorum
3350 2388 3616 2458 reliquiis

1973 2480 2326 2549 honestavit,
2363 2479 2653 2550 prrecipuc
2679 2481 2866 2532 tamen
2892 2476 3378 2531 Flaviniacensem
3412 2490 3615 2547 prove-

1972 2568 2054 2623 xit
2086 2574 2142 2623 et
2178 2566 2355 2623 auxit.
2395 2566 2549 2622 Obiit
2582 2565 2766 2637 pridie
2799 2564 2920 2619 Kal.
2954 2563 3169 2634 Aprilis
3201 2578 3250 2618 a.
3287 2570 3355 2619 12
3385 2563 3610 2634 imperii

1974 2655 2271 2712 Ludovici.
2326 2654 2590 2710 Interfuit
2641 2652 2889 2710 concizio
2940 2652 3285 2722 Aquisgrani
3320 2652 3534 2707 'habito
3582 2656 3615 2709 4

1974 2759 2122 2801 anno
2154 2743 2428 2799 Ludovici
2478 2743 2758 2813 ejusdem,
2792 2746 2852 2797 et
2881 2747 3012 2812 post
3041 2745 3075 2796 2
3105 2754 3286 2796 annos
3327 2741 3615 2796 successit

1974 2832 2220 2902 Vigilius
2271 2832 2474 2901 abbas,
2526 2846 2575 2886 a.
2631 2833 2696 2885 14
2745 2830 3039 2886 Ludovici.
3099 2827 3287 2901 [Aoo.]
3338 2830 3618 2885 Viennen-

1975 2936 2093 2977 sem
2122 2927 2258 2977 tunc
2280 2920 2565 2991 temporis
2589 2918 2895 2973 ecclesiam
2940 2920 3136 2986 Ursus,
3174 2918 3615 2987 Lugdunensem

1977 3011 2099 3065 Ado
2131 3010 2391 3080 regebat.
2445 3011 2583 3063 Post
2635 3008 2890 3063 Adonem
2942 3006 3246 3062 llilduinus
3283 3021 3459 3077 nepos
3490 3007 3615 3077 ejus

1977 3099 2415 3168 Lugdunensem
2465 3096 2768 3152 ecclesiam
2807 3094 3101 3166 paululum
3150 3109 3257 3149 non
3304 3095 3614 3165 epiSCOpus

1977 3188 2185 3255 tenuit,
2221 3190 2276 3241 et
2311 3186 2629 3241 abscedens
2680 3184 2886 3239 Lirinis
2934 3183 3247 3239 monachus
3280 3183 3469 3239 factus
3498 3188 3610 3238 est.

1976 3277 2113 3331 Post
2140 3289 2309 3345 quem
2335 3274 2768 3343 Lugdunensem
2802 3270 3121 3327 :ecclesiam
3150 3272 3465 3328 Laidradus
3494 3286 3617 3328 sus-

1977 3365 2132 3434 cepit
2166 3362 2371 3419 honori
2405 3362 2486 3417 rei
2531 3361 2778 3433 publica}
2819 3360 3022 3425 utilis;
3062 3360 3445 3415 Viennensem
3479 3373 3617 3415 vero

1976 3452 2196 3508 Vulferi
2233 3452 2508 3507 Bavarius
2551 3450 2701 3506 rexit
2731 3466 2781 3505 a.
2818 3454 2902 3519 ll,
2935 3449 3028 3505 cui
3060 3449 3344 3504 successit
3382 3450 3620 3504 Bernar-

1979 3541 2107 3597 dus.
2145 3540 2462 3596 Laidradus
2496 3554 2633 3595 vero
2667 3539 2722 3593 in
2755 3538 2919 3593 initio
2949 3537 3171 3608 imperii
3218 3537 3488 3592 Ludovici
3523 3538 3622 3592 im-

1980 3629 2269 3700 peratoris
2286 3628 2703 3685 Suessionense
2720 3626 3134 3682 monasterium
3152 3625 3403 3696 petiit,et
3421 3626 3474 3680 in
3491 3626 3621 3682 loco

1977 3731 2102 3785 ejus
2128 3716 2469 3786 Agobardus
2491 3714 3145 3783 substituiturejusdem
3162 3713 3431 3770 ecclesiae
3457 3729 3622 3771 core-

1979 3804 2699 3876 piseopus,conscntientc
2732 3804 3085 3874 imperatore
3116 3808 3175 3858 et
3207 3803 3623 3859 omniGallica-

1978 3907 2181 3948 norum
2199 3894 2605 3964 episcoporum
2623 3892 2864 3962 synodo.
2882 3890 3046 3956 Quod
3063 3890 3293 3961 quidam
3310 3891 3620 3947 defendere

1976 3981 2260 4050 volentes,
2314 3981 2584 4035 dixerunt
2617 3996 2746 4035 cum
2780 3994 2808 4033 a
2842 3980 3033 4035 tribus
3060 3979 3356 4049 epiSCOpis
3391 3979 3443 4033 in
3478 3979 3619 4035 sede

1978 4067 2346 4136 Lugdunensi
2367 4067 2609 4135 jubcnte
2634 4067 2917 4122 Laidrado
2943 4066 3121 4122 fuisse
3146 4067 3497 4122 ordinatum.
3521 4067 3623 4123 Hic

1980 4156 2160 4225 igitur
2178 4155 2521 4224 Agobardus
2543 4161 2603 4210 et
2628 4156 2879 4209 Bernard
2892 4169 2955 4209 us
2977 4154 3319 4209 Viennensis
3342 4155 3493 4224 apud
3521 4155 3625 4210 Lu-

1981 4244 2247 4302 dovicum
2281 4243 2560 4313 accusati,
2594 4242 2846 4299 desertis
2878 4240 3164 4312 ecclesiis,
3200 4242 3254 4296 in
3290 4241 3513 4297 Italiam
3548 4242 3619 4297 ad

1983 4333 2338 4390 Clotharium
2371 4347 2431 4388 se
2465 4332 2872 4396 contulerunt;
2908 4330 3010 4386 sed
3043 4331 3353 4400 agentibus
3386 4330 3496 4402 piis
3525 4330 3627 4386 im-

224 4414 418 4485 pulus.
447 4416 683 4473 Duobus
707 4416 903 4487 itaque
924 4418 1146 4488 prmliis
1169 4418 1247 4475 ita
1271 4421 1511 4476 contriti
1538 4428 1672 4478 sunt
1698 4424 1870 4479 Saxo-
1897 4418 1953 4481 D
1984 4422 2373 4493 peratoribus,
2411 4424 2658 4490 uterque
2691 4420 2887 4475 sedem
2923 4433 3085 4475 suam
3116 4421 3356 4491 recepit.
3390 4421 3456 4476 Et
3490 4424 3624 4492 post

224 4516 350 4571 nes,
382 4507 445 4560 ut
477 4503 727 4561 ulterius
762 4520 948 4575 neque
992 4521 1185 4577 regem
1239 4517 1650 4581 provocarent,
1687 4525 1871 4582 neque

226 4590 485 4647 venienti
518 4593 799 4649 resistere
837 4593 1139 4651 auderent.
1181 4596 1387 4653 Plures
1427 4601 1615 4653 tamen
1648 4599 1874 4657 nobiles

226 4692 295 4735 eo
320 4679 473 4736 bello
493 4681 822 4754 consumpti
859 4689 1013 4738 sunt.
1460 4688 1470 4701 '

298 4768 464 4824 Anno
493 4772 598 4826 788
632 4768 960 4840 HiSpaniam
1005 4785 1317 4841 aggressus
1359 4772 1469 4828 sibi
1501 4775 1781 4845 subdidit,
1815 4779 1872 4831 et

228 4855 606 4913 Britanniam.
628 4857 739 4912 Per
763 4858 1147 4928 quadraginta
1169 4860 1318 4916 enim
1343 4867 1402 4916 et
1426 4866 1646 4933 septem
1668 4878 1870 4933 annos,

229 4945 442 5015 quibus
470 4945 756 5017 regnavit,
783 4946 864 5003 ita
896 4946 1194 5020 ampliavit
1224 4949 1576 5008 Francorum
1609 4965 1871 5024 regnum,

1986 4526 2200 4583 paucos
2230 4523 2410 4566 annos
2453 4507 2795 4577 Agobardus
2828 4509 2977 4580 apud
3012 4509 3333 4564 Sanctonas
3362 4509 3416 4563 in
3449 4521 3625 4580 expe-

1986 4600 2207 4656 ditione
2231 4598 2388 4667 regia
2409 4598 2765 4667 defungitur.
2786 4597 3115 4652 Bernardus
3130 4611 3360 4667 quoque
3382 4596 3547 4666 obiit,
3565 4601 3627 4652 et

1986 4686 2331 4757 Agylmarus
2363 4686 2761 4741 substituitur.
2800 4684 3002 4739 Amolo
3025 4698 3254 4753 quoque
3283 4684 3625 4752 Lugdunen-

1986 4790 2104 4832 sem
2131 4774 2533 4845 episcopatum
2558 4771 2841 4843 suscepit,
2870 4770 3038 4842 cujus
3063 4770 3628 4827 auctoritasetamor

1984 4861 2181 4920 Karoli
2207 4874 2345 4931 erga
2368 4875 2498 4917 eum
2522 4860 2767 4915 multum
2800 4860 2980 4917 valuit
3019 4864 3223 4915 sancto
3246 4873 3408 4930 papa
3431 4859 3626 4927 Leoni,

1987 4956 2051 5009 ut
2082 4952 2205 5023 ipse
2236 4950 2348 5007 hoc
2378 4954 2632 5007 testatur
2664 4948 2721 5005 in
2748 4948 2998 5021 epistola
3030 4947 3102 5006 ad
3128 4961 3259 5005 eum
3291 4946 3484 5007 missa.

1593 5092 1682 5149 VA
1691 5091 1828 5148 RLE
1870 5092 2266 5150 LECTIONES.

295 5193 371 5230 W
394 5208 591 5255 vocem
620 5194 886 5257 exossam
908 5196 1200 5269 «oppleri.
1232 5196 1301 5231 ³⁸⁸
1332 5197 1706 5255 munitionis?
1733 5196 1803 5232 ²⁴⁸
1825 5198 2106 5269 vestigia?

1815 5321 2039 5379 ΝΟΤᾸΞ.

299 5423 415 5495 (63)
446 5423 551 5481 Est
578 5423 782 5500 charta
816 5423 1005 5484 Caroli
1038 5424 1199 5497 regis
1238 5424 1373 5483 data
1402 5438 1551 5484 anno
1582 5426 1743 5497 regni
1772 5430 1807 5484 8
1835 5427 1961 5486 sine
1989 5426 2083 5485 die
2113 5431 2174 5484 et
2204 5425 2351 5485 loco.
2404 5422 2710 5497 Plancher,
2740 5422 2997 5483 Histoire
3029 5424 3101 5482 de
3132 5425 3479 5500 Bourgogue
3509 5430 3551 5485 t.
3585 5427 3629 5500 Ι,

229 5504 479 5564 preuves
505 5510 561 5566 p.
594 5499 645 5551 Β.
