3936 6050
325 234 441 299 163

1279 220 1649 290 HUGONIS
1691 213 2044 287 ABBATIS
2086 211 2768 287 FLAVINIACENSIS

3489 228 3494 229 “
3606 221 3726 287 164

389 359 532 432 (Fol.
557 363 673 434 61.)
704 357 909 430 (Gesta
918 373 984 430 ρ.
1011 358 1122 426 13.;
1149 351 1368 414 Chron.
1392 353 1559 425 Dio.)
1588 353 1966 408 Successerat
1998 353 2053 413 A
2083 365 2312 424 quoque
2347 350 2602 409 decessit
2629 367 2776 410 anno
2807 353 2878 410 ab
2908 352 3019 410 inc.
3048 349 3208 412 Dom.
3231 358 3354 425 815,
3389 355 3568 412 etatis
3599 371 3725 412 suae

315 456 446 523 post
473 450 782 507 Adrianum
808 449 863 504 in
889 446 1235 519 pontiﬁcatu
1283 444 1538 498 Romano
1576 440 1686 496 Leo
1717 454 1866 494 anno
1899 439 1969 495 ab

315 540 714 596 incarnatione
738 536 961 592 Domini
983 539 1106 605 796,
1125 533 1220 604 qui
1243 531 1468 587 seditin
1485 529 1685 584 eadem
1710 529 1851 584 sede
1877 542 1972 582 an-

2082 454 2111 497 a
2153 446 2240 510 72,
2285 439 2447 508 regni
2487 444 2573 510 47,
2618 447 2648 497 5
2687 441 2806 497 Kal.
2853 443 3175 512 Februarii,
3220 451 3278 498 et
3318 448 3411 498 est
3450 444 3726 515 sepultus

2084 528 2400 598 Aquigrani
2443 528 2658 599 palatio
2690 529 2742 584 in
2787 530 3074 601 tecelesia,
3113 545 3282 601 quam
3317 531 3440 603 ipse
3471 532 3727 589 aediﬁca-

318 629 410 684 nis
432 632 520 698 22,
548 627 847 682 mensibus
873 630 927 694 5,
952 624 1156 678 diebus
1182 625 1264 676 15.
1302 621 1461 674 Hunc
1489 615 1725 671 Romani
1751 613 1971 670 letania
2082 620 2267 672 verat.
2295 616 2585 671 Successit
2611 616 2936 672 Ludovicus
2961 622 3343 687 cognomento
3366 620 3522 689 Pius,
3539 624 3596 674 et
3619 633 3726 690 per

319 717 535 787 majore
569 719 804 786 captant
831 712 1028 768 multis
1053 711 1320 766 afl‘ectum
1346 704 1595 776 injuriis,
1623 703 1811 758 erutis
1837 718 1973 758 ocu-

319 802 410 874 lis,
428 805 621 874 lingua
637 804 957 873 amputata,
976 813 1124 854 anno
1140 798 1297 851 Dom.
1327 794 1545 848 incarn.
1567 795 1672 847 799
1697 790 1867 846 fidem
1886 803 1973 845 re-

317 893 410 962 gis
443 891 755 963 implorare
785 885 1215 957 compulerunt.
1254 880 1443 953 [Αο0.]
1481 880 1692 934 Missus
1723 878 1876 934 enim
1913 877 1969 932 in

321 979 604 1048 custodia,
642 993 744 1049 per
794 989 1017 1031 murum
1070 976 1245 1028 noctu
1297 969 1522 1037 aufugit
1553 967 1625 1023 ad
1658 965 1968 1022 ecclesiam

324 1067 512 1123 sancti
534 1065 722 1130 Petri;
751 1063 882 1119 inde
906 1078 936 1118 a
963 1060 1199 1116 Francis
1232 1057 1532 1128 Spoletum
1555 1055 1864 1122 deductus,
1904 1066 1969 1107 ac

325 1155 552 1211 demum
567 1153 636 1210 ad
653 1150 1071 1207 Palabronnam
1097 1145 1410 1203 honoriﬁce
1428 1158 1456 1200 a
1474 1157 1609 1212 rege
1633 1145 1966 1211 susceptus,

323 1248 532 1299 etcum
559 1242 778 1295 honore
807 1239 1044 1294 Romam
1068 1239 1158 1291 est
1184 1232 1485 1289 remissus.
1525 1229 1770 1298 (Chron.
1806 1228 1967 1298 Dio.)

325 1332 439 1386 Hec
464 1329 571 1385 fuit
592 1341 765 1385 causa
791 1325 979 1382 ultimi
1006 1323 1290 1378 adventus
1315 1318 1506 1376 Karoli
1530 1319 1766 1374 Romam
1789 1316 1860 1371 ad
1883 1330 1971 1371 re-

323 1416 643 1488 parandum
667 1413 951 1471 aecclesia
999 1415 1235 1480 statum,
1266 1407 1362 1464 ubi
1385 1411 1572 1462 totum
1599 1404 1805 1460 hiemis
1830 1409 1971 1459 tem-

324 1520 432 1576 pus
455 1503 671 1573 exegit,
725 1517 838 1572 quo
863 1501 919 1555 in
946 1505 1203 1570 tempore
1251 1493 1624 1568 imperatoris
1646 1496 1704 1548 et
1733 1491 1965 1562 augusti

325 1607 528 1649 nomen
551 1590 862 1661 assumpsit
885 1593 1074 1657 a.799,
1103 1586 1217 1640 ind.
1236 1590 1288 1655 8,
1314 1583 1467 1655 quod
1491 1581 1695 1654 primis
1723 1580 1967 1637 multum

2083 718 2265 759 annos
2302 708 2369 758 25
2410 717 2614 773 magno
2654 704 3048 761 moderamine
3087 707 3237 760 rexit
3289 706 3613 778 imperium,
3661 714 3727 762 et

2083 791 2352 847 hostibus
2385 791 2634 846 fortibus
2669 791 2950 848 resistens
2983 798 3258 863 potenter
3281 808 3379 850 eos
3408 794 3644 850 terruit.

2155 878 2337 948 [EINIL
2374 878 2546 948 Ann.]
2581 879 2743 934 Anno
2773 883 2877 936 816
2900 880 3045 936 obiit
3078 882 3186 936 Leo
3219 896 3384 954 papa,
3430 886 3487 937 et
3521 896 3724 942 succe—

2083 965 2224 1021 dens
2254 967 2583 1037 Stephanus
2614 967 2884 1037 sequenti
2917 982 3066 1025 anno
3095 969 3260 1039 obiit,
3293 970 3387 1026 cui
3428 970 3725 1042 successit

2080 1054 2396 1110 Paschalis.

2155 1145 2316 1198 Anno
2348 1145 2453 1198 817
2478 1143 2807 1200 Ludovicus
2845 1143 3153 1201 concilium
3193 1145 3394 1201 habuit
3437 1145 3508 1201 de
3545 1145 3726 1202 abba-

2079 1231 2241 1287 tibus
2272 1235 2331 1285 et
2373 1231 2687 1302 monachis,
2731 1231 2828 1287 ubi
2869 1231 3137 1288 interfuit
3180 1233 3534 1304 Apollinaris
3572 1234 3726 1290 abba

2079 1317 2553 1387 Flaviniacensis,
2589 1323 2650 1374 et
2682 1320 2844 1375 obhit
2875 1323 2997 1377 826.
3077 1357 3082 1362 -

2153 1407 2283 1478 (Ep.
2315 1408 2582 1478 Hinom.)
2617 1410 2778 1464 Anno
2813 1408 3000 1479 ipsius
3023 1408 3216 1465 domni
3256 1408 3532 1465 Ludovici
3563 1414 3615 1477 8,
3651 1409 3727 1464 ab

2080 1494 2301 1551 incarn.
2327 1498 2482 1551 Dom.
2509 1501 2631 1566 823,
2659 1501 2830 1553 natus
2851 1503 2944 1553 est
2964 1498 3016 1554 ei
3034 1497 3188 1555 filius
3208 1497 3454 1554 Karolus
3477 1498 3533 1552 in
3547 1498 3728 1553 Fran-

2080 1583 2390 1640 conofurth
2423 1584 2638 1655 palatio
2670 1599 2840 1655 novo,
2881 1591 2940 1642 et
2971 1586 3050 1642 ibi
3081 1585 3385 1650 ordinatus
3414 1590 3505 1642 est
3535 1585 3728 1658 pridie

325 1680 556 1750 quidem
581 1659 889 1734 aversatus
912 1681 1019 1732 est.
1056 1674 1245 1748 [Ano.]
1280 1675 1416 1762 Tum
1440 1671 1636 1727 habita
1663 1669 1966 1740 quastione
1995 1698 2053 1762 B
2081 1671 2217 1762 Idus
2245 1659 2396 1728 Junii
2416 1674 2607 1742 Drogo
2634 1675 2826 1730 Karoli
2851 1669 3032 1745 Magni
3060 1675 3232 1745 filius,
3261 1679 3322 1730 et
3350 1675 3524 1732 datus
3547 1678 3643 1731 est
3663 1673 3717 1729 ei

329 1768 399 1823 de
431 1767 535 1838 eis,
572 1767 665 1836 qui
700 1766 942 1821 Leonem
989 1778 1191 1835 papam
1226 1762 1303 1817 ita
1340 1760 1648 1816 inhoneste
1677 1761 1970 1813 tractave-

330 1860 480 1924 rant,
506 1858 561 1909 et
587 1851 929 1924 deponendo
950 1850 1528 1917 contumeliaverant,
1557 1851 1620 1903 ut
1645 1860 1776 1901 reos
1798 1844 1969 1914 maje-

326 1942 498 1997 statis
519 1942 710 2012 capite
735 1937 1290 2012 plectendosjussit.
1307 1938 1418 1992 Pro
1445 1936 1656 2006 quibus
1679 1933 1809 2005 pius
1831 1947 1970 2004 pon-

328 2029 473 2085 tifex
505 2029 857 2097 intercessit,
885 2033 942 2083 et
965 2041 1067 2082 rex
1089 2026 1174 2082 eis
1197 2025 1370 2081 vitam
1395 2029 1452 2080 et
1475 2023 1728 2080 membra
1764 2021 1970 2094 perdo-

328 2117 518 2184 navit;
553 2116 608 2171 in
636 2115 871 2172 exilium
900 2119 1094 2170 tamen
1127 2119 1265 2170 sunt
1297 2112 1478 2168 missi.

398 2207 559 2260 Anno
582 2199 654 2260 ab
676 2205 786 2259 inc.
810 2205 967 2259 Dom.
994 2207 1119 2272 803,
1146 2203 1464 2273 imperator
1488 2200 1835 2269 legationem
1860 2199 1968 2253 Ro-

330 2307 477 2348 mam
502 2291 658 2346 misit
685 2292 755 2345 de
781 2289 1121 2359 inquirenda
1159 2288 1426 2356 veritate,
1455 2287 1521 2356 si,
1551 2292 1613 2343 ut
1645 2286 1964 2356 ferebatur,

326 2379 563 2448 sanguis
599 2378 813 2433 Christi
838 2379 892 2432 in
916 2379 1143 2432 Mantua
1178 2375 1381 2432 fuisset
1415 2375 1704 2430 inventus.
1742 2374 1862 2440 Qua
1897 2373 1967 2429 de

325 2482 499 2524 causa
533 2468 642 2522 Leo
675 2466 729 2521 in
764 2465 1060 2522 Franciam
1097 2464 1276 2533 venit,
1312 2478 1480 2533 quem
1515 2463 1832 2533 imperator
1862 2462 1967 2515 Rc-

326 2571 548 2613 morum
571 2555 808 2612 civitate
833 2559 1192 2624 susceptum,
1218 2551 1467 2607 natalem
1492 2550 1716 2606 Domini
1745 2565 1873 2606 cum
1897 2563 1966 2604 eo

2083 1761 2456 1831 episcopatus
2485 1763 2776 1833 Metensis,
2809 1768 2869 1819 et
2891 1765 3208 1820 I-lumberto
3240 1763 3591 1835 praecentori
3625 1776 3726 1834 pa-

2082 1848 2204 1906 latii
2227 1850 2582 1922 episcopium
2607 1851 2895 1908 Meldense
2919 1852 3197 1908 traditum
3220 1854 3328 1908 est.
3362 1851 3467 1917 Qui
3501 1851 3722 1907 invenit

2081 1938 2137 1993 in
2160 1939 2284 2009 ipsa
2308 1938 2568 1996 aecclesia
2594 1939 3110 2010 quaterniunculos
3134 1940 3204 1996 de
3222 1941 3340 1995 vita
3365 1940 3552 1996 sancti
3584 1941 3726 1995 San-

2079 2026 2239 2097 ctini,
2263 2026 2368 2082 sed
2390 2026 2558 2082 valde
2577 2026 2889 2082 contritos.
2917 2026 3131 2082 Eodem
3157 2042 3304 2083 anno
3329 2028 3383 2083 in
3409 2026 3718 2083 territorio

2078 2113 2350 2185 Tullensi,
2382 2115 2519 2171 villa
2553 2115 3000 2186 Commarciaco,
3029 2115 3220 2186 puella
3245 2115 3490 2172 sabbato
3516 2121 3724 2172 sancto

2080 2207 2207 2274 post
2258 2207 2556 2275 acceptam
2604 2202 3066 2259 communionem
3107 2204 3372 2274 jejunare
3421 2204 3618 2276 coepit,
3665 2209 3724 2259 et

2079 2296 2202 2347 tres
2234 2305 2414 2347 annos
2448 2292 2669 2361 absque
2699 2291 2884 2348 omnis
2922 2291 3036 2347 cibi
3069 2296 3128 2346 et
3148 2297 3320 2362 potus
3351 2292 3730 2364 perceptione

2080 2393 2445 2452 permanens,
2465 2394 2515 2434 a.
2532 2383 2637 2435 826
2653 2380 2865 2436 iterum
2886 2379 3233 2436 manducare
3253 2380 3448 2452 coepit.
3478 2381 3724 2451 (Chron.

2077 2468 2238 2540 Dio.)
2270 2467 2483 2522 Habuit
2525 2467 2850 2524 Ludovicus
2877 2471 2935 2522 et
2964 2467 3110 2524 alios
3150 2471 3268 2524 tres
3300 2467 3475 2539 ﬁlios,
3511 2469 3729 2524 Lotha-

2081 2555 2251 2625 rium,
2304 2554 2658 2611 Ludovicum
2711 2560 2768 2610 et
2819 2555 3146 2626 Pippinum,
3180 2561 3238 2612 et
3268 2571 3340 2612 ex
3379 2555 3491 2612 alia
3543 2571 3731 2613 uxore

325 2645 617 2700 celebrem
641 2643 902 2712 duxit,ct
924 2642 1198 2696 donatum
1219 2639 1482 2694 maximis
1504 2637 1839 2694 muneribus
1865 2651 1967 2708 per
2073 2644 2384 2714 juniopem,
2423 2659 2590 2714 quem
2621 2643 2874 2700 diximus
2905 2643 3192 2700 Carolum,

329 2731 626 2786 Bavariam
660 2731 742 2785 ire
775 2728 1066 2785 volentem
1117 2726 1327 2782 deduci
1371 2726 1505 2782 fecit
1539 2739 1720 2795 usque
1752 2727 1968 2781 Raven-

328 2833 592 2977 ι13300]
643 2907 804 2960 Anno
837 2904 907 2959 ab
940 2904 1050 2959 inc.
1086 2905 1244 2958 Dom.
1279 2906 1382 2959 806
1426 2900 1617 2957 delata
1669 2904 1802 2958 sunt
1843 2915 1968 2957 cor-

331 3009 470 3065 pora
502 2999 562 3049 et
591 3008 725 3050 ossa
760 2993 944 3049 sancti
979 2991 1231 3063 Cipriani
1255 3005 1284 3046 a
1310 2990 1657 3059 Carthagine
1681 3005 1810 3047 cum
1837 2989 1968 3044 reli-

2153 2732 2336 2802 [ΕιΝιι.
2368 2732 2545 2803 Ann]
2594 2733 2758 2788 Anno
2787 2735 2893 2788 824
2919 2731 3217 2789 Paschalis
3266 2747 3413 2805 papa
3466 2733 3635 2803 obiit,
3668 2739 3727 2789 et

2079 2820 2372 2889 Eugenius
2418 2820 2724 2890 successit,
2759 2827 2818 2874 et
2865 2819 3055 2876 tribus
3100 2821 3265 2877 annis
3315 2821 3729 2878 administrata

2083 2907 2426 2978 pontificatu
2457 2907 2732 2976 Romano,
2768 2905 3074 2962 Valentino
3107 2907 3302 2963 sedem
3337 2907 3592 2979 reliquit,
3619 2910 3720 2980 qui

2079 2993 2282 3050 eodem
2305 3008 2500 3050 mense
2523 2994 2690 3064 obiit,
2710 2999 2767 3050 et
2783 2994 3180 3064 GregoriusIV
3193 2996 3493 3052 successit.
3523 2994 3730 3066 (Gesta

329 3057 481 3154 quiis
513 3082 944 3138 Scillitanorum
978 3057 1314 3152 martyrum,
1349 3057 1574 3150 Sperati
1598 3083 1658 3134 et
1682 3078 1966 3136 sociorum
2001 3057 2132 3153 Cp.
2160 3083 2258 3153 Β.)
2295 3082 2452 3138 Sedit
2485 3097 2534 3138 a.
2572 3057 2779 3150 19.’(Α.
2811 3057 2986 3139 Γπῖιί.
3029 3086 3151 3152 833,
3187 3083 3336 3153 834.)
3370 3057 3549 3154 Hujus
3583 3089 3728 3140 tem-

328 3171 472 3242 ejus,
489 3177 545 3227 et
564 3170 823 3242 Lugduni
842 3170 895 3225 in
911 3168 1154 3226 ecclesia
1181 3167 1366 3225 sancti
1389 3167 1667 3223 Johannis
1690 3167 1966 3238 Baptistae

331 3261 537 3330 posita.

401 3349 587 3417 (Envn.
623 3349 800 3413 Ann.)
852 3347 1012 3400 Anno
1061 3345 1131 3399 ab
1182 3343 1295 3399 inc.
1348 3342 1507 3398 Dom.
1553 3345 1657 3400 810
1686 3341 1966 3412 Pippinus

329 3433 512 3490 italia;
538 3447 648 3489 rex
663 3432 1022 3502 defungitur,
1044 3433 1098 3486 in
1122 3431 1288 3501 cujus
1311 3444 1488 3500 regno
1521 3429 1764 3486 Karolus
1785 3428 1965 3485 filium

329 3521 455 3592 ejus
478 3522 829 3577 Bernardum
858 3526 1123 3591 nepotem
1146 3534 1313 3577 suum
1337 3518 1664 3587 substituit,
1691 3522 1749 3573 et
1772 3530 1965 3587 regem

328 3608 610 3683 appellari
644 3608 969 3664 constituit.

400 3701 564 3753 Anno
595 3697 668 3752 ab
707 3696 820 3750 inc.
875 3698 1030 3750 Dom.
1064 3699 1165 3752 813
1217 3694 1448 3765 quidam
1499 3693 1570 3749 de
1615 3693 1968 3764 primoribus

330 3789 717 3843 Romanorum
765 3783 1252 3854 conspiraverunt
1297 3783 1352 3838 in
1402 3782 1703 3838 interitum
1764 3782 1970 3838 Leonis

331 3891 514 3947 papae,
543 3873 638 3945 qui
671 3872 1073 3944 comprehensi
1103 3872 1269 3942 jussu
1293 3871 1452 3928 illius
1482 3870 1776 3927 interfecti
1808 3875 1964 3927 sunt.

331 3966 548 4020 Exacto
599 3978 736 4018 vero
780 3965 1026 4032 papatus
1072 3962 1159 4017 sui
1211 3975 1361 4017 anno
1412 3966 1508 4017 21ο
1538 3974 1668 4016 cum
1709 3959 1968 4030 graviter

330 4055 664 4122 aegrotaret,
718 4050 955 4105 Romani
1005 4048 1251 4105 collecta
1293 4064 1460 4104 manu
1504 4047 1693 4104 omnia
1726 4047 1965 4120 praedia,

331 4155 458 4212 quae
492 4141 547 4196 in
578 4138 822 4209 singulis
869 4138 1171 4194 civitatum
1225 4137 1542 4194 territoriis
1574 4136 1804 4193 noviter
1834 4151 1969 4194 con-

332 4233 652 4295 struxerat,
713 4227 900 4297 primo
947 4225 1249 4298 diripiunt,
1304 4225 1514 4281 deinde
1568 4229 1960 4282 concremant.

331 4316 489 4383 Quos
520 4315 815 4386 prohibuit
839 4316 910 4370 ab
933 4314 1165 4385 incepto
1192 4314 1527 4370 Bernardus
1559 4312 1885 4384 ltalizerex,
1906 4318 1966 4369 et

328 4404 530 4460 eodem
565 4417 713 4458 anno
745 4402 890 4458 obiit
921 4417 1064 4473 papa
1098 4404 1226 4456 Leo.

401 4490 642 4562 (Chron.
667 4491 828 4560 Div.)
851 4492 1122 4544 Extremo
1142 4489 1192 4544 vi
1207 4493 1276 4546 tae
1300 4504 1420 4546 suae
1445 4493 1704 4560 tempore
1725 4504 1966 4560 congre-

2080 3183 2240 3239 pore,
2267 3174 2330 3224 ut
2361 3167 2416 3223 in
2440 3168 2631 3224 Gestis
2662 3169 3011 3224 Francorum
3045 3167 3279 3238 legitur,
3314 3169 3639 3226 Ludovicus
3665 3171 3721 3225 in

2078 3256 2376 3314 Elisatiam
2391 3258 2690 3329 profectus
2713 3257 3159 3313 occurrentibus
3183 3256 3260 3312 ibi
3295 3255 3427 3312 ﬁliis
3449 3257 3571 3314 suis
3588 3273 3722 3314 cum

2079 3346 2322 3416 praefato
2346 3345 2623 3414 Gregorio
2644 3345 2898 3400 Romano
2924 3342 3222 3415 pontifice,
3251 3344 3473 3412 judicio
3497 3345 3724 3415 episco-

2079 3448 2286 3506 porum
2321 3448 2524 3489 nomen
2551 3433 2824 3504 deposuit
2849 3436 2903 3487 et
2930 3431 3000 3487 ad
3024 3432 3404 3502 penitentiam
3437 3433 3720 3501 agendam

2079 3521 2379 3592 aliquanto
2401 3527 2662 3591 tempore
2686 3520 2952 3590 privatus
2971 3523 3022 3575 et
3052 3518 3313 3576 inclusus
3334 3519 3644 3576 victitavit.

2151 3609 2342 3681 [Ano.]
2375 3610 2540 3664 Anno
2563 3611 2665 3662 828
2693 3621 2824 3663 cum
2855 3607 3039 3662 omnis
3070 3612 3336 3678 potestas
3368 3609 3722 3666 Francorum

2078 3698 2164 3752 Pii
2195 3696 2468 3753 Ludovici
2518 3695 2712 3751 studio
2761 3698 2998 3751 vacaret
3044 3695 3182 3765 otio,
3235 3695 3467 3766 quidam
3496 3701 3721 3753 tantam

2081 3787 2214 3842 boni
2248 3799 2408 3857 spem
2430 3783 2499 3818 ²⁴⁶
2521 3799 2631 3839 non
2664 3785 2939 3853 ferentes,
2975 3797 3213 3840 uxorem
3246 3783 3620 3856 imperatoris
3649 3787 3723 3843 ab

2079 3873 2204 3944 ejus
2235 3873 2416 3928 latere
2441 3872 2497 3927 in
2523 3871 2889 3942 Aquitaniam
2922 3871 3031 3927 sub
3061 3871 3332 3927 custodia
3365 3871 3645 3942 dirigunt.
3675 3878 3720 3930 Α

2081 3975 2215 4031 rege
2249 3974 2477 4032 quoque
2515 3960 2825 4016 universus
2876 3957 3127 4030 populus
3160 3959 3436 4016 deﬁciens
3465 3961 3536 4016 ad
3567 3961 3724 4018 filios

2079 4049 2204 4120 ejus
2226 4063 2287 4106 se
2313 4046 2620 4104 transtulit
2645 4065 2656 4100 :
2684 4047 2806 4118 ipse
2836 4045 3123 4103 custodiae
3155 4047 3408 4104 traditus
3438 4055 3548 4116 est,
3575 4065 3724 4106 uxor

2079 4137 2205 4208 ejus
2237 4136 2437 4192 itidem
2471 4134 2755 4192 custodia:
2785 4133 3127 4210 mancipata
3158 4139 3275 4199 est;
3312 4135 3414 4192 sed
3443 4141 3588 4193 nutu
3621 4138 3720 4193 Dei

2079 4231 2211 4299 post
2241 4231 2329 4281 tot
2349 4223 2416 4256 ²⁴⁷
2445 4223 2688 4280 adversa
2722 4236 3006 4294 prospera
3038 4222 3384 4294 succedunt,
3415 4225 3614 4296 populi
3645 4226 3721 4282 ad

2078 4313 2458 4386 penitentiam
2504 4310 2573 4344 ²⁴³
2629 4314 3071 4381 convertuntur,
3125 4310 3310 4381 ipsum
3361 4311 3418 4367 in
3469 4313 3721 4384 pristino

1991 4403 2046 4465 D
2077 4401 2259 4474 gradu
2284 4403 2626 4457 revocantes
2657 4389 2993 4470 sublimant,
3020 4397 3121 4454 filii
3145 4399 3372 4456 nunciis
3394 4401 3590 4458 missis
3623 4417 3721 4458 ve-

2075 4490 2226 4546 niam
2242 4489 2773 4559 flagitant,matrem
2788 4487 3092 4544 reducunt.
3111 4485 3396 4560 [Reciso]
3414 4489 3717 4546 Clothario

327 4578 484 4649 gatis
515 4577 769 4634 omnium
805 4579 1153 4633 Francorum
1202 4577 1578 4648 primoribus,
1614 4577 1963 4634 Ludovicum
2069 4579 2185 4650 jam
2236 4579 2573 4651 imperatori
2605 4585 2667 4638 ut
2697 4584 2864 4637 extra
2892 4579 2961 4613 ²⁴⁹
2990 4581 3214 4638 Italiam
3264 4580 3373 4636 nisi
3422 4582 3590 4651 patre
3629 4578 3722 4650 ju-

329 4666 510 4724 fllium
543 4681 710 4738 suum
743 4672 1073 4722 consortem
1105 4665 1266 4735 regni
1289 4670 1346 4720 et
1371 4664 1687 4736 imperialis
1718 4666 1966 4722 nominis
2077 4669 2248 4725 bente
2278 4683 2389 4724 non
2424 4668 2858 4740 procederet’”
2881 4669 3173 4742 principes
3206 4671 3514 4741 imperant.
3549 4667 3718 4734 Quod

328 4752 1960 4826 fecitheredem,impositocapitiejusdiademate.[Brem].
2076 4757 2269 4814 divina
2300 4755 2368 4789 “1
2401 4757 2618 4828 pietate
2646 4767 2703 4813 et
2737 4757 2926 4827 gratia
2959 4759 3172 4815 factum
3205 4764 3296 4815 est
3328 4757 3461 4829 quia
3494 4757 3620 4829 ipse
3649 4755 3720 4790 ²⁵²

327 4846 452 4913 Quo
485 4845 539 4900 in
568 4849 833 4914 tempore
869 4841 1214 4898 Herilandus
1250 4843 1510 4913 suscepit
1543 4842 1963 4899 Virdunensem
2078 4847 2396 4918 imperator
2426 4846 2482 4900 in
2515 4847 2895 4917 sequentibus
2919 4847 3138 4916 judicio
3183 4847 3590 4919 episcoporum
3639 4845 3712 4903 ad

326 4933 753 5005 episcopatum.
787 4931 875 4987 vir
906 4929 1150 4987 multum
1181 4929 1427 5000 simplex
1455 4935 1514 4985 et
1547 4929 1697 4986 ultra
1732 4931 1964 4986 modum
2075 4934 2462 5006 penitenciam
2508 4935 2921 4992 reconciliatus
2953 4940 3061 4992 est.
3098 4936 3225 4992 Fuit
3259 4939 3450 4992 autem
3485 4936 3593 4991 hec
3625 4935 3722 4992 de-

309 5021 620 5087 infirmus;
643 5025 702 5076 et
723 5019 815 5076 hic
838 5019 1090 5091 expletis
1113 5019 1168 5074 in
1193 5018 1532 5090 episcopatu
1551 5018 1717 5074 annis
1739 5024 1790 5089 7,
1819 5019 1960 5075 obiit
2070 5023 2250 5092 jectio
2275 5020 2343 5054 ³³³
2366 5021 2610 5078 maxima
2633 5037 2705 5079 ex
2726 5029 2893 5093 parte
2926 5025 3076 5080 facta
3103 5039 3207 5097 pro
3232 5023 3571 5080 multimoda
3606 5024 3720 5080 for-

329 5109 528 5179 Aquis,
553 5112 611 5162 et
635 5107 857 5165 relatus
891 5108 1044 5179 inde,
1069 5105 1338 5179 sepultus
1368 5110 1459 5162 est
1487 5105 1652 5176 juxta
1685 5110 1966 5163 Anstran-
2077 5109 2367 5166 nicatione
2395 5109 2594 5166 Iudith
2627 5112 2827 5168 uxoris
2859 5111 3006 5182 ejus.

329 5210 464 5254 num
486 5195 544 5252 in
567 5194 808 5252 basilica
832 5197 1018 5253 sancti
1038 5194 1248 5253 Vitoni.
1272 5194 1514 5266 (Chron.
1535 5194 1699 5267 Dio.)
1719 5193 1966 5255 Karolus
2149 5197 2364 5272 [BER'L]
2399 5201 2564 5257 Anno
2594 5202 2699 5257 839
2729 5200 3040 5261 Lotharius
3091 5199 3296 5261 relicta
3339 5200 3578 5259 Francia
3613 5201 3720 5258 ita-

1692 5323 1928 5380 VARIIE
1966 5323 2366 5380 LECTIONES.

393 5428 465 5464 ¹⁴⁶
495 5429 666 5514 bonis
693 5428 1086 5514 ξπρρζερᾷείίέῖ
1118 5435 1252 5514 p:_t.
1288 5444 1338 5487 a.
1373 5427 1767 5514 qnpplggi."f‘
1797 5429 2370 5514 peniten‘auppleoz’.
2407 5427 2477 5465 ²⁴⁹
2512 5435 2576 5490 ut
2623 5434 2790 5488 extra
2839 5429 3050 5490 deleta.
3085 5427 3157 5464 ³⁵⁰
3188 5428 3536 5500 procederet
3577 5429 3712 5488 dele

333 5500 473 5561 nm.
506 5499 574 5536 ⁸⁵⁸
605 5498 1101 5561 divina—delatum.
1119 5498 1202 5534 ‘3"
1231 5498 1517 5574 εαρρῑεῦἰ.
1550 5498 1620 5534 ³⁸³
1649 5498 1898 5572 dejectio
1929 5498 2198 5562 deleturi.
