3936 6050
143 250 260 321 165

1415 242 1917 319 CHRONICON.
1953 288 2031 301 -—
2058 246 2213 319 LIB.
2260 249 2306 317 I.
2587 276 2619 293 α

3438 250 3555 323 166

141 391 275 450 liam
306 392 481 466 petit.
515 392 677 451 Ebbo
705 392 1013 450 Remorum
1045 390 1526 465 archiepiscopus
1565 390 1800 462 deponi-
1827 393 1882 452 A
1912 391 2069 446 Dom.
2106 392 2211 447 842
2245 388 2334 461 ²⁸⁸,
2370 392 2701 463 Normanni,
2735 392 2790 448 id
2823 396 2913 449 est
2931 391 3306 464 aquilonares
3326 395 3548 468 populi,

135 487 257 552 tur,
286 487 350 540 et
380 481 548 540 multi
594 481 691 539 alii
722 480 905 539 exilio
937 481 1347 552 dampnantur,
1386 480 1518 551 quia
1557 479 1614 535 in
1646 478 1803 549 deje-

143 570 404 628 ctionem
440 570 811 643 imperatoris
860 569 1361 642 conspiraverant.
1397 569 1679 625 Defuncto
1706 582 1802 625 au-

134 664 247 716 tem
281 659 603 716 Herilando
651 658 938 727 antistite,
972 658 1115 714 abiit
1172 672 1307 729 pars
1340 656 1484 713 cleri
1516 659 1576 711 et
1611 655 1800 727 plebis

138 747 481 805 Virdunicm
511 745 584 803 ad
608 745 995 802 Hludovicum
1028 746 1443 817 imperatorem
1466 758 1616 801 anno
1639 745 1795 798 Dom.

139 834 248 891 inc.
286 836 420 903 827,
456 838 512 889 et
549 833 848 904 petierunt
884 831 993 890 sibi
1043 831 1169 887 dari
1199 831 1469 888 domnum
1509 829 1797 886 Hildinum

137 920 207 977 de
238 919 633 989 ‘Alemannia,
687 918 877 976 virum
924 918 1136 974 bonum
1186 922 1246 973 et
1277 921 1567 985 sanctum,
1596 916 1692 986 qui
1743 915 1799 970 in

138 1008 493 1080 episcopatu
508 1023 613 1065 suo
628 1007 843 1064 multas
855 1006 1156 1064 ecclesias
1170 1005 1523 1075 construxit,
1539 1009 1598 1060 et
1621 1006 1798 1060 multa

140 1096 287 1152 bona
319 1102 605 1168 operatus
632 1100 721 1152 est
757 1094 1003 1162 (Chron.
1047 1095 1211 1165 Dio.)
1246 1093 1570 1151 Ludovicus
1624 1092 1804 1161 igitur

141 1199 388 1255 regnum
422 1199 592 1242 suum
624 1184 780 1240 inter
828 1184 979 1241 filios
1027 1198 1166 1241 suos
1198 1182 1481 1253 dividens,
1533 1179 1802 1237 Lothario

141 1273 232 1344 qui
264 1277 401 1329 erat
436 1271 617 1342 major
666 1275 806 1329 natu
835 1271 1083 1328 tradidit
1134 1269 1440 1341 imperium
1476 1271 1533 1323 et
1563 1281 1802 1338 regnum

139 1359 346 1430 Italiae,
373 1365 433 1416 et
458 1363 686 1430 partem
708 1359 968 1416 Francize
990 1372 1160 1429 quam
1183 1358 1335 1413 Mosa
1359 1362 1419 1411 et
1436 1357 1631 1411 Renus
1653 1354 1805 1410 inter

139 1462 196 1505 se
226 1446 531 1517 dividunt,
583 1450 643 1503 et
677 1450 903 1519 partem
957 1443 1335 1516 Burgundiaa;
1370 1442 1660 1500 Ludovico
1690 1445 1807 1497 tra-

148 1536 295 1592 didit
333 1536 683 1593 Bawariami
718 1534 1043 1603 Saxoniam,
1078 1537 1135 1589 et
1169 1547 1344 1603 regna
1378 1547 1505 1603 quas
1561 1528 1806 1586 Karolus

140 1624 503 1695 subegerat;
558 1624 806 1696 Pippino
866 1622 1256 1694 Aqiitaniam,
1318 1619 1683 1676 Wasconiam
1744 1622 1803 1673 et

141 1719 358 1768 terram
382 1712 495 1769 sibi
520 1711 846 1783 subjectam
877 1724 1068 1782 usque
1086 1710 1142 1765 in
1166 1707 1530 1780 Hispaniam;
1556 1704 1805 1763 Karolus
1833 1750 1888 1810 B

141 1800 413 1858 minimus
448 1805 610 1871 natu,
655 1799 753 1871 qui
805 1798 1016 1856 Calvus
1046 1802 1135 1855 est
1168 1796 1382 1867 dictus,
1434 1794 1684 1867 adeptus
1712 1796 1802 1850 est

141 1888 468 1959 Franciam,
493 1887 906 1959 Burgundiam,
933 1885 1284 1943 Neustriam.
1318 1882 1481 1941 Unde
1520 1881 1803 1953 indignati

139 1982 270 2035 sunt
310 1979 555 2048 fratres,
582 1977 716 2048 quia
750 1975 1028 2033 nolebant
1075 1989 1208 2031 eum
1239 1973 1351 2030 sibi
1408 1970 1649 2043 aquari,
1711 1968 1805 2026 Vel

141 2068 275 2137 quio
305 2065 519 2122 melior
548 2080 685 2138 pars
712 2064 875 2136 regni
904 2065 957 2120 ei
999 2063 1214 2121 collata
1245 2061 1472 2120 fuisset.
1510 2058 1652 2132 (Fol.
1689 2059 1804 2129 62.)

142 2155 301 2211 Unde
337 2157 478 2226 post
511 2153 697 2225 patris
725 2152 948 2209 obitum
979 2165 1157 2222 grave
1184 2150 1338 2208 inter
1360 2163 1463 2206 eos
1492 2153 1683 2205 ortum
1710 2150 1801 2203 est

144 2242 385 2312 bellum,
418 2246 479 2297 et
510 2245 708 2297 tamen
754 2244 975 2297 statuta
1007 2240 1192 2312 patris
1220 2236 1514 2304 immutari
1569 2249 1680 2292 non
1713 2249 1809 2291 va-

145 2330 410 2387 luerunt.
451 2328 537 2386 Ad
567 2332 894 2403 extremum
924 2328 1100 2384 etiam
1158 2325 1528 2397 Aquitaniam
1561 2321 1808 2380 Karolus

122 2417 426 2489 _optinuit.
463 2416 709 2489 Pippino
738 2416 891 2473 enim
915 2419 1052 2473 ante
1077 2420 1302 2488 patrem
1328 2414 1625 2483 defuncto,
1651 2410 1808 2467 filius

142 2506 424 2578 Pippinus
454 2504 753 2575 remansit,
788 2504 887 2575 qui
918 2504 1053 2574 quia
1084 2503 1155 2560 ad
1206 2516 1448 2573 regnum
1478 2500 1811 2571 gubernan-

148 2595 279 2650 dum
340 2594 538 2651 minus
594 2592 700 2649 fuit
734 2591 915 2663 utilis,
978 2591 1051 2649 ad
1082 2590 1357 2648 Karolum
1391 2603 1455 2647 se
1513 2587 1810 2661 principes

145 2682 549 2752 contulerunt,
584 2686 642 2738 et
698 2680 961 2750 regnavit
992 2677 1240 2737 Karolus
1271 2677 1481 2735 Calvus
1529 2675 1806 2732 annis.....

148 2773 309 2827 Anno
350 2769 581 2826 Domini
613 2772 717 2825 839
746 2782 967 2840 corpus
1000 2767 1189 2826 sancti
1215 2764 1610 2823 Bartholomei
1636 2764 1812 2819 Bene-

146 2862 382 2915 ventum
413 2857 674 2914 delatum
705 2860 816 2912 est.
844 2856 1001 2913 Obiit
1029 2854 1384 2927 Apollinaris
1408 2854 1590 2911 abbas
1618 2850 1805 2908 Flavi-

148 2947 441 3005 niacensis
469 2946 657 3019 pridie
708 2945 943 3002 Kalend.
976 2944 1218 3017 Aprilis,
1271 2942 1620 3000 duodecimo
1652 2954 1803 2997 anno

153 3034 449 3104 Ludovici,
480 3039 540 3091 et
575 3039 701 3106 post
732 3032 880 3092 duos
909 3046 1092 3091 annos
1122 3031 1369 3103 Vigilius
1400 3028 1682 3089 successit
1716 3042 1814 3085 an-

1911 485 2286 537 vastaverunt
2310 482 2711 550 Rotomagum,
2737 495 2885 538 anno
2910 485 2931 538 1
2959 482 3211 538 Lotharii
3243 489 3303 540 et
3336 484 3549 541 Karoli.

1984 604 2208 670 (Gesta.
2231 619 2288 674 ρ.
2315 605 2414 670 R.)
2440 606 2601 661 Anno
2624 607 2729 662 844
2752 611 2982 661 mortuo
3009 606 3290 674 Gregorio
3316 607 3557 676 Sergius

1916 704 2056 763 papa
2090 692 2376 760 succedit,
2409 698 2468 747 et
2500 697 2529 747 3
2559 707 2738 749 annos
2789 693 3194 750 administrate
3228 695 3557 751 sacerdotio

1912 779 2083 835 Leoni
2118 781 2186 834 IV
2236 779 2568 850 dereliquit,
2631 786 2685 835 et
2723 786 2854 852 post
2909 796 3107 838 annos.
3137 824 3149 837 .
3178 824 3190 838 .
3223 825 3235 837 .
3270 783 3555 839 successit

1912 868 2261 924 Benedictus
2284 870 2356 923 III
2379 869 2544 925 annis
2577 874 2629 939 2,
2664 873 2723 924 et
2746 868 3019 926 Nicolaus
3046 871 3084 925 I.
3122 870 3229 937 Qui
3251 870 3556 928 exactisin

1912 954 2243 1012 sacerdotio
2276 957 2341 1011 10
2373 956 2537 1011 annis
2565 957 2818 1013 Adriano
2844 957 3183 1014 cathedram
3206 958 3559 1029 reliquitan-

1914 1057 1984 1100 no
2017 1045 2088 1099 ab
2120 1044 2232 1100 inc.
2260 1046 2418 1100 Dom.
2444 1046 2565 1101 868.

1984 1168 2228 1235 (Chron.
2264 1170 2424 1235 Dio.)
2462 1169 2767 1224 Lotharius
2816 1168 2997 1238 igitur
3029 1169 3212 1239 major
3243 1174 3383 1227 natu
3413 1171 3563 1242 opti-

1913 1269 2057 1311 nens
2089 1255 2413 1327 imperium,
2442 1256 2762 1312 Contentus
2788 1256 2898 1311 fuit
2921 1269 2986 1311 ea
3013 1260 3180 1326 parte
3204 1258 3363 1326 regni
3390 1271 3561 1327 quam

1913 1358 2086 1415 supra
2122 1344 2389 1414 diximus,
2439 1358 2567 1400 cum
2602 1344 2746 1399 urbe
2795 1344 2974 1399 Roma
3004 1348 3064 1400 et
3095 1344 3279 1401 Italia.
3313 1344 3562 1401 Indictio

1914 1436 1980 1489 15
2013 1432 2119 1487 fuit
2151 1446 2335 1488 annus
2367 1431 2620 1486 Lotharii
2655 1430 3027 1502 imperatoris
3078 1430 3133 1486 in
3186 1431 3351 1486 Italia
3383 1435 3468 1502 33,
3503 1432 3563 1487 in

1915 1519 2153 1575 Francia
2185 1522 2271 1589 13,
2311 1518 2498 1589 [Ano.]
2532 1518 2742 1574 Habuit
2774 1516 2953 1574 filium
2990 1517 3346 1574 Ludovicum
3378 1518 3474 1588 qui
3506 1518 3563 1574 in

1914 1607 2033 1663 vita
2068 1606 2251 1678 patris
2283 1608 2478 1662 Romae
2509 1621 2539 1661 a
2571 1606 2770 1675 Sergio
2824 1619 2969 1676 papa
3024 1609 3342 1662 coronatus
3372 1609 3430 1661 et
3464 1604 3567 1661 im-

1918 1700 2156 1768 perator
2175 1695 2505 1767 appellatus
2528 1700 2636 1751 est.
2672 1694 2888 1766 [Βεητ.]
2915 1695 3177 1764 Regebat
3198 1695 3341 1750 tunc
3362 1691 3569 1750 Virdu-

1918 1798 2157 1840 nensem
2189 1783 2514 1840 aecclesiam
2542 1785 2829 1855 prmfatus
2868 1783 3118 1840 domnus
3150 1780 3419 1839 Hildinus
3449 1781 3569 1852 epi-

1919 1887 2154 1945 scopus,
2191 1872 2279 1929 vir
2312 1887 2415 1944 per
2446 1872 2635 1928 omnia
2661 1870 2995 1927 laudabilis.
3025 1870 3136 1927 Sed
3169 1871 3261 1926 hic
3291 1873 3426 1941 post
3448 1868 3569 1926 bel-

1918 1959 2034 2017 lum
2068 1961 2124 2017 in
2151 1959 2466 2017 Fontanido
2499 1964 2694 2016 actum
2726 1973 2932 2029 magno
2964 1958 3097 2015 odio
3127 1957 3365 2014 habitus
3405 1972 3435 2013 a
3466 1957 3569 2013 Lo-

1917 2050 2109 2106 thario
2139 2050 2515 2121 imperatore,
2546 2062 2695 2103 anno
2723 2048 2793 2103 ab
2844 2047 2955 2103 inc.
3001 2049 3159 2103 Dom.
3196 2051 3292 2103 851
3332 2045 3479 2102 obiit
3511 2045 3566 2101 in

1918 2138 2032 2194 ista
2062 2136 2305 2194 civitate
2337 2151 2467 2193 cum
2508 2149 2713 2205 magno
2743 2133 2947 2191 dolore
2969 2139 3027 2189 et
3059 2132 3305 2190 tristitia
3329 2133 3466 2189 Idus
3482 2134 3573 2189 Ja-

1916 2224 2124 2291 nuarii,
2155 2224 2379 2280 exactis
2421 2223 2477 2278 in
2509 2223 2856 2294 episcopatu
2886 2225 2956 2278 24
2986 2221 3175 2291 annis,
3210 2225 3271 2277 et
3302 2218 3572 2291 sepultus

1916 2313 1973 2368 in
2013 2313 2202 2384 cripta
2232 2312 2421 2368 saucti
2455 2311 2666 2368 Vitoni.
2704 2311 2843 2366 Post
2877 2308 3045 2379 cujus
3075 2322 3385 2365 excessum
3414 2306 3568 2363 ordi-

1917 2404 2089 2457 natus
2106 2404 2193 2456 est
2219 2399 2275 2454 in
2298 2399 2419 2471 ipsa
2443 2397 2709 2455 aecclesia
2732 2397 2962 2452 donnus
2987 2398 3179 2465 Ilatto,
3205 2399 3265 2450 et
3288 2408 3395 2466 pro
3419 2407 3567 2466 pra.

1918 2489 2075 2546 dicto
2090 2487 2461 2559 imperatoris
2475 2486 2608 2542 odio
2622 2485 2840 2541 invenit
2858 2484 3115 2540 tunicam
3139 2488 3356 2539 sancta:
3374 2481 3569 2540 Maria

1920 2593 2024 2651 per
2056 2576 2236 2633 multa
2258 2575 2502 2631 scissam
2535 2581 2594 2630 et
2616 2573 2965 2644 disruptam,
2992 2571 3047 2627 id
3073 2575 3159 2627 est
3186 2584 3282 2626 res
3311 2569 3571 2642 praafatm

1919 2664 2201 2723 aecclesiaa
2233 2661 2469 2720 nimium
2503 2663 2836 2718 subtractas
2864 2663 2921 2715 et
2956 2659 3258 2715 alienatas.
3285 2659 3399 2714 Pro
3433 2671 3573 2729 qua-

1921 2768 2048 2811 rum
2067 2751 2418 2808 alienatione
2434 2754 2491 2806 et
2509 2762 2746 2806 suorum
2762 2746 3074 2803 afﬂictione
3087 2750 3215 2801 toto
3233 2746 3366 2802 nisu
3381 2744 3573 2801 erexit

1921 2857 1982 2899 se
2012 2845 2215 2898 contra
2250 2839 2518 2896 inimicos
2550 2836 2852 2906 azcelesiae,
2886 2835 3073 2892 donec
3106 2834 3422 2891 miserante
3452 2833 3570 2890 Deo

1922 2931 1994 2987 ad
2026 2930 2337 3002 pristinum
2368 2930 2583 2984 statum
2645 2924 2835 2981 omnia
2887 2922 3198 2979 reduceret
3227 2926 3284 2977 et
3322 2920 3575 2977 redinte-

1921 3023 2140 3090 graret.
2173 3020 2416 3087 Insuper
2445 3015 2621 3070 etiam
2650 3011 2900 3084 optinuit
2935 3010 3090 3082 apud
3114 3009 3447 3066 Lotharium
3482 3007 3574 3079 ju-

153 3124 238 3180 nis
270 3126 358 3193 14,
392 3095 454 3179 et
486 3095 620 3194 post
648 3136 780 3179 eum
829 3119 1174 3178 Arewaldus
1194 3095 1575 3191 vsubrogatus
1601 3120 1690 3175 est
1724 3130 1815 3171 an-
1843 3099 1892 3161 Ο
1924 3109 2143 3164 niOI‘em
2177 3118 2371 3174 regem
2406 3101 2577 3158 Villas
2636 3104 2695 3156 θῐ
2728 3095 3449 3194 ρῐςαῗάἱθ-(ιιξεωρξιινί-ωξι,
3493 3100 3574 3194 ‘ut

153 3227 223 3270 no
251 3216 323 3268 25
354 3210 544 3283 ipsius
573 3209 865 3267 Ludovici.

220 3300 387 3357 Obiit
418 3304 613 3357 autem
642 3298 969 3357 Ludovicus
1001 3301 1069 3355 12
1099 3295 1337 3354 Kalend.
1385 3293 1525 3352 Julii
1560 3306 1708 3350 anno
1745 3291 1816 3349 ab

154 3391 263 3447 inc.
299 3391 462 3446 Dom.
494 3391 622 3456 840,
654 3387 843 3460 [Ano.]
878 3386 1104 3458 imperii
1153 3385 1242 3443 sui
1289 3398 1438 3442 anno
1470 3387 1558 3440 25.
1595 3383 1818 3453 Corpus

154 3479 281 3550 ejus
321 3492 353 3533 a
378 3478 645 3546 Drogone
670 3476 850 3532 fratre
872 3475 1091 3531 Mettim
1113 3473 1365 3530 delatum
1391 3475 1448 3528 et
1473 3471 1527 3527 in
1565 3469 1816 3527 ecclesia

158 3565 347 3623 sancti
381 3562 604 3621 Arnulil
638 3563 895 3635 positum
946 3567 1056 3620 est.
1098 3561 1393 3619 Successit
1421 3558 1730 3616 Lotharius
1761 3557 1816 3611 in

162 3668 360 3725 regno.

233 3739 529 3817 [Rscmm]
562 3742 726 3797 Anno
759 3739 831 3796 ab
864 3739 976 3796 inc.
1025 3738 1187 3794 Dom.
1221 3739 1319 3793 841
1357 3736 1464 3794 fuit
1497 3735 1650 3806 apud
1681 3735 1823 3790 Fon-

163 3831 433 3889 tanidum
467 3827 686 3886 bellum
713 3826 1121 3898 gravissimum
1153 3826 1307 3882 inter
1327 3826 1539 3881 fratres
1553 3823 1705 3879 ﬁlios
1722 3823 1825 3879 Lu-

167 3919 384 3989 dovici,
399 3921 593 3975 etnon
617 3917 741 3973 sine
767 3930 972 3986 magno
989 3929 1226 3972 suorum
1247 3911 1553 3985 dispendio
1577 3910 1823 3968 Karolus

168 4013 223 4063 et
257 4005 591 4064 Ludovicus
627 4004 912 4062 vicerunt.
952 4006 1127 4071 (Ann.
1181 4002 1398 4073 Lugd.)
1431 3999 1644 4057 Eodem
1674 4012 1824 4054 anno

170 4093 520 4168 Agobardus
565 4093 971 4163 Lugdunensns
1027 4091 1344 4163 episc0pus
1377 4088 1555 4155 obiit;
1587 4091 1645 4144 et
1679 4085 1825 4142 illud

170 4181 545 4240 memorabile
601 4195 767 4252 opus,
801 4180 953 4251 quod
1003 4178 1167 4235 stetit
1209 4192 1238 4233 a
1285 4182 1546 4248 tempore
1597 4173 1823 4245 Trajani

172 4269 549 4344 imperatoris
577 4273 636 4325 et
667 4269 875 4326 Forum
897 4273 1069 4324 vetus
1090 4264 1517 4338 appellabatur,
1561 4261 1821 4333 Lugduni

168 4360 416 4417 corruit.
451 4356 696 4425 (Chron.
730 4357 897 4423 Dio.)
930 4357 1071 4413 Dum
1093 4367 1234 4425 ergo
1260 4352 1507 4424 quisque
1540 4351 1651 4407 sibi
1691 4364 1827 4406 con-

1925 3197 2284 3253 demonstrat
2317 3195 2611 3248 cartarum
2671 3188 2899 3243 notitia.
2954 3187 3087 3242 Erat
3145 3185 3296 3241 enim
3325 3183 3573 3240 intentio

1925 3282 2053 3354 ejus
2085 3286 2141 3338 et
2178 3280 2343 3336 labor
2385 3277 2615 3346 nimius,
2678 3280 2738 3331 ut
2772 3273 3042 3331 aeeclesia
3092 3271 3204 3329 sibi
3260 3269 3573 3328 commissa

1926 3370 2293 3428 exaltaretur
2320 3372 2377 3424 et
2414 3380 2554 3438 pace
2589 3366 2902 3421 frueretur.
2930 3360 3092 3429 Quod
3116 3364 3173 3417 et
3208 3358 3342 3416 fecit
3368 3357 3575 3415 diebus

1927 3459 2062 3517 vitae
2096 3456 2352 3514 Lotharii
2379 3454 2647 3527 junioris.
2671 3453 2775 3508 Hic
2805 3449 3029 3523 accepit
3052 3452 3278 3520 partem
3297 3444 3570 3518 reliquia-

1930 3563 2057 3604 rum
2080 3549 2415 3604 sanctorum
2436 3543 2833 3600 confessorum
2871 3538 3209 3611 pariterque
3232 3533 3574 3607 pontiﬁcum

1930 3637 2132 3706 Mauri,
2169 3632 2404 3703 Salviui,
2468 3629 2750 3700 Aratoris,
2787 3642 3034 3700 quorum
3090 3636 3339 3696 corpora
3371 3626 3575 3679 sancto

1932 3724 2178 3795 Agerico
2201 3721 2480 3790 revelata,
2506 3719 2660 3776 etab
2684 3718 2884 3774 eodem
2901 3716 3131 3771 fuerant
3151 3708 3577 3769 honorabiliter

1933 3818 1990 3872 et
2009 3811 2381 3870 sanctissime
2396 3809 2664 3865 ordinata
2688 3808 2743 3861 in
2765 3805 2966 3862 eadem
2981 3801 3244 3859 aicclesia
3267 3799 3365 3857 ubi
3390 3798 3577 3870 primo

1935 3904 2165 3960 fuerant
2185 3898 2493 3968 tumulata,
2520 3895 2709 3953 sancti
2731 3893 2889 3950 Petri
2912 3889 3167 3963 apostoli
3192 3887 3423 3944 nomine
3443 3899 3579 3943 con-

1936 3994 2186 4059 secrata,
2214 3988 2315 4044 sed
2343 3986 2598 4042 adomno
2622 3982 2851 4038 Hildino
2874 3980 2928 4034 in
2946 3993 3092 4035 nova
3114 3975 3301 4033 sancti
3317 3972 3576 4030 Medardi

1936 4076 2199 4135 aecclesia
2231 4077 2396 4130 erant
2422 4070 2727 4139 translata,
2751 4074 2812 4124 et
2846 4066 3113 4138 reposuit
3144 4064 3201 4119 in
3222 4059 3578 4118 monasterio

1936 4164 2090 4239 quod
2117 4160 2490 4230 Theolegium
2520 4157 2753 4226 dicitur,
2780 4153 3063 4212 aecclesiaa
3080 4165 3202 4239 suae
3225 4149 3575 4239 subjectum.

1937 4234 2243 4311 Drachium
2274 4263 2413 4305 vero
2445 4244 2634 4303 sancti
2665 4242 2843 4299 Mauri
2878 4242 2934 4297 in
2964 4237 3228 4296 aecclesia
3261 4249 3432 4307 quam
3453 4234 3578 4307 ipse

1936 4344 1993 4400 in
2024 4338 2271 4399 castello
2301 4352 2471 4407 novo,
2503 4332 2657 4405 quod
2707 4345 2856 4388 nunc
2890 4327 3158 4386 Hattonis
3215 4329 3476 4383 castrum
3508 4322 3580 4380 ab

170 4450 328 4520 sulit,
353 4409 507 4505 etne
525 4445 676 4503 alter
692 4444 805 4503 sibi
824 4409 1379 4517 praeferaturveavet,
1405 4409 1630 4499 unitum
1655 4440 1828 4494 Fran-
1855 4446 1909 4506 Ι)
1937 4429 2199 4489 auctoris
2231 4424 2736 4520 nominevocatur
2759 4417 2892 4520 (et),
2910 4417 3343 4520 construxerat,
3370 4413 3481 4471 sub
3503 4409 3581 4468 al-

173 4504 373 4595 corum
408 4548 654 4606 regnum
687 4504 842 4590 foeda
865 4532 1123 4590 sectione
1151 4504 1475 4600 sciderunt,
1515 4531 1572 4584 et
1603 4525 1827 4584 exteris
1856 4504 1893 4506 _
1939 4521 2051 4576 tari
2067 4513 2480 4575 recondiditad
2496 4510 2820 4605 salutemet
2837 4504 3173 4606 praesidium
3187 4508 3582 4606 posterorum:

176 4587 917 4681 ﬁéiioiibh§"o&asiaﬁexii
938 4587 1284 4675 rebellandi
1317 4589 1713 4675 contulerunt.
1744 4614 1832 4668 In-
1941 4607 2082 4681 (F01.
2116 4604 2247 4675 62’.)
2281 4601 2554 4657 Lothario
2584 4595 2974 4667 crgojuniore
2998 4607 3133 4663 rege
3180 4592 3302 4681 filio
3331 4587 3585 4681 Lotharii

170 4712 524 4784 gmentibus
552 4710 704 4768 enim
746 4708 1112 4779 Normannis,
1165 4705 1341 4764 Danis
1369 4710 1426 4762 et
1471 4703 1826 4769 Britonibus,
1942 4678 2094 4753 diem
2125 4684 3125 4784 obeunteanno‘abinc.‘Dom.'87L
3172 4678 3587 4784 inmeAnse‘Au-

175 4766 801 4859 auntwchristianorum
835 4766 1607 4866 strages,'deprzedationes,
1645 4766 1835 4846 vasta?
1942 4787 2139 4855 gusto,
2163 4779 2339 4835 etiam
2371 4777 2485 4866 iste
2517 4770 2951 4866 obiit__lia_lend.
2981 4766 3352 4866 .Januarii,.et
3379 4766 3587 4866 estse-

174 4890 390 4960 tiones,
418 4887 809 4945 incensiones.
837 4853 1047 4942 Ilacde
1065 4853 1241 4940 causa
1265 4879 1649 4953 paciﬁcantur
1681 4878 1834 4934 inter
1946 4853 2145 4946 pultus
2174 4868 2230 4922 in
2264 4859 2718 4960 basilica-sancti
2737 4856 2953 4958 Vitoni.
2978 4856 3034 4911 in
3049 4854 3244 4960 frit)“
3274 4853 3436 4950 Ῑιξκιθ
3461 4862 3588 4960 00⁸1³·

176 4992 237 5035 se
268 4940 462 5050 reges,
495 4979 555 5033 et
588 4975 723 5047 quia
747 4974 923 5031 armis
962 4987 1072 5029 non
1092 4940 1355 5044 possunt,
1376 4967 1639 5041 pecuniis
1664 4982 1724 5024 se
1749 4981 1838 5028 re-
1950 4975 2056 5035 pus
2089 4951 2542 5050 domniilildini-
2560 4942 3128 5050 “epifcopinﬁxacfis
3154 4941 3214 5050 in
3243 4940 3587 5050 epffiopitil

895 5028 1117 5118 Eodem
1134 5073 1304 5130 anno,
1464 5059 1592 5113 erat
1617 5054 1689 5112 ab
1722 5055 1833 5111 inc.
1950 5028 2019 5109 '23
2052 5044 2233 5102 annis.
2298 5041 2487 5114 [Βειιτ.
2522 5041 2608 5096 18.
2616 5039 2633 5109 j
2665 5037 2795 5107 Ipse
2827 5034 3002 5091 etiam
3057 5028 3353 5086 inchoavit
3382 5038 3588 5083 novam

1542 5213 1776 5270 VARLE
1815 5204 2215 5267 LECTIONES.

245 5340 315 5374 ιιι
344 5337 580 5410 corrige
599 5334 916 5393 DCCCXLI.
1771 5409 1977 5469 Nam

257 5544 372 5615 (et)
403 5535 814 5600 Hattonchatel
844 5550 875 5594 ο
907 5535 1121 5595 dextra
1150 5533 1320 5591 Mosa
1351 5529 1508 5589 haud
1540 5526 1714 5603 proul
1743 5527 1816 5585 ab
1845 5522 2059 5600 Oppido
2089 5520 2142 5579 S.
2178 5517 2369 5577 Mibel.
