3936 6050
327 213 440 281 16⁸1

1279 206 1649 274 HUGONIS
1694 206 2044 275 ABBATIS
2084 202 2765 274 FLAVINIACENSIS

3608 210 3723 275 168

327 354 636 415 ecclesiam
667 357 884 413 sanctae
939 354 1149 425 Mariis,
1183 357 1242 410 et
1273 366 1477 423 magna
1506 365 1582 409 ex
1636 354 1804 425 parte
1831 365 1959 408 con-
1996 349 2051 411 A
2077 345 2720 405 nerimusnnanimiter
2740 342 3405 417 inidipsum,oportebit
3421 343 3727 403 decentius

364 445 566 502 truxit.

329 462 566 505 SU‘UXlL.

400 536 480 590 Eo
528 539 792 604 tempore
815 532 1171 604 praesidebat
1196 531 1432 587 Metensi
1452 529 1738 587 zecclesiaa
1755 529 1973 585 Adven-

334 623 451 679 tius
482 622 760 694 pontifex.
818 621 1167 676 Virdunensi
1219 621 1412 689 Hatto,
1468 617 1832 694 Lugdunensi
1867 618 1972 672 Re-

2079 436 2381 494 emendari
2403 437 2460 493 et
2497 437 2801 507 tamquam
2820 435 3172 492 venenatum
3193 433 3511 491 elleborum
3531 448 3728 505 ampu-

2081 526 2224 590 tari,
2250 526 2320 580 Et
2345 528 2476 595 post
2502 539 2682 595 pauca
2709 525 2813 580 hoc
2836 524 3218 580 addiderunt:
3251 522 3410 589 Quid
3415 523 3726 595 putamus,

2077 614 2134 671 si
2152 612 2531 670 beatissimus
2562 625 2728 683 papa
2751 612 3037 669 Nicolaus
3057 612 3123 667 in
3146 609 3353 668 diebus
3371 612 3501 668 suis
3522 609 3731 667 audis-

335 690 561 781 migius.
608 710 709 765 Hic
770 709 951 765 Adoni
1007 707 1315 763 Viennensi
1359 707 1657 777 episcopo,
1702 690 1973 761 Romanae
2078 701 2184 769 set,
2203 700 2337 757 etin
2366 701 2781 771 litterisqua2i
2812 699 2885 756 ab
2918 699 3245 771 apostolica
3272 698 3409 757 sede
3438 699 3728 769 conﬁctis,

334 797 603 855 ecclesia:
634 797 867 866 vicario,
902 800 961 851 et
987 795 1258 851 Nicholao
1284 808 1444 865 papae
1471 809 1571 864 pro
1604 794 1823 849 eisdem
1856 791 1975 863 epi-

336 885 534 958 scopis
555 884 890 941 Treverensi
939 890 999 939 et
1044 882 1371 939 Coloniensi
1406 885 1518 954 (65)
1570 881 1856 952 depositis
1885 880 1976 934 lit-

335 979 497 1031 teras
515 972 685 1029 misit.
713 972 915 1028 Clerus
941 986 1170 1041 quoque
1189 970 1552 1026 Coloniensis
1569 968 1753 1025 eidem
1776 968 1976 1023 itidem

340 1063 499 1119 misit
526 1062 938 1130 litteras;quae
975 1060 1262 1114 habentur
1293 1059 1348 1113 in
1379 1057 1666 1127 catalcgo.
1705 1057 1813 1112 Sed
1846 1070 1976 1112 cum

340 1166 369 1207 a
393 1149 592 1206 multis
630 1148 1108 1218 perlaboraretur
1142 1147 1373 1203 diverso
1410 1147 1580 1202 modo
1614 1152 1735 1201 tum
1769 1145 1979 1200 timore

339 1238 494 1308 regis
546 1240 663 1293 tum
707 1250 900 1291 amore
950 1235 1203 1303 illorum,
1255 1234 1590 1291 nullatenus
1633 1233 1979 1305 persuaderi

338 1338 484 1396 papa
500 1324 709 1395 potuit,
735 1328 795 1378 ut
814 1326 1310 1378 restaurarentur.
1342 1322 1625 1378 Defuncto
1641 1327 1832 1377 autem
1851 1322 1983 1377 bea-

342 1416 400 1468 to
433 1411 709 1468 Nichoalo
743 1426 873 1467 cum
920 1411 1241 1481 imperante
1274 1410 1565 1466 Ludovico
1597 1409 1980 1466 successisset

341 1500 652 1565 Adrianus,
690 1504 750 1555 et
782 1500 1011 1555 litteras
1043 1499 1294 1555 misisset
1329 1498 1639 1554 Galliarum
1664 1498 1978 1569 episcopis,

342 1594 542 1645 utnon
591 1587 739 1643 alios
762 1587 1098 1642 ordinarent
1129 1588 1434 1658 episcopos
1461 1587 1569 1643 nisi
1596 1588 1808 1656 quibus
1841 1600 1973 1656 prae-

2081 789 2241 860 quod
2255 788 2417 859 tayci
2446 788 2686 845 comites
2718 803 2831 844 non
2854 787 3268 859 permitterent
3286 788 3352 842 in
3380 785 3732 843 civitatibus

2081 878 2374 949 episcopos
2400 878 2696 947 ordinari,
2713 879 2837 934 nisi
2847 876 3296 950 quossecularis
3318 875 3577 947 potestas
3605 874 3735 931 ela-

2085 967 2204 1023 tere
2213 979 2318 1023 suo
2329 966 2610 1023 misisset.
2624 966 2782 1032 Quid
2791 966 2930 1022 inde
2944 965 3255 1022 scriberet?
3273 964 3394 1030 Quo
3407 965 3735 1021 doloremo-

2082 1056 2354 1111 veretur?
2372 1055 2594 1119 Quosve
2608 1055 2869 1124 gemitus
2892 1053 3079 1122 daret,
3106 1067 3239 1111 cum
3249 1052 3625 1125 perspiceret
3638 1065 3737 1109 sa-
3788 1107 3801 1114 -

2085 1145 2493 1201 cratissimum
2505 1145 2769 1200 ordinem
2784 1144 2906 1200 tam
2925 1143 3143 1200 illicite
3166 1142 3422 1199 tractari
3443 1140 3594 1199 etad
3606 1142 3739 1197 tan-

2089 1233 2212 1288 tum
2233 1233 2409 1304 nefas
2436 1231 2727 1303 prosilire
2755 1246 3114 1302 quemquam
3139 1246 3371 1302 ausum,
3403 1232 3475 1289 ut
3501 1231 3572 1287 de
3600 1230 3741 1288 sede

2088 1321 2416 1391 apostolica
2440 1322 2563 1376 tam
2591 1321 3065 1377 inconvenientia
3092 1322 3152 1377 et
3167 1320 3342 1377 extra
3360 1333 3535 1377 usum
3563 1318 3743 1376 eccle-

2087 1409 2405 1466 siasticum
2417 1411 2650 1466 omnino
2660 1408 2959 1466 scriberet.
2969 1409 3133 1465 Tales
3148 1414 3288 1465 tunc
3302 1409 3359 1463 in
3375 1407 3554 1464 Gallia
3567 1411 3744 1464 erant

2090 1497 2369 1568 episcopi.

2168 1585 2452 1657 [Reciso]
2501 1588 2664 1643 Anno
2696 1586 2766 1642 ab
2796 1586 2888 1643 inc
2935 1587 3092 1642 Dom.
3124 1589 3228 1643 856
3259 1585 3565 1643 Lotharius
3595 1583 3743 1640 divi-

344 1676 830 1746 l‘atusimperator
848 1675 1244 1747 episcopatum
1266 1675 1635 1743 concederet,
1651 1680 1708 1731 et
1724 1673 1979 1730 ordinari
2016 1698 2065 1757 Β
2098 1673 2175 1729 sit
2206 1673 2508 1743 imperium
2543 1673 2678 1731 ﬁliis
2705 1674 2843 1745 suis,
2883 1674 3168 1731 Ludovico
3200 1675 3443 1744 Italiam,
3479 1687 3653 1744 quem
3682 1677 3744 1728 et

342 1764 662 1834 mandaret,
688 1779 800 1821 non
843 1768 1264 1821 consenserunt
1302 1764 1670 1820 venerabiles
1701 1763 1981 1835 episcopi,

343 1853 446 1908 sed
483 1853 701 1923 pariter
749 1853 1087 1922 congregati
1133 1852 1350 1908 litteris
1384 1853 1555 1908 iactis
1596 1851 1984 1907 communiter

345 1945 768 2011 suggesserunt
800 1954 980 2011 papae,
1016 1956 1075 1996 sc
1107 1940 1341 1996 decreta
1376 1944 1710 1996 sanctorum
1754 1944 1983 2009 patrum

346 2028 600 2085 ﬁdeliter
622 2030 939 2085 observare
955 2028 1105 2084 velle
1129 2032 1520 2085 etsecundum
1541 2029 1687 2084 scita
1703 2041 1984 2084 canonum

345 2118 653 2189 episcopos
694 2122 1178 2184 consecraturos;
1200 2132 1441 2187 quarum
1485 2123 1686 2174 textus
1716 2119 1768 2174 in
1794 2118 1989 2174 catha-

347 2204 481 2275 logo
522 2220 817 2262 sacrarum
870 2205 1297 2275 scripturarum
1351 2207 1617 2263 habetur.
1674 2206 1811 2279 (Fol.
1846 2206 1988 2276 62b.)

347 2292 592 2364 Scripsit
623 2298 681 2349 et
706 2293 873 2348 aliam
898 2292 1204 2363 epistolam
1229 2294 1485 2350 Gerardo
1511 2295 1643 2351 duci
1673 2301 1733 2349 et
1756 2293 1991 2350 Bol‘rido

336 2381 545 2439 .comiti
576 2386 633 2436 et
662 2381 929 2437 omnibus
961 2380 1271 2438 Galliarum
1301 2384 1634 2453 comitibus,
1668 2387 1726 2437 ut
1773 2382 1991 2438 nullius

345 2467 594 2525 hominis
637 2470 833 2525 favore
870 2469 957 2525 vel
994 2470 1186 2538 gratia
1226 2471 1636 2540 permitterent
1662 2471 1807 2527 alios
1834 2471 1993 2526 viros

345 2554 735 2612 ecclesiastici
782 2556 1004 2611 ordinis
1034 2557 1090 2611 in
1128 2557 1442 2628 episcopiis
1490 2560 1673 2615 totius
1706 2558 1902 2615 Galliae
1933 2564 1993 2615 et

350 2644 696 2713 Burgundios
724 2645 1419 2716 consecrareepiscOpos,
1450 2647 1559 2703 nisi
1579 2662 1724 2716 quos
1750 2648 1994 2703 Ludovi-

348 2747 454 2789 cus
470 2732 1149 2803 imperatorjuberet,eui
1167 2735 1312 2789 satis
1333 2734 1993 2793 luculenterethoneste

350 2820 735 2876 obviaverunt
751 2821 974 2890 praefati
990 2821 1352 2877 venerabiles
1374 2822 1685 2878 Galliarum
1706 2825 1989 2895 episcopi,

350 2905 583 2963 litteras
603 2906 734 2963 illas
756 2922 858 2978 per
880 2909 1053 2962 verba
1080 2908 1304 2977 singula
1326 2908 1736 2981 discutientes,
1758 2911 1992 2981 etquod

352 3001 684 3052 sanctorum
720 3001 950 3066 patrum
982 2995 1240 3052 decretis
1265 3012 1514 3054 consona
1543 3014 1651 3054 non
1673 3004 1872 3055 essent
1893 3001 1997 3055 hu-

350 3084 568 3140 militer
615 3089 1017 3154 suggerentes,
1054 3086 1226 3155 inque
1258 3085 1427 3155 hujus
1467 3089 1870 3158 responsionis
1901 3103 1997 3144 ex-

348 3172 647 3228 tremitate
689 3172 999 3242 epistolam
1035 3189 1194 3244 papae
1244 3174 1505 3229 Nicholai
1540 3177 1995 3246 praedecessoris

350 3259 438 3315 sui
465 3260 906 3315 interserentes.
935 3261 1841 3334 quamadqueudamepiscopum
1872 3264 1999 3321 Gal-

352 3345 446 3402 liae
480 3347 655 3417 misit,
675 3348 825 3402 inter
846 3353 1064 3403 ccetera
1097 3354 1166 3403 de
1185 3349 1489 3406 ordinibus
1512 3352 1696 3407 sacris
1723 3353 1812 3423 pie
1835 3356 1892 3408 et
1919 3352 1996 3408 lu-

350 3434 646 3491 cidissime
681 3437 1017 3506 exprimens
1049 3436 1103 3490 in
1147 3437 1267 3491 lucc
1319 3439 1495 3493 verba
1531 3458 1543 3493 :
1577 3439 1747 3496 Illud
1776 3442 1993 3510 autem,

334 3521 547 3595 frater
561 3523 899 3591 karissime,
924 3524 1155 3580 ridicul
1168 3539 1317 3581 lsum
1336 3527 1555 3597 sonuit,
1582 3528 1741 3598 quod
1759 3530 1998 3599 apicum

354 3609 588 3667 tuorum
614 3611 898 3681 gerulum
932 3611 1099 3667 notis
1121 3613 1553 3683 commendans,
1594 3615 1751 3671 nunc
1768 3616 1998 3687 presbg/

355 3697 544 3754 terum
556 3712 677 3754 esse
701 3698 954 3754 Uerardi
976 3699 1241 3755 illustris
1262 3702 1493 3756 comitis
1498 3702 1881 3770 perhibuisti.
1910 3706 1999 3759 Ve-

349 3800 487 3843 rum
504 3788 610 3858 qui
616 3786 654 3842 d
664 3786 770 3842 lioc
780 3786 1046 3843 scribens
1048 3788 1379 3857 prudentia
1394 3792 1496 3846 tua
1509 3791 1703 3847 dicere
1720 3794 1995 3857 voluerit,

349 3874 449 3930 vel
466 3873 618 3945 qu'd
633 3887 812 3943 super
835 3874 1242 3944 ltujuscemodi
1274 3875 1447 3931 verba
1485 3877 1878 3947 intellexeris,
1889 3880 1999 3949 fa-

353 3962 605 4029 teor,nos
615 3962 977 4033 ignoramus.
991 3964 1300 4033 Numquid
1312 3962 1466 4021 Gera
1474 3965 1615 4021 rdus
1627 3980 1812 4023 comes
1824 3968 1999 4023 illum

348 4049 737 4123 presbiterum
753 4052 1117 4107 consecravit
1132 4059 1158 4108 .9
1170 4052 1480 4123 Numquid
1493 4055 1561 4109 de
1574 4055 1766 4125 ipsius
1780 4055 1999 4111 estdic-

351 4140 507 4197 cesi?
541 4138 769 4197 Ubilioc
797 4139 1039 4209 legisti?
1069 4140 1177 4196 Ubi
1209 4140 1315 4197 lioc
1343 4142 1650 4200 didicisti?
1671 4144 1810 4200 Nisi
1850 4146 2000 4213 quia

346 4226 667 4300 presbiteri
677 4243 793 4283 non
803 4229 1145 4299 specialiter
1157 4231 1415 4287 ecclesia
1425 4231 1697 4287 civitatis
1710 4231 1820 4287 aut
1833 4232 2001 4288 cccle-

351 4315 460 4372 sia
466 4317 884 4388 possessionis,
907 4318 1777 4375 autmartiriiautmonasterii
1800 4332 2003 4376 secun-

2097 1761 2507 1833 imperatorem
2579 1762 2929 1833 appellavit;
2981 1763 3249 1819 Lothario
3301 1777 3537 1832 regnum
3586 1759 3741 1832 quod

2097 1864 2204 1907 suo
2229 1850 2457 1905 nomine
2481 1852 2818 1921 vocabatur,
2842 1854 2898 1907 et
2924 1850 3128 1907 Carolo
3153 1865 3388 1921 regnum
3420 1850 3744 1907 Provincim

2098 1945 2273 2007 atque
2306 1938 2614 2008 dispositis
2639 1939 2797 2009 regni
2829 1939 3100 2009 negotiis,
3126 1940 3182 1994 in
3215 1938 3564 1995 monasterio
3584 1937 3743 2009 quod

2098 2027 2327 2082 Prumia
2361 2027 2576 2082 dicitur
2599 2026 2915 2083 monachus
2949 2028 3154 2098 factus,
3189 2026 3339 2084 diem
3361 2025 3575 2083 clausit
3608 2025 3749 2083 ulti-

2099 2129 2251 2170 mum
2284 2115 2412 2185 ipso
2445 2129 2592 2170 anno
2626 2121 2656 2169 3
2688 2114 2810 2170 Kal.
2848 2114 3142 2171 Octobris.

2172 2204 2335 2258 Anno
2367 2206 2470 2258 856
2518 2203 2719 2259 indict.
2757 2206 2790 2258 4
2818 2203 3126 2260 Lotharius
3162 2205 3544 2273 Teutbergam
3576 2203 3746 2260 duxit

2102 2305 2359 2348 uxorem.

2175 2380 2336 2434 Anno
2367 2381 2471 2434 858
2510 2379 2755 2436 Karolus
2782 2394 2884 2436 rex
2932 2379 3256 2437 Provinciae
3286 2381 3550 2449 moritur,
3583 2385 3641 2435 et
3676 2379 3753 2435 de

2104 2480 2279 2535 regno
2319 2468 2446 2537 ejus
2480 2469 2633 2523 inter
2662 2468 2994 2525 Lotharium
3028 2473 3085 2524 et
3119 2471 3389 2540 patruum
3415 2468 3542 2525 elus
3571 2468 3757 2524 Karo—

2104 2553 2219 2610 lum
2254 2553 2428 2609 lilium
2466 2556 2737 2611 Ludovici
2786 2557 2934 2612 facta
2965 2561 3057 2612 est
3100 2557 3422 2626 contentio,
3457 2560 3516 2613 et
3543 2556 3756 2612 Lotha-

2105 2642 2226 2698 rius
2256 2644 2550 2699 [lucberto
2579 2644 2853 2700 ducatum
2895 2644 3052 2701 dedit
3088 2644 3241 2700 inter
3266 2646 3467 2700 Jurum
3497 2649 3557 2700 et
3592 2657 3758 2701 mon-

2102 2734 2219 2785 tem
2251 2731 2429 2799 lovis,
2464 2731 2596 2801 quia
2630 2747 2889 2788 sororem
2914 2731 3041 2801 ejus
3074 2733 3341 2789 habebat.

2177 2818 2319 2887 (Pol.
2354 2822 2467 2890 62.)
2504 2823 2663 2876 Anno
2691 2821 2762 2875 ab
2795 2821 2903 2876 inc.
2952 2823 3112 2876 Dom.
3148 2823 3252 2877 860
3286 2821 3548 2878 Britones
3576 2821 3757 2877 Fran-

2105 2906 2252 2962 ciam
2286 2908 2583 2975 invadunt,
2634 2915 2838 2965 contra
2885 2924 3031 2979 quos
3080 2908 3320 2965 Carolus
3355 2910 3653 2980 pugnavit,
3687 2914 3751 2965 et

2107 2994 2487 3051 Brittanniam
2521 2996 2766 3065 intrans,
2800 2997 3055 3067 turpiter
3086 2998 3277 3054 victus
3307 2998 3551 3068 aufugit.

2180 3086 2340 3138 Auno
2360 3085 2430 3138 ab
2450 3085 2563 3139 inc.
2579 3085 2736 3140 Dom.
2754 3085 2859 3141 852
2883 3100 2983 3140 rex
3001 3084 3322 3140 Brittonum
3339 3090 3483 3141 nutu
3506 3084 3602 3139 Dei
3619 3098 3758 3155 per-

2106 3186 2315 3227 cussus
2337 3178 2448 3241 est,
2481 3178 2535 3228 et
2556 3188 2704 3229 anno
2721 3173 2989 3243 sequenti
3010 3174 3301 3229 Brittones
3316 3173 3367 3229 ei
3393 3171 3752 3229 subdantur.

2181 3263 2343 3316 Anno
2376 3263 2447 3317 ab
2480 3260 2592 3317 inc.
2626 3262 2782 3318 Dom.
2818 3264 2921 3316 866
2946 3260 3110 3317 Bello
3136 3261 3538 3317 Normanniam
3572 3260 3760 3316 intra-

2108 3350 2212 3419 vit,
2245 3356 2297 3403 et
2338 3350 2701 3420 postmodum
2760 3350 3094 3421 baptizatus
3138 3350 3432 3407 Robertus
3476 3350 3531 3405 in
3563 3348 3757 3421 bapti-

2109 3442 2293 3493 smate
2318 3438 2514 3494 dictus
2535 3442 2642 3493 est.

2181 3525 2461 3597 (F0162’.)
2498 3526 2659 3581 Auno
2689 3528 2811 3589 868,
2853 3525 2969 3580 ind.
3005 3532 3055 3595 1,
3093 3524 3345 3581 Lotharii
3402 3524 3558 3593 regis
3610 3528 3758 3580 tem-

2109 3627 2250 3684 pore
2284 3614 2433 3668 facta
2466 3618 2553 3668 est
2579 3614 2631 3667 in
2660 3617 2814 3668 terra
2843 3614 3189 3670 Francorum
3222 3620 3280 3669 et
3305 3612 3503 3669 Galliae
3523 3617 3584 3668 et
3612 3613 3758 3669 Bur-

2106 3703 2339 3771 gundiae
2372 3703 2549 3757 fames
2600 3701 2811 3767 valida,
2862 3707 2921 3757 et
2971 3701 3298 3759 mortalitas
3345 3701 3660 3771 hominum,
3694 3704 3755 3757 et

2110 3791 2299 3863 pestis
2347 3789 2678 3845 animalium
2727 3790 2809 3859 (cf
2831 3793 2939 3847 An.
2970 3792 3038 3848 S.
3092 3790 3427 3856 Columba).
3482 3789 3617 3856 Quae
3668 3788 3760 3846 sic

2103 3881 2263 3951 justo
2294 3879 2390 3935 Dei
2418 3877 2639 3947 judicio
2671 3878 2724 3933 in
2762 3879 3035 3950 populum
3079 3879 3322 3945 desevit,
3358 3884 3422 3935 ut
3455 3878 3622 3934 multi
3658 3891 3759 3949 pa-

2105 3968 2277 4023 triam
2318 3968 2590 4024 deserere
2618 3972 2675 4022 et
2706 3966 2778 4022 ad
2811 3971 3001 4024 terras
3033 3967 3177 4024 alias
3200 3972 3551 4037 cogerentur
3583 3965 3762 4022 demi-

2107 4070 2301 4126 grare,
2330 4055 2475 4112 adeo
2498 4059 2557 4111 ut
2584 4054 2781 4112 multa;
2800 4056 2974 4112 urbes
2996 4056 3251 4113 Francize
3274 4070 3409 4112 raro
3431 4054 3758 4111 incoleren-

2113 4149 2209 4201 tur
2242 4145 2589 4201 habitatore.

2182 4233 2325 4303 (Fel.
2363 4235 2505 4305 69b.)
2541 4238 2701 4290 Anno
2723 4232 2795 4289 ab
2826 4233 2938 4290 inc.
2972 4235 3131 4291 Dom.
3164 4236 3268 4289 864
3290 4231 3639 4291 translatum
3662 4238 3757 4291 est

2112 4336 2330 4391 corpus
2343 4328 2560 4378 sanctae
2576 4322 2808 4392 Regina:
2833 4324 3073 4394 virginis
3092 4324 3423 4381 etmartiris
3447 4315 3518 4379 de
3562 4322 3761 4379 Alesia

353 4403 496 4459 dum
511 4417 719 4461 sacras
745 4405 1102 4476 Scripturas
1132 4406 1513 4475 rrdinantur,
1543 4407 1719 4464 sedin
1734 4408 2002 4467 domibus
2031 4395 2082 4455 D
2113 4409 2357 4466 civitate
2391 4410 2543 4481 apud
2578 4411 2966 4467 Flaviniacum
2999 4416 3261 4469 castrum
3293 4426 3398 4469 seu
3428 4411 3758 4481 cenobium,

359 4492 647 4548 taicorum
663 4495 999 4549 constituun
1007 4494 1190 4562 tur,et
1198 4508 1329 4550 cum
1339 4495 1711 4553 secularibus
1725 4498 1869 4552 adeo
1883 4512 2005 4554 con-

355 4579 804 4649 versantur,ntj
808 4595 901 4635 am
913 4594 1029 4636 non
1041 4580 1153 4636 Dei
1166 4595 1272 4638 nec
1281 4583 1538 4640 ecclesia
1549 4585 1752 4655 cujnsl
1778 4585 1885 4655 bet,
1904 4586 2008 4643 sed

357 4666 539 4725 illius
550 4669 784 4725 comitis
805 4668 1044 4726 etillius
1067 4669 1236 4728 ducis
1247 4684 1370 4728 esse
1397 4671 1680 4729 dicantur
1686 4672 1812 4744 ,-ita
1824 4676 2006 4730 utim-

357 4756 585 4828 pletum
596 4757 680 4814 sit
693 4757 961 4829 quodper
970 4758 1313 4829 prophetam
1330 4759 1576 4817 dicitur:
1592 4780 1619 4811 (ι
1632 4763 1709 4817 Et
1725 4764 1813 4820 eri
1819 4763 2012 4820 tsicut

349 4845 633 4917 papulas,
669 4845 760 4902 sic
796 4845 1072 4902 sacerdos
1106 4847 1258 4917 (Ose,
1297 4862 1370 4917 IV,
1397 4849 1508 4919 9).»
1556 4849 1722 4914 Quod
1735 4852 2009 4922 fortasse

361 4945 549 4992 unum
564 4932 656 4991 est
676 4946 891 4991 eorum.
912 4936 1050 5002 Quae
1068 4947 1201 4992 cum
1215 4936 1281 4992 in
1300 4937 1533 4994 nomine
1546 4938 1790 4996 Domini
1807 4953 2008 4998 conve-

2114 4499 2468 4570 praesidente
2503 4499 2629 4556 loco
2651 4500 2861 4571 eidem,
2882 4503 3049 4572 cujus
3065 4508 3191 4558 erat
3208 4501 3359 4571 juris
3382 4501 3591 4557 civitas
3612 4514 3765 4572 prae-

2116 4588 2254 4658 fata,
2283 4588 2469 4658 Aigilo
2500 4589 2732 4659 abbate,
2770 4591 3131 4661 postmodum
3156 4591 3441 4647 Senonum
3474 4588 3764 4661 archiepi-

2116 4691 2314 4748 scopo,
2351 4682 2631 4747 regnante
2665 4678 2868 4735 Carolo
2900 4680 3093 4736 Calvo.
3129 4680 3233 4736 Hic
3267 4684 3357 4736 est
3397 4678 3546 4749 Aigil
3576 4678 3763 4735 abbas

2116 4765 2591 4823 Flaviniacensis.
2638 4767 2734 4836 qui
2780 4764 2985 4823 cellam
3018 4768 3345 4825 Corbiniaci
3394 4766 3671 4837 instituit,
3701 4769 3765 4823 et

2117 4853 2422 4910 duodecim
2475 4853 2689 4910 ibidem
2724 4854 3036 4913 monachos
3080 4856 3273 4928 posuit
3326 4855 3459 4927 (66),
3493 4855 3659 4912 annis
3688 4869 3767 4912 ex

2118 4958 2231 5014 quo
2291 4942 2746 4999 Flaviniacensis
2798 4944 3065 5001 accclesia
3111 4945 3300 5018 ipsum
3356 4943 3764 5001 Corbiniacum

1954 5057 2180 5115 ΝΟΤιΕ.

366 5132 556 5261 negt?)
589 5135 670 5191 Cf.
703 5136 955 5195 Annales
981 5137 1295 5211 Hincmari,
1331 5138 1650 5198 Fuldenses
1676 5140 1729 5198 ei
1765 5144 2009 5214 Regino-

410 5274 557 5401 (66)
580 5274 872 5333 Probatur
893 5279 1017 5349 ipsa
1039 5281 1482 5339 constitutionis
1502 5282 1712 5365 tabula
1731 5284 1883 5355 apud
1906 5285 2015 5341 Ma-

410 5343 446 5400 ιΙ
473 5358 545 5401 on
593 5345 720 5401 Act.
775 5348 868 5401 SS.
921 5350 1058 5401 Smc.
1112 5351 1201 5401 IV-
1234 5356 1287 5401 9-
1326 5369 1378 5401 n-
1431 5356 1554 5401 9&0-
1600 5358 1816 5401 scrmta
1865 5369 2015 5401 anno

365 5343 1067 5433 billonﬁdcthﬁs‘g'Smc.
1105 5351 1201 5433 iV,
1234 5356 1378 5433 2,__p.
1431 5356 1555 5425 240,
1600 5343 2016 5433 scripta‘anno

364 5417 473 5499 864
503 5416 786 5499 sequenti.
818 5417 913 5474 die
934 5426 1076 5547 East
1105 5416 1498 5480 humationem
1527 5416 1794 5497 corporis
1825 5424 1877 5481 S.
1912 5427 2019 5483 Bc-

364 5500 515 5547 αωω
545 5493 822 5547 martyris
851 5502 909 5547 ιι
981 5489 1056 5547 al.
1091 5492 1273 5547 April.
1299 5494 1362 5547 In
1391 5494 1595 5547 eodem
1614 5494 1765 5547 enim
1797 5494 1923 5547 loco
1945 5496 2019 5547 in-

981 5489 1056 5547 al.
1091 5492 1273 5566 April.
1299 5494 1362 5550 In
1391 5494 1595 5553 eodem
1610 5489 1766 5578 enim
1797 5494 1923 5556 loco
1944 5496 2023 5555 in-

362 5486 515 5560 sinm
545 5486 822 5563 martyris
851 5502 909 5547 χι

2118 5142 2391 5201 Avalinse
2423 5157 2525 5200 seu
2547 5143 2903 5203 Nivernense
2925 5147 3207 5205 comitatu
3229 5146 3384 5205 apud
3415 5146 3765 5205 Ammondas

2123 5163 2391 5201 nvaunsc
2423 5163 2525 5200 seu
2550 5163 2903 5203 mvernense
2925 5163 3207 5205 comitatu
3229 5163 3259 5205 a
3310 5163 3384 5205 ua
3415 5163 3765 5205 ammonuas

2123 5216 2235 5272 sito
2251 5216 2528 5271 Manassis
2551 5216 2823 5287 abbas,ut
2845 5223 3100 5276 testatur
3119 5163 3765 5285 tabulamouasterium

2121 5291 2462 5344 construere
2477 5285 2728 5344 volebat.
2740 5285 2793 5344 Β
2830 5290 2978 5362 ginae
2991 5289 3637 5362 translationemgdescri
3645 5289 3766 5362 psit

2126 5303 2462 5344 conStruere
2477 5303 2728 5344 venenat.
2746 5303 2793 5344 u
2829 5303 2978 5416 gina:
2991 5303 3430 5347 transnationem
3447 5303 3766 5362 descripsit

2126 5362 2334 5431 auctor
2355 5372 2820 5431 anonymusapu
2904 5360 3168 5418 Mabillon
3201 5361 3239 5416 Ι.
3275 5360 3313 5417 1.
3352 5359 3547 5417 Eidem
3580 5360 3768 5431 Eigilo

2127 5428 3252 5514 lsaacepiscopus‘Lingonensis‘altaria
3263 5431 3548 5514 nonnulla
3562 5432 3621 5514 in
3642 5428 3769 5505 qui.

2132 5498 2373 5559 busdam
2394 5498 2529 5577 pagi
2550 5498 2901 5564 Attoriensis
2925 5501 3196 5565 ecclesiis
3217 5501 3312 5563 die
3341 5503 3580 5563 Sahbati
3611 5498 3772 5569 mea-
