3936 6050
328 249 436 310 171

1282 241 1645 304 HOGONIS
1686 241 2042 304 ABBATIS
2081 244 2761 309 FLAVINIACENSIS

3620 248 3751 308 I72»

329 385 541 441 minem
576 390 816 457 possent
863 383 1102 455 habere,
1157 383 1271 456 ipsi
1310 383 1401 441 fisi
1452 398 1557 440 sua
1616 382 1969 441 auctoritate
2001 380 2054 442 A
2085 383 2286 455 cessit,
2319 383 2487 454 cujus
2511 385 2670 441 fuere
2704 385 2918 441 fratres
2951 384 3279 441 Ludovicus
3334 390 3394 441 et
3430 385 3678 442 Karolus
3715 403 3730 451 ;

328 473 669 545 episcopum
702 477 1144 530 consecrareut.
1173 472 1465 544 Stephano
1513 472 1802 529 successit
1838 472 1971 526 For-

329 579 528 621 mosus
564 563 659 633 qui
696 562 981 620 Silvester
1007 564 1073 618 ll.
1104 561 1205 617 Hic
1240 561 1575 631 Augrimum
1611 560 1680 594 ’⁸⁸
1733 561 1972 631 Linguo-

330 668 564 710 nensem
605 653 982 722 restauravit,
1046 651 1144 722 qui
1199 651 1476 707 defuncto
1535 649 1849 705 Aureliano
1903 648 1972 682 ²⁶⁹

330 742 701 813 Lugdunensi
719 742 774 797 in
790 741 916 798 loco
933 741 1060 811 ejus
1077 740 1458 797 substitutus.
1486 741 1797 796 Formosus
1813 739 1971 796 vices

331 846 467 889 suas
501 831 789 887 Barnoino
823 828 1134 886 Viennensi
1167 828 1457 884 commisit
1484 827 1686 900 πο,ᾳυὶ
1724 828 1827 885 fuit
1863 828 1973 883 fra-

331 924 423 976 ter
458 919 704 976 Bosonis
740 918 912 987 regis.
944 918 1096 987 (Ser.
1129 915 1258 974 abb.
1307 916 1423 987 FZ.)
1455 918 1768 973 Formosus
1825 931 1971 989 papa

328 1009 624 1065 Walonem
644 1008 964 1063 Eduensem
988 1006 1395 1077 episcopatum
1429 1003 1540 1063 sibi
1564 1006 1971 1062 vendicantem

329 1094 1150 1165 excommunicavit,quoniam
1165 1094 1471 1151 ordinator
1491 1094 1970 1166 archiepiscOpus

329 1182 732 1255 Lugdunensis
752 1197 780 1238 a
814 1182 1107 1254 Stephano
1133 1197 1277 1254 papa
1306 1182 1629 1254 depositus,
1665 1188 1807 1239 seta
1837 1185 1971 1239 For-

329 1286 490 1328 moso
524 1275 913 1341 restauratus,
941 1285 1110 1327 suum
1152 1285 1266 1327 non
1298 1270 1543 1326 haberet
1595 1270 1832 1343 pallium
1865 1286 1972 1329 nec

330 1362 661 1419 restitutam
695 1360 804 1417 sibi
838 1359 1182 1431 dignitatem
1210 1378 1223 1426 ;
1251 1360 1347 1430 qui
1400 1366 1603 1433 posset
1633 1360 1969 1435 episcopum

329 1463 679 1507 consecrare
706 1449 729 1503 ?
757 1453 813 1505 et
840 1463 970 1504 eum
1003 1448 1439 1505 eontradiceret
1471 1450 1970 1507 consecrationem

328 1536 691 1595 Teutholdus
733 1536 1047 1609 episcopus
1076 1551 1146 1593 ex
1182 1540 1346 1609 parte
1371 1538 1974 1610 papae.Excom1nuui-

330 1631 499 1684 catus
531 1630 618 1681 est
653 1631 845 1681 autem
882 1624 1444 1696 propterecclesiam
1468 1627 1656 1685 sancti
1671 1626 1828 1683 Petri
1851 1626 1974 1684 Fla-

2084 472 2351 542 regnavit
2374 473 2539 529 annis
2573 478 2604 527 δ
2637 490 2651 539 ;
2684 473 2828 529 obiit
2876 475 3017 529 Non.
3052 473 3386 529 Decembris
3418 488 3571 530 anno
3601 477 3728 543 884,

2085 561 3091 630 quoaunoNormanniBurgundiam
3135 562 3495 620 invaserunt.
3542 562 3735 633 [REGI-

2083 649 2201 720 NO.]
2234 648 2502 720 Karolus,
2529 656 2918 720 cognomento
2952 651 3181 719 Calvus,
3229 651 3395 707 obitu
3413 651 3614 707 fratris
3635 667 3736 707 au-

2083 738 2229 808 dito,
2277 738 2781 809 Italiamintravit,
2820 740 2918 796 sed
2974 755 3003 795 a
3047 739 3493 796 Karlommanno
3516 746 3731 811 nepote

2085 827 2514 897 territusfugit,
2537 832 2594 883 et
2642 827 2846 884 eodem
2868 843 3037 898 anno,
3073 832 3134 884 ut
3167 828 3565 900 praediximus,
3610 830 3735 886 vita

2084 915 2361 972 decessit.
2382 916 2504 987 (fol.
2523 917 2633 987 63.)
2662 916 3082 974 Karlomannus
3127 918 3465 974 obiitNonis
3504 919 3733 974 Decem~

2084 1004 2505 1075 brisann0884,
2549 1006 3158 1076 etsequentiKarolus
3201 1007 3517 1078 imperator
3554 1008 3733 1063 elﬁci-

2083 1094 2198 1162 tur,
2216 1097 2274 1148 et
2291 1092 2396 1150 hoc
2410 1099 2772 1165 postannum
2790 1110 2965 1152 unum
2984 1095 3280 1167 defuncto,
3316 1094 3467 1151 alius
3482 1094 3732 1152 Karolus

2084 1180 2658 1253 Simpleximperium
2682 1184 3019 1255 assumpsit,
3048 1184 3422 1254 quireguavit
3456 1184 3727 1241 29annis.

2084 1269 2410 1328 Ludovicus
2451 1276 2644 1329 autem
2680 1272 3050 1329 Karlomanni
3083 1273 3264 1329 frater
3308 1287 3411 1329 rex
3440 1275 3731 1329 Saxonum

2083 1358 2460 1429 constitutus,
2477 1359 2665 1417 adhuc
2679 1360 2879 1417 eodem
2897 1362 3077 1417 fratre
3090 1360 3324 1417 vivente
3337 1361 3639 1418 Bavariam
3656 1363 3739 1417 iu-

2085 1446 2546 1515 travit.(Clzron.
2579 1450 2748 1517 Div.)
2769 1452 2931 1513 Anno
2973 1450 3175 1506 abinc.
3221 1451 3519 1521 Dom.881,
3583 1452 3729 1507 Non.

2086 1536 2231 1605 Aug.
2250 1536 2526 1607 pugnavit
2542 1537 2871 1595 Ludovicus
2887 1537 3041 1595 illius
3056 1538 3330 1596 Ludovici
3346 1539 3503 1609 regis
3521 1547 3732 1597 contra

2088 1638 2343 1695 paganos
2364 1630 2424 1681 et
2448 1626 2725 1682 contrivit
2749 1625 2817 1660 “3
2837 1641 2973 1693 eos;
3005 1628 3274 1697 regnavit
3300 1633 3494 1684 autem
3514 1643 3650 1684 ann.
3678 1633 3728 1685 3.

330 1715 683 1771 viniaccnsis
713 1728 880 1783 quam
916 1713 1231 1770 invaserat.
1286 1716 1833 1771 Excommunicatus
1883 1719 1970 1772 est
2004 1738 2056 1797 Β
2091 1713 2373 1785 [Haemo]
2406 1715 2505 1770 llis
2526 1715 2752 1771 duobus
2776 1716 3077 1787 fratribus,
3105 1715 3395 1773 Ludovico
3420 1716 3650 1773 scilicet
3672 1723 3735 1773 et

333 1808 393 1858 et
424 1802 750 1859 Riehardus
783 1802 920 1872 dux,
946 1807 1005 1857 et
1036 1804 1329 1859 Manasses
1360 1808 1416 1859 et
1470 1805 1835 1873 lngelbertus
1866 1819 1972 1876 pro

336 1891 635 1947 invasione
661 1889 1053 1947 azeelesiarum
1083 1896 1144 1947 et
1162 1892 1405 1947 maxime
1427 1893 1776 1949 Eduensium
1792 1907 1974 1963 usque

337 1980 405 2035 ad
433 1978 909 2036 satisfactionem.
944 1981 1243 2036 Invenitur
1292 1980 1400 2035 hoc
1431 1981 1485 2036 in
1518 1980 1736 2037 litteris
1765 1980 1973 2051 Aquini

336 2073 470 2123 ante
501 2066 797 2123 Walouem
832 2067 1073 2138 petitiet
1098 2067 1272 2123 electi
1306 2067 1972 2139 Eduensisepiscopi.Et

334 2154 622 2212 Tedaldus
646 2160 711 2211 16
734 2154 855 2210 Kal.
888 2156 1245 2226 Septembris
1296 2156 1447 2212 dom.
1489 2156 1598 2213 inc.
1634 2158 1738 2212 856
1801 2171 1972 2226 anno,

335 2244 452 2300 ind.
490 2247 522 2298 4
563 2244 694 2309 ;cui
754 2245 1037 2300 successit
1099 2246 1260 2300 lsaac
1308 2247 1413 2300 880
1462 2244 1578 2301 ind.
1642 2249 1747 2311 13;
1798 2249 1854 2300 et
1923 2245 1974 2300 ei

336 2333 511 2402 Geylo
546 2332 837 2389 successit
862 2333 933 2389 de
956 2334 1189 2389 abbatia
1234 2333 1648 2390 Flaviuiaceusi
1675 2337 1977 2405 promotus

331 2420 384 2474 in
410 2421 748 2492 episcopum
775 2420 1235 2490 Linguoneusem
1275 2437 1425 2478 anno
1480 2422 1632 2478 dom.
1693 2422 1803 2479 inc.
1873 2426 1978 2479 880

333 2509 429 2565 ind
464 2515 528 2565 13
559 2508 649 2580 “1,
680 2514 739 2565 et
772 2510 823 2566 ei
846 2510 1202 2567 Teutbaldus
1258 2510 1348 2583 1",
1404 2518 1463 2567 et
1541 2511 1593 2567 ei
1641 2511 1971 2582 Augrimus.

335 2599 646 2654 Warnerus
678 2598 824 2654 obiit
851 2602 972 2655 008.
995 2601 1157 2655 Anno
1187 2598 1309 2656 879:
1348 2600 1472 2656 ind.
1508 2605 1592 2670 12,
1616 2601 1870 2672 suscepit
1892 2616 1978 2656 re-

332 2701 504 2754 gnum
538 2686 857 2743 Provincize
883 2687 952 2742 ad
978 2687 1255 2744 Viennam
1281 2691 1429 2744 Boso
1461 2689 1659 2745 Idibus
1682 2690 1972 2761 Octobris,

335 2780 484 2845 post.
524 2816 537 2830 .
585 2816 595 2829 .
644 2818 657 2833 .
691 2775 850 2842 lum;
879 2776 972 2831 cui
1006 2776 1292 2832 successit
1318 2776 1643 2833 Ludovicus
1672 2777 1827 2835 illius
1848 2779 1975 2848 ejus

333 2866 456 2932 891,
486 2862 673 2921 adhuc
699 2864 952 2934 juvenis,
978 2865 1333 2920 auctoritate
1368 2880 1529 2936 papae
1562 2866 1834 2937 Stephani
1867 2867 1974 2924 sub

338 2952 632 3008 tutoribus
660 2952 950 3008 Richardo
970 2952 1116 3009 duce
1147 2957 1202 3009 et
1238 2953 1457 3023 regina.

403 3040 647 3112 (Claron.
679 3042 922 3113 Dio.)ln
939 3042 1205 3113 partibus
1225 3043 1403 3112 igitur
1429 3044 1687 3100 Bavariaa
1709 3046 1767 3100 et
1800 3044 1976 3101 Saxo-

334 3129 522 3186 xonire
557 3130 826 3186 et-ltaliaa
860 3131 1234 3202 imperatoris
1267 3131 1538 3188 Ludovici
1570 3132 1655 3187 Pii
1705 3132 1976 3189 filiusLu-

333 3217 595 3287 dovicus,
630 3219 1021 3275 etLotharius
1060 3219 1336 3288 Lotbarii,
1400 3220 1771 3291 imperatoris
1820 3221 1977 3279 ﬁlius

335 3305 630 3362 tenebant.
654 3308 790 3362 Post
809 3307 1032 3363 obitum
1048 3321 1248 3363 eorum
1271 3307 1369 3362 lilii
1394 3307 1579 3379 ipsius
1601 3308 1873 3366 Ludovici
1889 3325 1977 3365 re-

332 3396 835 3463 gnaverunt.Nam
864 3395 1377 3465 Lothariusjunior
1398 3410 1498 3451 rex
1516 3396 1796 3455 obiitsine
1819 3397 1971 3456 filiis.

335 3481 550 3552 [BERI‘J
576 3481 851 3539 Ludovici
883 3482 1061 3552 igitur
1095 3486 1608 3554 temporeannoab
1654 3485 1765 3543 inc.
1810 3487 1970 3542 Dom.

333 3571 456 3640 875,
484 3569 602 3626 ind.
632 3574 683 3642 8,
713 3575 840 3642 post
873 3586 1181 3629 excessum
1215 3573 1412 3629 domui
1439 3574 1708 3631 Hattonis
1729 3574 1975 3631 domnus

332 3665 389 3713 et
426 3657 932 3716 sanctissimusvir
974 3660 1307 3718 Berhardus
1367 3661 1786 3719 acclamatione
1828 3663 1975 3720 cieri

332 3750 390 3802 et
422 3747 619 3818 populi
645 3748 834 3804 factus
848 3751 937 3805 est
955 3748 1684 3820 episcopusVirdunensis,
1710 3751 1978 3822 cujusin-

335 3835 518 3891 teutio
535 3840 593 3892 et
613 3835 872 3892 studium
890 3837 1320 3895 sanctissimum
1346 3838 1454 3895 fuit
1477 3839 1766 3912 inceptam
1781 3840 1977 3899 basili-

332 3937 457 3979 eam
476 3922 547 3979 ad
565 3925 888 3995 perfectum
915 3939 1099 3996 usque
1140 3926 1482 3997 perducere.
1528 3927 1688 3995 Quod
1721 3933 1778 3985 et
1837 3929 1974 3987 fecit

333 4013 447 4068 Deo
480 4012 814 4070 miserante.
851 4012 1020 4083 Signa
1051 4014 1294 4084 grandia
1322 4018 1379 4071 et
1412 4016 1845 4075 honorabiliaet
1874 4019 1976 4077 mi-

333 4112 473 4156 nora
505 4099 675 4158 valde
706 4100 853 4158 bona
896 4099 974 4157 ibi
1029 4115 1161 4158 esse
1215 4102 1546 4175 constituit,
1617 4105 1973 4177 pontiﬁcalia

331 4189 706 4261 vestimenta,
740 4193 798 4246 et
831 4194 1169 4250 ornamenta
1209 4191 1634 4251 zeeclesiastica
1675 4194 1976 4268 quamplu-

331 4278 495 4349 rima,
521 4284 582 4337 et
598 4280 876 4336 feretrum
900 4280 996 4337 ubi
1019 4280 1438 4354 suntreliquiae
1491 4287 1825 4342 sanctorum
1867 4301 1977 4344 tec-

331 4364 529 4423 clesiae
552 4381 674 4425 suae
688 4367 958 4425 contulit.
980 4369 1300 4427 Canonicos
1317 4384 1454 4427 suos
1475 4373 1755 4431 canonice
1776 4373 1974 4432 vivere

2007 3092 2057 3155 Ο

2085 1802 2492 1873 Karlomanno,
2528 1802 2683 1859 intra
2714 1805 3171 1875 quinquennium
3206 1805 3516 1876 defunctis,
3545 1806 3616 1861 ad
3643 1806 3737 1875 ju-

2088 1891 2309 1947 niorem
2336 1891 2607 1948 Karolum
2633 1907 2828 1950 rerum
2851 1880 3380 1966 summa'pe‘rvenit,
3404 1896 3501 1965 qui
3528 1908 3737 1951 conse-

2086 1983 2288 2037 cratus
2309 1982 2402 2037 est
2425 1996 2455 2036 a
2475 1981 2732 2037 Iohanne
2758 1997 2902 2053 papa
2927 1982 3261 2054 imperator.
3297 1982 3541 2053 (Chron.
3564 1985 3731 2055 Div.)

2089 2071 2286 2125 Annus
2336 2071 2458 2139 885,
2509 2069 2828 2126 indictione
2870 2074 2922 2141 4,
2967 2086 3153 2128 annus
3202 2073 3310 2128 fuit
3358 2072 3735 2142 imperatoris

2087 2157 2279 2213 Karoli
2305 2158 2360 2213 iu
2383 2158 2550 2214 Italia
2574 2164 2623 2231 5,
2652 2159 2707 2214 in
2736 2160 3006 2215 orientali
3041 2161 3276 2216 Francia
3302 2163 3352 2230 4,
3379 2162 3434 2216 in
3467 2160 3649 2216 Gallia
3676 2167 3730 2217 1.

2089 2245 2308 2317 [Bentl
2334 2247 2712 2319 Temporibus
2734 2248 2914 2318 igitur
2936 2248 3209 2305 Ludovici
3233 2249 3553 2305 Germanici
3578 2250 3737 2319 regis

2086 2334 2245 2391 Dado
2277 2336 2541 2407 suscepit
2570 2336 2967 2408 episcopatum
2996 2337 3325 2393 Virduuicze
3358 2337 3544 2403 urbis,
3582 2352 3735 2393 anno

2090 2425 2160 2479 ab
2194 2424 2304 2480 inc.
2341 2426 2500 2480 Dom.
2536 2428 2658 2496 885,
2694 2441 2824 2482 cum
2866 2440 2977 2496 qua
3018 2426 3274 2498 eptinuit
3306 2426 3571 2497 plurima.
3607 2425 3737 2492 Quo

2088 2517 2319 2568 mortuo
2351 2512 2613 2584 Karolus,
2651 2518 2714 2569 ut
2744 2513 3019 2583 diximus,
3055 2514 3449 2570 monarcbiam
3480 2514 3737 2584 adeptus

2087 2605 2197 2656 est.
2232 2600 2390 2657 Dado
2423 2602 2736 2673 cpiscopus
2764 2602 3147 2659 Virdunensis
3170 2608 3304 2659 ante
3327 2603 3734 2674 episcopatum

2090 2689 2324 2760 przefuit
2357 2691 2606 2746 abbatis:
2639 2690 2823 2747 sancti
2846 2691 3060 2761 Vitoni,
3089 2705 3257 2762 quam
3286 2693 3463 2747 etiam
3495 2696 3735 2763 sumpto

2088 2777 2433 2849 episcopatu
2464 2794 2575 2835 non
2608 2779 2837 2847 omisit;
2874 2780 2971 2850 qui
3002 2779 3316 2850 adquisivit
3347 2780 3614 2836 ecclesia:
3646 2780 3731 2834 illi

2089 2866 2359 2937 plurima,
2403 2867 2571 2938 cujus
2611 2867 2878 2925 ecclesiae
2928 2869 3243 2925 canonicus
3292 2869 3632 2925 Bertharius
3674 2869 3731 2923 in

2089 2956 2352 3027 ejusdem
2393 2956 2656 3013 ecclesia)
2697 2956 3016 3028 requiescit
3068 2958 3372 3013 cimiterio.
3418 2959 3580 3013 Anno
3612 2958 3724 3013 inc.

2087 3044 2250 3101 verbi
2282 3044 2406 3112 887,
2437 3045 2746 3101 Normanni
2791 3046 2999 3117 pagani
3039 3045 3427 3103 Flaviniaeum
3467 3050 3730 3102 castrum

2088 3147 2191 3189 seu
2223 3134 2553 3191 coenobium
2588 3135 2859 3205 ingressi,
2880 3135 3223 3192 occiderunt
3252 3135 3566 3192 monachos
3593 3150 3727 3191 cum

2087 3222 2320 3279 famulis
2351 3227 2383 3278 8
2412 3222 2480 3256 ²⁶⁴
2521 3237 2783 3295 numero,
2828 3227 2888 3280 et
2928 3230 3261 3281 manserunt
3308 3224 3433 3281 dies
3478 3226 3541 3279 14
3579 3223 3670 3293 ³6⁵,
3701 3238 3733 3278 a

2087 3315 2118 3366 3
2152 3311 2289 3368 Idus
2318 3312 2577 3370 Januarii
2614 3327 2799 3383 usque
2831 3316 2863 3369 8
2894 3312 3016 3369 Kal.
3053 3312 3374 3369 Februarii.

2161 3402 2350 3473 [Βειιτ.
2378 3400 2579 3473 pra/2]
2604 3403 2665 3456 In
2689 3401 2897 3458 diebus
2927 3401 3108 3471 igitur
3136 3402 3514 3473 pontificatus
3535 3401 3734 3459 domui

2086 3488 2362 3561 Dadonis,
2392 3505 2522 3547 cum
2556 3490 2684 3561 ejus
2718 3491 2869 3547 bono
2901 3491 3095 3547 studio
3125 3496 3186 3546 et
3218 3491 3417 3547 inclita
3452 3491 3594 3546 fama
3631 3506 3739 3562 per

2090 3583 2155 3634 35
2178 3593 2359 3634 annos
2384 3579 2563 3636 multa
2578 3578 2865 3636 aacclesize
2883 3579 3332 3636 sibicommissae
3355 3579 3740 3650 provenerint

2088 3681 2391 3739 prospera,
2413 3683 2543 3724 cum
2562 3672 2628 3723 36
2651 3682 2800 3724 anno
2820 3667 3161 3739 principalis
3182 3668 3445 3725 aecclesia
3474 3667 3743 3738 peccatis

2090 3755 2463 3826 exigentibus
2493 3756 2626 3826 igne
2655 3762 3021 3828 consumpta,
3049 3756 3182 3813 libri
3206 3760 3264 3812 et
3288 3756 3581 3813 memoriae
3608 3770 3746 3812 san-

2091 3848 2317 3901 ctorum
2349 3850 2583 3916 patrum
2618 3845 2861 3901 maxima
2886 3860 2957 3901 ex
2982 3850 3149 3917 parte
3172 3845 3357 3901 eidem
3390 3849 3586 3901 essent
3619 3850 3742 3900 tra-

2090 3931 2249 4001 ditae,
2286 3932 2629 3988 Bertharius
2670 3934 2998 4004 presbyter,
3035 3947 3104 3988 ne
3133 3938 3469 3989 sanctorum
3502 3938 3736 4003 patrum

2090 4019 2542 4077 Virdunensium
2585 4020 2920 4092 pontiﬁcum
2961 4026 3335 4077 sacrosancta
3367 4021 3639 4077 memoria
3675 4026 3733 4076 et

2089 4109 2425 4165 venerabile
2456 4109 2717 4167 studium
2740 4114 2798 4165 et
2823 4111 3088 4183 operatio
3113 4116 3314 4168 sancta
3333 4110 3567 4182 penitus
3589 4109 3738 4165 obli-

2090 4197 2244 4254 vioni
2276 4198 2632 4269 traderetur,
2670 4213 2798 4270 quae
2822 4199 2892 4256 de
2914 4200 3136 4256 sanctis
3167 4214 3370 4257 eorum
3403 4198 3630 4256 actibus
3657 4197 3737 4253 le-

2087 4291 2276 4358 gerat,
2295 4287 2561 4344 breviato
2575 4302 2839 4344 sermone
2857 4288 3320 4359 comprehendit,
3342 4288 3737 4361 praesentibus

2088 4380 2342 4447 gratum,
2379 4376 2636 4448 posteris
2667 4376 2829 4433 utile.
2867 4375 3111 4446 (Chron.
3134 4379 3295 4448 Div.)
3326 4376 3572 4433 Karolus
3593 4391 3739 4446 ergo

332 4452 1124 4527 fecit,villanispresbyteris
1163 4457 1570 4528 viamjustitiaa
1592 4459 1846 4519 viriliter
1884 4478 1975 4521 os-
2005 4447 2059 4508 D
2089 4464 2273 4522 Italiae
2324 4470 2383 4521 et
2433 4465 2696 4522 Saxonis:
2749 4465 2998 4538 adeptus
3049 4447 3374 4537 imperium,
3424 4470 3736 4536 postquam

333 4540 543 4614 tendit,
578 4542 932 4613 etpuerosiu
955 4542 1241 4602 diviniset
1263 4546 1531 4604 humanis
1576 4547 1745 4606 libris
1770 4567 1872 4623 per
1914 4567 1974 4609 se

330 4633 388 4684 et
412 4644 514 4701 per
539 4630 687 4688 alios
707 4646 835 4688 cum
854 4646 1072 4690 summa
1095 4633 1657 4694 caritateinstruxit.
1704 4640 1860 4697 Obiit
1915 4642 1971 4699 in

328 4717 637 4787 Theolegio
653 4720 1026 4790 monasterio,
1054 4722 1222 4778 ubiet
1255 4738 1471 4796 corpus
1520 4726 1646 4797 ejus
1674 4728 1972 4788 conditum

329 4811 419 4861 est
446 4805 632 4879 pridie
655 4805 1497 4879 KalendJanuarias.(Chron.
1534 4815 1698 4886 Div.)
1740 4816 1866 4873 Fuit
1916 4818 1971 4873 in

329 4894 671 4966 episcopatu
686 4894 885 4952 decem
906 4897 1090 4953 annis.
1111 4898 1264 4954 Obiit
1289 4899 1467 4969 igitur
1508 4902 1969 4976 Ludovicusjus-

330 4986 494 5040 tuset
511 4990 752 5042 sanctus
772 4984 1092 5056 imperator
1113 4986 1367 5043 Lotharii
1385 4988 1760 5060 imperatoris
1788 4995 1974 5051 senio-

330 5070 411 5128 ris
434 5071 589 5129 filius
611 5076 668 5129 et
686 5073 867 5130 frater
885 5073 1401 5145 juniorisLotharii
1425 5079 1457 5134 4
1477 5077 1614 5137 Idus
1631 5081 1847 5151 Aprilis
1877 5099 1973 5139 an-

329 5173 404 5215 no
425 5158 496 5216 ab
529 5159 814 5218 inc.Dom.
862 5165 984 5219 878.
1016 5163 1433 5223 liarlomannus
1458 5166 1612 5225 ﬁlius
1657 5168 1785 5240 ejus
1843 5185 1974 5228 suc-

2089 4553 2473 4623 Normannos,
2501 4552 2597 4624 qui
2621 4553 3220 4610 Parisius7annorum
3244 4552 3547 4610 obsidione
3571 4551 3741 4608 attri-

2088 4646 2315 4714 verant,
2353 4642 2461 4698 sibi
2494 4642 2777 4713 subdidit,
2810 4641 2955 4698 obiit
2989 4655 3134 4697 anno
3168 4641 3239 4697 ab
3270 4643 3381 4699 inc.
3414 4642 3572 4697 Dom.
3606 4642 3735 4710 888,

2090 4730 2205 4786 ind.
2241 4734 2294 4800 6,
2330 4730 2518 4802 pridie
2551 4732 2739 4786 Nonas
2771 4729 3066 4801 Octobris,
3103 4745 3252 4786 anno
3294 4729 3521 4801 imperii
3557 4729 3647 4784 sui
3684 4734 3733 4784 4.

2090 4821 2378 4892 [Haemo]
2410 4821 2546 4875 Post
2583 4834 2751 4890 quem
2795 4820 3023 4890 accepit
3054 4819 3333 4875 Aruulfus
3367 4834 3547 4888 nepos
3577 4817 3741 4874 illius

2089 4922 2332 4977 regnum
2368 4922 2516 4964 anno
2553 4909 2622 4963 ab
2655 4907 2764 4963 ine.
2798 4909 2955 4964 Dom.
2983 4910 3106 4978 888,
3135 4909 3252 4964 ind.
3281 4912 3333 4977 6,
3358 4906 3555 4963 eodem
3582 4904 3744 4961 scili-

2088 5002 2184 5052 cet
2218 5012 2387 5066 anno,
2416 4996 2573 5052 ﬁlius
2597 4995 2966 5053 Karlomanni
2992 4995 3092 5051 filii
3117 4995 3391 5053 Ludovici
3425 4995 3743 5066 imperato-

2090 5085 2170 5140 ris
2199 5084 2342 5153 justi
2376 5088 2435 5140 et
2467 5084 2674 5141 sancti.

2161 5171 2403 5242 (Chron.
2438 5174 2603 5246 Dic.)
2645 5174 2860 5231 lterum
2893 5173 2949 5230 in
2989 5179 3337 5231 Francorum
3381 5186 3558 5243 regno
3600 5171 3743 5228 No:-

1684 5293 1921 5350 VARIAS
1966 5295 2162 5353 LECTI
2169 5298 2260 5353 ON
2268 5298 2367 5353 ES.

397 5393 671 5484 ’f'Allgjj;
694 5398 963 5484 suppleti
992 5415 1068 5459 ϐω
1089 5404 1572 5484 ὁῖθζρῑριξρὸριωηι.
1605 5405 1684 5484 πθ,
1704 5407 1795 5484 {te
1825 5422 1903 5484 ea;
1927 5410 2104 5484 Seria
2128 5411 2382 5484 restitui
2400 5430 2431 5484 ,ἡ
2446 5412 2744 5484 reparavit
2774 5413 2838 5470 in
2853 5428 2895 5484 η.
2937 5412 3054 5484 legi
3084 5411 3337 5471 videtur.
3374 5412 3444 5445 “0
3478 5413 3735 5469 ommisit

327 5455 1260 5555 ᾀσίᾳιξψζιῖξθίᾲηῦῆιθηᾷε⁷ὲρὖίξάἷῇ
1275 5455 1797 5536 '55f'ié6'i'éxczéii.
1826 5455 1905 5513 ὦ
1927 5455 2585 5555 ut???

326 5540 567 5600 mnum
593 5541 639 5599 V
664 5551 956 5615 apparere
991 5544 1247 5603 videtur.

2634 5502 2646 5540 :
2693 5497 2788 5540 ιο.
2835 5482 2901 5516 ³⁸³
2960 5482 3048 5540 ita
3096 5484 3336 5556 suppleo
3372 5485 3483 5552 ;in
3538 5485 3737 5542 codice
