3960 6052
192 250 296 312 1³³13

1433 237 1934 304 CHRONICON.
1969 273 2046 282 —
2073 237 2228 300 LIB.
2259 238 2307 300 Ι.

3461 245 3574 306 174

186 381 365 438 manui
394 375 723 450 insurgunt,
757 384 813 436 et
839 393 988 436 anno
1012 380 1085 434 ab
1110 378 1220 434 inc.
1256 379 1416 434 Dom.
1449 382 1572 447 891,
1609 376 1811 432 indict.
1846 369 1904 428 A
1935 374 2231 447 plectitur.
2262 375 2418 446 (Cat.
2431 374 2907 448 pont.)Formoso
2922 382 3332 434 successerunt
3351 379 3574 436 Bonifa-

184 477 232 541 9,
263 470 494 540 Gallias,
545 469 870 542 lliSpanias,
925 467 1145 524 ltaliam
1199 467 1498 524 Franciam
1541 471 1601 522 et
1630 469 1818 522 totum

185 561 625 616 christiauorum
659 562 886 615 vastant
922 573 1181 628 regnum.
1219 557 1498 614 Civitates
1536 556 1816 626 Parisius,

187 649 478 718 Bclvacus,
515 648 780 704 Carnotis
813 653 870 703 et
903 647 1104 705 Meldis
1136 653 1194 703 et
1225 646 1464 717 reliquae
1498 661 1607 702 non
1643 660 1817 702 secus

189 738 432 810 undique
449 737 720 794 civitates
738 736 1118 809 diripiuntur,
1139 740 1446 812 vastantur
1468 741 1524 791 et
1549 739 1822 791 evertun-

183 833 293 897 tur,
315 840 562 898 corpora
585 831 922 902 sanctorum
957 825 1104 882 infra
1137 840 1330 882 muros
1356 823 1722 895 recipiuntur
1753 821 1822 878 ti-

187 931 334 972 more
363 916 638 972 hostium.
675 917 899 988 Corpus
940 915 1126 972 sancti
1160 913 1417 985 Benigni,
1453 911 1821 970 Diviuncnsis

184 1003 441 1062 ecclesiae
465 1005 716 1077 patroni,
742 1005 1057 1076 Linguonis
1081 1005 1287 1062 fertur.
1320 1005 1568 1060 Sanctus
1599 998 1820 1056 Sancti-

184 1109 284 1150 nus
305 1092 509 1152 Meldis
529 1095 585 1150 in
609 1095 859 1152 ecclesia
891 1093 1109 1165 majore
1132 1093 1365 1166 positus
1389 1107 1418 1148 a
1443 1091 1578 1147 Vird
1591 1089 1823 1146 000081-

186 1183 284 1239 bus
314 1183 565 1240 maximo
601 1185 790 1256 pretio
822 1183 1063 1240 Virduni
1100 1183 1322 1239 relatus
1344 1181 1461 1252 jam
1495 1184 1620 1236 erat
1651 1193 1823 1248 supe-

186 1271 350 1328 rioris
401 1273 550 1342 fugae
580 1271 648 1305 ²⁶⁶
679 1277 961 1344 tempore,
1005 1287 1055 1328 a.
1091 1275 1214 1330 860.
1248 1268 1560 1327 Normanni
1607 1265 1823 1323 Gallias

185 1365 592 1430 pervagantur,
632 1360 957 1432 Hispanias,
981 1361 1229 1430 adeunt,
1263 1359 1566 1416 Rodanum
1599 1355 1822 1411 intrant

185 1447 432 1520 ﬂuvium,
481 1449 705 1506 Italiam
743 1449 1120 1522 populantur,
1153 1455 1213 1506 et
1247 1452 1432 1505 totum
1472 1444 1822 1503 christiano-

185 1551 298 1592 rum
320 1535 722 1609 pessundatur
743 1553 1002 1610 regnum.
1031 1540 1258 1595 Interea
1281 1535 1619 1608 congregati
1648 1534 1820 1588 Fran-

181 1626 276 1682 cize
297 1627 598 1699 principes
617 1627 924 1685 concilium
950 1629 1020 1683 de
1046 1627 1268 1698 magnis
1291 1627 1466 1683 rebus
1487 1625 1712 1692 ineunt,
1737 1625 1816 1690 et,

1931 465 2076 536 cius,
2112 466 2458 537 Stephanus,
2485 463 2844 531 Theodorus,
2877 466 3167 521 Johannes
3199 467 3286 522 lx.

2006 556 2166 610 Anno
2201 559 2323 624 910,
2359 555 2725 611 constructio
2773 554 3111 610 monasterii
3157 555 3570 626 Cluniacensis,

1933 647 1991 700 et
2021 647 2124 700 918
2156 643 2302 700 obiit
2333 643 2656 701 Willelmus
2699 644 2816 701 dux
2844 649 3221 702 constructor
3254 645 3428 704 illius.

2005 732 2156 802 (Ser.
2185 733 2314 790 abb.
2339 733 2464 806 Fl.)
2499 738 2659 790 Anno
2681 739 2804 805 913,
2839 735 3002 792 Walo
3034 735 3322 792 Eduensis
3353 737 3579 808 episco-

1934 837 2042 892 pus
2065 822 2231 893 obiit,
2251 821 2348 893 qui
2373 823 2604 894 praefuit
2630 823 2794 880 annis
2814 827 2884 880 20
2907 825 3016 880 sub
3041 824 3246 881 Carolo
3271 825 3576 896 Simplice;

1931 915 1988 965 et
2022 911 2283 967 llerveus
2320 912 2630 968 successit.

2006 999 2224 1072 1111011]
2260 1006 2420 1056 Anno
2453 1005 2575 1070 919,
2609 1001 2820 1058 cecidit
2860 1001 3056 1059 Remis
3087 1004 3314 1074 grando
3347 1005 3580 1062 mirabi-

1933 1085 2008 1143 lis
2037 1102 2208 1144 ovum
2240 1088 2470 1157 gallinae
2505 1103 2788 1161 superans
2819 1092 3576 1165 magnitudineglatitudine

1934 1175 2186 1232 medium
2221 1177 2444 1248 palmae.
2478 1179 2640 1234 Anno
2663 1179 2930 1249 sequenti
2955 1181 3064 1236 mel
3091 1181 3143 1237 in
3167 1181 3349 1253 spicis
3381 1183 3576 1239 inven-

1932 1265 2056 1319 tum
2088 1269 2178 1320 est
2209 1267 2264 1321 et
2301 1265 2472 1322 ﬂores
2505 1266 2560 1321 in
2603 1266 2916 1324 arboribus
2957 1270 3205 1327 maturis
3239 1269 3356 1341 jam
3402 1272 3578 1342 frugi-

1933 1351 2060 1410 bus.

2004 1444 2167 1498 Anno
2201 1443 2272 1499 ab
2305 1443 2413 1499 inc.
2447 1446 2606 1500 Dom.
2643 1450 2766 1516 917,
2812 1445 3098 1521 1³10001108
3148 1465 3252 1505 rex
3292 1451 3577 1507 constitu-

1931 1532 2030 1587 tus
2062 1537 2174 1602 est,
2201 1537 2260 1588 et
2293 1537 2353 1589 21
2391 1533 2550 1604 regni
2587 1534 2676 1590 sui
2710 1549 2858 1591 anno
2892 1537 2964 1591 ab
2996 1538 3206 1606 Ungris
3239 1537 3296 1592 id
3327 1544 3418 1595 est
3450 1540 3578 1595 Sar-

1934 1620 2164 1676 racenis
2198 1621 2546 1678 interfectus
2574 1627 2686 1694 est,
2722 1629 2781 1680 ct
2809 1625 2970 1682 Ebbo
3011 1625 3131 1682 dux
3161 1627 3340 1683 castri
3374 1629 3580 1684 Dolen-

183 1715 650 1786 utpradiximus,
667 1715 1072 1772 Odonemlicet
1091 1716 1473 1773 reluctantem
1490 1713 1599 1770 sub
1615 1707 1820 1767 Carolo
1847 1724 1904 1786 Β
1933 1708 2044 1776 sis;
2078 1713 2135 1764 ct
2168 1709 2386 1766 invasit
2409 1725 2648 1780 regnum
2678 1714 2840 1782 Hugo
2864 1712 3000 1784 dux,
3026 1714 3264 1784 capiens
3296 1715 3351 1770 in
3385 1717 3578 1774 vincu-

182 1805 542 1861 constituunt
576 1819 790 1876 regem.
825 1805 999 1874 (Ann.
1054 1805 1312 1878 Vedast.)
1345 1803 1549 1860 lndict.
1589 1806 1674 1872 10,
1713 1799 1821 1856 fuit

184 1907 354 1950 annus
380 1892 610 1966 primus
641 1893 864 1966 imperii
897 1893 1157 1951 Widonis
1187 1893 1442 1964 augusti,
1469 1891 1564 1962 qui
1593 1905 1694 1962 per
1718 1891 1823 1944 Ga-

182 1980 362 2037 lonem
404 1982 870 2053 Linguonensem
911 1983 1251 2055 episcopum
1291 1981 1654 2039 constitutus
1695 1992 1817 2047 rex,

180 2085 298 2126 cum
339 2071 612 2128 audisset
653 2071 911 2128 Odonem
951 2087 1145 2142 regem
1185 2073 1420 2140 factum,
1455 2084 1585 2126 cum
1620 2070 1824 2123 Beren-

179 2159 331 2228 gario
363 2175 507 2231 rege
533 2159 718 2216 Italiae
749 2159 928 2217 multa
956 2160 1106 2216 bella
1133 2159 1338 2230 gessit,
1359 2163 1417 2214 et
1442 2157 1629 2214 victor
1660 2169 1822 2212 reve-

181 2247 332 2304 nicus
366 2249 697 2320 imperator
735 2254 972 2306 creatus
999 2253 1110 2305 est.
1143 2249 1358 2305 Eodem
1389 2261 1538 2302 anno
1570 2243 1723 2317 apud
1752 2240 1821 2286 "7

179 2335 392 2392 Tullum
415 2342 478 2393 et
502 2337 658 2394 circa
693 2338 866 2410 Alpes
888 2337 1041 2395 ultra
1063 2339 1265 2394 Jurum
1293 2335 1580 2393 1100111108
1611 2349 1714 2389 rex
1747 2332 1823 2387 fa-

181 2429 302 2480 ctus
329 2429 425 2482 est
448 2429 522 2482 92
541 2441 714 2483 anno.
749 2426 990 2497 (Chron.
1015 2429 1180 2500 Die.)
1211 2430 1373 2482 Anno
1408 2425 1588 2494 igitur
1610 2423 1682 2478 ab
1706 2421 1816 2476 inc.

179 2513 328 2568 Dom.
363 2517 496 2586 893,
536 2515 653 2572 ind.
683 2521 769 2587 11,
796 2515 993 2572 Odone
1027 2519 1306 2586 regnante
1338 2515 1395 2570 in
1427 2511 1685 2581 Francia,
1723 2512 1826 2566 Ar-

182 2601 328 2656 nulfo
352 2605 412 2660 in
445 2603 612 2660 Italia
631 2609 692 2660 et
713 2605 979 2676 Saxonia,
1005 2604 1382 2675 Karolusjam
1401 2600 1632 2674 juvenis
1653 2601 1826 2654 Frau-

183 2702 370 2746 corum
407 2692 631 2763 repetit
659 2697 911 2764 sceptra,
945 2697 1002 2749 et
1037 2697 1393 2748 memoratus
1421 2688 1699 2747 Arnull‘us
1724 2685 1826 2740 im-

185 2778 314 2848 perii
365 2780 590 2836 invasit
639 2781 1050 2852 monarchiam,
1103 2783 1340 2838 Romam
1395 2793 1525 2836 cum
1579 2789 1824 2833 assensu

183 2867 434 2926 Formosi
469 2884 635 2940 papae
663 2871 922 2942 capiens,
957 2885 987 2926 a
1018 2887 1132 2942 quo
1162 2871 1219 2926 in
1251 2871 1662 2942 imperatorem
1695 2878 1828 2936 pro-

183 2963 362 3014 motus
413 2962 533 3014 est.
588 2957 873 3032 [Haeme]
923 2962 1079 3016 Tunc
1129 2958 1377 3031 primum
1409 2971 1439 3014 0
1475 2958 1824 3012 Francorum

1934 1796 2008 1854 lis
2039 1797 2308 1854 Karolum
2359 1799 2589 1856 Rodulﬁ
2641 1800 2853 1870 ﬁlium;
2886 1806 2944 1858 et
2976 1803 3244 1874 regnavit
3294 1819 3474 1876 usque
3507 1806 3577 1862 ad

1935 1901 2143 1943 annum
2179 1887 2331 1952 dom.
2377 1888 2490 1946 inc.
2525 1893 2646 1946 981.

2005 1977 2218 2033 Eodem
2267 1979 2441 2033 etiam
2493 1993 2643 2035 anno
2693 1979 2789 2051 qui
2839 1985 2966 2036 erat
3006 1981 3078 2037 ab
3111 1981 3223 2038 inc.
3259 1985 3418 2040 Dom.
3453 1985 3577 2040 920.

1933 2064 2078 2121 obiit
2109 2065 2274 2122 Rollo
2316 2068 2774 2126 Normannorum
2818 2069 3114 2143 princeps,
3147 2077 3208 2128 et
3251 2071 3579 2130 Willelmus

1933 2153 2086 2212 ﬁlius
2118 2155 2244 2225 ejus
2277 2157 2588 2228 successit,
2615 2158 2712 2228 qui
2737 2157 2871 2215 dolo
2895 2160 3128 2217 occisus
3159 2165 3245 2218 est
3271 2176 3420 2218 anno
3452 2165 3576 2234 943,

1932 2248 1992 2299 et
2024 2243 2350 2302 Richardus
2384 2245 2539 2303 ﬁlius
2571 2247 2698 2318 ejus
2731 2249 3040 2304 successit.

2006 2332 2249 2402 (Chron.
2283 2334 2447 2410 Dia.)
2477 2337 2692 2392 Exorta
2726 2352 2866 2408 ergo
2899 2337 3191 2396 discordia
3225 2338 3380 2395 inter
3412 2342 3582 2397 Caro-

1934 2419 2120 2479 rolum
2144 2426 2203 2478 et
2225 2424 2386 2494 regni
2413 2425 2730 2498 principes,
2754 2425 2899 2482 ﬁunt
2923 2425 3058 2482 lites
3081 2431 3138 2482 et
3162 2427 3334 2489 bella.
3362 2429 3578 2502 rapina:

1933 2516 1993 2566 et
2045 2510 2328 2582 incendia,
2373 2517 2432 2568 et
2473 2513 2772 2570 innumera
2825 2513 3080 2585 undique
3125 2515 3356 2572 seviunt
3403 2515 3574 2574 mala.

1931 2599 2181 2656 Tandem
2205 2616 2308 2656 rex
2334 2601 2468 2658 facti
2492 2601 2765 2673 penitens
2789 2603 3086 2676 principes
3110 2603 3180 2660 ad
3203 2606 3577 2665 concordiam

1933 2695 2278 2762 commovet,
2332 2705 2650 2762 pacemque
2699 2696 3036 2764 exoptatam
3087 2707 3218 2749 cum
3248 2694 3334 2751 eis
3365 2694 3575 2752 ﬁrmat.

1935 2777 2261 2836 Richardus
2277 2779 2474 2851 igitur,
2493 2781 2588 2850 qui
2605 2780 2676 2837 ab
2691 2781 3086 2852 exequutione
3100 2781 3348 2853 justitize
3372 2799 3584 2854 cogno-

1937 2857 2065 2922 men
2099 2872 2426 2940 acceperat,
2454 2869 2732 2939 quamdiu
2762 2869 2926 2940 vixit,
2956 2870 3164 2927 Carolo
3195 2872 3317 2942 regi
3351 2887 3582 2944 semper

1937 2954 2128 3013 ﬁdelis
2147 2957 2376 3026 extitit;
2413 2973 2528 3029 quo
2551 2963 2780 3015 mortuo
2805 2973 2955 3016 anno
2979 2964 3103 3031 922,
3131 2959 3326 3018 Odone
3350 2975 3580 3033 quoque

184 3047 412 3116 regibus
427 3047 506 3102 ad
520 3052 838 3104 extraneos
861 3047 1212 3105 translatum
1225 3045 1654 3118 estimperium,
1673 3041 1827 3142 11110-
1857 3077 1909 3142 G
1939 3061 2074 3117 rege
2105 3047 2398 3118 defuncto,
2425 3045 2642 3103 Kalend
2662 3048 2918 3105 Januarii
2943 3049 3264 3120 pradictus
3287 3049 3580 3106 Robertus

181 3133 401 3206 cipibus
433 3135 600 3205 regni
626 3136 1186 3208 parvipendentibus
1207 3135 1478 3192 Karolum
1497 3135 1571 3190 ob
1597 3132 1825 3186 tardum

183 3224 382 3282 mentis
406 3223 731 3294 ingenium.
753 3225 994 3294 (Chron.
1010 3226 1174 3298 Div.)
1199 3223 1597 3282 Zeudebelcus
1613 3222 1664 3276 in
1685 3235 1828 3292 prm-

179 3311 354 3368 sentia
378 3312 579 3385 patris
600 3313 692 3368 sui
717 3312 934 3370 Odonis
958 3313 1115 3384 regis
1132 3327 1238 3369 rex
1255 3313 1326 3369 ab
1346 3311 1586 3368 Arnulfo
1607 3307 1827 3365 consti-

178 3403 352 3470 tutus,
377 3400 485 3456 cui
510 3400 788 3458 Arnulfus
802 3415 1044 3472 regnum
1069 3401 1326 3458 Lotharii
1351 3399 1533 3470 dedit,
1550 3404 1608 3455 ct
1625 3400 1824 3470 postea

180 3484 323 3543 111108
362 3489 500 3560 ejus
539 3488 852 3560 occiditur,
881 3493 936 3545 et
972 3490 1098 3562 ipse
1128 3490 1278 3546 obiit
1303 3503 1454 3546 anno
1487 3493 1609 3545 901.
1646 3487 1821 3558 (Ann.

187 3574 447 3648 Fedast.)
504 3575 704 3634 Odone
749 3591 890 3648 ergo
936 3592 1086 3635 anno
1133 3577 1298 3648 regni
1346 3577 1436 3634 sui
1487 3582 1573 3649 12,
1607 3577 1678 3634 ab
1710 3577 1820 3633 inc.

179 3662 326 3718 Dem.
377 3669 497 3721 899
543 3663 841 3738 defuncto,
892 3665 1258 3738 reciprocate
1309 3667 1726 3722 Normanorum
1767 3669 1824 3720 et

179 3751 473 3810 1100011111]
513 3760 820 3824 emergunt
857 3755 1111 3822 ﬂuctus;
1159 3755 1374 3826 Ungari
1417 3755 1487 3810 ab
1529 3755 1822 3826 aquilone.

181 3841 454 3898 Saraceni
483 3856 513 3898 a
537 3842 780 3900 meridie
803 3847 861 3900 et
889 3844 1104 3902 ﬁnibus
1133 3843 1420 3916 Hispaniae
1448 3858 1828 3916 prorumpen-

183 3930 331 3986 tesin
347 3930 664 3988 interitum
687 3932 1008 4003 conﬂigunt
1027 3932 1224 3990 Calliae
1251 3933 1492 4001 (Chron.
1510 3932 1692 4004 Die).
1720 3933 1830 3988 Per

181 4018 359 4075 omnia
395 4019 560 4075 sevit
589 4019 842 4092 gladius,
886 4025 1097 4078 cuncta
1131 4020 1347 4080 dantur
1377 4021 1666 4090 incendio,
1701 4035 1830 4076 san-

179 4112 398 4164 ctorum
451 4107 582 4164 loca
635 4107 949 4166 traduntur
994 4109 1362 4166 exterminio.
1419 4108 1540 4179 (fol.
1573 4107 1706 4182 63’.)
1753 4111 1830 4164 Eo

179 4207 320 4251 anno
350 4195 699 4266 Burgundia
751 4199 980 4254 vastata
1007 4201 1100 4253 est
1135 4213 1164 4253 a
1199 4197 1583 4264 Normannis;
1619 4198 1832 4268 quibus

178 4297 502 4342 occurrens
514 4285 839 4343 Richardus
861 4285 1348 4358 duxjustitiarius
1362 4286 1515 4344 bello
1534 4302 1634 4344 eos
1660 4287 1828 4357 fudit,

179 4376 234 4426 et
254 4379 416 4430 retro
444 4373 645 4430 redire
667 4375 877 4445 coegit.
913 4375 1130 4432 Iterum
1153 4375 1304 4447 apud
1330 4376 1642 4433 Carnotum
1669 4375 1832 4432 socio

1938 3136 2119 3192 frater
2157 3137 2284 3208 ejus
2324 3151 2568 3207 sperans
2599 3139 2656 3194 et
2689 3137 2930 3209 cupiens
2968 3151 3093 3194 eam
3136 3142 3360 3210 partem
3392 3139 3577 3209 regni,

1937 3239 2107 3294 quam
2140 3225 2266 3296 ipse
2295 3228 2588 3296 tenuerat,
2625 3225 2758 3296 quia
2781 3225 2833 3281 ei
2858 3241 2887 3282 a
2913 3225 3118 3282 Carolo
3152 3225 3444 3298 Simplice,
3483 3227 3578 3296 qui

1935 3313 2118 3370 totius
2149 3313 2308 3383 regni
2341 3319 2469 3370 erat
2509 3314 2800 3384 dominus,
2834 3329 2945 3371 non
2978 3315 3356 3385 reddebatur,
3390 3315 3579 3386 palam

1937 3402 2146 3458 invasit
2165 3401 2549 3473 tyrannidem,
2571 3407 2674 3458 eta
2691 3402 3038 3473 quibusdam
3058 3403 3352 3475 episcopis
3386 3402 3584 3460 diade-

1935 3493 2089 3546 mate
2111 3489 2274 3560 reg‘o
2287 3489 2557 3547 coronari
2571 3494 2630 3546 et
2645 3495 2882 3562 sceptro
2899 3491 3059 3561 regni
3079 3491 3343 3562 insigniri
3370 3491 3580 3562 partim

1936 3577 2266 3650 blandiciis,
2320 3578 2529 3650 partim
2571 3578 2740 3634 minis
2781 3579 3052 3651 extorsit,
3083 3580 3184 3636 sed
3219 3594 3583 3652 nequaquam

1934 3667 2107 3738 hujus
2135 3667 2637 3740 praersumptioms
2667 3667 2816 3724 letos
2846 3667 3042 3724 exitus
3073 3668 3294 3726 habuit.

2009 3756 2288 3829 [Haemo]
2323 3758 2484 3812 Anno
2517 3757 2590 3812 ab
2623 3756 2735 3812 inc.
2769 3758 2926 3812 Dom.
2961 3762 3066 3814 900
3103 3759 3381 3816 Arnulfus
3409 3759 3585 3830 impe-

1938 3850 2100 3902 rator
2128 3845 2293 3915 obiit,
2325 3849 2380 3900 et
2415 3843 2743 3901 Ludovicus
2793 3844 2949 3902 ﬁlius
2981 3846 3108 3917 ejus
3137 3848 3443 3906 successit.
3482 3849 3586 3904 llic

1939 3934 2240 3992 duodecim
2269 3933 2435 3990 annis
2459 3931 2872 3990 administrato
2897 3934 3140 4006 imperio
3171 3935 3338 4006 obiit,
3363 3941 3423 3992 et
3445 3938 3588 3993 Con-

1940 4023 2081 4079 rado
2111 4022 2228 4078 ﬁlio
2260 4021 2508 4078 Conradi
2529 4021 2694 4078 ducis
2716 4023 2879 4092 regni
2902 4029 3137 4096 sceptra
3164 4023 3401 4094 reliquit
3434 4038 3586 4081 anno

1941 4113 2012 4168 ab
2044 4112 2156 4168 inc.
2182 4113 2342 4167 Dom.
2370 4114 2494 4168 911.
2524 4110 2624 4167 1110
2655 4110 2831 4167 etiam
2863 4113 3130 4182 regnavit
3160 4113 3327 4168 annis
3357 4126 3583 4183 novem,

1941 4205 1997 4258 et
2028 4199 2335 4256 Heinricus
2381 4199 2606 4270 primus
2653 4201 2940 4256 successit
2991 4215 3234 4271 magnus
3267 4201 3587 4273 imperator

1943 4304 2092 4346 anno
2121 4293 2244 4348 920.
2282 4287 2498 4361 [171.00.]
2531 4290 2610 4346 Eo
2639 4303 2788 4344 anno
2817 4287 2968 4344 inter
2997 4288 3328 4346 llilduinum
3361 4290 3589 4362 episco-

1945 4393 2077 4450 pum
2126 4381 2186 4434 et
2233 4377 2566 4435 Richarium
2617 4377 2890 4433 abbatem
2939 4377 3010 4434 de
3058 4377 3404 4450 episcopatu
3451 4379 3591 4435 Tun-

178 4459 438 4520 Roberto
463 4461 637 4534 duce,
665 4431 880 4519 011ον018
902 4463 1061 4534 regis
1090 4431 1292 4535 fratre,
1320 4431 1476 4520 idem,
1495 4431 1830 4522 iRichardus
1859 4431 1915 4494 D
1941 4431 2152 4538 grensi'
2169 4431 3446 4538 estwcontentio,siquidemrexdllmn

179 4563 300 4605 cum
325 4550 684 4608 Normannis
708 4551 1026 4622 dimicavit,
1051 4555 1110 4607 et
1133 4551 1438 4608 immanem
1463 4568 1664 4610 eorum
1689 4549 1833 4608 mul-

184 4636 496 4696 titudinem
521 4639 758 4696 occidit.
787 4639 999 4696 Habuit
1027 4643 1150 4696 tres
1175 4638 1346 4710 ﬁlios,
1374 4640 1704 4711 1100011010,
1733 4639 1832 4712 qui

179 4725 277 4784 fuit
301 4744 412 4785 rex
435 4730 818 4799 Francorum,
842 4729 1142 4800 Bosonem,
1169 4729 1266 4800 qui
1287 4729 1486 4786 Gallia»
1511 4727 1834 4801 superioris

179 4831 300 4888 quae
332 4819 584 4875 Comata
617 4817 856 4890 dicitur,
881 4817 936 4874 id
961 4822 1055 4875 est
1087 4818 1456 4889 Burgundiae,
1488 4819 1712 4890 accepit
1747 4833 1836 4875 re-

177 4918 370 4976 gnum,
411 4905 660 4963 tertium
691 4909 986 4978 llugonem
1019 4907 1241 4978 Capito,
1274 4906 1372 4978 qui
1403 4905 1510 4963 fuit
1543 4906 1658 4963 dux
1693 4906 1836 4962 infe-

179 4992 348 5050 rioris
383 4994 764 5064 Burgundice.

244 5081 549 5154 [Baetae]
585 5085 748 5140 Anno
771 5083 844 5138 ab
869 5083 980 5142 inc.
1015 5084 1172 5138 Dom.
1208 5087 1330 5154 904,
1368 5083 1476 5140 1011
1509 5083 1723 5141 11011011]
1756 5085 1840 5140 10-

183 5171 266 5224 101
295 5171 638 5228 Conradum
682 5170 890 5229 ducem
919 5175 981 5228 et
1014 5170 1415 5243 Adalbertum,
1459 5171 1516 5228 in
1551 5187 1664 5244 quo
1697 5175 1838 5231 Con-

181 5255 358 5316 radus
390 5258 631 5330 cecidit,
667 5263 728 5316 et
760 5271 910 5318 anno
955 5259 1220 5331 sequenti
1263 5259 1617 5318 Adalbertus
1643 5261 1838 5334 capite

1945 4561 2252 4628 scopatum
2279 4555 2550 4612 Richario
2581 4554 2765 4626 dedit,
2798 4553 2933 4626 quia
2965 4553 3292 4626 Hilduinus,
3319 4555 3411 4613 cui
3445 4555 3588 4612 1111111

1947 4645 2110 4716 prius
2133 4644 2397 4713 dederat,
2419 4659 2449 4700 a
2469 4659 2532 4700 se
2556 4644 2824 4701 descivit.
2855 4643 3242 4701 llerimannus
3264 4659 3403 4702 vero
3429 4645 3591 4701 Colo-

1946 4733 2164 4790 niensis
2187 4732 2685 4805 archiepiscopus,
2706 4733 2958 4804 eligente
2980 4733 3139 4790 clero
3157 4737 3217 4789 et
3241 4733 3468 4789 favente
3493 4747 3580 4803 po-

1949 4821 2104 4894 pulo,
2158 4835 2381 4877 necnon
2413 4825 2469 4876 et
2505 4820 2853 4892 Gisleberto,
2903 4837 3072 4893 quem
3121 4819 3352 4892 plurimi
3385 4819 3590 4874 Lotha—

1949 4910 2170 4966 rienses
2201 4909 2408 4966 relicto
2432 4909 2638 4964 Carolo
2667 4910 2989 4982 principem
3013 4907 3448 4978 ordinaverant,
3476 4905 3592 4963 Hil-

1949 4999 2185 5055 duinnm
2247 4998 2324 5054 ibi
2377 4997 2673 5054 ordinavit
2740 4997 3099 5070 episcOpum,
3159 5011 3291 5054 cum
3347 4997 3592 5054 Carol;s

1949 5087 2136 5159 ipsum
2157 5086 2583 5158 episcopatum,
2603 5085 2780 5142 etiam
2803 5083 3412 5155 Lothariensibusjam
3437 5084 3505 5141 ad
3531 5101 3592 5142 se

1949 5173 2206 5231 reversis
2227 5187 2356 5231 cum
2381 5171 2711 5229 Gisleberto
2743 5173 2911 5241 duce,
2937 5170 3206 5228 Richario
3231 5173 3429 5229 abbati
3461 5189 3596 5230 con-

1951 5261 2221 5330 sentiret,
2247 5261 2620 5331 quamobrem
2648 5259 2883 5330 utrique
2904 5259 3138 5315 Romam
3167 5262 3415 5331 profecti
3437 5266 3590 5322 sunt.

1553 5427 1790 5484 varum
1830 5427 2228 5513 1110110008.

245 5551 317 5588 ³⁸⁸
349 5552 392 5610 1⁵.
435 5569 451 5608 1
483 5569 496 5608 :
532 5569 546 5610 :
571 5563 628 5620 ρ.
711 5549 782 5586 ⁸⁸⁷
807 5549 962 5625 apud
994 5549 1266 5611 dolatu/in.
