3950 6048
353 260 468 328 175

1328 215 1703 333 nuncius
1743 260 2097 331 ABBATIS
2136 248 2818 333 FLAVINIACENSIS

3643 254 3760 336 1'76

353 405 515 457 Anno
544 402 666 472 921,
700 399 896 460 habita
928 402 1018 461 est
1053 401 1309 477 synodhs
1342 402 1494 476 apud
1526 400 1866 473 Trosleium,
1902 400 1994 459 cui
2025 403 2077 464 A
2116 400 2353 474 (01mm.
2380 403 2543 477 Dio.)
2576 402 2740 471 Quod
2773 402 2856 460 illi
2888 410 3223 478 renuentes,
3248 420 3354 479 pro
3381 406 3634 466 Rodulfo
3663 406 3760 464 Ri-

355 492 625 561 prmsedlt
652 493 936 550 Heriveus
961 495 1268 551 Remorum
1294 495 1793 567 archiepiscopus,
1819 492 1914 549 ubi
1936 499 1992 548 et

352 580 594 636 Carolus
618 581 916 647 interfuit;
946 584 1041 653 qui
1067 584 1201 639 inde
1226 583 1527 653 digressus
1552 584 1605 638 in
1631 598 1869 652 regnum
1894 583 1996 639 Lo-

351 669 525 725 tharii
551 671 713 739 abiit,
737 676 794 726 et
821 673 972 728 facta
999 673 1267 743 pactione
1288 688 1417 729 cum
1440 672 1707 727 Heinrico
1732 671 1993 742 principe

348 759 760 815 Transrenensi
787 761 1117 816 Laudunum
1138 761 1330 830 rediit,
1352 761 1718 831 postmodum
1735 775 1872 816 vero
1899 776 1993 832 pa-

349 862 472 902 cem
498 863 625 904 cum
649 863 717 904 eo
743 849 1011 905 firmavit.
1036 850 1343 905 Normanni
1370 849 1537 905 fidem
1564 850 1775 905 Christi
1800 865 1992 906 susce-

350 944 562 1007 perunt
610 942 856 1007 cogente
902 939 1159 993 Roberto
1206 938 1449 1005 comite;
1486 938 1593 994 hoc
1630 938 1805 994 etiam
1840 954 1989 994 anno

348 1025 671 1082 Richardus
692 1026 1049 1095 justitiarius
1079 1027 1245 1083 obiit.

420 1114 636 1185 [non]
686 1117 846 1169 Anno
896 1115 1159 1184 sequenti
1212 1129 1451 1185 regnum
1494 1115 1868 1171 Lothariense
1913 1116 1987 1170 ob

344 1203 854 1273 persequutionem
876 1202 1186 1259 Gisleberti
1206 1209 1262 1259 et
1289 1204 1524 1260 Ottonis
1545 1202 1784 1275 rapinis,
1811 1204 1988 1260 sacri-

344 1291 533 1361 legiis,
562 1291 866 1363 incendiis,
893 1293 1070 1348 etiam
1097 1298 1357 1363 tempore
1383 1292 1865 1364 quadragesimae,
1891 1309 1987 1349 va-

342 1384 548 1436 statur.
613 1381 940 1449 Richarius,
997 1382 1091 1451 qui
1143 1383 1378 1437 Romam
1437 1383 1739 1453 profectus
1795 1384 1985 1438 fuerat

344 1474 587 1539 propter
617 1470 975 1540 episcopium
1019 1472 1371 1541 Tungrcnse,
1408 1486 1683 1527 reversus
1713 1475 1799 1528 est
1831 1471 1985 1528 ordi-

340 1559 514 1612 natus
547 1571 574 1612 a
603 1557 862 1613 Johanne
912 1572 1059 1629 papa
1101 1560 1169 1613 IX
1202 1559 1535 1630 episcopus,
1591 1559 1863 1615 Hilduino
1912 1560 1982 1614 ab

340 1645 470 1715 ipso
502 1659 648 1717 papa
681 1648 1201 1703 excommunicato.
1229 1649 1418 1717 Drogo
1439 1647 1729 1705 Tullensis
1760 1649 1984 1719 episco-

2109 492 2313 549 chardi
2331 493 2638 563 justitiarii
2657 494 2773 550 filio
2789 494 2844 550 in
2861 496 3251 566 Burgundiam
3274 498 3754 563 transmiserunt,

2109 582 2204 651 qui
2238 597 2417 653 ocyus
2446 597 2575 638 cum
2618 582 2796 639 multa
2838 599 3079 640 suorum
3122 600 3292 641 manu
3323 585 3440 642 illis
3470 587 3752 656 occurrit,

2104 673 2161 724 et
2190 670 2399 726 Carolo
2419 675 2585 726 trans
2607 672 2817 727 Mosam
2843 673 3188 742 refugiente,
3217 674 3341 744 ipse
3364 688 3469 729 rex
3486 676 3641 745 apud
3662 690 3757 730 ur-

2106 759 2232 814 bem
2277 758 2704 817 Suessionicam
2750 761 3114 817 constitutus
3151 766 3263 832 est,
3298 767 3355 818 et
3390 764 3540 819 Boso
3570 765 3755 819 frater

2101 847 2228 917 ejus
2252 862 2354 903 rex
2378 848 2579 905 Galliae
2603 850 2929 921 superioris
2958 864 3087 921 quae
3120 851 3354 907 Comata
3379 852 3596 909 dicitur
3616 867 3752 909 con-

2102 936 2350 992 stitutus
2379 942 2491 1007 est,
2530 937 2587 992 id
2617 943 2710 993 est
2741 938 3088 1008 Burgundiaa
3122 940 3469 1011 superioris,
3495 947 3553 997 et
3584 942 3749 1011 Hugo

2101 1024 2303 1094 Capito
2338 1025 2454 1080 dux
2497 1026 2845 1096 Burgundiae
2879 1027 3195 1083 inferioris.
3232 1029 3381 1083 Socii
3416 1044 3555 1085 vero
3589 1030 3749 1086 defe-

2097 1112 2308 1167 ctionis
2333 1113 2575 1170 interitu
2600 1115 2839 1170 Roberti
2865 1130 3229 1187 nequaquam
3257 1117 3472 1188 territi,
3491 1117 3748 1189 perﬁdiae

2097 1215 2216 1257 sua:
2237 1217 2351 1257 non
2379 1203 2693 1259 deseruere
2715 1205 3162 1273 contumaciam,
3191 1220 3361 1275 quam
3388 1207 3585 1278 potius
3608 1209 3752 1264 Her-

2099 1293 2301 1347 bertus
2352 1291 2586 1348 infando
2620 1293 2843 1349 scelere
2879 1293 3215 1349 traditionis
3244 1295 3539 1351 dominum
3573 1311 3745 1353 suum

2097 1394 2410 1451 regemque
2461 1381 2647 1437 totius
2698 1381 2952 1438 Franciae
3006 1383 3273 1437 Carolum
3325 1382 3461 1439 dolo
3507 1389 3748 1456 captum

2096 1468 2462 1540 vinculisque
2507 1470 2820 1541 irretitum,
2872 1472 3187 1527 Parronam
3230 1471 3397 1527 duxit
3427 1473 3749 1530 tenebroso

2094 1558 2349 1614 carceris
2379 1558 2673 1614 domicilio
2706 1559 3144 1615 recludendum.
3177 1561 3246 1615 Et
3276 1561 3409 1630 quia
3433 1562 3595 1631 regni
3628 1567 3749 1619 sta-

2098 1651 2196 1701 tus
2249 1646 2374 1702 sine
2423 1647 2685 1718 principe
2733 1648 3018 1717 agebatur
3050 1647 3105 1703 in
3138 1648 3447 1721 incertum,
3499 1651 3749 1707 maxime

339 1748 452 1805 pus
480 1734 655 1799 obiit;
690 1735 1001 1792 Gauzlinus
1026 1736 1336 1806 successit,
1361 1737 1455 1806 qui
1482 1737 1651 1793 etiam
1678 1737 1983 1793 ordinatus
2011 1758 2067 1818 B
2097 1750 2227 1790 cum
2261 1736 2485 1806 Hugoni
2527 1737 2766 1792 Roherti
2812 1736 2947 1807 filio,
2982 1737 3078 1807 qui
3113 1743 3244 1809 post
3280 1738 3480 1809 probis
3512 1740 3749 1796 actibus

339 1826 429 1877 est
451 1826 516 1876 16
541 1823 661 1879 Kal.
689 1823 925 1895 Aprilis.
963 1824 1081 1894 (fol.
1109 1825 1224 1896 64.)
1258 1826 1381 1891 Quo
1404 1825 1579 1880 etiam
1605 1840 1754 1880 anno
1785 1840 1985 1881 conse-

337 1916 539 1967 cratus
576 1910 630 1966 in
664 1926 857 1981 regem
904 1912 1217 1971 Robertus.
1262 1916 1323 1969 ut
1359 1913 1756 1984 praediximus,
1796 1913 1981 1985 palam

339 1999 552 2055 invasit
583 2000 969 2069 tyrannidem.
1008 2002 1290 2057 Heriveus
1340 2002 1647 2058 Remorum
1701 2001 1984 2073 archiepi-

337 2103 551 2160 scopus
574 2088 666 2145 die
690 2090 863 2145 tertia
890 2094 1027 2160 post
1055 2091 1552 2146 consecrationem
1576 2090 1813 2146 Robcrti
1838 2091 1985 2146 obiit

335 2182 502 2233 sexto
535 2179 725 2235 Nonas
753 2178 908 2247 Julii,
946 2183 1254 2250 antequam
1276 2183 1344 2233 22
1365 2179 1451 2235 sui
1483 2180 1859 2251 episcOpatus
1889 2195 1984 2235 ex-

334 2266 523 2337 pleret
550 2282 781 2334 annum;
814 2268 907 2324 cui
941 2269 1237 2326 successit
1270 2269 1499 2325 Sculqu
1530 2272 1669 2324 tunc
1697 2269 1983 2325 archidia-

333 2370 533 2412 conus.
572 2357 866 2413 Robertus
901 2356 1080 2413 filium
1113 2373 1278 2414 suum
1313 2360 1607 2427 Hugonem
1649 2358 1704 2413 in
1736 2372 1979 2428 regnum

332 2443 589 2499 Lotharii
615 2445 817 2500 mittit.
846 2446 951 2511 Qui
979 2446 1239 2517 acceptis
1260 2446 1611 2502 obsidibusa
1628 2447 1977 2517 quibusdam

335 2532 835 2606 Lothariensibus,
895 2535 965 2590 ad
1016 2541 1241 2606 patrem
1294 2536 1596 2591 remeavit.
1651 2535 1976 2591 Obsederat

333 2621 484 2677 enim
510 2621 757 2679 Karolus
784 2624 1235 2694 Capraamortem
1261 2630 1518 2680 castrum
1544 2623 1879 2694 Gisleberti,
1906 2624 1979 2679 ad

332 2710 485 2779 quod
513 2708 878 2767 liberandum
914 2712 1231 2782 praedictus
1275 2714 1439 2782 Hugo
1472 2712 1685 2769 missus
1711 2717 1824 2782 est,
1862 2728 1976 2782 quo

329 2802 651 2869 comperto,
685 2792 929 2855 Karolus
959 2798 1324 2856 obsidionem
1358 2800 1616 2871 reliquit.

403 2888 566 2942 Anno
599 2887 710 2943 inc.
734 2889 893 2943 Dom.
928 2890 1051 2958 922,
1089 2887 1238 2960 apud
1283 2890 1654 2945 Cameracum
1700 2888 1808 2945 visi
1842 2895 1974 2946 sunt

333 2979 454 3032 tres
483 2974 637 3032 soles
659 2976 714 3031 in
738 2975 864 3032 celo
895 2976 1059 3046 quasi
1093 2991 1397 3049 apparere,
1423 2977 1516 3033 vel
1540 2976 1627 3033 sol
1651 2981 1775 3034 tres
1804 2979 1997 3049 orbes,

325 3080 355 3120 a
382 3079 445 3122 se
471 3065 715 3123 invicem
747 3066 1037 3123 distantes
1066 3065 1300 3137 habere,
1331 3067 1445 3123 duo
1481 3082 1714 3139 quoque
1748 3067 1973 3139 spicula

326 3156 383 3208 et
415 3151 530 3208 duo
562 3151 796 3223 stipites
826 3151 932 3209 visi
964 3158 1100 3208 sunt
1149 3152 1258 3208 sibi
1292 3153 1757 3224 propinquantes
1786 3153 1973 3210 donec

327 3246 460 3296 sunt
495 3241 789 3312 cooperti;
824 3245 880 3297 et
914 3246 1273 3298 terremotus
1298 3242 1504 3298 factus.

401 3328 557 3400 (Cat.
611 3329 798 3400 pom.)
849 3328 1095 3384 Iohanni
1144 3328 1284 3384 VIIll
1336 3344 1499 3401 papa:
1558 3335 1977 3387 successerunt

331 3416 702 3486 Benedictus,
724 3417 857 3487 Leo,
882 3416 1305 3488 Christoforus,
1328 3419 1580 3490 Sergius,
1608 3420 1972 3489 Anastasius,

334 3504 543 3575 Laudo,
578 3505 869 3561 Iohannes
900 3506 964 3561 Χ.

401 3593 621 3667 [ηοω]
678 3596 841 3650 Anno
891 3594 963 3650 ab
1014 3594 1126 3651 inc.
1175 3596 1333 3652 Dom.
1378 3599 1499 3665 923,
1536 3596 1852 3652 indictione
1883 3602 1971 3667 11,

327 3685 624 3740 Robertus
679 3683 980 3755 profectus
1027 3684 1083 3737 in
1137 3699 1376 3753 regnum
1421 3684 1799 3741 Lothariense
1844 3700 1974 3741 cum

326 3773 598 3829 Heinrico
625 3776 857 3843 pactum
887 3772 1033 3843 iniit,
1058 3776 1114 3827 et
1141 3773 1295 3828 datis
1320 3774 1612 3844 utrimque
1636 3774 1974 3830 muneribus

327 3861 652 3919 discessum
686 3865 806 3926 est;
850 3860 949 3917 ubi
1002 3861 1176 3916 etiam
1229 3861 1461 3932 quidam
1512 3861 1971 3919 Lothariensium

325 3950 563 4007 obsides
592 3951 850 4007 Roberto
878 3948 1189 4019 dederunt,
1216 3954 1272 4004 et
1298 3950 1562 4006 inducias
1596 3956 1968 4022 acceperunt.

327 4038 569 4097 Carolus
591 4028 731 4096 vero
754 4053 883 4095 cum
905 4039 1028 4094 suis
1054 4038 1534 4095 Lothariensibus
1555 4039 1817 4096 inducias
1840 4055 1972 4096 con-

326 4130 717 4200 fringentibus
764 4130 978 4185 Mosam
1028 4128 1340 4199 transiens,
1394 4130 1504 4185 sub
1536 4130 1680 4186 urbe
1712 4130 1973 4186 Suessio-

325 4219 475 4289 nica,
507 4218 601 4275 ubi
635 4218 955 4274 Robertum
990 4217 1194 4273 sedere
1224 4222 1590 4288 compererat
1627 4218 1790 4289 abiit,
1824 4223 1878 4274 et
1915 4218 1968 4273 in

322 4307 647 4363 crastinum
682 4306 775 4361 die
806 4305 1113 4375 dominica,
1139 4306 1280 4361 hora
1306 4312 1471 4362 sexta
1498 4306 1613 4375 jam
1645 4307 1965 4377 praeterita,

324 4395 562 4450 Francis
587 4394 853 4466 proelium
885 4409 998 4448 non
1023 4394 1417 4464 sperantibus,
1446 4393 1712 4465 plurimis
1738 4409 1967 4465 quoque

2011 3117 2058 3179 C

2096 1822 2281 1891 Magni
2313 1838 2520 1879 nomen
2572 1825 2915 1895 promeruit,
2972 1826 3215 1896 puerilis
3250 1827 3570 1883 obsisteret
3600 1833 3747 1884 aetas

2097 1912 2408 1980 quominus
2459 1913 2651 1983 regias
2689 1918 3018 1970 assumeret
3070 1914 3314 1985 infulas,
3368 1921 3425 1972 et
3470 1918 3742 1973 Herberti

2094 2004 2343 2056 cunctos
2374 2006 2630 2057 moveret
2667 2002 2884 2072 odium,
2913 2002 3157 2059 maxime
3188 2018 3333 2074 quos
3361 2005 3744 2062 humanitatis

2095 2094 2366 2159 respectu
2401 2089 2471 2145 ad
2508 2089 2965 2146 misericordiam
2997 2106 3268 2148 aarumma
3302 2093 3581 2164 principis
3612 2108 3745 2164 per-

2095 2178 2384 2247 movebat,
2422 2177 2674 2249 tandem,
2713 2184 2775 2234 ut
2808 2180 3034 2250 praefati
3077 2195 3299 2249 sumus,
3335 2180 3617 2237 Rodulfus
3651 2197 3743 2239 re-

2091 2265 2295 2335 gendae
2315 2267 2634 2337 praeficitur
2657 2268 2931 2338 Francize,
2951 2271 3009 2322 et
3025 2269 3107 2324 sic
3122 2284 3360 2339 regnum
3386 2271 3739 2328 Francorum

2094 2353 2165 2409 ad
2195 2360 2538 2410 extraneum
2591 2357 2964 2411 transfertur.
3018 2358 3123 2424 Qui
3171 2358 3419 2430 adeptus
3453 2360 3612 2437 regni
3647 2375 3742 2416 so-

2092 2441 2251 2513 lium,
2287 2448 2345 2498 et
2378 2445 2433 2499 in
2467 2444 2942 2501 malefactoribus
2971 2446 3075 2502 fuit
3110 2445 3266 2503 ultor
3299 2461 3563 2519 severus,
3588 2452 3646 2503 et
3682 2450 3739 2505 in

2090 2532 2436 2588 coercendis
2455 2533 2728 2591 hostibus
2752 2549 3048 2606 regnoque
3072 2535 3286 2591 tuendo
3301 2536 3733 2607 sagacissimus.

2090 2619 2228 2689 Ejus
2263 2621 2319 2676 in
2353 2620 2560 2677 diebus
2605 2624 2888 2678 Danorum
2922 2629 2979 2679 et
3013 2625 3472 2681 Normannorum
3522 2625 3735 2683 iterum

2089 2708 2409 2765 adveniunt
2441 2710 2782 2781 phalanges,
2813 2717 2871 2767 et
2904 2727 3016 2768 non
3059 2713 3245 2769 solum
3278 2714 3598 2785 Franciam,
3631 2717 3738 2771 sed

2090 2802 2150 2851 et
2182 2803 2361 2853 totam
2396 2812 2742 2869 percurrere
2764 2801 3173 2871 Burgundiam.
3203 2804 3415 2858 Contra
3448 2817 3598 2874 quos
3630 2806 3743 2861 Ro-

2091 2885 2287 2942 dulfus
2317 2888 2568 2959 sumptis
2610 2888 2789 2945 armis
2819 2889 2898 2945 ita
2931 2895 3237 2961 protervos
3275 2906 3476 2948 eorum
3507 2907 3742 2966 compe-

2090 2972 2245 3027 scuit
2280 2972 2555 3045 impetus,
2582 2978 2646 3031 ut
2680 2984 2863 3045 usque
2893 2991 3042 3032 nunc
3071 2976 3286 3033 Gallias
3318 2978 3388 3033 ab
3418 2993 3621 3035 eorum
3654 2979 3739 3034 in-

2090 3061 2363 3116 cursione
2398 3061 2569 3118 faciat
2603 3077 2835 3119 manere
2866 3063 3119 3134 quietas.
3169 3066 3321 3121 Tunc
3355 3065 3612 3124 delatum
3643 3074 3740 3124 est

2089 3164 2305 3219 corpus
2337 3150 2527 3207 sancti
2554 3151 2797 3221 Benigni
2842 3152 3115 3223 martyris
3147 3152 3295 3208 infra
3331 3169 3528 3211 muros
3552 3157 3734 3212 castri

2090 3237 2480 3310 Divionensis,
2513 3244 2572 3295 et
2605 3239 2681 3293 ibi
2714 3245 3009 3296 servatum
3035 3240 3086 3295 in
3114 3241 3359 3298 ecclesia
3394 3244 3578 3299 sancti
3602 3244 3733 3300 Vin-

2088 3326 2287 3382 centii.
2327 3328 2544 3400 [Πολ]
2576 3327 2699 3384 Illis
2732 3329 2929 3399 itaque
2954 3331 3130 3386 rebus
3162 3330 3421 3387 intentus
3450 3331 3742 3390 Rodulfus

2089 3415 2319 3485 legatos
2351 3416 2555 3473 habuit
2583 3418 3046 3474 Lothariensium
3073 3434 3130 3475 se
3155 3424 3213 3475 et
3238 3436 3335 3477 sua
3369 3420 3452 3475 illi
3487 3420 3743 3477 subden-

2091 3504 2257 3560 tium.
2295 3504 2415 3576 (fol.
2450 3504 2582 3577 64’.)
2612 3508 2784 3563 Juxta
2834 3508 3150 3563 Mosomum
3182 3523 3324 3578 ergo
3357 3509 3738 3568 obviantibus

2088 3592 2172 3647 illi
2206 3592 2706 3657 Lothariensibus,
2733 3595 3138 3667 suscipiuntur
3161 3611 3190 3651 a
3212 3597 3467 3667 Wigerio
3495 3598 3739 3654 Metten-

2087 3679 2234 3737 sium
2290 3681 2558 3753 praesule,
2589 3686 2649 3737 et
2680 3697 2828 3739 uxor
2876 3682 3004 3753 ejus
3052 3686 3244 3740 Emma
3297 3685 3450 3756 regis
3491 3686 3734 3743 Roberti

2089 3769 2223 3840 filia,
2262 3770 2490 3826 interim
2516 3786 2546 3825 a
2570 3770 2766 3839 Seulfo
2789 3777 3170 3829 consecratur
3196 3774 3411 3843 regina.
3447 3773 3738 3832 Rodulfus

2088 3873 2119 3913 a
2149 3859 2627 3917 Lothariensibus
2661 3860 3007 3930 quihusdam
3028 3861 3331 3917 obsidibus
3354 3863 3611 3934 acceptis
3642 3877 3734 3920 re-

2087 3948 2356 4005 vertitur.
2399 3950 2478 4004 Eo
2519 3964 2668 4005 anno
2716 3949 2871 4005 Dado
2922 3949 3373 4006 Virdunensium
3420 3951 3735 4023 episcopus

2084 4036 2228 4091 obiit
2260 4038 2484 4094 exactis
2512 4038 2563 4094 in
2591 4038 2935 4110 episcopatu
2963 4042 3030 4095 38
3049 4039 3233 4109 annis,
3267 4044 3324 4094 et
3355 4041 3508 4097 inter
3537 4040 3734 4112 sepul-

2081 4141 2179 4182 cra
2214 4127 2710 4198 praedecessorum
2745 4143 2981 4185 suorum
3012 4129 3424 4200 episcoporum
3456 4130 3512 4184 in
3539 4130 3734 4187 eccle-

2083 4215 2166 4271 sia
2220 4215 2404 4272 sancti
2458 4215 2648 4272 Vitoni
2700 4216 3045 4286 condignam
3093 4217 3454 4289 sepulturam
3494 4218 3729 4275 meruit.

2082 4304 2471 4375 Episcopatus
2493 4304 2785 4361 Virdunen
2796 4306 2877 4360 sis
2894 4306 3115 4376 Hugoni
3131 4320 3160 4361 a
3176 4305 3425 4363 Rodulfo
3443 4320 3578 4377 rege
3593 4320 3739 4363 con-

2079 4392 2329 4463 ceditur,
2364 4392 2578 4463 quique
2612 4397 2743 4465 post
2779 4395 2901 4451 haec
2929 4394 3123 4451 Remis
3154 4410 3185 4451 a
3221 4394 3415 4452 Seulfo
3446 4395 3739 4468 archiepi-

323 4482 771 4554 prandentibus,
798 4483 1052 4537 Axonam
1083 4482 1338 4551 transiit,
1366 4486 1420 4537 et
1447 4497 1624 4553 super
1645 4483 1966 4538 Robertum
1997 4473 2049 4533 D
2082 4496 2261 4553 scopo
2291 4485 2695 4539 consecratur.

324 4568 517 4624 irruit.
541 4570 611 4622 At
636 4566 733 4622 ille
759 4567 997 4624 armatis
1019 4567 1105 4623 eis
1126 4583 1273 4638 quos
1298 4584 1494 4625 secum
1529 4569 1799 4638 habebat,
1832 4582 1971 4623 con-

326 4663 416 4714 tra
443 4657 757 4728 processit,
775 4657 1206 4728 commissoque
1229 4657 1430 4729 przelio
1453 4657 1654 4713 multis
1672 4657 1967 4728 utrimque

326 4746 695 4815 cadentibus,
718 4746 1010 4802 Robertus
1031 4762 1261 4817 quoque
1280 4747 1499 4802 lanceis
1523 4746 1817 4818 perfossus
1840 4761 1970 4816 pro-

325 4837 549 4893 cubuit.
577 4836 643 4891 Hi
666 4839 861 4890 tamen
889 4836 985 4906 qui
1009 4840 1176 4891 erant
1211 4850 1339 4892 cum
1375 4836 1651 4905 Boberto,
1678 4836 1840 4904 Hugo
1862 4834 1969 4892 sci-

323 4923 463 4981 licet
489 4925 642 4981 fllius
665 4923 808 4994 ejus,
825 4928 881 4980 et
908 4924 1255 4981 Heribertus
1279 4939 1475 4980 comes
1493 4923 1962 4995 Vermandensis,

321 5028 451 5068 cum
473 5014 707 5069 czeteris
754 5014 999 5070 victoria
1053 5014 1249 5085 potiti,
1277 5013 1546 5069 Carolum
1595 5028 1723 5070 cum
1764 5014 1967 5069 Lotha-

324 5100 616 5156 riensibus
649 5101 702 5155 in
738 5102 929 5171 fugam
976 5106 1245 5169 vertunt;
1297 5101 1400 5157 sed
1431 5103 1504 5157 ob
1536 5107 1777 5157 mortem
1810 5102 1966 5172 regis

326 5188 416 5244 sui
438 5189 705 5259 persequi
723 5189 1102 5259 destiterunt,
1119 5205 1382 5261 campum
1403 5190 1811 5257 obtinuerunt;
1834 5205 1968 5262 spo-

324 5277 401 5333 lia
433 5291 463 5332 a
497 5277 812 5333 rusticanis
851 5278 1079 5349 direpta
1121 5283 1275 5334 sunt.
1321 5279 1728 5336 Lotharienses
1760 5280 1967 5336 relicto

320 5366 473 5422 intra
506 5380 745 5436 regnum
780 5368 1037 5423 Francia:
1063 5368 1291 5439 Carolo,
1326 5374 1701 5427 revertuntur
1738 5369 1808 5425 ad
1840 5385 1962 5440 sua,

318 5454 416 5525 qui
436 5453 635 5511 multis
658 5454 1052 5525 legationibus
1071 5456 1417 5514 Herbertum
1441 5459 1710 5515 comitem
1731 5461 1789 5513 et
1814 5456 1971 5513 Seul-

316 5546 432 5602 ufm
467 5544 991 5618 archiepiscopum,
1029 5551 1091 5603 ut
1116 5546 1188 5603 ad
1211 5562 1313 5606 sua
1338 5552 1712 5607 revertantur
1735 5553 1958 5606 exorat.

2153 4572 2316 4626 Anno
2370 4573 2492 4627 924.
2538 4570 2857 4627 indictione
2899 4571 2984 4643 12,
3025 4572 3281 4643 Hungarl
3338 4572 3518 4630 ductu
3570 4572 3733 4643 regis

2081 4659 2436 4730 Berengarii,
2485 4675 2651 4730 quem
2692 4660 3052 4730 Langobardi
3108 4661 3465 4733 repulcrant,
3502 4659 3730 4717 Italiam

2079 4746 2530 4820 depopulantur,
2566 4748 2799 4819 Papiam
2836 4763 3067 4820 quoque
3109 4750 3309 4805 urbem
3343 4749 3731 4821 populosissi-

2078 4851 2225 4892 mam
2258 4840 2314 4892 et
2349 4836 2854 4908 opulentissimam
2889 4837 3019 4907 igne
3048 4839 3432 4909 succendunt,
3460 4837 3556 4895 ubi
3581 4852 3728 4910 opes

2078 4926 2309 4998 periere
2350 4926 2687 4997 innumerae,
2732 4926 2994 4984 ecclesiae
3043 4927 3428 4997 quadraginta
3471 4931 3728 4997 quatuor

2079 5013 2210 5083 igne
2224 5028 2395 5070 succe
2407 5014 2717 5084 nsae,urbis
2733 5014 2917 5086 ipsius
2930 5015 3243 5087 episcopus
3256 5030 3387 5072 cum
3399 5015 3734 5072 Vercellen-

2080 5118 2161 5173 se,
2191 5103 2289 5173 qui
2314 5117 2510 5159 secum
2535 5108 2683 5173 erat,
2706 5103 2836 5173 igne
2862 5105 3133 5175 fumoque
3157 5108 3401 5161 necatus
3415 5108 3527 5175 est,
3549 5110 3732 5176 atque

2077 5206 2149 5247 ex
2180 5190 2278 5247 illa
2310 5205 2458 5262 pene
2490 5191 2895 5247 innumerabili
2930 5192 3305 5249 multitudine
3337 5192 3576 5250 ducenti
3600 5195 3732 5250 tan-

2078 5284 2200 5335 tum
2224 5279 2588 5351 superfuisse
2613 5287 3027 5352 memorantur,
3056 5283 3152 5353 qui
3175 5297 3247 5339 ex
3270 5280 3538 5354 reliquiis
3561 5283 3730 5341 urbis

2078 5368 2351 5439 incensae,
2387 5384 2531 5440 quas
2566 5370 2719 5425 inter
2749 5370 2978 5428 cineres
3008 5370 3291 5443 legerant,
3328 5370 3556 5428 modios
3587 5378 3727 5430 octo

2078 5457 2367 5515 dederunt
2394 5458 2700 5530 Hungaris,
2727 5459 2905 5518 vitam
2924 5464 2981 5517 et
3006 5475 3206 5519 muros
3231 5460 3491 5519 civitatis
3523 5474 3725 5520 vacua

2078 5547 2449 5605 redimentes.
2468 5547 2975 5621 Quibusexpletis,
2992 5564 3098 5624 per
3110 5551 3364 5623 abrupta
3380 5550 3726 5627 gradientes
