3950 6048
158 203 283 269 ΓΠ

1410 199 1903 273 CHRONICON.
1940 236 2014 250 —
2046 200 2199 265 LIB.
2233 194 2278 265 Ῑ.

3480 202 3595 269 178

150 332 226 393 ad
241 333 639 410 Alpiumjuga
666 332 1325 409 perveniunt.Rodulfus
1348 350 1488 394 vero
1514 334 1823 408 Cisalpinae
1855 338 1909 401 A
1940 340 2119 401 fuisse
2153 341 2209 399 in
2239 353 2553 401 carcerem.
2591 335 2807 415 [171.00.]
2839 341 2973 399 Post
3008 341 3132 399 haec
3171 340 3494 401 Herbertus
3525 354 3589 399 se

157 425 373 484 Galliae
408 442 535 496 rex,
563 429 621 481 et
653 428 814 498 Hugo
844 441 948 482 rex
977 426 1319 483 Viennensis
1349 426 1501 482 inter
1523 426 1825 496 angustias

158 516 415 572 collium
434 515 772 588 Alpinorum
788 531 892 572 eos
906 516 1343 585 concluserunt,
1361 516 1511 572 unde
1528 516 1756 587 inopina
1772 521 1827 573 to

160 603 298 661 loco
338 620 446 677 per
478 604 641 661 devia
674 604 1011 673 evadentes,
1038 604 1300 660 Gothiam
1334 603 1641 675 impetunt.
1673 603 1828 670 Quos

158 694 409 765 sequuti
438 692 702 765 praedicti
720 693 1194 764 duces,stcrnunt
1210 693 1828 763 quosinveneruntJn-

157 786 335 838 terea
367 782 760 851 Berengarius
792 796 821 836 a
856 782 980 838 suis
1002 782 1326 853 perimitur,
1353 781 1663 838 Normanni
1698 796 1828 838 cum

162 871 413 927 Francis
436 874 671 942 pactum
698 871 917 940 ineunt,
937 870 1071 927 data
1096 873 1268 941 pacto
1293 870 1452 941 pacis
1472 876 1627 925 terra
1654 871 1829 940 Cyne-

165 958 476 1015 mannensi
511 963 571 1014 et
602 958 918 1027 Bajocensi,
955 959 1206 1027 Hungari
1252 973 1391 1015 vero
1424 972 1548 1015 sese
1584 963 1641 1013 et
1676 959 1830 1030 capi-

164 1051 292 1102 tum
311 1046 620 1103 inflatione
635 1061 699 1101 ac
714 1046 1046 1116 dysenteria
1063 1046 1257 1103 cuncti
1274 1063 1436 1117 paene
1456 1047 1825 1103 interierunt.

238 1137 413 1191 Anno
453 1135 721 1206 sequenti
763 1134 994 1191 Seulfus
1025 1135 1171 1190 obiit
1202 1137 1512 1191 Remorum
1547 1135 1831 1205 archiepi-

170 1238 391 1295 scopus
450 1225 676 1279 exactis
710 1224 765 1279 in
797 1223 1139 1295 episcopatu
1181 1224 1348 1280 annis
1383 1225 1593 1293 tribus,
1626 1223 1833 1278 diebus

171 1313 457 1384 quinque.
529 1311 697 1368 Rollo
779 1314 1236 1369 Normannorum
1318 1313 1828 1382 Rotomagensium

174 1401 457 1473 princeps
490 1401 728 1456 Francia
773 1400 1105 1471 depraedata
1157 1415 1355 1472 pacem
1405 1401 1599 1471 fregit,
1628 1405 1827 1456 contra

173 1505 346 1560 quem
381 1490 588 1546 Franci
620 1494 877 1547 castrum
922 1492 1143 1560 Augum
1176 1491 1432 1561 capiunt.

241 1578 527 1635 Heinrico
547 1593 778 1649 quoque
808 1579 1003 1635 cuncti
1037 1593 1100 1634 se
1133 1579 1538 1635 Lotharienses
1570 1578 1832 1634 commit-

1939 433 2187 509 Rodulfo
2232 434 2615 503 commendat,
2652 433 2896 489 reducto
2929 432 3138 488 iterum
3173 433 3280 488 sub
3312 432 3584 489 custodia

1942 522 2165 589 Carolo,
2200 528 2256 577 et
2306 538 2436 579 cum
2491 522 2590 578 illo
2642 522 3033 593 proficiscitur
3082 522 3309 577 obviam
3360 522 3584 592 Hugoni

1939 613 2060 681 regi
2087 610 2286 667 Italia).
2310 613 2502 667 Benno
2519 602 2820 666 Mctt’ensis
2843 611 3157 682 episcopus
3178 610 3587 682 insidiisappe-

1937 702 2102 770 titus,
2131 701 2394 756 evil-atus
2428 706 2484 756 ct
2521 699 2837 756 luminibus
2860 700 3124 771 privatus
3156 703 3265 756 est.
3303 699 3590 756 Rodulfus

1940 794 2132 846 autem
2150 805 2248 845 rex
2266 789 2459 845 missis
2474 789 2696 845 nuntiis
2715 804 2911 859 pacem
2929 789 3062 844 fecit
3079 804 3207 844 cum
3224 788 3591 858 Carolo,red-

1939 878 2082 934 deus
2103 878 2184 933 illi
2224 878 2597 947 Attiniacum,
2619 882 2677 932 ct
2708 879 3048 933 muneribus
3080 878 3372 935 honorans
3402 876 3584 933 illum.

2014 971 2175 1024 Anno
2198 968 2617 1037 929,.lohannes
2638 981 2786 1038 papa
2810 969 2851 1021 X
2877 966 3210 1023 incustodia
3228 966 3584 1036 defungitur.

1942 1057 2211 1113 Succedit
2244 1058 2533 1112 Iohannes
2566 1057 2654 1111 Xl.
2685 1055 2926 1111 Carolus
2952 1070 3182 1125 quoque
3206 1055 3358 1127 apud
3374 1058 3589 1120 Paron-

1942 1160 2068 1200 nam
2096 1146 2261 1213 obiit,
2282 1146 2377 1214 qui
2403 1145 2669 1213 animam,
2690 1159 2800 1199 non
2822 1159 3038 1214 corpus
3061 1144 3325 1199 custodia
3350 1143 3585 1199 exemit.

1945 1234 2187 1303 (Chron.
2204 1234 2368 1303 Die.)
2385 1234 2487 1289 Hic
2509 1234 2642 1289 dum
2662 1233 2902 1301 viveret,
2923 1231 3173 1303 Simplex
3194 1231 3387 1287 dictus
3407 1232 3589 1287 estoh

1944 1322 2362 1390 benignitatem
2396 1321 2588 1391 animi,
2617 1335 2768 1376 nunc
2800 1323 3039 1375 sanctus
3072 1323 3233 1374 recte
3266 1324 3457 1390 potest
3490 1334 3591 1375 vo-

1942 1410 2084 1481 cari,
2115 1410 2384 1481 quoniam
2420 1410 2633 1478 injuste
2666 1410 2737 1464 ab
2758 1408 3089 1464 infidelibus
3114 1409 3237 1463 suis
3256 1412 3310 1463 et
3340 1407 3592 1479 perjuris

1942 1500 2115 1567 longo
2146 1499 2403 1555 carceris
2445 1499 2718 1569 squalore
2767 1498 3037 1567 afﬂictus,
3071 1496 3454 1553 transmissus
3497 1500 3587 1552 est

1940 1589 2076 1644 vitae
2094 1594 2413 1659 perpetuae.
2441 1588 2544 1643 Hic
2569 1587 2807 1658 reliquit
2830 1586 3008 1642 filium
3030 1586 3377 1642 Ludovicum
3400 1585 3593 1643 Ultra-

177 1673 330 1740 tunt,
355 1672 421 1724 et
444 1669 569 1739 ipse
595 1668 884 1724 Bernuino
916 1668 1166 1724 Dadouis
1195 1668 1450 1740 episcopi
1484 1668 1682 1739 nepoti
1713 1668 1832 1738 epi-
1860 1701 1913 1762 Β
1944 1679 2224 1734 marinum
2240 1693 2311 1733 ex
2327 1677 2575 1747 Eadgiva
2593 1676 2909 1746 Anglorum
2926 1675 3212 1745 regislilia
3229 1681 3588 1746 susceptum,

178 1761 491 1829 scopatum
535 1756 957 1813 Virdunensem
1010 1756 1298 1827 concedit,
1335 1757 1430 1828 qui
1479 1761 1536 1812 et
1586 1756 1831 1829 expulso

181 1846 445 1915 Hugoue,
473 1844 565 1901 cui
586 1844 868 1900 Rodulfus
892 1843 1035 1900 illud
1067 1834 1331 1915 dederat,
1358 1844 1568 1900 ibidem
1602 1844 1832 1901 ordina-

183 1938 278 1989 tur
304 1932 631 2004 episcopus
659 1946 808 1988 anno
834 1931 956 2002 925,
992 1932 1311 1989 indictione
1342 1937 1426 1990 l3.
1456 1933 1679 1989 Abhinc
1710 1933 1832 1989 Vir-

181 2021 399 2078 dunum
430 2026 490 2078 et
519 2020 647 2078 aliae
679 2021 951 2078 civitates
974 2036 1000 2077 a
1029 2036 1206 2092 regno
1231 2024 1577 2079 Francorum
1608 2022 1833 2078 defece-

181 2115 333 2167 runt.
371 2111 541 2179 Hugo
572 2124 712 2166 vero
759 2111 1069 2181 presbyter
1114 2110 1371 2167 Virduno
1420 2110 1649 2181 pulsus,
1684 2124 1832 2165 anno

182 2198 458 2270 sequenti
481 2201 750 2254 mortuus
769 2201 889 2262 est;
914 2213 1028 2268 quo
1059 2197 1233 2253 etiam
1265 2212 1414 2253 anno
1449 2199 1658 2253 timore
1684 2200 1834 2254 Hun-

180 2302 457 2359 garorum
491 2301 710 2357 corpus
742 2288 927 2342 sancti
962 2286 1204 2355 Remigii
1227 2290 1288 2342 et
1313 2287 1554 2342 aliorum
1590 2287 1831 2358 pignora

183 2380 519 2433 sanctorum
552 2374 745 2431 Remis
768 2373 959 2430 delata
984 2379 1141 2430 sunt.
1167 2377 1327 2445 llugo
1350 2375 1502 2431 filius
1526 2377 1711 2432 Bcrtaa
1733 2391 1833 2433 rex

181 2464 362 2521 Italiae
397 2463 804 2533 constituitur,
836 2463 1081 2534 expulso
1113 2462 1418 2535 Cisalpinae
1465 2463 1662 2522 Galliae
1696 2479 1832 2536 rege

177 2551 428 2609 Rodulfo
490 2551 650 2621 regni
714 2551 1001 2621 invasere,
1037 2552 1134 2622 qui
1196 2557 1329 2607 ante
1388 2553 1831 2622 quadriennium

179 2639 411 2698 electus
442 2641 515 2696 ab
546 2639 631 2696 eis
661 2644 855 2696 tuerat
886 2640 1116 2710 abjecto
1156 2655 1291 2710 rege
1320 2641 1689 2710 Berengario.
1723 2643 1834 2697 An-

187 2745 293 2787 nus
321 2733 450 2798 928,
487 2728 802 2784 indictione
835 2728 1015 2800 prima
1064 2743 1250 2785 annus
1284 2730 1505 2801 primus
1536 2731 1691 2801 regis
1721 2733 1823 2787 Hu-

180 2817 346 2889 gonis
377 2817 568 2889 ipsius
590 2816 836 2874 exstitit.
864 2820 1026 2887 Hugo
1050 2832 1284 2889 quoque
1308 2820 1564 2888 Magnus,
1589 2819 1831 2874 Roberti

180 2907 334 2976 regis
369 2905 550 2976 filius,
585 2904 760 2961 ﬁliam
799 2905 1052 2962 Eduardi
1103 2906 1257 2975 regis
1303 2907 1637 2977 Anglorum,
1674 2922 1834 2963 soro-

181 3010 297 3052 rem
334 2994 603 3066 conjugis
637 2993 849 3067 Caroli,
875 2994 1038 3051 duxit
1072 3009 1332 3051 uxorem.

253 3088 423 3141 Anno
444 3055 571 3153 523,
595 3084 781 3154 pestis
802 3055 965 3153 quasi
992 3083 1168 3139 febris
1190 3088 1245 3139 et
1273 3084 1455 3140 tussis
1480 3084 1658 3141 mixta
1687 3100 1835 3143 mor-
1864 3055 1913 3118 Ο

183 3172 416 3230 talitate
440 3172 497 3227 in
511 3176 755 3228 cunctas
771 3173 1089 3228 Germaniae
1113 3170 1428 3243 Galliaeque
1450 3176 1658 3241 gentes
1673 3188 1835 3244 gras-

180 3266 366 3331 satur,
401 3276 514 3331 qua
548 3274 869 3332 percussus
899 3260 1212 3317 Widiricus
1245 3261 1548 3317 Mettensis
1580 3264 1834 3318 antistes

180 3348 544 3419 defungitur,
606 3354 665 3403 et
722 3349 949 3404 evocati
1010 3348 1080 3404 ad
1136 3347 1490 3419 colloquium
1577 3349 1834 3406 Heinrici

174 3441 339 3494 trans
383 3437 647 3493 Rhenum
694 3436 1016 3492 Herbertus
1059 3450 1255 3493 comes
1310 3438 1555 3506 etHugo
1601 3438 1837 3507 Magnus

178 3525 417 3582 Roberti
452 3524 628 3595 ﬁlius,
655 3539 794 3597 pace
855 3524 1100 3594 firmata,
1129 3526 1472 3583 muneribus
1505 3526 1835 3583 Heinricum

185 3614 497 3683 honorant,
518 3617 574 3669 et
606 3614 970 3685 honorantur
1000 3613 1071 3669 ab
1103 3613 1223 3670 illo.
1258 3613 1336 3668 lbi
1371 3615 1674 3672 Heinricus
1705 3630 1839 3671 con-

187 3701 403 3774 templa
418 3701 709 3758 electione
723 3701 958 3772 civium,
975 3703 1335 3774 episcopium
1351 3703 1656 3759 Mettensis
1678 3704 1841 3759 urbis

185 3791 422 3849 cuidam
457 3805 630 3847 servo
661 3790 778 3861 Dei,
813 3795 876 3847 ut
907 3791 1225 3862 ferebatur,
1262 3791 1422 3847 dedit
1454 3796 1838 3862 cognomento

179 3880 456 3937 Bennoni.
493 3879 816 3936 Herbertus
849 3879 1115 3936 Carolum
1140 3879 1211 3935 de
1237 3880 1507 3936 custodia
1529 3881 1723 3951 ejecit,
1752 3895 1841 3937 se-

182 3981 440 4040 cumque
481 3982 668 4038 usque
718 3968 789 4023 ad
843 3969 1115 4024 Sanctum
1174 3968 1512 4034 Quintinum
1572 3969 1834 4025 deduxit.

178 4056 377 4112 licitis
405 4060 464 4111 et
491 4070 594 4128 per
618 4055 857 4111 Galliam
883 4056 1093 4111 timore
1116 4056 1521 4127 Hungarorum
1548 4058 1697 4127 fugae
1722 4057 1840 4127 agi-

183 4149 414 4214 tantur,
472 4144 701 4201 scilicet
763 4159 864 4216 per
920 4145 1219 4200 Franciam
1274 4150 1335 4201 et
1394 4145 1838 4216 Lotharingiam.

181 4233 307 4304 (fol.
330 4232 625 4304 65.)Anno
640 4233 908 4303 sequenti
932 4232 1217 4290 Rodulfus
1238 4234 1438 4290 audita
1463 4234 1839 4291 restitutione

183 4320 382 4378 Caroli
416 4336 545 4377 cum
577 4320 779 4377 hostili
812 4335 983 4378 manu
1007 4321 1078 4376 de
1102 4321 1435 4392 Burgundia
1462 4323 1517 4377 in
1543 4312 1839 4379 Franciam

1943 1767 2040 1837 qui
2065 1771 2329 1823 metuens
2352 1765 2566 1821 involvi
2587 1764 2944 1821 calamitatis
2966 1764 3173 1835 patriae
3197 1763 3491 1835 procellis,
3519 1764 3589 1818 ad

1944 1855 2162 1924 Anglos
2180 1856 2728 1911 Saxonesmaternae
2751 1853 3050 1908 afﬁnitatis
3081 1852 3269 1922 gratia
3300 1866 3362 1908 se
3389 1856 3593 1908 contu-

1944 1944 2030 1999 lit.
2055 1944 2379 2000 Herbertus
2401 1948 2461 1998 et
2482 1945 2644 2014 Hugo
2668 1942 2911 1999 comites
2933 1947 3135 1998 contra
3162 1944 3464 2011 Bosonem,
3487 1942 3595 1997 Ro-

1945 2032 2083 2089 dulﬁ
2102 2032 2258 2103 regis
2284 2033 2545 2103 fratrem,
2573 2031 3079 2105 prosﬁciscuntur,
3099 2032 3477 2101 quamobrem
3498 2030 3595 2085 Bo-

1946 2138 2007 2178 so
2029 2121 2299 2177 Heinrico
2318 2136 2515 2193 pacem
2529 2120 2548 2189 j
2561 2135 2728 2177 urare
2742 2119 3133 2191 compellitur.
3155 2118 3445 2175 Adalbero
3458 2119 3595 2173 Met-

1947 2216 2171 2266 tensem
2203 2210 2605 2281 episcopatum
2647 2209 3015 2279 adipiscitur,
3051 2207 3310 2263 Bennoni
3360 2206 3593 2263 abbatia

1947 2300 2192 2370 quadam
2216 2314 2495 2355 concessa
2522 2297 2976 2354 sustentationis
2989 2300 3212 2352 tenore.
3232 2295 3613 2367 ViaeAlpium,’

1945 2392 2080 2445 tunc
2103 2403 2208 2460 per
2227 2388 2577 2443 Sarracenos
2590 2388 2870 2455 obsessa),
2889 2402 2917 2441 a
2934 2385 3147 2456 quibus
3167 2383 3334 2439 multi
3359 2385 3590 2439 Romam

1948 2476 2031 2532 ire
2062 2477 2328 2534 volentes
2359 2474 2621 2547 impediti
2662 2478 3063 2529 revertuntur.
3100 2474 3236 2528 Post
3289 2472 3396 2527 hoc
3447 2472 3593 2529 Boso

1948 2566 2149 2635 frater,
2186 2579 2321 2634 rege
2353 2564 2602 2618 Henrico
2637 2561 2862 2632 relicto,
2898 2561 2969 2617 ad
3001 2559 3310 2617 Rodulfum
3345 2559 3517 2615 redit.

2020 2656 2179 2717 Anno
2210 2655 2332 2723 932,
2369 2651 2695 2707 Bernuinus
2736 2648 3118 2706 Virdunensis
3166 2648 3502 2720 episcopus,
3535 2652 3596 2703 et

1947 2744 2094 2799 Boso
2124 2743 2305 2799 frater
2338 2740 2512 2810 regis.
2551 2754 2653 2794 rex
2686 2738 2884 2795 Galliae
2918 2753 3044 2809 quae
3079 2739 3311 2793 Comata
3353 2735 3588 2805 dicitur,

1946 2829 2233 2888 incendiis
2262 2830 2416 2884 inter
2449 2843 2512 2884 se
2535 2826 3190 2898 depraedationibusque
3214 2825 3593 2893 bacchantur,

1946 2919 2321 2991 quamobrem
2356 2918 2498 2973 urbs
2529 2916 2652 2987 ipsa
2688 2915 2930 2971 multum
2974 2913 3078 2970 fuit
3113 2914 3342 2970 afﬂicta.

2019 3006 2237 3078 [FLon.]
2273 3009 2436 3061 Anno
2469 3004 2734 3073 sequenti
2766 3003 2984 3059 Vienna
3016 3001 3264 3058 Rodulfo
3305 3001 3427 3069 regi
3478 3004 3595 3057 tra-

1946 3096 2125 3165 ditur,
2152 3098 2212 3149 et
2240 3092 2568 3149 Willelmus
2599 3094 3058 3148 Normannorum
3085 3090 3359 3161 princeps
3382 3089 3433 3146 ei
3458 3090 3595 3145 sub-

1947 3186 2127 3253 ditur,
2161 3187 2220 3239 et
2253 3184 2416 3252 Hugo
2448 3195 2552 3237 rex
2581 3180 2763 3237 italiae
2791 3180 3029 3235 Romam
3059 3178 3316 3235 obsidet.
3358 3176 3598 3234 Fulber-

1945 3279 2044 3330 tus
2070 3271 2578 3328 Cameracensium
2602 3269 2906 3326 ordinatur
2925 3268 3238 3340 episcopus
3259 3267 3332 3323 ab
3356 3265 3596 3323 Artaldo

1947 3364 2254 3418 Remorum
2290 3358 2753 3430 archiepiscopo.

2020 3453 2181 3506 Anno
2214 3449 2483 3519 sequenti
2515 3446 2711 3517 ignitae
2742 3446 2796 3501 in
2822 3444 2965 3502 caelo
2989 3444 3144 3501 acies
3155 3443 3302 3505 visae
3323 3446 3458 3499 sunt
3482 3441 3599 3499 dis-

1947 3553 2209 3608 currere,
2235 3540 2292 3594 et
2327 3536 2491 3607 quasi
2519 3550 2763 3607 serpens
2782 3534 3005 3605 igneus,
3030 3537 3091 3588 et
3113 3532 3375 3603 quaedam
3401 3530 3594 3602 jacula

1950 3629 2087 3684 ferri
2110 3627 2296 3699 pridie
2321 3624 2457 3681 Idus
2479 3624 2752 3681 Octobris
2774 3638 2939 3679 mane
2970 3625 3105 3677 ante
3138 3621 3286 3678 lucis
3306 3625 3592 3677 exortum.

1949 3719 2075 3775 Mox
2100 3718 2352 3785 subsequ
2364 3718 2459 3770 uta
2484 3718 2577 3770 est
2599 3714 2785 3785 pestis
2806 3710 3057 3768 diversis
3080 3712 3325 3766 humana
3349 3724 3597 3780 corpora

1952 3806 2209 3862 afficiens
2241 3804 2495 3870 morbis;
2530 3817 2640 3872 qua
2665 3800 3002 3872 pestilentia
3028 3813 3347 3871 percussus
3369 3797 3599 3868 quidam

1952 3895 2234 3951 diaconus
2260 3891 2658 3959 Virdunensis,
2678 3889 2909 3945 nomine
2932 3888 3298 3957 Adelmarus,
3320 3887 3600 3957 languore

1950 3984 2285 4054 depressus,
2313 3981 2582 4053 Spiritum
2616 3978 2809 4034 amisit
2835 3978 2971 4043 ;sed
3005 3982 3314 4047 antequam
3346 3976 3600 4046 impone-

1952 4075 2117 4127 retur
2141 4071 2380 4139 feretro,
2408 4081 2680 4124 reversus
2704 4066 2783 4122 ita
2808 4066 3061 4122 surrexit
3081 4063 3330 4133 validus,
3359 4069 3421 4119 ut
3443 4063 3602 4119 vide-

1953 4164 2116 4217 retur
2140 4158 2250 4214 sibi
2280 4156 2423 4213 nihil
2447 4155 2812 4226 mgritudinis
2828 4169 2889 4210 se
2914 4153 3096 4209 fuisse
3121 4166 3479 4223 perpessum,
3502 4151 3598 4221 qui

1953 4263 2016 4306 se
2048 4248 2280 4305 diversa
2309 4244 2726 4317 suppliciorum
2759 4242 2848 4298 vel
2879 4240 3166 4310 refrigerii
3220 4238 3345 4295 loca
3379 4238 3598 4295 vidisse

1954 4340 2209 4396 testatus
2238 4339 2347 4405 est,
2381 4347 2559 4403 seque
2589 4332 2776 4404 ipsum
2813 4330 2936 4386 loco
2962 4327 3195 4401 poeniali
3230 4329 3596 4399 deputatum,

178 4410 347 4467 venit
378 4409 695 4482 praedando
728 4413 785 4465 et
816 4409 941 4466 loca
997 4410 1258 4480 quaedam
1312 4411 1713 4477 incendendo;
1745 4399 1839 4468 cui
1871 4411 1925 4472 D
1955 4426 2052 4482 Dei
2076 4438 2215 4481 vero
2241 4399 2545 4494 genitricis
2563 4399 2627 4477 et
2645 4399 3330 4489 beatiMartiniprecibus
3345 4416 3415 4472 ad
3430 4430 3602 4487 agen-

180 4500 347 4568 Hugo
386 4497 633 4553 Roberti
663 4497 821 4555 illius
849 4498 1075 4554 obviam
1111 4498 1194 4554 ire
1228 4504 1413 4569 parat,
1449 4504 1506 4554 et
1538 4499 1843 4555 venientes

181 4601 368 4658 super
402 4588 619 4642 Isaram
653 4586 806 4642 inter
833 4584 1143 4643 Rodulfum
1174 4601 1369 4657 regem
1402 4594 1461 4641 et
1494 4587 1841 4644 Herbertum

181 4674 461 4733 comitem
496 4681 806 4745 sequester
836 4680 893 4730 et
928 4675 1150 4731 medius
1188 4676 1315 4731 fuit.
1354 4675 1675 4733 Herbertus
1702 4691 1843 4732 vero

183 4764 345 4821 datis
373 4763 685 4820 obsidibus
717 4778 900 4833 usque
958 4765 1027 4820 ad
1081 4764 1511 4822 denominatum
1566 4764 1843 4836 placitum

182 4852 385 4909 Remis
416 4866 550 4909 cum
585 4851 791 4908 Carolo
822 4853 979 4908 venit
1017 4853 1265 4923 indeque
1305 4853 1536 4908 litteras
1565 4853 1844 4909 Johannis

185 4955 352 5014 papas
374 4940 558 4996 mittit
583 4939 656 4996 de
682 4940 1057 4997 restitutione
1078 4946 1139 4997 et
1162 4941 1380 4997 honore
1403 4940 1613 5011 Caroli,
1652 4946 1711 4998 ut
1736 4941 1842 4998 sibi

183 5030 296 5087 sub
319 5029 805 5087 interminatione
826 5030 1447 5087 cxcommunicationis
1461 5033 1841 5101 praeceperat.

186 5118 492 5174 Reversus
540 5120 734 5173 autem
794 5117 1007 5174 missus
1051 5118 1342 5174 nunciavit
1396 5118 1585 5189 ipsum
1641 5132 1844 5189 papam

184 5207 511 5263 Iohannem
547 5219 578 5261 a
608 5206 852 5262 Widone
911 5207 1090 5263 fratre
1122 5207 1380 5277 Hugonis
1418 5206 1576 5277 regis
1605 5211 1848 5278 propter

189 5294 528 5353 simultates
565 5295 841 5366 quasdam
894 5295 1048 5352 inter
1095 5309 1200 5352 eos
1255 5299 1493 5353 exortas
1551 5299 1848 5351 retrusum

1956 4514 2085 4571 dam
2103 4510 2503 4584 poenitentiam
2527 4509 2663 4566 vitm
2689 4507 2965 4580 praasenti
2990 4505 3302 4562 redditum.
3324 4504 3443 4576 (fol.
3469 4503 3601 4575 65’.)

1956 4601 2339 4668 Quamobrem
2371 4598 2545 4669 hujus
2575 4596 2840 4668 exemplo
2898 4594 3199 4666 provocati
3248 4593 3478 4665 quidam
3511 4608 3604 4649 ca-

1957 4690 2299 4747 nonicorum
2316 4690 2534 4743 sancta}
2547 4686 2737 4742 Mariae
2751 4683 3028 4741 saeculum
3043 4683 3445 4750 deseruerc,et
3468 4680 3599 4750 quia

1957 4780 2010 4834 in
2044 4777 2244 4834 eadem
2276 4775 2515 4832 civitate
2548 4773 2926 4847 congregatio
2978 4770 3391 4847 monachorum
3443 4766 3601 4847 nulla

1955 4854 2081 4907 erat
2116 4848 2228 4919 (74)
2250 4878 2319 4887 ——
2343 4846 2396 4900 in
2427 4839 2695 4901 :ecclesia
2727 4839 2879 4899 enim
2911 4841 3095 4898 sancti
3129 4839 3286 4895 Petri
3318 4842 3374 4893 et
3408 4839 3598 4894 sancti

1958 4936 2148 4993 Vitoni
2177 4934 2378 4991 clerici
2404 4933 2810 4990 deserviehant
2832 4962 2922 5001 —,
2947 4928 3169 4985 Tullum
3196 4927 3439 4997 petiere,
3463 4925 3602 4982 etin

1957 5024 2312 5081 monasterio
2341 5022 2528 5079 sancti
2562 5021 2701 5091 Apri
2735 5022 2957 5075 mutato
2978 5016 3182 5071 habitu
3206 5014 3483 5071 saeculum
3508 5015 3604 5071 de-

1958 5128 2156 5172 serere
2188 5117 2246 5169 et
2279 5111 2509 5168 Christo
2541 5109 2771 5165 domino
2804 5104 3185 5177 incorporari,
3234 5108 3295 5160 ut
3345 5105 3601 5160 membra

1960 5202 2150 5260 fidelia
2182 5202 2385 5274 capiti,
2409 5199 2709 5257 studuere.
2736 5197 2872 5263 Quae
2906 5208 2999 5251 res
3030 5194 3278 5250 maximo
3308 5198 3434 5250 erat
3469 5208 3605 5248 moc-

1958 5292 2075 5349 rori
2112 5289 2389 5363 pontiﬁci,
2425 5285 2722 5345 canonicis
2753 5297 2984 5356 quoque
3026 5282 3280 5341 residuis
3308 5287 3368 5340 et
3402 5297 3603 5356 procc-

1788 5419 2012 5476 NOTAE.

267 5536 383 5605 (74)
415 5534 499 5591 Cf.
537 5534 707 5591 Gesta
739 5549 870 5608 epp.
905 5534 1145 5593 Virdun.
1182 5536 1406 5592 Contin.
1449 5549 1523 5606 c.,
1555 5540 1589 5593 2
1613 5539 1672 5592 et
1697 5534 1935 5593 Joannis
1977 5532 2312 5590 Gorziensis
2342 5528 2470 5585 Vita
2504 5545 2632 5602 cap.
2663 5533 2751 5600 21,
2785 5530 2851 5585 23
2886 5540 3013 5599 sqq.
3051 5525 3146 5584 SS.
3181 5531 3317 5583 tom.
3349 5526 3439 5580 IV.
