3950 6048
340 195 453 259 1⁸79

1313 189 1682 267 HUGONIS
1722 189 2071 279 ABBATIS
2111 142 2792 251 FLAVINIACENSIS

3622 185 3741 251 180

337 321 500 379 ribus
520 320 742 394 populi,
770 320 901 392 quia
928 323 1200 393 optarent
1223 333 1324 377 eos
1348 320 1544 392 potius
1568 321 1624 377 in
1648 321 1851 379 eodem
1876 319 1977 378 mi-
2006 320 2060 379 A
2093 322 2257 390 Hugo
2287 335 2390 378 rex
2420 320 2601 377 Italiae
2633 335 2662 377 a
2696 322 2873 377 Roma
2926 317 3176 388 recedit,
3207 329 3348 389 pace
3408 317 3561 376 facta
3606 332 3738 375 cum

337 410 508 466 litare
539 409 858 481 episcopio,
897 423 1066 479 quam
1099 408 1170 464 ad
1216 408 1373 464 aliud
1425 409 1768 478 demigrare.
1806 408 1977 465 Bonis

337 503 529 555 tamen
559 504 616 554 et
650 496 1042 554 laudabilibus
1083 511 1281 552 eorum
1330 497 1542 553 studiis
1588 500 1647 552 et
1695 496 1978 566 exemplis

338 586 544 657 religio
593 586 810 655 regula:
863 586 1295 655 monachorum,
1331 589 1387 640 et
1424 587 1618 642 fervor
1666 584 1890 641 ordinis
1921 585 1976 640 in

337 677 541 732 eodem
575 674 841 732 emnobio
871 677 930 729 et
961 673 1013 728 in
1051 672 1396 743 quibusdam
1446 673 1576 731 aliis
1605 688 1709 745 per
1737 688 1976 743 regnum

340 763 719 820 Lothariense
754 764 1078 833 reparatur.
1112 761 1339 817 Interea
1372 775 1604 817 emenso
1648 776 1797 817 anno
1832 763 1978 817 Boso

342 852 522 907 frater
546 851 699 920 regis
717 865 845 906 cum
869 849 1141 904 Heinrico
1165 853 1426 920 pacatur,
1443 851 1587 905 etab
1611 865 1681 906 eo
1704 853 1978 921 receptus

339 945 447 997 est.
485 938 770 995 Rodulfus
803 952 1030 1008 quoque
1060 951 1161 992 rex
1192 938 1446 994 Francize
1475 943 1534 994 et
1566 938 1852 995 llodulfus
1877 953 1979 994 rex

337 1027 603 1085 Jurensis
635 1042 764 1083 cum
797 1040 865 1081 eo
893 1024 1204 1081 amicitiam
1238 1027 1637 1097 paciscuntur.
1664 1028 1808 1083 Boso
1842 1042 1979 1084 vero

340 1117 393 1171 in
421 1114 791 1188 expeditione
806 1113 1128 1170 obsidionis
1151 1115 1333 1170 castri
1360 1116 1551 1172 Sancti
1579 1115 1724 1181 Quin
1738 1115 1837 1171 tini
1865 1131 1981 1171 nio-

340 1203 508 1272 ritur,
544 1207 601 1258 et
634 1201 830 1257 Remis
864 1202 935 1256 ad
976 1202 1251 1259 Sanctum
1294 1202 1618 1272 Remigium
1670 1202 1975 1274 sepelitur.

341 1292 604 1363 (fol.64.)
648 1291 900 1361 ilungari
954 1306 1059 1362 per
1110 1292 1500 1360 Burgundiam
1551 1292 1975 1362 diffunduntur,

342 1380 574 1453 praedis,
607 1380 892 1436 incendiis
924 1385 993 1435 et
1011 1379 1292 1449 czedibus,
1328 1394 1439 1435 non
1488 1380 1585 1436 diu
1637 1384 1849 1452 tamen,
1886 1380 1981 1436 de-

341 1468 607 1527 bacchati
628 1485 640 1532 ;
658 1471 958 1539 comperto
973 1466 1197 1523 Rodulli
1214 1468 1373 1537 regis
1389 1468 1662 1540 adventu,
1680 1468 1737 1523 in
1757 1467 1980 1524 Italiam

339 1560 723 1614 transmeant.
772 1556 911 1627 (Cfr.
943 1557 1077 1613 Ser.
1112 1555 1242 1612 abb.
1275 1557 1395 1627 FZ.)
1429 1558 1652 1613 Herveo
1702 1557 1980 1628 episcopo

343 1646 683 1740 decedente,
700 1644 1039 1700 Romundus
1058 1645 1167 1740 sub
1182 1643 1432 1740 Rodulfo
1448 1660 1583 1716 rege
1600 1646 1983 1740 substituitur
2011 1679 2067 1740 B

345 1734 443 1805 qui
480 1733 868 1790 Colticensem
900 1733 1190 1789 abbatiam
1224 1733 1336 1805 (75)
1368 1734 1696 1805 destruens,
1729 1733 1982 1791 Colticas

345 1828 604 1880 castrum
649 1822 961 1895 edificavit,
995 1826 1052 1878 et
1104 1824 1415 1880 Curensem
1467 1824 1983 1895 similiter,‘Petrae

346 1918 647 1983 pertusum
681 1912 994 1983 exstruxit,
1021 1915 1079 1967 et
1113 1911 1247 1977 ﬁliis
1280 1916 1336 1967 et
1373 1911 1648 1969 tilialibus
1683 1913 1805 1969 suis
1837 1913 1983 1970 bona

346 2001 744 2059 zecelesiarum
776 2004 834 2057 et
865 2005 1064 2057 castra
1091 2015 1219 2071 quae
1259 2000 1479 2057 fecerat
1526 2000 1686 2056 dedit
1718 2000 1851 2073 (76).
1883 2004 1985 2060 Hic

348 2097 479 2162 post
508 2090 688 2147 multa
722 2089 868 2145 mala
904 2094 1134 2161 patrata
1166 2104 1196 2145 a
1228 2091 1432 2146 sancto
1464 2090 1742 2159 Gregorio
1794 2091 1988 2162 ﬂagel-

347 2179 504 2236 latus
536 2178 781 2235 interiit.

419 2268 539 2341 (fol.
572 2267 702 2339 65’.)
735 2271 899 2324 Anno
931 2268 1003 2324 ab
1033 2267 1249 2324 incarn.
1286 2268 1443 2323 Dom.
1480 2271 1602 2339 936,
1636 2284 1739 2325 rex
1776 2270 1988 2327 Rodul-

347 2360 440 2416 fus
471 2359 691 2428 absque
720 2356 923 2414 liberis
951 2356 1306 2427 defungitur,
1330 2371 1458 2413 nam
1482 2357 1810 2416 Ludovicus
1831 2359 1987 2417 filius

345 2447 490 2517 ejus,
526 2461 694 2518 quem
724 2446 927 2503 habuit
967 2461 1037 2501 ex
1082 2447 1277 2502 Emma
1328 2446 1548 2517 regina,
1584 2451 1718 2504 ante
1764 2449 1986 2505 obitum

348 2535 534 2607 patris
574 2540 666 2591 est
716 2535 1027 2591 defunctus
1076 2534 1318 2604 (Cicron.
1352 2534 1535 2608 Diu).
1577 2536 1793 2608 [FLon.]
1822 2540 1986 2608 Hugo

345 2626 583 2694 Magnus
605 2639 798 2681 comes
819 2627 984 2679 trans
1009 2638 1166 2679 mare
1188 2624 1369 2680 mittit
1394 2640 1499 2695 pro
1517 2626 1895 2684 aceersiendo
1915 2627 1984 2684 ad

350 2714 510 2784 regni
541 2714 763 2784 apicem
812 2713 1101 2769 Ludovico
1150 2714 1339 2769 Caroli
1384 2714 1519 2784 tilio,
1557 2730 1726 2786 quem
1760 2731 1863 2771 rex
1894 2716 1989 2772 Al-

348 2806 595 2859 stannus
627 2800 948 2858 avunculus
998 2801 1181 2872 ipsius
1227 2806 1470 2873 accepto
1515 2803 1896 2874 jurejurando
1956 2819 1986 2861 a

347 2892 701 2947 Francorum
735 2888 947 2961 legatis
992 2890 1290 2947 Franciam
1331 2906 1459 2947 cum
1494 2892 1840 2963 quibusdam
1869 2894 1987 2966 epi-

347 2979 544 3052 scopis
566 2984 624 3036 et
651 2980 781 3037 aliis
804 2980 1077 3037 fidelibus
1098 2979 1221 3037 suis
1238 2980 1456 3051 dirigit.
1477 2981 1578 3039 Cui
1603 2983 1830 3039 obviam
1856 3000 1987 3055 pro-

347 3074 539 3130 fectus
560 3074 647 3129 est
672 3073 835 3142 llugo
857 3085 987 3129 cum
1012 3072 1361 3151 Francorum
1376 3072 1741 3143 proceribus.
1761 3075 1820 3128 In
1847 3074 1988 3146 ipsis

348 3161 607 3219 littorcis
639 3161 834 3217 arenis
862 3161 1016 3232 apud
1039 3160 1359 3217 Bononiam
1385 3175 1447 3217 se
1469 3160 1553 3216 illi
1587 3162 1983 3235 committunt,

350 3256 409 3309 ut
443 3255 567 3327 erat
604 3250 878 3320 utrinque
898 3253 1150 3321 paetum.
1175 3249 1312 3305 Inde
1340 3250 1674 3307 Laudunum
1701 3251 1992 3311 deductus

348 3356 414 3396 ac
438 3339 619 3408 regali
645 3337 1051 3394 benedictione
1075 3337 1319 3407 ditatus,
1338 3338 1576 3407 ungitur
1598 3345 1654 3394 et
1676 3344 1992 3397 coronatur

352 3429 424 3485 ab
446 3426 689 3483 Artaldo
709 3425 975 3482 Remeusi
1001 3425 1464 3499 archiepiscopo,
1490 3429 1881 3499 praesentibus
1905 3446 1993 3486 re-

349 3516 447 3587 gni
482 3516 837 3587 primoribus
857 3530 920 3571 ac
945 3515 1239 3587 episcOpis
1262 3515 1472 3585 viginti
1490 3520 1550 3572 et
1572 3517 1842 3588 amplius.
1864 3520 1993 3575 Mox

354 3604 746 3676 Burgundiam
780 3604 1016 3674 adeunt,
1051 3608 1108 3660 et
1154 3604 1357 3661 urbem
1404 3604 1786 3674 Linguonum,
1818 3622 1991 3678 quam

353 3698 517 3764 Πυςο
535 3694 761 3765 Capito,
780 3694 959 3749 frater
972 3694 1127 3763 regis
1144 3694 1392 3764 Rodulﬁ,
1410 3699 1670 3766 ceperat,
1688 3695 1993 3765 obsident;

354 3782 829 3854 fugientibusque
843 3782 1209 3854 custodibus,
1228 3783 1352 3839 sine
1370 3784 1518 3840 bello
1531 3799 1656 3840 eam
1681 3785 1992 3857 recipiunt,

353 3872 731 3944 acceptisque
763 3871 1070 3928 obsidibus
1108 3873 1180 3928 ab
1211 3873 1504 3945 epis00pis
1554 3878 1611 3929 et
1648 3874 1996 3945 primatibus

355 3960 725 4039 Burgundiae,
762 3960 1027 4017 Parisius
1058 3960 1325 4017 redeunt.
1375 3964 1537 4033 Hugo
1582 3963 1818 4033 Magnus
1864 3978 1995 4020 eum

354 4052 591 4122 Hugone
625 4049 827 4123 Capito
859 4049 1133 4106 Richardi
1166 4048 1302 4121 filio,
1330 4050 1545 4122 partita
1578 4051 1733 4107 inter
1763 4066 1825 4108 se
1854 4052 1999 4108 Bur-

352 4140 590 4211 gundia,
618 4154 815 4211 pacem
838 4137 1327 4208 faciunt.(0}tron.
1354 4140 1516 4211 Div.)
1542 4141 1680 4196 Post
1703 4142 1997 4210 Hugonem

357 4230 561 4300 Capito
591 4227 956 4286 Gislebertus
980 4228 1252 4285 ducatum
1278 4229 1552 4285 obtinuit.
1580 4229 1871 4285 Ludovico
1896 4229 1999 4299 igi-

355 4322 454 4374 tur
488 4317 649 4387 regni
674 4316 1235 4373 administrationem
1259 4332 1377 4373 suze
1401 4317 1817 4373 dominationis
1835 4332 1998 4374 exer-

2018 3031 2066 3094 C

2092 410 2364 467 Alberico
2394 410 2663 481 patricio.

2164 502 2326 554 Anno
2359 500 2431 555 ab
2461 499 2570 554 inc.
2606 500 2765 555 Dom.
2799 501 2923 566 937,
2958 494 3283 552 Ludovicus
3315 510 3417 551 rex
3447 496 3522 552 ab
3550 498 3742 566 Hugo-

2090 587 2180 643 nis
2211 602 2271 642 se
2305 587 2713 658 procuratione
2744 588 2994 656 separat.
3032 585 3110 639 E0
3143 598 3292 639 anno
3319 583 3447 639 cieli
3482 599 3619 655 pars
3650 599 3741 639 ar-

2092 677 2231 732 dere
2262 676 2402 745 visa,
2438 678 2498 730 et
2530 675 2600 730 ab
2631 674 2833 731 eadem
2874 676 3043 745 parte
3090 674 3493 742 llungarorum
3541 687 3741 745 perse-

2092 765 2298 835 quutio
2331 765 2637 834 insequuta
2663 766 2776 832 est,
2804 777 2916 831 qua
2941 760 3091 817 villae
3123 766 3182 816 et
3213 760 3335 830 agri
3369 759 3737 832 depopulati,

2093 853 2298 910 domus
2334 853 2705 922 basiliczeque
2737 851 3134 920 conflagratae,
3163 849 3527 920 captivorum
3557 849 3740 906 abdu-

2092 946 2185 998 cta
2213 941 2542 997 multitudo.
2562 939 3083 996 Nonnullastamen
3099 938 3380 995 ecclesias
3398 938 3632 1008 ignibus
3646 954 3746 1010 ap-

2094 1029 2312 1101 plicitis
2345 1028 2707 1086 succendere
2737 1027 3148 1098 nequiverunt.
3171 1029 3231 1082 In
3264 1026 3517 1083 ecclesia
3550 1029 3740 1084 sancti

2091 1118 2285 1175 Basoli
2318 1133 2448 1174 cum
2491 1117 2723 1189 quidam
2756 1119 3160 1187 liungarorum
3208 1116 3526 1172 ascendere
3560 1131 3741 1189 super

2094 1207 2279 1263 altare
2310 1207 2502 1263 nitens
2533 1221 2733 1263 areum
2757 1220 2926 1262 manu
2952 1204 3357 1277 applicuisset,
3383 1220 3592 1262 manus
3615 1205 3745 1276 ejus

2094 1295 2341 1352 adhaesit
2371 1295 2572 1367 lapidi,
2607 1310 2711 1351 nec
2739 1294 2971 1351 omnino
3004 1294 3191 1364 quivit
3219 1293 3411 1364 avelli,
3435 1294 3622 1350 donec
3655 1309 3748 1352 ce-

2094 1384 2241 1441 teris
2257 1399 2458 1440 saxum
2473 1384 2630 1440 cirea
2645 1398 2873 1439 manum
2890 1383 3071 1454 ipsam
3089 1382 3487 1438 incidentibus
3510 1389 3742 1454 partem

2096 1473 2277 1544 ipsam
2315 1472 2528 1544 lapidis
2561 1473 2616 1527 in
2650 1473 2905 1529 omnium
2935 1471 3318 1527 admiratione
3355 1473 3623 1542 perferre
3653 1488 3750 1529 co-

2094 1561 2639 1632 gereturetbnicus.
2660 1560 2903 1627 Quidam
2918 1561 3226 1632 presbyter
3247 1564 3457 1632 captus
3480 1562 3553 1616 ab
3577 1562 3666 1619 eis
3682 1567 3747 1618 et

2096 1649 2355 1707 vinculis
2391 1649 2689 1721 alligatus,
2715 1648 3077 1706 revelatione
3109 1649 3298 1705 divina
3322 1654 3411 1704 est
3437 1648 3745 1707 liberatus.

2099 1739 2204 1805 Qui
2241 1744 2551 1811 postquam
2583 1738 2838 1810 patriam
2869 1738 3219 1809 domumque
3253 1738 3511 1809 repetiit,
3540 1738 3751 1795 retulit

2100 1827 2155 1882 in
2187 1827 2389 1883 eadem
2421 1826 2767 1898 captivitate
2817 1826 2993 1882 fuisse
3037 1825 3379 1883 monachum
3431 1825 3745 1897 quendam,

2098 1916 2460 1972 Hucbaldum
2481 1915 2734 1985 nomine,
2754 1914 3385 1985 Orbacensisceenobii,
3404 1930 3573 1985 quem
3600 1916 3752 1972 mul-

2097 2005 2279 2060 toties
2310 2004 2527 2059 ethnici
2560 2004 2857 2060 trucidare
2889 2001 3220 2074 voluerunt,
3253 2007 3314 2059 et
3354 2017 3586 2060 carnem
3619 2003 3753 2073 ejus

2098 2093 2356 2149 incidere
2385 2107 2499 2149 non
2527 2093 2855 2149 valuerunt.
2882 2092 3105 2149 Nudum
3137 2107 3277 2162 ergo
3302 2107 3432 2148 eum
3458 2093 3514 2147 in
3539 2092 3736 2150 medio

2099 2182 2352 2254 positum
2384 2182 2619 2251 sagittis
2640 2170 2959 2253 appetiere,
2981 2196 3085 2237 nsc
3111 2181 3316 2237 saltem
3338 2186 3533 2238 cutem
3548 2182 3753 2239 value-

2099 2274 2235 2326 runt
2256 2283 2547 2340 rumpere.
2575 2268 2931 2326 Resiliebant
2956 2270 3028 2324 ab
3050 2268 3178 2339 ejus
3209 2284 3453 2341 corpore
3483 2271 3745 2341 sagittae,

2103 2359 2264 2429 quasi
2295 2360 2367 2414 ab
2405 2362 2713 2414 adamante
2766 2358 3038 2430 repulsa},
3072 2371 3177 2414 nec
3226 2358 3451 2429 signum
3505 2359 3752 2430 aliquod

2102 2448 2424 2520 apparebat
2455 2448 2510 2503 in
2543 2452 2700 2504 cute.
2739 2446 2940 2503 Gladio
2971 2462 3101 2503 eum
3151 2463 3281 2505 cum
3331 2448 3483 2504 omni
3530 2453 3751 2506 conatu

2101 2538 2211 2595 nisi
2236 2542 2373 2594 sunt
2397 2542 2726 2609 percutere,
2752 2540 2813 2592 et
2834 2536 3208 2593 nihilominus
3232 2552 3370 2593 caro
3394 2537 3752 2594 intemerata

2104 2627 2436 2699 permansit.
2461 2625 2744 2682 Radulfus
2768 2625 3035 2682 Jurensis
3067 2624 3376 2697 Cisalpinae
3408 2625 3607 2683 Gallia:
3642 2642 3750 2682 rex

2099 2715 2286 2781 obiit;
2329 2715 2628 2771 Conradus
2672 2715 2954 2771 succedit.
3010 2716 3173 2783 Hugo
3223 2728 3451 2785 quoque
3500 2715 3750 2772 Roherti

2101 2803 2255 2860 illius
2287 2818 2548 2860 sororem
2582 2802 2846 2873 Othonis,
2872 2802 3028 2873 regis
3050 2802 3305 2858 Ileinrici
3340 2802 3533 2874 tiliam,
3569 2805 3750 2860 sorti-

2098 2895 2198 2949 tur
2220 2907 2461 2949 uxorem
2495 2891 2738 2962 (Chron.
2767 2892 2934 2963 Dic.)
2968 2896 3133 2947 Anno
3164 2890 3418 2947 secundo
3452 2890 3753 2962 Ludovici,

2099 2981 2200 3036 filii
2222 2980 2411 3036 Caroli
2433 2979 2747 3051 Simplicis,
2775 2979 3087 3037 ordinatus
3107 2982 3197 3035 est
3232 2978 3481 3035 domnus
3514 2972 3761 3036 Fuleheé

2098 3070 2219 3127 rius
2235 3070 2415 3125 abbas
2436 3068 3016 3140 Flaviniacensis,qui
3033 3068 3204 3125 etiam
3228 3067 3382 3124 rexit
3404 3068 3759 3126 Divioncnse

2100 3157 2433 3228 quindecim
2465 3156 2649 3213 annis.
2688 3156 2843 3227 (Ser.
2881 3156 3009 3213 abb.
3044 3156 3162 3226 FZ.)
3196 3157 3298 3212 Hic
3330 3161 3537 3214 octavo
3589 3172 3746 3214 anno

2101 3246 2402 3317 regiminis
2432 3245 2875 3302 Hierosolimam
2910 3245 3212 3316 profectus
3245 3252 3353 3315 est,
3390 3250 3447 3302 et
3478 3246 3752 3317 reliquiis

2100 3335 2379 3409 pretiosis
2430 3350 2702 3393 reversus
2752 3333 2961 3391 ditavit
3008 3333 3314 3390 ecclesiam
3376 3349 3558 3391 suam.
3593 3334 3757 3390 Obiit

2104 3431 2313 3497 quarto
2342 3424 2629 3481 Kalendas
2658 3423 2807 3494 Maii,
2827 3423 2920 3480 cui
2942 3423 3225 3480 successit
3250 3423 3383 3480 Milo
3417 3424 3759 3493 Magabren-

2105 3515 2210 3586 sis,
2246 3518 2302 3571 et
2338 3512 2707 3586 privilegium
2740 3527 2769 3569 a
2803 3528 2949 3585 papa
2981 3512 3256 3584 optinuit.

2177 3606 2340 3660 Anno
2364 3608 2488 3674 939,
2506 3602 2831 3659 Bernuinus
2845 3600 3232 3657 Virdunensis
3246 3601 3560 3673 episcopus
3572 3601 3725 3657 obiit
3742 3621 3758 3670 ;

2105 3698 2165 3750 et
2198 3693 2608 3749 Lotharienses
2639 3691 2921 3747 Othonem
2954 3705 3149 3761 regem
3174 3705 3342 3747 suum
3367 3689 3668 3760 deserunt,
3694 3696 3762 3746 et

2107 3782 2398 3839 Ludovico
2432 3796 2495 3837 se
2524 3780 2893 3837 committere
2928 3783 3152 3851 parant,
3189 3780 3284 3850 qui
3333 3794 3436 3836 eos
3489 3780 3759 3850 recipere

2109 3870 2340 3929 distulit
2368 3870 2440 3926 ob
2474 3869 2783 3925 amicitiam
2814 3874 3046 3941 pactam
3080 3869 3233 3924 inter
3262 3883 3324 3925 se
3354 3872 3411 3925 et
3435 3868 3756 3925 Othonem.

2108 3962 2326 4017 Iterum
2359 3974 2587 4031 quoque
2620 3974 2895 4031 proceres
2925 3959 3109 4029 regni,
3146 3957 3512 4015 Gislebertus
3542 3958 3662 4013 dux
3694 3963 3760 4014 et

2111 4050 2360 4107 comites
2382 4048 2777 4120 quamplures,
2805 4048 2874 4104 ad
2902 4062 3029 4104 eum
3053 4047 3389 4117 veniunt,et
3407 4061 3469 4103 se
3494 4046 3577 4101 illi
3600 4062 3762 4103 eom-

2112 4139 2370 4195 mittunt.
2391 4136 2663 4209 Episcopi
2688 4152 2825 4193 vero
2848 4138 3131 4193 Othonem
3158 4150 3273 4193 non
3295 4136 3635 4205 deseruere,
3653 4135 3755 4205 qui

2111 4242 2313 4284 eorum
2367 4241 2562 4282 secum
2619 4225 2923 4282 detinebat
2977 4225 3326 4281 obsidatum.
3386 4224 3494 4290 Qui
3551 4224 3761 4280 Rheno

2114 4315 2461 4372 transmisso
2484 4329 2723 4385 regnum
2741 4314 3117 4370 Lothariense
3133 4313 3474 4385 perlustrat,
3491 4317 3552 4368 et
3565 4312 3763 4368 incen-

357 4419 491 4461 cere
522 4404 802 4477 eUpienti,
823 4404 1059 4461 nimium
1084 4403 1181 4460 illa
1206 4404 1496 4460 laboriosa
1543 4405 1669 4477 fuit,
1699 4410 1814 4462 tam
1857 4406 1941 4463 sui
1966 4420 1995 4462 a
2026 4408 2080 4470 D
2115 4405 2228 4462 diis
2260 4404 2592 4477 praedisque
2620 4404 2881 4474 quaedam
2933 4403 3059 4459 loca
3107 4402 3397 4459 devastat.
3447 4403 3525 4457 Eo
3557 4404 3757 4458 autem

359 4494 640 4550 Tetbaldo
662 4492 1108 4549 Carnotensium
1129 4491 1339 4549 comite
1361 4493 1649 4565 captione,
1674 4509 1843 4565 quam
1868 4499 1995 4566 post

361 4583 524 4653 regni
558 4581 1065 4653 recuperationem
1098 4581 1261 4638 vario
1281 4580 1575 4639 instabilis
1598 4584 1844 4641 fortuna:
1868 4600 2000 4656 pro-

359 4677 555 4730 ventu.
594 4669 814 4742 [FLOD.]
847 4670 1117 4726 Heinrico
1165 4670 1346 4740 igitur
1393 4686 1601 4742 magno
1644 4673 1998 4744 imperatore

360 4762 466 4818 sub
480 4760 685 4818 iisdem
705 4758 912 4815 diebus
926 4757 1201 4831 obeunte,
1219 4760 1518 4816 contentio
1536 4760 1687 4818 inter
1707 4761 1859 4818 filios
1872 4763 1999 4834 ejus

359 4850 430 4905 de
455 4863 634 4920 regno
658 4847 933 4918 agitatur.
962 4846 1173 4903 Othoni
1198 4850 1389 4905 tamen
1422 4852 1562 4905 natu
1586 4850 1785 4921 majori
1808 4865 2001 4908 rerum

360 4953 581 4995 summa
610 4937 865 4995 obvenit.
900 4935 1020 5008 (fol.
1058 4940 1171 5009 66.)
1202 4937 1458 4994 Iohanne
1477 4953 1707 5009 quoque
1732 4954 1877 5012 papa
1911 4939 2003 4996 Al-

363 5027 546 5083 beriei
582 5027 816 5099 patricii
850 5026 1032 5082 fratre
1082 5025 1375 5097 defuncto,
1409 5028 1521 5084 Leo
1552 5027 1593 5083 V
1623 5029 1909 5099 succedit,
1943 5032 2002 5084 et

2108 4500 2275 4550 trans
2323 4495 2584 4550 Rhenum
2632 4506 2920 4563 regresso,
2956 4492 3281 4548 Ludovicus
3329 4490 3760 4548 Virdunensem

2113 4583 2258 4655 petit
2296 4597 2522 4655 pagum,
2549 4586 2607 4637 et
2641 4581 2985 4652 quibusdam
3017 4579 3308 4652 epiSCOpis
3330 4584 3392 4635 et
3410 4578 3765 4650 primatibus

2112 4672 2385 4744 receptis,
2404 4671 2740 4727 revertitur.
2765 4668 3132 4726 Gislebertus
3157 4668 3275 4725 dux
3294 4671 3462 4724 trans
3494 4668 3760 4723 Rhenum

2113 4762 2439 4833 praedatum
2455 4760 2772 4831 profectus,
2791 4758 2925 4815 dum
2950 4757 3288 4828 revertitur,
3308 4756 3763 4827 insequentibus

2115 4866 2177 4907 se
2210 4848 2586 4919 adversariis,
2610 4848 2665 4903 in
2687 4848 2906 4904 Renum
2929 4862 3059 4903 cum
3076 4861 3227 4918 equo
3250 4845 3514 4915 insilivit,
3542 4849 3602 4900 et
3625 4858 3766 4901 ene-

2116 4943 2286 4996 catus
2310 4938 2462 4995 ultra
2486 4936 2729 5009 reperiri
2754 4951 2866 4991 non
2892 4935 3101 5008 potuit.
3118 4935 3402 4991 Relictam
3415 4934 3563 5005 ejus,
3581 4932 3766 4990 Otho-

2118 5028 2205 5086 nis
2232 5027 2390 5098 regis
2418 5041 2695 5098 sororem,
2730 5026 3058 5083 Ludovicus
3090 5024 3318 5097 accepit
3350 5038 3611 5080 uxorem.
3648 5024 3766 5080 Du-

1947 5160 2173 5218 NOTIE.

433 5283 547 5353 (75)
581 5281 859 5339 Couches.

437 5354 526 5421 (76
531 5360 549 5421 )
581 5354 859 5409 Romundi

2113 5283 2313 5342 tabula
2344 5298 2456 5355 qua
2484 5284 2635 5355 bona
2663 5283 2735 5339 ab
2766 5282 3020 5339 Amadeo
3068 5280 3489 5355 Flaviniacensi
3536 5280 3752 5355 abbate

529 5351 944 5477 '(Romundum
978 5351 1321 5425 episcopum
1371 5351 1654 5477 languore
1703 5353 2004 5434 detentum
2117 5351 2464 5435 recuperata
2495 5354 2806 5412 conﬁrmat
2832 5368 2981 5409 anno
3031 5356 3098 5409 15
3145 5352 3385 5409 Roherti
3437 5352 3613 5422 regis.
3651 5351 3764 5407 Ma-

549 5423 885 5477 aribus.aui
912 5424 1061 5477 bona
1095 5428 1433 5477 monasterii
1501 5429 1803 5477 irmerent.
1828 5437 2010 5477 reeis-
2120 5424 2322 5477 billon.
2360 5428 2502 5477 Ann.
2538 5425 2775 5477 Bened..
2812 5426 2849 5477 S
2875 5425 2943 5477 ιν
2984 5440 3036 5477 ι).
3070 5425 3192 5477 644.
3229 5424 3290 5477 Κ.

363 5423 767 5503 smcularibus,
788 5423 885 5503 qui
912 5423 1803 5503 bona‘monasteriidiriperent,
1828 5424 2010 5503 resis-

362 5500 490 5551 tere
522 5508 630 5551 non
665 5494 933 5565 potuisse
956 5498 1163 5552 auctor
1185 5500 1275 5553 est
1299 5494 1618 5555 Walterius
1638 5494 1926 5555 Eduensis
1948 5495 2007 5552 iu

2120 5424 2322 5483 billon.
2360 5428 2502 5483 Ann.
2538 5425 2775 5495 Bened.,
2812 5426 2849 5481 S
2875 5425 2943 5481 ιν
2984 5440 3036 5495 p.
3070 5425 3192 5478 644.
3229 5424 3290 5478 Κ.
