3960 6052
269 128 377 188 181

1548 129 2045 194 CHRONICON.
2080 165 2161 178 —-
2189 130 2343 193 LIB.
2378 132 2427 194 Ι.

3563 131 3677 194 182

268 267 470 320 catum
494 263 642 320 Otho
661 261 907 335 accepit.
938 262 1088 321 Otho
1110 277 1249 322 vero
1272 268 1520 323 cunctos
1539 264 1607 321 ad
1634 279 1697 321 se
1721 264 1917 322 redire
1950 265 1997 326 A
2033 266 2332 325 Remensis
2361 267 2667 341 epise0p1i,
2702 252 3208 340 conquerentibus
3238 268 3470 327 clericis
3499 274 3676 341 atque

268 353 463 422 coegit
510 352 937 423 Lotharienses,
972 357 1029 408 et
1072 354 1340 424 sequenti
1391 369 1540 410 anno
1590 353 1918 410 Conradum

270 440 624 510 Burgundiae
648 455 842 511 regem
867 440 1000 497 doio
1017 442 1195 513 cepit,
1223 441 1600 514 reliquosque
1635 442 1918 516 primates

269 529 381 583 sibi
430 529 779 599 paciﬁcavit.

340 621 509 676 Anno
539 622 660 687 940,
698 619 1018 675 indictione
1044 624 1130 687 13,
1155 619 1545 677 intronizatus
1577 620 1746 678 estin
1780 636 1922 693 pon-

266 708 499 765 tiﬁcatu
534 707 914 765 Virdunensis
957 709 1118 765 urbis
1150 709 1205 764 in
1241 709 1507 781 partibus
1552 710 1814 767 Saxonis)
1849 725 1923 766 ex

267 803 608 866 magnatum
641 804 809 853 ortus
844 797 1113 869 prosapia
1148 797 1395 855 domnus
1430 800 1836 869 Berengarius,
1863 803 1921 854 et

344 887 555 941 Factus
586 884 893 957 apostolici
928 900 1169 942 consors
1200 889 1257 942 et
1290 901 1526 959 compar
1558 887 1812 959 honoris,

344 973 540 1030 Laude
572 973 715 1030 cleri
748 977 806 1029 et
843 973 1038 1046 populi

344 1063 520 1118 Duxit
548 1061 926 1134 apostolicam
959 1062 1130 1119 factis
1161 1066 1217 1119 et
1250 1063 1479 1120 nomine
1509 1064 1705 1121 vitam.

268 1153 409 1207 Erat
444 1151 598 1206 enim
630 1166 880 1222 corpore
903 1156 1127 1222 castus,
1153 1156 1344 1207 mente
1378 1153 1647 1222 devotus,
1675 1151 1924 1210 affabilis

266 1239 553 1311 alloquio,
584 1240 781 1296 clarus
813 1240 1080 1311 consilio,
1111 1241 1416 1312 prudentia
1452 1242 1756 1313 przeditus,
1785 1249 1924 1299 tem-

266 1331 541 1402 perentia
575 1329 890 1401 discretus,
919 1329 1143 1386 interna
1174 1331 1516 1388 fortitudine
1550 1331 1770 1402 ﬁrmus,
1793 1347 1926 1388 cen-

264 1434 405 1476 sura
436 1418 685 1488 justitize
718 1418 969 1489 stabilis,
1026 1418 1466 1489 longanimitate
1499 1421 1792 1491 assiduus,
1829 1436 1924 1492 pa-

264 1508 477 1563 tientia
503 1508 809 1578 robustus,
833 1507 1163 1564 humilitate
1189 1512 1550 1581 mansuetus,
1577 1524 1713 1580 erga
1739 1509 1923 1566 delin-

266 1602 523 1668 quentes
548 1612 651 1668 per
671 1597 1129 1668 compassionem
1161 1597 1376 1669 socius,
1403 1614 1505 1670 per
1530 1598 1716 1656 zelum
1748 1599 1919 1656 recti-
1950 1622 2003 1682 Β

264 1685 491 1741 tudinis
522 1690 776 1741 erectus.
813 1685 934 1757 (fol.
962 1684 1092 1756 66’.)
1128 1687 1459 1758 Apparebat
1488 1686 1542 1741 in
1568 1687 1765 1744 verbis
1790 1688 1918 1758 ejus

267 1773 618 1853 inconcussa
644 1772 857 1828 mentis
873 1776 1201 1829 constantia
1222 1774 1679 1846 resplendebant
1698 1775 1755 1831 in
1778 1775 1919 1832 acti-

265 1863 379 1918 bus
413 1866 470 1916 et
505 1861 768 1917 moribus
810 1860 939 1930 ejus
968 1861 1255 1918 virtutum
1291 1862 1561 1934 insignia,

342 1951 629 2006 Omnibus
661 1950 896 2021 hospitii
932 1951 1265 2022 perlargum
1297 1952 1547 2022 praebuit
1585 1967 1772 2021 usum,

339 2042 517 2096 Nemo
549 2044 640 2096 est
670 2043 975 2110 exceptus,
1004 2054 1320 2111 perpessus
1353 2055 1519 2097 nemo
1548 2039 1844 2112 repulsam

263 2128 566 2184 Christum
601 2128 743 2184 totis
768 2128 1101 2183 visceribus
1141 2127 1408 2199 diligens,
1442 2133 1499 2185 et
1533 2129 1801 2185 caritatis
1835 2129 1920 2185 in-

260 2221 455 2272 ternae
504 2215 833 2273 visceribus
868 2216 1126 2287 aﬁluens,
1162 2232 1268 2288 pro
1302 2217 1659 2288 pauperibus
1691 2232 1920 2289 semper

260 2309 393 2360 erat
425 2303 740 2374 sollicitus,
766 2306 826 2359 et
851 2303 983 2374 quia
1019 2305 1171 2360 sicut
1202 2305 1419 2360 Martha
1451 2303 1685 2360 Christo
1715 2320 1920 2376 corpo-

262 2392 412 2449 ralia
432 2393 884 2449 subministrare
908 2393 1208 2463 nequibat,
1228 2393 1282 2448 in
1296 2393 1497 2463 egenis
1516 2393 1675 2450 illum
1704 2395 1919 2452 cotidie

262 2482 594 2538 reﬁciebat.
635 2482 833 2538 Sermo
865 2482 990 2551 ejus
1024 2481 1145 2537 sale
1179 2481 1474 2553 conditus,
1513 2498 1628 2553 quo
1662 2483 1919 2555 pondere

259 2571 462 2627 brevis
476 2575 536 2626 et
555 2586 741 2639 rarus,
759 2584 827 2625 eo
847 2569 1115 2641 prudenti
1135 2570 1425 2627 suavitate
1441 2571 1767 2627 habebatur
1790 2586 1922 2643 pre-

262 2660 486 2717 ciosus.
541 2657 833 2728 Diligebat
888 2657 1120 2714 sincero
1168 2663 1224 2713 et
1279 2659 1531 2714 unanimi
1585 2658 1921 2716 dilectionis

262 2749 478 2806 aﬂ'ectu
514 2747 807 2823 inter’alia
842 2748 1098 2803 membra
1134 2747 1349 2804 Christi
1380 2749 1651 2805 domuum
1684 2748 1922 2806 Fulber-

266 2844 389 2894 tum
426 2839 899 2892 Cameracensem
930 2835 1295 2907 epiSCOpum,
1336 2851 1614 2908 cumquo
1640 2837 1777 2907 juge
1809 2838 1918 2893 sibi

262 2940 499 2997 semper
524 2925 633 2980 fuit
654 2924 931 2995 studium,
950 2924 1220 2981 veritatis
1243 2924 1614 2981 adversarios
1636 2928 1763 2981 toto
1786 2925 1919 2983 nisu

263 3015 632 3086 impugnare,
659 3013 801 3068 utin
827 3013 1208 3084 sequentibus
1233 3012 1478 3084 quilibet
1499 3017 1692 3085 potest
1718 3013 1922 3070 adver-

262 3111 411 3159 tere.
450 3102 544 3173 (G.
582 3102 745 3160 Vird.
771 3102 848 3172 2.)
882 3101 1008 3158 Fuit
1034 3105 1228 3159 autem
1264 3107 1527 3173 tempore
1562 3102 1819 3173 Ottonis,
1847 3103 1918 3159 de

263 3209 381 3265 quo
411 3192 632 3251 dictum
663 3198 756 3248 est
781 3192 932 3263 quod
957 3192 1029 3248 ad
1053 3191 1411 3263 triumphum
1444 3192 1708 3249 ecclesia:
1740 3193 1920 3265 ompit

261 3283 405 3338 Otto
428 3296 724 3352 crescere,
752 3281 846 3337 cui
866 3281 1152 3338 successit
1178 3280 1473 3339 secundus
1496 3280 1636 3337 Otto
1653 3281 1722 3337 ad
1742 3280 1923 3354 impe-

262 3372 436 3441 rium,
474 3376 538 3427 ut
571 3371 809 3427 ﬂoreret
842 3368 1137 3426 saeculum.

338 3460 558 3534 [hoc]
596 3460 757 3514 Anno
791 3459 916 3529 ipso
947 3458 1336 3514 ordinationis
1361 3472 1480 3514 suzc
1506 3458 1690 3515 fomes
1714 3458 1923 3530 iniqui-

260 3549 405 3605 tatis
428 3550 594 3618 Hugo
618 3549 856 3617 Magnus
888 3562 1019 3603 cum
1050 3546 1396 3617 quibusdam
1421 3546 1677 3603 Francia)
1701 3553 1759 3603 et
1783 3550 1925 3603 Bur-

258 3637 501 3707 gundize
526 3636 824 3707 episcopis
844 3638 900 3691 et
927 3634 1281 3707 primoribus
1304 3635 1467 3705 regni
1492 3637 1799 3692 Remorum
1824 3635 1921 3692 ob-

264 3726 419 3784 sidet
444 3726 649 3782 urbem
666 3743 680 3791 ;
697 3740 808 3796 qua
832 3726 1070 3781 obtenta
1096 3727 1265 3781 sexto
1282 3723 1609 3781 obsidionis
1634 3723 1726 3780 die
1749 3725 1915 3781 Artal

262 3817 403 3871 dum
421 3815 764 3887 episcopum
779 3828 809 3869 a
825 3814 1238 3885 procuratione
1254 3816 1310 3869 et
1326 3815 1621 3884 potestate
1640 3812 1920 3884 episcopii

257 3902 598 3971 jar-amento
616 3918 677 3959 sc
697 3901 976 3973 compulit
1001 3901 1293 3973 abdicare,
1322 3915 1598 3958 concessa
1617 3901 1669 3957 ei
1689 3900 1920 3957 abbatia

262 3993 453 4049 sancti
482 3991 673 4048 Basoli
695 3997 753 4049 et
778 3995 1087 4048 Avennaco
1122 3991 1494 4063 monasterio,
1521 3997 1577 4048 et
1601 3991 1687 4048 sic
1716 3989 1921 4048 relicto

265 4083 387 4138 tirio
412 4081 706 4138 lleriberti
731 4083 967 4150 Hugone
985 4080 1101 4151 jam
1129 4080 1351 4152 pridem
1384 4080 1579 4137 Remis
1603 4080 1671 4136 ad
1697 4079 1922 4152 episco-

262 4176 470 4244 patum
493 4170 706 4241 electo,
730 4171 800 4227 ad
826 4170 1188 4227 obsidionem
1208 4169 1466 4227 Lauduni
1494 4174 1792 4242 properat.
1818 4170 1924 4225 Lu-

264 4261 479 4317 dovico
510 4275 649 4317 vero
673 4275 703 4315 a
732 4259 1061 4329 Burgundia
1094 4259 1400 4329 redeunte,
1425 4264 1483 4314 et
1506 4262 1806 4329 assumpto
1835 4271 1923 4313 se-

1952 2975 2001 3036 Ο

2034 355 2328 413 nobilibus
2360 355 2527 414 laicis
2549 356 2647 414 diu
2676 361 2908 428 pastore
2931 355 3130 412 sedem
3154 356 3339 427 ipsam
3360 373 3591 429 vacare,
3616 365 3677 415 et

2033 444 2381 502 deﬁnierunt
2400 444 2880 517 quemadmodum
2899 444 3503 518 Artaldusepiscopus
3521 449 3677 520 jura-

2030 538 2217 604 verat,
2252 533 2407 605 quod
2443 549 2753 606 numquam
2780 533 2850 590 de
2879 534 3002 605 ipso
3024 533 3369 608 episcopatu
3403 550 3467 591 se
3498 536 3677 594 intro-

2033 621 2364 693 mittere,ad
2381 623 2563 694 ipsius
2577 622 3063 694 gubernationem
3081 624 3297 679 reverti
3312 639 3422 679 non
3439 622 3674 695 debere,

2030 716 2089 765 et
2113 714 2171 766 ut
2197 712 2361 781 Hugo
2393 712 2687 768 Heriberti
2722 711 2897 781 ﬁlius,
2934 711 3029 782 qui
3063 712 3229 783 prius
3254 714 3325 768 ad
3350 712 3533 784 ipsum
3560 714 3679 786 epi-

2033 800 2337 867 scopatum
2365 797 2553 853 fuerat
2574 798 2735 855 clero
2760 798 3094 870 populoque
3117 803 3354 871 petente
3374 804 3674 871 evocatus,

2032 884 2407 942 ordinaretur
2438 887 2767 959 episcopus.
2795 888 2862 941 Et
2885 886 2968 943 sic
3001 887 3213 943 Remos
3246 887 3531 944 adeuntes
3562 889 3681 960 epi-

2035 973 2195 1043 scopi
2244 974 2540 1043 Hugonem
2593 973 2927 1045 pontiﬁcem
2977 979 3348 1033 consecrant.
3406 977 3677 1034 Canonici

2032 1061 2511 1133 Montisfalconis,
2538 1062 2917 1135 oppressione
2942 1062 3127 1134 ipsius
3148 1063 3531 1122 Virdunensis
3559 1067 3680 1137 epi-

2034 1152 2191 1223 SCOpi
2214 1156 2277 1207 ut
2296 1152 2638 1208 asserebant
2656 1152 3030 1223 prtegravati,
3050 1153 3378 1210 ccenobium
3400 1169 3566 1213 suum
3588 1156 3680 1213 de-

2032 1246 2255 1309 serunt,
2283 1245 2338 1297 et
2363 1241 2558 1296 Remis
2579 1256 2795 1312 corpus
2820 1241 3008 1298 sancti
3041 1242 3290 1298 Baldrici
3323 1245 3550 1314 patroni
3586 1246 3675 1302 sui

2034 1330 2333 1385 deserunt.
2370 1329 2643 1386 Artaldus
2676 1329 2947 1387 omnibus
2970 1330 3220 1401 perditis
3245 1346 3371 1401 quas
3398 1331 3672 1404 habebat,

2034 1417 2188 1473 datis
2232 1417 2616 1474 sacramentis
2659 1418 2879 1488 llugoni
2926 1418 3203 1491 episcopo
3244 1424 3303 1474 et
3344 1420 3673 1493 lleriherto,

2034 1511 2207 1579 prout
2236 1508 2308 1563 ab
2342 1522 2410 1563 eo
2443 1507 2821 1578 qumsierunt,
2866 1507 3231 1578 redditisque
3267 1508 3378 1564 sibi
3420 1509 3677 1567 abbatiis

2034 1597 2222 1652 sancti
2271 1595 2464 1652 Basoli
2495 1600 2555 1651 et
2586 1599 2893 1653 Avennaco
2937 1612 3067 1652 cum
3120 1596 3258 1653 villa
3308 1597 3673 1670 Vindenissa,

2030 1700 2230 1757 pacem
2266 1685 2397 1741 fecit
2431 1700 2561 1741 cum
2593 1685 2696 1756 eis,
2724 1689 2784 1741 et
2815 1685 2887 1741 ad
2920 1689 3185 1743 sanctum
3220 1686 3486 1745 Basolum
3519 1688 3677 1744 habi-

2034 1776 2265 1829 taturus
2292 1772 2543 1828 devenit.

2100 1862 2222 1916 Non
2256 1860 2439 1917 multo
2472 1866 2627 1932 post,
2663 1876 2812 1917 anno
2845 1861 2916 1918 ab
2949 1861 3060 1921 inc.
3092 1864 3251 1920 Dom.
3287 1866 3411 1936 942,
3445 1864 3676 1937 legatus

2031 1950 2305 2020 Stephani
2340 1965 2523 2022 papaa,
2552 1951 2782 2007 nomine
2811 1952 3109 2023 Damasus,
3133 1952 3449 2026 epiSCOpus
3479 1957 3675 2014 Romze

2030 2038 2099 2093 ad
2125 2039 2269 2094 hanc
2294 2039 2645 2109 legationem
2678 2040 3064 2111 peragendam
3097 2041 3422 2113 ordinatus,
3446 2042 3677 2102 litteras

2031 2127 2373 2198 apostolicae
2404 2126 2563 2184 sedis
2585 2127 2783 2185 attulit
2812 2128 3175 2201 principibus
3205 2132 3577 2204 Francorum,
3613 2138 3676 2191 ut

2032 2216 2363 2287 reciperent
2385 2231 2581 2286 regem
2606 2233 2769 2274 suum
2800 2218 3172 2275 Ludovicum.
3204 2219 3325 2290 (fol.
3360 2223 3475 2293 67.)
3509 2223 3674 2289 Quod

2031 2304 2075 2361 si
2110 2304 2524 2376 neglexissent,
2551 2312 2609 2362 et
2630 2320 2760 2362 eum
2793 2307 3044 2378 amplius
3073 2308 3371 2365 hostiliter
3403 2312 3672 2383 persequi

2030 2392 2372 2463 voluissent,
2397 2394 3019 2451 excommunicationis
3042 2395 3451 2456 interminatus
3475 2404 3565 2456 est
3594 2400 3677 2457 ul-

2034 2479 2264 2535 tionem.
2302 2480 2497 2549 Legati
2543 2481 2718 2537 etiam
2768 2481 3072 2538 Remensis
3124 2482 3390 2541 ecclesiae
3436 2487 3676 2543 Romam

2031 2568 2193 2624 missi
2229 2568 2531 2625 redierunt
2562 2568 2763 2625 eadem
2796 2570 3139 2641 referentes,
3166 2576 3231 2627 ut
3258 2578 3392 2629 ante
3425 2574 3675 2631 natalem

2031 2656 2252 2712 Domini
2301 2672 2405 2713 rex
2436 2657 2507 2713 ab
2536 2657 2622 2715 eis
2662 2657 3027 2729 reciperetur
3074 2659 3182 2715 sub
3229 2661 3677 2719 comminatione

2032 2745 2440 2817 anathematis,
2476 2747 2573 2818 qui
2607 2752 2665 2803 et
2695 2746 2932 2819 pallium
2967 2748 3190 2818 Hugoni
3221 2763 3251 2805 a
3277 2749 3414 2806 sede
3447 2756 3679 2823 aposto-

2031 2833 2140 2891 lica
2173 2833 2530 2891 detulerunt.
2560 2835 2887 2892 Ludovicus
2912 2835 3091 2906 igitur
3113 2837 3342 2894 obviam
3374 2840 3675 2909 profectus

2033 2923 2242 2979 Othoni
2264 2923 2407 2993 regi,
2435 2923 2747 2980 amicitiam
2775 2924 3043 2980 ﬁrmavit.
3066 2925 3218 2981 Otho
3239 2940 3470 2997 quoque
3487 2929 3677 2999 Hugo-

2032 3026 2159 3068 nem
2182 3013 2446 3082 Magnum
2471 3013 2593 3082 regi
2621 3010 2916 3068 conciliat.
2951 3014 3068 3069 Hoc
3091 3028 3239 3069 anno
3264 3014 3509 3072 domnus
3529 3017 3672 3087 Odo,

2031 3099 2384 3157 venerabilis
2418 3100 2733 3157 multorum
2770 3100 3253 3158 monasteriorum
3286 3107 3673 3175 restaurator,

2032 3204 2161 3246 cum
2195 3188 2439 3246 multum
2471 3189 2802 3245 laborasset
2834 3189 2889 3245 in
2921 3190 3316 3262 componenda
3348 3206 3488 3263 pace
3520 3193 3676 3249 inter

2031 3279 2328 3348 nugonem
2372 3293 2565 3350 regem
2605 3277 2787 3334 Italia;
2819 3281 2874 3333 et
2908 3277 3241 3336 Albericum
3284 3281 3674 3338 Romanorum

2034 3367 2365 3439 patricium,
2410 3367 2556 3424 obiit
2598 3366 2860 3437 Turonis,
2907 3366 3292 3440 sepultusque
3323 3372 3410 3426 est
3444 3369 3517 3425 ad
3549 3384 3677 3427 san-

2033 3459 2191 3513 etum
2224 3457 2551 3527 Martinum,
2576 3461 2635 3512 et
2658 3457 2944 3514 successit
2965 3457 3017 3512 ei
3036 3457 3379 3514 Heimardus
3400 3458 3489 3515 vir
3509 3440 3683 3516 vene:

2034 3546 2271 3602 randus.
2316 3545 2471 3601 Tunc
2512 3544 2616 3601 fuit
2663 3545 2842 3600 fames
2887 3558 3094 3615 magna
3133 3559 3237 3617 per
3278 3547 3577 3603 Franciam
3617 3551 3676 3605 et

2032 3633 2442 3703 Burgundiam.
3108 3646 3111 3647 '

2105 3724 2268 3778 Anno
2291 3721 2361 3777 ab
2385 3720 2496 3778 inc.
2522 3720 2682 3776 Dom.
2718 3722 2841 3791 943,
2876 3719 3200 3778 Willelmus
3231 3721 3490 3780 Rollonis
3522 3723 3676 3781 ﬁlius

2032 3811 2267 3867 occisus
2314 3814 2426 3881 est,
2470 3814 2528 3865 et
2572 3809 2896 3867 Richardus
2954 3810 3176 3881 primus
3225 3812 3527 3878 successit,
3579 3813 3674 3884 qui

2032 3898 2441 3954 Normanniam
2488 3896 2640 3953 dono
2682 3897 2837 3968 regis
2866 3896 3140 3956 Ludovici
3190 3899 3462 3957 obtinuit.
3516 3903 3678 3972 Hugo

2032 3988 2268 4056 Magnus
2301 3984 2648 4049 Normannis
2670 3984 2741 4041 ad
2765 3985 3163 4056 paganismum
3188 3987 3403 4041 reverti
3435 3987 3677 4042 volenti-

2033 4075 2143 4131 bus
2201 4073 2603 4144 congreditur,
2640 4076 2699 4129 et
2740 4087 2809 4129 eo
2841 4088 2991 4128 anno
3051 4072 3300 4129 ducatus
3360 4075 3613 4131 Francize
3645 4090 3674 4130 a

2034 4162 2326 4221 Ludovico
2354 4160 2696 4219 conceditur
2724 4161 2795 4216 ei.
2836 4162 2995 4217 Anno
3034 4161 3301 4232 sequenti
3335 4163 3677 4221 lleribertus

2033 4251 2197 4308 obiit.
2222 4250 2347 4306 Filii
2372 4251 2518 4322 ejus,
2537 4248 2930 4305 mediantihus
2944 4249 3166 4305 Othone
3180 4249 3326 4306 duce
3343 4250 3677 4307 Lotharien-

262 4366 399 4406 cum
435 4348 681 4407 Artaldo
712 4349 1013 4421 episcopo,
1056 4347 1308 4405 transito
1343 4351 1542 4404 Axona
1579 4346 1752 4404 fluvio
1785 4347 1923 4402 Lau-
1951 4340 2003 4399 D
2034 4340 2181 4396 sium
2215 4344 2274 4395 et
2305 4338 2669 4395 Adalberone
2716 4337 2997 4409 episcopo
3043 4338 3310 4396 Mettensi
3350 4342 3409 4394 et
3441 4340 3677 4410 Ilugone

264 4439 486 4495 dunum
522 4437 822 4509 tendente,
859 4440 1022 4507 [Iugo
1054 4452 1183 4494 cum
1209 4437 1332 4493 suis
1354 4436 1562 4492 relicta
1596 4435 1919 4505 obsidione,

266 4527 485 4585 Othoni
537 4526 660 4597 regi
706 4526 933 4583 obviam
979 4525 1451 4597 proﬁciscuntur,
1488 4529 1548 4581 et
1588 4525 1639 4582 ei
1678 4538 1740 4580 se
1772 4538 1925 4580 com-

265 4617 534 4672 mittunt.
553 4614 658 4681 Qui
680 4614 950 4670 lleinrico
972 4614 1134 4670 fratri
1154 4630 1261 4671 suo
1286 4628 1524 4684 regnum
1548 4611 1922 4669 Lothariense

267 4703 665 4774 committens,
699 4718 828 4759 cum
861 4702 1221 4759 diversarum
1252 4701 1513 4772 gentium
1548 4699 1923 4756 multitudine

266 4792 625 4849 Ludovicum
668 4792 725 4848 in
761 4791 1147 4862 Burgundiam
1202 4789 1671 4861 proﬁciscentem
1725 4802 1926 4859 prose-

267 4882 493 4953 quitur,
528 4881 752 4938 habens
783 4896 976 4938 secum
1009 4879 1359 4949 Conradum,
1385 4877 1614 4934 Rodulﬁ
1647 4877 1802 4947 regis
1831 4878 1926 4933 Ju-

268 4970 467 5027 rensis
520 4970 724 5040 ﬁlium,
778 4985 944 5040 quem
997 4968 1212 5025 dudum
1263 4966 1396 5024 dolo
1446 4970 1683 5039 captum
1727 4981 1923 5022 secum

269 5060 594 5129 retinebat,
617 5064 675 5115 et
699 5057 1415 5129 obsidibusaquibusdam
1443 5059 1700 5128 acceptis
1723 5054 1793 5110 ad
1820 5069 1925 5111 sua

270 5148 616 5205 revertitur.

342 5242 510 5294 Anno
568 5237 639 5292 ab
696 5235 807 5292 inc.
872 5236 1024 5292 Dom.
1089 5234 1189 5292 941
1240 5232 1546 5290 Remensis
1602 5232 1925 5290 dioeceseos

270 5326 539 5398 episcopi
573 5322 986 5382 convenientes
1008 5322 1162 5396 apud
1188 5322 1566 5380 Suessioncm
1590 5321 1646 5376 in
1669 5319 1925 5378 ecclesia

274 5419 615 5471 sanctorum
650 5411 895 5484 Crispini
919 5416 975 5469 et
1002 5410 1351 5484 Crispiniani
1384 5414 1641 5471 tractant
1667 5409 1738 5466 de
1760 5413 1919 5466 statu

2037 4428 2206 4499 duce,
2228 4443 2258 4484 a
2281 4427 2570 4485 Ludovico
2599 4426 2981 4498 recipiuntur.
3008 4428 3173 4496 Hugo
3196 4441 3263 4484 eo
3286 4432 3489 4485 tenore
3513 4430 3585 4485 ab
3608 4443 3677 4486 eo

2036 4520 2348 4589 susceptus
2367 4520 2483 4588 est,
2508 4520 2567 4573 ut
2593 4516 2644 4571 ei
2670 4514 2825 4573 aliud
2855 4515 3215 4587 episcopium
3244 4517 3674 4588 provideretur,

2036 4606 2278 4663 Artaldo
2319 4607 2599 4662 Remense
2637 4604 3004 4661 redderetur.
3057 4605 3326 4662 Posthaec
3379 4606 3528 4661 Otho
3562 4605 3678 4662 dux

2038 4694 2506 4751 Lothariensium
2525 4692 2690 4763 obiit,
2707 4693 3082 4750 etConradus
3103 4692 3375 4749 ducatum
3400 4692 3672 4750 obtinuit.

2107 4784 2407 4853 Ann0946,
2428 4781 2681 4838 Marinus
2704 4796 2770 4854 pa
2782 4796 2850 4853 pa
2875 4781 3151 4846 decessit,
3167 4786 3222 4836 et
3242 4781 3523 4851 Agapitus
3549 4796 3678 4837 suc-

2035 4871 2248 4940 cessit;
2281 4885 2429 4927 anno
2461 4874 2651 4927 autem
2682 4870 2984 4942 praeterito
3012 4868 3338 4925 Ludovicus
3368 4870 3676 4924 Remorum

2036 4960 2350 5017 obsederat
2377 4959 2597 5030 urbem,
2624 4962 2681 5014 et
2706 4958 2964 5029 acceptis
2988 4956 3291 5012 obsidibus
3306 4969 3336 5011 a
3352 4958 3588 5026 llugone
3608 4957 3677 5013 de

2037 5048 2332 5107 reddenda
2356 5048 2607 5120 ratione,
2624 5046 2694 5104 de
2709 5048 2922 5119 quibus
2937 5046 3425 5117 interrogaretur,
3443 5047 3515 5103 ab
3530 5047 3680 5103 obsi-

2037 5140 2209 5196 dione
2232 5143 2578 5195 recesserat.
2611 5136 2826 5209 [FLon.]
2853 5134 2989 5191 Inde
3008 5134 3329 5191 Rodomum
3355 5137 3675 5207 profectus,

2037 5228 2172 5284 dolo
2204 5232 2414 5299 captus
2441 5231 2531 5284 est
2555 5241 2585 5282 a
2610 5224 2880 5282 ﬁdelibus
2911 5224 3033 5282 suis
3060 5228 3119 5281 et
3150 5223 3255 5281 sub
3284 5225 3551 5282 custodia
3584 5225 3681 5281 de-

2038 5321 2256 5374 tentus.
2285 5316 2452 5386 Ilugo‘
2475 5328 2705 5386 quoque
2722 5313 2905 5371 Italiae
2926 5327 2957 5369 a
2982 5312 3106 5371 suis
3127 5328 3304 5384 regno
3326 5314 3530 5385 pulsus
3554 5318 3677 5381 est;

2036 5405 2129 5463 cui
2161 5404 2452 5462 successit
2473 5402 2784 5460 Lotharius
2807 5401 2964 5460 ﬁlius
2986 5403 3133 5475 ejus,
3167 5402 3388 5473 Hugoni
3412 5417 3551 5459 vero
3569 5403 3678 5457 Ma-
