3950 6048
283 155 394 220 188

1232 149 1596 214 HUGONIS
1636 145 1992 215 ABBATIS
2034 97 2712 212 FLAVINIA'CENSIS

3565 145 3678 210 184

277 297 390 363 gno
408 290 478 348 de
493 289 647 360 regis
669 290 971 366 ereptione
997 289 1322 380 laborante,
1341 290 1492 352 datis
1515 291 1819 352 obsidibus
1841 289 1924 349 di-
1951 276 2008 344 Α
2040 291 2279 363 Agapeti
2304 305 2474 362 anno,
2500 288 2658 362 regni
2683 288 2837 361 regis
2861 287 3107 348 Othonis
3127 293 3214 380 13,
3237 285 3515 380 Ludovici
3539 302 3684 360 quo-

283 382 555 452 mittitur,
590 387 646 438 et
681 387 995 456 susceptus
1027 384 1098 440 ab
1120 399 1188 440 eo
1207 384 1506 441 Tetbaudo
1537 383 1923 441 committitur
1964 395 1968 400 ·

283 472 726 531 Carnotensium
760 473 978 544 comiti,
1005 479 1064 530 et
1087 479 1222 546 post
1243 489 1450 530 annum
1477 489 1654 543 regno
1686 473 1924 530 restitu-

283 569 397 621 tus.
426 563 755 620 Ludovicus
767 567 821 618 et
840 563 978 620 Otto
993 563 1164 620 simul
1179 564 1366 634 juncti
1385 565 1688 620 Remorum
1718 564 1921 620 urbem

283 652 586 708 obsidione
607 652 972 720 circ-nudant,
999 658 1060 708 et
1081 654 1318 722 llugone
1339 653 1611 723 episcopo
1629 653 1807 709 tertio
1824 653 1924 707 ob-

286 741 533 797 sidionis
549 741 640 796 die
659 757 788 796 cum
813 739 934 798 suis
953 755 1212 810 egresso,
1234 741 1526 796 Robertus
1547 741 1923 797 Treverensis

284 835 346 887 ct
379 829 707 886 Fridericus
755 828 1248 898 Moguneiacensis
1297 827 1622 898 Artaldum,
1673 829 1804 900 quia
1839 831 1923 886 sic

288 919 444 976 sedis
475 921 743 974 Romamn
776 917 1098 974 auctoritas
1128 917 1621 988 promulgaverat,
1649 919 1703 974 in
1729 917 1921 974 sedem

288 1009 628 1065 restituunt.

362 1100 523 1153 Anno
557 1096 822 1167 sequenti
854 1095 1086 1166 utrique
1118 1110 1287 1166 reges
1322 1096 1502 1167 Aquis
1535 1096 1742 1167 pascha
1775 1099 1926 1153 cele-

289 1187 475 1241 brant.
531 1185 792 1254 Synodus
825 1183 1173 1240 denunciata
1223 1183 1376 1240 circa
1429 1185 1680 1242 medium
1714 1186 1926 1241 mensis

287 1272 626 1330 Novembris
650 1269 923 1328 Virdunis
940 1276 1024 1328 est
1052 1271 1271 1342 habita,
1296 1272 1644 1342 praesidente
1666 1274 1925 1329 Roberto

285 1362 607 1418 Trevirensi
637 1378 767 1418 eum
811 1360 1052 1417 Artaldo
1091 1361 1383 1430 Remensi,
1427 1362 1774 1431 Berengario
1808 1362 1926 1417 Vir-

287 1451 556 1520 dunensi,
595 1449 866 1506 Odalrico
911 1451 1190 1520 Aquensi,
1234 1449 1597 1507 Adalberone
1637 1451 1922 1519 Mettensi,

289 1541 540 1596 Gosleno
555 1538 826 1607 Tullensi,
844 1537 1204 1594 Hildebaudo
1220 1539 1694 1608 Transrhenensi,
1712 1539 1925 1596 lsraele

2037 395 2146 451 que
2185 387 2264 449 t3,
2300 396 2476 438 causa
2509 380 2885 437 maximarum
2930 379 3358 437 dissensionum
3390 379 3548 436 inter
3577 381 3683 438 Lu-

2035 470 2302 526 dovicum
2346 485 2538 540 regem
2566 474 2626 526 et
2653 471 2951 540 Hugonem
2991 469 3334 541 principem,
3381 469 3534 526 inter
3577 472 3683 526 Ar-

2037 559 2256 616 taldum
2289 574 2520 630 quoque
2560 560 2896 614 Remensem
2941 558 3442 631 archiepiscopum
3475 563 3536 616 et
3565 561 3683 616 Hu-

2032 665 2239 719 gonem
2264 649 2468 705 illicite
2490 649 2876 706 substitutum
2907 649 3266 720 episcOpum,
3293 664 3423 720 quze
3449 653 3682 722 pertur-

2036 740 2314 795 baverant
2347 753 2514 794 omne
2549 753 2786 808 regnum
2819 740 3191 794 Francorum.
3227 738 3310 794 Ad
3342 739 3492 795 hanc
3513 755 3683 810 syno-

2036 827 2167 884 dum
2217 831 2612 884 convenerunt
2664 826 2904 896 triginta
2945 825 3060 883 duo
3091 827 3352 898 episcopi
3387 827 3588 884 Galliae
3619 833 3683 886 et

2035 916 2374 985 Germaniae,
2409 931 2556 985 quos
2588 915 2823 985 dignum
2865 915 3259 984 judicavimus
3291 917 3685 974 subteranno-

2037 1009 2208 1060 tare:
2253 1005 2546 1060 Robcrtus
2587 1003 2969 1073 Trevirensis,
3022 1003 3302 1061 Artaldus
3351 1005 3677 1077 Remensis,

2037 1095 2380 1150 Fred'iricus
2401 1093 2912 1163 Mogonciacensis,
2936 1093 3256 1162 Wigfridus
3283 1093 3678 1165 Coloniensis,

2038 1181 2410 1238 Adaldochus
2448 1181 3014 1250 ﬂammaburgensis,
3060 1180 3445 1238 llildeboldus
3485 1183 3685 1239 Mimo-

2035 1269 2576 1339 garnorverdensis,
2599 1269 2881 1325 Goslenus
2895 1267 3206 1338 Tullensis,
3231 1268 3522 1326 Adalbero
3544 1271 3684 1326 Met-

2037 1359 2242 1429 tensis,
2278 1359 2662 1426 Berengarius
2694 1357 3096 1425 Virdunensis,
3139 1357 3453 1414 Fulbertus
3485 1358 3687 1415 Came-

2037 1447 2316 1516 racensis,
2339 1447 3054 1511 Rodulfuslaudunensis,
3075 1446 3294 1502 Richoo
3311 1449 3687 1504 Wormacen-

2039 1536 2142 1604 sis,
2176 1535 2554 1592 Reimboldus
2593 1535 2903 1607 Spirensis,
2939 1537 3138 1606 Poppo
3167 1535 3682 1606 Wirsiburgensis,

291 1628 870 1698 Brittone,praesente
890 1627 1382 1683 Brunoneabbate
1398 1628 1575 1682 fratre
1591 1628 1744 1696 regis
1761 1627 1928 1682 Otho-
1954 1633 2010 1694 Β
2040 1623 2381 1681 Chonradus
2419 1623 2903 1692 Constantiensis,
2947 1623 3232 1680 Odericus
3273 1624 3684 1695 Augustensis,

288 1716 396 1781 nis,
433 1715 730 1785 Agcnoldo
752 1720 809 1771 et
843 1715 1104 1785 Odilone,
1137 1731 1264 1771 cum
1299 1715 1428 1771 aliis
1462 1715 1808 1786 quibusdam
1841 1731 1930 1771 ve-

291 1805 651 1861 nerabilibus
682 1804 1009 1861 abbatibus.
1048 1805 1310 1875 Synodus
1337 1809 1529 1860 autem
1560 1804 1684 1862 haec
1715 1806 1788 1861 ob
1819 1806 1928 1860 hoc

290 1893 531 1949 Virdnni
556 1893 903 1949 dcnunciata
928 1894 1054 1963 fuit,
1078 1893 1244 1949 utsic
1263 1891 1452 1948 saltim
1474 1893 1782 1950 interesset
1803 1908 1930 1948 con-

292 1983 490 2038 ventui
516 1982 924 2053 episcoporum
951 1983 1228 2052 prmfatus
1247 1981 1628 2038 Virdunensis
1649 1983 1930 2051 Bcrenga-

292 2070 436 2139 rius,
469 2070 634 2139 cujus
665 2073 824 2126 tanta
857 2075 1018 2126 esset
1055 2070 1397 2138 auctoritas,
1432 2073 1492 2126 ut
1523 2069 1818 2141 inprobari
1850 2068 1931 2126 vi-

279 2143 552 2225 deretur,
571 2159 722 2230 quod
737 2159 1223 2216 constantissimae
1247 2157 1574 2214 nobilitatis
1591 2157 1718 2227 ejus
1734 2161 1932 2213 auten-

294 2248 406 2303 tiea
452 2248 764 2318 praesentia
814 2263 925 2302 non
978 2249 1376 2303 roboraretur.
1433 2247 1516 2303 Ad
1569 2261 1739 2316 quam
1772 2248 1930 2314 llugo

293 2341 571 2392 evocatus
591 2335 868 2392 missisad
885 2351 1014 2392 eum
1031 2335 1432 2391 deducendum
1447 2335 1745 2406 episcopis
1767 2334 1934 2390 Adal-

293 2423 511 2480 berone
535 2428 592 2478 et
617 2423 882 2493 Gosleno,
915 2425 1115 2479 venire
1147 2421 1354 2480 noluit.
1380 2423 1658 2480 Universa
1683 2437 1822 2478 vero
1845 2439 1934 2492 sy-

293 2513 480 2569 nodus
513 2513 755 2568 Artaldo
788 2515 1070 2570 Remense
1115 2512 1406 2583 adjudicat
1459 2512 1840 2584 episcOpium,
1875 2514 1932 2568 et

297 2601 508 2656 iterum
541 2601 817 2658 indicitur
850 2601 1103 2671 synodus
1137 2602 1334 2658 Idibus
1369 2601 1648 2670 Januarii,
1681 2615 1808 2671 quae
1839 2599 1933 2656 die

297 2693 519 2744 statuta
550 2689 844 2744 celebrata
884 2694 969 2745 est
1007 2689 1060 2743 in
1094 2689 1340 2745 ecclesia
1381 2689 1566 2746 sancti
1606 2688 1765 2744 Petri
1799 2693 1934 2745 ante

297 2782 674 2847 prospectum
697 2776 876 2831 castri
897 2777 1176 2832 Mosomia
1192 2777 1400 2832 domno
1423 2777 1678 2832 Roberto
1700 2777 1936 2833 ceteris-

299 2879 409 2933 que
440 2864 802 2920 Trevirensis
835 2865 1159 2922 dioeceseos
1187 2865 1478 2938 episcopis
1505 2867 1562 2922 et
1587 2863 1932 2935 quibusdam

297 2952 615 3052 Bernensis.
652 2953 939 3052 Adqualn
977 2953 1210 3052 veniens
1250 2956 1414 3024 llugo
1459 2952 1644 3052 noluit
1685 2953 1930 3052 ingredi,
1966 2989 2014 3052 Ο

300 3041 402 3096 sed
425 3041 652 3098 litteras
676 3041 832 3097 misit
851 3041 960 3098 sub
985 3042 1214 3099 nomine
1239 3041 1480 3114 Agapeti
1505 3057 1672 3114 papae
1693 3056 1798 3114 per
1821 3041 1936 3098 cle-

301 3129 482 3186 ricum
531 3145 717 3195 suum,
752 3130 848 3200 qui
881 3146 982 3188 eas
1013 3133 1190 3188 Roma
1225 3132 1536 3202 detulerat,
1570 3133 1676 3188 hoc
1708 3135 1934 3188 tantum

301 3217 687 3287 continentes,
709 3223 768 3272 ut
790 3219 841 3273 ei
864 3221 1143 3275 Remensc
1177 3219 1525 3275 redderetur
1554 3219 1934 3291 episcopium.

303 3305 425 3371 (fol.
447 3304 577 3374 67’.)
603 3306 745 3372 Quia
770 3322 908 3362 vero
930 3309 1222 3364 Robertus
1238 3308 1620 3377 Trevirensis,
1639 3307 1939 3364 deferente

301 3391 608 3448 Frederico
624 3395 1083 3463 Mogunciacensi
1107 3410 1301 3452 coram
1327 3395 1564 3465 regibus
1577 3396 1942 3468 etepiscopis

303 3478 498 3534 Galliae
514 3483 570 3533 et
585 3480 902 3537 Germaniae
919 3481 1248 3538 mandatum
1270 3482 1577 3553 legationis
1601 3484 1941 3556 apostolica)

305 3570 664 3638 susceperat,
680 3571 739 3623 et
754 3571 976 3640 partem
995 3570 1400 3642 jussionisjam
1416 3572 1774 3643 expleverat,
1791 3589 1944 3630 cem-

303 3655 457 3710 muni
494 3655 730 3711 decreto
755 3657 1040 3715 sancitum
1065 3663 1154 3714 est
1181 3665 1244 3715 ut
1267 3662 1416 3730 quod
1454 3661 1804 3731 regulariter
1835 3678 1944 3718 cce-

306 3748 465 3814 ptum
501 3744 708 3813 fuerat,
737 3746 1019 3802 canonice
1047 3753 1530 3818 pertractaretur.
1559 3749 1766 3820 Sicque
1799 3749 1944 3806 reei-

307 3835 428 3887 tato
449 3832 710 3902 capitulo
737 3831 802 3888 19
825 3828 1300 3904 Carthaginensis
1321 3838 1552 3894 concilii
1575 3839 1645 3896 de
1669 3843 1942 3896 accusato

303 3926 363 3976 et
393 3927 756 3992 accusatore,
780 3924 1099 3982 secundum
1127 3925 1310 3998 ipsius
1330 3927 1572 3998 capituli
1595 3929 1942 3986 sententiam

303 4009 610 4066 diffinitiun
635 4015 728 4067 est
751 4016 812 4068 ut
838 4013 1078 4070 Artaldo
1107 4016 1448 4073 Remensem
1484 4023 1716 4074 tenente
1748 4031 1946 4090 parro-

303 4099 492 4156 chiam
522 4101 683 4169 llugo
706 4115 736 4156 a
759 4103 1163 4160 communione
1193 4109 1255 4160 et
1285 4106 1563 4176 regimine
1595 4106 1940 4177 abstineret,

306 4187 489 4246 donec
513 4189 581 4244 ad
607 4188 990 4246 universalem
1014 4193 1298 4262 synodum
1319 4193 1588 4252 Kalendis
1610 4195 1854 4266 Augusti
1879 4209 1943 4250 se

306 4281 664 4349 purgaturus
698 4284 1053 4336 occurreret.
1099 4279 1263 4347 Quod
1305 4283 1622 4354 capitulum
1657 4285 1714 4340 in
1738 4284 1943 4341 charta

2038 1712 2362 1769 Tethardus
2377 1712 2922 1782 lIildinehemensis,
2941 1712 3274 1768 Bernardus
3289 1712 3691 1770 Alfursteden-

2041 1802 2136 1872 sis,
2163 1802 2324 1858 Dudo
2348 1801 2910 1872 Paderhrunnensis,
2935 1800 3289 1857 Farabertus
3306 1801 3684 1872 Tungrensis,

2041 1890 2354 1963 Lioptacus
2373 1889 2746 1958 Ribunensis,
2763 1888 3004 1944 Michael
3027 1888 3511 1960 Radisponcnsis,
3537 1889 3690 1945 Dod-

2041 1979 2115 2035 do
2130 1978 2658 2048 Osneburggensis,
2673 1977 2874 2034 Everis
2889 1977 3224 2046 Mindensis,
3244 1977 3690 2034 BaldricusTra-

2034 2067 2336 2136 jectensis,
2356 2065 2642 2122 Heroldus
2669 2064 3130 2136 Saleburgensis,
3157 2065 3514 2122 Adalbertus
3548 2067 3691 2122 Baz-

2041 2156 2288 2222 soensis,
2333 2155 2730 2210 Starehannus
2771 2154 3136 2225 Eistetensis,
3181 2155 3399 2211 Horath
3446 2153 3692 2210 Sleowi-

2039 2243 2253 2313 censis,
2287 2242 2632 2299 Wiehardus
2676 2241 3034 2312 Basiliensis,
3085 2243 3316 2300 Liefdac
3348 2243 3685 2314 Ripuensis.

2043 2333 2164 2397 (fol.
2200 2332 2313 2403 68.)
2347 2331 2766 2388 Residentibus
2797 2347 2938 2400 ergo
2956 2331 3044 2388 his
3065 2331 3420 2404 praesulibus
3453 2332 3509 2387 in
3544 2347 3694 2404 prae-

2043 2421 2198 2478 dicta
2213 2419 2462 2478 ecclesia
2489 2423 2623 2492 post
2649 2420 2983 2491 praemissas
3008 2420 3545 2492 precessecundum
3560 2435 3695 2478 con-

2044 2511 2410 2568 suetudinem
2432 2509 2766 2566 celebrandi
2789 2509 3042 2582 concilii,
3063 2515 3122 2566 et
3145 2509 3583 2581 postlectiones
3607 2526 3695 2567 sa-

2044 2615 2159 2656 crze
2178 2599 2575 2670 auctoritatis,
2599 2599 2882 2669 ingressis
2903 2598 3180 2669 gloriosis
3197 2599 3436 2670 regibus
3459 2599 3692 2657 Othone

2045 2694 2101 2744 et
2139 2689 2428 2746 Ludovico
2457 2691 2514 2744 et
2549 2686 2716 2745 simul
2756 2687 3172 2760 residentibus,
3211 2695 3346 2761 post
3381 2688 3694 2746 allocutio-

2047 2791 2174 2833 nem
2199 2778 2398 2834 Marini
2421 2777 2580 2834 sedis
2603 2777 2942 2850 apostolica:
2968 2777 3164 2848 legati,
3191 2791 3438 2848 surgens
3459 2793 3562 2836 rex
3583 2780 3694 2838 Lu-

2047 2867 2288 2939 devicus
2320 2882 2349 2922 a
2383 2866 2567 2923 latere
2599 2872 2657 2923 et
2686 2881 2968 2924 consessu
2999 2867 3194 2922 domui
3226 2866 3474 2923 Othonis
3505 2868 3687 2939 regis,

2047 2955 2525 3028 proclamationis
2555 2971 2676 3012 suae
2709 2955 3125 3027 querimoniam
3156 2953 3456 3027 propalam
3487 2970 3689 3012 coram

2048 3044 2240 3115 legato
2257 3045 2592 3116 ceterisque
2617 3043 3064 3102 considentibus
3086 3044 3384 3116 episcopis
3405 3045 3695 3116 referens,

2049 3133 2301 3206 qualiter
2325 3134 2648 3191 accersitus
2669 3134 2792 3190 sita
2809 3133 3216 3191 transmarinis
3234 3133 3570 3205 regionibus
3589 3148 3697 3206 per

2049 3223 2278 3293 legatos
2309 3222 2569 3293 Hugonis
2591 3227 2648 3278 et
2677 3221 3002 3294 principum
3034 3223 3292 3280 Francia;
3315 3224 3386 3280 ad
3408 3223 3702 3296 accipien-

2050 3309 2183 3366 dum
2205 3315 2462 3382 paternae
2483 3309 2847 3367 haereditatis
2870 3325 3132 3381 regnum,
3159 3314 3216 3366 et
3235 3315 3580 3368 cunctorum
3604 3327 3702 3369 vo-

2049 3399 2128 3456 tis
2140 3403 2199 3454 et
2213 3397 2734 3456 acclamationibus
2755 3404 3138 3456 consecratus
3151 3399 3221 3456 ad
3235 3399 3458 3472 apicem
3478 3401 3699 3472 regalis

2052 3487 2464 3544 moderaminis
2485 3487 2883 3556 obtinendum,
2909 3491 3110 3558 postea
3134 3503 3272 3544 vero
3294 3488 3368 3544 sit
3393 3504 3421 3544 a
3448 3491 3698 3560 praefato

2052 3579 2290 3646 llugone
2331 3575 2483 3631 dolis
2521 3575 2841 3648 appetitus,
2874 3579 2932 3632 et
2967 3577 3445 3648 comprehensus,
3485 3582 3544 3632 et
3577 3594 3697 3650 per

2055 3679 2262 3722 annum
2293 3665 2584 3735 integrum
2617 3665 2724 3720 sub
2753 3663 3022 3721 custodia
3057 3665 3352 3722 detentus.
3378 3667 3456 3722 De
3483 3667 3701 3737 quibus

2051 3755 2324 3810 omnibus
2356 3753 2524 3810 malis
2554 3753 2601 3809 si
2635 3753 2766 3824 quis
2794 3753 3080 3823 objiceret
3110 3754 3266 3825 quod
3296 3755 3386 3812 sui
3423 3755 3700 3814 facinoris

2053 3857 2228 3899 causa
2263 3841 2375 3899 ista
2403 3841 2592 3898 omnia
2625 3855 2937 3914 perpessus
2965 3845 3148 3911 esset,
3175 3841 3306 3898 inde
3329 3857 3389 3899 se
3414 3843 3580 3914 juxta
3607 3859 3700 3916 sy-

2053 3930 2260 3988 nodale
2279 3930 2560 4002 judicium
2574 3929 2802 4000 etregis
2819 3930 3065 3987 Othonis
3090 3931 3536 4002 praeceptionem
3562 3948 3700 4004 pur-

2052 4024 2240 4091 garet,
2261 4024 2362 4077 aut
2379 4019 2696 4076 certamine
2716 4019 2998 4089 singulari
3021 4018 3382 4076 defenderet.
3406 4021 3545 4076 Post
3568 4021 3696 4080 haec

2055 4107 2332 4165 Artaldus
2353 4106 2655 4164 Remensis
2677 4107 2823 4162 dixit
2848 4121 3084 4163 causam
3108 4107 3230 4164 litis
3253 4107 3406 4165 inter
3423 4108 3611 4181 ipsum
3635 4114 3699 4166 et

2055 4199 2347 4266 Ilugonem
2372 4195 2576 4252 illicite
2599 4195 2709 4252 sibi
2731 4195 3118 4252 substitutum
3140 4196 3500 4270 episcopum.
3538 4199 3700 4268 lnge-

2057 4291 2186 4342 stus
2206 4285 2401 4356 itaque
2425 4284 2656 4356 quidam
2677 4285 2936 4354 Hugonis
2953 4283 3205 4342 clericus
3217 4284 3417 4341 attulit
3443 4285 3696 4356 litteras,

305 4365 688 4436 descriptum,
711 4370 770 4422 et
794 4367 844 4422 ei
872 4368 1110 4426 missum
1142 4375 1254 4440 est,
1281 4370 1550 4440 adjuncta
1583 4371 1938 4428 deﬁnitione.
1971 4361 2026 4422 D
2055 4388 2326 4431 asserens
2375 4373 2484 4430 sibi
2515 4387 2615 4429 eas
2643 4371 2813 4428 datas
2843 4373 2914 4428 ab
2944 4373 3074 4444 ipso
3119 4373 3340 4430 vicario
3388 4375 3603 4444 Romae,
3639 4390 3698 4430 tn

307 4454 487 4520 Quam
519 4457 748 4523 postera
783 4455 876 4511 die
907 4458 1402 4531 retransmittens,
1437 4460 1730 4521 mandavit
1758 4476 1818 4516 se
1849 4475 1946 4516 ne-

305 4555 593 4613 quaquam
633 4542 1027 4601 obediturum.
1073 4546 1303 4603 Interea
1345 4549 1823 4619 proclamationis
1853 4549 1946 4604 lit-

305 4633 449 4686 tera:
481 4644 510 4685 a
544 4629 754 4686 domno
786 4632 1028 4690 Artaldo
1055 4634 1387 4704 diriguntur
1422 4637 1492 4693 ad
1523 4638 1715 4694 sedem
1745 4640 1947 4694 Roma-

303 4733 453 4774 nam.
490 4719 746 4776 Domnus
775 4718 953 4790 igitur
986 4723 1268 4794 Agapitus
1297 4739 1440 4797 papa
1467 4725 1746 4782 vicarium
1780 4741 1944 4782 suum

305 4806 584 4863 Marinum
611 4807 948 4880 episcopum
977 4810 1156 4866 mittit
1182 4813 1252 4868 ad
1279 4813 1559 4871 Othonem
1591 4829 1784 4885 regem
1818 4829 1948 4886 pro-

308 4897 438 4964 pter
487 4897 911 4965 aggregandam
965 4899 1296 4968 generalem
1356 4903 1658 4972 synodum.
1713 4903 1946 4960 Littera:

309 4995 541 5051 quoque
591 4983 780 5054 ipsius
828 4987 1132 5057 speciatim
1184 4988 1376 5046 missa
1418 4994 1553 5046 sunt
1601 4991 1947 5062 quibusdam

309 5067 510 5124 Galliae
541 5072 600 5124 et
641 5071 961 5130 Germania
997 5075 1311 5149 episcopis,
1354 5082 1415 5134 ut
1457 5081 1835 5137 convenirent
1875 5083 1946 5138 ad

305 5157 547 5214 eandem
579 5161 878 5228 synodum.

376 5248 704 5318 Aggregata
724 5253 813 5305 est
835 5265 974 5321 ergo
999 5253 1278 5324 praedicta
1312 5257 1564 5326 synodus
1595 5259 1650 5315 in
1684 5259 1949 5330 Engilen-

306 5333 456 5390 heim
479 5332 698 5406 palatio
720 5337 900 5406 regali
917 5337 969 5392 in
985 5339 1234 5398 ecclesia
1260 5343 1447 5400 sancti
1472 5345 1737 5418 Remigii,
1755 5352 1789 5402 7
1805 5345 1948 5404 ldus

303 5422 476 5494 Junii,
511 5438 559 5479 a.
606 5427 729 5495 948,
780 5424 1098 5483 indictione
1129 5433 1182 5501 6,
1226 5431 1405 5488 tertio
1455 5438 1705 5504 papatus
1753 5435 1947 5491 domui

2058 4463 2270 4534 quibus
2303 4461 2586 4534 scriptum
2609 4465 2736 4518 erat
2761 4460 2916 4532 quod
2937 4461 3132 4518 cuncti
3161 4461 3464 4518 Remensis
3484 4461 3702 4518 dioece-

2057 4567 2191 4609 seos
2211 4551 2472 4624 episcopi
2492 4565 2598 4622 pro
2617 4551 3051 4607 restauratione
3071 4551 3330 4621 Hugonis
3349 4550 3582 4607 easdem
3602 4550 3701 4608 lit-

2056 4647 2216 4698 teras
2246 4641 2438 4696 Romze
2477 4637 2834 4694 direxerant.
2873 4638 3031 4704 Quod
3067 4653 3200 4694 mox
3232 4640 3560 4696 refutarunt
3595 4643 3702 4696 Ar-

2057 4729 2252 4786 taldus
2283 4727 2585 4786 Bernensis
2615 4730 2669 4784 et
2703 4726 3015 4784 Fulbertus
3034 4727 3470 4784 Cameracensis
3498 4731 3557 4784 et
3589 4729 3702 4786 Ro-

2059 4817 2273 4888 dulfus,
2293 4817 2388 4888 qui
2405 4818 2461 4873 in
2475 4817 2693 4874 eisdem
2708 4815 2928 4872 litteris
2943 4815 3704 4888 nominabantur,astruen-

2058 4907 2149 4960 tes
2173 4902 2326 4975 quod
2343 4918 2441 4959 eas
2463 4917 2754 4974 nunquam
2778 4905 2942 4958 antea
2964 4901 3382 4959 audieruntvel
3403 4901 3701 4974 viderunt,

2059 5006 2244 5064 neque
2267 4991 2324 5046 in
2345 5006 2544 5048 earum
2573 4991 2939 5061 delegatione
2971 5006 3274 5048 assensum
3298 4991 3702 5064 praebuerunt.

2056 5083 2372 5152 Postquam
2391 5094 2532 5150 ergo
2553 5079 2784 5137 delator
2799 5079 2951 5136 idem
2973 5079 3205 5151 publice
3225 5081 3570 5137 confutatus
3589 5084 3706 5152 est,

2059 5168 2377 5226 secundum
2395 5167 2677 5240 judicium
2696 5181 2980 5224 canonum
3004 5168 3347 5224 diaconatus
3366 5183 3481 5239 quo
3505 5169 3707 5238 funge-

2059 5257 2234 5315 batur
2263 5256 2451 5314 oﬂlcio
2484 5255 2786 5327 multatus,
2814 5271 2844 5312 a
2869 5270 3150 5312 consessu
3181 5255 3386 5328 synodi
3417 5257 3710 5314 abscessit

2057 5346 2429 5418 reprobatus.
2454 5343 2695 5402 Artaldo
2721 5344 2900 5415 igitur
2920 5343 3159 5417 praesuli
3177 5345 3458 5403 Remense
3479 5346 3708 5418 episco-

2061 5435 2215 5507 pium
2255 5433 2650 5505 adjudicatum
2679 5437 2770 5491 est
2795 5435 2964 5505 juxta
3002 5445 3288 5492 canonum
3331 5434 3600 5492 instituta
3641 5441 3701 5492 et
