3950 6048
123 177 233 241 185

1379 176 1878 243 ΟΗΗΠΝΙΟΟΝ.
1914 213 1990 224 -
2023 177 2175 240 LIB.
2218 177 2260 240 1.

3420 175 3536 240 186

120 317 462 376 sanctorum
493 319 727 392 patrum
760 313 1020 377 decreta.
1061 313 1322 378 Secunda
1365 317 1650 380 sessionis
1683 319 1778 380 die
1807 315 1862 380 A
1901 321 2177 380 mundum
2199 335 2314 380 non
2337 331 2466 380 esse
2491 335 2636 388 :non
2662 317 2906 380 timebat
2930 324 3272 394 egestatem,
3297 320 3429 396 quia
3451 319 3538 380 ni-

122 407 508 479 suggestione
541 409 782 465 Roberti
813 409 1172 468 Trevirensis
1205 413 1262 465 et
1298 410 1629 481 Berengarii
1655 411 1779 466 Vir-

120 495 410 553 dunensis
437 497 492 553 in
514 499 808 568 Hugonem
831 499 1135 554 Remensis
1159 500 1317 555 sedis
1343 500 1670 556 invasorem
1689 516 1779 570 sy-

120 585 334 642 uodale
355 590 665 657 peractum
687 586 1100 655 estjudicium.
1129 589 1266 642 Nam
1300 588 1619 644 secundum
1651 603 1781 644 sau-

119 677 350 730 ctorum
386 673 658 730 instituta
688 689 994 746 canonum,
1030 676 1268 731 decreta
1303 680 1533 747 patrum
1582 677 1780 733 beato-

121 777 245 818 rum
282 763 457 832 Sixti,
481 763 816 833 Alexandri,
844 764 1184 834 Innocentii,
1209 765 1442 836 Zosimi,
1477 766 1776 837 Bonifacii,

121 849 446 921 Caelestini,
474 852 700 922 Leonis,
723 852 1044 922 Symmachi
1079 855 1136 906 et
1169 858 1518 910 czeterorum
1550 869 1782 909 excom-

121 939 578 996 municaverunt
611 945 670 995 et
703 954 731 996 a
765 941 989 1010 gremio
1021 941 1224 996 matris
1252 942 1520 999 ecclesiae
1553 942 1782 1012 repule-

122 1033 259 1083 runt
283 1029 653 1098 eum,donec
683 1028 754 1084 ad
785 1029 1188 1100 poenitentiam
1219 1034 1276 1084 et
1302 1030 1532 1098 dignam
1554 1031 1782 1086 veniret

123 1116 611 1173 satisfactionem.
637 1118 880 1174 Caeteris
903 1117 1110 1174 diebus
1134 1118 1334 1188 synodi
1359 1123 1676 1176 tractatum
1691 1123 1782 1174 est

125 1205 194 1261 de
214 1205 1126 1275 incestisconjugiisetecclesiis
1140 1221 1266 1276 qua:
1283 1206 1592 1276 dabantur,
1611 1207 1781 1262 immo

125 1293 536 1350 vendebantur
571 1295 932 1366 presbyteris
967 1295 1021 1349 in
1053 1294 1322 1366 partibus
1346 1295 1687 1366 Germaniae,
1723 1299 1784 1350 et

129 1381 428 1439 dabantur
458 1383 626 1438 laicis
656 1383 884 1454 illicite,
919 1390 978 1438 et
1008 1383 1370 1454 prohibitum
1400 1399 1464 1439 ac
1496 1388 1781 1440 statutum

127 1485 194 1525 ne
224 1471 282 1527 id
317 1472 555 1528 omnino
595 1474 1049 1542 praesumeretur
1085 1471 1156 1526 ab
1197 1473 1412 1542 aliquo.
1447 1475 1781 1529 Tractatum

127 1564 216 1613 est
249 1564 312 1614 et
347 1560 424 1616 de
452 1559 583 1616 aliis
617 1560 816 1616 multis
849 1559 1115 1616 ecclesiae.
1156 1561 1532 1617 utilitatibus.

201 1648 434 1704 Interea
467 1663 570 1704 rex
603 1649 754 1704 Otho
785 1654 1027 1718 rogatus
1065 1664 1094 1704 a
1129 1649 1423 1706 Ludovico
1457 1650 1782 1706 Conradum
1817 1687 1868 1746 Β

127 1735 336 1792 ducem
369 1752 504 1794 cum
535 1738 1018 1794 Lothariensibus
1038 1738 1090 1794 in
1115 1753 1243 1806 ejus
1270 1739 1450 1794 mittit
1475 1739 1784 1805 auxilium,

130 1830 186 1880 et
219 1826 357 1882 dum
391 1831 786 1896 congregatur
833 1826 1151 1896 exercitus,
1183 1826 1462 1884 Artaldus
1524 1831 1788 1884 moratur

128 1928 257 1969 cum
276 1915 646 1984 Trevirense,
667 1929 769 1970 rex
793 1914 1124 1971 Ludovicus
1150 1930 1280 1971 cum
1307 1915 1473 1986 duce,
1500 1915 1790 1972 Rodulfus

131 2002 538 2059 Laudunensis
557 2017 688 2060 cum
723 2003 1014 2058 Alberone
1046 2003 1338 2059 Mettensi.
1365 2004 1671 2060 Exercitus
1696 2004 1793 2058 Lo-

131 2091 517 2148 thariensium
563 2093 874 2148 Mosomum
925 2091 1104 2163 capit,
1138 2096 1196 2148 et
1233 2093 1610 2149 munitionem
1663 2108 1792 2163 quae

129 2181 350 2237 dicitur
379 2183 543 2237 Mons
584 2183 798 2238 acutus
829 2183 968 2236 ante
1007 2181 1342 2238 Laudunum
1393 2181 1573 2252 capit.
1609 2183 1793 2238 Porro

129 2270 392 2342 cpiscOpi
410 2269 822 2326 Lotharienses
846 2271 1184 2327 Laudunum
1208 2270 1474 2340 veniunt,
1494 2273 1790 2339 Hugonem

135 2374 206 2414 ex
242 2363 413 2431 parte
443 2358 646 2415 Marini
676 2365 905 2429 vocant,
933 2365 992 2414 et
1017 2358 1102 2414 sic
1127 2358 1199 2414 ad
1233 2373 1333 2415 sua
1369 2358 1634 2415 redeunt.
1665 2359 1785 2428 (fol.

133 2446 451 2520 68’.)Bugo
471 2463 612 2504 vero
634 2447 909 2520 princeps
932 2446 1358 2504 Suessionicam
1385 2448 1585 2504 urbem
1608 2462 1793 2519 Oppu-

139 2541 302 2606 gnat,
326 2541 574 2592 matrem
595 2535 900 2592 ecclesiam
918 2550 1048 2592 cum
1075 2539 1241 2606 parte
1265 2535 1524 2591 civitatis
1555 2549 1793 2600 succen-

145 2624 326 2694 dit,in
350 2623 625 2680 Remensi
645 2623 947 2681 territorio
969 2623 1142 2680 villas
1162 2639 1291 2679 cum
1315 2623 1642 2680 hominibus
1665 2638 1793 2680 suc-

148 2713 368 2784 cendit,
393 2716 450 2769 et
478 2712 659 2768 multa
693 2713 840 2768 mala
873 2711 1012 2782 agit.
1038 2714 1148 2768 Pro
1174 2711 1388 2783 quibus
1410 2717 1467 2766 ct
1491 2711 1624 2768 aliis
1650 2711 1794 2767 mul-

135 2803 234 2872 tis,
253 2806 319 2858 et
340 2801 479 2873 quia
495 2806 740 2858 vocatus
753 2801 819 2857 ad
846 2801 1159 2858 concilium
1185 2800 1383 2856 venire
1406 2799 1612 2870 noluit,
1629 2815 1659 2856 a
1683 2802 1792 2856 Ma-

141 2891 273 2948 rino
293 2895 352 2946 et
375 2890 508 2947 aliis
529 2889 825 2962 episcopis
849 2889 1104 2946 Francia:
1121 2893 1177 2946 et
1195 2889 1451 2946 Roherto
1462 2889 1791 2945 Trevirensi

143 2980 417 3051 sequenti
463 2978 683 3050 synodo
720 2978 1255 3036 excommunicatur
1295 2979 1450 3049 apud
1499 2977 1788 3034 Treviros.

1893 410 2010 468 chil
2039 411 2285 484 sapienti
2319 411 2522 468 deesse
2555 412 2798 482 sciebat,
2833 415 2890 468 et
2931 412 3024 470 cui
3071 417 3237 470 totus
3283 411 3532 470 mundus

1893 500 2053 556 locus
2084 501 2160 556 sit
2183 501 2536 558 divitiarum.
2567 502 2860 558 Laudabat
2894 501 3080 558 virum
3117 502 3210 572 qui
3245 516 3386 558 auro
3418 515 3536 556 mo-

1893 589 2013 644 veri
2048 589 2322 658 nesciret,
2348 592 2746 661 contemptum
2771 591 3016 646 haberet
3050 590 3404 659 divitiarum,
3435 590 3532 660 qui

1891 677 2054 733 velut
2075 692 2145 732 cx
2169 693 2300 733 arce
2325 677 2568 746 quadam
2594 679 2922 750 despiceret
2939 679 3232 735 hominum
3247 678 3537 750 cupidita-

1893 769 2002 833 tes,
2030 770 2090 820 et
2119 780 2246 821 cum
2272 767 2554 836 propheta
2581 767 2634 821 in
2662 766 2930 824 laudibus
2951 767 3106 824 illius
3128 766 3490 822 exclamabat
3518 785 3530 820 :

1897 853 2042 918 Quis
2063 854 2165 910 est.
2195 854 2479 924 inquiens,
2506 856 2563 910 et
2589 854 2968 912 laudabimus
2994 863 3162 914 eam?
3183 855 3352 913 Fecit
3377 856 3535 912 enim

1888 941 2204 999 mirabilia
2231 943 2293 997 in
2319 943 2446 1000 vita
2467 957 2577 1000 sua
2607 943 2798 1008 (Eccli
2829 959 2978 1012 xxxr,
3008 949 3083 1010 9).
3115 943 3530 1000 Admirandum

1894 1029 2123 1085 dicebat
2157 1031 2252 1100 qui
2287 1031 2520 1087 divitias
2547 1037 2872 1102 sperneret,
2898 1046 3044 1103 quas
3068 1031 3336 1103 plerique
3362 1030 3536 1088 saluti

1894 1119 2144 1189 propriae
2165 1120 2571 1189 praetulerunt.
2591 1120 2926 1176 Declinabat
2949 1121 3274 1191 avaritiam,
3300 1125 3362 1175 et
3381 1119 3535 1176 omni

1895 1207 2088 1263 studio
2106 1207 2446 1263 intendebat
2459 1223 2530 1264 ne
2545 1209 2683 1278 quid
2699 1210 2914 1265 faceret
2929 1209 3532 1278 adversusjustitiam,

1897 1295 1997 1351 sed
2023 1295 2076 1350 in
2103 1297 2371 1352 omnibus
2395 1297 2671 1367 operibus
2691 1298 3018 1354 custodiret
3040 1313 3184 1354 eam.
3203 1297 3540 1366 Redargue-

1898 1383 1996 1438 bat
2027 1383 2453 1454 delinquentes,
2481 1386 2700 1442 nullius
2726 1386 2778 1440 in
2808 1386 3030 1454 judicio
3063 1400 3369 1458 personam
3393 1383 3540 1440 acci-

1897 1471 2114 1542 piebat,
2139 1473 2325 1541 gratia
2352 1474 2575 1543 aberat,
2599 1489 2906 1530 causarum
2932 1475 3140 1529 merita
3161 1472 3540 1538 decernebat,

1897 1560 2303 1628 gravissimum
2331 1561 2601 1630 judicans
2659 1578 2970 1633 pauperem
3029 1563 3395 1618 innocentem
3451 1575 3540 1616 ar-

1898 1662 2097 1718 guere,
2126 1649 2361 1704 divitem
2393 1665 2673 1707 excusare
2706 1666 2867 1707 reum
2901 1650 3107 1722 culpae.
3131 1653 3189 1705 In
3213 1663 3386 1706 causa
3417 1647 3538 1716 Dei,

1903 1735 1998 1791 ubi
2031 1738 2454 1794 communionis
2486 1739 2809 1808 periculum
2853 1743 3114 1808 noverat,
3149 1738 3322 1795 etiam
3375 1735 3543 1792 dissi-

1903 1823 2123 1880 mulare
2156 1833 2457 1897 peccatum
2491 1827 2724 1883 diccbat
2753 1843 2862 1883 non
2895 1827 3020 1884 leve
3047 1845 3062 1894 ;
3095 1823 3538 1882 commendabat

1903 1913 2055 1968 omni
2077 1914 2390 1971 sedulitate
2411 1916 2900 1972 existimationem
2925 1930 3106 1986 suam,
3123 1921 3188 1972 ut
3205 1915 3546 1970 obstruere-

1905 2006 2000 2058 tur
2021 2017 2086 2058 os
2118 2005 2370 2068 omnium
2395 2003 2589 2074 iniqua
2613 2003 2772 2074 loqui
2791 2002 3128 2060 volentium.
3156 2001 3546 2073 Spectabatur

1881 2091 1976 2148 .ab
1998 2091 2264 2148 omnibus
2281 2091 2664 2148 admiratione
2677 2091 2978 2162 sapientiae
2991 2095 3050 2146 et
3064 2087 3542 2158 amorejustitize,

1905 2178 2270 2250 prudentiam
2297 2179 2516 2236 habens
2539 2180 2702 2236 vocis
2725 2178 3060 2235 testimonio
3085 2192 3216 2234 reos
3239 2177 3545 2234 confutare

1903 2274 1962 2322 et
1993 2267 2360 2338 convincere,
2378 2269 2667 2338 justitiam
2701 2281 2929 2338 quoque
2957 2271 3234 2324 nocentes
3258 2263 3546 2336 supplicio

1903 2357 2063 2426 dare,
2099 2357 2444 2412 innocentes
2477 2355 2825 2413 subducere.
2854 2355 2937 2410 Ad
2959 2355 3146 2410 omnia
3169 2351 3544 2409 habundabat

1903 2445 2076 2501 animi
2109 2445 2236 2514 ejus
2267 2445 2490 2500 directa
2515 2443 2879 2516 simplicitas,
2905 2443 3177 2499 vincebat
3200 2442 3256 2496 in
3277 2439 3546 2496 omnibus

1902 2534 2182 2604 operibus
2211 2532 2338 2602 ejus
2367 2534 2684 2589 utilitatem
2717 2533 3012 2601 honestas,
3035 2545 3148 2586 non
3181 2529 3546 2584 honestatem

1903 2623 2146 2679 utilitas.
2167 2621 2350 2678 Nichil
2380 2622 2432 2676 in
2455 2637 2524 2677 eo
2551 2625 2675 2678 arte
2697 2618 3168 2691 elicitum,uichil
3193 2621 3322 2674 erat
3345 2616 3547 2673 fraude

1903 2711 2312 2782 compositum,
2365 2711 2518 2780 quod
2565 2713 2793 2766 careret
2842 2708 3049 2764 merito
3125 2703 3542 2778 simplicitatis.

1905 2799 2026 2866 (fol.
2060 2801 2174 2873 69.)
2207 2801 2486 2856 Servabat
2521 2814 2690 2870 quam
2741 2798 2984 2855 maxime
3034 2794 3384 2853 naturaliter
3411 2791 3550 2850 insi-

1900 2893 2020 2945 tam
2053 2888 2164 2945 sibi
2198 2888 2454 2958 regulam
2481 2889 2728 2959 justitiae
2751 2902 2864 2943 non
2888 2885 3185 2943 declinare
3203 2899 3234 2940 a
3256 2897 3416 2952 vero,
3441 2895 3545 2938 vas

1904 2993 2072 3034 suum
2089 2977 2144 3032 in
2161 2977 2477 3034 sanctitate
2495 2976 3184 3048 possidere,honestatem
3199 2973 3427 3044 opibus,
3445 2970 3545 3026 ho-

143 3042 1082 3140 Caeterorumveroepiscoporum
1109 3067 1570 3122 Lotbariensium
1584 3071 1640 3123 et
1659 3065 1794 3123 Ger—
1822 3042 1871 3104 Ο
1904 3067 2168 3136 noribus,
2187 3065 2573 3134 dignitatibus
2597 3065 2906 3136 praeferre;
2933 3061 3109 3118 nichil
3133 3063 3189 3117 in
3213 3074 3275 3116 se
3297 3073 3426 3116 esse
3454 3072 3548 3130 pa-

142 3173 444 3216 manorum
476 3157 674 3215 nullus
706 3157 784 3214 ibi
808 3156 992 3213 affuit.
1020 3156 1244 3223 Quibus
1266 3156 1519 3228 expletis
1540 3155 1792 3212 Marinus

140 3247 306 3304 vadit
336 3245 642 3302 Saxoniam
674 3244 745 3302 ad
779 3245 1284 3302 consecrationem
1335 3244 1649 3301 Vuldensis
1678 3259 1795 3300 mo-

141 3337 414 3406 nasterii,
449 3339 508 3391 et
551 3335 632 3392 sic
666 3336 900 3390 Romam
951 3335 1290 3391 revertitur.

213 3428 381 3481 Anno
406 3421 674 3494 sequenti
700 3422 952 3479 domnus
977 3423 1272 3493 Agapetus
1296 3434 1440 3492 papa
1455 3421 1795 3476 Romaecon-

141 3513 342 3571 cilium
375 3511 602 3581 habuit,
634 3511 690 3566 in
723 3525 834 3582 quo
864 3509 1229 3566 conﬁrmavit
1259 3523 1322 3565 ea
1369 3523 1496 3580 quae
1545 3509 1601 3564 in
1651 3523 1796 3580 prae-

141 3605 258 3660 fata
294 3600 525 3673 synodo
556 3605 684 3656 acta
718 3603 875 3656 sunt.
901 3601 1117 3671 [FLoo.]
1143 3601 1283 3655 Post
1314 3600 1436 3655 haec
1464 3599 1794 3655 Ludovicus

140 3697 197 3747 et
231 3693 398 3761 [iugo
425 3693 714 3760 pacantur
756 3688 824 3745 ad
875 3688 1142 3753 invicem,
1177 3686 1569 3743 mediantibus
1619 3690 1795 3757 atque

143 3778 477 3851 sequestris
502 3777 768 3834 Conrado
781 3777 948 3847 duce,
968 3779 1202 3846 llugonc
1215 3775 1410 3846 Nigro,
1430 3775 1795 3832 Adalberone

143 3875 204 3924 et
228 3867 514 3924 Fulberto
537 3865 854 3937 episcopis.
874 3865 1024 3920 Otho
1048 3879 1280 3935 quoque
1303 3879 1407 3921 rex
1427 3864 1715 3921 Wencdos
1737 3868 1792 3920 et

145 3958 458 4026 Hungaros
475 3954 586 4011 sibi
619 3953 833 4010 subdit.
865 3953 1246 4022 Berengarius
1269 3947 1501 4023 quidam
1522 3953 1796 4024 princeps

145 4045 356 4113 Italiae,
383 4058 630 4113 veneno,
649 4047 710 4098 ut
731 4043 935 4110 fertur,
955 4046 1162 4098 necato
1185 4041 1458 4097 Lothario
1485 4057 1620 4111 rege
1643 4042 1798 4111 regis

143 4133 410 4205 Hugonis
441 4132 580 4201 ﬁlio,
617 4147 720 4188 rex
745 4131 994 4187 eﬂlcitur
1033 4129 1236 4186 Italiae.
1272 4131 1454 4186 Porro
1495 4144 1600 4186 rex
1645 4129 1795 4185 Otho

145 4223 389 4295 Papiam
413 4220 591 4292 cepit.
610 4221 746 4276 Cum
769 4220 922 4276 enim
947 4220 1058 4276 iret
1082 4219 1136 4274 in
1161 4218 1406 4289 Italiam,
1443 4217 1796 4288 Bcrengario

145 4313 403 4384 praefato
436 4311 492 4365 in
521 4309 647 4380 ejus
675 4309 927 4365 adventu
963 4308 1242 4378 fugiente,
1276 4322 1380 4363 rex
1409 4306 1668 4362 eamdem
1705 4322 1798 4362 ur-

1904 3155 2162 3212 tiebatur
2177 3153 2511 3210 simulatum
2524 3158 2582 3209 et
2604 3154 2822 3222 fictum,
2841 3151 2992 3223 quod
3017 3151 3155 3206 licet
3177 3151 3234 3205 in
3260 3147 3548 3221 principio

1904 3248 2198 3314 vernaret,
2231 3243 2288 3299 in
2320 3256 2601 3314 processu
2635 3241 3022 3312 dissiparetur
3070 3243 3130 3296 ut
3175 3237 3455 3294 ﬂosculus
3485 3239 3545 3292 et

1905 3332 2254 3402 solveretur,
2290 3331 2426 3402 quin
2461 3331 2657 3402 potius
2687 3345 2888 3387 verum
2947 3333 3006 3386 et
3055 3327 3348 3385 sincerum
3394 3323 3550 3396 quod

1906 3421 2022 3477 alta
2047 3421 2244 3478 radice
2268 3420 2635 3476 fundaretur.
2653 3419 2744 3476 Sic
2768 3414 2870 3490 per
2887 3416 3166 3474 exercitia
3193 3415 3326 3472 boni
3350 3413 3548 3486 operis

1907 3511 2144 3566 formam
2169 3510 2344 3566 dabat
2369 3508 2626 3565 subditis
2659 3507 2730 3564 ad
2764 3506 3100 3564 felicitatem
3129 3503 3372 3560 tendere
3402 3516 3550 3558 sem-

1905 3599 2152 3672 piternae
2177 3597 2410 3668 quietis.
2440 3601 2602 3654 Anno
2627 3597 2808 3668 igitur
2823 3595 3200 3667 episcopatus
3218 3591 3309 3648 sui
3331 3590 3550 3648 duode-

1906 3687 2082 3754 cimo,
2125 3687 2196 3743 ab
2247 3685 2642 3742 incarnatione
2691 3683 2910 3740 Domini
2960 3685 3084 3752 951,
3119 3680 3414 3736 indict.....
3457 3677 3547 3748 ³⁸³,

1909 3775 2114 3832 videns
2129 3775 2278 3831 filios
2293 3790 2432 3830 suos
2448 3779 2509 3830 ut
2537 3779 2750 3830 terram
2777 3771 3077 3830 fecundam
3103 3771 3339 3827 sincero
3362 3767 3546 3824 tritici

1905 3878 2088 3936 grano
2103 3864 2464 3932 seminatam,
2480 3867 2536 3919 et
2558 3861 2850 3934 puriorem
2865 3865 2923 3915 et
2950 3858 3278 3916 uberiorem
3299 3870 3550 3912 messem

1909 3952 2367 4022 promittentem,
2397 3951 2841 4021 multiplicatum
2863 3946 3110 4004 reddere
3135 3945 3291 4017 quod
3313 3957 3554 4016 accepe-

1911 4043 2061 4109 rant,
2078 4043 2134 4095 et
2155 4038 2362 4094 dolens
2380 4039 2662 4108 quosdam
2684 4051 2886 4092 eorum
2913 4033 3278 4106 perfectioris
3298 4032 3433 4089 vitae
3458 4031 3558 4086 de-

1911 4127 2128 4184 siderio
2157 4131 2217 4183 et
2246 4126 2475 4183 altioris
2503 4124 2785 4196 prepositi
2809 4136 3004 4179 amore
3028 4119 3460 4178 ferventissimo
3483 4117 3554 4173 ad

1910 4217 2131 4274 vicinas
2161 4215 2430 4272 dioceses
2458 4213 2841 4283 commigrare
2880 4215 2937 4266 et
2984 4209 3370 4266 menasticum
3399 4205 3557 4264 ordi-

1910 4321 2061 4375 nem,
2083 4304 2214 4376 quia
2239 4305 2294 4360 in
2322 4304 2444 4376 ipsa
2468 4301 2818 4358 Virdunensi
2843 4300 2984 4358 urbe
3007 4313 3119 4356 non
3143 4295 3552 4354 inveniebatur

146 4402 278 4457 hem
313 4397 666 4469 ingreditur,
692 4402 752 4453 et
783 4411 1021 4454 uxorem
1055 4395 1321 4453 Lotharii-
1336 4395 1491 4465 regis
1513 4395 1793 4464 defuncti,
1827 4399 1882 4460 D
1913 4396 2006 4462 (G.
2048 4394 2207 4452 Vird.
2234 4398 2316 4464 2),
2340 4391 2477 4448 alibi
2495 4395 2793 4462 expetere,
2811 4389 3238 4447 communicato
3261 4385 3404 4443 cleri
3427 4400 3558 4458 pro-

147 4503 418 4545 sororem
454 4486 701 4544 Conradi
737 4485 893 4556 regis
916 4483 1199 4555 Jurensis,
1233 4484 1536 4554 conjugem
1569 4484 1800 4556 accepit

149 4575 560 4634 Adheleidam.
597 4575 795 4646 Sopita
827 4574 1006 4644 igitur
1037 4571 1461 4646 aliquantulum
1491 4587 1800 4644 perverso-

151 4679 277 4721 rum
309 4661 651 4732 insolentia,
670 4663 900 4718 donnus
925 4663 1310 4732 Berengarlus
1333 4660 1663 4717 commissis
1687 4661 1799 4716 sibi

147 4753 363 4810 ovibus
385 4750 758 4822 exemplaret
771 4749 1070 4823 speculum
1091 4750 1270 4807 totius
1286 4749 1587 4820 religionis
1601 4753 1661 4806 et
1677 4765 1734 4806 sa
1744 4764 1804 4804 n-

147 4840 384 4898 ctitatis
407 4841 618 4909 factus,
645 4840 920 4896 studebat
945 4839 1000 4894 in
1030 4855 1093 4896 se
1123 4839 1369 4910 primum
1399 4842 1457 4895 et
1485 4838 1568 4895 sic
1592 4838 1646 4893 in
1672 4838 1804 4894 sub-

149 4932 311 4988 ditos
331 4928 507 4987 noxia
539 4933 596 4984 et
627 4928 919 5001 superﬂua
955 4941 1240 4998 resecare,
1275 4929 1592 5000 depravata
1625 4927 1805 4983 corri-

148 5034 312 5090 gere,
339 5022 568 5086 sancta,
595 5017 840 5074 honesta
863 5022 923 5072 et
951 5015 1113 5073 utilia
1139 5020 1437 5088 appetere.
1463 5015 1804 5071 Preferebat

150 5122 392 5180 semper
423 5107 731 5163 honestum
767 5103 894 5162 utili
922 5123 937 5172 ;
969 5104 1128 5160 nullo
1156 5108 1406 5175 terrore,
1433 5103 1592 5161 nullo
1624 5106 1800 5173 metu,

151 5213 182 5252 a
206 5196 370 5260 nulla
395 5194 734 5252 adulatione
749 5209 779 5251 a
795 5207 934 5250 vero
959 5193 1384 5250 deﬂectendum
1403 5194 1664 5264 putabat.
1684 5193 1803 5248 Non

153 5285 492 5357 refugiebat
516 5281 776 5354 exilium,
807 5283 941 5356 quia
973 5287 1215 5340 noverat
1265 5281 1512 5354 sapienti
1555 5281 1802 5353 patriam

1911 4496 2230 4552 carumque
2263 4480 2510 4538 consilio
2542 4479 2597 4534 in
2630 4479 2889 4550 sepefata
2921 4476 3188 4534 aecclesia
3218 4477 3554 4532 sanctorum

1913 4570 2314 4643 apostolorum
2338 4568 2496 4625 Petri
2519 4573 2576 4623 et
2599 4567 2756 4624 Pauli
2772 4569 2995 4624 honore
3011 4565 3299 4634 dedicata,
3316 4564 3559 4634 ubipre—

1913 4660 2108 4716 ciosus
2133 4657 2355 4715 Domini
2387 4658 2690 4714 confessor
2720 4657 2968 4712 Vitonus
2995 4669 3125 4712 cum
3157 4653 3281 4710 suis
3309 4651 3560 4723 quiescit

1914 4754 1975 4804 et
1998 4750 2314 4804 veneratur
2332 4745 2861 4817 praedecessoribus
2881 4748 2936 4800 et
2955 4740 3424 4809 successoribus,
3442 4753 3560 4794 mo-

1909 4839 2231 4894 nachorum
2264 4834 2479 4903 delegit
2511 4833 2826 4890 tui-mulam
2858 4844 3194 4902 aggregare,
3223 4828 3318 4900 qui
3344 4829 3401 4883 et
3428 4841 3558 4898 pro-

1919 4925 2156 4998 pensius
2205 4923 2418 4980 divinis
2465 4921 2831 4979 deservirent
2880 4919 3159 4987 cultibus,
3193 4920 3248 4972 et
3289 4913 3558 4971 omnibus

1918 5013 2150 5070 Christo
2168 5013 2448 5070 adherere
2473 5010 2808 5068 volentibus
2830 5009 3066 5062 formam
3090 5005 3297 5060 darent
3328 5002 3559 5060 humili-

1918 5102 2058 5159 tatis
2086 5107 2144 5158 et
2177 5100 2494 5174 patientiae,
2523 5103 2584 5157 ut
2617 5097 2707 5154 vel
2731 5099 2816 5154 sic
2840 5110 2952 5150 non
2975 5095 3326 5162 cogerentur
3349 5091 3421 5148 ad
3443 5091 3556 5148 alia

1919 5191 2197 5248 secedere
2213 5189 2605 5262 quihaberent
2623 5190 2883 5258 paratum
2907 5197 3027 5255 prae
3049 5181 3239 5238 oculis
3263 5181 3558 5253 specimen

1921 5279 2241 5350 religionis.
2278 5280 2346 5334 Et
2383 5277 2596 5332 factum
2628 5277 2713 5330 est
2749 5272 2942 5329 divina
2989 5273 3341 5341 cooperante
3371 5269 3560 5340 gratia

1520 5396 1758 5452 VARI/E
1800 5393 2197 5452 LECTIONES.

225 5498 298 5534 ’⁸³
327 5509 615 5556 numerus
644 5497 738 5555 IX
763 5495 924 5554 deest
945 5497 1014 5554 in
1038 5509 1085 5552 ο.
