3950 6048
390 168 501 231 187

1323 159 1692 224 HUGONIS
1734 154 2090 222 ABBATIS
2136 157 2843 221 FLAVINIACENSES

3679 158 3801 220 188

386 302 446 354 et
478 297 570 355 sui
602 294 928 354 sacerdotis
958 292 1157 351 cordis
1180 291 1382 348 intima
1410 290 1828 364 perlustrante,
1852 292 1916 345 ut
1939 288 2033 343 de-
2064 287 2117 347 A
2144 289 2415 346 ciderunt
2446 288 2538 347 vel
2570 287 2870 359 sanguinis
2903 286 2998 359 qui
3021 286 3240 344 effusus
3265 286 3463 357 fuerit,
3490 285 3615 343 sive
3642 286 3795 343 vice-

387 385 671 442 siderium
696 382 982 452 sanctum,
1010 381 1165 453 quod
1191 380 1415 438 diutina
1440 377 1816 434 meditatione
1833 390 2035 433 conce-

390 479 550 547 ptum
577 472 855 529 dilatione
870 474 1160 541 creverat,
1180 469 1316 524 felix
1328 470 1789 537 consequeretur
1802 464 2034 520 etceler

389 562 654 631 effectus,
687 562 743 617 et
779 559 1057 615 desiderii
1087 558 1177 614 sui
1211 560 1352 628 quot
1382 559 1588 618 testes,
1624 558 1713 608 tot
1745 552 2028 609 inveniret

393 651 814 721 cooperatores
828 651 886 703 et
903 646 1216 717 adjutores.
1235 640 2034 715 Expulsisergoelerieismo-

390 736 964 805 nachosintroduxit,
982 736 1192 805 quibus
1206 736 1263 787 et
1288 746 1359 787 ex
1377 745 1476 787 sua
1492 730 1857 801 proprietate
1880 734 1939 784 et
1963 727 2032 784 de

392 827 570 883 rebus
604 825 808 881 matris
837 823 1122 881 zecelesize
1152 835 1373 877 annuos
1406 817 2030 891 proventusredituum

392 919 449 971 et
480 915 676 972 victus
707 913 1074 982 vestitusque
1122 908 1449 969 necessaria
1499 906 1938 979 prreordinavit,
1973 909 2033 961 et

392 1017 648 1073 congrua
684 1001 1038 1057 officinarum
1084 996 1417 1053 habitacula
1450 995 1824 1067 praeparavit,
1857 994 2034 1064 magi-

392 1094 549 1148 stros
583 1090 779 1161 operis
812 1087 1191 1144 conducendo
1214 1090 1271 1141 et
1294 1097 1583 1156 expensas
1612 1081 1945 1152 tribuendo,
1969 1086 2031 1138 ut

391 1176 899 1236 inveniretanimze
924 1190 1045 1231 sua:
1067 1174 1329 1244 requiem
1355 1177 1487 1243 post
1510 1171 1767 1227 laborem
1791 1172 1847 1225 in
1867 1170 2035 1226 atriis

389 1264 775 1335 Hierusalem,
795 1279 921 1335 quae
945 1261 1573 1329 utcivitasedilicatur,
1589 1258 2034 1330 etpartieipatio

389 1355 517 1425 ejus
550 1353 607 1409 in
659 1352 715 1408 id
763 1353 970 1423 ipsum.
1031 1352 1315 1407 Abhatem
1365 1362 1595 1419 quoque
1640 1348 1726 1403 eis
1776 1347 2036 1403 instituit

389 1442 791 1511 Humbertum,
821 1441 891 1496 de
914 1439 1158 1496 cenobio
1190 1438 1377 1496 sancti
1410 1437 1549 1508 Apri
1583 1436 1769 1493 virum
1802 1435 2036 1505 religio-

390 1546 537 1600 sum,
573 1535 635 1585 ut
683 1530 738 1585 in
790 1529 991 1585 charta
1043 1543 1214 1583 manu
1261 1525 1390 1595 ejus
1440 1525 1667 1595 signata
1717 1524 2031 1593 invenitur,

391 1634 561 1689 quam
593 1618 767 1673 etiam
801 1617 897 1672 hie
926 1616 1279 1673 subnectere
1309 1628 1486 1686 opere
1516 1613 1778 1686 precium
1814 1612 2036 1682 judica-

389 1706 594 1762 vimus.
630 1707 729 1761 Est
762 1708 953 1761 autem
990 1703 1319 1775 hujusmodi
1354 1722 1366 1756 :

465 1814 493 1848 «
524 1795 763 1851 Noverit
793 1794 1046 1850 omnium
1072 1792 1495 1849 catholicorum
1520 1795 1636 1847 tam
1656 1789 2035 1861 praesentium

392 1899 562 1956 quam
588 1885 915 1940 futurorum
938 1882 1246 1952 industria,
1273 1880 1426 1951 quod
1448 1894 1554 1951 ego
1588 1881 1647 1935 Β.
1674 1882 1892 1936 sanctas
1916 1878 2037 1934 Vir-

391 1971 672 2028 dunensis
702 1970 966 2028 ecclesia:
1001 1969 1231 2025 nomine
1282 1984 1396 2026 non
1444 1969 1654 2025 merito
1704 1967 2034 2039 episcopus,

394 2075 544 2116 anno
574 2074 716 2116 meae
748 2059 1138 2116 ordinationis
1169 2057 1538 2129 duodecimo,
1574 2072 1794 2113 memor
1823 2059 2038 2112 nostra:

391 2148 659 2205 ecclesiae
695 2149 958 2219 fratrum,
994 2161 1239 2217 quorum
1273 2145 1519 2201 maxima
1570 2160 1706 2217 pars
1752 2144 2037 2201 dominica

391 2238 569 2294 verba
584 2236 785 2308 sepius
800 2238 1157 2307 sequebatur
1176 2235 1449 2291 dicentia:
1469 2252 1497 2286 ε(
1511 2234 1756 2290 Vendite
1769 2248 1896 2303 quae
1913 2247 2039 2304 pos-

391 2324 618 2396 sidetis,
652 2330 707 2381 et
743 2325 876 2381 date
908 2324 1282 2381 elemosinam
1308 2325 1477 2391 (Luc.
1515 2338 1614 2393 κη,
1647 2328 1764 2392 55),
1794 2327 1854 2377 et
1876 2321 2042 2377 babe-

390 2414 532 2470 bitis
582 2414 925 2470 thesaurum
975 2413 1033 2468 in
1080 2412 1246 2484 caelo,
1300 2416 1360 2468 et
1407 2411 1714 2482 sequimini
1751 2425 1838 2466 me
1874 2411 2034 2477 (Luc.

390 2517 548 2574 xvm,
574 2507 690 2571 22).
728 2521 755 2555 »
792 2502 1082 2572 fugientes
1115 2506 1349 2557 terrena
1378 2504 1434 2556 et
1466 2504 1726 2555 amantes
1755 2497 2035 2569 caelestia,

392 2595 610 2648 nostrae
661 2589 1139 2660 congregationis
1184 2590 1376 2645 locum
1431 2590 1723 2657 deserere,
1758 2593 1814 2643 et
1846 2602 2040 2642 mona-

390 2680 611 2736 chicam
662 2678 844 2734 vitam
900 2681 1218 2747 sumentes,
1262 2677 1503 2733 cenobia
1554 2679 1722 2732 extra
1779 2678 2038 2731 nostram

393 2765 765 2839 parrochiam
827 2764 1191 2835 temptabant
1252 2764 1453 2831 adire;
1510 2779 1581 2820 ne
1651 2765 1707 2820 in
1784 2768 2040 2834 postmo-

393 2855 526 2911 dum
562 2859 760 2910 nostra
795 2851 1041 2910 ecclesia
1076 2852 1146 2909 de
1182 2853 1420 2925 preprio
1452 2852 1732 2909 thesauro
1755 2868 1858 2909 suo
1879 2857 2040 2923 pate-

392 2947 555 2999 retur
590 2942 924 3015 dampnum:
957 2941 1078 3012 (fol.
1113 2943 1244 3014 69’.)
1281 2942 1508 2998 favente
1556 2942 1788 2999 seniore
1832 2944 2038 2998 nostro

2064 1673 2117 1733 B

2145 377 2547 447 dominarium,
2583 376 2880 448 placitum,
2912 379 2971 431 et
3004 388 3239 432 cursum
3261 388 3446 444 aquze,
3470 389 3572 430 seu
3593 389 3796 430 corre-

2144 466 2398 536 ptionem
2423 465 2675 521 omnium
2699 478 3122 531 mensurarum,
3141 462 3405 533 exceptis
3427 462 3639 518 alodiis
3664 479 3797 533 quae

2140 555 2407 612 homines
2441 557 2640 610 tenent
2674 552 2745 608 ad
2780 552 3058 624 placitum
3089 551 3362 621 generale
3383 551 3793 623 respicientes,

2139 649 2196 701 et
2258 643 2505 714 publicae
2560 641 2668 698 viae
2716 640 3068 703 transitum;
3122 641 3194 696 ad
3263 639 3521 696 Ballonis
3564 646 3797 698 curtem

2140 746 2338 789 mansa
2373 745 2475 786 sex
2499 749 2513 799 ;
2537 731 2607 786 ad
2642 729 2984 785 Frasnidum
3021 742 3217 784 mansa
3243 733 3533 799 quatuor;
3559 731 3629 785 ad
3657 732 3800 787 Cru-

2138 837 2262 879 cem
2284 819 2596 878 ecclesiam
2620 831 2792 874 unam
2812 836 2827 885 ;
2847 818 2916 873 ad
2945 818 3213 873 Castonis
3236 820 3459 873 curtem
3483 819 3795 875 ecclesiam

2140 925 2310 968 unam
2337 926 2352 974 ;
2385 907 2455 964 ad
2487 909 2701 963 Novam
2734 905 2931 963 villam
2949 904 3279 963 aeeclesiam
3304 920 3473 961 unam
3497 921 3625 962 cum
3653 907 3799 964 dua-

2143 1001 2251 1056 bus
2301 996 2545 1067 capellis
2597 995 2718 1052 suis
2763 999 2820 1051 et
2855 1010 2985 1050 cum
3019 1009 3130 1050 una
3161 993 3410 1050 ecclesia
3444 994 3501 1049 in
3534 997 3791 1052 Marculﬁ

2141 1087 2277 1143 villa
2308 1086 2421 1142 sita
2452 1084 2521 1140 ad
2559 1084 2857 1155 praefatam
2893 1084 3066 1139 Nova}
3100 1082 3253 1139 villze
3285 1083 3581 1139 abbatiam
3613 1086 3799 1155 perti-

2143 1181 2351 1242 nente;
2384 1175 2440 1229 in
2472 1174 2673 1230 eadem
2709 1170 2964 1229 Marculﬁ
2998 1177 3164 1228 curte
3189 1185 3386 1228 mansa
3414 1172 3523 1228 tria
3547 1189 3678 1230 cum
3700 1175 3799 1229 sil-

2144 1265 2233 1322 vis
2264 1268 2322 1319 et
2354 1263 2560 1334 pratis,
2596 1265 2656 1318 et
2685 1250 2769 1318 ad'
2790 1263 3005 1318 Novam
3038 1260 3235 1317 villam
3294 1276 3488 1317 mansa
3537 1267 3797 1333 quatuor

2145 1367 2274 1410 cum
2306 1352 2469 1409 silvis
2500 1354 2558 1406 et
2594 1350 2779 1422 pratis
2820 1350 2891 1406 ad
2939 1349 3197 1405 eamdem
3238 1350 3563 1407 zecclesiam
3614 1352 3800 1422 perti-

2146 1441 2421 1497 nentibus
2448 1443 2508 1495 et
2532 1439 2759 1511 pictura
2789 1438 2970 1495 vineae
2994 1453 3104 1495 una
3128 1441 3185 1493 et
3211 1438 3541 1494 molendino
3565 1454 3679 1496 uno
3702 1456 3800 1497 su-

2148 1545 2251 1602 per
2282 1529 2481 1585 Elnam
2511 1527 2810 1584 ﬂuviolum
2844 1527 2958 1583 sito
2985 1571 2999 1595 ,
3032 1530 3088 1582 et
3123 1527 3193 1582 ad
3238 1527 3437 1584 villam
3484 1529 3796 1584 Parridum

2146 1617 2501 1674 nominatam
2531 1615 2836 1673 ecclesiam
2870 1630 3039 1672 unam
3071 1631 3201 1671 cum
3233 1616 3451 1673 mensis
3497 1617 3796 1673 sexdecim

2148 1707 2301 1762 inter
2332 1705 2657 1762 Cosantiam
2687 1711 2744 1760 et
2781 1704 3018 1760 Buniam
3051 1705 3183 1761 sitis
3211 1708 3271 1758 et
3312 1704 3646 1762 molendino
3679 1722 3799 1763 uno

2147 1798 2204 1851 et
2239 1794 2385 1851 silva
2419 1793 2645 1864 pratis;
2675 1797 2735 1848 et
2765 1792 2836 1847 ad
2870 1793 3121 1848 Harbodi
3155 1792 3351 1849 villam
3387 1794 3441 1848 in
3471 1794 3663 1865 Vapra
3702 1809 3801 1850 ec-

2148 1882 2383 1939 clesiam
2411 1895 2581 1936 unam
2614 1883 2671 1936 et
2706 1893 2904 1935 mansa
2937 1879 3052 1935 duo
3083 1883 3140 1936 et
3175 1880 3539 1950 quartarium
3576 1896 3755 1937 unum
3784 1900 3801 1947 ;

2146 1974 2202 2027 et
2240 1970 2311 2026 ad
2344 1969 2637 2025 Liniacum
2670 1972 2934 2038 quartam
2970 1972 3193 2039 partem
3234 1968 3405 2024 unius
3434 1967 3707 2026 ecclesiae
3741 1975 3805 2024 et

2148 2074 2408 2115 mansum
2441 2073 2616 2115 unum
2644 2061 2703 2112 et
2737 2056 3017 2127 quartarii
3050 2060 3173 2113 tres
3205 2062 3263 2112 et
3297 2056 3693 2114 molendinum
3718 2058 3806 2113 di-

2147 2148 2386 2206 midium
2410 2161 2539 2203 eum
2564 2145 2707 2202 silva
2733 2149 2792 2201 et
2818 2145 3003 2217 pratis
3028 2162 3042 2210 ;
3066 2151 3123 2200 et
3144 2145 3199 2200 in
3225 2145 3494 2202 Barrensi
3516 2146 3802 2203 comitatu

2149 2250 2347 2294 mansa
2380 2235 2494 2291 duo
2529 2235 2582 2290 in
2606 2233 2742 2291 villa
2765 2233 2983 2289 Villare
3009 2234 3324 2290 nominata.
3349 2234 3625 2291 Dedimus
3649 2251 3805 2307 prae-

2148 2330 2311 2382 terea
2340 2339 2413 2380 ex
2441 2326 2609 2395 parte
2639 2326 2858 2379 nostra:
2890 2322 3159 2378 ecclesiae
3205 2322 3274 2377 de
3324 2323 3558 2379 abbatia
3601 2325 3793 2380 sancti

2151 2413 2401 2470 Amantii
2417 2425 2619 2468 mansa
2632 2412 2831 2468 decem
2846 2426 2975 2468 cum
2991 2411 3278 2469 sedilibus
3292 2411 3363 2468 ad
3379 2412 3581 2468 eadem
3597 2427 3798 2470 mansa

2149 2501 2603 2574 pertinentibus,
2629 2504 2686 2556 et
2712 2500 2782 2556 ad
2807 2500 3192 2556 Flaviniacum
3220 2499 3592 2571 piscatoriam
3614 2505 3803 2558 totam

2147 2596 2207 2648 et
2238 2591 2481 2648 alteram
2519 2589 2889 2660 piscatoriam
2920 2588 2991 2645 ad
3008 2589 3282 2645 Tiliacum
3310 2588 3722 2660 pertinentem,
3738 2596 3797 2646 et

2151 2680 2433 2736 decimam
2466 2678 2697 2734 illorum
2725 2678 2974 2734 arietum
3006 2677 3102 2748 qui
3136 2683 3353 2734 nostra;
3376 2677 3645 2734 ecclesia:
3672 2694 3805 2750 per-

2148 2767 2459 2824 solvuntur
2489 2782 2563 2823 ex
2586 2766 2859 2823 Bracensi
2884 2766 3244 2836 centenaria,
3265 2771 3322 2821 et
3348 2767 3628 2823 decimam
3655 2769 3806 2823 fora-

2148 2857 2251 2913 tiei
2283 2860 2501 2913 nostrm
2534 2854 2793 2912 civitatis
2823 2854 2893 2910 de
2924 2855 3060 2911 vino
3087 2872 3100 2920 ;
3134 2854 3441 2912 ecclesiam
3477 2871 3709 2927 quoque
3744 2857 3800 2911 in

2149 2945 2457 3002 Amonzeia
2489 2943 2626 3000 villa
2660 2943 2852 3013 sitam,
2878 2945 2935 3000 et
2989 2942 3373 3000 Flaviniacam
3425 2943 3619 3000 villam
3666 2959 3801 3001 eum

386 3032 818 3103 gloriosissimo
853 3046 990 3102 rege
1023 3032 1267 3102 Othone,
1294 3046 1361 3087 ae
1394 3030 1655 3087 Conrado
1680 3030 1933 3087 Lotharii
1953 3044 2039 3086 re-
2069 3024 2117 3087 C
2146 3035 2397 3093 ecclesia
2430 3049 2541 3091 una
2568 3037 2625 3089 et
2661 3033 2974 3104 piscatoria
2997 3036 3055 3089 et
3079 3032 3429 3089 molendinis
3460 3039 3520 3090 et
3553 3033 3720 3091 silvis
3743 3041 3805 3090 et

388 3121 486 3194 gni
520 3121 666 3178 duce
692 3122 1023 3193 magnifico,
1040 3119 1525 3191 congregatisque
1539 3124 1755 3177 nostrae
1773 3119 2037 3177 ecclesiae

391 3210 664 3268 ﬁdelibus
697 3210 933 3267 clericis
964 3214 1021 3266 et
1054 3209 1220 3267 laicis
1246 3209 1369 3280 pari
1394 3213 1529 3265 voto
1551 3213 1725 3279 atque
1748 3208 2039 3265 communi

389 3300 665 3357 consultu
699 3298 1067 3355 decrevimus
1101 3299 1155 3354 in
1190 3302 1393 3354 nostro
1424 3297 1724 3369 episcopio
1749 3295 2037 3369 quoddam

392 3386 806 3444 monasterium
840 3388 957 3442 Deo
978 3391 1269 3443 annuente
1292 3385 1577 3456 stabilire,
1604 3386 1661 3440 in
1687 3400 1798 3455 quo
1824 3389 2039 3441 nostrae

390 3475 658 3533 ecclesiae
675 3477 888 3531 fratres
901 3476 1147 3531 activam
1166 3475 1344 3531 vitam
1363 3475 1671 3544 fugientes,
1688 3474 2040 3546 contempla-

392 3565 528 3621 tivae
563 3563 697 3621 vitae
732 3563 1001 3620 solatium
1037 3563 1249 3619 futuris
1282 3563 1646 3634 temporibus
1679 3562 1939 3619 valerent
1961 3562 2042 3617 in-

398 3652 615 3709 venire.
649 3654 804 3709 Tunc
836 3652 1125 3708 communi
1176 3652 1423 3708 consilio
1467 3651 1838 3709 evocavimus
1885 3651 2043 3707 dom-

393 3756 529 3797 uum
560 3742 942 3797 Huinhertum
974 3741 1311 3810 religiosum
1346 3741 1635 3810 abbatem,
1664 3741 1761 3811 qui
1793 3742 1865 3796 ab
1897 3741 2040 3812 ipsis

390 3830 650 3885 infantia)
679 3829 1029 3885 rudimentis
1063 3829 1118 3884 in
1152 3834 1349 3885 nostra
1382 3829 1631 3886 ecclesia
1684 3830 1869 3885 fuerat
1903 3829 2042 3887 cdu-

389 3923 576 3990 catus,
599 3924 654 3974 et
681 3919 992 3990 praebenda
1018 3922 1232 3975 nostrae
1252 3919 1550 3975 canonica:
1574 3918 1917 3990 perfruitus,
1943 3934 2042 3975 no-

394 4009 691 4065 strietiam
706 4007 990 4080 episcopii
1016 4007 1353 4079 baptizatus
1377 4011 1552 4078 atque
1576 4008 2038 4079 parreechianus,

366 4099 575 4154 donec
628 4098 775 4153 infra
825 4097 1109 4168 scriptum
1161 4097 1408 4153 aliorum
1461 4098 1704 4153 fratrum
1752 4101 2042 4167 sequutus

391 4186 742 4259 exemplum,
769 4202 874 4258 pro
898 4190 1099 4242 eterna
1126 4186 1518 4243 retributione
1543 4186 1937 4242 monachicam
1961 4187 2045 4243 vi-

390 4281 508 4332 tam
542 4276 812 4347 sumpsit,
835 4290 902 4332 ac
934 4274 1223 4331 communi
1248 4275 1389 4331 cleri
1423 4280 1484 4331 et
1516 4274 1703 4347 plebis
1728 4275 2050 4355 concordia

2149 3124 2334 3197 pratis
2364 3123 2632 3180 omnibus
2662 3128 2721 3178 et
2761 3122 3031 3178 omnibus
3060 3121 3406 3192 adjacentiis
3439 3123 3507 3178 ad
3538 3124 3801 3179 eamdem

2147 3213 2341 3271 villam
2361 3212 2814 3285 pertinentibus.
2836 3210 2958 3281 (fol.
2978 3214 3093 3284 70.)
3120 3211 3204 3266 Ad
3233 3226 3403 3281 quam
3428 3211 3625 3269 villam
3650 3213 3808 3285 aspi-

2147 3302 2307 3358 ciunt
2362 3316 2555 3357 mansa
2610 3300 2814 3371 viginti
2866 3313 3008 3366 sex;
3053 3304 3113 3354 et
3163 3299 3234 3355 ad
3277 3300 3473 3355 villam
3506 3301 3803 3357 Marleiam

2149 3404 2329 3462 prope
2351 3390 2542 3445 Nettis
2564 3389 2861 3445 civitatem
2887 3388 3058 3444 sitam
3081 3388 3390 3446 ecclesiam
3424 3404 3533 3445 una
3545 3406 3593 3444 m
3622 3390 3678 3445 in
3705 3391 3808 3445 ho-

2149 3494 2291 3535 nore
2320 3479 2503 3535 sancti
2540 3477 2752 3534 Briccii
2777 3481 3200 3534 constructam.
3224 3476 3405 3533 Simili
3430 3478 3608 3533 etiam
3636 3480 3810 3535 modo

2150 3567 2549 3637 delegavimus
2599 3566 2787 3622 eidem
2832 3566 3184 3623 monasterio
3236 3565 3306 3622 ad
3358 3567 3807 3637 praeparandum

2149 3657 2439 3729 hospitale
2471 3657 2783 3713 ecclesiam
2819 3656 3005 3713 sancti
3029 3656 3186 3711 Petri
3213 3656 3267 3710 in
3292 3656 3573 3712 suburhio
3597 3657 3811 3713 Virdu-

2149 3746 2347 3802 nensis
2379 3745 2559 3801 castri
2585 3745 2754 3802 sitam
2775 3760 2905 3801 cum
2929 3744 3147 3800 mansis
3171 3744 3443 3814 quinque,
3474 3748 3642 3815 prato
3668 3761 3808 3815 uno,

2151 3839 2207 3890 et
2243 3834 2512 3891 omnibus
2548 3834 2857 3904 utriusque
2890 3848 3068 3890 sexus
3103 3833 3173 3889 ad
3204 3833 3460 3889 eamdem
3493 3832 3808 3889 ecclesiam

2154 3922 2620 3994 pertinentibus;
2649 3922 2702 3977 in
2728 3922 2851 3977 Piet
2877 3921 3011 3979 villa
3036 3921 3345 3978 ecclesiam
3371 3936 3538 3977 unam
3556 3938 3569 3982 ;
3587 3921 3643 3976 in
3661 3924 3811 3978 Don-

2152 4027 2298 4069 naus
2328 4011 2657 4069 tecclesiam
2692 4026 2899 4079 unam;
2932 4012 2988 4066 in
3010 4011 3269 4068 Morvilla
3299 4025 3500 4076 unam;
3526 4010 3581 4064 in
3611 4013 3809 4068 Marva

2156 4116 2343 4157 unam.
2384 4102 2497 4157 Hec
2529 4101 2719 4157 omnia
2754 4115 2858 4171 pro
2889 4100 3079 4156 salute
3112 4099 3316 4156 anima}
3340 4104 3813 4156 nostrae‘nostro-

2156 4204 2400 4260 rumque
2426 4193 2802 4261 peccatorum
2825 4188 3195 4245 absolutione
3221 4187 3730 4256 tradidimusloeo,
3750 4196 3814 4243 ct

2156 4279 2318 4334 ﬁrma
2353 4279 2707 4335 auctoritate
2740 4284 2801 4333 et
2846 4278 3072 4334 ratione
3119 4282 3322 4335 nostra
3373 4278 3809 4349 confirmamus,

394 4369 449 4421 et
475 4379 675 4420 eorum
696 4368 1030 4421 nostrorum
1046 4363 1591 4434 canonicorum,qui
1620 4369 1738 4419 tum
1761 4365 2045 4436 temporis
2076 4385 2125 4445 D
2158 4369 2613 4424 corroboramus
2660 4373 2835 4438 atque
2887 4368 3234 4437 stabilimus,
3282 4382 3813 4440 successurumque

393 4453 789 4509 monachicam
820 4452 1097 4508 aliorsum
1130 4452 1474 4507 nitebantur
1522 4452 1792 4524 accipere
1845 4454 2042 4537 vitam,

392 4540 794 4597 concessimus
824 4540 877 4595 ei
910 4540 1203 4610 quoddam
1237 4541 1660 4598 monasterium
1686 4541 1758 4596 ad
1780 4547 2048 4599 constru-

390 4628 598 4686 endam
617 4629 1129 4698 congregationem
1154 4629 1571 4686 monachorum
1599 4631 1655 4685 in
1676 4631 1895 4687 honore
1918 4646 2048 4688 san-

393 4719 475 4776 cti
505 4717 665 4775 Petri
698 4717 1099 4789 apostolorum
1135 4717 1416 4790 principis
1462 4718 1807 4789 stabilitum,
1845 4719 1898 4775 in
1932 4736 2045 4791 quo

395 4808 777 4879 requiescunt
809 4820 1058 4878 corpora
1088 4809 1839 4865 sanctorumconfessorum
1871 4812 2044 4879 atque

388 4898 797 4970 episcoporum
820 4895 1035 4967 Vitoni,
1060 4895 1369 4966 Pulcrouii,
1401 4897 1786 4966 Possessoris,
1806 4898 2044 4953 Firmini

388 4989 563 5055 atque
595 4985 896 5056 Madelvei,
933 5000 1064 5042 cum
1096 4985 1286 5042 omnis
1333 4985 1508 5043 rebus
1549 4986 1620 5042 ad
1651 4987 1911 5043 eamdem
1943 4987 2046 5043 ab-

388 5074 603 5130 batiam
635 5075 1092 5146 pertinentibus.
1131 5074 1438 5148 Aspiciunt
1471 5073 1543 5130 ad
1576 5074 1721 5131 illud
1753 5079 2042 5132 monaste-

392 5163 539 5221 rium
564 5162 729 5233 juxta
765 5166 1054 5222 Scantiam
1107 5180 1307 5222 mansa
1341 5178 1445 5221 sex
1477 5168 1535 5220 et
1569 5164 1890 5234 dimidium,
1925 5180 2043 5221 mo-

391 5250 620 5308 lendina
656 5256 909 5322 quatuor
935 5269 1064 5310 cum
1091 5255 1281 5311 hanno
1316 5254 1500 5326 ipsius
1529 5253 1703 5325 villae,
1728 5255 1879 5326 quod
1908 5256 2042 5312 hae-

388 5343 564 5398 tenus
589 5340 880 5397 tenuimus
901 5345 961 5397 et
983 5357 1090 5414 pro
1120 5344 1221 5400 Dei
1252 5358 1450 5400 amore
1480 5343 1613 5400 loco
1646 5358 1719 5400 ex
1753 5348 1875 5401 toto
1906 5358 2040 5402 eon-

390 5429 698 5500 cessimus,
718 5427 1127 5502 justitiamque
1160 5432 1455 5490 latronum
1486 5431 1581 5503 qui
1607 5431 1664 5487 in
1690 5432 1939 5491 bannum
1966 5434 2041 5491 in-

2158 4463 2492 4515 nostrorum
2526 4462 2827 4529 paternam
2856 4456 3189 4526 largitatem
3216 4456 3543 4527 flagitamus
3568 4460 3811 4528 ut,erga

2159 4548 2464 4619 praefatum
2500 4546 2687 4603 locum
2724 4546 2881 4618 pium
2917 4546 3168 4602 animum
3219 4561 3452 4617 semper
3499 4546 3809 4615 habentes,

2158 4651 2285 4707 quae
2320 4651 2423 4707 pro
2456 4636 2863 4707 redemptione
2896 4636 3218 4692 animarum
3244 4635 3487 4692 fecimus
3518 4640 3643 4692 rata
3677 4650 3812 4694 esse

2157 4728 2372 4797 sinant,
2408 4741 2537 4796 quae
2571 4725 2839 4782 dedimus
2870 4740 2982 4782 non
3014 4726 3295 4796 minuant,
3318 4726 3558 4797 insuper
3589 4726 3661 4782 de
3685 4728 3814 4783 suis

2155 4815 2370 4873 addere
2402 4815 2699 4884 studeant,
2727 4815 2810 4871 ita
2841 4819 3263 4872 conservantes
3296 4818 3518 4884 nostra,
3545 4815 3722 4871 sicuti
3750 4822 3811 4871 et

2155 4919 2259 4962 sua
2286 4918 2515 4975 queque
2540 4904 2876 4975 perenniter
2897 4918 3129 4960 manere
3154 4902 3446 4961 voluerint
3472 4903 3733 4960 decreta.
3754 4905 3813 4959 Si

2155 4991 2285 5063 quis
2304 5006 2446 5048 vero
2466 4990 2556 5047 vel
2578 4991 2864 5063 pontifex,
2882 4989 2973 5048 vel
2995 4991 3266 5064 princeps
3285 4989 3578 5047 diabolico
3592 4990 3814 5062 spiritu

2154 5078 2454 5151 incitatus,
2483 5078 2589 5135 hec
2622 5078 2823 5150 aliquo
2846 5078 3016 5135 modo
3038 5078 3386 5135 subtrahere
3403 5077 3495 5135 vel
3518 5077 3816 5149 dissipare

2151 5167 2424 5238 voluerit,
2475 5172 2679 5224 nostro
2733 5167 3017 5239 imprimis
3062 5168 3433 5224 anathemate
3491 5182 3816 5238 percussus

2150 5261 2504 5327 centumque
2538 5255 3057 5314 maledictionibus
3089 5256 3407 5324 involutus,
3442 5257 3623 5312 Datan
3669 5270 3817 5326 quo-

2153 5359 2264 5416 que
2289 5350 2347 5401 et
2380 5345 2597 5402 Abiron
2632 5346 2835 5403 socius
2867 5346 3058 5403 factus
3088 5346 3227 5402 iram
3259 5345 3356 5402 Dei
3386 5345 3815 5417 omnipotentis

2152 5436 2621 5506 incurrat,atque
2634 5436 2859 5493 eternis
2873 5436 3238 5507 mancipatus
3253 5434 3538 5493 incendiis
3554 5434 3819 5506 inexpia-
