3950 6048
173 170 295 233 189

1445 170 1942 236 CHRONICON.
1979 207 2054 220 —
2084 173 2244 238 LIB.
2285 175 2336 242 Ῑ.

3480 157 3611 238 190'

172 294 332 352 biles
364 294 518 368 apud
542 294 761 354 inferos
785 309 966 369 ponas
988 294 1128 355 luat.
1153 300 1225 357 Ut
1249 304 1444 357 autem
1476 299 1584 358 hec
1604 303 1822 359 nostra
1856 299 1912 360 A
1938 302 2243 362 Trecorum
2266 305 2500 363 comitis
2530 304 2730 374 genuit
2767 304 2920 360 hunc
2956 302 3213 361 Odonem
3240 304 3335 375 qui
3361 306 3590 360 Bertam

169 383 554 441 auctoritatis
584 384 830 441 traditio
871 385 1185 443 ﬁrmiorem
1234 388 1493 458 vigorem
1539 390 1823 462 optineat,

170 477 513 530 nostrorum
549 472 806 530 fidelium
846 475 1115 532 manibus
1148 476 1602 548 prasentialiter
1632 493 1829 536 corro-

169 562 375 619 borari
407 562 796 627 decrevimus.

247 676 275 700 ι
313 653 461 707 Ann.
512 652 623 707 ine.
672 653 830 708 Dom.
886 656 1008 723 952,
1057 652 1374 713 indictione
1428 655 1512 725 10,
1560 670 1724 714 conc.
1774 661 1825 728 4,

168 743 384 811 epacta
408 746 495 811 22,
521 739 626 796 hec
645 745 807 797 carta
841 740 1203 812 conﬁrmata,
1238 745 1620 801 corroborata
1654 750 1831 817 atque

169 830 516 901 conscripta
566 833 679 900 est,
736 830 1112 901 [prasidente
1149 830 1219 866 ²⁶⁹
1249 833 1517 892 Romana
1565 834 1830 893 ecclesia

168 933 329 990 papa
349 917 607 974 Adriano
626 932 777 974 anno
800 918 1011 990 sexto],
1038 924 1320 989 regnante
1344 922 1568 980 Othone
1588 923 1833 996 impera-

171 1012 310 1063 tore
362 1011 613 1076 augusto
656 1022 806 1063 anno
857 1008 1019 1077 regni
1068 1009 1159 1066 sui
1212 1009 1268 1065 in
1314 1010 1481 1068 Italia
1530 1012 1738 1083 primo,
1774 1013 1829 1069 in

177 1094 426 1150 Francia
470 1099 555 1164 16,
590 1094 964 1167 episcopatus
1008 1111 1149 1153 vero
1198 1099 1380 1154 nostri
1424 1114 1574 1156 anno
1615 1100 1833 1158 duode-

173 1184 353 1239 cimo.
388 1184 508 1252 Ego
531 1184 919 1253 Berengarius
946 1185 1161 1256 prasul
1186 1186 1458 1257 indignus
1482 1189 1827 1260 subscripsi.

173 1271 338 1341 Sign.
370 1272 674 1329 llumberti
709 1273 959 1343 abbatis,
992 1274 1251 1330 Vodonis
1304 1276 1553 1346 abbatis,
1590 1279 1830 1335 Berardi

168 1359 435 1430 abbatis,
464 1360 718 1417 Bernerii
757 1363 1076 1433 praepositi,
1102 1362 1298 1420 Alardi
1331 1365 1652 1437 prapositi,
1678 1370 1833 1424 cete-

177 1464 499 1519 rerumque
527 1449 878 1506 clericorum
910 1456 970 1507 et
1000 1452 1414 1510 monachorum
1444 1453 1580 1511 huic
1612 1455 1831 1513 charta

173 1538 393 1593 devote
425 1538 746 1594 faventium
790 1544 846 1594 et
888 1539 1168 1597 nobilium
1210 1541 1491 1599 laicorum
1534 1544 1830 1601 Godefridi

171 1625 436 1695 comitis,
471 1626 728 1697 Givardi,
769 1628 1040 1684 Adelardi
1075 1633 1134 1685 et
1163 1632 1515 1687 ceterorum.
1550 1650 1579 1684 »

1940 393 2186 464 accepit,
2217 409 2290 451 ex
2322 410 2431 466 qua
2464 382 2635 450 natus
2680 397 2774 449 est
2826 391 2947 463 Odo
2999 391 3093 463 qui
3147 392 3299 463 apud
3348 394 3588 450 Barrum

1939 480 2115 547 obiit;
2147 486 2204 537 et
2228 481 2298 538 de
2322 482 2524 541 eadem
2556 480 2830 537 Mathilde
2858 480 3054 549 genita
3082 484 3173 535 est
3203 479 3378 548 Gisia,
3415 495 3584 552 quam

1941 569 2239 627 Conradus
2268 571 2585 642 imperator
2616 568 2987 641 postmodum
3021 567 3190 623 duxit
3222 582 3482 638 uxorem,
3517 568 3589 624 de

1942 671 2053 727 qua
2081 658 2284 726 genuit
2316 658 2563 715 tercium
2598 657 2930 713 Heinricum
2960 656 3395 726 imperatorem,
3422 671 3590 726 quem

1942 745 2054 816 (77)
2090 745 2373 803 Rodull‘us
2421 760 2545 816 rex,
2597 744 2765 815 cujus
2818 744 2926 800 fuit
2977 758 3122 800 uxor
3156 744 3585 814 Ermengardis,

1943 834 2227 905 quiaerat
2261 835 2478 905 absque
2534 833 2754 902 liberis,
2791 838 2854 888 ut
2888 836 3160 904 nepotem
3205 848 3390 901 suum,
3428 832 3592 889 here-

1943 923 2070 980 dem
2096 923 2257 993 regni
2292 922 2640 992 Burgundia
2670 921 2951 991 instituit,
2979 926 3039 977 et
3062 921 3145 977 sic
3170 921 3225 976 in
3250 921 3593 978 dominatio-

1943 1028 2072 1069 nem
2107 1013 2524 1084 imperatorum
2570 1011 2801 1067 transiit
2839 1009 3186 1079 Burgundia
3215 1024 3478 1079 regnum.

2019 1102 2233 1173 [FLon.J
2266 1102 2431 1156 Anno
2461 1099 2657 1170 itaque
2694 1100 2764 1156 ab
2796 1099 2906 1155 inc.
2940 1101 3098 1155 Dom.
3128 1102 3251 1167 956,
3287 1101 3448 1168 Hugo
3482 1100 3593 1155 Ma-

1942 1204 2092 1260 gnus
2120 1189 2286 1259 obiit,
2321 1191 2380 1243 et
2421 1188 2694 1244 ducatum
2743 1187 2996 1244 Francia
3047 1188 3210 1255 IIugo
3259 1186 3413 1243 filius
3460 1188 3589 1257 ejus

1946 1278 2222 1349 optinuit.
2260 1278 2554 1333 Robertus
2608 1291 2836 1346 quoque
2885 1274 3245 1331 Trevirensis
3276 1274 3590 1346 episcopus

1945 1367 2089 1424 obiit
2127 1365 2478 1437 pestilentia,
2513 1368 2568 1422 et
2599 1364 2668 1397 ²⁷²
2700 1365 3011 1421 Fulbertus
3047 1362 3499 1432 Cameracensis,
3530 1367 3590 1418 et

1946 1456 2211 1513 Hairicus
2257 1455 2542 1512 succedit.
2597 1454 2747 1510 Otho
2801 1456 2928 1525 post
2957 1453 3063 1509 hec
3094 1454 3386 1509 Sarmatas
3435 1450 3589 1507 bello

1945 1547 2105 1604 vicit.

1860 1653 1915 1713 Β
2015 1638 2178 1691 Anno
2211 1649 2348 1692 vero
2380 1638 2502 1705 961,
2530 1633 2678 1688 Otho
2708 1630 2989 1704 puerulus
3016 1630 3072 1685 in
3097 1643 3291 1699 regem
3323 1629 3589 1686 elevatus

248 1716 384 1785 Ipso
417 1729 569 1771 anno
601 1730 631 1771 a
666 1715 932 1772 Conrado
974 1717 1121 1774 duce
1164 1718 1398 1790 quidam
1436 1718 1832 1777 Virdunenses
1944 1725 2054 1792 est,
2088 1726 2147 1778 et
2179 1722 2318 1778 Otto
2353 1724 2517 1793 pater
2548 1721 2676 1790 ejus
2725 1733 2874 1774 anno
2926 1717 3193 1788 sequenti
3227 1718 3463 1772 Romam
3495 1731 3589 1773 ve-

172 1803 508 1859 honoribus
536 1803 863 1874 privantur.

244 1890 475 1966 [FLon.]
507 1895 670 1949 Anno
698 1893 771 1948 ab
805 1892 913 1950 inc.
960 1895 1120 1952 Dom.
1155 1897 1277 1964 952,
1311 1895 1464 1952 Otho
1492 1910 1596 1952 rex
1624 1896 1832 1953 Beren-

169 1996 403 2051 garium
440 1995 636 2049 regem
666 1979 852 2037 Italia
876 1985 931 2037 et
957 1985 1140 2038 totam
1165 1982 1276 2039 sibi
1298 1984 1547 2054 subjecit
1584 1984 1826 2040 Italiam.

175 2069 458 2141 Sequenti
494 2085 644 2126 anno
697 2071 1021 2127 Conradum
1073 2072 1278 2129 ducem
1310 2087 1339 2128 a
1374 2073 1589 2129 ducatu
1622 2074 1829 2129 Letha-

178 2158 462 2215 riensium
487 2161 796 2227 remotum,
822 2159 1188 2230 Mogontiam,
1216 2160 1310 2216 ubi
1333 2176 1393 2217 se
1419 2161 1715 2218 Conradus
1747 2176 1834 2218 re-

177 2250 446 2319 ceperat,
490 2247 743 2317 obsedit,
774 2252 833 2303 et
865 2249 1041 2319 cepit,
1075 2253 1132 2305 et
1168 2249 1466 2305 Conradus
1508 2250 1725 2305 Mettim
1769 2266 1833 2307 se

182 2335 432 2406 recepit.
457 2334 595 2390 Orta
618 2338 703 2391 est
723 2341 916 2391 autem
937 2336 1230 2392 discordia
1257 2337 1544 2393 hacinter
1560 2338 1833 2394 Ottonem

182 2427 238 2478 et
268 2423 572 2494 principes
593 2424 742 2493 ejus,
776 2424 908 2493 quia
944 2424 1327 2496 promittebat
1359 2440 1598 2495 regnum
1625 2426 1740 2482 tilio
1762 2442 1835 2482 ex

185 2511 468 2568 moderna
493 2512 739 2583 conjuge
762 2516 919 2582 nato,
952 2513 1103 2584 quod
1130 2520 1437 2584 antequam
1459 2515 1683 2570 Italiam
1709 2530 1835 2587 per-

182 2605 347 2670 geret
406 2599 529 2655 ﬁlio
576 2616 681 2656 suo
726 2600 980 2658 Liutulfo
1033 2600 1429 2673 delegaverat,
1460 2606 1517 2659 et
1553 2603 1834 2674 primates

186 2705 326 2746 suos
355 2689 440 2744 illi
467 2691 668 2760 jurare
702 2690 939 2746 fecerat.
976 2690 1084 2757 Qui
1117 2690 1427 2763 Liutull‘us,
1460 2708 1589 2748 cum
1623 2693 1697 2749 ob
1728 2692 1835 2751 hoc

185 2778 370 2834 multa
404 2778 551 2834 mala
577 2778 814 2849 egisset,
842 2783 1107 2836 mortuus
1129 2784 1218 2835 est
1241 2795 1389 2837 anno
1411 2785 1533 2838 957.
1564 2781 1837 2838 Pacifica-

184 2868 269 2924 vit
307 2873 503 2923 autem
551 2868 662 2924 sibi
692 2883 795 2924 rex
825 2869 1148 2925 Conradum
1180 2869 1403 2926 ducem.

1945 1811 2129 1882 niens,
2152 1810 2470 1882 imperator
2486 1810 2558 1866 ab
2583 1809 2899 1864 Octaviano
2919 1821 3063 1879 papa
3086 1805 3449 1862 constitutus
3472 1809 3583 1862 est.

1942 1900 2156 1956 Eodem
2180 1914 2330 1956 anno
2360 1898 2501 1954 obiit
2528 1896 2806 1954 Artaldus
2830 1895 3131 1951 Remensis
3162 1896 3495 1965 episcopus,
3528 1898 3590 1949 et

1942 1988 2236 2045 celebrata
2268 1994 2361 2044 est
2388 1986 2645 2058 synodus
2673 1986 2728 2040 in
2765 2000 2911 2057 pago
2955 1984 3233 2039 Meldensi
3267 1998 3443 2054 super
3474 1984 3586 2038 Ma-

1943 2082 2169 2135 ternam
2208 2077 2470 2145 ﬂuvium,
2513 2075 2611 2131 ubi
2641 2074 2947 2129 ordinatus
2974 2076 3063 2128 est
3098 2070 3432 2141 Wigfredus
3463 2071 3588 2126 Vir-

1943 2166 2220 2223 dunensis
2243 2165 2581 2236 episcopus,
2609 2163 2837 2219 vivente
2860 2162 3047 2218 adhuc
3071 2160 3282 2215 domno
3306 2160 3584 2228 Berenge-
3662 2223 3675 2235 υ

1944 2255 2030 2311 rio
2061 2253 2411 2310 Virdunensi
2454 2253 2733 2325 episcopo
2760 2255 2820 2307 et
2851 2250 3046 2307 sedem
3086 2249 3463 2321 episcopatus
3503 2255 3586 2303 te-

1944 2348 2139 2400 nente.
2176 2342 2494 2398 Ordinatus
2516 2344 2602 2397 est
2624 2345 2816 2396 autem
2838 2340 2909 2394 ab
2929 2339 3015 2393 eis
3035 2338 3257 2406 absque
3286 2336 3586 2392 conscien-

1947 2432 2029 2487 tia
2060 2429 2518 2501 metropolitani,
2554 2443 2622 2485 eo
2655 2428 2807 2497 quod
2850 2428 3060 2483 domno
3101 2424 3450 2493 Berengerio
3482 2423 3586 2479 ini-

1946 2520 2321 2589 micarentur,
2357 2516 2510 2589 quod
2543 2515 2807 2573 conciliis
2846 2529 3045 2571 eorum
3088 2514 3373 2569 interesse
3405 2512 3585 2569 nollet

1945 2614 2005 2665 et
2054 2607 2317 2680 quadam
2357 2622 2561 2663 eorum
2608 2607 2756 2661 facta
2806 2604 3175 2675 inprobaret;
3228 2603 3380 2657 unde
3431 2602 3587 2657 nacti

1945 2698 2310 2755 occasionem
2330 2711 2461 2753 cum
2484 2695 2842 2751 incumberet
2868 2692 2954 2749 eis
2974 2691 3265 2748 ordinatio
3285 2691 3588 2747 Remensis

1946 2786 2249 2856 acclesia,
2283 2786 2453 2857 cujus
2486 2787 2654 2841 erant
2681 2781 3051 2851 suﬁ‘raganei,
3083 2780 3503 2837 ordinaverunt
3531 2785 3591 2835 et

1945 2877 2100 2933 hunc
2122 2877 2184 2932 ut
2210 2875 2492 2931 haberent
2523 2888 2652 2930 eum
2683 2870 3064 2928 conciliorum
3096 2884 3331 2927 suorum
3354 2884 3590 2925 consor-

259 2956 383 3026 (τοι.
418 2955 551 3027 70’.)
585 2959 746 3013 Anno
774 2961 894 3013 953.
949 2957 1247 3027 Vigfridus
1300 2958 1668 3016 Coloniensis
1717 2959 1837 3030 epi-
1867 3003 1918 3070 Ο
1944 2969 2063 3021 tem
2091 2968 2150 3020 et
2181 2963 2375 3035 operis
2424 2961 2788 3034 participem,
2842 2958 3003 3030 quasi
3056 2958 3153 3029 qui
3197 2955 3357 3014 illum
3390 2956 3459 2990 "3
3491 2958 3589 3028 qui

187 3062 409 3119 scopus
432 3047 601 3118 obiit,
617 3051 677 3103 et
692 3049 880 3104 Bruno
902 3048 1252 3118 fraterregis
1267 3049 1502 3107 Ottonis
1523 3049 1833 3122 successit,

186 3137 281 3193 cui
315 3137 458 3192 Otto
490 3151 730 3207 regnum
760 3136 1138 3194 Lotbariense
1168 3139 1479 3196 commisit.

260 3228 429 3282 Anno
457 3226 529 3282 ab
558 3226 672 3281 ine.
720 3227 878 3282 Dom.
930 3231 1036 3282 955
1066 3226 1136 3260 ’τ’
1162 3228 1305 3283 obiit
1360 3227 1689 3285 Ludovicus
1738 3244 1840 3286 rex

186 3317 571 3385 Francorum,
595 3319 656 3370 et
683 3314 961 3386 Agapitus
989 3330 1138 3387 papa
1170 3317 1338 3387 obiit,
1371 3317 1839 3389 Octavianusque

188 3404 504 3473 successit,
529 3408 586 3459 et
615 3403 828 3460 bellum
852 3404 1005 3461 inter
1029 3405 1299 3461 Ottonem
1321 3410 1379 3462 et
1400 3408 1624 3476 Ungros
1646 3406 1700 3462 in
1726 3422 1840 3478 quo

188 3493 329 3548 victi
360 3498 500 3549 sunt
532 3492 708 3562 Ungri
742 3495 773 3548 4
802 3493 940 3550 Idus
970 3494 1219 3563 Augusti
1252 3493 1384 3550 anni
1427 3495 1746 3565 sequentis,
1782 3496 1840 3551 in

189 3596 307 3654 quo
340 3581 498 3639 bello
529 3582 829 3638 Conradus
853 3581 970 3637 dux
993 3582 1134 3639 obiit
1165 3583 1280 3653 jam
1311 3598 1440 3640 cum
1474 3598 1544 3640 eo
1578 3584 1843 3655 paciﬁca-

190 3676 306 3727 tus.
355 3669 600 3741 (Cltron.
633 3670 796 3740 Div.)
839 3669 1169 3728 Ludovicus
1200 3670 1712 3744 itaquejprafatus
1742 3687 1841 3729 rex

190 3760 549 3815 Francorum
576 3757 779 3814 eodem
802 3772 952 3814 anno
976 3758 1252 3829 moriens,
1282 3760 1427 3817 duos
1451 3760 1670 3817 dimisit
1702 3760 1845 3817 libe-

190 3862 291 3904 ros
323 3847 662 3903 Lotharium
684 3851 740 3902 et
765 3846 1053 3917 Carolum,
1081 3862 1225 3919 quos
1244 3850 1448 3919 genuit
1470 3849 1521 3904 ei
1548 3850 1842 3920 Gerberga

190 3951 360 3992 soror
376 3936 612 3991 Ottonis
626 3935 1001 4007 imperatoris
1014 3935 1385 4008 Karolus,qui
1400 3938 1638 3995 Juvenis
1651 3938 1845 3996 dictus

188 4030 303 4094 est,
338 4024 609 4096 privatus
640 4024 857 4094 senuit,
885 4024 938 4079 in
964 4024 1351 4081 hereditatem
1384 4041 1609 4083 omnem
1642 4027 1846 4084 Lotha-

193 4114 317 4171 rius
330 4113 641 4170 successit.
661 4113 764 4169 ilic
779 4112 1111 4169 Mathildem
1138 4128 1400 4171 sororem
1418 4130 1584 4185 quam
1602 4115 1846 4188 despon-

190 4204 278 4259 dit
322 4200 592 4259 Conrado
629 4201 753 4272 regi
799 4201 1171 4273 Burgundia,
1203 4207 1263 4259 et
1294 4203 1349 4259 in
1379 4202 1569 4260 dotem
1600 4204 1758 4262 dedit
1791 4206 1843 4262 ei

192 4289 560 4360 Lugdunum,
596 4305 724 4361 qua
760 4290 871 4346 sita
904 4294 993 4347 est
1023 4290 1080 4346 in
1112 4292 1360 4348 termino
1392 4293 1555 4362 regni
1588 4295 1846 4365 Burgun-

1950 3053 2302 3126 prasidebat
2332 3066 2437 3123 pro
2468 3049 2628 3105 nullo
2660 3050 2963 3116 haberent,
3000 3061 3167 3117 quem
3200 3046 3308 3102 sibi
3340 3046 3397 3101 in
3428 3046 3589 3102 nullo

1947 3143 2225 3200 videbant
2247 3139 2552 3196 adclinem.
2571 3137 2697 3210 (ὲὺ.)
2715 3136 2995 3205 Abjectus
3012 3139 3098 3192 est
3123 3135 3298 3190 etiam
3321 3134 3400 3190 ibi
3426 3136 3590 3204 Hugo

1948 3230 2250 3287 Remensis
2279 3242 2557 3300 pervasor
2588 3242 2618 3283 a
2652 3227 2901 3282 Romana
2944 3223 3163 3295 synodo
3203 3221 3593 3280 excommuni-

1949 3323 2135 3390 catus,
2156 3324 2215 3374 et
2239 3317 2547 3373 Odelricus
2567 3314 2996 3371 inthronizatus
3019 3328 3049 3369 a
3069 3312 3310 3368 Widone
3330 3310 3591 3368 Suessio-

1950 3408 2135 3479 nensi,
2162 3407 2445 3463 Roricone
2475 3403 2864 3473 Laudunensi,
2886 3403 3134 3459 Gibuino
3157 3400 3587 3471 Catalaunensi,

1950 3495 2244 3567 Wigfredo
2273 3495 2644 3565 Virdunensi,
2701 3492 2950 3549 Aistull’o
2996 3491 3387 3548 Noviomensi.
3422 3491 3593 3546 Octa-

1952 3586 2158 3643 vianus
2188 3589 2381 3641 autem
2410 3599 2577 3655 papa,
2604 3598 2734 3639 cum
2758 3581 2828 3638 de
2851 3580 3299 3650 inreligiositate
3328 3579 3597 3651 culpare-

1951 3678 2069 3746 tur,
2104 3690 2158 3730 a.
2190 3678 2313 3743 962,
2348 3675 2581 3729 Romam
2622 3671 2785 3742 exiit,
2820 3674 2877 3727 et
2908 3671 2963 3726 in
2996 3670 3183 3727 locum
3224 3669 3350 3739 ejus
3386 3670 3596 3725 Johan-

1955 3781 2058 3822 nes
2076 3766 2174 3821 XII
2191 3763 2551 3821 substitutus
2569 3766 2678 3818 est.
2705 3762 2915 3817 Verum
2941 3759 3166 3816 Othone
3191 3760 3544 3831 imperatore
3561 3774 3592 3814 a

1954 3854 2130 3908 Roma
2174 3864 2466 3919 regresso,
2502 3847 2880 3904 Octavianum
2929 3846 3169 3902 Romani
3222 3848 3589 3917 receperunt,

1955 3957 2052 4013 qui
2083 3955 2195 3997 non
2241 3938 2424 3995 multo
2473 3942 2604 4009 post
2652 3936 2963 3993 defunctus
2992 3939 3100 3991 est.
3131 3935 3423 3991 Johannes
3453 3948 3593 3990 vero

1954 4045 2084 4086 cum
2118 4030 2471 4099 imperatore
2498 4026 2731 4098 Papiam
2752 4024 2931 4081 venit.
2956 4024 3197 4079 Interim
3226 4023 3462 4079 Romani
3494 4024 3595 4078 Dc-

1956 4118 2249 4175 nedictum
2279 4115 2581 4186 elegerunt
2622 4114 2717 4185 qui
2748 4112 3022 4169 electioni
3050 4112 3326 4168 Johannis
3357 4126 3597 4167 consen-

1956 4212 2112 4265 serat
2137 4206 2266 4263 etei
2290 4218 2521 4276 semper
2540 4202 2812 4260 subditus
2832 4201 3038 4257 fuerat.
3064 4200 3174 4256 Sed
3198 4200 3334 4254 Otto
3356 4201 3592 4255 Romam

1958 4310 2228 4353 reversus
2254 4294 2571 4350 Johannem
2615 4290 2834 4363 judicio
2874 4288 3141 4359 synodali
3170 4288 3227 4342 in
3258 4288 3393 4345 sede
3425 4288 3597 4344 resti-

191 4379 325 4449 dia,
350 4384 413 4433 et
446 4382 577 4434 erat
607 4384 747 4435 tunc
777 4378 1064 4450 temporis
1092 4380 1242 4450 juris
1274 4381 1434 4451 regni
1468 4364 1840 4440 Francorum.
1873 4364 1926 4426 D
1954 4386 2090 4457 tuit,
2111 4384 2482 4441 Benedictum
2496 4379 2807 4451 vero,quia
2824 4378 3007 4449 patris
3021 4376 3213 4434 cubile
3227 4377 3593 4447 ascenderat,

192 4469 268 4524 De
301 4469 413 4524 hac
444 4466 709 4525 Mattilde
740 4467 976 4538 genitus
1007 4470 1097 4524 est
1132 4468 1418 4526 Rodull‘us
1452 4485 1557 4527 rex
1589 4473 1846 4543 Burgun-

193 4556 327 4626 dia,
352 4556 453 4626 qui
479 4561 612 4627 post
635 4560 858 4628 patrem
882 4571 1049 4613 suum
1077 4556 1405 4614 Conradum
1423 4559 1683 4630 suscepit
1709 4561 1847 4617 Bur-

192 4646 431 4716 gundia
462 4659 726 4715 regnum,
756 4646 927 4700 Berta
951 4644 1128 4700 etiam
1155 4659 1324 4715 quam
1356 4646 1585 4719 accepit
1607 4648 1729 4705 Odo
1750 4651 1850 4706 Te-

194 4734 387 4790 tbaldi
416 4732 486 4766 ’τί
517 4733 890 4789 Carnotensis
918 4733 1091 4803 ﬁlius,
1116 4748 1188 4789 ex
1211 4748 1322 4805 qua
1344 4735 1545 4805 genuit
1569 4736 1846 4809 Odonem,

192 4824 293 4895 qui
327 4821 485 4894 apud
519 4823 758 4879 Barrum
802 4822 980 4889 obiit;
1011 4821 1325 4880 Tetbaldus
1352 4824 1502 4881 enim
1537 4828 1852 4884 Carnoten-

194 4912 299 4981 sis,
331 4912 507 4983 cujus
534 4925 854 4981 cognomen
898 4910 1008 4967 luit
1043 4911 1324 4983 Tricator,
1358 4913 1456 4983 qui
1503 4913 1848 4972 Willelmum

193 5002 691 5058 Nortmannorum
717 5000 853 5057 dolo
877 4999 1195 5071 interfecit,
1221 5014 1295 5057 ex
1318 5015 1523 5059 sorore
1557 5002 1848 5060 Heriberti

1958 4475 2287 4547 depositum
2312 4473 2367 4529 in
2391 4470 2693 4528 Saxoniam
2727 4484 2925 4525 secum
2957 4467 3144 4525 duxit.
3182 4468 3282 4525 Hic
3317 4467 3450 4524 fecit
3485 4467 3599 4539 pri-

1957 4564 2231 4634 vilegium
2256 4560 2540 4619 acclesia
2554 4558 2738 4616 sancti
2759 4556 2951 4614 Vitoni
2966 4556 3038 4613 de
3050 4557 3319 4613 omnibus
3334 4557 3511 4612 rebus
3525 4554 3595 4610 ad

1956 4666 2080 4708 eam
2129 4649 2559 4722 pertinentibus
2586 4648 2742 4717 juste
2772 4645 3073 4702 concessis
3110 4648 3169 4701 et
3206 4642 3598 4701 concedendis

1960 4738 2241 4812 petitione
2278 4736 2472 4794 domni
2506 4734 2839 4805 Berengerii
2869 4733 3151 4805 episcopi,
3183 4736 3240 4788 et
3274 4729 3595 4788 acclesiam

1958 4829 2145 4901 ipsam
2160 4827 2283 4883 sive
2301 4824 2716 4881 monasterium
2738 4821 3098 4879 conﬁrmavit
3123 4817 3468 4874 Virdunensi
3491 4832 3599 4874 ac-

1960 4916 2173 4985 clesia,
2206 4918 2476 4971 statuens
2505 4917 2680 4983 atque
2712 4910 3083 4983 promulgans
3107 4911 3168 4964 ut
3200 4906 3304 4961 ﬁlii
3335 4905 3598 4963 ecclesia

1960 5001 2365 5065 Virdunensis.
2389 5001 2485 5073 qui
2506 4999 2767 5058 seculum
2792 4999 3064 5056 deserere
3082 4994 3429 5067 voluissent,
3450 4995 3507 5052 in
3528 5008 3599 5052 eo

1564 5126 1801 5184 VARIIE
1844 5128 2242 5186 LECTIONES.

264 5249 357 5304 που.
396 5248 554 5321 p,_n.
590 5263 642 5304 e.
680 5250 808 5321 pA.
845 5260 894 5304 a.
930 5247 1022 5305 vr.
1055 5245 1304 5305 inserta.
1383 5246 1453 5282 ’το
1481 5249 1851 5310 DCCCCLIIII
1899 5266 2051 5311 corr.
2106 5250 2438 5309 naccam.
2517 5247 2707 5306 mite
2753 5260 2803 5305 c.
2878 5244 2949 5279 ’τι
2999 5248 3061 5302 et
3110 5246 3167 5301 F.
3226 5245 3284 5300 c.
3337 5242 3598 5304 inserta.

1791 5392 2015 5449 ΝΟΤιΕ.

194 5320 267 5354 ’⁷³
293 5334 346 5379 c.
398 5318 596 5376 alium.

269 5480 390 5551 (77)
423 5477 756 5537 Heinricum
786 5479 834 5535 II
866 5476 1154 5541 bal-edem
1181 5475 1456 5537 instituit.
