3960 6052
353 214 459 276 191

1318 206 1685 275 aueoms
1729 172 2081 272 ABDATIS
2124 202 2802 270 FLAVINIACENSIS

3645 201 3761 264 192

350 344 733 405 monasticum
763 345 1025 405 habitum
1058 346 1447 423 susciperent,
1494 360 1597 403 nec
1643 340 1711 401 ad
1755 342 2000 399 externa
2032 339 2088 401 A
2119 340 2269 412 iuro,
2293 336 2397 399 abi
2417 353 2575 414 pana
2601 337 2830 411 crescit,
2856 338 2916 398 et
2929 338 3185 413 spiritus
3202 336 3460 398 hominis
3489 335 3560 397 de
3580 336 3676 397 die
3694 338 3768 397 in

352 436 707 492 monasteria
724 435 1309 506 demigrarent.Quod
1324 438 1379 493 et
1398 436 1524 507 ipse
1539 436 1785 492 domnus
1800 432 2005 487 Beren-

351 524 553 595 gerius
584 524 905 596 adimplere
931 524 1177 593 studuit,
1208 525 1362 595 dum,
1391 526 1606 595 rejecta
1642 520 2005 594 praelationis

365 614 614 683 sarcina,
644 618 706 669 ut
726 613 922 682 justus
940 614 1371 682 justiﬁcaretur
1389 615 1597 677 adhuc,
1624 611 2003 668 monasticam

363 703 626 759 habitum
672 704 929 773 suscepit
964 704 1018 757 in
1050 705 1250 759 eodem
1283 704 1567 771 coenobio,
1602 702 1864 759 serviens
1890 702 2003 755 Deo

362 792 415 846 in
436 792 871 863 incorruptione
887 792 1131 847 modesti
1149 794 1203 846 et
1221 792 1400 862 quieti
1418 792 1684 862 spiritus,
1701 795 1758 847 et
1774 790 2005 846 nichilo‘

359 880 550 937 minus
574 879 879 948 invigilans
898 880 1071 936 saluti
1098 880 1541 936 commissarum
1558 879 1666 936 sibi
1684 880 2000 934 animarum

358 983 463 1039 pro
513 969 667 1023 votis
716 969 1080 1039 populorum,
1129 968 1222 1039 qui
1273 969 1547 1023 nolebant
1596 968 1764 1023 alteri
1800 968 1852 1021 in
1882 967 1999 1022 vita

359 1056 485 1125 ejus
519 1058 783 1125 subesse,
808 1072 876 1112 eo
900 1057 1051 1127 quod
1088 1061 1328 1113 strenuo
1352 1057 1716 1113 munirentur
1743 1060 1997 1126 pastore,

356 1145 452 1214 qui
480 1147 696 1214 quanto
715 1146 956 1200 Domino
971 1146 1434 1217 approximabat,
1455 1150 1616 1199 tanto
1630 1143 2000 1200 strenuitatis

360 1236 419 1287 et
453 1233 713 1303 benigna)
748 1233 1025 1303 puritatis
1050 1248 1167 1287 suae
1196 1233 1520 1288 certissima
1556 1233 1732 1287 dabat
1764 1231 1994 1286 indicia.

363 1319 510 1386 Quid
544 1325 735 1376 autem
766 1321 1185 1387 intercesserit,
1221 1319 1373 1389 quod
1407 1321 1667 1390 pontifex
1694 1323 1872 1374 tantae
1903 1334 2001 1374 au-

358 1409 653 1465 ctoritatis
670 1414 729 1464 et
747 1411 951 1478 gratiae
978 1409 1307 1464 monasticae
1326 1425 1384 1464 se
1406 1409 1621 1478 regula;
1642 1409 2001 1480 mancipave-

356 1496 452 1566 rit,
482 1495 649 1564 cujus
669 1497 785 1552 vita
815 1496 1146 1551 sanctitatis
1165 1500 1290 1551 erat
1316 1497 1638 1567 speculum,
1667 1496 1856 1552 lumen
1883 1496 2001 1551 ani-

357 1598 601 1651 morum,
630 1583 807 1639 decus
839 1584 1083 1654 piorum,
1111 1588 1305 1641 terror
1334 1586 1740 1655 reproborum,
1770 1584 1901 1653 quia
1927 1583 1996 1638 ad

358 1671 412 1726 id
436 1670 691 1726 locorum
713 1672 1069 1739 devenimus,
1094 1676 1326 1743 patrum
1347 1673 1500 1728 dicta
1527 1676 1843 1742 sequentes
1864 1686 1995 1742 pau-
2029 1697 2083 1757 Β

355 1758 440 1815 eis
469 1758 905 1829 explicabimus.
946 1759 1246 1815 Familiare
1270 1764 1393 1816 erat
1419 1760 1546 1817 viro
1572 1762 1742 1815 beato
1766 1764 2001 1815 noctur-

358 1847 542 1902 nalem
580 1848 825 1902 sinaxim
864 1848 1193 1918 vigiliarum
1226 1854 1284 1904 et
1316 1849 1642 1905 orationum
1677 1847 1998 1919 praevenire

364 1935 659 2005 instantia,
712 1936 982 2005 quatinus
1031 1937 1317 1992 sacriﬁcio
1350 1937 1590 1993 contriti
1622 1939 1678 1992 et
1713 1935 1998 1993 humiliati

354 2023 615 2093 spiritus,
670 2025 902 2095 superni
954 2024 1306 2095 inspectoris
1356 2026 1559 2081 oculos
1608 2040 1783 2096 super
1829 2039 1889 2080 se
1940 2027 1996 2079 et

356 2126 531 2182 super
560 2112 928 2168 commissum
959 2113 1068 2168 sibi
1100 2128 1334 2184 gregem
1364 2114 1666 2169 intendere
1699 2112 1997 2168 cotidiana

358 2201 1301 2269 provocaretvotorumindustria.
1330 2201 1434 2270 (Cf.
1462 2200 1641 2258 Gesta
1680 2201 1868 2271 Vird.)
1897 2201 1998 2256 Cui

355 2289 514 2358 operi
551 2289 684 2344 dum
709 2304 771 2344 se
797 2304 905 2344 una
939 2294 1107 2345 nocte
1141 2289 1493 2360 accingeret,
1518 2294 1598 2357 et,
1626 2305 1740 2345 uno
1774 2292 1999 2344 tantum

357 2378 673 2432 contentus
708 2377 916 2432 comite
958 2373 1348 2447 qui'luccrnze
1379 2378 1429 2431 ei
1466 2377 1855 2434 famulabatur
1885 2376 2002 2432 ofﬁ-

351 2465 464 2534 cio,
502 2465 829 2521 secclesiam
865 2466 1241 2537 principalem
1273 2472 1491 2523 sanctm
1515 2466 1703 2523 Mariae
1736 2465 2002 2535 ingrede-

359 2557 545 2623 retur,
582 2553 705 2622 (fol.
730 2554 843 2625 71.)
878 2554 1011 2609 dum
1037 2555 1449 2626 pedetemptim
1473 2555 1747 2625 gradiens
1779 2554 1999 2611 nullum

368 2641 486 2698 illic
536 2656 668 2697 esse
718 2646 952 2713 putaret
983 2643 1036 2697 in
1071 2658 1239 2713 quem
1271 2644 1616 2713 offenderet,
1649 2658 1778 2700 eum
1811 2642 2001 2699 omnia

370 2729 634 2800 silerent,
668 2735 724 2785 et
759 2732 931 2785 etiam
957 2730 1002 2787 si
1027 2732 1124 2800 qui
1154 2731 1367 2787 occulti
1400 2736 1667 2788 oratores
1698 2732 1774 2787 ibi
1805 2734 2000 2788 essent

363 2818 638 2875 adventui
673 2834 776 2875 suo
807 2833 910 2875 eos
936 2819 1145 2875 cedere
1174 2820 1467 2891 crederet,
1493 2821 1545 2876 in
1573 2821 1695 2892 ipso
1728 2821 1888 2877 chori
1923 2821 2004 2875 in-

361 2921 585 2977 gressu,
621 2908 754 2973 dum
775 2907 882 2964 sibi
920 2908 1107 2964 minus
1134 2914 1321 2979 cavet,
1358 2910 1596 2966 offendit
1622 2910 1675 2965 in
1701 2910 1999 2980 clericum,

366 2994 596 3051 nomine
630 2996 986 3065 Bernerium,
1016 2998 1388 3068 praepositum
1414 2998 1673 3069 ejusdem
1698 2998 1999 3067 zecclesiae,

359 3084 455 3154 qui
490 3088 629 3140 tunc
654 3050 803 3141 forte
825 3050 2002 3156 soloiplrostrratusﬁmatutina—ri
2034 3050 2085 3116 C‘

358 3172 613 3249 Virginis
634 3173 980 3229 decantabat
1005 3188 1262 3243 cursum,
1280 3178 1359 3243 et,
1381 3178 1441 3230 ut
1457 3179 1585 3245 post
1610 3175 1817 3247 patuit,
1840 3178 2003 3231 totus

359 3260 429 3315 ad
453 3259 661 3317 altiora
688 3276 872 3332 penna
890 3262 1218 3317 devotionis
1243 3262 1580 3333 subreptus,
1600 3263 1653 3318 in
1670 3264 1874 3320 matris
1897 3264 2004 3319 Do-

363 3348 498 3403 mini
516 3362 578 3403 se
591 3349 942 3404 extendebat
965 3349 1252 3406 laudibus.
1272 3350 1451 3415 Quem
1476 3351 1736 3422 pontifex
1760 3352 1884 3408 solo
1909 3352 2003 3408 he-

358 3437 581 3492 rentem
597 3436 705 3493 sibi
721 3437 1124 3493 adsurrexisse
1140 3454 1252 3494 non
1269 3438 1492 3509 videns,
1512 3439 1656 3510 pede
1683 3440 1996 3511 percussit,

357 3525 761 3595 etutcederet,
788 3540 996 3581 vereor
1024 3528 1135 3599 [ne,
1154 3528 1213 3581 E.
1230 3526 1315 3597 P.]
1346 3542 1454 3582 non
1472 3528 1597 3583 sine
1614 3527 1804 3598 aliqua
1827 3528 1998 3584 animi

358 3613 797 3684 stomacatione,
823 3614 1158 3669 ammonuit.
1188 3616 1260 3669 At
1280 3614 1576 3685 illejussis
1601 3617 1815 3688 paruit,
1837 3620 2001 3673 etse-

356 3701 570 3756 cedens
592 3702 645 3756 in
672 3707 917 3773 partem,
954 3702 1295 3757 intendebat
1321 3702 1411 3759 his
1442 3718 1569 3774 qua:
1601 3708 1859 3775 ceperat.
1896 3706 2002 3760 Ve-

358 3804 484 3845 rum
516 3789 846 3846 matutinali
888 3791 1141 3846 decurso
1181 3790 1391 3860 ofﬁcio,
1435 3792 1531 3848 ubi
1565 3792 1779 3864 praesul
1810 3793 2000 3849 fessos

355 3878 560 3933 stratis
584 3877 788 3933 indidit
814 3883 1000 3947 artus,
1027 3878 1188 3934 adest
1220 3879 1386 3934 beata
1411 3880 1509 3935 Dei
1534 3880 1788 3950 genitrix
1812 3881 2003 3937 beatis

358 3966 562 4022 dextra
596 3965 837 4037 levaque
857 3967 1131 4023 comitata
1153 3967 1480 4037 virginibus
1510 3971 1669 4039 Agne
1703 3974 1879 4040 atque
1901 3971 2000 4025 Te-

355 4054 471 4123 cla,
501 4070 570 4111 eo
599 4054 798 4112 habitu
830 4059 1005 4126 atque
1039 4055 1268 4111 decenti
1302 4062 1584 4127 apparatu
1620 4073 1732 4128 quo
1763 4058 1998 4128 agnosci

358 4146 559 4215 posset
596 4145 665 4199 ab
698 4143 970 4200 omnibus
988 4149 1173 4199 mater
1194 4147 1255 4198 et
1276 4159 1483 4216 sponsa
1516 4146 1691 4216 Regis
1720 4148 1996 4217 omnium,

357 4232 517 4289 salus
542 4237 602 4287 et
625 4231 875 4288 dulcedo
900 4232 1173 4289 ﬁdelium.
1214 4233 1465 4304 Cumque
1486 4233 1639 4290 lecto
1662 4235 1845 4306 ipsius
1865 4234 2001 4291 asti-

356 4319 551 4387 tisset,
586 4323 645 4376 et
670 4320 923 4390 jacentis
955 4321 1181 4376 animus
1204 4320 1273 4376 ad
1298 4325 1476 4377 tanta;
1504 4321 1747 4378 visionis
1776 4322 2000 4377 novita-

356 4411 475 4463 tem
529 4410 776 4478 stupens
819 4410 1078 4479 hereret,
1114 4410 1186 4464 ab
1217 4409 1417 4464 eadem
1469 4410 1661 4479 regina
1712 4411 1997 4480 virginum
2027 4400 2083 4463 D

358 4493 567 4551 blande
591 4500 681 4550 est
707 4495 1029 4565 requisitus
1049 4512 1178 4551 cum
1206 4496 1482 4553 clericum
1512 4513 1676 4554 suum
1702 4499 1810 4554 sibi
1831 4500 2001 4556 devo-

355 4585 499 4651 tum,
558 4597 753 4639 secum
807 4583 1159 4654 loquentem,
1204 4585 1275 4640 ad
1308 4600 1369 4641 se
1403 4590 1588 4642 totum
1637 4602 1996 4658 suspensum,

356 4669 503 4744 pede
533 4670 911 4743 percusserit,
936 4676 997 4726 et
1022 4672 1093 4728 de
1126 4671 1276 4742 loco,
1309 4687 1424 4744 quo
1455 4674 1506 4729 ei
1542 4677 1792 4745 astabat,
1819 4676 2001 4731 demi-

355 4773 527 4829 grare
556 4759 835 4830 coegerit,
869 4757 1353 4831 devotionemque
1382 4761 1525 4833 ejus,
1553 4777 1663 4833 qua
1687 4778 1883 4820 secum
1914 4768 2001 4821 to-

356 4851 451 4904 tus
480 4848 704 4918 aderat,
758 4847 1108 4919 impedierit.
1144 4849 1268 4916 Quo
1300 4849 1510 4906 silente
1541 4856 1602 4906 et
1630 4852 1851 4908 vultum
1886 4868 1999 4910 ma-

357 4935 467 4991 tris
490 4936 913 4993 miserieordiaz
936 4936 1295 4994 conscientia
1318 4938 1545 5010 trepida
1571 4940 1865 5011 respicere
1892 4942 2001 4997 for-

357 5021 631 5094 midante,
686 5023 790 5081 sed
840 5029 1031 5081 tamen
1064 5024 1134 5081 de
1165 5026 1293 5096 ejus
1321 5026 1718 5083 misericordia
1764 5043 1874 5084 non
1905 5029 1999 5085 de-

358 5115 653 5181 sperante,
681 5112 757 5166 ait
785 5112 1079 5182 singulare
1111 5113 1457 5169 miserorum
1489 5114 1837 5185 confugium,
1864 5130 1998 5186 spes

356 5201 414 5253 et
448 5198 771 5254 consolatio
804 5199 1141 5258 humilium:
1169 5202 1326 5258 Bene
1344 5202 1584 5271 quidem
1602 5202 1788 5259 michi
1816 5205 2000 5261 servi-

353 5283 457 5354 sti,
476 5283 615 5341 bene
624 5284 692 5343 in
702 5287 969 5345 (ecclesia
980 5301 1115 5345 rica
1132 5288 1442 5358 laborasti,
1462 5289 1566 5346 sed
1580 5303 1736 5348 nunc
1750 5290 1819 5347 at
1832 5291 1998 5348 homo

355 5373 597 5443 errasti,
628 5373 689 5430 et
709 5374 926 5432 melius
947 5375 1040 5433 est
1062 5376 1137 5433 at
1170 5390 1328 5434 nunc
1357 5377 1545 5435 errati
1562 5390 1787 5450 penam
1811 5381 1999 5439 susci-

352 5461 510 5532 pias,
534 5459 639 5521 abi
647 5474 810 5534 1mm
828 5463 1183 5534 omnis/iiiis
1204 5463 1292 5521 est
1306 5463 1580 5536 obnoxia,
1605 5480 1788 5539 quam
1813 5467 1996 5539 infa-

2117 431 2275 488 diem
2287 430 2610 487 renovatur
2627 431 2956 502 adponam.
2985 431 3100 488 Pes
3117 428 3331 502 igitur,
3352 442 3467 501 quo
3479 426 3762 500 peccasti,

2109 534 2298 591 peras
2332 519 2478 589 luat,
2499 520 2572 577 ut
2589 520 2919 591 agnoscant
2944 532 3140 577 omnes
3160 520 3228 577 in
3258 519 3311 576 te
3331 519 3481 590 quia
3507 518 3767 589 diligen-

2118 609 2203 666 tes
2221 622 2312 665 me
2333 609 2543 679 diligo,
2560 610 2969 665 etmemoriam
2983 607 3484 681 mei/actentibus
3493 621 3578 680 pa
3587 607 3763 664 troci-

2114 699 2383 755 narinon
2397 697 2629 755 desisto.
2659 699 2756 753 His
2781 697 2957 753 dictis
2977 698 3200 753 beatam
3227 697 3508 766 virginem
3530 696 3759 752 Teclam

2117 787 2428 842 ammonuit
2464 793 2527 842 ut
2560 787 2740 856 virga,
2778 801 2945 856 quam
2981 787 3226 853 ferebat,
3264 786 3469 856 pedem
3495 786 3622 855 ejus
3645 801 3760 856 quo

2114 874 2392 931 clericum
2425 879 2799 946 percusserat
2828 876 3086 931 cederet.
3119 874 3316 929 Visum
3349 878 3440 929 est
3474 874 3754 946 pontiﬁci,

2116 964 2417 1034 sensitque
2465 979 2527 1020 se
2580 979 2815 1033 caesum,
2869 964 3000 1034 quia
3033 966 3089 1019 et
3121 962 3425 1018 confestim
3478 978 3581 1034 pes
3631 963 3761 1032 ejus

2114 1051 2288 1121 aruit,
2323 1066 2396 1106 ex
2426 1067 2539 1122 quo
2582 1053 2851 1108 omnibus
2897 1052 3104 1108 diebus
3154 1051 3288 1106 vitae
3318 1066 3436 1107 suae
3468 1051 3761 1108 claudica-

2112 1141 2214 1196 vit.
2244 1141 2287 1196 Ο
2313 1143 2598 1212 stupenda
2634 1142 2837 1197 matris
2871 1141 3090 1196 Domini
3126 1141 3332 1212 pietas,
3361 1131 3488 1210 quae
3522 1140 3757 1212 pontiﬁ-

2046 1218 2053 1229 ’
2113 1243 2236 1283 cem
2262 1244 2428 1284 suum
2452 1230 2562 1285 sibi
2584 1229 2836 1285 ﬁdeliter
2859 1229 3208 1285 servientem
3234 1232 3288 1284 et
3319 1228 3596 1295 laudavit,
3626 1229 3759 1299 quia

2115 1316 2364 1372 ﬁdeliter
2389 1317 2498 1373 sibi
2524 1318 2795 1386 serviret,
2822 1326 2879 1373 et
2905 1322 3099 1373 tamen
3126 1322 3426 1388 peccatum
3461 1315 3607 1387 ejus,
3644 1332 3759 1387 quo

2114 1405 2167 1459 in
2200 1420 2498 1477 conservo,
2553 1405 2687 1461 licet
2740 1410 3017 1476 quantum
3048 1407 3117 1462 ad
3148 1406 3391 1476 gradum
3434 1406 3756 1462 sacerdotii

2114 1492 2394 1562 infcriori,
2430 1498 2794 1564 peccaverat,
2833 1493 3158 1564 inpunitum
3192 1493 3489 1549 dimittere
3522 1493 3706 1550 noluit
3743 1513 3756 1549 :

2114 1579 2221 1635 hoc
2255 1580 2662 1637 demonstrans
2712 1581 2942 1649 indicio,
2976 1596 3037 1637 se
3064 1581 3230 1651 juxta
3274 1596 3407 1637 esse
3448 1578 3756 1637 clamanti-

2116 1669 2223 1724 bus
2244 1669 2313 1724 ad
2338 1684 2417 1737 se,
2440 1673 2497 1723 ct
2520 1669 2835 1725 vindictam
2866 1685 3083 1739 eorum,
3111 1670 3156 1726 si
3184 1670 3289 1726 lesi
3317 1670 3553 1741 fuerint,
3582 1670 3757 1726 etiam

2114 1757 2169 1811 in
2198 1756 2558 1814 domesticos
2592 1762 2849 1828 paratam
2887 1758 3117 1815 ulcisci!
3157 1758 3517 1814 Claudicavit
3560 1759 3761 1829 itaque

2113 1845 2446 1916 episcopus,
2482 1847 2613 1917 quia
2647 1852 2839 1903 motus
2859 1851 2946 1903 est
2981 1847 3052 1903 ad
3076 1847 3343 1917 injuriam
3374 1848 3620 1917 proximi
3658 1862 3762 1919 pes

2113 1932 2259 2003 ejus,
2295 1939 2352 1989 et
2385 1933 2551 1990 eﬁ‘usi
2585 1941 2718 1991 sunt
2744 1949 2988 2004 gressus
3008 1935 3150 2004 ejus.
3180 1935 3286 1990 Sed
3312 1935 3512 1992 didicit
3544 1935 3600 1990 in
3634 1935 3757 2007 ipsa

2114 2035 2216 2077 sua
2252 2022 2591 2077 inﬁrmitate
2613 2038 2850 2092 gressus
2883 2028 3074 2079 rectos
3109 2024 3317 2093 facere,
3346 2024 3463 2093 ubi,
3494 2024 3642 2094 quod
3669 2039 3759 2079 ar-

2114 2110 2375 2179 rogantia
2407 2110 2753 2182 deliquerat,
2798 2110 3023 2168 studuit
3058 2112 3388 2167 humilitate
3433 2112 3753 2181 corrigere.

2113 2198 2272 2253 Mane
2305 2198 2521 2254 etenim
2559 2200 2730 2269 facto,
2756 2216 2884 2256 cum
2912 2199 3081 2255 ﬁdem
3114 2201 3310 2256 verbis
3342 2202 3558 2257 faceret
3589 2215 3760 2272 poena

2116 2286 2477 2358 temporalis,
2504 2288 2557 2342 in
2580 2292 2868 2345 conventu
2888 2288 3170 2345 aaeelesiae
3189 2288 3465 2345 clericum
3486 2303 3656 2359 quem
3684 2289 3767 2344 le-

2114 2380 2268 2430 serat
2312 2375 2634 2446 requisivit,
2680 2377 2858 2432 errati
2904 2377 3132 2448 culpam
3166 2377 3421 2447 agnovit,
3450 2378 3767 2434 confessus

2112 2469 2221 2534 est,
2250 2468 2308 2520 et
2336 2464 2485 2534 quod
2520 2465 2873 2536 patiebatur,
2901 2480 3006 2521 cur
3031 2469 3334 2536 pateretur
3354 2464 3538 2537 palam
3565 2469 3765 2537 prote-

2115 2555 2308 2608 status
2339 2557 2446 2608 est.
2475 2553 2636 2624 Cepit
2667 2553 2784 2624 jam
2811 2556 3059 2623 uterque
3086 2554 3157 2609 de
3179 2553 3553 2625 correptione
3588 2553 3763 2610 unius

2113 2640 2417 2711 proﬁcere,
2445 2645 2504 2696 ut
2530 2642 2684 2710 quod
2721 2641 2815 2697 uni
2849 2643 3076 2711 oberat,
3104 2642 3386 2698 ambobus
3420 2642 3757 2713 prodesset,

2114 2735 2175 2785 et
2204 2729 2470 2802 exemplo
2503 2746 2702 2787 eorum
2736 2731 3022 2788 omnibus.
3048 2733 3187 2788 Nam
3212 2732 3414 2803 paucis
3443 2731 3754 2788 admodum

2116 2818 2483 2890 interpositis
2500 2818 2707 2876 diebus
2723 2819 3133 2876 monasterium
3157 2820 3323 2891 petiit
3341 2821 3673 2892 episcopus,
3696 2829 3759 2876 et

2116 2906 2468 2963 humilitatis
2512 2908 2760 2964 vestitus
2801 2908 3016 2964 amictu
3056 2907 3346 2965 serviebat
3380 2909 3759 2979 pauperibus,

2117 3010 2339 3067 pauper
2370 3003 2431 3051 et
2463 2996 2585 3068 ipse
2617 2996 2847 3067 spiritu.
2882 2998 3001 3051 Non
3036 3001 3226 3051 tamen
3263 2995 3526 3052 deseruit
3558 3011 3764 3053 curam

2116 3084 2424 3155 episcopii,
2460 3100 2629 3156 quam
2662 3089 2723 3140 ut
2758 3099 2869 3139 non
2904 3083 3199 3139 desereret
3231 3084 3421 3153 exegit
3455 3098 3616 3139 amor
3643 3084 3769 3140 cle-

2117 3174 2164 3228 ri
2197 3178 2256 3228 et
2290 3173 2507 3245 populi,
2541 3173 2676 3244 quin
2723 3173 2918 3245 potius
2949 3176 3175 3228 tantum
3208 3173 3570 3242 augebantur
3602 3172 3659 3228 in
3692 3188 3767 3231 eo
3822 3192 3827 3197 '

2115 3261 2277 3318 lucra
2309 3263 2613 3332 virtutum,
2641 3268 2859 3332 quanto
2886 3260 3221 3317 ferventiori
3257 3261 3558 3332 proposito
3588 3262 3767 3318 adhe-

2116 3352 2279 3407 rebat
2314 3351 2555 3406 Domino
2599 3351 2903 3407 virtutum.
2937 3350 3287 3406 Memoratus
3316 3363 3456 3405 vero
3487 3347 3759 3421 clericus,

2118 3439 2281 3495 urbis
2326 3438 2508 3510 ipsius
2556 3439 2930 3511 praepositus,
2966 3438 3021 3494 in
3054 3452 3249 3494 amore
3292 3439 3478 3494 beata:
3508 3438 3768 3507 Virginis

2115 3542 2479 3599 permanens,
2517 3533 2576 3584 et
2607 3527 2904 3599 obsequiis
2952 3528 3077 3599 ejus
3118 3526 3341 3597 jugiter
3370 3527 3663 3595 inberens,
3702 3527 3761 3584 in

2111 3617 2378 3674 aacelesia
2401 3617 2527 3687 ejus
2551 3618 2799 3674 devotus
2820 3617 3100 3688 perstitit,
3127 3615 3544 3673 monasterium
3570 3616 3758 3672 sancti

2112 3703 2269 3759 Petri
2300 3717 2406 3774 pro
2440 3703 2550 3759 loci
2598 3703 2781 3774 ipsius
2829 3702 3138 3759 nobilitate
3184 3702 3366 3758 multo
3400 3715 3596 3757 amore
3629 3699 3761 3757 dili-

2110 3805 2271 3861 gens,
2306 3795 2363 3847 et
2395 3791 2694 3847 innumera
2727 3791 2874 3847 dona
2902 3791 3026 3847 auri
3060 3794 3235 3861 atque
3266 3789 3515 3860 argenti,
3553 3788 3762 3861 pallio-

2113 3894 2240 3935 rum
2273 3884 2447 3950 atque
2481 3879 2759 3936 librorum
2789 3881 3113 3936 conferens.
3148 3878 3315 3934 Dedit
3350 3878 3528 3934 etiam
3556 3877 3762 3934 :ecclc-

2114 3968 2215 4023 siae
2261 3968 2448 4024 eidem
2495 3982 2560 4023 ea
2615 3983 2742 4038 quae
2793 3967 3134 4039 possidebat
3177 3966 3233 4021 in
3273 3966 3415 4022 Exio
3458 3967 3510 4021 in
3552 3966 3758 4037 vineis,

2111 4055 2353 4128 campis,
2380 4057 2547 4127 aquis
2576 4071 2974 4127 aquarumque
3006 4054 3264 4112 exitibus
3288 4059 3345 4110 et
3372 4054 3759 4119 decursibus;

2115 4144 2264 4199 unde
2286 4149 2343 4200 et
2369 4160 2473 4216 pro
2490 4160 2610 4201 suae
2641 4145 2975 4201 sanctitatis
3006 4144 3218 4200 merito
3250 4142 3565 4199 defunctus
3588 4142 3643 4196 in
3667 4157 3764 4198 ea-

2113 4233 2241 4287 dem
2257 4232 2516 4289 :ecclesia
2534 4233 2684 4288 inter
2699 4232 2966 4304 sepulcra
2982 4232 3397 4303 episcoporum
3413 4230 3766 4301 condignam

2114 4321 2327 4377 meruit
2371 4320 2732 4392 sepulturam
2765 4326 2832 4376 1:5
2864 4320 3149 4376 Kalendas
3180 4319 3327 4376 Maii.

2188 4409 2328 4481 (F01.
2364 4409 2495 4481 71’.)
2530 4409 2835 4465 Lotharius
2866 4408 3046 4479 igitur
3077 4423 3179 4465 rex
3215 4410 3566 4465 Francorum
3599 4406 3768 4479 quin-

2116 4503 2210 4555 tus
2239 4513 2269 4554 a
2302 4498 2510 4554 Karolo
2558 4498 2732 4555 Calvo
2780 4512 3121 4568 germanum
3171 4497 3373 4553 habuit
3407 4497 3646 4552 fratrem
3675 4497 3770 4566 ju-

2114 4587 2331 4643 niorem
2374 4602 2436 4642 se
2470 4586 2761 4657 Karolum,
2816 4600 3054 4642 uxorem
3109 4590 3303 4642 autem
3353 4586 3628 4655 Emmam,
3664 4585 3769 4641 Lo-

2112 4675 2288 4731 tharii
2311 4675 2466 4745 regis
2488 4674 2670 4731 ltalize
2692 4681 2752 4730 et
2776 4674 3113 4730 Adheleidis
3139 4676 3271 4745 post
3289 4672 3683 4747 imperatrieis
3704 4673 3769 4729 ﬁ-

2116 4762 2270 4829 liam,
2296 4777 2367 4818 ex
2389 4777 2500 4833 qua
2534 4763 2797 4834 suscepit
2825 4762 3005 4817 ﬁlium
3034 4760 3409 4833 Ludovicum,
3444 4762 3542 4833 qui
3574 4761 3769 4819 adhuc

2114 4866 2260 4921 puer
2282 4849 2573 4906 Blanciam
2600 4850 2766 4907 duxit
2790 4864 3052 4907 uxorem.
3082 4851 3269 4921 [ιὶιοιι.
3295 4865 3377 4922 m,
3402 4850 3519 4922 92.)
3550 4851 3771 4907 Habuit

2116 4944 2173 4995 et
2199 4938 2379 4993 ﬁlium
2403 4938 2651 4994 alterum
2667 4954 2737 4994 ex
2753 4938 3002 5015 quadam
3017 4938 3196 4994 nobili
3220 4938 3413 5011 puella
3435 4938 3766 5010 Arnulfum,

2114 5027 2213 5097 qui
2245 5027 2491 5096 primum
2538 5031 2712 5082 natus
2744 5030 2852 5097 est,
2891 5026 3261 5097 postmodum
3311 5029 3653 5084 Remensem
3687 5043 3773 5084 ar-

2111 5114 2564 5186 chiepiscopum.
2592 5113 2864 5171 Karolum
2883 5115 3157 5172 fraternae
3174 5115 3379 5172 uxoris
3403 5116 3776 5187 protervitas

2110 5200 2390 5272 compulit
2416 5207 2476 5257 et
2500 5201 2691 5274 inopia
2716 5202 2799 5258 rei
2824 5201 3129 5259 familiaris
3158 5203 3381 5275 patrios
3415 5203 3561 5261 ﬁnes
3591 5204 3774 5260 relin-

2113 5304 2291 5361 quere
2331 5292 2388 5346 et
2433 5290 2631 5347 Ottoni
2682 5291 2968 5347 Saxonum
3023 5284 3357 5362 imperatori
3411 5308 3473 5349 se
3521 5292 3767 5350 dedere.

2110 5380 2336 5437 Mortuo
2386 5380 2637 5451 Lotario,
2687 5380 3013 5437 Ludovicus
3064 5374 3220 5437 ﬁlius
3272 5382 3584 5452 successit,
3619 5384 3681 5438 et
3713 5382 3772 5439 in

2117 5468 2382 5540 primevo
2404 5469 2546 5527 flore
2567 5467 2896 5540 iuventutis
2916 5467 3101 5536 obiit;
3132 5468 3189 5526 in
3212 5484 3328 5542 quo
3351 5470 3566 5528 defecit
3594 5484 3774 5542 gene'
