3950 6048
160 136 275 213 iga

1443 96 1946 217 CHRONICON.
1982 186 2061 199 --
2090 134 2243 217 Lis.
2292 144 2338 216 ι.

3470 147 3581 223 194

153 287 311 344 ratio
347 301 551 371 regum
608 302 682 343 ex
728 285 917 345 famila
972 286 1163 345 Karoli
1198 288 1401 360 Magni,
1434 295 1491 346 et
1527 284 1819 347 successit
1851 290 1897 349 Α
1934 292 2365 359 constructum,
2383 303 2513 345 cum
2537 286 2805 346 omnibus
2825 290 3021 371 rebus,
3050 288 3344 363 regalibus
3367 308 3583 367 praece-

151 391 223 433 ex
256 376 375 433 alia
424 370 639 433 familia
672 379 834 447 Hugo
855 394 977 433 rex.
1023 377 1185 443 Quod
1211 381 1471 448 graviter
1498 381 1689 436 ferens
1718 383 1819 434 Ar-

152 464 358 522 nulfus
386 465 661 536 clericus,
689 466 941 522 Lotharii
970 467 1239 535 frater,ut
1264 468 1816 540 dixinms,patrmim

150 554 435 611 Karolum
469 555 524 610 in
552 555 847 611 Franciam
873 554 1121 619 reduxit,
1140 561 1196 611 et
1222 557 1556 614 Laudunum
1580 559 1734 628 cepit
1758 564 1815 613 ct

150 644 427 700 retinuit.
476 642 766 699 Adalbero
812 658 952 699 vero
1000 645 1396 701 Laudnnensis
1440 647 1754 718 episcOpus
1786 661 1815 700 a

149 730 433 788 custodia
465 746 575 801 qua
603 732 914 787 tenebatur
948 732 1281 802 fugiens,ad
1308 736 1603 803 Hugonem
1636 734 1813 802 venit,

148 826 207 876 et
239 820 298 875 ei
336 820 643 876 Arnulfum
694 819 1059 887 conciliavit;
1094 822 1186 877 cui
1247 837 1350 877 rex
1383 822 1658 878 defuncto
1716 824 1818 877 Rc-

148 908 345 965 mensi
388 908 836 979 archiepiscopo
888 908 1414 980 archiepiscopium
1450 910 1719 980 contulit,
1755 918 1816 966 ut

148 997 265 1055 sibi
302 997 578 1054 Karolum
609 996 970 1053 conciliaret.
1006 997 1109 1051 Ille
1132 998 1265 1053 dum
1302 999 1596 1054 faciliores
1622 998 1815 1053 aditus

148 1086 373 1157 querit,
409 1085 621 1156 quibus
657 1085 926 1141 Karolum
952 1085 1073 1154 regi
1108 1086 1402 1153 conciliet,
1439 1087 1737 1141 civitatem
1763 1087 1812 1141 ei

145 1174 358 1243 tradit,
394 1174 547 1230 unde
570 1175 642 1229 ab
668 1172 872 1230 eodem
901 1175 1141 1242 Hugone
1172 1174 1444 1245 perjurus
1463 1180 1519 1229 et
1549 1175 1807 1230 traditur

149 1261 393 1333 publice
414 1261 835 1318 conclamatur.
855 1263 969 1317 Nec
993 1262 1177 1319 multo
1199 1267 1327 1334 post
1354 1264 1424 1318 ab
1450 1263 1815 1319 Adalberone

146 1350 545 1420 Laudunensi,
588 1351 681 1407 cui
717 1365 780 1407 se
810 1349 1111 1419 credebat,
1136 1356 1361 1422 captus,
1401 1352 1525 1422 ipse
1555 1356 1615 1407 et
1647 1354 1816 1409 Caro-

147 1439 239 1497 lus
270 1440 498 1510 Hugoni
531 1439 879 1495 redduntur.
916 1440 1196 1497 Arnulfus
1230 1442 1536 1512 proposito
1580 1441 1712 1509 sibi,
1752 1444 1811 1497 ut

148 1544 210 1585 se
240 1530 544 1601 perjurum
576 1533 788 1600 sponte
818 1530 1188 1601 confiteatur,
1215 1529 1467 1600 alioquin
1493 1530 1678 1586 oculis
1700 1531 1815 1601 pri-

1934 378 2053 446 ptis
2106 383 2203 433 tuo
2244 378 2517 434 consultu
2550 379 2662 433 sibi
2714 380 2977 449 sancitis,
3017 379 3071 435 in
3112 386 3393 440 :eternum
3431 385 3581 441 velle

1934 479 2273 536 permanere
2326 466 2754 533 inconvulsum,
2800 468 3024 524 scilicet
3061 489 3072 523 :
3109 470 3404 526 Scanciam
3447 487 3575 529 cum

1931 553 2056 609 suis
2088 555 2496 624 perniuentiis,
2524 556 2815 611 abbatiam
2839 558 3027 613 sancti
3055 560 3305 615 amantii
3337 565 3392 616 et
3419 562 3584 632 quid-

1932 642 2067 712 quid
2093 642 2163 697 ad
2193 656 2317 697 eam
2345 644 2618 712 pertinet,
2647 645 2861 700 Novam
2886 646 3231 704 villamcum
3262 650 3385 705 suis
3410 649 3577 721 locis,

1932 730 2292 785 Amantionis
2315 736 2560 799 curtem,
2581 738 2856 801 quantum
2873 734 2941 788 ad
2968 749 3090 790 eam
3110 736 3425 806 pertinent,
3447 740 3582 793 Par-

1930 817 2120 873 ridum
2172 834 2302 874 cum
2354 820 2477 875 suis
2537 821 2904 891 adjacentiis,
2942 824 3194 880 Harbodi
3228 825 3421 881 villam
3450 842 3579 882 cum

1931 907 2054 961 suis
2092 908 2481 977 pertinentiis,
2508 910 2773 965 Castonis
2794 911 2981 966 curtis
3005 912 3313 968 ecclesiam
3338 929 3467 970 cum
3491 914 3583 970 bis

1930 1010 2056 1064 quae
2081 996 2152 1050 ad
2191 1011 2313 1050 eam
2357 997 2671 1066 pertinent,
2716 998 3040 1054 aecclesiam
3084 1001 3154 1056 de
3186 1001 3420 1058 Marleio
3451 1020 3581 1060 cum

1929 1083 2052 1138 suis
2084 1083 2446 1153 adjacentiis,
2482 1085 2805 1141 {ecclesiam
2839 1086 2908 1141 de
2951 1088 3204 1143 Marculfi
3238 1096 3408 1146 curte
3450 1107 3581 1148 cum

1928 1172 2051 1227 suis
2085 1172 2446 1242 adjacentiis,
2494 1174 2818 1229 :ecclesiam
2853 1176 2924 1230 de
2956 1177 3231 1232 Amonzei
3262 1178 3400 1234 villa
3450 1195 3580 1236 cum

1928 1259 2049 1314 suis
2064 1258 2435 1331 adjacentiis,
2464 1276 2592 1317 cum
2615 1262 2807 1331 terris,
2834 1262 3039 1332 vincis,
3064 1263 3427 1337 molendinis,
3449 1282 3579 1323 cum

1929 1348 2114 1404 servis
2131 1353 2189 1403 et
2210 1348 2460 1419 ancillis,
2487 1348 2778 1405 abbatiam
2804 1351 2994 1405 sancti
3021 1353 3177 1407 Petri
3193 1358 3253 1408 et
3272 1354 3578 1412 ecclesiam

1930 1435 2000 1490 de
2031 1437 2243 1507 Maroa,
2296 1436 2367 1492 ad
2423 1438 2717 1493 Liniacum
2769 1439 3052 1509 quidquid
3088 1440 3157 1495 ad
3191 1441 3352 1498 illum
3386 1443 3581 1500 locum

1929 1523 2205 1595 pertinet,
2254 1525 2323 1580 ad
2375 1527 2587 1581 Novam
2636 1526 2832 1582 villam
2864 1528 2917 1582 in
2971 1528 3241 1584 Bari-ensi
3291 1532 3577 1589 comitatu

145 1617 735 1689 vare'tur,perjurum
762 1632 825 1674 se
847 1618 1058 1674 clamat
1092 1623 1150 1673 et
1176 1620 1398 1675 veniam
1416 1619 1562 1690 petit
1590 1637 1603 1686 ;
1636 1624 1811 1689 atque
1843 1643 1896 1701 Β
1928 1612 2209 1701 quidquid
2235 1614 2305 1669 ad
2344 1628 2474 1669 eum
2498 1613 2687 1670 locum
2725 1616 3001 1686 pertinet.
3038 1619 3168 1673 H330
3218 1632 3359 1675 vero
3392 1621 3580 1677 omnia

148 1706 228 1762 ita
252 1721 392 1762 mox
433 1705 767 1777 deponitur,
792 1712 848 1762 et
900 1707 955 1763 in
977 1708 1104 1764 loco
1124 1708 1253 1777 ejus
1278 1709 1597 1764 Gerbertus
1621 1706 1812 1764 diaco-

146 1811 258 1851 nus
315 1795 445 1865 ejus
488 1794 896 1864 substituitur,
950 1796 1136 1866 primo
1182 1812 1327 1867 puer
1360 1797 1414 1851 in
1450 1795 1809 1852 monasterio

147 1883 340 1941 sancti
373 1882 606 1953 Gyraldi
642 1884 920 1954 nutritus,
970 1884 1070 1940 sed
1103 1900 1206 1956 pro
1241 1900 1463 1940 morum
1498 1884 1807 1940 insolentia

146 1973 451 2044 expulsus,
475 1971 845 2043 postmodum
868 1976 926 2027 et
951 1971 1021 2028 de
1042 1973 1554 2044 archiepiscopatu
1580 1972 1805 2043 pulsus,

148 2059 220 2115 ad
252 2060 545 2116 Othonem
569 2060 980 2131 imperatorem
1004 2075 1069 2118 se
1090 2060 1359 2117 contulit.
1392 2061 1637 2117 Karolus
1669 2076 1809 2117 vero

153 2148 423 2219 privatus
463 2148 679 2217 senuit,
705 2153 761 2204 et
802 2148 1080 2206 Arnulfus
1122 2149 1526 2221 episcomtum
1564 2150 1804 2220 recepit.

150 2237 329 2293 Soror
357 2237 488 2308 ejus
538 2236 831 2292 Mathildis
863 2238 972 2294 fuit
1006 2238 1237 2294 Rodulﬁ
1271 2239 1427 2304 mgis
1461 2237 1810 2307 Burgundize

150 2330 360 2394 mater,
394 2330 454 2381 et
485 2325 614 2395 ejus
641 2325 777 2396 ﬁlia,
811 2340 981 2397 quam
1005 2326 1303 2383 Conradus
1328 2328 1669 2398 imperator,
1699 2331 1812 2382 ter-

150 2414 213 2469 tii
246 2414 488 2469 Ottonis
548 2413 719 2483 filius,
777 2429 1019 2470 uxorem
1077 2414 1263 2483 duxnt,
1317 2414 1473 2470 Gisia
1510 2414 1665 2469 dicta
1694 2419 1807 2484 est,

152 2507 345 2558 mater
365 2501 619 2557 Heinrici
642 2502 805 2558 tertii
829 2502 1221 2575 imperatoris.
1248 2504 1418 2559 Berta
1444 2515 1673 2573 quoque
1688 2502 1812 2572 ejus

151 2590 268 2647 ﬁlia
304 2595 495 2646 mater
527 2589 745 2647 Odonis
779 2591 875 2661 qui
917 2591 1071 2662 apud
1105 2592 1213 2647 Bar
1246 2591 1393 2647 obiit
1423 2589 1512 2646 ³⁷⁸.

221 2678 333 2747 (Cf.
362 2679 500 2735 Ser.
557 2677 687 2735 abb.
735 2678 1049 2751 Fl.)Anno
1107 2682 1211 2735 968
1268 2679 1416 2735 obiit
1479 2678 1813 2736 Remundus

152 2765 452 2823 Eduorum
481 2768 817 2838 episcopus.
894 2763 911 2777 ⁸

216 2854 362 2923 (Pol.
398 2857 515 2925 72.)
548 2857 882 2912 «Joannes
907 2856 1241 2928 episcopus,
1271 2872 1482 2914 servus
1510 2871 1813 2913 servorum

147 2942 268 3011 Dei,
307 2944 652 3000 BERBNGEBO
682 2945 845 3001 fratri
896 2948 1101 3001 nostro
1132 2945 1518 3002 Virduneusis
1551 2944 1816 3001 ecclesia}

148 3031 456 3103 episcopo,
489 3047 619 3089 cum
650 3034 919 3090 omnibus
944 3033 1055 3089 sibi
1088 3048 1118 3089 a
1150 3035 1267 3090 Deo
1302 3033 1634 3090 commissis
1690 3033 1820 3087 bra-

146 3119 303 3173 vium
334 3126 560 3177 eterna;
592 3121 1104 3178 remunerationis.

221 3230 250 3256 «ι
289 3208 573 3264 Convenit
606 3210 934 3281 apostolico
964 3208 1367 3266 moderamini.
1404 3211 1496 3282 pia
1532 3210 1817 3279 religione

147 3295 516 3366 pollentibus
535 3297 800 3356 benivola
828 3299 1077 3355 caritate
1111 3300 1323 3370 favere,
1351 3305 1428 3355 'et
1454 3299 1817 3371 poscentium

148 3386 364 3442 animis
389 3386 573 3442 alacri
617 3387 928 3445 devotione
959 3403 1260 3445 assensum
1295 3388 1575 3459 praebere.
1613 3390 1679 3443 Et
1714 3388 1818 3443 hoc

148 3474 301 3530 enim
340 3475 712 3547 potissimum
766 3478 1067 3548 praemium
1100 3478 1248 3534 lucri
1283 3493 1311 3532 a
1337 3476 1643 3532 conditore
1703 3492 1821 3532 om-

152 3562 311 3619 nium
344 3564 593 3620 Domino
617 3566 1105 3636 promerebimur,
1132 3566 1179 3621 si
1209 3565 1567 3621 venerabilia
1593 3570 1822 3622 sancto-

155 3665 283 3708 rum
318 3651 447 3709 loca
462 3658 753 3725 oportune
781 3654 1046 3711 ordinata
1072 3654 1141 3710 ad
1158 3653 1455 3710 meliorem
1474 3653 1688 3709 fuerint
1705 3658 1822 3709 sta-

156 3746 278 3797 tum
305 3745 515 3797 nostra
539 3746 893 3799 auctoritate
908 3742 1211 3813 perducta.
1240 3743 1422 3812 Igitur
1447 3742 1717 3813 quoniam
1735 3748 1814 3811 te,

155 3829 467 3886 carissime
500 3831 863 3901 frater,inter
876 3837 1092 3888 cmtera
1115 3836 1332 3888 sanctae
1359 3832 1817 3890 conversationis

155 3918 443 3974 exercitia
469 3920 858 3991 comperimus
882 3919 1170 3991 quoddam
1194 3921 1611 3977 monasterium
1636 3921 1690 3975 in
1716 3925 1815 3977 tuo

155 4007 461 4078 episcopio
486 4006 652 4076 juxta
682 4009 984 4065 civitatem
1005 4008 1246 4065 Virduni
1280 4008 1335 4064 in
1366 4009 1632 4066 aacclesia
1657 4010 1812 4066 beati

156 4095 316 4151 Petri
350 4110 461 4167 pro
522 4111 719 4153 amore
750 4097 850 4153 Dei
892 4097 1316 4167 construxisse,
1352 4096 1409 4152 in
1443 4112 1557 4167 quo
1589 4097 1814 4168 requie-

159 4188 330 4240 scunt
348 4199 599 4256 corpora
614 4189 951 4241 sanctorum
966 4186 1371 4242 confcssorum
1397 4200 1424 4241 a
1436 4190 1572 4256 tque
1612 4188 1815 4257 praefa-

155 4271 519 4329 tzcecclesiaa
534 4279 750 4329 sanctae
764 4275 955 4331 Mariae
984 4274 1274 4345 quondam
1290 4274 1815 4345 episcoporum,Vi-

156 4362 299 4431 toni,
340 4360 697 4431 Pulchronii,
748 4363 1118 4419 Possessoris
1151 4366 1328 4432 atque
1360 4362 1615 4433 Firmini,
1650 4369 1709 4418 et
1743 4362 1812 4418 de

162 4450 343 4505 rebus
381 4454 497 4506 tuae
531 4449 815 4507 {ecclesiae
849 4450 1089 4523 provida
1123 4450 1590 4508 consideratione
1622 4450 1814 4507 suble-

158 4552 350 4608 vasse,
390 4544 454 4593 ut
485 4538 531 4593 si
569 4538 796 4608 quando
829 4539 928 4594 filii
971 4543 1087 4595 tua)
1142 4539 1405 4595 ecclesiae
1439 4538 1633 4594 divino
1663 4554 1814 4594 com-

156 4626 360 4697 puncti
381 4641 579 4683 amore
593 4631 826 4683 terrena
840 4627 943 4683 des
951 4628 1232 4699 picientes
1247 4626 1318 4682 ad
1343 4627 1813 4697 contemplativm

155 4713 291 4772 vitae
326 4715 749 4787 perfectionem
780 4716 1099 4786 confugere
1119 4714 1635 4785 desiderarent,ne
1660 4729 1689 4770 a
1712 4720 1813 4772 tua

155 4803 428 4861 ecclesia
467 4803 699 4876 penitus
719 4804 1013 4861 dissociati
1043 4804 1401 4874 viderentur,
1437 4803 1491 4859 in
1527 4808 1815 4860 monaste-

155 4892 262 4963 rio,
298 4892 459 4964 quod
508 4894 828 4950 membrum
860 4897 948 4949 est
1008 4892 1266 4962 ejusdem
1298 4891 1583 4961 ecclesim,
1620 4891 1813 4949 solatii

156 4982 451 5053 refugium
465 4983 577 5038 sub
596 4982 795 5039 habitu
820 4981 1120 5051 religionis
1144 4981 1256 5038 sibi
1283 4981 1814 5038 invenirentetDeo

155 5071 356 5142 quieta
392 5070 833 5141 tranquillitate
858 5071 1001 5126 inibi
1029 5069 1411 5137 famulentur;
1440 5070 1665 5126 noverit
1698 5086 1816 5125 om-

154 5160 314 5216 nium
348 5158 610 5217 fidelium
644 5164 760 5215 tam
780 5159 1158 5231 prasentium
1197 5173 1366 5229 quam
1395 5163 1456 5214 et
1486 5158 1814 5216 futurorum

155 5247 477 5314 industria,
511 5261 621 5304 nos
654 5247 806 5307 idem
861 5246 1281 5305 monasterium
1310 5249 1411 5303 tua
1444 5244 1814 5304 ordinatione

1850 2993 1901 3056 Ο

1928 1700 2207 1771 praedicta
2239 1703 2365 1758 loca
2384 1717 2517 1759 cum
2542 1704 2664 1759 suis
2702 1704 2975 1760 omnibus
2996 1707 3354 1774 generaliter
3372 1712 3430 1763 et
3456 1724 3583 1781 spe-

1925 1789 2158 1845 cialiter
2193 1791 2583 1862 pertinentiis,
2599 1797 2660 1847 et
2674 1792 2954 1863 quidquid
2971 1794 3085 1849 Deo
3099 1794 3427 1866 opitulante
3440 1801 3579 1854 voto

1926 1877 2180 1935 fidelium
2203 1880 2334 1936 huic
2357 1881 2712 1937 monasterio
2729 1896 3074 1939 concessum
3097 1884 3275 1939 fuerit
3301 1884 3355 1939 in
3380 1886 3578 1942 futuro

1927 1970 2208 2037 tempore,
2236 1982 2338 2038 per
2358 1969 2467 2025 hoc
2480 1974 2743 2025 nostrum
2777 1971 3163 2041 apostolicum
3198 1972 3569 2043 privilegium

1925 2056 2259 2126 perenniter
2300 2057 2596 2114 firmamus
2628 2062 2745 2115 tam
2777 2060 2944 2117 vobis
2975 2076 3145 2131 quam
3203 2061 3418 2118 vestris
3452 2076 3582 2119 suc-

1925 2145 2285 2215 cessoribus,
2312 2149 2371 2200 et
2404 2145 2644 2219 insuper
2672 2147 2779 2204 hoc
2813 2153 3032 2205 nostrm
3063 2150 3434 2207 auctoritatis
3457 2151 3570 2222 pri-

1924 2231 2138 2302 vilegio
2153 2248 2287 2289 esse
2302 2236 2749 2293 corroboratum
2772 2235 3064 2305 volumus,
3083 2237 3281 2307 quatin
3293 2253 3358 2294 us
3371 2238 3572 2295 eadem

1924 2321 2311 2378 Virdunensis
2342 2322 2630 2394 aecclesia,
2665 2339 2793 2394 quae
2815 2325 3100 2381 hactenus
3123 2325 3195 2381 de
3226 2326 3361 2382 ﬁliis
3387 2328 3459 2383 ab
3491 2328 3576 2399 ip-

1925 2409 2008 2465 sis
2042 2410 2306 2468 infancim
2363 2409 2709 2467 rudimentis
2742 2412 2798 2467 in
2842 2413 3064 2482 gremio
3123 2430 3231 2470 suo
3262 2414 3568 2486 expositis,

1926 2496 2407 2569 dum!ad,externa
2429 2500 2779 2555 monasteria
2807 2501 3239 2572 confugiebant,
3267 2502 3570 2560 fraudaba-

1926 2590 2042 2656 tur,
2079 2587 2287 2642 abhinc
2318 2590 2375 2642 et
2433 2587 2711 2660 deinceps
2753 2589 2806 2644 in
2841 2591 3102 2647 membro
3161 2591 3273 2647 sibi
3306 2591 3573 2661 subjecto

1925 2674 2175 2730 consilio
2206 2676 2295 2731 sui
2326 2675 2589 2747 episcopi
2623 2682 2799 2747 atque
2825 2678 3189 2749 providentia
3212 2679 3457 2749 gloriosi
3480 2680 3579 2736 ab-

1929 2763 2084 2818 batis
2113 2764 2417 2819 Humberti
2449 2764 2519 2819 de
2552 2780 2751 2821 eorum
2780 2771 2982 2822 sancta
3015 2768 3463 2824 conversatione
3487 2784 3582 2825 su-

1930 2849 2167 2906 blimata
2222 2850 2531 2920 glorietur.
2587 2853 2641 2907 Si
2676 2867 2788 2923 qua
2848 2859 3040 2909 autem
3090 2856 3403 2911 temerario
3434 2871 3579 2913 ausu

1931 2954 2138 3009 magna
2170 2955 2419 3011 parvave
2474 2956 2741 3012 persona,
2771 2942 3193 3013 cujuscumque
3224 2943 3447 3000 ordinis
3476 2948 3576 3001 aut

1934 3029 2269 3099 potestatis,
2296 3033 2500 3085 contra
2524 3030 2670 3085 hanc
2687 3038 2947 3086 nostram
2964 3031 3342 3102 apostolicam
3365 3046 3582 3103 praece-

1931 3117 2186 3188 ptionem
2212 3117 2295 3172 ire
2330 3119 2725 3189 temptaverit,
2762 3119 2909 3175 sciat
2938 3135 3000 3177 se
3032 3121 3387 3177 auctoritate
3423 3122 3577 3178 beati

1929 3205 2086 3259 Petri
2102 3206 2502 3276 apostolorum
2517 3207 2800 3278 principis
2813 3210 3579 3281 cxcommunicatum,atque

1930 3294 2319 3350 anathematis
2333 3295 2567 3352 vinculo
2590 3311 2723 3352 esse
2750 3297 3109 3369 innodatum,
3132 3303 3188 3355 et
3223 3314 3252 3355 a
3285 3313 3465 3368 regno
3478 3299 3577 3355 Dei

1931 3381 2204 3449 alienum,
2238 3398 2367 3439 cum
2401 3383 2783 3455 omnibusque
2835 3386 3028 3457 impiis
3060 3393 3281 3442 aeterno
3312 3387 3581 3443 incendio

1931 3476 2108 3541 atque
2132 3471 2418 3543 supplicio
2443 3472 2951 3545 condempnatum.
2980 3474 3122 3543 (F01.
3150 3474 3280 3545 η’.)
3306 3476 3413 3542 Qui
3436 3491 3579 3532 vero

1931 3559 2279 3615 observator
2299 3561 2565 3616 extiterit
2590 3562 2761 3631 hujus
2785 3562 2972 3617 nostri
2998 3562 3298 3634 przecepti,
3324 3564 3573 3634 gratiam

1931 3651 2106 3718 atque
2140 3649 2599 3705 misericordiam
2658 3651 2955 3721 vitamque
2986 3656 3261 3708 aeternam
3294 3668 3324 3708 a
3357 3654 3579 3710 miseri-

1929 3736 2277 3792 cordissima
2309 3738 2542 3794 domino
2573 3741 2685 3794 Deo
2711 3745 2914 3795 nostro
2937 3741 3216 3811 consequi
3258 3746 3572 3799 mereatur.

1929 3822 2219 3894 Scriptum
2255 3839 2354 3895 per
2376 3841 2605 3882 manum
2638 3827 2843 3883 Leonis
2864 3828 3148 3883 scriniarii
3177 3832 3401 3886 sanctae
3425 3829 3581 3887 sedis

1927 3912 2267 3982 apostolica:
2299 3913 2355 3967 in
2388 3929 2582 3970 mense
2626 3916 2899 3971 Januario
2931 3930 3035 3986 per
3084 3916 3455 3973 indictionem
3487 3921 3572 3974 14.

1926 4003 2132 4057 Datum
2166 4007 2195 4057 5
2229 4002 2362 4058 ldus
2391 4003 2647 4059 Januarii
2680 4019 2785 4075 per
2816 4019 3043 4060 manum
3077 4005 3275 4059 Marini
3309 4006 3573 4078 episcopi

1926 4094 1986 4146 et
2017 4094 2234 4146 sanctze
2258 4089 2416 4146 sedis
2439 4090 2779 4161 apostolica:
2805 4091 3257 4162 bibliothecarii,
3283 4108 3438 4150 anno
3458 4096 3575 4150 Deo

1927 4177 2192 4249 propicio
2224 4179 2600 4250 pontificatus
2622 4179 2813 4235 domui
2844 4180 3123 4237 Johannis
3157 4181 3363 4237 summi
3390 4182 3578 4253 ponti-

1929 4268 2053 4324 ﬁcis
2083 4272 2140 4323 et
2177 4268 2527 4325 universalis
2561 4269 2656 4325 Xll
2690 4283 2853 4340 papae
2886 4269 2939 4324 in
2989 4269 3387 4326 sacratissima
3435 4271 3575 4328 sede

1843 4346 1897 4408 D
1930 4357 2083 4412 beati
2122 4357 2280 4412 Petri
2319 4356 2568 4428 apostoli
2592 4356 2837 4429 decimo,
2872 4357 3058 4429 primo
3090 4360 3144 4414 in
3180 4373 3397 4431 mense,
3433 4359 3576 4416 indi-

1928 4447 2123 4501 ctione
2186 4449 2270 4516 14,
2304 4460 2453 4501 anno
2514 4447 2586 4501 ab
2642 4446 2751 4503 inc.
2801 4448 2958 4503 Dom.
2991 4452 3165 4503 971.»
3218 4450 3351 4505 Haec
3381 4454 3573 4505 autem

1926 4538 2061 4590 sunt
2096 4534 2310 4603 addita,
2340 4534 2510 4589 immo
2544 4535 2806 4605 quaedam
2840 4534 3069 4591 reddita
3105 4537 3347 4606 przefato
3384 4549 3576 4592 mona-

1929 4622 2113 4677 sterio
2145 4626 2277 4692 post
2311 4626 2616 4693 acceptum
2650 4622 2759 4678 hoc
2793 4622 3189 4692 privilegium:
3214 4623 3470 4679 Ecclesia
3503 4624 3574 4679 dc

1928 4711 2210 4767 Bocconis
2241 4715 2453 4780 monte,
2488 4710 2734 4767 ecclesia
2769 4710 2841 4766 de
2882 4712 3163 4766 Donnatis
3194 4724 3324 4766 cum
3360 4710 3575 4766 molen-

1927 4799 2084 4870 dino,
2119 4798 2365 4855 ecclesia
2398 4798 2469 4854 de
2502 4799 2680 4855 Mauri
2729 4797 2887 4870 villa,
2922 4799 2993 4854 ad
3049 4798 3276 4855 Rivaldi
3310 4812 3570 4854 mansum

1926 4888 2108 4945 mansi
2145 4891 2417 4957 quatuor,
2440 4885 2512 4943 ad
2535 4887 2781 4944 Raherei
2813 4893 3037 4944 curtem
3068 4891 3125 4941 et
3152 4885 3326 4941 Gislei
3345 4889 3570 4944 curtem

1926 4982 1983 5036 et
2014 4979 2229 5034 Novam
2252 4976 2449 5034 villam
2483 4977 2661 5034 mansi
2692 4977 2935 5046 triginta
2956 4990 3085 5031 cum
3118 4974 3368 5031 ecclesia
3399 4981 3461 5031 et
3479 4992 3573 5033 ca-

1927 5065 2099 5140 pella,
2160 5065 2345 5122 vineas
2378 5065 2435 5120 in
2468 5063 2707 5121 Arnoldi
2765 5063 2903 5119 villa
2935 5075 3078 5133 quas
3134 5062 3421 5120 dederunt
3479 5064 3573 5120 Ri-

1925 5157 2141 5213 chuara
2174 5154 2429 5223 ducissa,
2484 5151 2830 5222 Adelardus,
2863 5149 3211 5217 Amalricus,
3270 5152 3568 5224 Albertus,

1929 5247 2265 5316 Warnerus,
2298 5241 2592 5314 Gyrulfus,
2627 5241 2970 5300 Lambertus
2990 5241 3326 5312 canonicus,
3361 5241 3432 5298 ad
3449 5240 3576 5315 F10.

1529 5343 1770 5402 VARUE
1811 5341 2211 5404 LECTIONES.

196 5445 300 5503 ,³⁷⁸
335 5445 505 5503 Hinc
534 5445 660 5502 octo
693 5445 866 5504 linem
891 5455 1093 5504 eram.
