3950 6048
319 176 432 236 195

1279 160 1646 226 HUGONIS
1688 156 2039 220 ABBATIS
2080 142 2768 219 FLAVINIACENSIS
2818 247 2825 254 _
2888 160 2903 173 '

3615 100 3749 209 196‘

315 303 652 373 rinchingas
703 313 939 358 mansus
971 313 1120 356 unus
1162 312 1293 354 cum
1326 295 1534 365 vineis,
1591 292 1663 349 ad
1697 293 1970 348 Sanctum
2000 288 2056 349 A
2087 292 2243 359 sunt,
2270 304 2375 361 pro
2399 303 2643 360 quorum
2668 284 3037 355 liberatione,
3060 286 3123 340 ut
3146 282 3382 373 dicitur,
3411 281 3733 339 Gotbertus

314 392 605 450 Iulianum
663 403 897 445 mansus
945 386 1225 443 dimidius
1255 400 1385 443 cum
1419 384 1605 451 vinea,
1670 380 1740 437 ad
1774 380 1973 434 Flaba-

318 482 467 537 sium
497 478 676 534 mansi
713 483 855 547 tres,
881 477 938 532 in
959 476 1183 533 Soliaco
1217 473 1489 542 ecclesia,
1517 471 1587 527 ad
1612 467 1845 525 Buslani
1869 464 1976 522 vil-

319 571 432 627 lam
462 569 736 626 ecclesia.

392 663 554 715 Anno
585 656 843 714 secundo
895 659 1028 726 post
1058 654 1255 709 datum
1285 653 1391 708 hoc
1443 648 1838 722 privilegium,
1876 645 1972 716 qui

225 728 235 740 ’
321 753 446 807 erat
471 750 542 805 ab
567 748 677 803 inc.
697 749 855 802 Dom.
873 748 996 814 972,
1024 743 1174 797 Otho
1196 744 1433 810 Magnus
1457 740 1780 809 imperator
1802 734 1971 815 obiit,

319 845 389 896 10
411 836 635 909 imperii
667 834 756 891 sui
789 848 961 898 anno,
985 836 1045 887 et
1068 831 1217 886 Otho
1249 830 1432 885 Rufus
1456 825 1768 884 successit.
1805 827 1979 880 Hum-

320 927 525 982 bertus
573 923 746 979 etiam
805 922 987 977 abbas
1019 918 1168 975 obiit
1198 923 1232 975 2
1278 918 1472 974 Nonas
1519 913 1878 985 Decembris,
1916 917 1977 969 et

324 1014 656 1071 Adilmarus
689 1011 745 1065 in
781 1009 967 1066 locum
996 1008 1122 1079 ejus
1149 1005 1509 1064 substitutus
1532 1007 1646 1061 est.
1678 1002 1977 1060 Successit

322 1103 541 1172 itaque,
579 1104 640 1156 ut
677 1098 949 1168 diximus,
986 1095 1199 1152 Othoni
1232 1094 1422 1167 primo
1456 1093 1752 1150 secundus
1800 1091 1971 1161 Otho,

321 1190 417 1261 qui
451 1193 509 1244 et
538 1187 740 1257 Rufus,
780 1186 852 1242 de
884 1200 1000 1257 quo
1035 1185 1256 1241 dictum
1288 1186 1380 1240 est
1408 1182 1805 1255 proverbium,
1839 1180 1975 1250 quia

320 1276 610 1333 successit
664 1275 801 1331 Otto
836 1272 1128 1330 secundus
1157 1270 1229 1330 ad
1260 1271 1587 1342 imperium,
1643 1275 1706 1326 ut
1738 1269 1973 1325 ﬂoreret

322 1363 618 1422 saeculum.
674 1362 832 1418 Vixit
863 1365 1059 1419 autem
1093 1360 1342 1417 domnus
1374 1358 1763 1428 Bcrengarius
1792 1373 1976 1429 usque

324 1453 396 1510 ad
430 1456 662 1523 tempus
714 1451 949 1507 Ottonis
982 1449 1166 1520 tertii,
1199 1452 1255 1506 et
1290 1449 1601 1505 defunctus
1629 1450 1662 1502 2
1692 1447 1828 1504 Idus
1866 1449 1977 1502 Au-

326 1541 507 1613 gusti,
531 1541 680 1595 infra
710 1538 1035 1597 aecclesiam
1063 1536 1385 1594 tumulatus
1399 1541 1494 1593 est
1526 1551 1658 1593 cum
1680 1536 1899 1592 honore
1920 1535 1975 1590 in

326 1630 599 1700 ingressu
632 1626 901 1697 claustri,
938 1627 1089 1696 quod
1124 1629 1359 1682 constat
1389 1640 1519 1681 eum
1550 1629 1608 1681 et
1633 1624 1899 1696 quesisse
1917 1626 1974 1680 et
2007 1640 2061 1701 Β

324 1716 698 1790 praecepisse.
735 1716 840 1788 (Cf.
899 1714 1079 1773 Gesta
1121 1715 1239 1772 Vir.
1272 1715 1351 1786 2.)
1382 1715 1640 1784 Regebat
1673 1717 1809 1770 tunc
1836 1716 1979 1769 tem-

331 1805 495 1879 poris
528 1804 877 1875 Burgundiae
910 1818 1150 1873 regnum
1183 1803 1489 1874 Rodulfus,
1518 1802 1765 1859 Conradi
1800 1801 1974 1871 filius,

325 1894 493 1964 cujus
532 1907 795 1950 sororem
826 1892 1041 1948 Gislam
1075 1892 1374 1949 Conradus
1407 1892 1746 1963 imperator,
1790 1890 1886 1960 qui
1920 1893 1977 1944 et

329 1983 512 2053 Cono,
546 1980 709 2038 duxit
734 1994 992 2037 uxorem.
1031 1980 1198 2051 (0hr.
1228 1979 1499 2050 Divimt.)
1530 1982 1593 2034 In
1612 1977 1980 2048 Lugdunensi

328 2069 594 2126 aecclesia
642 2072 947 2140 promotus
981 2073 1109 2124 erat
1137 2067 1210 2124 ad
1240 2068 1642 2139 episcopatum
1700 2065 1982 2122 Burchar—

333 2158 462 2228 dus,
500 2157 729 2214 Rodulﬁ
764 2157 922 2227 regis
952 2158 1156 2227 frater,
1189 2156 1434 2213 Conradi
1465 2171 1536 2212 ex
1562 2154 1887 2212 concubina
1922 2153 1983 2208 fi-

333 2245 466 2316 lius,
503 2261 532 2303 a
560 2260 673 2317 quo
704 2244 1015 2302 ordinatus
1037 2250 1126 2301 est
1153 2245 1344 2301 Bruno
1365 2243 1745 2313 Lingonensis
1761 2243 1983 2314 episco-

337 2350 465 2406 pus,
502 2350 551 2391 a.
591 2334 742 2390 dom.
780 2333 891 2390 inc.
927 2336 1049 2403 981,
1087 2332 1202 2389 ind.
1234 2332 1541 2405 nona.:Ilic
1580 2332 1981 2405 episcopatum

335 2422 776 2493 Lugdunensem
806 2420 863 2476 in
896 2420 1136 2476 infantia
1169 2420 1418 2495 adeptus
1447 2425 1559 2477 est.

405 2509 614 2579 (Gesta
649 2510 838 2577 Virri.)
861 2512 1023 2565 Anno
1042 2509 1221 2579 igitur
1245 2508 1396 2566 dom.
1419 2509 1537 2564 inc.
1568 2513 1690 2580 983,
1718 2508 1855 2565 Otto
1870 2510 1980 2565 Ru-

334 2601 426 2656 fus
480 2597 787 2667 secundus,
840 2612 971 2654 cum
1020 2601 1086 2652 12
1115 2610 1297 2653 annos
1344 2601 1669 2667 regnasset,
1729 2597 1984 2654 moriens

336 2688 552 2757 Romae,
591 2700 621 2741 a
655 2685 778 2741 suis
812 2684 1034 2741 relatus
1064 2688 1177 2755 est,
1207 2687 1264 2739 et
1296 2684 1648 2755 Aquisgrani
1682 2684 1979 2757 sepultus;

337 2774 432 2830 cui
462 2771 750 2829 successit
781 2772 1008 2829 tercius
1037 2772 1174 2828 Otto
1196 2778 1264 2829 12
1294 2787 1596 2844 annorum,
1629 2773 1777 2844 quia
1808 2787 1984 2829 cuna-

340 2859 496 2918 bulis
529 2859 778 2932 sumpsit
812 2864 1107 2931 sceptrum
1132 2862 1541 2931 Romanorum,
1573 2860 1680 2918 sub
1710 2861 1877 2931 cujus
1897 2876 1985 2916 re-

336 2948 552 3020 gimine
601 2948 757 3005 salus
787 2947 894 3004 fuit
918 2948 1130 3004 mundo
1160 2952 1218 3003 et
1250 2946 1452 3017 gloria.
1505 2950 1782 3020 Tempore
1812 2948 1984 3018 hujus

339 3037 574 3109 praefuit
603 3036 950 3093 Virdunensi
1002 3036 1266 3093 ecclesia)
1297 3036 1617 3106 Wigfridus
1646 3037 1979 3110 episcopus.

339 3126 442 3182 Hic
466 3125 711 3195 quadam
746 3123 840 3180 die
890 3125 1093 3180 urbem
1125 3138 1418 3194 egressus,
1454 3125 1612 3181 venit
1668 3125 1740 3183 ad
1786 3125 1980 3183 villam

336 3213 584 3270 fratrum
617 3227 744 3283 quae
785 3211 1163 3269 Wandersala
1196 3212 1428 3283 dicitur,
1465 3213 1563 3270 ubi
1594 3227 1625 3269 a
1657 3215 1869 3271 comite
1901 3216 1986 3271 Si-

335 3300 551 3371 gifrido
581 3303 791 3371 captus
823 3304 881 3356 et
914 3300 1239 3371 absolutus,
1273 3300 1344 3356 de
1385 3300 1630 3373 pecunia
1675 3316 1845 3375 quam
1878 3318 1983 3375 pro

337 3386 743 3444 emendatione
775 3387 1033 3460 suscepit
1066 3388 1147 3444 ita
1177 3387 1501 3446 aacclesiam
1545 3394 1760 3449 sanctae
1792 3391 1983 3449 Mariae

337 3477 571 3533 coronis
601 3475 852 3547 ornavit,
885 3480 948 3533 ut
977 3476 1024 3533 si
1056 3490 1226 3534 manu
1261 3478 1504 3549 primam
1538 3482 1831 3552 tangeres,
1866 3495 1985 3537 om-

338 3579 443 3621 nes
477 3579 658 3635 usque
691 3563 761 3620 ad
793 3564 1169 3622 novissimam
1203 3570 1597 3624 moverentur.
1630 3568 1731 3625 Hic
1764 3568 1985 3641 praede-

336 3652 592 3709 cessoris
603 3652 689 3707 sui
706 3651 899 3707 domni
914 3654 1247 3724 Berengerii
1263 3654 1525 3711 imitator
1539 3656 1749 3727 factus,
1775 3656 1833 3712 in
1851 3658 1986 3714 sub-

338 3740 510 3796 urbio
542 3738 891 3796 Virdunensi
924 3741 1228 3799 cenobium
1251 3742 1586 3815 sedificavit,
1619 3748 1677 3800 et
1711 3758 1985 3815 aggrega-

336 3832 395 3883 ta
429 3828 845 3884 monachorum
895 3832 1105 3900 turma,
1148 3844 1363 3902 corpus
1395 3830 1535 3888 illuc
1590 3832 1779 3889 sancti
1817 3832 1983 3889 Pauli

335 3914 599 3988 episcopi
633 3915 889 3973 levatum
920 3916 991 3973 de
1013 3916 1140 3974 loco
1165 3933 1278 3988 quo
1295 3918 1549 3990 jacebat,
1578 3919 1635 3975 in
1658 3921 1876 3977 feretro
1899 3935 1987 3977 ar-

336 4008 549 4074 genteo
584 4003 936 4076 recondidit,
995 4004 1333 4079 victumque
1389 4008 1690 4080 fratribus,
1724 4010 1822 4080 qui
1853 4010 1984 4067 loco

334 4091 539 4149 eodem
572 4092 811 4149 Domino
861 4093 1247 4165 deservirent,
1280 4109 1353 4151 ex
1384 4096 1672 4154 reditibus
1700 4097 1983 4170 epis00pii

335 4181 612 4252 providit.
649 4180 752 4236 Hic
784 4181 960 4239 etiam
984 4181 1136 4240 inter
1155 4178 1353 4240 eetera
1377 4184 1524 4242 bona
1547 4185 1805 4244 Ravandi
1829 4200 1986 4243 man-

333 4283 456 4325 sum
503 4272 706 4325 sancto
751 4269 1001 4326 Firmino
1058 4269 1329 4327 contulit.
1390 4273 1676 4331 Defuncto
1709 4279 1902 4333 autem
1950 4279 1984 4331 2

2014 2993 2065 3059 C

2086 377 2281 435 claves
2313 378 2476 435 urbis
2510 377 2628 447 regi
2662 375 2895 434 detulit.
2933 375 3017 431 0b
3048 373 3196 430 hanc
3237 372 3438 443 itaque
3490 385 3732 429 causam

2087 483 2217 524 cum
2242 467 2559 524 invenisset
2589 469 2750 536 Hugo
2768 479 3055 536 expensas
3075 461 3357 534 episcopii
3381 460 3737 517 extermina-

2087 561 2199 628 tas,
2232 557 2451 613 notatis
2492 556 2760 613 villarum
2812 553 3104 611 reditibus
3149 567 3283 608 mox
3316 565 3587 607 reversus
3617 554 3730 606 est.

2087 645 2210 712 Quo
2232 660 2472 716 egresso
2496 648 2880 716 susceperunt
2905 645 3125 714 absque
3142 641 3305 711 regio
3319 640 3471 697 dono
3488 639 3739 695 Adelbe-

2090 748 2308 804 ronem,
2344 734 2631 791 Beatricis
2660 733 2842 790 filium
2894 732 3100 788 matris
3151 730 3319 788 ducis
3369 727 3732 798 Theoderici,

2087 822 2185 892 qui
2205 820 2627 893 aliquantulum
2651 826 2914 878 moratus
2938 820 2995 875 in
3017 819 3276 885 civitate,
3295 817 3572 873 defuncto
3595 816 3739 871 Met-

2086 909 2239 965 tensi
2260 910 2561 983 episcopo,
2578 910 2680 967 illo
2694 925 2756 967 se
2769 909 3041 980 contulit,
3059 907 3175 964 isto
3195 907 3424 964 relicto.
3443 904 3586 962 Huic
3608 919 3739 961 suc-

2087 999 2269 1056 cessit
2305 998 2618 1070 Adalbero,
2656 998 2814 1056 ﬁlius
2844 997 3075 1055 comitis
3106 995 3424 1066 Godefridi,
3462 1009 3604 1052 avus
3633 993 3740 1049 du-

2088 1086 2175 1144 cis
2206 1086 2522 1159 Godefridi,
2559 1088 2654 1160 qui
2690 1090 2933 1159 accepta
2963 1100 3143 1143 uxore
3181 1083 3496 1154 Bonefacii,
3530 1087 3739 1155 postea

2090 1176 2280 1234 factus
2308 1181 2396 1235 est
2433 1177 2710 1233 marchio.
2736 1178 2790 1233 Is
2822 1175 3124 1233 Salernum
3152 1175 3354 1232 eodem
3385 1187 3535 1230 anno
3565 1173 3740 1228 bene-

2089 1264 2364 1322 dictionis
2396 1281 2516 1323 suae
2547 1265 2870 1323 curationis
2900 1264 3088 1336 gratia
3120 1264 3437 1336 profectus,
3464 1275 3741 1318 reversus

2091 1352 2145 1408 in
2179 1355 2347 1410 Italia
2379 1354 2524 1410 obiit
2562 1358 2626 1412 14
2656 1353 2776 1412 Kal.
2813 1354 2964 1426 Mai.,
3000 1358 3061 1411 et
3092 1352 3343 1410 relatum
3373 1366 3592 1423 corpus
3610 1348 3743 1421 ejus

2088 1441 2331 1499 Virduni
2366 1442 2662 1515 sepultum
2693 1448 2807 1501 est.
2840 1442 2996 1499 Vixit
3044 1443 3101 1498 in
3152 1440 3499 1514 episcopatu
3542 1439 3742 1495 tribus

2090 1530 2264 1586 semis
2297 1531 2481 1602 annis,
2515 1536 2572 1587 et
2605 1531 2896 1590 successit.
2924 1531 3120 1588 Heimo
3154 1546 3302 1588 anno
3333 1533 3459 1587 958.

2164 1620 2329 1692 [Rom
2366 1622 2537 1676 GLAB.
2574 1636 2611 1692 ι,
2647 1619 2722 1691 4.]
2760 1622 2820 1676 ΙΙΙ
2853 1620 3019 1677 initio
3050 1620 3251 1691 itaque
3298 1617 3460 1689 regni
3502 1616 3742 1673 Ottonis

2091 1709 2187 1774 ΙΙΙ,
2217 1724 2363 1781 papa
2394 1709 2560 1781 obiit,
2596 1710 2653 1765 in
2681 1709 2849 1781 cujus
2882 1710 3073 1768 locum
3108 1710 3246 1766 Otto
3270 1708 3449 1766 alium
3475 1705 3739 1764 ordinari

2092 1798 2396 1870 praecepit,
2434 1812 2604 1869 quem
2633 1800 2883 1856 Joannes
2914 1798 3288 1856 Crescentius
3334 1797 3405 1854 de
3438 1795 3739 1852 nobilibus

2090 1887 2478 1944 Romanorum
2514 1888 2751 1959 dejecit,
2785 1894 2843 1944 et
2875 1888 3051 1945 alium
3085 1888 3418 1945 substituit.
3453 1885 3562 1943 Sed
3598 1885 3739 1942 Otto

2092 1988 2384 2047 reversus,
2416 1975 2579 2033 illum
2613 1976 3188 2047 dejectumabscicis
3218 1976 3488 2032 manibus
3517 1974 3646 2044 ejus
3677 1979 3736 2028 et

2092 2063 2331 2120 auribus
2360 2069 2419 2120 et
2451 2064 2639 2121 oculis
2669 2066 2878 2137 erutis,
2903 2069 2961 2121 et
2989 2065 3181 2121 occiso
3216 2063 3575 2132 Crescentio,
3602 2063 3739 2118 Ger-

2094 2151 2323 2209 bertum
2356 2167 2563 2225 papam
2595 2154 2855 2211 ordinari
2889 2155 3188 2226 praecepit.
3219 2155 3481 2226 [R1cnen,
3507 2167 3589 2223 Ill,
3624 2149 3740 2221 43.]

2090 2241 2194 2296 llic
2226 2240 2282 2296 in
2317 2241 2563 2298 cenobio
2597 2243 2784 2299 sancti
2810 2242 3043 2298 Geraldi
3066 2242 3221 2314 apud
3245 2240 3615 2300 Aureliacum
3640 2254 3746 2295 nu-

2091 2329 2270 2386 tritus
2292 2330 2418 2401 fuit,
2443 2332 2943 2402 grammaticaque
2965 2337 3054 2388 est
3076 2330 3366 2399 eruditus,
3391 2333 3450 2385 et
3471 2329 3542 2384 ab
3565 2328 3745 2383 abba-

2092 2421 2149 2477 te
2168 2417 2281 2474 loci
2305 2418 2536 2475 Borello
2561 2420 2858 2476 citerioris
2879 2418 3169 2490 Hispanias
3202 2416 3337 2475 duci
3361 2416 3740 2485 commissus,

2092 2509 2152 2562 ut
2187 2506 2244 2561 in
2276 2507 2506 2563 artibus
2538 2507 2897 2578 erudiretur,
2923 2509 2996 2564 ab
3018 2522 3088 2563 eo
3113 2506 3598 2563 Hattonicuidam
3620 2505 3745 2575 epi-

2092 2608 2268 2665 scopo
2299 2594 2558 2652 traditus
2588 2600 2680 2653 est
2703 2595 3119 2671 instruendus,
3156 2595 3309 2667 apud
3351 2609 3522 2665 quem
3562 2592 3746 2664 pluri-

2091 2696 2245 2739 mum
2269 2681 2327 2738 in
2350 2682 2598 2741 mathesi
2621 2684 2869 2742 studuit.
2894 2685 3106 2741 Verum
3138 2682 3422 2755 praedicto
3443 2682 3593 2738 duce
3608 2696 3755 2738 cuur

2090 2770 2368 2843 episcopo
2391 2773 2625 2828 Romam
2654 2777 2853 2843 eunte,
2882 2773 3034 2829 idem
3058 2787 3189 2831 cum
3216 2772 3304 2828 eis
3336 2771 3657 2843 profectus,
3681 2774 3744 2825 et

2090 2873 2257 2931 papa:
2290 2860 2483 2917 factus
2515 2861 2873 2932 notissimus,
2903 2862 2976 2918 ab
3006 2877 3077 2919 eo
3109 2860 3308 2917 Ottoni
3338 2860 3462 2929 regi
3494 2864 3584 2915 est
3610 2858 3744 2913 inti-

2094 2950 2303 3018 matus,
2337 2953 2395 3005 et
2432 2964 2561 3006 cum
2613 2950 2983 3006 Adalberone
3032 2949 3305 3007 Remensi
3335 2948 3613 3020 episcopo
3642 2948 3746 3002 Re-

2095 3036 2202 3092 mis
2232 3038 2412 3093 venit.
2441 3037 2571 3110 (ἑὸ.)
2605 3038 2730 3105 Quo
2765 3043 3025 3112 tempore
3049 3037 3285 3095 Otricus
3308 3036 3461 3108 apud
3485 3036 3745 3092 Saxones

2094 3122 2337 3194 insignis
2367 3124 2711 3181 habebatur.
2742 3129 2879 3182 Post
2913 3141 3124 3183 annum
3154 3124 3461 3182 Remensis
3493 3122 3747 3179 Adalbe-

2096 3225 2160 3268 ro
2190 3213 2426 3269 Romam
2456 3229 2587 3271 cum
2627 3215 2911 3272 Gerberto
2942 3217 3201 3288 petebat,
3235 3219 3296 3272 et
3344 3212 3524 3270 Ticini
3558 3227 3743 3282 augu-

2097 3305 2250 3357 stum
2270 3316 2400 3358 cum
2422 3301 2620 3358 Otrico
2646 3303 2888 3375 reperit,
2903 3318 2933 3360 a
2949 3318 3063 3374 quo
3078 3302 3382 3373 magnifice
3405 3304 3742 3371 susceptus,

2095 3387 2427 3461 ductusque
2477 3405 2581 3462 per
2626 3390 2845 3449 Padum
2886 3392 3073 3449 classe
3122 3393 3472 3460 Ravennam,
3506 3394 3566 3445 et
3607 3388 3744 3459 quia

2095 3491 2245 3534 anno
2279 3478 2583 3550 superiore
2616 3479 2851 3537 Otricus
2871 3479 3140 3537 Gerberti
3165 3494 3228 3536 se
3254 3478 3745 3551 reprehensorem

2096 3565 2152 3625 in
2184 3566 2432 3638 quadam
2466 3567 2648 3637 figura
2670 3583 2801 3625 cum
2825 3567 3134 3641 multiplici
3159 3567 3521 3625 diversarum
3545 3581 3745 3622 rerum

2097 3652 2519 3712 distributione
2551 3660 3004 3728 monstraverat,
3043 3658 3212 3729 jussu
3265 3655 3497 3725 augusti
3542 3669 3748 3711 omnes

2094 3740 2298 3814 palatii
2320 3743 2616 3815 sapientes
2639 3743 2791 3801 intra
2816 3745 3094 3817 palatium
3117 3744 3353 3802 collecti
3374 3749 3530 3815 sunt,
3556 3741 3748 3799 archi-

2095 3830 2409 3903 episcopus
2441 3846 2673 3903 quoque
2704 3848 2835 3891 cum
2869 3833 3103 3891 Adsone
3135 3834 3347 3891 abbate
3378 3832 3659 3889 Dervensi
3683 3837 3744 3888 et

2097 3919 2550 3977 scolasticorum
2574 3936 2851 3978 numerus
2874 3937 2989 3979 non
3012 3937 3229 3994 parvus
3253 3926 3341 3990 ;et
3356 3925 3526 3993 cepta
3546 3920 3746 3992 dispu-

2096 4008 2340 4080 tatione,
2367 4024 2498 4066 cum
2515 4008 2632 4079 jam
2658 4024 2802 4077 pene
2826 4015 3014 4068 totum
3038 4011 3188 4068 diem
3211 4009 3741 4082 consumpsissem,

2097 4097 2330 4167 augusti
2363 4101 2508 4155 nutu
2538 4099 2671 4156 finis
2704 4099 3020 4171 impositus
3050 4103 3162 4157 est.
3201 4099 3283 4155 Ibi
3317 4098 3639 4156 Gerbertus
3670 4097 3745 4153 ab

2097 4190 2346 4256 augusto
2368 4187 2602 4258 egregie
2627 4187 2901 4259 donatus,
2924 4190 3121 4246 Remis
3143 4204 3273 4247 cum
3297 4187 3747 4259 archiepiscOpo

2097 4288 2372 4332 reversus
2403 4280 2512 4345 est,
2545 4279 2603 4332 et
2637 4280 2771 4348 post
2807 4291 2838 4332 a
2867 4279 3108 4348 Hugone
3158 4277 3416 4347 Hugonis
3463 4275 3648 4346 Magni
3683 4274 3754 4329 fi-

338 4354 575 4412 Kalend.
614 4355 908 4428 Septemb.
939 4357 1247 4429 Wigifrido
1274 4358 1344 4393 ’7'
1374 4360 1726 4419 Virdunensi
1760 4363 1986 4435 episco-
2012 4348 2066 4411 D
2096 4362 2196 4433 lio,
2231 4377 2367 4434 rege
2396 4364 2770 4437 Francorum,
2806 4365 2903 4437 qui
2938 4364 3228 4423 Ludovico
3270 4367 3639 4422 successerat
3671 4378 3748 4419 ex

339 4457 415 4514 po
440 4446 501 4499 et
533 4443 590 4498 in
624 4445 978 4501 monasterio
1012 4447 1164 4517 quod
1190 4447 1315 4520 ipse
1339 4453 1718 4507 contruxerat
1738 4451 1985 4509 tumula-

333 4533 417 4586 to.
454 4530 620 4600 Hugo
652 4531 1014 4589 substitutus
1043 4539 1154 4589 est.
1188 4534 1293 4591 Hic
1334 4535 1631 4607 ingressus
1660 4538 1978 4611 civitatem,

336 4616 489 4676 unde
518 4617 765 4691 viveret,
800 4619 1101 4690 inquisivit
1131 4640 1142 4675 :
1170 4622 1478 4680 Lotharius
1500 4624 1652 4681 enim
1677 4641 1781 4682 rex
1812 4628 1983 4683 Fran-

334 4721 555 4779 corum,
587 4707 720 4779 quia
754 4711 881 4765 erat
913 4723 1009 4766 res
1035 4709 1270 4781 publica
1316 4711 1426 4767 sub
1450 4709 1662 4781 juvene
1720 4714 1982 4786 principe

334 4796 741 4868 Romanorum,
779 4796 1054 4855 defuncto
1110 4797 1415 4868 Wigifrido
1444 4798 1744 4873 episcOpo,
1778 4803 1984 4861 Virdu-

335 4899 472 4941 num
495 4884 730 4942 obsedit
761 4899 912 4943 anno
936 4886 1008 4942 ab
1028 4885 1140 4941 inc.
1167 4886 1325 4941 Dom.
1352 4889 1474 4957 986,
1506 4887 1609 4944 sed
1634 4888 1867 4946 minime
1891 4905 1983 4948 ce-

337 4971 444 5043 pit,
460 4971 653 5029 omnia
666 4977 856 5030 tamen
871 4973 1026 5030 circa
1045 4973 1244 5030 urbem
1260 4973 1513 5031 vastavit
1535 4991 1549 5041 ;
1581 4980 1787 5034 contra
1811 4993 1983 5050 quem

336 5059 556 5128 egressi
587 5059 658 5116 ad
708 5060 926 5118 bellum
954 5064 1014 5118 et
1041 5059 1325 5133 superati,
1376 5060 1579 5133 plures
1607 5077 1680 5121 ex
1710 5065 1795 5123 eis
1824 5068 1978 5140 capti

2096 4451 2207 4508 alia
2237 4452 2444 4524 stirpe,
2470 4452 2700 4524 dejecto
2723 4453 2967 4511 Arnulfo
3000 4454 3296 4527 pontifice,
3323 4454 3379 4509 in
3400 4454 3747 4509 Remensem

2094 4540 2601 4612 archiepiscopum
2614 4557 2676 4599 se
2693 4542 3040 4613 quibusdam
3064 4542 3385 4615 praestigiis
3412 4540 3747 4613 promoveri

2095 4629 2251 4685 fecit.
2289 4628 2411 4700 (fol.
2446 4632 2562 4703 73.)
2595 4633 2807 4688 Verum
2858 4631 3165 4705 aliquanto
3210 4638 3476 4704 tempore
3506 4634 3743 4700 exacto,

2094 4716 2190 4773 ubi
2223 4716 2409 4774 sensit
2441 4718 2597 4789 quod
2634 4718 2912 4777 Arnulfus
2931 4719 3129 4776 sedem
3146 4720 3434 4792 episcopii
3459 4718 3572 4776 sibi
3599 4732 3748 4790 prie-

2092 4803 2284 4877 ripere
2315 4810 2372 4861 et
2408 4806 2684 4878 populum
2717 4807 2789 4864 ad
2824 4823 2887 4865 se
2910 4809 3193 4867 reducere
3215 4809 3537 4879 nitebatur,
3564 4812 3747 4863 noctu

2094 4892 2321 4963 fugiens
2353 4893 2424 4951 ad
2456 4894 2738 4953 Othonem
2771 4897 2877 4953 ivit
2903 4914 2918 4964 ;
2944 4913 2973 4954 a
3008 4913 3122 4968 quo
3155 4914 3268 4955 non
3302 4890 3486 4955 multo
3518 4899 3650 4968 post
3689 4896 3749 4951 in

2092 4982 2525 5040 Ravennensem
2558 4984 3061 5058 archiepiscOpum
3114 4985 3466 5063 quibusdam
3502 4999 3563 5043 se
3594 4999 3751 5056 prai-

2094 5069 2287 5140 stigiis
2320 5071 2650 5144 promoveri
2682 5072 2839 5131 fecit.
2866 5075 3004 5132 lude
3038 5073 3410 5147 postmodum
3431 5089 3581 5149 papa
3605 5088 3750 5131 con-

1680 5215 1918 5273 VARIJE
1960 5217 2363 5312 LECIIONES.

407 5352 485 5438 ’τί
502 5354 736 5438 require
767 5354 823 5413 in
854 5354 963 5415 alia
991 5355 1200 5431 pagina
1231 5357 1341 5417 sub
1369 5357 1478 5418 hoc
1510 5359 1676 5433 signo
1700 5360 1738 5423 Ζ
1766 5375 1952 5438 usque
1982 5364 2055 5425 ad
2086 5369 2418 5427 :successit
2450 5368 2502 5426 ei
2533 5369 2734 5429 Heimo
2764 5383 2796 5431 ο
2824 5374 2947 5435 No:
2984 5374 3253 5434 ordinem
3280 5376 3374 5435 ita
3401 5376 3747 5437 indicatum

336 5425 731 5487 ruamus.
