3950 6048
84 148 224 227 ,197

1386 139 1888 204 CHRONICON.
1921 176 1999 186 —
2029 128 2183 201 LIB.
2232 141 2305 202 ΙΙ.

3403 135 3519 197 198

104 281 358 338 stitutus
387 284 478 338 est
511 285 569 337 et
600 281 883 337 Silvester
906 279 1100 337 dictus
1129 284 1242 336 est.
1270 278 1428 335 Obiit
1450 282 1643 335 autem
1666 291 1762 334 an-
1790 279 1843 338 A
1878 279 2040 332 Anno
2072 276 2143 331 ab
2177 276 2285 329 inc.
2324 274 2479 328 Dom.
2524 276 2647 341 995,
2694 268 2951 342 suscepit
2984 268 3258 338 rcgimem
3293 267 3520 325 Clunia-

105 387 182 426 no
212 375 343 437 999,
366 376 424 425 et
450 370 765 440 Gregorius
796 371 841 426 V
872 368 1160 427 successit
1188 368 1322 441 (78).

181 503 354 573 [λου.
392 505 563 559 GLAB.
602 518 661 571 η,
696 503 768 574 5].
803 504 964 559 Anno
995 502 1173 572 igitur
1202 502 1273 558 ab
1304 502 1413 557 inc.
1440 503 1599 556 Dom.
1636 503 1758 571 988,

108 593 303 662 imago
343 592 565 648 Domini
599 592 656 646 in
689 607 865 648 cruce
914 592 1102 663 posita
1138 592 1192 647 in
1217 592 1573 648 monasterio
1629 605 1765 662 apo-

105 682 403 738 stolorum
439 681 769 738 Aurelianis
802 681 1077 753 ploravit,
1114 682 1383 738 omnibus
1430 680 1766 737 admiranti-

111 774 241 841 bus,
265 771 409 841 quid
437 772 541 828 hoc
558 771 941 843 portenderet
961 772 1206 842 signum.
1227 774 1284 827 In
1307 771 1505 828 eadem
1528 770 1765 827 civntate

111 874 223 915 una
255 861 516 917 noctium
543 860 717 932 lupus
738 861 1071 931 adveniens,
1099 860 1428 917 aecelesiam
1466 860 1769 930 ingressus

112 949 430 1005 matutinis
464 949 625 1005 horis
658 953 877 1006 restem
901 949 1049 1020 signi
1082 963 1183 1005 ore
1233 948 1502 1020 arripuit,
1538 952 1594 1004 et
1651 948 1769 1017 agi-

113 1045 252 1093 tans
287 1036 436 1093 illud
467 1038 745 1111 insonuit,
771 1051 938 1108 quem
955 1038 1050 1093 vix
1082 1039 1152 1094 ab
1172 1037 1436 1094 zccclesia
1470 1035 1767 1108 expellere

114 1130 461 1198 potuerunt.
500 1128 942 1197 Sequentianuo
972 1132 1094 1182 tota
1128 1127 1483 1196 eivitasigne
1501 1140 1769 1182 consum-

115 1221 212 1286 pta
245 1222 340 1271 est
384 1231 514 1271 cum
573 1215 883 1287 aecclesiis,
920 1216 1024 1272 sed
1079 1215 1358 1273 Arnull‘us
1412 1213 1768 1270 venerabilis

112 1304 437 1376 episcopus
454 1305 688 1362 inventa
715 1305 961 1378 pecunia
984 1305 1041 1360 in
1065 1305 1460 1362 fundamentis
1482 1302 1769 1360 aecelesiae

114 1398 337 1450 sanctae
372 1393 597 1466 Crueis,
635 1394 898 1451 eamdem
922 1392 1252 1451 cecclesiam
1282 1393 1338 1449 in
1369 1392 1578 1449 melius
1605 1405 1771 1463 repa-

116 1482 289 1539 ravit.

1876 366 2070 421 censis
2098 366 2359 421 ccclesue
2392 366 2632 418 sanctus
2665 360 2849 416 Odilo.

1947 456 2108 525 (Iam.
2130 497 2144 524 ,
2171 469 2230 523 η,
2258 454 2333 524 1,)
2366 452 2606 507 Mortuis
2637 451 2817 519 igitur
2851 447 3123 504 Lothario
3146 451 3201 501 et
3230 444 3517 501 Ludovico

1876 546 2226 599 Francorum
2263 541 2519 611 regibus,
2554 543 2716 609 llugo
2750 553 2872 608 rex,
2907 541 2969 593 ut
3001 536 3273 603 diximus,
3307 533 3520 589 consti-

1877 638 2040 690 tutus
2068 636 2177 701 est,
2204 632 2371 702 cujus
2393 632 2573 685 frater
2598 631 2831 685 fuerunt
2855 627 2991 681 Otto
3021 626 3139 681 dux
3171 622 3519 691 Burgundiaa

1875 729 1932 779 et
1966 722 2290 777 I’leiuricus.
2330 720 2495 790 (0127'.
2532 719 2797 789 Divion.)
2831 716 3037 771 Verum
3070 715 3283 768 Ottone
3307 712 3362 765 in
3387 711 3525 767 ade--

1877 810 2159 867 lescentia
2189 814 2419 864 mortuo
2451 807 2674 876 absque
2704 804 2922 874 liberis,
2958 801 3262 858 lieinricus
3292 812 3523 855 succes-

1877 901 1952 956 sit
1977 918 1990 969 ;
2013 899 2180 968 cujus
2199 897 2353 953 ﬁlius
2378 896 2483 952 fuit
2509 894 2630 950 Odo
2656 893 2974 961 Beluensis,
2996 895 3052 947 et
3072 889 3375 961 privignus
3397 886 3523 955 ejus

1875 986 2204 1043 Willelmus
2255 986 2497 1053 advena,
2547 981 2814 1038 Ilainaldi
2862 979 3094 1037 comitis
3145 981 3331 1049 pater.
3385 978 3524 1030 l’ost

1878 1076 2211 1132 Ileinricum
2250 1073 2576 1141 IIeinricus,
2624 1069 2861 1126 Robcrti
2897 1066 3052 1137 regis
3080 1081 3152 1120 ex
3182 1063 3521 1120 Constantia

1880 1164 2055 1235 ﬁlius,
2092 1162 2365 1218 ducatum
2398 1160 2673 1231 eptinuit,
2714 1163 2767 1214 et
2803 1158 2855 1212 ei
2892 1155 3012 1225 regi
3043 1155 3197 1209 facto
3230 1153 3523 1207 Robertus

1879 1253 2121 1311 Vetulus
2141 1250 2454 1320 successit,
2488 1250 2666 1303 frater
2689 1247 2835 1316 ejus,
2858 1248 2912 1300 et
2936 1243 3193 1298 Roberto
3219 1243 3382 1309 Hugo
3405 1238 3525 1295 dux

1885 1347 2082 1414 postea
2136 1341 2472 1407 monachus,
2524 1334 2777 1391 llcinrici
2821 1333 2920 1388 ﬁlii
2969 1332 3157 1403 ipsius
3190 1327 3431 1385 Roberti
3463 1326 3526 1382 il-

1881 1432 2026 1497 lius;
2059 1445 2172 1501 quo
2220 1430 2459 1497 llugone
2511 1426 2806 1492 defuncto,
2858 1421 3153 1477 Robertus
3203 1416 3356 1473 ﬁlius
3399 1414 3526 1485 ejus

1883 1518 2195 1587 successit,
2222 1521 2278 1572 et
2306 1512 2707 1587 Constantiam
2732 1509 2894 1566 duxit
2926 1521 3185 1574 uxorem,
3217 1509 3523 1574 cognatam

188 1616 356 1683 (Iam.
392 1631 452 1684 η,
478 1618 557 1688 7.)
591 1618 754 1672 Anno
785 1617 964 1687 igitur
994 1619 1116 1689 991,
1154 1620 1389 1673 sanctus
1412 1614 1580 1671 Odilo
1609 1613 1766 1669 venit
1801 1631 1852 1690 Β
1884 1607 2142 1679 Hugonis
2178 1601 2677 1662 Autisiodorensis
2714 1596 2999 1670 episc0pi,
3041 1594 3272 1652 comitis
3302 1591 3527 1647 Cabilo—

118 1704 187 1759 ad
215 1704 664 1761 conversionem
689 1705 969 1777 Cluniaci,
996 1711 1054 1761 et
1089 1708 1122 1762 4
1147 1720 1296 1762 anno
1327 1710 1569 1761 sanctus
1599 1702 1771 1758 Maio-

120 1792 209 1848 lus
240 1793 418 1847 obiit.
455 1794 534 1848 Ea
570 1797 917 1865 tempestate
961 1796 1138 1850 Roma
1198 1794 1442 1851 maxima
1476 1809 1547 1849 ex
1604 1794 1772 1863 parte

121 1881 252 1950 igne
284 1882 595 1937 combusta
627 1886 737 1938 est.
766 1882 1061 1955 Templum
1091 1883 1265 1939 etiam
1289 1882 1477 1940 sancti
1504 1880 1663 1936 Petri
1684 1894 1775 1935 ac-

123 1983 365 2026 censum
400 1973 511 2039 est,
548 1975 603 2025 et
633 1970 750 2040 jam
773 1972 973 2027 trabes
1006 1973 1162 2027 ferro
1189 1977 1248 2027 et
1280 1970 1569 2027 lamminis
1617 1968 1773 2024 ereis

124 2059 429 2128 cooperta:
462 2057 769 2129 ardebant,
804 2075 935 2116 cum
964 2060 1153 2116 omnis
1183 2059 1351 2131 plebs
1400 2060 1652 2115 Romana
1704 2056 1775 2111 ad

128 2145 509 2217 sepulchrum
544 2148 795 2219 apostoli
811 2163 1188 2219 concurrens,
1218 2148 1313 2204 ubi
1337 2148 1584 2204 humana
1598 2145 1777 2201 nichil

129 2232 533 2304 praevalebant
564 2235 800 2306 auxilia,
826 2237 1085 2294 divinum
1106 2242 1165 2293 et
1186 2235 1573 2308 apostolicum
1606 2247 1780 2303 expe-

128 2323 331 2378 ctabat
365 2324 731 2395 sull'ragium,
763 2329 818 2380 et
851 2325 1051 2381 statim
1086 2325 1255 2397 ignis,
1309 2324 1405 2395 qui
1431 2325 1547 2395 jam
1582 2323 1781 2378 trabes

128 2410 450 2481 lambebat,
477 2412 779 2469 extinctus
800 2418 914 2470 cst.
947 2416 1027 2469 Eo
1059 2428 1289 2484 quoque
1333 2419 1595 2484 tempore
1623 2410 1781 2466 obie-

132 2503 262 2555 runt
300 2500 426 2555 Odo
456 2515 656 2557 comes
685 2502 1428 2572 Turonorum,lleribertus
1466 2499 1782 2556 Meldorum
1809 2537 1814 2542 ε

129 2593 185 2642 et
244 2590 583 2657 Trecorum,
674 2589 997 2646 Willelmus
1063 2590 1785 2660 Pictavorum,Manasses

131 2676 449 2747 cpiscopus
479 2678 812 2749 Trecorum,
842 2677 1209 2735 Gislebertus
1246 2677 1624 2747 Parisiorum,
1684 2675 1787 2731 Ge—

135 2764 347 2820 buinus
383 2764 581 2821 Catala
593 2780 856 2822 unorum.

1884 1697 2101 1754 nensis.
2159 1696 2348 1766 [GL..in.
2382 1694 2480 1761 R.,
2516 1706 2598 1760 III,
2630 1687 2705 1759 2.]
2754 1690 2917 1742 Anno
2959 1686 3031 1741 ab
3073 1684 3185 1739 inc.
3222 1685 3344 1750 996,
3379 1679 3528 1736 obiit

1885 1785 2192 1842 IIeinricus
2224 1784 2340 1838 dux
2363 1779 2516 1851 apud
2548 1778 2842 1834 Poliacum
2874 1787 3050 1845 super
3083 1770 3330 1840 Ararim,
3355 1773 3415 1823 et
3436 1767 3530 1822 Ri-

1887 1873 2141 1931 chardus
2172 1873 2635 1926 Normannorum
2669 1867 2787 1922 dux
2817 1863 2983 1920 obiit.
3023 1862 3184 1932 [1310.
3220 1872 3277 1927 ιι,
3314 1854 3387 1926 8.]
3435 1856 3529 1910 Se-

1890 1962 2090 2034 quenti
2140 1973 2370 2031 quoque
2421 1972 2570 2013 anno
2613 1955 2909 2010 Robertus
2941 1965 3045 2006 rex
3083 1950 3300 2004 ducens
3331 1959 3527 2000 secum

1889 2052 2239 2109 Richardnm
2290 2050 2358 2118 ll,
2405 2046 2695 2116 juniorem
2752 2044 3209 2098 Normannorum
3254 2034 3529 2090 comitem

1891 2157 2022 2199 cum
2052 2139 2295 2208 triginta
2328 2134 2563 2191 milibus
2595 2134 3078 2197 Normannorum,
3114 2122 3526 2193 Burgundiam,

1891 2230 2026 2301 quia
2059 2244 2089 2284 a
2121 2242 2183 2283 se
2216 2226 2532 2291 defecerat,
2578 2219 2847 2288 vastavit,
2882 2221 2943 2273 et
2976 2215 3207 2271 tandem
3254 2210 3528 2282 optinuit.

1894 2296 2090 2391 [Inm.,
2126 2331 2185 2383 ιι,
2222 2311 2297 2382 9.]
2331 2312 2453 2377 Quo
2489 2316 2746 2379 tempore
2794 2309 2944 2361 facta
2986 2308 3080 2359 est
3128 2303 3309 2357 fames
3340 2296 3530 2354 valida

1893 2388 2289 2478 quinquennio
2323 2400 2376 2455 in
2412 2403 2538 2455 toto
2583 2396 2724 2452 orbe
2764 2396 3042 2449 Romano.
3075 2391 3156 2445 Eo
3186 2388 3359 2443 etiam
3394 2391 3535 2440 tem-

1897 2471 2338 2567 pore'praeerat
2388 2485 2655 2543 ecelesize
2704 2480 3036 2539 Divionensi
3085 2476 3315 2533 abbatis
3347 2471 3533 2530 oliicio

1895 2559 2143 2640 eximius
2197 2581 2362 2650 pater
2406 2572 2753 2642 Willelmus,
2807 2570 2976 2640 cujus
3023 2571 3190 2637 gesta
3239 2563 3335 2635 qui
3384 2559 3534 2650 scire

1895 2646 2282 2738 voluerim-in
2329 2664 2481 2719 libro
2533 2661 2670 2719 vitae
2728 2658 2856 2730 ejus
2888 2671 2919 2714 a
2950 2653 3200 2712 Rodulfo
3258 2646 3539 2707 monacho

1898 2758 2057 2816 edito
2089 2756 2285 2826 legere
2325 2754 2541 2825 potest.

1731 2855 1955 2914 NOTAE.

201 2962 317 3033 (78)
350 2962 582 3018 Minime
614 2961 714 3019 sed
748 2976 817 3018 eo
832 2960 1272 3032 annoGregorio
1303 2961 1348 3017 V
1374 2959 1669 3031 Sylvester
1698 2958 1747 3013 II
1766 2953 2068 3014 successit.

140 3055 3549 3095 __________________________________________..___——

1202 3172 1606 3281 LIBER
1689 3160 2503 3276 SECUNDUS”.

2399 3140 2469 3175 876

213 3358 383 3411 Anno
432 3353 507 3408 ab
532 3352 641 3408 inc.
678 3353 838 3408 Dom.
868 3355 1023 3422 1002,
1061 3351 1206 3408 obiit
1248 3352 1386 3407 Otto
1442 3350 1535 3419 III,
1566 3344 1800 3417 juvenis
1831 3345 1879 3408 C
1910 3348 1976 3403 19
2023 3340 2422 3399 aecclesiarum
2477 3334 2688 3394 altaria
2740 3349 2871 3392 cum
2932 3329 3173 3389 decimis
3223 3331 3281 3383 et
3327 3324 3548 3398 paratis

144 3443 496 3515 imperator:
531 3441 754 3499 exactis
786 3441 840 3496 in
876 3456 1053 3511 regno
1080 3445 1145 3497 19
1166 3440 1354 3509 annis,
1394 3442 1452 3493 et
1494 3435 1800 3493 Heinricus

147 3531 462 3588 successit.
490 3531 614 3598 Quo
632 3544 780 3587 anno
794 3529 949 3586 circa
966 3529 1107 3586 solis
1135 3529 1468 3585 occubitum
1493 3525 1673 3583 draco
1700 3537 1803 3596 per

148 3633 279 3675 aera
306 3618 450 3673 ferri
477 3618 639 3674 visus
667 3621 781 3688 est,
816 3620 874 3672 et
906 3617 1089 3687 ignea;
1122 3616 1177 3670 in
1211 3614 1359 3671 cmlo
1395 3613 1725 3683 aciesvisze,
1745 3614 1802 3666 et

154 3706 289 3765 luna
314 3708 374 3762 in
403 3706 725 3779 plcnilunio
744 3710 876 3777 post
896 3704 1130 3761 inicium
1158 3702 1659 3774 quadragesimzea
1694 3714 1808 3756 me-

151 3797 250 3853 dio
284 3796 486 3851 noctis
520 3810 703 3865 usque
728 3795 799 3849 ad
830 3797 1022 3850 ortum
1046 3793 1160 3849 diei
1181 3793 1235 3848 in
1255 3792 1591 3862 sanguinem
1616 3803 1804 3859 versa,

153 3891 209 3940 et
249 3884 339 3941 sol
377 3884 534 3939 circa
570 3883 869 3938 meridiem
904 3882 959 3937 in
993 3882 1135 3939 duas
1157 3887 1354 3953 partes
1378 3880 1597 3936 divisus
1627 3882 1735 3934 est.

225 3971 914 4043 (C'at.po~nt.)‘Sequenti
949 3986 1097 4027 anno
1148 3971 1438 4026 Iohannes
1495 3983 1640 4041 papa
1692 3965 1810 4022 XIII

154 4063 326 4129 obiit,
365 4066 427 4116 et
459 4059 814 4116 Benedictus
846 4060 1150 4116 successit.

229 4151 359 4219 (fol.
397 4148 528 4221 73’).
569 4152 729 4205 Anno
764 4149 834 4205 ab
867 4149 980 4204 inc.
1013 4148 1362 4217 Dom.,1010,
1415 4144 1561 4202 obiit
1591 4142 1816 4201 Heldri-

158 4255 265 4295 cus
288 4240 479 4295 abbas
514 4238 989 4308 Flaviniacensis,
1027 4243 1093 4293 19
1118 4236 1241 4301 Kal,
1284 4233 1562 4302 Januarii,
1601 4237 1659 4289 et
1688 4247 1817 4290 suc-

161 4328 345 4384 cessit
380 4326 627 4383 domnus
654 4325 1265 4399 Amadeus.(Cf.Serr.
1299 4322 1428 4382 abb.
1461 4322 1658 4394 Flcw.)
1691 4320 1813 4393 Hic,

162 4416 405 4472 abbatia
447 4415 706 4485 dimissa,
744 4414 1078 4473 Cluniacum
1112 4414 1237 4484 ivit,
1267 4418 1324 4469 et
1356 4416 1488 4484 post
1547 4424 1818 4468 reversus

160 4506 559 4562 Colticensem
586 4505 791 4560 cellam
824 4504 1138 4575 adquisivit
1170 4502 1302 4573 (79),
1338 4505 1392 4557 et
1454 4500 1820 4556 Sinemurcn-

161 4610 284 4649 sem
311 4598 370 4649 ct
410 4593 859 4651 Belliloeenscm
888 4599 946 4649 et
989 4590 1395 4648 Corbiniacum
1446 4587 1816 4659 recuperavit

1910 3429 2164 3504 optinuit
2207 3428 2317 3501 (81)

1981 3499 2264 3576 Defuncto
2300 3499 2545 3588 'quoque
2592 3512 2901 3569 Adelmaro
2950 3508 3161 3565 abbate
3206 3499 3548 3560 monasterii

1913 3609 2102 3666 sancti
2123 3606 2319 3664 Vitoni
2338 3610 2369 3661 5
2390 3603 2512 3661 Kal.
2538 3605 2686 3672 Jan.,
2708 3597 3033 3657 Adelardus
3054 3593 3415 3652 substitutus
3436 3592 3545 3645 est.

1913 3701 1983 3755 Et
2005 3698 2115 3757 hoc
2146 3697 2423 3754 defuncto
2456 3697 2523 3749 13
2554 3690 2675 3747 Kal.
2705 3691 2864 3759 Jan.,
2907 3682 3279 3742 Ermenricus
3324 3691 3554 3737 succes-

1918 3788 2013 3858 sit,
2047 3786 2163 3858 qui,
2200 3786 2255 3840 in
2288 3787 2567 3856 quantum
2614 3778 2818 3849 valuit,
2860 3776 3049 3833 locum
3081 3769 3399 3843 ampliavit.
3434 3768 3555 3858 Iloc

1918 3855 2093 3931 etiam
2126 3855 2197 3931 ad
2231 3855 2486 3945 superna
2517 3871 2871 3935 transvecto,
2905 3868 2937 3919 6
2965 3861 3086 3918 Kal.
3122 3858 3415 3930 Septemb.
3451 3855 3560 3909 Ro-

1918 3963 2138 4020 hardus
2155 3960 2464 4030 successit,
2480 3963 2539 4014 et
2556 3955 2826 4013 Rohardo
2847 3951 3209 4007 Lambertus.
3226 3948 3368 4001 Post
3387 3956 3556 4013 quem

1921 4058 2129 4124 raptus
2146 4049 2328 4106 estde
2346 4045 2611 4104 cmnobio
2634 4042 2824 4101 sancti
2849 4038 3057 4096 Felicis
3074 4033 3378 4092 Mettensis
3402 4031 3560 4124 dom-

1922 4117 2033 4199 nu-s
2065 4138 2375 4210 Fingenius
2408 4138 2740 4193 Scottorum
2774 4127 3049 4202 progenie
3085 4121 3388 4191 oriundus,
3426 4117 3558 4210 quia

1924 4230 2090 4289 locus
2115 4205 2268 4285 idem
2293 4242 2396 4299 per
2419 4237 2646 4280 manum
2674 4219 2879 4277 laicam
2912 4211 3335 4299 aliquantulum
3366 4205 3563 4277 negle-

1922 4322 2056 4376 ctus
2083 4320 2232 4387 erat,
2267 4296 2338 4371 ad
2370 4307 2818 4369 restaurandum
2847 4319 2977 4362 eum
3009 4300 3225 4359 ibidem
3256 4296 3439 4354 abbas
3470 4296 3562 4351 est

1926 4384 2253 4464 ordinatus.
2316 4402 2493 4473 Cujus
2544 4396 2877 4465 adventum,
2927 4387 3456 4466 peregrinationem
3504 4384 3567 4438 et

1927 4493 2372 4552 conversionem
2403 4472 2498 4560 Qui
2536 4486 2762 4559 plenius
2793 4497 2963 4540 nosse
3005 4480 3322 4547 desiderat,
3357 4475 3413 4531 in
3444 4472 3565 4529 vita

1928 4582 2229 4640 Teoderici
2251 4579 2444 4637 eximii
2463 4575 2763 4632 Mettensis
2775 4570 3031 4645 episcopi
3046 4569 3193 4647 scire
3210 4568 3406 4638 potest
3430 4561 3565 4633 (82).

162 4688 305 4753 (>50).
344 4682 649 4740 Sarmatia:
673 4688 931 4739 castrum
961 4682 1136 4753 cepit,
1165 4682 1476 4736 Passavant
1504 4651 1815 4744 destruxit,
1850 4660 1901 4720 D
1930 4673 2001 4728 Et
2030 4673 2139 4728 hoc
2173 4683 2404 4742 quoque
2451 4665 2746 4735 defuncto,
2785 4676 2916 4719 eum
2943 4658 3059 4732 jam
3093 4658 3223 4730 post
3256 4651 3571 4710 Adalbero-

1524 4774 1762 4830 VARUE
1805 4770 2202 4826 LECTIO‘NES.

1759 4913 1978 4969 NOTAE.

230 4852 302 4886 ³⁷⁸
337 4852 557 4913 titulus
589 4851 751 4910 deest
772 4853 839 4909 in
869 4850 1082 4908 codice.

238 5034 356 5099 (79)
396 5032 477 5087 Ali
509 5029 813 5086 IIelmuino
835 5027 1114 5099 episcopo
1138 5023 1409 5099 Eduensi
1440 5035 1598 5099 anno
1628 5020 1691 5075 33
1732 5034 1818 5075 rc-

166 5105 262 5169 gni
294 5093 539 5158 lt'oberti
580 5100 748 5171 regis,
782 5093 937 5154 teste
997 5093 1197 5153 charta
1233 5113 1247 5163 ;
1307 5093 1622 5161 Mabillon.,
1675 5106 1804 5146 ann.

172 5178 207 5227 ll
234 5174 366 5228 ~ncrl
386 5175 479 5241 IV,
510 5177 632 5241 652,
671 5174 732 5226 Κ.

241 5251 359 5314 (80)
396 5233 481 5298 Ab
513 5233 711 5298 eodem
735 5240 1039 5314 llelmuino
1063 5233 1634 5314 diplomatenscrip‘to
1664 5246 1813 5314 anno

321 5302 486 5383 1034,
519 5328 669 5369 anno
692 5312 921 5368 lienriei
962 5302 1195 5382 regisb.
1254 5302 1601 5364 Mabillon‘l.
1664 5302 1701 5374 l,
1761 5318 1812 5373 p.

248 5440 363 5527 (81)
402 5456 543 5511 Dum
584 5454 820 5511 exstant
872 5449 1245 5512 donationum
1294 5445 1514 5505 chartae
1568 5440 1819 5501 Amadeo

1931 5019 2102 5083 datae,
2134 5014 2375 5071 Robcrti
2411 5012 2562 5081 regis
2595 5004 2947 5083 unaeral.
2985 5002 3146 5083 yart.
3175 5012 3225 5083 a;
3254 4995 3575 5083 ‘1_018;rblaj-

1927 5067 2386 5159 iiiiiiiii,".i'hiiai.
2417 5067 2646 5159 'n'épeu.
2670 5079 2953 5159 Διιῃειεςηε
2982 5067 3292 5140 Raginaldi
3335 5067 3569 5125 comitis

1929 5146 2190 5217 altera'a.
2230 5162 2405 5220 1037;
2441 5154 2629 5209 Labbe
2662 5155 2710 5219 1,
2741 5151 2862 5203 270.
2902 5146 2963 5199 K.
3174 5208 3239 5220 Μ

2001 5206 2117 5298 (ἒέ)
2142 5206 2546 5298 Dalmatia—nc
2569 5206 2755 5298 Vitam
2779 5219 2984 5298 auctor
3002 5212 3149 5298 vita;
3171 5206 3506 5298 1119995119
3495 5220 3567 5298 Β.

1929 5277 2457 5359 tuiﬁﬁifiiéifss.‘
2498 5294 2640 5348 Sine.
2673 5289 2765 5359 v1,
2800 5290 2849 5343 ι.
2884 5285 2998 5342 Ct‘r.
3042 5293 3276 5355 quoque
3323 5277 3548 5335 Monum

1933 5374 2120 5428 Germ.
2156 5368 2249 5424 SS.
2293 5367 2380 5436 IV,
2414 5365 2618 5435 p.696.
2657 5360 2719 5415 K.
