3950 6048
370 194 483 273 lea

1317 196 1681 266 HUGONIS
1700 246 1707 254 .
1723 188 2075 264 ABBATIS
2119 192 2449 264 FLAVINI
2462 192 2808 261 AECNSIS

3654 192 3780 255 200

362 355 490 398 nem
524 336 945 396 Virdunensem
976 333 1380 410 episcopatum
1412 333 1613 391 Heimo
1646 333 1890 392 sortitus
1919 348 2006 391 es-
2037 336 2090 396 A
2123 332 2334 390 docilis
2364 333 2577 404 ingenii
2611 335 2835 388 attente
2871 328 3089 402 rimari,
3124 334 3184 387 ut
3239 333 3666 400 agnosceretur
3698 330 3778 385 ab

363 433 472 500 set,
509 430 755 485 domnus
780 427 1108 483 Richardus
1136 425 1327 482 locum
1352 424 1514 482 illum
1540 423 1854 493 regendum
1886 438 2008 479 sus-

363 519 538 590 cepit.
594 517 769 587 Cujus
820 517 1016 585 vitam,
1069 530 1260 570 mores
1308 518 1366 569 et
1398 519 1586 581 actus,
1638 510 2008 567 nobilitatem

363 607 615 679 generis,
642 605 877 661 inicium
898 603 1323 671 conversionis,
1348 601 1603 658 studium
1625 599 1925 669 religionis
1951 603 2011 655 et

366 694 863 768 perseverantiam
889 692 1266 764 perfectionis
1288 690 1588 746 humilitas
1608 694 1810 744 nostra
1838 703 2011 745 sensu

370 784 509 840 licet
549 783 709 839 tenui
740 785 799 838 et
832 794 1100 838 sermone
1138 779 1361 836 rustico
1402 778 1734 834 describere
1772 777 2009 846 gliscit;

372 873 507 945 quia
538 873 585 929 si
620 871 757 942 quid
791 886 1013 939 sumus,
1048 885 1178 926 cum
1216 868 1394 924 nichil
1428 867 1626 937 simus,
1660 872 1845 924 totum
1881 872 2012 938 post

370 963 546 1017 Deum
579 964 637 1016 et
667 963 903 1016 sanctos
941 958 1068 1027 ejus
1106 956 1518 1014 ascribcndum
1550 959 1638 1011 est
1672 955 1899 1011 meritis
1931 955 2014 1025 ip-

370 1050 512 1106 sius.
548 1049 707 1104 Unde
739 1047 1097 1104 invocandus
1135 1050 1225 1101 est
1266 1045 1435 1101 nobis
1468 1042 1865 1115 spiritualium
1900 1042 2015 1098 dis«

372 1138 629 1194 tributor
646 1137 1023 1193 karismatum
1048 1135 1303 1206 Spiritus
1327 1137 1588 1202 sanctus,
1616 1136 1679 1189 ut
1706 1132 2016 1188 beatitudi-

371 1241 499 1282 nem
528 1225 655 1295 ejus
683 1240 790 1281 suo
832 1224 1061 1295 quidem
1106 1238 1302 1291 sensu,
1338 1225 1540 1278 nostro
1580 1235 1680 1276 ore
1720 1221 2011 1291 (-nunciet,

370 1319 434 1370 ut
466 1314 738 1370 laudetur
763 1313 818 1368 in
842 1313 1121 1384 operibus
1152 1311 1297 1382 suis,
1329 1314 1385 1365 et
1418 1314 1696 1380 appareat
1728 1309 2013 1365 mirabilis

367 1404 422 1458 in
465 1403 688 1459 sanctis
731 1402 870 1457 suis.

441 1496 489 1548 1.
532 1490 601 1524 ²⁷⁷
632 1490 842 1546 Extitit
873 1488 1052 1558 igitur
1092 1487 1454 1543 nobilissima
1490 1488 1837 1542 Francorum
1882 1486 2015 1542 stir-

373 1594 442 1652 pe
482 1578 843 1650 progenitus,
878 1580 1062 1647 patre.
1100 1618 1112 1630 .
1151 1619 1162 1631 .
1199 1617 1210 1629 .
1250 1617 1262 1630 .
1305 1572 1395 1643 ’73,
1432 1578 1617 1629 matre
1648 1588 1806 1629 vero.
1844 1614 1855 1626 .
1895 1614 1906 1627 .
1944 1614 1955 1627 .
1996 1614 2008 1627 .

2121 422 2390 478 omnibus
2420 421 2608 491 magni
2642 435 2772 477 eum
2802 421 3060 477 futurum
3094 432 3227 474 esse
3287 417 3568 489 preconii,
3596 432 3777 488 quem

2123 510 2209 566 sic
2231 509 2671 566 commendabat
2695 524 2935 565 acumen
2958 507 3317 576 intellectus,
3337 512 3697 562 secretorum
3712 512 3776 563 et

2124 597 2488 655 misticorum
2519 613 2585 653 ca
2598 613 2724 669 pax,
2750 602 3103 668 cooperante
3119 599 3176 651 et
3194 593 3562 667 praecedente
3576 595 3776 664 gratia

2124 689 2241 742 Dei.
2279 687 2400 759 (fol.
2436 688 2549 758 74.)
2581 686 2869 742 Transivit
2902 690 3098 756 itaque
3130 685 3184 740 in
3216 683 3415 740 eadem
3453 684 3596 740 urbe
3642 699 3780 754 pro-

2126 775 2326 831 ficiens
2349 790 2531 847 usque
2563 776 2633 830 ad
2654 774 2973 846 perfectam
2993 774 3486 830 incrementorum
3512 778 3774 845 aetatem,

2122 869 2179 920 et
2196 864 2292 934 qui
2319 868 2447 927 erat
2469 878 2603 920 acer
2626 863 2874 933 ingenio,
2893 863 3100 919 statuit
3126 862 3474 932 sibimetipsi
3510 876 3776 918 normam

2123 952 2376 1023 vivendi,
2413 953 2679 1009 recidens
2709 952 2763 1006 in
2793 967 2853 1008 se
2888 952 3079 1021 noxia,
3126 965 3254 1021 quae
3288 950 3343 1005 in
3377 949 3506 1005 aliis
3560 949 3776 1005 solerti

2122 1041 2424 1110 vigilantia
2459 1041 2955 1112 reprehendebat.
2979 1041 3193 1095 Probat
3212 1040 3315 1095 hoc
3342 1038 3614 1108 religiosa
3635 1038 3778 1094 vitae

2123 1129 2249 1198 ejus
2282 1130 2674 1199 conversatio,
2707 1134 2765 1184 et
2798 1129 3137 1185 continuata
3163 1128 3445 1183 malorum
3490 1127 3777 1196 redargu-

2129 1217 2229 1286 tio,
2259 1232 2369 1288 qua
2394 1222 2622 1273 tantum
2652 1218 2985 1274 abundabat
3007 1216 3179 1271 animi
3211 1216 3336 1285 ejus
3386 1214 3609 1271 directa
3637 1216 3778 1270 sim-

2127 1305 2379 1377 plicitas,
2418 1311 2479 1362 ut
2516 1322 2618 1378 pro
2652 1292 2895 1361 zeldDei
2920 1303 3772 1374 etemulationejustitiaeprae-

2127 1395 2386 1450 centoris
2417 1400 2476 1450 et
2510 1393 2907 1451 archidiaconi
2931 1393 2982 1449 ei
3006 1392 3254 1449 officium
3278 1391 3769 1459 committeretur,

2127 1488 2184 1537 et
2220 1482 2558 1552 magisterio
2592 1482 2716 1551 ejus
2767 1482 3079 1554 dispositio
3138 1480 3438 1536 Remensis
3483 1479 3787 1551 aacclesiae

2124 1570 2480 1627 traderetur.
2511 1570 2609 1627 Cui
2643 1571 2831 1627 oﬂlcio
2857 1585 3025 1641 quam
3052 1574 3311 1640 strenue,
3336 1583 3504 1639 quam
3519 1568 3776 1640 pruden-

368 1667 439 1701 ³⁷⁸
471 1668 604 1738 (83),
629 1670 687 1721 et
713 1667 783 1721 ab
808 1665 948 1736 ipsis
974 1664 1229 1735 infantiae
1253 1663 1601 1719 rudimentis
1626 1661 1840 1717 litteris
1872 1660 2015 1753 libe-
2042 1694 2095 1753 B
2128 1664 2236 1729 ter,
2270 1674 2440 1729 quam
2475 1658 2753 1714 sollerter
2785 1658 3197 1729 invigilaverit,
3232 1673 3301 1714 ne
3325 1657 3484 1713 nimii
3519 1659 3773 1714 fortasse

371 1752 674 1810 ralibusin
698 1751 961 1807 aecclesia
988 1755 1203 1806 sanctae
1228 1749 1417 1804 Mariae
1446 1748 1749 1803 Remensis
1781 1746 2014 1802 institu-

374 1847 487 1898 tus.
512 1841 649 1906 Quae
669 1839 915 1896 ecclesia
937 1843 1103 1894 tanto
1127 1843 1261 1895 tunc
1285 1838 1565 1893 vernabat
1592 1835 1893 1905 religionis
1918 1835 2015 1890 de-

370 1944 526 1997 core,
580 1933 667 1984 tot
714 1942 1090 1999 personarum
1142 1924 1423 1981 nobilium
1475 1929 1534 1979 et
1583 1923 2009 1993 religiosarum,

372 2032 516 2090 quas
545 2018 670 2088 ipsa
695 2016 750 2070 in
776 2030 839 2071 se
865 2015 1239 2084 educaverat,
1274 2014 1385 2069 sibi
1416 2011 1807 2084 adplaudebat
1841 2011 2016 2066 hone-

375 2112 465 2164 sta
496 2104 915 2162 numerositate
938 2106 994 2158 et
1021 2102 1248 2158 decenti
1282 2102 1611 2170 honestate,
1639 2105 1699 2157 ut
1732 2099 2014 2169 religione

375 2196 498 2266 ipsa
513 2193 921 2266 praaemineret
940 2191 1208 2248 omnibus
1226 2189 1512 2245 :ecclesiis
1527 2188 1790 2258 Belgicae,
1810 2189 2017 2242 forma-

374 2296 485 2352 que
516 2284 677 2336 esset
714 2279 982 2335 omnibus
1022 2278 1267 2334 honeste
1308 2275 1539 2333 vivendi
1574 2279 1851 2345 recteque
1882 2289 2017 2330 con-

373 2367 647 2425 versandi
676 2368 731 2422 in
764 2367 1065 2436 castitate,
1109 2366 1165 2420 in
1196 2365 1462 2434 scientia,
1496 2364 1552 2418 in
1590 2363 1919 2433 disciplina,
1957 2363 2012 2418 in

369 2456 741 2528 correptione
760 2469 1006 2523 morum,
1034 2454 1089 2509 in
1110 2453 1426 2509 exibitione
1449 2453 1728 2508 bonorum
1750 2467 2006 2522 operum.

370 2546 586 2602 Probat
618 2544 726 2602 hoc
750 2543 943 2600 domni
969 2546 1026 2597 et
1050 2556 1185 2599 vere
1212 2542 1395 2597 sancti
1430 2540 1749 2597 Constantii
1781 2540 2013 2596 canoni-

369 2634 423 2691 ci
441 2633 700 2703 ejusdem
720 2631 1002 2689 zecclesiae
1027 2631 1141 2702 pia,
1166 2634 1441 2687 constans
1460 2635 1519 2685 et
1534 2629 1722 2685 fidelis
1740 2634 2012 2685 constan-

366 2722 472 2792 tia,
493 2722 748 2791 itemque
773 2720 1019 2777 alterius
1045 2719 1370 2774 Constantii
1392 2719 1668 2774 imitanda
1682 2723 1739 2772 et
1756 2718 2010 2774 recolen-

369 2809 440 2865 da
472 2809 529 2864 in
560 2822 846 2880 pauperes
880 2806 1195 2863 laudabilis
1234 2822 1429 2863 rerum
1472 2820 1705 2862 suarum
1750 2806 2009 2877 profusio

364 2901 423 2954 et
444 2897 627 2953 totius
649 2895 982 2969 patrimonii
1012 2894 1321 2966 dispersio.
1357 2895 1611 2961 Quorum
1646 2895 1893 2951 alterum
1929 2896 2011 2965 ip-

365 3000 428 3043 sa
460 3001 563 3043 sua
596 2984 960 3043 commendat
1003 2983 1206 3054 religio
1245 2988 1305 3039 et
1346 2998 1519 3055 opera
1563 2983 2004 3053 misericordiae,

2127 1748 2416 1804 laudando
2450 1748 2833 1819 inveniamur,
2868 1747 3042 1804 silere
3075 1747 3465 1817 decrevimus,
3519 1746 3771 1801 maxime

2124 1852 2253 1893 cum
2278 1843 2338 1893 et
2374 1837 2668 1893 silentium
2696 1837 2885 1907 ipsum
2910 1835 3037 1893 laus
3057 1835 3185 1905 ejus
3214 1836 3312 1906 sit,
3342 1836 3474 1907 quia
3504 1835 3549 1891 si
3582 1839 3773 1891 totam

2126 1926 2515 1981 substantiam
2532 1930 2790 1982 nostram
2808 1927 2863 1980 in
2882 1924 3151 1982 laudibus
3168 1925 3294 1995 ejus
3316 1922 3774 1995 superextende-

2128 2029 2342 2084 remus,
2369 2014 2557 2069 minus
2580 2020 2740 2069 esset
2765 2013 2919 2085 quod
2951 2014 3297 2083 diceremus,
3324 2012 3395 2067 ad
3419 2011 3475 2067 id
3519 2011 3673 2082 quod
3689 2010 3773 2065 di-

2124 2103 2368 2158 cendum
2399 2106 2577 2157 esset.
2611 2100 3339 2172 Jubilatergoinlaudibus
3365 2102 3494 2171 ejus
3527 2101 3772 2156 Remen-

2126 2191 2209 2245 sis
2233 2190 2520 2261 aecclesia,
2557 2191 2688 2261 quia
2721 2195 2777 2246 et
2803 2190 2923 2261 ipsa
2966 2190 3093 2261 ejus
3124 2189 3377 2260 devotio,
3437 2204 3544 2260 qua
3595 2188 3649 2242 in
3702 2203 3772 2243 ea

2129 2278 2379 2334 fideliter
2404 2279 2711 2347 laboravit,
2731 2278 2858 2334 laus
2873 2278 2998 2347 ejus
3013 2283 3124 2334 est.
3156 2280 3440 2335 Utebatur
3474 2280 3773 2349 potestate

2127 2367 2237 2423 sibi
2270 2366 2484 2423 tradita
2520 2368 2573 2423 in
2589 2367 3056 2437 aedificationem,
3076 2382 3186 2422 non
3206 2367 3261 2423 in
3277 2366 3769 2433 destructionem,

2124 2455 2343 2511 habens
2377 2455 2710 2511 libertatem
2736 2456 2894 2511 vocis
2918 2455 3140 2523 judicio
3174 2470 3280 2511 suo
3306 2455 3611 2510 confutare
3635 2466 3771 2509 reos

2123 2549 2184 2600 et
2214 2545 2584 2613 convincere,
2618 2543 2955 2613 nulliusque
2979 2557 3284 2614 personam
3306 2543 3359 2598 in
3379 2541 3601 2611 judicio
3618 2541 3770 2598 acci-

2127 2647 2281 2703 pere.
2316 2632 2540 2699 Quibus
2573 2631 2748 2687 rebus
2781 2632 2857 2687 ita
2880 2632 3154 2701 cognitus
3187 2636 3309 2688 erat
3370 2630 3658 2699 omnibus,
3702 2634 3768 2686 ut

2124 2720 2518 2777 absensetiam
2535 2735 2641 2791 pro
2657 2720 2744 2776 sui
2771 2720 3098 2776 reverentia
3116 2725 3173 2775 et
3198 2720 3406 2775 inﬂexa
3432 2717 3766 2775 constantia

2122 2822 2153 2864 a
2186 2810 2415 2865 cunctis
2442 2808 2771 2878 timeretur,
2816 2812 2872 2863 et
2906 2809 3127 2879 pariter
3168 2822 3368 2865 omnes
3419 2821 3589 2863 senes
3631 2821 3765 2862 cum

2114 2896 2451 2967 junioribus
2465 2896 2734 2951 Richardi
2753 2896 3106 2952 inadulatam
3120 2897 3430 2966 gravitatis
3454 2910 3763 2952 censuram

2121 2985 2561 3041 reverebantur.
2579 2986 2711 3040 Erat
2727 2985 2878 3041 enim
2892 3000 3029 3042 vere
3046 2985 3374 3056 religiosus,
3392 3000 3491 3040 ora
3502 2983 3765 3040 tionibus

363 3073 612 3131 alterum
637 3073 783 3130 adeo
809 3087 1127 3145 pauperum
1155 3071 1435 3144 praedicat
1462 3071 1783 3142 miseratio,
1808 3076 1873 3127 ut
1895 3071 2007 3142 ipsi
2039 3050 2087 3109 Ο
2116 3074 2414 3130 continuis
2442 3088 2676 3130 vacans.
2725 3074 2823 3129 Cui
2849 3075 3025 3130 etiam
3051 3050 3228 3130 moris
3262 3050 3387 3130 erat
3416 3072 3760 3145 psalterium

364 3162 473 3221 soli
503 3162 720 3219 inventi
752 3163 890 3233 sint,
925 3162 1018 3233 qui
1048 3161 1197 3216 tanti
1227 3161 1335 3215 viri
1370 3159 1504 3216 dum
1538 3160 1756 3215 deﬂent
1783 3160 2005 3216 obitum

365 3252 685 3324 praedicant
716 3252 1005 3320 meritum,
1031 3254 1086 3306 et
1112 3251 1244 3306 dum
1272 3250 1442 3306 funus
1466 3249 1624 3304 illius
1648 3254 1813 3318 grata
1840 3250 2008 3306 sedu-

363 3339 533 3396 litate
566 3339 809 3395 oﬂieiosi
844 3343 1182 3409 procurant,
1208 3338 1344 3394 dum
1370 3337 1438 3393 ad
1466 3337 1654 3393 missae
1686 3336 2006 3408 solempnia

364 3441 494 3497 quae
527 3432 774 3499 possunt
822 3443 925 3498 pro
975 3426 1175 3497 requie
1208 3425 1332 3495 ejus
1365 3426 1701 3483 munuscula
1734 3426 2002 3496 offerunt,

363 3520 501 3578 dum
531 3531 732 3573 omnes
766 3514 998 3571 insimul
1050 3515 1205 3571 circa
1255 3530 1468 3587 corpus
1517 3515 1815 3584 aggregati
1845 3530 2003 3570 suam

359 3608 578 3664 deflent
606 3605 1042 3672 desolationem,
1070 3608 1131 3659 et
1164 3618 1325 3659 suam
1351 3603 1405 3658 in
1430 3603 1577 3658 tanti
1610 3601 2005 3658 elemosinarii

362 3696 785 3766 ingeminantes
815 3696 1258 3763 conqueruntur
1292 3692 1753 3763 destitutionem,
1776 3691 1901 3760 ejus
1926 3692 2006 3746 ni-

362 3786 570 3842 mirum
591 3782 769 3839 vitam
791 3781 953 3836 miris
976 3779 1248 3837 laudibus
1267 3778 1579 3849 extollunt,
1606 3784 1664 3834 et
1681 3780 1729 3835 si
1756 3780 1889 3849 quid
1906 3779 2007 3835 hu-

364 3888 550 3931 mante
580 3876 803 3927 natura:
831 3869 976 3926 vitio
1006 3869 1059 3924 in
1083 3884 1152 3924 eo
1185 3873 1527 3939 corruptum
1559 3874 1669 3938 est,
1696 3868 1752 3922 id
1778 3868 1899 3924 suis
1929 3867 2006 3925 la-

359 3961 558 4021 crimis
591 3962 795 4029 tegunt
817 3962 873 4013 et
898 3958 1189 4029 operiunt.
1228 3956 1360 4012 Ideo
1384 3960 1577 4014 autem
1600 3957 1803 4012 horum
1836 3972 2004 4013 cons-

359 4051 604 4111 tantiam
638 4049 708 4105 ad
739 4047 1066 4119 exemplum
1101 4045 1355 4101 fidelium
1399 4046 1488 4102 hic
1532 4046 1901 4116 inseruimus,
1939 4050 1999 4101 ut

356 4142 636 4210 agnoscat
682 4137 780 4209 qui
820 4136 1048 4208 legerit,
1081 4140 1167 4191 tot
1198 4139 1255 4191 et
1288 4134 1436 4191 tales
1468 4134 1625 4191 viros
1656 4136 1711 4190 in
1746 4134 1998 4206 palestra

353 4232 572 4288 sanctae
596 4227 900 4283 Remensis
924 4224 1206 4282 aecclesiaa
1230 4239 1337 4280 nec
1362 4224 1485 4280 sine
1510 4224 1809 4294 magistris
1833 4225 2000 4280 desu-

357 4316 544 4387 dasse,
582 4331 688 4372 nec
720 4316 803 4371 sic
837 4314 997 4372 solos
1035 4314 1293 4370 evasisse
1341 4328 1566 4370 carnea:
1604 4313 1774 4369 molis
1806 4328 2001 4370 carce-

2117 3178 2187 3218 ex
2200 3162 2404 3219 ordine
2425 3177 2658 3233 quoquo
2678 3162 2769 3217 die
2785 3161 2998 3231 dicere,
3023 3167 3079 3218 et
3107 3163 3325 3233 primos
3351 3162 3580 3232 quidem
3598 3160 3765 3231 quin-

2118 3250 2682 3323 quagenospsalmos
2706 3250 2913 3306 stando
2973 3252 3239 3308 manibus
3264 3252 3336 3307 ad
3393 3254 3613 3306 terram
3663 3248 3760 3305 de-

2117 3340 2285 3396 ﬂexis
2300 3340 2552 3407 dicebat,
2572 3339 3013 3410 quinquagenos
3034 3344 3288 3409 erectus,
3322 3339 3761 3410 quinquagenos

2116 3433 2450 3499 prostratus
2482 3432 2603 3483 toto
2635 3444 2903 3499 corpore,
2929 3431 3017 3483 set
3081 3442 3416 3499 suspensus.
3473 3424 3759 3483 Articulis

2118 3517 2327 3589 pedum
2361 3531 2703 3572 manuumve
2727 3519 3094 3572 sustentatus
3135 3517 3468 3587 perorabat.
3523 3514 3761 3571 Solebat

2116 3606 2290 3662 etiam
2323 3611 2455 3661 ante
2479 3622 2710 3662 crucem
2752 3606 3071 3662 orationem
3134 3604 3485 3661 cotidianam
3537 3604 3756 3674 dicere,

2118 3710 2361 3765 quarum
2378 3697 2484 3750 hec
2499 3698 2666 3751 erant
2682 3695 2935 3751 omnium
2956 3710 3226 3751 versuum
3244 3694 3414 3751 inicia
3436 3713 3447 3748 :
3471 3693 3667 3752 Adero
3682 3694 3756 3759 te,

2121 3784 2379 3854 Christe,
2396 3797 2624 3841 crucem
2637 3783 3058 3853 ascendentem,
3081 3784 3141 3840 et
3158 3782 3429 3840 benedice
3469 3783 3540 3841 te.
3601 3782 3757 3848 Quas

2116 3888 2245 3929 cum
2270 3873 2361 3929 die
2388 3887 2496 3928 una
2531 3872 2708 3929 multa
2742 3878 3077 3944 perorasset
3102 3873 3399 3943 instantia,
3417 3885 3663 3941 surgens
3683 3872 3755 3927 ab

2115 3963 2400 4032 oratione,
2436 3964 2493 4016 et
2526 3962 2867 4018 cruciﬁxum
2891 3978 3020 4018 cum
3046 3961 3306 4019 lacrimis
3328 3961 3757 4035 aspiciens,au-

2114 4052 2256 4108 divit
2291 4066 2489 4106 vocem
2515 4050 2801 4107 dicentem
2818 4051 2927 4107 sibi
2951 4070 2961 4104 :
2996 4053 3083 4109 Tu
3102 4065 3193 4108 me
3213 4053 3279 4109 in
3300 4052 3480 4109 terris
3527 4048 3756 4107 benedi-

2109 4141 2283 4208 wisti,
2305 4141 2363 4196 et
2382 4154 2482 4208 ego
2508 4138 2774 4196 benedice
2789 4140 2860 4196 te.
2884 4141 2951 4195 Et
2966 4139 3190 4197 elevata
3225 4140 3489 4211 dextera,
3506 4138 3602 4210 qui
3625 4143 3754 4195 erat

2111 4230 2167 4285 in
2202 4232 2382 4285 forma
2414 4228 2605 4285 crucis
2632 4228 2928 4284 benedixit
2961 4244 3110 4285 eum.
3141 4228 3753 4296 Quadulcedinecom-

2111 4321 2383 4390 punctus,
2418 4316 2640 4387 gratias
2669 4317 2787 4386 egit
2822 4318 3114 4376 sacerdoti
3130 4334 3373 4390 summo,
3399 4316 3750 4388 etcepitjam

355 4419 497 4475 rem,
542 4408 603 4461 ut
650 4418 760 4460 non
801 4402 1147 4473 reliquerint
1197 4401 1424 4472 aliquos
1463 4403 1549 4459 sui
1599 4402 1883 4474 propositi
1914 4407 1997 4458 te-
2028 4415 2079 4475 Ι)
2108 4410 2274 4463 tanto
2306 4406 2858 4477 artiusperfectiora
2885 4407 3174 4477 meditari,
3202 4412 3419 4478 quanto
3446 4406 3752 4477 gratiosio-

356 4499 479 4551 stes
509 4498 566 4550 et
598 4497 1032 4565 cooperatores,
1069 4493 1163 4563 qui
1194 4507 1391 4549 eorum
1415 4497 1473 4548 et
1504 4493 1751 4563 vestigia
1788 4492 1994 4549 imitati

355 4586 416 4641 et
450 4581 583 4638 fidei
630 4582 906 4637 virtutem
940 4581 1054 4637 sint
1091 4580 1424 4653 amplexati.

427 4676 478 4728 2.
514 4672 572 4727 In
606 4671 714 4728 hac
738 4684 878 4740 ergo
901 4669 1166 4726 mcclesia
1192 4670 1480 4739 religiosae
1506 4670 1718 4726 indolis
1740 4686 1884 4741 puer
1905 4671 1997 4726 Ri-

353 4761 608 4818 chardus
640 4759 856 4816 litteris
890 4760 1141 4817 traditus
1171 4760 1534 4830 imbuendus,
1569 4760 1729 4815 brevi
1767 4759 1995 4829 singula

352 4849 720 4922 percucurrit
754 4864 880 4920 qua:
914 4850 1324 4919 magistrorum
1359 4848 1615 4905 sollertia
1652 4863 1997 4919 percurren-

352 4937 422 4992 da
475 4939 744 5007 signavit.
802 4939 966 5010 Cepit
990 4940 1106 5010 jam
1136 4939 1345 4994 altiora
1396 4936 1684 5008 meditari,
1715 4942 1772 4993 et
1806 4953 1934 5009 qua)
1965 4953 1995 4994 a

351 5027 651 5095 magistris
691 5042 805 5084 non
848 5028 1155 5099 didicerat,
1207 5026 1515 5083 vivacitate
1546 5031 1604 5081 et
1637 5027 1991 5098 perspicacia

2108 4511 2229 4552 rem
2261 4496 2413 4552 circa
2448 4510 2510 4550 se
2530 4497 2885 4565 agnoscebat
2906 4495 3273 4553 dulcedinem
3294 4495 3629 4552 miserentis
3650 4495 3749 4550 Dei

2108 4586 2228 4641 Hoc
2261 4601 2367 4641 nos
2388 4584 2627 4640 Rodomi
2653 4584 2825 4656 positi
2859 4600 2887 4639 a
2920 4584 3064 4641 viris
3086 4585 3380 4655 religiosis
3399 4584 3747 4655 audivimus,

2112 4675 2207 4745 qui
2221 4677 2277 4729 et
2295 4673 2405 4746 ipsi
2426 4688 2488 4729 se
2506 4672 3085 4730 fatobanturaudisse
3099 4689 3128 4730 a
3146 4676 3386 4744 Hugone
3409 4673 3747 4744 cognomine

2107 4763 2515 4833 Grammatico,
2532 4762 2656 4819 viro
2676 4765 2917 4818 strenuo
2940 4768 2999 4818 et
3024 4762 3319 4833 religioso,
3365 4764 3749 4833 Rotomagen-

2106 4853 2189 4907 sis
2203 4851 2484 4908 :ecclesiae
2498 4850 2929 4919 archidiacono,
2948 4852 3043 4923 qui
3060 4852 3254 4909 Remis
3268 4852 3323 4907 in
3337 4851 3603 4910 aecclesia
3620 4865 3749 4907 san-

2104 4944 2215 4997 cta:
2240 4940 2429 4996 Mariae
2466 4954 2728 5011 prmsens
2749 4940 2933 4997 adfuit
2959 4941 3189 5012 quando
3212 4941 3318 4998 hec
3368 4946 3535 5012 gesta
3588 4944 3743 4997 sunt.

2175 5034 2224 5085 3.
2260 5029 2474 5086 Verum
2493 5043 2623 5086 cum
2647 5028 2704 5085 in
2735 5028 2857 5086 dies
2878 5030 3105 5089 fervore
3138 5030 3402 5102 religiosi
3459 5029 3745 5103 propositi

1712 5152 1945 5207 VARLE
1988 5152 2384 5210 LECTIONES.

418 5248 485 5282 ³⁷⁷
515 5250 751 5308 umeri
778 5251 1043 5323 capitum
1071 5250 1367 5311 habentur
1385 5250 1450 5308 in
1476 5250 1689 5309 codice.
1713 5248 1783 5282 ’⁷⁸
1817 5251 1974 5308 locus
2002 5252 2193 5311 vacat.

1931 5349 2153 5406 NOT/E.

420 5442 533 5526 (ὃὲ)
564 5445 724 5526 Patri
755 5451 882 5526 erat
917 5446 1178 5517 Walteri,
1213 5447 1385 5504 matri
1414 5446 1769 5505 Tlieodradze
1800 5459 2030 5520 nomen,
2066 5452 2129 5505 ut
2160 5452 2417 5508 testatur
2449 5453 2656 5510 auctor
2684 5450 2830 5510 Vitae.
2860 5448 3136 5510 Richardi
3166 5464 3258 5526 ap.
3289 5447 3560 5511 Mabillon
3592 5426 3750 5509 Ann.

348 5514 443 5574 SS.
476 5516 619 5577 Sac.
654 5518 811 5591 VI,1.
839 5519 901 5575 Κ.
