3950 6048
169 158 276 224 201
1398 156 1825 225 CHRONICOI

1953 192 2022 209 η.-
2066 157 2221 222 LIB.
2266 160 2342 226 ιι.
3449 169 3567 241 ρος

175 289 240 344 ad
274 287 487 345 altiora
540 302 724 359 penna
755 287 1082 348 devotionis
1113 290 1549 360 sustolleretur,
1583 296 1639 346 et
1672 304 1809 347 eon-
1837 288 1896 351 Α
1924 289 2072 357 rium
2102 294 2159 345 et
2193 289 2589 362 Godefridum,
2631 298 2691 349 et
2733 294 2907 351 ﬁliam
2957 296 3223 369 Odlliam,
3277 318 3404 374 quae
3457 306 3567 363 fuit,

178 382 496 448 temptorcs
519 376 716 433 mundi
738 377 1140 449 suimetipsius
1165 380 1553 450 abnegatores
1576 378 1812 435 mirare-
1926 377 2224 434 abbatissa
2247 377 2588 436 ancillarum
2613 382 2712 437 Dei
2739 382 2794 437 in
2819 385 3173 443 monasterio
3194 394 3412 446 sanctae
3436 393 3569 452 Odi-

177 470 288 535 tur,
311 466 611 536 Deumque
634 464 689 520 in
717 465 897 535 ﬁgura
922 467 1115 524 crucis
1138 468 1388 539 positum
1408 471 1809 536 veneraretur,
1928 464 2042 520 liae.
2070 465 2283 522 Habuit
2306 471 2366 522 et
2388 466 2560 523 alium
2582 483 2653 524 ex
2671 470 2990 527 concubina
3012 472 3190 529 ﬁlium
3216 477 3442 535 nomine
3466 482 3570 540 Go-

179 568 463 625 sequaces
497 567 637 610 suos
668 553 739 610 ad
773 568 835 609 se
863 554 1204 613 invitantem
1237 561 1295 613 et
1324 556 1615 613 dicentem
1650 575 1662 610 :
1703 554 1818 620 Qui

178 641 327 699 mihi
344 642 677 713 ministrat,
701 655 793 699 me
811 643 1102 714 sequatur
1130 645 1327 715 (Joan.
1353 660 1450 715 xu,
1477 645 1613 715 26.),
1640 657 1820 700 reme-

180 745 416 787 morans
466 731 853 802 quia‘parum
903 736 1059 788 esset
1102 732 1436 790 ministrare
1470 733 1729 802 Domino,
1764 730 1820 786 in

181 836 294 890 quo
325 819 484 877 nulla
525 825 684 877 esset
724 820 1025 892 perfectio,
1060 821 1169 878 nisi
1201 826 1260 878 et
1292 824 1641 894 sequeretur
1670 835 1821 889 eum,

183 908 396 978 delegit
431 909 548 965 Deo
581 908 805 967 ﬁrmius
848 908 1148 981 adherere,
1194 911 1461 982 quoniam
1495 911 1681 966 bonus
1710 912 1822 977 est,

182 1002 240 1052 et
265 998 422 1054 beati
447 998 545 1069 qui
570 1003 813 1070 sperant
838 997 891 1054 in
917 1013 1068 1055 eum.
1093 1000 1259 1071 Cepit
1283 1000 1461 1070 igitur
1482 998 1642 1069 larga
1658 994 1824 1054 manu

186 1101 313 1157 quae
336 1085 493 1143 circa
519 1100 580 1143 se
603 1090 772 1143 erant
794 1086 1136 1158 dispensare
1161 1088 1536 1160 pauperibus,
1559 1092 1614 1142 et
1636 1086 1776 1142 licet
1797 1100 1825 1141 a

188 1174 392 1246 primis
429 1175 597 1232 annis
638 1176 1047 1247 conpassionis
1089 1176 1144 1231 in
1177 1191 1246 1233 eo
1278 1191 1454 1248 opera
1486 1174 1826 1244 claruerint,

186 1271 376 1319 tamen
403 1279 519 1335 quo
542 1263 792 1336 amplius
821 1264 1048 1320 miseria
1076 1264 1259 1321 seculi
1285 1269 1343 1319 et
1368 1264 1543 1319 fallax
1565 1264 1689 1333 ejus
1704 1277 1832 1333 gra-

182 1346 263 1409 tia
288 1352 836 1425 contempnebatur,
854 1353 1389 1423 eomagisinstabat
1416 1349 1831 1408 misericordiae

184 1442 485 1514 operibus,
513 1445 576 1497 ut
600 1441 792 1498 nudus
822 1440 1116 1497 Christum
1150 1441 1336 1512 sequi,
1363 1445 1421 1497 et
1446 1454 1664 1512 pauper
1697 1453 1833 1511 pan-

189 1544 386 1601 perem
422 1528 635 1584 imitari
669 1527 916 1598 valeret,
959 1529 1055 1599 qui
1098 1533 1342 1600 propter
1370 1542 1474 1584 nos
1513 1527 1833 1582 minoratus

188 1617 488 1691 paululum
513 1618 585 1673 ab
614 1616 838 1686 angelis
860 1617 929 1673 de
951 1617 1306 1689 pauperibus
1331 1616 1488 1673 nasci
1511 1621 1567 1672 et
1603 1616 1657 1671 in
1692 1630 1834 1688 prae-

188 1708 351 1779 sepio
387 1705 658 1763 reclinari
700 1704 907 1775 voluit,
946 1709 1006 1761 ut
1039 1710 1195 1762 esset
1235 1704 1459 1777 piorum
1501 1703 1832 1773 eibariaju-

189 1801 535 1852 mentorum.
591 1794 697 1851 Ubi
747 1808 886 1851 vero
936 1799 1146 1851 cuncta
1196 1793 1481 1850 distracta
1524 1798 1681 1863 sunt,
1727 1807 1830 1848 nec

186 1883 482 1941 desideria
516 1882 794 1940 dilatione
823 1883 1154 1955 consopita,
1182 1882 1317 1953 quin
1340 1882 1541 1954 potius
1563 1895 1834 1951 augmen-

187 1977 331 2042 tata,
375 1971 510 2044 quia
545 1975 745 2028 sancta
788 1975 977 2041 erant,
1010 1975 1071 2027 et
1102 1970 1523 2041 cegitationum
1555 1971 1835 2027 inundan-

190 2061 354 2132 tium,
382 2074 530 2131 quas
555 2060 897 2132 perfectioni
921 2060 1165 2117 studens
1180 2058 1368 2115 ﬁdelis
1387 2059 1571 2115 anima
1591 2058 1829 2131 patitur,

191 2150 449 2207 violento
474 2149 696 2222 impetu
713 2148 935 2213 sedato,
963 2149 1035 2205 ad
1059 2152 1288 2221 portum
1313 2147 1527 2220 quietis
1552 2146 1834 2219 appulsus

194 2238 317 2294 ﬁx’t
351 2238 667 2294 anchoram
692 2237 838 2309 spei,
864 2237 997 2309 quia
1028 2235 1590 2306 deliberaveratjam
1617 2241 1677 2292 ut
1701 2235 1832 2305 iret,

188 2327 347 2400 cepit
385 2326 600 2383 iterum
624 2326 843 2382 anxiari
870 2341 983 2397 quo
1007 2327 1139 2396 iret,
1167 2340 1335 2397 quem
1358 2325 1467 2382 sibi
1497 2325 1687 2381 locum
1722 2328 1835 2381 sta-

193 2417 376 2473 tionis
399 2415 678 2486 eligeret;
703 2415 798 2472 ubi
820 2414 1142 2487 plantatus,
1158 2415 1211 2470 in
1229 2416 1457 2471 interna
1474 2413 1670 2472 cordis
1691 2429 1840 2470 ame-

192 2505 382 2561 nitate
414 2504 818 2561 viridesceret.
854 2503 1097 2560 Volebat
1125 2504 1276 2559 enim
1301 2502 1407 2559 hoc
1433 2502 1585 2574 quod
1620 2503 1837 2581 dictum

190 2598 283 2649 est
306 2592 465 2665 patri
492 2590 864 2649 credulitatis
886 2595 1104 2649 nostrze
1129 2591 1374 2647 Abrahm
1398 2611 1411 2646 :
1436 2591 1562 2648 Ελῖί
1586 2592 1656 2648 de
1678 2592 1841 2650 terra

193 2684 321 2751 tua,
357 2682 421 2739 et
445 2681 516 2739 de
542 2680 892 2752 cognatione
923 2680 1027 2737 tua
1060 2678 1225 2751 (Gen.
1252 2694 1353 2750 xu,
1385 2681 1602 2745 1;Act.
1630 2696 1727 2751 vn,
1762 2682 1837 2752 3),

194 2772 267 2828 ad
291 2771 553 2827 litteram
578 2768 840 2842 implere,
866 2769 970 2826 sed
992 2768 1408 2827 considerabat
1435 2785 1545 2826 non
1572 2770 1694 2827 sine
1729 2770 1843 2825 fru-

196 2866 300 2917 ctu
331 2861 481 2929 fore,
505 2859 575 2929 si,
602 2859 756 2915 inter
777 2874 916 2916 suos
939 2858 1184 2931 positus,
1213 2860 1515 2930 factusque
1546 2860 1632 2916 eis
1665 2859 1841 2916 forma

195 2950 329 3007 vitae
344 2950 633 3019 honestae,
652 2948 1043 3021 praebereteis
1055 2947 1381 3020 exemplum
1397 2948 1679 3019 sequendi
1696 2948 1848 3004 Chri-

1932 552 2239 611 defridum.
2276 554 2623 614 Godefridus
2654 572 2795 616 vero
2826 560 2942 617 dux
2966 560 3020 616 in
3046 561 3267 620 divitiis
3296 570 3355 621 et
3383 569 3568 639 gloria

1935 642 2155 712 absque
2188 642 2391 699 liberis
2417 646 2744 702 consenuit.
2783 648 2995 705 Gozelo
3028 654 3221 707 autem
3250 652 3367 709 dux
3399 656 3576 715 Gode-

1936 729 2146 787 fridum
2163 731 2365 802 ﬁlium,
2394 734 2489 804 qui
2506 741 2746 807 accepta
2761 753 2943 794 uxore
2968 738 3255 797 Bonel‘acii
3279 748 3484 813 postea
3500 746 3578 803 fa-

1939 822 2070 875 ctus
2090 822 2181 875 est
2208 821 2482 891 marchio,
2510 822 2782 881 heredem
2808 825 3064 897 reliquit.
3098 829 3214 886 Hac
3246 844 3386 901 ergo
3408 848 3581 904 gene-

1942 920 2068 963 rosa
2093 908 2277 981 stirpe
2293 915 2531 967 creatus
2545 911 2792 969 domnus
2817 913 3170 986 Friderieus,
3188 917 3243 973 in
3259 919 3580 978 sublimita-

1942 998 1999 1051 te
2027 996 2309 1052 honorum
2345 999 2592 1068 positus,
2638 1015 3042 1059 mensurarum
3081 1018 3315 1062 suarum
3367 1006 3583 1067 limites

1943 1082 2306 1153 attendebat,
2324 1098 2393 1139 ne
2413 1083 2468 1140 in
2489 1086 2817 1157 praecipitio
2839 1086 2909 1121 “°
2930 1089 3132 1160 pedem
3158 1095 3579 1162 poneret:ideo

1946 1170 2157 1225 bonum
2190 1170 2533 1229 intentionis
2558 1188 2679 1231 suae
2703 1174 2871 1231 ﬁnem
2897 1177 3146 1249 adeptus
3164 1183 3272 1250 est,
3300 1181 3396 1251 qui
3420 1188 3580 1240 extra

1946 1258 2088 1315 ﬁnes
2108 1274 2246 1315 suos
2266 1265 2506 1330 vagatus
2527 1277 2641 1318 non
2662 1268 2769 1319 est.
2798 1265 3077 1323 Hostibus
3095 1268 3404 1335 terribilis,
3427 1285 3581 1328 amo-

1946 1362 2007 1402 re
2034 1347 2282 1418 justitiac
2313 1350 2673 1421 spectabilis,
2703 1354 3055 1424 pauperibus
3084 1355 3303 1427 largus,
3338 1359 3580 1431 dapsilis

1947 1435 2001 1490 in
2035 1436 2233 1497 donis;
2268 1437 2325 1491 in
2361 1439 2650 1509 parcendo
2683 1440 2829 1511 pius,
2866 1442 2919 1498 in
2947 1442 3284 1502 ulciscendo
3315 1460 3576 1505 severus.

1947 1524 2051 1589 Qui
2086 1525 2206 1580 etsi
2239 1525 2527 1597 palacium
2563 1528 2992 1602 frequentabat,
3025 1531 3080 1587 in
3102 1535 3470 1605 sterquilinio
3497 1541 3583 1592 ta-

1947 1628 2074 1669 men
2103 1628 2233 1670 cum
2268 1615 2438 1671 beato
2457 1617 2563 1672 Joh
2584 1616 2824 1674 sedebat
2856 1618 3007 1691 (Job,
3033 1636 3092 1691 ιι,
3119 1622 3173 1693 8)
3208 1640 3219 1675 :
3246 1623 3376 1693 quia
3399 1624 3446 1680 si
3471 1639 3582 1696 qua

1946 1700 2152 1758 illicite
2172 1704 2435 1773 gerebat,
2452 1718 2517 1761 ea
2540 1704 2608 1760 ad
2627 1707 2838 1762 mentis
2862 1707 3061 1766 oculos
3085 1710 3394 1780 penitendo
3415 1712 3586 1770 redu-

1944 1791 2134 1847 cebat.
2157 1791 2405 1847 Sedebat
2426 1792 2480 1848 in
2500 1794 2891 1866 sterquilinio,
2916 1796 3046 1868 quia
3069 1812 3197 1856 cum
3221 1803 3354 1858 ante
3376 1815 3435 1859 se
3455 1815 3587 1875 pec-

1945 1884 2208 1936 catorum
2225 1884 2487 1937 stercora
2503 1884 2800 1953 cernebat,
2819 1884 2866 1941 si
2884 1885 3019 1957 quid
3034 1885 3307 1945 elationis
3326 1889 3382 1946 in
3397 1890 3586 1948 animo

1947 1969 2326 2040 surrexisset,
2343 1969 2679 2028 inclinabat.
2706 1974 2770 2028 Et
2799 1979 3017 2044 quanto
3033 1990 3092 2032 se
3110 1976 3407 2048 pulverem
3433 1982 3489 2035 et
3515 1978 3593 2036 ci-

1946 2071 2140 2113 nerem
2163 2072 2290 2115 cum
2312 2059 2426 2114 Deo
2450 2059 2694 2131 loquens
2714 2062 3047 2135 estimabat,
3074 2068 3237 2122 tanto
3254 2065 3473 2125 celsius
3495 2084 3586 2127 us-

1948 2160 2059 2218 que
2082 2146 2153 2203 ad
2182 2145 2458 2204 honorem
2483 2147 2690 2207 divinae
2713 2149 3173 2223 colloquutionis
3204 2155 3580 2214 ascendebat.

1948 2235 2091 2291 Hine
2104 2240 2197 2291 est
2211 2236 2363 2307 quod
2385 2237 2461 2293 ita
2485 2250 2618 2294 vere
2632 2238 2970 2297 humiliatus
2982 2245 3090 2309 est,
3110 2247 3172 2297 ut
3187 2243 3255 2298 ad
3273 2242 3388 2299 alta
3403 2245 3586 2303 virtu-

1947 2327 2071 2379 tum
2096 2338 2338 2394 surgere
2362 2325 2651 2383 veraciter
2669 2333 2893 2397 posset.
2916 2329 3051 2398 Agit
3072 2330 3222 2385 enim
3248 2332 3355 2388 hoc
3377 2332 3469 2402 pia
3487 2334 3584 2390 Dei

1951 2411 2250 2469 miseratio
2280 2427 2417 2484 erga
2449 2413 2673 2472 electos
2714 2430 2871 2484 suos,
2907 2421 2970 2472 ut
3003 2422 3221 2488 quanto
3252 2433 3312 2475 se
3344 2418 3490 2477 infra
3520 2436 3585 2478 se

1952 2500 2113 2573 ipsos
2144 2500 2491 2574 despiciunt,
2545 2506 2711 2560 tanto
2761 2503 3070 2562 sublimius
3098 2505 3171 2563 ad
3202 2521 3452 2565 amorem
3484 2510 3585 2567 Dei

1953 2589 2348 2661 subrigantur,
2366 2595 2505 2648 eteo
2521 2592 2700 2663 magis
2718 2592 2952 2650 videant
2973 2593 3301 2652 claritatem
3327 2597 3445 2666 Dei,
3473 2613 3587 2669 quo

1953 2692 2057 2735 eos
2083 2679 2284 2750 magis,
2310 2694 2380 2736 ne
2404 2681 2475 2737 de
2498 2695 2559 2738 se
2582 2696 2784 2752 magna
2809 2682 3084 2740 sentiant.
3111 2685 3378 2756 reprimit
3401 2686 3591 2745 virtus

1955 2782 2108 2825 verae
2148 2768 2519 2828 humilitatis.
3416 2772 3419 2777 ’

2028 2861 2079 2914 4.
2114 2859 2252 2915 Cum
2278 2858 2471 2930 itaque
2497 2860 2565 2917 ad
2590 2860 2914 2919 conditoris
2936 2863 3021 2920 sui
3047 2864 3404 2924 desiderium
3430 2870 3587 2924 totus

1958 2946 2181 3004 diutina
2197 2947 2576 3010 meditatione
2597 2948 2999 3021 incalesceret,
3017 2958 3077 3009 et
3091 2952 3207 3023 jam
3222 2959 3424 3024 aperte
3440 2970 3602 3013 mun-

196 3047 375 3109 stum,
412 3014 791 3110 adipiscendo
823 3036 1127 3108 religionis
1161 3014 1541 3109 propositum.
1580 3037 1849 3094 Conside-
1870 3014 1928 3079 C
1960 3036 2016 3092 di
2051 3037 2335 3093 lenocinia
2369 3037 2669 3108 despicere
2691 3043 2749 3095 et
2771 3040 2890 3097 Deo
2917 3014 3036 3096 tota
3072 3014 3393 3098 intentione
3424 3043 3597 3101 adhe-

198 3129 366 3185 rabat
395 3142 606 3184 rursus
622 3125 1024 3183 difﬁcillimum
1047 3141 1179 3183 esse
1203 3127 1358 3182 inter
1376 3131 1550 3183 notos
1571 3130 1630 3182 ct
1649 3127 1847 3182 afﬁnes

195 3216 495 3287 gravioris
526 3215 811 3287 propositi
842 3215 1224 3272 intentionem
1258 3215 1718 3287 apprehendere,
1754 3215 1847 3271 ubi

196 3304 521 3376 aliquando
544 3309 704 3360 certa
728 3309 818 3361 est
834 3303 924 3360 via
950 3303 1217 3376 periculi,
1235 3304 1453 3360 incerta
1471 3303 1702 3373 salutis,
1719 3318 1848 3360 eum

166 3411 171 3415 '
200 3394 457 3451 retrahit
484 3393 773 3450 hominem
801 3394 916 3464 jam
942 3393 1058 3449 Deo
1083 3393 1507 3464 proximantem
1542 3407 1700 3448 amor
1722 3407 1853 3463 pro-

201 3483 584 3555 pinquorum,
617 3487 677 3537 et
708 3482 1051 3538 reverberat
1090 3481 1272 3539 aciem
1315 3481 1513 3538 vultus
1550 3481 1696 3552 ejus,
1741 3496 1850 3552 qua

200 3573 359 3630 Deus
390 3569 709 3627 intuendus
730 3574 908 3641 esset,
933 3570 1152 3627 caritas
1175 3570 1389 3640 carnis,
1415 3575 1474 3626 et
1498 3569 1853 3626 multimodas

204 3660 562 3734 punctiones
591 3659 794 3729 seculi,
829 3675 975 3730 quas
996 3674 1106 3716 non
1133 3659 1278 3716 adeo
1307 3673 1517 3728 graves
1549 3658 1727 3715 sentit
1758 3657 1854 3730 qui

203 3747 677 3822 oportunitatem
715 3747 1007 3805 sentiendi
1042 3747 1186 3803 vitat
1213 3751 1269 3804 et
1301 3747 1532 3817 refugit.
1570 3749 1724 3804 Inter
1752 3748 1856 3804 has

202 3845 263 3895 et
288 3838 443 3895 alias
468 3836 824 3909 multiplices
854 3837 1302 3909 repugnantium
1327 3836 1439 3893 sibi
1464 3837 1709 3895 invicem
1734 3851 1860 3894 car-

204 3928 299 3985 nis
318 3931 381 3984 et
404 3926 655 3999 spiritus
678 3925 1135 3983 deliberationes
1166 3925 1331 3983 affuit
1354 3925 1707 3996 adjutorium
1732 3925 1861 3981 0m-

205 4016 561 4091 nipotentis,
587 4021 645 4072 et
672 4016 884 4073 famulo
916 4031 1020 4072 suo
1051 4015 1362 4073 desudanti
1388 4014 1443 4070 in
1470 4015 1724 4086 palestra
1748 4013 1863 4085 glo-

206 4107 355 4166 riosi
387 4104 730 4164 certaminis
758 4105 1030 4164 solatium
1060 4105 1310 4178 praebuit
1337 4106 1636 4176 cujusdam
1672 4104 1862 4161 fidelis

207 4198 327 4267 sui,
353 4196 454 4268 qui
480 4196 590 4253 sub
613 4193 859 4253 clamide
891 4194 1193 4252 mundanae
1224 4194 1527 4265 dignitatis
1560 4193 1866 4252 abscondi-

206 4290 335 4344 tum
350 4285 599 4357 gerebat
615 4283 1088 4358 probatissimum
1103 4282 1342 4340 militem
1357 4290 1368 4332 ι
1384 4282 1734 4354 .bristi.(Fol.
1749 4282 1864 4354 74.)

1963 3140 2092 3183 rere
2108 3132 2370 3198 cuperet,
2387 3124 2728 3197 videretque
2742 3126 2913 3184 homo
2929 3128 2981 3183 in
2999 3128 3216 3186 saeculo
3236 3130 3599 3188 constitutus

1964 3213 2465 3287 pernecessarium
2499 3213 2605 3271 sibi
2641 3215 2762 3271 fore
2800 3219 2862 3272 ut
2892 3217 3003 3273 hoc
3042 3232 3207 3274 suum
3247 3218 3602 3277 desiderium

1962 3302 2204 3359 cuilibet
2227 3301 2640 3373 religiosorum
2667 3303 3025 3375 propalaret,
3049 3305 3218 3377 cujus
3242 3305 3605 3365 relevaretur

1962 3391 2207 3448 consilio
2239 3396 2295 3447 et
2329 3391 2696 3449 orationibus
2746 3392 3096 3465 ﬁrmaretur,
3149 3394 3337 3451 visum
3385 3399 3477 3452 est
3529 3395 3603 3467 ei,

1966 3479 2156 3536 divina
2182 3480 2381 3551 utique
2407 3480 2655 3536 faciente
2679 3480 3008 3548 clementia,
3031 3488 3090 3539 ut
3112 3483 3610 3554 virumreligione
3696 3476 3703 3485 ’

1968 3569 2509 3641 nominatissimum,
2548 3570 2898 3628 Richardum
2934 3570 3229 3641 videlicet,
3264 3572 3335 3630 de
3367 3587 3479 3644 quo
3511 3573 3612 3630 im-

1970 3658 2415 3730 przesentiarum
2438 3659 2633 3730 agitur
2656 3660 2793 3729 (Cfr.
2818 3658 2975 3718 ϐεδε.
3005 3660 3166 3719 Vird.
3183 3663 3260 3734 8),
3283 3666 3609 3734 expeteret,

1970 3751 2028 3802 et
2059 3747 2111 3802 ei
2147 3751 2438 3819 tamquam
2479 3746 2590 3804 sibi
2637 3748 2807 3804 alteri
2840 3764 2903 3806 se
2935 3749 3127 3821 ipsum
3160 3750 3450 3821 crederet,
3484 3764 3613 3808 cum

1970 3851 2040 3893 eo
2063 3837 2310 3893 archana
2335 3836 2533 3893 cordis
2557 3837 2647 3894 sui
2671 3837 3048 3909 participaret
3067 3857 3080 3893 :
3097 3838 3259 3895 illum
3278 3853 3407 3896 esse
3430 3838 3617 3896 consi-
3726 3898 3739 3903 _

1972 3923 2203 3981 liarium
2227 3923 2325 3996 qui
2350 3923 2526 3981 nichil
2550 3924 2794 3982 haberet
2827 3925 3022 3995 fallax,
3048 3925 3225 3983 nichil
3259 3925 3615 3996 simulatum,

1976 4012 2151 4069 nichil
2183 4019 2476 4085 corruptae
2510 4013 2670 4085 pacis
2700 4014 2963 4071 amicum.
3000 4015 3167 4070 Venit
3199 4029 3359 4084 ergo,
3391 4019 3451 4069 et
3481 4014 3616 4071 dum

1977 4102 2152 4160 unius
2175 4101 2449 4160 voluntas
2465 4102 2748 4174 aperitur,
2766 4103 3062 4159 amborum
3086 4101 3437 4160 desiderium
3462 4115 3620 4158 reve-

1978 4191 2155 4264 latur,
2181 4196 2242 4249 et
2273 4196 2333 4248 ut
2361 4190 2697 4264 perﬁciatur
2729 4190 2952 4247 alterna
2984 4189 3421 4248 conﬁrmatione
3452 4191 3621 4247 robo-

1981 4287 2165 4338 ratur.
2193 4282 2501 4338 Decretum
2523 4286 2615 4337 est
2636 4279 2817 4350 igitur
2834 4279 3124 4337 communi
3149 4282 3309 4349 voto,
3329 4282 3390 4336 et
3410 4293 3482 4335 ex
3498 4292 3624 4336 sen-

211 4374 570 4433 Fredericus
610 4388 817 4430 nomen
832 4378 957 4429 erat
975 4373 1117 4443 viro,
1149 4387 1428 4443 generosa
1473 4372 1618 4429 satis
1651 4372 1777 4443 ejus
1806 4376 1867 4428 et
1898 4369 1950 4430 D
1985 4370 2165 4427 tentia
2190 4369 2483 4440 utrimque
2513 4367 2898 4425 deliberatum
2921 4372 3013 4424 est
3037 4373 3098 4425 ut
3124 4381 3345 4440 pauper
3375 4366 3622 4439 quilibet
3654 4359 3671 4369 ’

211 4464 332 4522 alta
360 4479 644 4538 propago.
666 4464 803 4535 (Cfr.
827 4461 983 4520 (ἔδει.
1025 4461 1183 4518 Vtrd.
1204 4463 1282 4532 9.)
1308 4460 1869 4519 Comitatushonore

210 4556 477 4627 vigebat,
514 4559 572 4610 et
608 4553 760 4625 quod
793 4551 1099 4609 maximum
1133 4553 1247 4622 est,
1279 4550 1621 4608 comitatum
1656 4549 1870 4606 mentis

215 4644 418 4701 indole
443 4643 823 4716 perornabat.
857 4643 1031 4698 Pater
1063 4640 1191 4711 ejus
1226 4640 1576 4697 Godefridus
1606 4645 1753 4710 erat,
1781 4639 1872 4696 vir

216 4732 521 4805 probitate
544 4731 731 4803 gratia
746 4729 1446 4787 ctdivitiiscthonoribus
1470 4728 1619 4785 inter
1643 4743 1875 4799 magna-

215 4830 313 4881 tes
354 4821 523 4892 regni
562 4820 1079 4878 nominatissimus.
1128 4821 1391 4877 llabebat
1421 4824 1479 4876 et
1512 4818 1660 4876 alios
1699 4818 1870 4887 ﬁlios,

217 4912 657 4969 Adalberoncm
700 4910 1121 4967 Virdnncnsem
1154 4924 1324 4981 quem
1356 4908 1610 4966 diximus
1652 4907 1877 4980 episco-

220 5018 386 5075 pum,
432 5000 846 5057 Ilerimannum
875 4998 947 5032 ²⁹τ⁹
978 5012 1207 5071 quoque
1257 4998 1532 5057 comitum
1581 4996 1879 5054 nobilissi-

220 5107 406 5161 mum,
460 5090 835 5148 Godefridum
893 5104 1122 5160 quoque
1168 5094 1229 5145 et
1277 5087 1622 5144 Gozelonem
1673 5087 1873 5143 duces.

221 5180 747 5253 Ilerimannus,qui
762 5186 821 5236 et
837 5177 1068 5250 ilezelo,
1087 5176 1416 5235 Mathildem
1433 5175 1599 5233 duxit
1617 5190 1875 5246 uxorem,

222 5287 298 5331 ex
322 5286 438 5344 qua
468 5270 669 5342 genuit
697 5268 845 5326 duos
871 5266 1043 5339 ﬁlios,
1063 5267 1227 5323 bonas
1242 5266 1365 5338 spei
1388 5267 1650 5338 arbores,
1670 5265 1883 5336 Grego-

1985 4457 2153 4515 locus
2184 4456 2526 4527 eligeretur,
2553 4455 2607 4511 in
2642 4471 2757 4528 quo
2785 4455 2968 4512 honor
2997 4455 3097 4512 Dei
3128 4457 3186 4511 et
3217 4453 3378 4524 rigor
3408 4453 3625 4526 regulae

1986 4551 2460 4617 conservaretur,
2477 4545 2576 4604 ubi
2590 4546 2721 4602 novi
2735 4543 3072 4603 christiana;
3096 4543 3460 4616 paupertatis
3478 4557 3629 4600 ama-

1986 4640 2148 4694 tores
2167 4634 2453 4705 exerceri,
2470 4639 2530 4690 ct
2544 4633 2626 4691 sic
2640 4633 2868 4690 demum
2893 4632 3039 4691 alios
3055 4633 3110 4690 in
3126 4629 3454 4704 spiritualis
3475 4634 3630 4701 tyro-

1988 4725 2127 4782 cinii
2158 4724 2439 4782 exercitio
2481 4723 2775 4782 instruere
2815 4728 3075 4794 possent.
3121 4719 3393 4777 Deleetus
3434 4718 3629 4787 itaque

1954 4892 1961 4895 _
1991 4814 2153 4873 locus
2184 4813 2502 4871 Virdunum
2534 4812 2746 4870 civitas
2779 4812 2907 4883 fuit,
2943 4815 3001 4866 et
3033 4811 3084 4865 in
3118 4824 3181 4865 ea
3216 4804 3629 4895 monasterium

1990 4902 2390 4975 apostolorum
2439 4901 2597 4959 Petri
2629 4904 2684 4958 et
2715 4899 2877 4957 Pauli
2930 4904 2988 4955 et
3038 4896 3224 4954 sancti
3273 4892 3634 4952 confessoris

1995 4991 2206 5048 Christi
2256 4991 2472 5061 Vitoni,
2525 4988 2680 5060 quod
2710 4994 2770 5044 et
2798 4989 2870 5045 ab
2912 4984 3150 5055 antiquo
3200 4983 3523 5052 fundatum,
3575 4986 3636 5038 et

1994 5087 2327 5138 sanctorum
2360 5078 2701 5151 patrociniis
2727 5074 3070 5146 gloriosum,
3097 5077 3152 5127 et
3176 5070 3482 5141 religionis
3508 5074 3636 5125 erat

1994 5172 2198 5229 ordine
2216 5170 2576 5241 insignitum.
2597 5167 2774 5223 Erant
2795 5164 2947 5221 enim
2968 5162 3023 5218 in
3040 5176 3110 5218 eo
3134 5160 3267 5218 boni
3292 5160 3399 5216 viri
3423 5165 3480 5216 et
3509 5157 3640 5213 reli-

1993 5262 2164 5335 giosi,
2201 5260 2338 5320 licet
2386 5256 2684 5331 perpauci,
2735 5254 2846 5311 sub
2877 5250 3189 5323 disciplina
3238 5249 3468 5308 abbatis
3516 5246 3643 5302 Fin-

1609 5390 1845 5452 VARIJS
1888 5386 2269 5448 LECTIONES

299 5489 374 5523 εῖν
405 5487 759 5574 llezeloncm
786 5483 1279 5561 suprascriptum.
1360 5480 1429 5516 ²⁸⁰
1472 5481 1664 5556 pcipio
1694 5495 1741 5541 ο.

562 5586 822 5650 ΡΔΤΗΟΙ..
857 5583 1067 5649 CLIV.
