3950 6048
349 172 465 235 203

1304 167 1672 229 I‘IUGUNIS
1715 164 2066 226 ABBATIS
2107 164 2785 227 FLAVINIACENSIS

3626 172 3743 230 2οί

345 305 521 375 genii,
547 320 577 361 a
600 307 931 363 Scottorum
966 306 1233 377 partibus
1260 304 1510 373 oriundi,
1546 304 1641 375 qui
1675 303 1774 357 illo
1808 316 1979 358 causa
2010 298 2069 360 A
2100 304 2336 369 tyroues
2359 300 2698 370 Virdunum,
2723 305 2779 356 et
2808 299 3101 372 provoluti
3128 300 3376 370 genibus
3408 303 3594 373 patris
3628 319 3747 360 mo-

346 393 650 463 religionis
699 400 1111 451 convenerant.
1157 393 1293 462 (Cfr.
1342 392 1498 451 ϐδεῖ.
1556 392 1715 449 Vird.
1749 390 1828 462 9.)
1862 393 1984 446 Huc

348 495 486 538 sane
514 498 643 539 cum
668 497 731 538 se
751 484 1017 540 conferre
1048 480 1522 551 destinavissent,
1551 480 1620 536 ad
1652 480 1761 535 hoc
1792 487 1981 535 tamen

346 568 708 640 exploraturi
732 574 1151 639 convenerunt,
1180 574 1241 627 ut
1266 569 1519 641 opinioni
1547 568 1734 623 minus
1755 566 1980 622 creduli

346 657 533 715 oculis
584 660 978 730 attenderent,
1013 660 1058 718 si
1086 674 1156 715 eo
1185 675 1246 716 se
1276 658 1544 715 coenobio
1582 656 1976 712 recluderent.

349 746 488 818 (Fol.
520 750 634 822 75.)
667 750 802 805 Erat
827 750 883 804 in
905 748 1104 805 eadem
1135 749 1279 804 urbe
1302 751 1361 803 et
1383 744 1539 804 aliud
1569 744 1980 801 monasterium

345 850 374 891 a
412 836 692 906 Wigfrido
721 838 998 910 episcopo
1017 840 1439 906 constructum,
1473 835 1527 890 iu
1563 850 1675 906 quo
1705 834 1792 891 eis
1826 833 1982 889 vide-

346 927 518 982 batur
549 925 757 983 melius
786 941 886 984 eos
916 925 1138 996 ingredi
1170 924 1385 981 debere
1410 940 1513 996 pro
1543 924 1651 980 loci
1681 922 1975 994 oportuni-

345 1018 501 1083 tate;
529 1014 660 1085 quia
679 1014 820 1071 illud
837 1014 999 1086 prius
1014 1014 1338 1070 coenobium
1354 1013 1464 1069 loci
1479 1011 1746 1082 angustia
1762 1016 1818 1067 et
1834 1010 1981 1066 situs

344 1104 634 1175 asperitas
654 1103 841 1160 minus
860 1103 1321 1170 commendabat,
1345 1100 1482 1158 licet
1507 1102 1662 1170 rigor
1681 1099 1902 1156 ordinis
1924 1100 1979 1154 in

345 1188 444 1248 illo
479 1192 685 1249 melius
736 1195 1092 1249 servaretur.
1142 1190 1507 1247 Estimationi
1549 1204 1689 1245 vero
1729 1204 1848 1245 suae
1881 1188 1981 1244 mi-

342 1295 452 1336 nus
480 1280 648 1337 fidem
672 1281 900 1351 dantes,
927 1279 1308 1336 Cluniacense
1331 1278 1658 1334 ccenobium
1690 1278 1812 1349 pari
1843 1280 1979 1333 voto

340 1374 616 1440 expetere
630 1369 1037 1438 decreverunt,
1057 1367 1210 1439 quod
1224 1374 1281 1422 et
1297 1366 1581 1436 religione
1595 1366 1975 1438 praecipuum,

342 1460 400 1513 ot
422 1456 644 1515 divitiis
665 1456 1167 1528 opulentissimum
1190 1469 1317 1511 esse
1341 1454 1666 1525 videbatur,
1693 1459 1802 1512 uta
1823 1455 1981 1512 dom-

340 1560 416 1602 no
441 1545 685 1602 Odilone
708 1546 919 1602 abbate
941 1543 1248 1602 consilium
1279 1550 1631 1614 quaererent,
1656 1549 1715 1599 et
1737 1547 1979 1615 eptento

341 1632 811 1704 adquiescerent,
833 1640 930 1691 aut
955 1640 1137 1703 certe,
1158 1633 1209 1690 si
1227 1636 1432 1691 sancto
1456 1633 1577 1690 viro
1601 1634 1804 1690 sanius
1825 1633 1980 1689 vide—
2006 1670 2061 1730 Β

340 1728 525 1791 retur,
553 1722 764 1779 ibidem
793 1725 900 1781 sub
931 1739 999 1781 eo
1033 1730 1415 1784 remanerent.
1446 1726 1638 1782 lerunt
1662 1738 1829 1795 ergo.
1867 1723 1978 1780 Sed

342 1816 582 1870 sanctus
608 1812 695 1869 vir
729 1813 1051 1885 prophetia)
1085 1815 1297 1886 spiritu
1330 1815 1560 1886 plenus,
1594 1813 1978 1883 caritatisque

341 1901 561 1959 virtute
591 1902 863 1972 refertus,
898 1904 1058 1961 viros
1087 1906 1355 1975 egregios
1374 1905 1512 1960 etin
1538 1903 1748 1960 Christi
1783 1916 1978 1959 amore

345 1992 636 2048 ferventes
675 1997 980 2062 gratanter
1021 1999 1327 2065 susceptos
1357 1994 1427 2050 ad
1461 1993 1645 2050 solum
1678 1993 1976 2064 proprium

340 2079 587 2150 remisit,
614 2080 912 2139 inculcans
942 2081 1028 2147 eis
1059 2086 1119 2139 et
1152 2083 1501 2154 praecipiens
1528 2085 1588 2138 ut
1611 2083 1666 2137 in
1692 2086 1978 2137 monaste-

341 2168 427 2225 rio
459 2168 612 2239 quod
646 2172 893 2240 primum
920 2170 1279 2241 delegerant,
1306 2177 1366 2228 et
1388 2171 1486 2227 ubi
1511 2184 1573 2227 se
1595 2170 1971 2241 devoverant,

340 2263 474 2314 vota
509 2272 611 2315 sua
647 2261 759 2315 Deo
807 2259 1139 2329 redderent,
1186 2261 1430 2317 maxime
1479 2275 1609 2316 cum
1642 2260 1721 2315 ibi
1750 2260 1977 2329 vigeret

342 2346 535 2403 fervor
558 2347 813 2413 ordinis;
847 2348 1128 2418 adjiciens
1160 2364 1329 2419 posse
1362 2364 1464 2420 per
1484 2362 1588 2405 eos
1611 2349 1733 2404 fieri
1760 2348 1812 2403 in
1849 2363 1977 2419 pro-

338 2449 509 2493 cessu
556 2436 854 2508 temporis,
886 2441 950 2493 ut
980 2437 1312 2494 habitacula
1364 2452 1661 2495 servorum
1696 2437 1790 2494 Dei
1826 2453 1976 2495 nunc

339 2524 561 2584 modica
594 2527 965 2597 postmodum
996 2532 1351 2598 crescerent,
1376 2533 1437 2583 et
1465 2527 1631 2585 ﬂeret
1660 2543 1863 2586 eorum
1896 2529 1977 2585 iu-

340 2614 566 2671 dustria
596 2614 762 2672 locus
784 2616 907 2687 ipse
939 2616 1202 2688 insignis,
1236 2618 1333 2688 qui
1367 2633 1518 2674 nunc
1548 2618 1857 2674 Videbatur
1882 2633 1981 2675 an-

336 2706 549 2772 gustus
577 2708 633 2760 et
666 2704 1062 2776 despicabilis.

412 2793 466 2845 5.
494 2790 715 2846 Intueri
747 2791 916 2861 plane
949 2790 1092 2847 libet
1125 2791 1407 2847 ﬂammam
1431 2792 1699 2849 caritatis
1722 2792 1775 2848 in
1798 2793 1977 2850 corde

340 2879 496 2936 beati
528 2878 813 2949 Odilonis,
850 2894 978 2950 qua:
1011 2894 1114 2951 per
1156 2880 1388 2937 beatum
1410 2881 1518 2937 Job
1542 2880 1636 2938 lex
1655 2882 1753 2937 Dei
1787 2883 1979 2939 multi-

338 2964 474 3039 plex
505 2966 723 3024 dicitur
768 2967 899 3037 (Job
929 2983 1009 3039 χι,
1042 2972 1118 3040 6),
1164 2970 1293 3040 quia
1328 2970 1495 3040 cujus
1527 2977 1774 3028 mentem
1810 2972 1979 3044 plene

336 3057 580 3129 ceperit,
616 3058 761 3115 hanc
781 3057 852 3113 ad
882 3057 1182 3115 innumera
1214 3073 1390 3130 opera
1424 3026 1859 3118 multiformiter
1886 3078 1980 3119 ac-
2006 3026 2058 3092 α

337 3147 554 3203 cend't.
583 3148 699 3204 Hae
721 3147 866 3204 enim
888 3152 1081 3204 actum
1105 3149 1379 3205 estutvir
1402 3150 1608 3207 beatus
1627 3165 1693 3207 ea
1718 3167 1844 3222 quae
1863 3153 1973 3209 sibi

334 3234 407 3291 ab
431 3233 617 3290 altero
642 3235 766 3291 fieri
787 3241 1151 3306 expectaret,
1171 3236 1371 3293 eadem
1394 3238 1584 3308 cogita
1596 3245 1683 3295 ret
1705 3240 1873 3295 alteri
1897 3242 1974 3296 fa-

333 3322 560 3379 cienda.
616 3325 732 3380 Hac
778 3323 953 3379 etiam
1003 3329 1194 3380 actum
1239 3332 1328 3382 est
1365 3331 1425 3382 ut
1460 3328 1783 3397 proximum
1819 3334 1882 3385 ut
1910 3344 1972 3386 se

334 3410 523 3481 ipsum
575 3411 864 3483 diligeret,
915 3419 978 3468 ut
1028 3414 1176 3470 bona
1236 3429 1364 3485 quae
1412 3416 1632 3473 valeret
1691 3419 1971 3488 proximis

335 3498 718 3571 impenderet,
774 3507 831 3557 et
884 3501 1159 3573 inplendo
1209 3518 1318 3559 non
1368 3508 1640 3562 tumeret.
1696 3508 1808 3563 [Iac
1856 3508 1972 3564 nic-

331 3588 644 3647 hilominus
685 3589 747 3646 fit
789 3594 852 3648 ut
893 3606 1007 3661 quo
1040 3607 1103 3648 se
1132 3591 1221 3647 vir
1266 3598 1506 3650 sanctus
1538 3594 1591 3650 in
1623 3595 1750 3651 solo
1783 3597 1880 3651 Dei
1912 3603 1973 3653 et

330 3677 583 3749 proximi
614 3693 807 3735 amore
840 3678 1135 3751 dilataret,
1162 3695 1231 3737 eo
1256 3682 1539 3753 quidquid
1563 3697 1593 3737 a
1619 3685 1971 3742 rectitudine

329 3766 627 3840 discrepat
686 3768 999 3840 ignoraret.
1054 3772 1171 3827 Hac
1219 3786 1450 3843 quoque
1507 3778 1697 3830 actum
1747 3780 1837 3832 est
1886 3780 1967 3847 ut,

329 3859 562 3917 ceteros
590 3861 884 3928 tamquam
908 3873 971 3915 se
994 3858 1264 3931 diligens,
1300 3876 1404 3932 per
1428 3863 1538 3919 hoc
1559 3863 1713 3934 quod
1745 3868 1968 3922 rectum

327 3944 383 4002 in
406 3945 539 4004 aliis
557 3946 880 4020 conspexit,
907 3948 1069 4019 quasi
1089 3949 1160 4005 de
1183 3957 1495 4020 augmento
1518 3952 1739 4024 preprii
1764 3970 1971 4025 prove-

325 4041 479 4102 ctus,
529 4035 931 4094 hilaresCeret.
979 4038 1120 4105 Quis
1167 4054 1413 4111 namque
1457 4041 1828 4112 praelatorum
1862 4044 1969 4101 hoc

327 4140 477 4182 nunc
491 4126 733 4198 faceret,
752 4128 905 4198 quod
922 4127 1108 4185 virum
1129 4129 1560 4187 sanctissimum
1578 4134 1720 4188 tunc
1739 4137 1966 4190 constat

328 4215 570 4271 fecisse?
592 4214 733 4282 Quis
752 4219 838 4273 tot
862 4222 923 4273 et
943 4218 1093 4275 tales
1116 4219 1273 4276 viros
1297 4221 1444 4276 fama
1470 4220 1684 4291 ubique
1708 4222 1968 4280 celebra-

322 4307 437 4373 tos,
464 4304 511 4359 si
539 4306 610 4361 ad
634 4321 697 4362 se
718 4306 1016 4363 declinare
1046 4308 1434 4379 contingeret,
1461 4309 1532 4366 ad
1566 4310 1676 4366 alia
1710 4311 1836 4369 loca
1869 4312 1968 4368 de-

2099 390 2355 445 masterii
2378 389 2597 446 aditum
2622 390 3033 460 precabantur.
3061 389 3219 455 Quos
3242 405 3371 445 cum
3398 392 3597 449 senior
3619 408 3743 449 cer-

2097 483 2282 548 neret,
2306 483 2365 533 et
2383 479 2541 535 viros
2563 478 2802 535 virtutis
2825 478 2898 533 ad
2919 478 3223 535 toleranda
3248 479 3580 551 obprobria,
3607 496 3748 537 cou-

2095 566 2454 624 culcationes
2485 571 2543 623 et
2573 568 2820 623 verbera
2864 567 3054 623 minus
3091 566 3332 624 idoneos
3362 572 3419 624 et
3453 568 3747 625 delicatos

2098 660 2350 729 putaret,
2371 660 2897 727 paupertatemque
2912 656 3023 711 loci
3039 671 3166 712 cum
3185 656 3416 712 illorum
3434 659 3748 715 metiretur

2095 743 2334 815 divitiis,
2350 759 2488 815 egre
2506 744 2815 801 adsensum
2833 745 3135 815 prebebat,
3154 744 3285 815 quia
3304 751 3740 803 mentescorum

2095 833 2151 888 in
2174 833 2368 890 divino
2393 847 2586 890 amore
2615 834 2924 889 roboratas
2947 848 3058 889 non
3084 840 3344 904 noverat,
3380 850 3525 905 quas
3559 836 3602 891 si
3639 852 3744 893 no-

2092 922 2297 993 visset,
2324 937 2431 979 nec
2457 927 2750 979 momento
2786 922 3090 978 introitum
3116 922 3346 978 illorum
3381 923 3737 981 distulisset.

2095 1012 2283 1067 Cessit
2335 1012 2608 1081 tamdem,
2642 1016 2701 1067 et
2732 1011 3073 1082 petentibus
3123 1012 3422 1068 assensum
3464 1014 3740 1083 praebens

2092 1099 2419 1170 ingressum
2444 1100 2667 1171 annuit,
2702 1101 2835 1171 quia
2867 1100 3139 1158 voluntas
3173 1101 3267 1157 Dei
3295 1102 3396 1157 fuit
3420 1107 3483 1157 ut
3505 1102 3622 1159 cito
3646 1102 3737 1157 cis

2091 1193 2429 1245 occurreret
2460 1189 2612 1260 quod
2639 1188 2932 1244 volebant.
2968 1189 3180 1245 Sociati
3204 1189 3398 1260 itaque
3417 1205 3738 1261 congrega-

2091 1277 2236 1334 tioni
2263 1277 2619 1347 monasterii,
2643 1277 3213 1334 factisuntomnibus
3228 1279 3408 1334 forma
3434 1279 3735 1353 patientia;

2091 1371 2149 1422 et
2184 1366 2552 1435 humilitatis,
2591 1370 2650 1421 ut
2684 1365 2907 1436 liquido
2953 1370 3407 1436 cognosceretur
3436 1382 3463 1422 a
3499 1368 3733 1424 cunctis

2097 1460 2426 1527 przeventos
2441 1470 2543 1511 eos
2566 1469 2694 1510 esse
2716 1455 2902 1524 gratia
2923 1454 3246 1511 conditoris
3271 1455 3387 1511 Dei.
3409 1457 3739 1512 Protectio-

2093 1544 2182 1600 nis
2210 1544 2362 1600 enim
2387 1543 2599 1599 divinm
2628 1544 2817 1613 gratia
2852 1543 3214 1615 perlustrati,
3242 1543 3441 1613 majori
3467 1545 3613 1600 satis
3645 1561 3736 1600 ar-

2091 1632 2233 1689 dore
2266 1632 2511 1703 diligere
2557 1632 2853 1689 caelestem
2906 1632 3151 1704 patriam
3196 1636 3520 1704 coeperunt,
3558 1649 3732 1704 quam

2092 1722 2254 1793 prius
2286 1721 2340 1777 in
2373 1727 2603 1777 terrena
2654 1721 2965 1777 dilactioue
3016 1721 3356 1791 flagrabant.
3394 1723 3542 1778 Deus
3575 1738 3737 1777 nam-

2090 1826 2201 1882 que
2229 1809 2318 1882 ²⁸²,
2350 1811 2518 1881 cujus
2565 1825 2703 1866 vera
2752 1810 3049 1866 hereditas
3088 1809 3187 1866 lux
3226 1813 3337 1879 est,
3372 1812 3428 1866 et
3463 1810 3731 1867 defectus

2089 1900 2324 1957 luminis
2342 1898 2602 1970 ejusdem
2627 1898 2822 1955 nullus
2841 1904 2952 1969 est,
2969 1899 3045 1955 ita
3061 1914 3162 1955 eos
3186 1913 3284 1955 sua
3310 1898 3625 1955 dilectione
3648 1900 3733 1955 iu-

2091 1989 2467 2059 lustraverat,
2490 1989 2569 2043 ita
2593 2003 2695 2044 eos
2718 1986 2941 2044 visione
2958 2003 3058 2044 sua
3085 1987 3354 2044 reficiens
3375 1988 3725 2059 repleverat,

2089 2084 2152 2135 nt
2175 2093 2336 2135 novae
2370 2078 2493 2150 spei
2525 2077 2734 2149 spiiitu
2765 2082 2991 2133 mentes
3022 2092 3223 2133 eorum
3258 2078 3484 2143 afilatze,
3519 2083 3734 2135 semet-

2088 2167 2243 2239 ipsas
2259 2167 2462 2237 quales
2478 2166 2533 2221 in
2547 2169 2780 2223 vetusta
2797 2166 3155 2235 cogitatione
3172 2166 3400 2223 fuerant
3423 2166 3731 2223 obliviscco

2088 2260 2311 2326 rentur,
2334 2259 2395 2312 ut
2429 2255 2605 2311 nichil
2631 2257 2748 2326 jam
2780 2255 2866 2310 eis
2898 2254 3008 2310 nisi
3040 2271 3167 2326 qua)
3199 2260 3416 2311 mterna
3449 2261 3584 2312 sunt
3611 2255 3732 2329 pla-

2084 2344 2699 2415 cerent,et,dcspectis
2714 2343 3090 2414 transitoriis,
3107 2343 3228 2400 sola
3245 2359 3372 2416 quae
3386 2350 3725 2416 permanent

2085 2433 2621 2506 requirerent.(Fol.
2647 2434 2776 2503 75‘.)
2792 2433 2931 2500 Quia
2959 2447 3099 2489 vero
3122 2433 3473 2490 venerabilis
3494 2435 3740 2492 Richar-

2086 2523 2196 2579 dus
2227 2524 2446 2593 absque
2480 2522 2769 2594 permissu
2808 2526 2864 2577 et
2899 2521 3132 2578 licentia
3168 2522 3589 2595 archiepiscopi
3624 2526 3733 2581 Re-

2088 2613 2303 2670 mensis
2326 2613 2708 2669 monasticum
2733 2612 2994 2668 habitum
3017 2616 3377 2684 susceperat,
3411 2628 3735 2683 conquere-

2091 2704 2263 2759 batur
2311 2702 2624 2773 episcopus
2675 2701 3019 2757 canonicum
3068 2717 3186 2757 sua)
3227 2701 3508 2759 {ecclesiae
3548 2704 3620 2760 ab
3663 2720 3731 2760 ea

2089 2790 2417 2847 inordinate
2452 2790 2788 2847 recessisse.
2823 2790 3207 2856 Quamobrem
3241 2807 3369 2847 eum
3401 2794 3734 2850 conabatur

2090 2886 2374 2953 repetere.
2404 2881 2565 2949 Quod
2591 2880 2687 2937 ubi
2714 2878 2784 2936 ad
2809 2894 2981 2936 aures
3005 2879 3259 2949 Fingenii
3282 2881 3511 2939 abbatis
3530 2897 3733 2954 perve-

2088 2972 2196 3042 nit,
2229 2976 2475 3028 evooato
2497 2985 2586 3041 eo,
2614 2985 2733 3025 rem
2764 2969 2967 3025 ordine
3003 2969 3222 3042 pandit.
3251 2970 3370 3041 ille,
3410 2976 3573 3043 patre
3595 2988 3731 3029 con-

2087 3060 2294 3129 solato,
2328 3059 2594 3116 Remeusi
2639 3058 3074 3130 archiepiscopo
3114 3060 3398 3116 cartulam
3433 3060 3589 3117 misit
3619 3062 3729 3118 hec

2085 3150 2483 3208 continentem
2502 3148 2605 3207 :Si
2614 3148 2839 3220 spiritu
2853 3148 3164 3219 ducimini,
3177 3164 3293 3205 non
3304 3149 3445 3206 estis
3455 3148 3563 3207 sub
3580 3151 3723 3221 lege.

2085 3240 2264 3307 Quam
2290 3238 2386 3295 ille
2411 3238 2758 3309 suscipiens,
2782 3241 2840 3293 et
2861 3237 2972 3292 vim
2997 3238 3159 3293 verbi
3179 3237 3518 3308 diligentius
3538 3241 3728 3295 inten-

2084 3330 2248 3399 dens,
2272 3328 2480 3384 merito
2506 3327 2582 3384 ait
2604 3327 2801 3383 :Abiil
2818 3326 2925 3397 qui
2945 3325 3170 3399 spiritu
3190 3328 3302 3383 Dei
3323 3328 3525 3385 ductos
3548 3328 3655 3397 est,
3672 3329 3735 3384 et

2081 3419 2211 3476 ideo
2233 3433 2270 3474 α
2290 3417 2457 3474 nobis
2480 3416 2832 3489 repetendus
2860 3430 2976 3472 non
3002 3416 3105 3473 est.
3132 3415 3223 3472 Sic
3242 3418 3542 3473 confutata
3567 3432 3732 3488 repe-

2084 3505 2329 3563 tentium
2353 3521 2484 3562 eum
2507 3503 2834 3576 calumpnia
2859 3507 2969 3574 est,
2997 3504 3169 3560 immo
3198 3505 3381 3575 magis
3405 3506 3473 3562 ad
3501 3505 3731 3563 imitan-

2082 3595 2216 3651 dum
2247 3609 2375 3651 eum
2409 3609 2651 3651 accensa
2691 3592 3006 3650 multorum
3052 3593 3288 3651 devotio
3320 3598 3428 3651 est.
3465 3595 3727 3665 Regebat

2080 3688 2221 3741 tunc
2244 3684 2567 3741 :ecclesiam
2592 3682 2867 3739 Arnulfus
2889 3682 3146 3738 Lotharii
3170 3682 3342 3753 regis,
3369 3683 3464 3754 qui
3486 3684 3733 3754 quintus

2082 3787 2110 3829 a
2126 3771 2336 3829 Karolo
2355 3771 2530 3829 Calvo
2552 3772 2677 3842 fuit,
2698 3771 2868 3839 filius,
2887 3771 2982 3842 qui
2998 3770 3265 3827 Traditor
3279 3772 3731 3843 cognominatus

2080 3862 2354 3932 est,obid
2372 3861 2504 3932 quia
2528 3860 2825 3917 civitatem
2847 3865 3060 3931 patruo
3084 3876 3187 3917 suo
3213 3860 3419 3918 Karolo
3443 3862 3725 3933 reddidit,

2080 3966 2211 4007 cum
2263 3950 2488 4007 doleret
2539 3964 2777 4019 regnum
2821 3948 3022 4006 alienae
3072 3950 3241 4022 stirpi
3278 3950 3477 4007 datum
3512 3953 3571 4006 et
3607 3966 3729 4009 sum

2082 4046 2457 4113 praereptum.

2149 4134 2200 4185 6.
2229 4129 2589 4186 Procedente
2606 4128 3080 4200 igiturtempore,
3107 4129 3316 4185 domno
3333 4127 3608 4202 Fingenio
3631 4129 3730 4187 ab-

2082 4219 2215 4274 bate
2240 4219 2308 4275 ad
2335 4233 2588 4290 superna
2616 4222 2822 4274 evecto
2840 4221 2873 4273 8
2894 4218 3029 4275 Idus
3060 4219 3333 4275 Octobris
3360 4220 3559 4292 (1004),
3587 4220 3728 4275 etin

2081 4308 2438 4365 monasterio
2453 4308 2638 4364 sancti
2658 4307 2866 4364 Felicis
2882 4308 3190 4379 tumulato,
3210 4324 3340 4365 cum
3357 4308 3427 4364 de
3441 4307 3731 4366 electione

323 4391 575 4462 migrare
598 4400 881 4466 moneret,
902 4401 963 4451 et
985 4411 1098 4453 non
1121 4390 1222 4453 eos
1241 4398 1438 4469 potius
1460 4398 1568 4455 sibi
1595 4400 1811 4471 favore,
1836 4416 1965 4471 gra-
1993 4391 2048 4453 D
2081 4397 2479 4455 substituendi
2495 4398 2728 4453 abbatis
2745 4398 3087 4467 agereturin
3108 4397 3417 4469 priesentia
3434 4398 3732 4455 Heimonis

323 4480 424 4552 tia,
451 4480 542 4537 vel
564 4484 853 4555 precibus,
880 4499 980 4541 seu
1003 4485 1264 4555 qualibet
1288 4491 1414 4542 arte
1439 4486 1690 4544 retinere
1716 4492 1964 4561 tempta-

321 4571 446 4626 ret?
474 4571 637 4637 Quod
660 4577 720 4628 et
732 4574 780 4630 si
804 4588 917 4629 non
939 4579 1158 4646 posset,
1184 4579 1374 4631 tamen
1398 4591 1501 4633 eos
1523 4576 1741 4635 invitus
1763 4582 1823 4634 et
1845 4593 1959 4635 non

318 4666 525 4731 sponte
547 4676 577 4717 a
601 4677 663 4718 se
684 4661 1031 4733 dimitteret,
1059 4663 1260 4720 dolens
1285 4665 1447 4735 quasi
1474 4681 1621 4737 quos
1646 4681 1957 4738 numquam

317 4746 601 4807 habuerat
636 4750 980 4808 dimitteret.
1018 4752 1280 4818 Quantos
1310 4755 1542 4811 nuncin
1573 4754 1823 4812 ecclesia
1858 4757 1956 4813 Dei

318 4839 597 4909 prmlatos
609 4840 925 4912 aspicimus
938 4842 1056 4913 qui,
1076 4844 1417 4913 provectum
1431 4842 1677 4900 alterius
1690 4842 1956 4901 videntes

315 4941 485 4984 suum
508 4945 618 4986 non
641 4945 790 5002 esse,
819 4931 1162 4988 fastidiunt?
1183 4931 1406 5000 Quibus
1428 4932 1697 4990 omnibus
1724 4935 1955 4992 beatum

266 5080 281 5091 ‘
319 5016 615 5093 Odilonem
645 5020 1066 5091 praeferendum
1100 5021 1309 5077 merito
1340 5036 1664 5089 censemus,
1687 5022 1757 5079 ad
1789 5025 1956 5095 cujus

314 5103 557 5172 gloriam
580 5114 826 5179 spectat,
842 5110 889 5165 si
906 5110 1043 5180 quid
1069 5122 1170 5181 per
1182 5124 1287 5166 eos
1301 5124 1447 5181 quos
1466 5111 1633 5167 nobis
1654 5112 1950 5185 attribuit,

313 5192 581 5257 zecclesia
604 5195 697 5251 cui
721 5197 990 5254 attributi
1015 5203 1150 5254 sunt
1172 5196 1262 5269 ³⁸1,
1289 5199 1342 5254 in
1363 5199 1567 5256 ordine
1589 5205 1647 5256 et
1671 5199 1953 5269 religione

336 5284 626 5344 fructifica
665 5286 1143 5361 Redieruntergo
1155 5289 1289 5348 novi
1302 5290 1643 5348 monasticae
1654 5288 1954 5361 religionis

2077 4486 2360 4560 episcopi,
2394 4491 2474 4556 et,
2512 4490 2592 4555 ut,
2623 4484 2681 4541 in
2726 4485 2944 4543 talibus
2976 4486 3216 4558 assolet,
3252 4486 3464 4543 diversi
3498 4486 3729 4543 diversa

2076 4576 2387 4646 sentirent,
2420 4578 2476 4631 et
2510 4575 2668 4631 varia
2701 4575 3086 4646 quorumdam
3119 4576 3442 4633 haberetur
3472 4575 3729 4643 electio;

2073 4666 2144 4721 ad
2178 4664 2701 4735 interrogationem
2752 4664 3064 4737 pontificis,
3123 4670 3364 4736 repente
3414 4680 3731 4736 puerorum

2069 4769 2214 4811 voce
2244 4754 2469 4811 electus
2503 4754 2748 4811 domnus
2796 4753 3120 4811 Richardus
3168 4768 3427 4810 consona
3458 4754 3715 4812 omnium

2067 4859 2209 4903 voce
2259 4844 2550 4915 laudatur,
2602 4844 2878 4915 episcopo
2913 4844 2965 4899 in
3001 4843 3203 4901 laudes
3232 4843 3331 4899 Dei
3360 4849 3732 4916 erumpente_

2068 4938 2127 4992 et
2159 4933 2391 4992 dicente
2416 4953 2429 4989 :
2457 4934 2557 4991 Ea:
2576 4946 2675 4989 ore
2694 4934 2929 5006 infanti
2938 4948 3032 4990 um
3052 4935 3113 4991 et
3132 4933 3483 4992 lactentium
3537 4937 3709 5009 μανία

2066 5023 2207 5082 cisti
2233 5024 2486 5094 laudem,
2513 5024 2761 5079 Domine
2782 5025 2943 5081 Deus
2965 5024 3157 5095 (Psal.
3185 5037 3304 5094 vm,
3324 5025 3398 5094 3).
3428 5024 3497 5079 Et
3521 5024 3730 5095 utique

2061 5112 2221 5182 justa
2270 5112 2566 5183 pontificis
2615 5111 2964 5183 enuntiatio,
3022 5112 3159 5183 quia
3192 5126 3295 5168 ore
3327 5112 3637 5169 infantium
3668 5120 3730 5171 et

2067 5201 2408 5259 lactentium
2434 5202 2583 5258 facta
2603 5199 2843 5272 electio,
2863 5201 2993 5257 laus
3014 5201 3111 5257 Dei
3127 5206 3327 5258 eratet
3348 5201 3724 5273 glorificatio,

2068 5306 2178 5364 qua
2226 5296 2355 5349 erat
2404 5290 2734 5350 laudandus
2763 5295 2820 5348 et
2850 5290 3271 5363 glorificandus
3298 5291 3356 5350 in
3390 5289 3549 5350 fideli
3593 5307 3723 5351 suo.

1909 5406 2131 5467 ΝΟΤΑΕ.

384 5469 452 5507 ²⁸ι
484 5487 530 5530 s.
565 5485 611 5531 ο.
693 5470 763 5555 ξδ’
789 5487 1075 5547 enamque
1108 5489 1156 5535 ο.
