3960 6052
166 264 262 323 205

1394 252 1894 322 ΟΗΗΟΝΙΟΟΝ.
1929 292 2004 307 ση-
2032 258 2187 320 LIB.
2223 257 2297 322 ΙΙ.

3419 238 3540 328 eos

167 399 252 468 (Cf.
286 397 416 454 Vita
436 395 830 461 Riehardiu.)
855 397 1206 453 Coniirmata
1230 411 1369 454 sane
1391 398 1701 464 electione,
1722 400 1779 452 et
1810 394 1870 457 Α
1899 395 2106 452 dilexit
2133 396 2482 467 coenobium,
2518 400 2583 453 ut
2603 366 2760 452 dona
2784 396 2835 452 el
2867 395 3120 466 ingentia
3179 397 3234 454 in
3277 413 3418 455 auro
3475 401 3534 452 et

167 486 356 557 scripto
371 487 668 556 roborata,
695 485 1007 542 deducitur
1022 487 1091 542 ab
1105 487 1382 559 episeopo
1396 502 1582 544 novus
1607 486 1784 542 Iacob

168 575 211 630 in
237 573 1319 639 cordislaetitia,etbenedictionedata
1363 591 1522 632 more
1581 575 1786 631 solem-

169 664 263 734 pni,
277 663 558 735 praelatus
572 668 660 720 est
677 664 961 720 custodire
974 665 1169 734 gregis
1181 665 1424 720 Domini.
1444 665 1628 720 Adera
1642 670 1660 720 t
1667 665 1784 735 jam

167 756 371 822 tempus
397 755 458 807 ut
491 750 833 823 impleretur
859 753 1167 824 prophetia
1185 753 1336 809 beati
1361 753 1468 808 viri
1495 753 1780 824 Orlilonis,

167 840 294 911 quod
328 855 432 912 per
461 855 590 898 eum
623 845 680 895 et
716 841 988 897 domnum
1014 842 1384 915 Fredericum
1415 841 1584 898 locus
1611 846 1782 898 antea

166 927 510 1001 permodicus
545 929 944 999 insigniretur,
979 934 1039 986 ut
1075 935 1130 986 et
1156 930 1281 1002 ipse
1307 932 1513 988 beatus
1529 931 1696 987 Odilo
1711 931 1782 986 de

166 1018 406 1089 profectu
449 1016 682 1072 illorum
724 1021 1015 1088 tamquam
1052 1019 1124 1075 de
1179 1035 1286 1076 suo
1358 1019 1778 1090 gratularetur.

166 1106 418 1178 Suscepta
436 1106 636 1176 itaque
669 1105 1032 1177 pnelationis
1056 1108 1302 1180 sarcina,
1332 1107 1558 1164 studuit
1582 1107 1785 1164 elatio-

167 1211 272 1250 nem
301 1199 358 1250 et
379 1193 726 1264 jactantiam
759 1210 986 1252 cavere.
1023 1197 1256 1254 Sciebat
1299 1197 1451 1252 enim
1509 1201 1784 1268 oportere

165 1283 258 1340 sibi
285 1284 566 1354 prodesse
599 1284 885 1340 fratribus
909 1285 1090 1354 magis
1121 1301 1291 1357 quam
1350 1300 1620 1358 praeesse.
1681 1283 1783 1340 Cui

167 1377 358 1430 tantum
384 1374 539 1428 Deus
567 1372 816 1428 contulit
851 1373 1098 1443 gratiam
1135 1379 1250 1431 uta
1287 1374 1522 1445 regibus
1547 1377 1604 1430 et
1630 1373 1786 1445 prin-

164 1460 389 1531 cipibus,
426 1460 1244 1520 adivitibusetmediocribus
1261 1464 1405 1519 miro
1439 1463 1786 1532 diligeretur

165 1549 348 1606 affectu
383 1567 398 1614 ;
435 1549 566 1620 quia
603 1553 659 1605 et
694 1564 1014 1620 congruum
1037 1555 1164 1607 erat
1189 1555 1276 1622 ut,
1301 1567 1468 1623 quem
1485 1554 1634 1607 Deus
1658 1564 1786 1624 per-

167 1636 594 1707 fuderatgratia,
612 1639 683 1694 ab
697 1639 1292 1696 omnibusamaretur.
1311 1639 1630 1696 Ordinatus
1643 1653 1782 1696 vero

1899 490 2162 556 argento,
2196 486 2252 542 in
2285 485 2475 556 palliis
2506 488 2567 541 et
2606 484 2855 541 sacratis
2904 487 3199 542 conferret
3245 487 3530 556 vestibus,

1896 579 1952 630 et
1991 579 2176 655 totum
2202 589 2264 631 se
2297 574 2440 632 adeo
2475 575 2529 630 in
2562 589 2757 630 amore
2788 574 2916 645 ejus
2962 569 3413 646 transfunderet,
3472 580 3534 630 ut

1897 664 2212 722 miraretur
2234 664 2330 736 qui
2362 663 2606 721 videret.

1963 758 2016 809 7.
2045 753 2314 824 Optentis
2340 753 2518 823 igitur
2547 767 2651 824 pro
2684 751 2900 824 quibus
2934 753 3180 824 abierat,
3226 753 3374 810 abba
3401 751 3536 808 reli-

1893 841 2098 912 giosus
2121 841 2190 898 ad
2211 841 2625 898 monasterium
2652 857 2818 898 suum
2835 856 3109 899 reversus
3131 848 3240 912 est,
3261 841 3535 913 cepitque

1893 930 2044 986 velle
2078 930 2201 987 fieri
2223 933 2390 986 tanto
2414 929 2796 1006 propinquior
2818 931 2954 1000 Deo,
2983 934 3200 1001 quanto
3251 945 3354 1003 per
3407 944 3536 1001 gra-

1895 1018 2034 1074 tiam
2053 1019 2312 1089 ejusregi
2336 1025 2394 1074 et
2420 1015 2803 1089 principibus,
2822 1019 3199 1090 pontificibus
3219 1024 3276 1075 et
3301 1018 3538 1089 quibus-

1896 1120 2006 1177 que
2023 1108 2488 1178 praspotentibus
2502 1106 2625 1164 crat
2648 1108 2964 1180 acceptior.
2983 1107 3332 1178 Cmpitenim
3346 1111 3533 1162 totum

1897 1207 1961 1250 se
1992 1194 2302 1252 sollicitius
2326 1196 2539 1255 divinis
2557 1199 2888 1269 mancipare
2911 1195 3192 1265 cultibus,
3229 1193 3537 1251 dominicis
3581 1245 3594 1256 ,

1896 1283 1990 1340 die
2022 1289 2318 1355 noctuque
2342 1285 2646 1357 invigilare
2679 1286 2977 1356 laudibus,
3040 1283 3387 1340 commissos
3425 1282 3536 1338 sibi

1899 1371 2189 1442 religiosis
2213 1388 2557 1432 assuescere
2572 1375 2866 1440 moribus;
2887 1373 2965 1430 ita
2987 1377 3050 1428 ut
3068 1389 3169 1444 per
3192 1377 3370 1428 totam
3393 1373 3537 1428 Neu-

1897 1458 2101 1516 striam
2125 1465 2185 1518 et
2216 1463 2597 1520 Austrasiam:
2627 1462 2926 1519 Franciam
2947 1466 3122 1533 atque
3147 1459 3532 1531 Burgundiam

1898 1549 2325 1608 diffunderetur
2349 1567 2529 1609 sonus
2553 1551 2886 1609 sanctitatis
2907 1549 3050 1621 ejus,
3087 1549 3368 1620 fieretque
3382 1547 3534 1604 omni

1901 1639 2008 1695 bus
2033 1639 2088 1695 in
2123 1641 2432 1716 propatulo
2459 1641 2842 1698 sanctimonia
2885 1638 3028 1709 ejus.
3081 1637 3278 1694 Fiebat
3304 1637 3374 1692 ad
3406 1651 3534 1694 eum

166 1730 234 1781 est
263 1739 359 1797 per
385 1741 617 1782 manum
660 1727 852 1783 domui
905 1727 1198 1785 iieimonis
1244 1729 1627 1785 Virdunensis
1670 1727 1784 1798 epi-
1809 1747 1868 1810 Β
1897 1727 2136 1796 grandis
2168 1730 2570 1800 undecumque
2597 1743 2927 1786 concursus
2953 1725 3223 1796 ;alliejus
3245 1741 3308 1782 se
3333 1725 3540 1783 subde-

165 1815 299 1886 seopi
322 1829 476 1870 anno
507 1816 580 1870 ab
612 1815 722 1872 inc.
751 1816 908 1872 Dom.
937 1819 1094 1885 1004,
1129 1831 1259 1873 cum
1287 1817 1403 1890 jam
1457 1821 1589 1890 post
1621 1817 1783 1873 Otto-

166 1916 268 1958 nem
291 1905 360 1959 iii
381 1903 774 1974 secundojam
790 1919 938 1962 anno
980 1905 1414 1982 principaretur
1479 1907 1784 1965 Heinricus

163 1991 609 2062 consanguineus
638 1993 789 2062 ejus,
817 1993 912 2064 qui
941 1998 975 2050 9
997 1993 1260 2063 regnisui
1281 2009 1432 2052 anno
1465 1995 1784 2068 imperator

163 2084 372 2136 creatus
399 2084 512 2136 est.
546 2081 729 2152 llujus
759 2095 900 2152 ergo
926 2081 1206 2154 principis
1261 2084 1478 2140 curiam
1519 2100 1628 2157 pro
1663 2087 1785 2157 qui-

163 2165 377 2225 busdam
413 2169 675 2238 negociis
709 2169 956 2226 domnus
983 2175 1040 2226 et
1074 2175 1240 2242 pater
1267 2172 1592 2230 Riehardus
1622 2173 1784 2231 adire

164 2256 481 2328 compulsus
512 2257 909 2314 venerabilem
931 2259 1302 2317 Frederlcum
1341 2275 1534 2318 secum
1594 2262 1780 2333 duxit,

163 2344 240 2414 qui
268 2345 424 2400 etde
447 2345 734 2417 imperiali
763 2347 1042 2418 sanguine
1065 2353 1412 2425 procreatus
1428 2355 1488 2406 et
1509 2350 1787 2422 principi-

165 2433 253 2488 bus
267 2433 429 2504 regni
455 2438 585 2490 erat
609 2434 981 2502 notissimus;
1003 2442 1068 2492 ut
1091 2436 1244 2508 quod
1264 2452 1366 2508 per
1381 2452 1440 2494 se
1465 2454 1631 2510 posse
1644 2439 1787 2496 ditii-

163 2519 332 2590 dehat,
367 2521 536 2578 illius
565 2523 860 2594 optineret
889 2525 1098 2596 gratia,
1131 2524 1222 2580 cui
1255 2525 1587 2598 aliquando,
1649 2527 1784 2584 dum

163 2610 362 2665 essetin
380 2610 610 2681 seculo,
643 2614 766 2667 tota
785 2613 1025 2684 parebat
1063 2613 1244 2670 curia.
1267 2613 1478 2670 Verum
1503 2615 1786 2688 depositis

165 2695 401 2768 sedibus,
439 2703 500 2754 et
528 2699 923 2757 residentibus
956 2701 1329 2774 pontiﬁcibus
1359 2706 1418 2758 et
1449 2703 1784 2776 abbatibus,

163 2787 479 2843 astantibus
505 2787 682 2842 etiam
707 2789 868 2859 regni
903 2790 1270 2860 primatibus,
1294 2806 1430 2848 cum
1454 2791 1622 2862 longe
1646 2793 1788 2848 infc-

165 2871 266 2929 rius
281 2874 576 2930 resideret
597 2879 764 2946 pater
787 2877 1148 2948 mitissimus,
1163 2883 1220 2934 et
1238 2879 1632 2936 memorabilis
1655 2881 1783 2951 ejus

163 2963 482 3032 monachus,
517 2967 580 3020 ut
643 2964 800 3034 regis
827 2969 884 3021 et
914 2965 1242 3038 principum
1291 2969 1782 3040 consanguineus,

164 3047 294 3105 inter
307 3052 536 3121 primos
551 3051 824 3123 palatinis
838 3053 1422 3112 eonsiliisinteresset
1447 3056 1786 3114 eminentio-

161 3137 303 3207 rique
325 3139 466 3196 loco
489 3140 750 3212 sederet,
775 3147 938 3200 ratus
957 3158 1067 3200 non
1092 3143 1202 3200 sibi
1235 3145 1358 3200 fore
1377 3144 1542 3214 utile,
1571 3145 1618 3201 si
1640 3149 1786 3216 patri

162 3225 238 3280 cui
266 3227 510 3284 suberat
559 3230 931 3300 praemineret
950 3232 1231 3289 sessionis
1252 3233 1477 3304 ordine,
1495 3249 1614 3290 rem
1654 3236 1790 3292 fecit

163 3317 582 3372 memorabilem
613 3323 672 3374 et
705 3319 1038 3376 imitandam
1055 3323 1324 3393 posteris.
1363 3323 1618 3394 Surgens
1637 3339 1791 3380 nam-

162 3417 256 3472 que
283 3421 312 3460 a
343 3406 541 3464 latere
573 3407 872 3480 principis,
896 3414 954 3466 et
985 3410 1422 3484 suppedaneum
1475 3428 1640 3469 suum
1665 3413 1791 3484 ipse

163 3491 350 3565 ferens,
387 3496 665 3553 abbatem
700 3512 868 3553 suum
904 3498 1132 3569 petivit,
1165 3503 1222 3554 et
1248 3501 1441 3570 posito
1483 3501 1552 3556 ad
1609 3501 1792 3572 pedes

162 3580 270 3647 ejus
298 3585 702 3656 suppedaneo,
741 3585 796 3641 in
827 3601 897 3642 eo
931 3587 1056 3658 ipse
1081 3587 1320 3658 resedit,
1343 3587 1486 3646 dans
1520 3589 1792 3646 omnibus

162 3673 442 3729 monachis
463 3671 697 3730 cunctis
731 3675 1098 3746 postmodum
1124 3677 1337 3734 futuris
1361 3678 1691 3734 seculorum
1709 3693 1795 3734 se-

160 3759 293 3817 culis
323 3761 576 3818 formam
610 3776 764 3819 verae
778 3763 1146 3834 humilitatis,
1174 3767 1404 3837 etquod
1424 3781 1560 3823 vere
1577 3766 1796 3823 exalta-

166 3850 246 3902 tur
274 3849 369 3919 qui
403 3854 622 3922 sponte
645 3865 750 3922 pro
777 3853 894 3908 Deo
923 3851 1282 3910 humiliatur.
1318 3855 1435 3911 Hoc
1480 3869 1621 3925 ergo
1671 3853 1798 3924 ejus

164 3936 359 3994 factum
384 3939 663 3995 omnibus
697 3939 804 3996 fuit
836 3940 1117 3998 miraculo
1147 3945 1204 3997 et
1238 3941 1395 3999 laudi
1454 3943 1650 4000 datum
1683 3947 1794 4016 est,

165 4025 300 4092 quod
331 4042 448 4083 non
477 4042 584 4098 pro
617 4027 787 4084 laude
819 4028 1253 4099 hominum,sed
1270 4047 1374 4102 pro
1404 4032 1598 4090 divino
1623 4033 1801 4089 famu-

161 4111 276 4170 litio
303 4122 364 4172 et
396 4121 646 4188 paterna
670 4118 1001 4175 reverentia
1025 4117 1386 4176 celebratum
1410 4124 1524 4177 est.
1552 4122 1690 4177 Nam
1715 4136 1802 4178 re-

162 4201 294 4269 galia
307 4204 744 4276 magnificentia
761 4206 1150 4262 humilitatem
1168 4207 1494 4264 nobilitatis
1519 4208 1676 4266 illius
1689 4224 1804 4264 am-

163 4290 405 4364 plexata,
443 4293 864 4366 Christumque
901 4294 954 4350 in
991 4292 1343 4362 famulosne
1376 4297 1586 4354 devote
1635 4313 1804 4355 vene-

166 4385 296 4449 rata,
322 4397 623 4439 cum-eum
657 4383 729 4439 ad
761 4398 823 4440 se
855 4383 1187 4455 invitasset,
1223 4390 1286 4440 et
1343 4384 1440 4442 ille
1475 4400 1506 4442 a
1553 4386 1805 4458 pedibus

1819 3100 1871 3165 α

1898 1817 2034 1872 bant
2069 1817 2431 1890 magisterio,
2469 1818 2800 1891 postposito
2833 1815 3304 1873 mundii’allentis
3327 1813 3540 1871 lenoei-
3620 1851 3631 1858 -

1896 1904 2152 1972 nio;alii
2187 1906 2339 1964 tilios
2369 1921 2510 1964 suos
2541 1907 2594 1962 ei
2655 1906 2980 1964 offerebant
3038 1903 3414 1975 erudiendos,
3475 1907 3537 1959 ut

1895 1995 2341 2072 videreturjam
2377 1996 2790 2053 monasterium
2849 1994 2974 2064 ejus
3025 1992 3398 2050 monasteriis
3448 1991 3540 2047 Ni-

1897 2084 2024 2140 triae
2059 2084 2172 2156 (84)
2202 2083 2293 2142 vel
2311 2085 2536 2158 .Egypti
2561 2084 2974 2142 conferendum
2991 2097 3095 2154 pro
3120 2081 3540 2139 numerositate

1897 2172 2152 2229 fidelium
2187 2173 2287 2230 illo
2315 2173 2756 2243 continentium,
2779 2172 2877 2244 qui
2906 2172 3222 2247 velutapes
3263 2171 3333 2226 ad
3353 2169 3540 2226 alvea-

1899 2262 1983 2316 ria
2015 2262 2271 2333 undique
2294 2262 2628 2332 avolabant,
2657 2260 2906 2318 diversis
2920 2260 3202 2317 virtutum
3228 2256 3540 2330 speciebus

1896 2350 2091 2406 onusti
2123 2354 2366 2420 mentes,
2393 2355 2456 2407 ut
2487 2349 2602 2406 illa;
2627 2348 2816 2405 mellis
2862 2353 2922 2404 et
2973 2362 3124 2404 certe
3176 2347 3533 2402 indiscretas

1895 2437 2169 2496 cruribus
2183 2443 2239 2494 et
2256 2439 2504 2511 pedibus
2520 2439 2810 2512 subveunj.
2836 2435 3170 2508 qualitates.
3191 2435 3233 2490 Ο
3257 2434 3460 2506 quales
3478 2439 3538 2490 et

1899 2526 2098 2597 quanti
2117 2526 2225 2582 viri
2245 2526 2370 2596 ejus
2383 2524 3074 2594 clarueruntmagisterio
3097 2525 3109 2578 t
3129 2537 3297 2594 quam
3315 2522 3540 2594 precio-

1901 2629 1962 2671 sa
1987 2620 2042 2670 et
2061 2615 2272 2671 devota
2297 2615 2413 2672 Deo
2435 2613 2738 2671 commissa
2762 2611 3228 2684 eicongregatio,
3251 2611 3538 2668 doctrinis

1898 2703 2025 2775 ejus
2056 2703 2355 2774 irradiata,
2411 2707 2468 2758 et
2521 2702 2803 2760 exercitio
2865 2700 3104 2757 artioris
3141 2700 3426 2772 propositi
3467 2701 3538 2757 ad

1899 2807 2147 2862 unguem
2171 2792 2477 2848 informata
2500 2791 2787 2848 iProbant
2807 2791 2913 2848 hoc
2937 2789 3136 2846 Galliae
3151 2795 3210 2844 et
3225 2789 3539 2846 Germania:

1899 2881 2223 2952 pontiﬁces,
2251 2880 2430 2937 duces
2457 2884 2514 2936 et
2541 2880 2806 2960 comites,
2830 2893 3028 2936 amore
3051 2878 3270 2934 Christi
3319 2878 3544 2934 ferven-

1899 2973 2011 3040 tes,
2029 2969 2126 3040 qui
2141 2984 2212 3025 ex
2229 2969 2579 3026 monasterio
2593 2973 2650 3024 et
2665 2967 3018 3039 diseipulatu
3033 2967 3158 3038 ejus
3173 2965 3543 3024 monasteriis

1901 3073 2048 3128 quos
2071 3057 2363 3114 habebant
2379 3061 2478 3113 aut
2497 3061 2699 3128 patres
2721 3056 3140 3128 prmneiebant,
3167 3057 3276 3111 sub
3293 3055 3543 3112 tuitione

1899 3149 2090 3202 tamen
2107 3145 2232 3226 ejus
2255 3144 2764 3217 etdisciplina,aut
2788 3144 2836 3200 si
2853 3149 3053 3216 patres
3069 3143 3422 3200 indehabere
3437 3158 3544 3200 ne-

1903 3235 2171 3306 quibant,
2199 3250 2344 3305 quos
2362 3235 2433 3290 de
2454 3234 2576 3290 suis
2594 3238 2792 3306 patres
2809 3235 3000 3289 facere
3033 3231 3383 3301 deligebant.
3423 3233 3546 3288 Vir-

1903 3321 2036 3380 duni
2054 3323 2240 3395 primo
2253 3322 3014 3394 probandos,instituendos
3035 3321 3546 3391 etmorigerandos

1905 3411 2348 3482 dirigebant.Ex
2367 3411 2578 3482 quibus
2602 3425 2726 3480 nos,
2743 3409 3156 3480 licetjuniores
3185 3413 3241 3465 et
3260 3409 3543 3480 moderni,

1905 3500 2103 3572 plures
2119 3499 2430 3570 religiosos
2448 3504 2506 3555 et
2531 3499 2586 3554 in
2607 3499 2759 3554 omni
2777 3498 2998 3554 theoria
3017 3498 3460 3571 probatissimos
3475 3497 3550 3553 vi-

1906 3588 2098 3646 dimus
2110 3589 2292 3662 viros,
2309 3587 2570 3658 angelica
2591 3588 2734 3644 facie
2749 3590 2806 3643 et
2822 3587 3023 3644 habitu
3043 3587 3396 3643 reverendos
3438 3591 3550 3643 :ut-

1907 3692 1979 3733 ex
1999 3677 2371 3734 institutione
2387 3675 2810 3747 discipulorum
2829 3679 3160 3748 putesceret
3177 3681 3410 3748 quantae
3443 3673 3546 3730 reli

1906 3765 2096 3835 gionis
2108 3765 2420 3836 gravitatis
2434 3768 2490 3822 et
2507 3764 3097 3839 perfectioniseorum
3115 3764 3390 3834 magister
3418 3764 3552 3820 fuis-

1910 3859 2020 3926 set,
2045 3854 2843 3928 cujuseruditionisdecusin
2877 3853 3320 3925 d'scipulorum,
3371 3842 3555 3909 clare:

1913 3944 2010 4000 bat
2035 3944 2314 4000 moribus.
2336 3946 2648 4000 Crescente
2665 3957 2803 4000 sane
2848 3957 3088 3998 numero
3106 3941 3552 4012 discipulorum,

1911 4033 2216 4088 crescebat
2281 4047 2492 4089 census
2533 4033 2838 4088 honorum.
2892 4029 3062 4101 (Vita
3104 4029 3419 4086 Bia/tardi.
3473 4033 3552 4096 9).

1914 4119 2182 4176 Clarebat
2199 4120 2414 4190 ubique
2429 4135 2635 4175 nomen
2650 4116 2922 4174 Ricbardi
2949 4116 3236 4174 sanctitas
3261 4115 3387 4184 ejus
3433 4117 3554 4171 ubi-

1909 4205 2025 4279 'que
2041 4207 2488 4280 praedicabatur,
2505 4211 2562 4263 et
2580 4221 2785 4262 nomen
2800 4205 2895 4260 Dei
2917 4219 3021 4276 per
3043 4218 3174 4259 eum
3197 4203 3558 4260 clariﬁeaba-

1917 4303 2031 4354 tur.
2071 4297 2493 4354 Vidensautem
2534 4294 2819 4352 aecclesize
2889 4309 3008 4350 sure
3051 4291 3446 4348 vetustissima
3499 4295 3558 4347 et

1921 4385 2397 4458 penejamdiruta
2423 4387 2742 4442 sartatecta
2775 4382 2996 4453 delegit
3035 4380 3124 4436 eis
3157 4380 3404 4452 dejectis
3445 4395 3560 4436 am-

164 4471 337 4538 patris
367 4471 548 4528 avelli
581 4471 784 4542 nollet,
813 4487 916 4528 rex
939 4473 1380 4544 altioriingenio
1403 4474 1514 4531 viri
1554 4455 1807 4546 pruden-
1834 4455 1888 4521 Ῑ)
1920 4455 2308 4546 pliorajacere
2330 4474 2698 4530 fundamenta
2725 4471 2856 4529 etin
2912 4469 3212 4526 meliorem
3255 4473 3470 4526 statum
3502 4473 3560 4526 et

167 4557 291 4614 tiam
321 4561 680 4630 admiratus,
708 4561 980 4618 abbatem
1003 4562 1074 4618 ad
1109 4577 1172 4619 se
1205 4568 1508 4620 evocatum
1545 4579 1576 4619 e
1619 4564 1804 4622 latere

165 4659 262 4703 suo
291 4649 700 4720 sedere'fecit,
739 4653 914 4721 atque
947 4656 1079 4723 post
1108 4667 1238 4708 eum
1271 4651 1466 4708 domni
1513 4653 1806 4710 Frederici

169 4737 353 4794 sedem
389 4738 523 4796 sisti
548 4739 851 4810 praecepit.
899 4741 988 4797 Sic
1046 4741 1502 4798 familiaritatem
1550 4742 1706 4812 regis
1751 4747 1811 4798 et

168 4825 496 4899 principum
523 4827 770 4900 adeptus
814 4829 1062 4887 domnus
1112 4831 1296 4887 abbas
1351 4829 1699 4902 Ricbardus,
1753 4831 1809 4888 in

170 4914 342 4986 brevi,
359 4917 680 4989 sapientia,
697 4918 968 4990 consilio,
988 4925 1143 4990 astu,
1161 4920 1471 4992 prudentia
1491 4925 1546 4977 et
1569 4921 1813 4978 honesta

168 5005 616 5063 conversatione
639 5008 872 5066 cunctis
888 5009 1296 5066 manifestatus
1327 5014 1440 5080 est,
1463 5014 1526 5066 ut
1556 5009 1612 5066 in
1646 5025 1818 5082 nego-

167 5091 265 5148 eiis
293 5094 632 5153 curialibus
657 5097 1247 5168 disponendisnullus
1267 5097 1368 5156 illo
1383 5099 1605 5170 utilior,
1623 5099 1818 5156 nullus

170 5181 1012 5253 prudentior,nullusvalidior
1044 5190 1140 5242 aut
1191 5187 1487 5258 acceptior
1526 5187 1819 5258 judicare-

174 5272 273 5326 tur.
291 5273 443 5341 (Fol.
459 5276 576 5347 ⁸16.)
593 5275 810 5330 Probat
835 5275 943 5332 hoc
956 5274 1298 5347 principalis
1311 5288 1446 5346 erga
1462 5289 1592 5333 eum
1610 5275 1820 5334 libera-

173 5354 319 5433 litas,
349 5376 473 5434 qua
497 5377 602 5436 pro
625 5377 823 5422 amore
851 5364 980 5435 ejus
1006 5363 1390 5438 Virdunense,
1411 5365 1506 5422 cui
1539 5371 1814 5439 praeerat,

1921 4562 2264 4620 nobiliorem
2278 4578 2482 4619 novam
2498 4562 2814 4636 compilare
2837 4558 3161 4627 basilicam,
3185 4558 3336 4628 quod
3353 4563 3410 4612 et
3438 4559 3565 4614 bre-

1920 4651 1975 4708 vi
1991 4655 2184 4708 actum
2199 4653 2524 4708 est.Turres
2537 4652 2687 4706 enim
2703 4648 2968 4706 ecclesia:
2985 4647 3172 4719 ipsius
3187 4647 3430 4703 domnus
3445 4649 3568 4704 li‘re-
3623 4718 3626 4724 ι

1924 4740 2158 4799 dericus
2172 4755 2243 4797 ex
2259 4755 2362 4797 suo
2378 4739 2536 4810 fecit,
2553 4744 2612 4795 et
2625 4738 2925 4796 cellarium
2941 4741 3002 4792 et
3043 4735 3313 4791 refectori
3326 4751 3414 4789 um
3457 4737 3566 4791 fra-

1927 4833 2101 4886 trum.
2131 4828 2223 4899 (G.
2253 4827 2940 4901 Vird.9.)Dormitorium
2955 4837 3095 4880 vero
3119 4844 3247 4886 cum
3277 4825 3565 4894 dejoetum

1930 4922 2356 4986 restrueretur,
2374 4921 2432 4972 et
2450 4917 2783 4974 necessaria
2828 4917 3032 4974 domus
3093 4921 3420 4989 pararetur,
3465 4926 3570 4970 nec

1934 5011 2134 5078 posset
2159 5019 2305 5064 nova
2351 5005 2668 5077 pararinisi
2707 5010 2878 5062 vetus
2925 5005 3325 5073 mandaretur,
3380 5015 3572 5058 accer-

1929 5094 2061 5152 sitis
2115 5110 2360 5166 quorum
2403 5100 2560 5151 esset
2601 5094 2796 5166 operis
2844 5099 2902 5149 et
2943 5094 3122 5149 studii
3193 5093 3247 5149 id
3309 5091 3568 5162 explere,

1928 5196 2060 5242 cum
2119 5184 2297 5254 aliqui
2357 5183 2608 5253 illorum,
2681 5187 2741 5240 ut
2774 5181 3054 5253 assolent,
3126 5182 3570 5251 erubescerent,

1935 5283 1994 5332 et
2023 5291 2228 5332 manus
2272 5287 2564 5346 apponere
2625 5273 2678 5327 in
2709 5271 3086 5328 subvehendo
3135 5269 3289 5342 quod
3340 5268 3575 5324 munda-

1938 5369 2110 5424 batur
2172 5363 2672 5432 subteri‘ugerent,
2743 5359 2830 5415 vir
2887 5358 3233 5418 humilitatis
3275 5363 3336 5416 et
3371 5357 3577 5429 gratia:

1761 5491 1982 5550 NOT/E.

236 5559 356 5633 (84)
393 5561 599 5632 Pagus
627 5575 805 5636 supra
827 5559 1133 5634 Memphim
1155 5561 1327 5620 situs.
